4068 6534
308 344 418 403 805

1451 344 1956 402 (ῘΟΜΜΕΝΤΑΒΙΑ
1996 347 2062 402 ΙΝ
2103 348 2440 407 PSALMOS.

3456 356 3562 413 806

305 478 399 514 τεν
436 460 687 531 Ἰωάννης
708 461 737 514 ό
764 459 1094 530 Βαπτιστής.
1136 460 1295 514 Ἐὁόα
1312 461 1356 514 δ’
1385 456 1478 514 οῦν
1497 462 1689 529 λέγων’
1730 481 1747 513 ι
1787 462 1891 513 Εὑ-

1989 465 2368 533 evangelizans
2401 465 2676 520 desertum
2722 468 2777 521 in
2823 483 2934 538 quo
2964 468 3289 539 pradicabal
3320 465 3562 525 Joannes

306 552 597 625 φράνθητι,
645 553 849 624 ἔρημος
884 553 1114 623 διψῶσα,
1146 554 1489 622 άγαλλιάσθω
1535 555 1737 625 ἔρημος
1782 555 1878 607 καὶ

304 644 535 698 ἁνθείτω
563 643 639 706 ὡς
667 644 850 714 κρίνον
872 661 884 673 ·
920 644 1012 696 καὶ
1043 644 1323 715 ἐξανθησει
1356 645 1450 697 καὶ
1494 644 1879 712 ἀγαλλιάσεται

304 736 375 789 τὰ
402 735 583 807 ἔρημα
608 735 699 788 τοῦ
741 735 1021 806 Ἰορδάνου.
1064 755 1081 787 ι
1140 737 1283 788 ’Λντὶ
1316 737 1459 800 τίνος
1487 737 1594 808 γὰρ
1636 738 1733 807 ούχ
1762 736 1881 789 ἐτέ-

308 844 404 898 ρου
442 828 713 899 μέμνηται
774 827 1018 897 ποταμοῦ
1066 830 1094 880 ὁ
1127 826 1377 890 τοσοῦτος
1419 829 1725 900 προφήτης,
1766 828 1880 883 ἀλλ’

304 918 471 972 αὑτοῦ
515 918 607 971 τοῦ
652 918 911 988 Ἰορδάνου
942 918 1040 971 καὶ
1087 918 1185 988 τῆς
1218 920 1424 989 ἐρήμου
1469 920 1611 989 ἀμφὶ
1662 919 1879 972 τοῦτονο

305 1008 645 1081 εὺιρροσύνην
683 1026 743 1063 τε
792 1010 886 1064 καὶ
927 1010 1242 1077 άγαλλίασιν
1271 1013 1335 1080 τῇ
1384 1011 1575 1082 ἐρήμῳ
1622 1010 1715 1064 τοῦ
1757 1013 1887 1083 Ἰορ-

304 1102 487 1166 δάνου,
518 1102 631 1155 ἀλλ’
652 1102 772 1172 οὐχὶ
800 1105 865 1173 τῇ
904 1102 1277 1175 Ἰερουσαλὴμ,
1300 1102 1420 1155 οὐδὲ
1452 1106 1518 1174 τῇ
1549 1103 1705 1175 λοιπῇ
1754 1106 1885 1157 Ἰου-

303 1192 433 1264 δαίᾳ
492 1191 927 1261 εύαγγελίζεται;
990 1194 1196 1247 Ούκοῦν
1252 1194 1445 1266 ἔχομεν
1490 1196 1583 1248 καὶ
1627 1195 1777 1266 παρὰ
1810 1194 1887 1266 τῷ

319 1282 517 1353 Ἡσαΐᾳ
559 1282 656 1354 τὴν
683 1284 913 1355 δήλωσιν
961 1284 1055 1337 τοῦ
1090 1284 1333 1356 ποταμοῦ
1383 1287 1510 1358 περὶ
1562 1280 1624 1339 οῦ
1659 1303 1819 1356 φησιν
1859 1288 1888 1339 ὁ

304 1374 498 1446 παρὼν
526 1375 702 1443 λόγος,
740 1396 757 1427 ι
788 1377 898 1431 Καὶ
928 1376 1035 1430 άπὸ
1083 1377 1328 1448 ποταμοῦ
1356 1377 1461 1441 ἓως
1504 1379 1610 1432 τῶν
1637 1379 1888 1450 περάτων

303 1469 406 1539 τῆς
428 1469 755 1541 οἰκουμένης
789 1487 808 1521 ι
840 1468 1291 1539 κατακυριεύσειν
1340 1469 1429 1522 τὸν
1474 1470 1887 1541 προφητευόμε-

304 1579 418 1615 νον.
476 1560 803 1631 Ὀφθαλμοῖς
836 1561 894 1614 δὲ
930 1560 1265 1632 παραλαϐεῖν
1313 1560 1427 1613 ἐστι
1477 1561 1543 1614 δι’
1572 1560 1747 1633 ἔργων
1798 1579 1889 1615 κε-

302 1652 624 1721 χωρηκυίας
650 1650 751 1714 τάς
781 1652 1284 1723 προαναφωνήσεις,
1325 1650 1565 1719 ὁρῶντας
1600 1652 1760 1723 μέχρι
1781 1654 1890 1708 τῶν

1984 551 2247 623 Baptista.
2293 554 2383 610 Sic
2407 557 2507 615 ille
2539 558 2809 611 clamabat
2845 579 2857 613 :
2902 579 2919 609 ‹
2953 559 3159 616 Lartare
3187 561 3461 619 desertum
3494 567 3566 622 si-

1983 642 2158 706 tiens,
2194 646 2432 699 exsultet
2460 647 2700 701 solitudo
2738 656 2791 702 et
2820 648 3010 703 ﬂoreat
3060 653 3205 707 sicut
3255 654 3427 708 lilium
3460 675 3473 709 :
3508 668 3565 711 et

1982 733 2253 790 ﬂorebunt
2282 746 2335 792 et
2356 738 2712 793 exsultabunt
2733 740 2948 796 deserta
2972 741 3224 799 Iordanis
3241 745 3339 801 ³⁸.»
3380 747 3563 814 Quare

1983 841 2092 880 non
2126 828 2267 883 alius
2310 828 2553 884 ﬂuminis
2595 833 2925 887 mentionem
2971 842 3158 889 tantus
3185 839 3447 908 propheta
3482 840 3562 894 fa-

1983 920 2091 980 cit,
2132 936 2297 990 quam
2341 920 2628 987 Iordanis,
2676 932 2733 978 et
2767 927 3081 981 solitudinis
3123 929 3563 1000 circumpositae;

1985 1012 2341 1082 laetitiamque
2385 1023 2437 1069 et
2482 1016 2899 1073 exsultationem
2940 1018 3159 1074 deserto
3186 1019 3444 1078 Iordanis
3468 1039 3566 1078 an-

1981 1105 2221 1167 nuntiat,
2256 1120 2363 1159 non
2387 1114 2565 1161 autem
2596 1105 3084 1179 Ierosolymaamec
3108 1112 3329 1181 reliqua:
3343 1112 3561 1169 Iudaaaa.

1986 1194 2153 1249 Adest
2202 1210 2336 1250 sane
2370 1196 2511 1265 apud
2563 1196 2742 1265 ipsum
2776 1196 2969 1252 Isaiam
3029 1198 3330 1255 declaratio
3386 1201 3564 1256 ﬂumi-

1988 1286 2095 1350 nis,
2130 1286 2197 1341 de
2230 1302 2342 1357 quo
2374 1288 2467 1342 hic
2512 1287 2732 1354 dicitur,
2769 1308 2788 1340 ‹
2830 1288 2895 1342 Et
2944 1305 2973 1344 a
3020 1290 3242 1348 ﬂumine
3289 1309 3464 1364 usque
3495 1296 3565 1349 ad

1986 1378 2256 1433 terminos
2303 1378 2452 1433 orbis
2489 1386 2754 1434 terrarum
2795 1400 2813 1431 ι
2847 1380 3254 1438 dominaturum
3289 1400 3412 1440 esse
3440 1401 3563 1440 eum

1988 1468 2081 1538 qui
2112 1468 2167 1523 in
2205 1470 2465 1524 vaticinio
2496 1470 2688 1525 fertur.
2753 1470 3011 1542 Licetque
3043 1474 3447 1543 prardictionem
3482 1476 3565 1531 vel

1988 1560 2125 1630 ipsis
2146 1562 2329 1616 oculis
2349 1564 2670 1633 completam
2694 1562 3116 1633 deprehendere,
3139 1581 3262 1621 cum
3287 1568 3567 1621 videamus

1990 1652 2270 1708 Christum
2300 1653 2399 1713 Dei
2433 1670 2607 1725 usque
2635 1654 2702 1708 ad
2727 1658 2992 1711 terminos
3014 1663 3175 1712 terra:
3216 1658 3271 1712 in
3307 1658 3566 1714 Ecclesiis

303 1743 561 1811 περάτων
592 1743 691 1812 τῆς
719 1743 822 1813 γῆς
851 1746 906 1795 ὲν
932 1746 1050 1806 ταῖς
1090 1742 1433 1813 Ἐκκλησίαις
1462 1743 1623 1796 αὑτοῦ
1652 1745 1892 1816 κυριολο-

1993 1744 2117 1812 ejus
2145 1751 2205 1796 ut
2231 1742 2517 1799 Dominum
2547 1746 2831 1801 celebrari.

302 1834 572 1905 γούμενον
603 1834 693 1887 τὸν
724 1833 957 1904 Χριστὸν
977 1834 1070 1887 τοῦ
1103 1832 1261 1887 Θεοῦ.

384 1944 402 1976 ι
460 1925 716 1979 Ἐνώπιον
763 1924 925 1979 αὑτοῦ
962 1926 1356 1997 προπεσοῦνται
1393 1927 1666 1991 Αἰθίοπες,
1702 1928 1796 1981 καὶ
1828 1929 1877 1981 οἰ

302 2017 673 2088 ὲχθροὶαύτοῦ
704 2017 831 2088 χοῦν
864 2018 1116 2082 λείξουσι.
1148 2038 1166 2071 ι
1197 2018 1386 2089 Σφόδρ’
1413 2019 1717 2083 ἀκολούθως
1744 2020 1881 2091 μετὰ

297 2108 367 2162 τδ
400 2112 591 2173 εἰπεῖν,
632 2130 650 2161 ι
681 2110 1115 2182 Κατακυριεύσει
1165 2111 1272 2164 ἀπὸ
1318 2111 1591 2182 θαλάσσης
1629 2113 1733 2176 ἕως
1782 2111 1879 2165 θα-

298 2201 533 2272 λάσσης,
558 2202 651 2256 καὶ
681 2203 788 2257 ἀπὸ
820 2203 1065 2273 ποταμοῦ
1096 2203 1199 2266 ἓως
1224 2203 1473 2274 περάτων
1504 2204 1602 2274 τῆς
1627 2204 1880 2274 οἰκουμέ-

302 2309 424 2363 νης,
456 2311 474 2343 ι
499 2292 774 2347 Αἰθιόπων
799 2292 1222 2365 ἐμνημόνευσεν,
1248 2293 1297 2345 οἳ
1322 2293 1389 2345 τὰ
1411 2291 1609 2362 ἔσχατα
1633 2293 1732 2362 τῆς
1760 2293 1879 2346 καθ’

300 2386 457 2456 ἡμᾶς
499 2384 821 2457 οἰκουμένης
846 2384 1073 2448 οἰκοῦσι,
1108 2384 1176 2437 τά
1206 2401 1264 2436 τε
1314 2384 1451 2455 πρὸς
1480 2384 1742 2447 ἀνατολάς
1786 2384 1881 2437 καὶ

301 2477 376 2531 τά
415 2476 549 2547 πρὸς
577 2476 767 2529 δύοντα
806 2475 975 2545 ἥλιον.
1014 2473 1176 2526 Ὅθεν
1204 2473 1297 2527 καὶ
1340 2473 1490 2544 παρὰ
1519 2477 1629 2537 τοῖς
1659 2473 1762 2538 ἔξω
1786 2475 1880 2529 τοῦ

304 2568 429 2620 καθ’
467 2569 612 2638 ἡμᾶς
649 2566 806 2635 λόγου
833 2566 970 2619 κατὰ
996 2564 1156 2635 φύσιν
1181 2564 1429 2637 εἰρῆσθαι
1452 2565 1598 2619 δοκεί
1630 2565 1706 2631 τὸ,

368 2764 675 2833 Αἰθίοπας,
703 2763 791 2816 τοὶ
823 2762 995 2833 διχθὰ
1024 2762 1325 2816 δεδαίαται
1353 2763 1599 2833 ἔσχατοι
1625 2764 1879 2832 ἀνδρῶν’

376 2836 442 2886 ω
466 2832 583 2902 μὲν
611 2833 949 2903 δυσομένου
980 2834 1317 2901 ὑπερίονος,
1347 2837 1400 2887 οἰ
1423 2832 1474 2886 δ’
1502 2836 1796 2901 ἀνιόντος.

296 2985 417 3038 ’Καὶ
466 2986 524 3037 ὲν
558 2984 729 3056 ἑτέρῳ
760 2985 817 3037 δὲ
866 2984 1081 3056 εἴρηται
1122 2984 1358 3056 ψαλμῷσ
1388 3005 1407 3038 ι
1442 2986 1697 3041 Αἰθιοπία
1748 3007 1882 3058 προ-

304 3072 503 3138 φθάσει
546 3076 704 3144 χεῖρα
736 3072 903 3141 αὐτῆς
936 3072 1010 3142 τῷ
1040 3072 1159 3142 Θεῷ
1179 3090 1193 3104 ο
1237 3092 1256 3124 ι
1291 3074 1385 3125 καὶ
1414 3074 1571 3125 πάλιν
1612 3076 1669 3127 ὲν
1710 3074 1883 3145 ἑτέρῳ

303 3168 561 3238 προφήτῃ
600 3165 875 3219 λέλεκται⁹
916 3184 934 3216 ι
979 3167 1072 3219 Ἐκ
1116 3167 1367 3238 περάτων
1407 3166 1667 3238 ποταμῶν
1708 3167 1885 3221 Αἰθιο-

302 3258 437 3320 πίας
463 3257 699 3311 οἴσουσιν
720 3258 906 3321 οὐσίας
936 3276 1044 3329 μοι.
1086 3278 1105 3311 ι
1142 3260 1251 3312 Καὶ
1284 3260 1341 3311 ὲν
1364 3261 1476 3323 τοῖς
1506 3259 1886 3330 προκειμένοις

296 3348 361 3401 δὲ
401 3348 709 3412 ἀκολούθως
749 3348 955 3413 τούτοις
988 3350 1070 3415 τὸ,
1117 3369 1135 3401 ι
1189 3349 1446 3404 Ἐνώπιον
1477 3350 1640 3403 αὐτοῦ
1684 3368 1888 3422 προπε-

304 3440 524 3494 σοῦνται
568 3441 841 3505 Αἰθίοπες,
882 3462 900 3492 ι
937 3442 1271 3507 θεσπίζεται.
1326 3445 1403 3496 Δι’
1438 3437 1511 3496 ὧν
1562 3444 1819 3497 ἁπάντων
1859 3445 1887 3496 ό

300 3533 464 3602 λόγος
520 3532 772 3604 σημαίνει
809 3534 878 3587 τά
924 3534 1128 3603 ἔσχατα
1160 3536 1257 3604 τῆς
1288 3536 1390 3605 γῆς
1423 3537 1520 3606 τὴν
1549 3534 1638 3588 τοῦ
1676 3552 1888 3607 προφη-

298 3624 595 3695 τευομένου
641 3623 842 3692 γνῶσιν
904 3625 1295 3696 ἀναλήψεσθαι,
1346 3627 1439 3679 καὶ
1492 3627 1886 3697 προσκυνήσειν

298 3716 473 3788 αὐτῷ,
526 3718 967 3789 προσπίπτοντας
1000 3719 1095 3770 καὶ
1143 3718 1273 3785 γόνυ
1300 3718 1599 3781 κλίνοντας.
1627 3720 1711 3770 Δι’
1739 3718 1768 3771 ὃ
1799 3718 1886 3771 λέ-

300 3809 492 3862 λεκται
551 3807 694 3862 κατὰ
744 3808 834 3861 τὸν
890 3807 1145 3862 Ἀκύλανο
1192 3827 1209 3860 ι
1251 3809 1346 3872 Εἰς
1386 3809 1677 3880 πρόσωπον
1717 3808 1883 3863 αὑτοῦ

300 3898 611 3970 κάμψουσιν
677 3897 960 3961 Αἰθίοπες-
1020 3916 1039 3950 ι
1094 3898 1235 3953 κατὰ
1290 3898 1349 3952 δὲ
1404 3899 1496 3951 τὸν
1552 3898 1880 3970 Σύμμαχονο

305 4011 325 4042 ι
360 3991 710 4062 Ἐμπροσθεν
755 3990 919 4045 αὐτοῦ
963 3990 1281 4045 όκλάσουσιν
1324 3991 1602 4055 Αἰθίοπες.
1645 4012 1663 4044 ι
1701 3992 1799 4046 Διὰ
1827 3993 1884 4046 δὲ

297 4083 410 4137 τῶν
436 4084 705 4138 Αἰθιόπων
733 4084 841 4136 τῶν
872 4083 941 4137 τὰ
970 4084 1174 4155 ἔσχατα
1206 4085 1303 4156 τῆς
1331 4084 1437 4155 γῆς
1474 4086 1766 4139 οἰκούντων
1790 4088 1883 4140 καὶ

296 4177 371 4230 τά
392 4176 522 4230 εἴσω
544 4176 639 4246 τῆς
679 4176 1001 4248 οἰκουμένης
1042 4177 1167 4248 ἔθνη
1206 4178 1488 4247 δηλοῦνται
1544 4178 1650 4230 Καὶ
1684 4178 1884 4249 πρόδη-

297 4270 390 4323 λον
419 4270 567 4332 ὃπως
596 4268 907 4338 ἁπανταχοῦ
932 4270 1033 4339 γῆς
1055 4272 1101 4322 οἰ
1132 4272 1211 4334 εἰς
1236 4270 1397 4323 αὑτὸν
1435 4271 1878 4335 πεπιστευκότες,

296 4363 430 4431 γόνυ
466 4361 739 4424 κλίνοντες
766 4361 861 4414 καὶ
893 4362 971 4424 εἰς
999 4361 1165 4433 αὐτὴν
1198 4363 1595 4433 προπίπτοντες
1626 4362 1724 4434 τὴν
1754 4364 1877 4433 γῆν,

296 4452 364 4504 δι’
401 4449 563 4503 αὐτοῦ
605 4449 703 4520 τὴν
739 4448 1107 4521 προσκύνησιν
1138 4448 1215 4520 τῷ
1262 4450 1353 4502 ἐπὶ
1385 4449 1601 4503 πάντων
1633 4448 1879 4518 ἀναπέμ-

298 4558 463 4594 πουσι
492 4539 630 4610 Θεῷ.
678 4539 841 4593 Ἀλλὰ
887 4541 980 4594 καὶ
1016 4542 1064 4593 οἰ
1099 4540 1283 4611 ὲχθρο)⁸
1328 4538 1515 4602 αὐτοῦ,
1561 4539 1715 4611 φησὶ,
1749 4539 1879 4609 χοῦν
1911 4576 1956 4635 D

295 4633 586 4697 λείεουσιν,
616 4631 1034 4703 ὲξομοιωθέντες
1071 4631 1148 4701 τῷ
1183 4631 1390 4685 έαυτῶν
1424 4631 1590 4701 πατρὶ
1631 4629 1711 4700 τῷ
1735 4631 1875 4697 ὄφει,

295 4724 391 4777 ἐπὶ
419 4722 499 4793 τῷ
530 4722 715 4793 στήθει
768 4722 861 4775 κα)⁸
893 4724 957 4793 τῇ
997 4722 1173 4791 κοιλίᾳ
1216 4720 1584 4792 πορευομένῳ,
1632 4719 1727 4772 καὶ
1775 4718 1879 4788 γῆν

296 4815 532 4868 ἐσθίοντι
559 4813 701 4867 κατὰ
726 4814 825 4884 τὴν
855 4812 913 4877 ἐξ
944 4812 1117 4885 ἀρχῆς
1155 4812 1448 4882 γενομένην
1481 4810 1626 4881 αὐτῷ
1660 4810 1881 4881 προικί-

301 4925 488 4978 μησιν.
524 4905 679 4959 Οῦτω
726 4906 771 4959 δ’
802 4901 894 4959 οὖν
938 4905 1058 4974 ὄψει
1092 4904 1216 4966 τοὺς
1269 4903 1367 4972 τῆς
1406 4902 1731 4971 Ἐκκλησίας
1786 4899 1880 4953 τοῦ

292 4997 534 5068 Χριστοῦ
575 4996 864 5067 πολεμίους
892 4996 981 5049 τὸν
1010 4994 1137 5065 χοῦν
1166 4996 1258 5048 καί
1297 4994 1394 5057 τὰς
1430 4992 1747 5064 σωματικάς
1772 4991 1885 5063 ἡδο-

294 5088 396 5153 νὰς
424 5087 951 5160 περιλιχμωμένους.
984 5088 1045 5139 Εἰ
1073 5085 1181 5157 γὰρ
1219 5086 1279 5139 τὸ
1316 5084 1492 5154 σῶμα,
1522 5078 1673 5156 ᾧπερ
1706 5086 1884 5136 κεῖται

294 5182 332 5251 ἡ
357 5180 525 5251 ψυχὴ,
548 5179 678 5250 χοῦς
706 5180 987 5250 ἀνείρηται
1010 5178 1151 5231 κατὰ
1176 5176 1272 5249 τὴν
1297 5177 1609 5245 φάσκουσαν
1636 5177 1674 5226 Γ
1680 5176 1878 5246 ραφήνο

301 5292 321 5323 ι
370 5270 602 5325 Ἐλαὸεν
626 5274 654 5324 ὁ
683 5271 814 5334 Θεὸς
849 5269 977 5340 χοῦν
1014 5270 1122 5323 άπὸ
1148 5270 1248 5341 τῆς
1277 5268 1401 5339 γῆς,
1433 5268 1528 5321 καὶ
1562 5266 1763 5319 ἔπλασε
1790 5266 1882 5319 τὸν

295 5365 617 5437 ἄνθρωπον·
658 5382 677 5417 ι
709 5367 759 5418 οἰ
804 5365 894 5418 τὸν
940 5363 1067 5435 χοῦν
1125 5359 1588 5433 περιλιχμώμενοι
1643 5360 1735 5412 καὶ
1783 5360 1881 5422 τὰς

291 5459 396 5528 τῆς
426 5458 625 5529 σαρκὸς
650 5457 979 5528 ἡδυπαθείας
1021 5456 1288 5527 τιμῶντες
1323 5453 1702 5523 διαϐέϐληνται
1747 5452 1882 5505 εἰκό-

295 5568 426 5614 τως,
462 5551 537 5613 ὼς
574 5549 639 5603 ἂν
670 5552 852 5622 ἐχθροὶ
890 5551 982 5605 τοῦ
1014 5550 1282 5621 σωτηρίου
1328 5547 1684 5618 τυγχάνοντες
1699 5546 1875 5615 λόγου.

310 5642 451 5695 Ἀλλ’
491 5637 633 5697 οῦτοι
682 5646 779 5716 μὲν
821 5643 1079 5698 τοιοῦτον
1126 5642 1186 5696 τὸ
1223 5642 1267 5695 δ’
1301 5642 1484 5712 ἕτερον
1535 5640 1721 5711 τάγμα
1771 5639 1879 5694 τῶν

372 5801 416 5832 ³⁸
452 5800 557 5859 lsa.
587 5816 750 5866 xxxv,
795 5816 832 5855 ι.
915 5801 958 5831 ³⁸
1002 5799 1159 5855 Hom.
1199 5798 1363 5869 Odys.
1397 5799 1445 5856 l.

1916 1851 1963 1909 Β

2054 1923 2220 1980 Vens.
2264 1925 2445 1978 9-H.
2495 1944 2513 1976 ι
2546 1924 2745 1980 Coram
2790 1927 2882 1981 illo
2925 1927 3209 1997 procident
3254 1926 3563 1999 )Ethiopes,

1981 2025 2035 2071 et
2064 2017 2271 2071 inimici
2305 2016 2426 2085 ejus
2457 2025 2659 2073 terram
2695 2019 2919 2090 lingent.
2961 2039 2980 2072 ι
3042 2020 3345 2076 Admodum
3373 2036 3566 2076 conse-

1980 2116 2231 2178 quenter,
2279 2117 2567 2179 postquam
2616 2111 2849 2176 dixerat,
2891 2131 2909 2163 ‹
2940 2110 3318 2166 Dominabitur
3350 2128 3379 2165 a
3411 2128 3577 2168 mare'

1982 2216 2155 2270 usque
2186 2201 2250 2255 ad
2278 2216 2449 2263 mare,
2490 2209 2543 2255 et
2574 2217 2604 2255 a
2629 2200 2852 2258 ﬂumine
2896 2219 3070 2273 usque
3097 2204 3163 2258 ad
3190 2205 3455 2259 terminos
3480 2219 3564 2258 or-

1981 2295 2065 2349 bis
2096 2303 2387 2355 terrarum,
2415 2312 2434 2345 ι
2466 2292 2756 2365 Ethiopas
2788 2296 3131 2359 memoravit,
3165 2298 3257 2365 qui
3287 2298 3440 2352 orbis
3468 2314 3566 2354 no-

1978 2385 2079 2439 stri
2127 2394 2372 2438 extrema
2425 2383 2710 2452 incolunt,
2749 2395 2860 2438 tum
2900 2400 2962 2439 ea
3011 2402 3132 2455 quae
3177 2386 3243 2439 ad
3273 2388 3561 2453 orientem,

1980 2482 2096 2527 tum
2128 2490 2193 2529 ea
2220 2490 2341 2544 quae
2367 2473 2434 2527 ad
2458 2488 2715 2529 occasum
2737 2476 2871 2530 solis
2898 2478 3001 2531 slta
3039 2483 3187 2530 sunt.
3238 2475 3394 2533 Unde
3417 2479 3562 2549 apud

1979 2577 2217 2629 exteros,
2261 2565 2428 2620 dictis
2454 2566 2662 2621 nostris
2694 2581 2931 2622 consona
2973 2566 3276 2622 secundam
3301 2568 3379 2622 rei
3410 2578 3565 2624 natu-

1982 2672 2097 2711 ram
2131 2658 2405 2712 habentur
2431 2657 2486 2710 in
2510 2656 2642 2711 illo:

2054 2770 2335 2841 Elliiopas
2360 2772 2449 2841 qui
2471 2769 2719 2841 bifariam
2743 2772 2902 2826 divisi
2922 2782 3043 2827 sunt
3073 2773 3247 2826 ultum
3268 2773 3559 2836 hominum,

2054 2843 2162 2895 Atii
2194 2840 2401 2912 quidem
2442 2840 2512 2893 ad
2560 2842 2877 2896 occidentem
2899 2883 2914 2908 ,
2966 2843 3062 2896 alii
3094 2842 3163 2895 ad
3194 2844 3441 2983 carmen:
3470 2860 3565 2983 lao-

3280 2929 3361 2965 ειη
3449 2953 3462 2967 .

3280 2929 3361 2965 em
3396 2929 3462 2967 ".

1984 3003 2043 3057 in
2076 3002 2183 3057 alio
2211 3018 2427 3073 quoque
2454 3004 2663 3073 psalmo
2697 3003 2903 3058 dictum
2928 3010 3011 3059 est
3047 3022 3060 3057 :
3099 3003 3409 3073 «IEthiopia
3443 3019 3565 3073 por-

1982 3095 2122 3164 riget
2155 3110 2373 3150 manum
2409 3110 2564 3150 suam
2598 3093 2709 3149 Deo
2739 3095 2817 3160 ³⁶;
2849 3114 2867 3147 ι
2903 3110 2968 3149 ac
3002 3094 3199 3149 iterum
3238 3095 3292 3147 in
3321 3096 3426 3148 alio
3444 3109 3566 3164 pro-

1987 3186 2195 3251 pheta:
2250 3205 2268 3236 ι
2306 3186 2383 3239 Ex
2432 3186 2683 3241 terminis
2729 3185 3012 3241 ﬂuminum
3048 3184 3340 3254 Ethiopiw
3388 3185 3565 3241 ferent

1989 3276 2352 3331 substantiam
2404 3276 2627 3331 mihi".
2669 3295 2687 3328 ι
2727 3276 2781 3330 In
2836 3276 2923 3331 his
2970 3277 3098 3330 item
3145 3291 3387 3330 consona
3430 3292 3564 3332 voce

1986 3367 2318 3421 vaticinatur
2349 3367 2460 3431 ille,
2500 3385 2519 3419 ι
2547 3367 2743 3421 Coram
2778 3367 2870 3420 illo
2898 3368 3186 3437 procident
3212 3367 3558 3437 Ethiopes.»

1986 3456 2153 3521 Quels
2180 3458 2437 3511 omnibus
2459 3456 2799 3527 significatur
2826 3456 3091 3522 futurum,
3116 3467 3174 3510 ut
3199 3458 3419 3513 termini
3453 3467 3564 3512 ter-

1985 3562 2060 3600 m
2092 3546 2213 3615 ejus
2261 3547 2353 3615 qui
2395 3548 2448 3601 in
2494 3546 2780 3617 prophetia
2828 3547 3144 3609 enuntiatur
3199 3547 3561 3617 cognitionem

1984 3638 2272 3707 recipiant,
2311 3653 2374 3692 ac
2414 3638 2763 3708 procidentes
2791 3644 2844 3691 et
2874 3652 3050 3707 genua
3100 3634 3400 3701 ﬂectentes,
3436 3637 3565 3691 ado-

1984 3734 2107 3781 rent
2134 3728 2336 3797 ipsum.
2373 3726 2759 3793 Quamobrem,
2795 3724 3098 3779 secundum
3124 3726 3398 3793 Aquilam,
3429 3725 3565 3779 dici-

1984 3824 2094 3883 tur,
2137 3834 2155 3868 ι
2186 3817 2268 3872 Ad
2318 3816 2511 3871 faciem
2553 3816 2676 3883 ejus
2721 3812 3027 3869 curvabunt
3078 3828 3138 3868 se
3179 3812 3503 3884 Ethiopes;
3534 3832 3557 3866 ι

1985 3906 2285 3963 secundum
2322 3903 2707 3977 Symmachum
2738 3910 2941 3963 autem,
2979 3922 2997 3953 ι
3030 3901 3086 3956 ln
3119 3911 3416 3972 conspectu
3440 3905 3561 3972 ejus

1982 3996 2343 4067 procumbent
2399 3994 2708 4064 Ethiopes.
2749 4013 2767 4046 ι
2807 3991 2911 4048 Per
2937 3991 3221 4062 Aithiopcs
3250 4000 3429 4047 autem
3467 3994 3562 4064 qui

1982 4096 2226 4143 extrema
2253 4093 2411 4140 terra:
2439 4084 2704 4149 incolunt,
2735 4092 2922 4153 gentes
2946 4084 3111 4137 etiam
3147 4098 3268 4153 qua:
3300 4083 3441 4137 intra
3476 4102 3564 4139 or-

1982 4177 2108 4232 bem
2149 4182 2300 4243 sunt,
2349 4175 2683 4230 indicantur.
2736 4173 3189 4245 Maiiifestumque
3231 4184 3336 4242 est,
3360 4177 3563 4247 ubique

1983 4274 2276 4330 terrarum,
2318 4265 2411 4335 qui
2440 4264 2494 4318 in
2524 4264 2702 4335 ipsum
2726 4264 2977 4329 credunt,
3002 4280 3177 4336 genua
3206 4265 3487 4320 ﬂectentes
3509 4272 3564 4320 et

1983 4358 2039 4410 in
2062 4366 2262 4411 terram
2290 4356 2735 4426 procumbentes,
2754 4370 2849 4424 per
2864 4370 2989 4409 eum
3008 4354 3380 4412 adorationem
3404 4370 3562 4410 suam

1982 4448 2365 4503 universorum
2397 4447 2505 4501 Deo
2527 4446 2797 4502 emittere.
2831 4445 2943 4501 lmo
2969 4447 3129 4502 etiam
3166 4448 3262 4510 ait,
3295 4466 3313 4499 ι
3348 4446 3561 4501 Inimici

1982 4542 2103 4609 ejus
2136 4548 2337 4595 terram
2378 4539 2619 4608 lingent,
2650 4556 2669 4590 ι
2709 4538 2848 4608 patri
2890 4554 2992 4593 suo
3040 4538 3279 4607 serpenti
3328 4539 3559 4603 similes,

1984 4632 2074 4702 qui
2108 4631 2162 4685 in
2194 4640 2409 4700 pectore
2436 4636 2491 4684 et
2519 4635 2706 4681 ventre
2750 4627 2996 4698 graditur
3016 4666 3032 4691 ,
3080 4635 3134 4681 et
3159 4636 3358 4682 terram
3389 4643 3565 4682 come-

1986 4724 2098 4788 dit,
2136 4721 2437 4779 secundum
2483 4720 2740 4774 inﬂictam
2774 4720 2875 4773 sibi
2921 4735 2950 4772 a
2993 4719 3262 4789 principio
3322 4734 3559 4788 poenam.

1990 4815 2081 4870 Sic
2111 4814 2296 4868 videas
2325 4813 2578 4867 inimicos
2604 4810 2858 4867 Ecclesia:
2888 4810 3113 4875 Christi,
3141 4820 3341 4866 terram
3372 4820 3424 4867 et
3448 4827 3567 4866 cor-

1988 4917 2186 4974 poreas
2216 4901 2525 4970 voluptates
2552 4900 2780 4969 lingere.
2817 4896 2874 4951 Si
2898 4898 3043 4953 enim
3068 4899 3394 4968 corpus,cui
3425 4900 3565 4954 inest

1989 4995 2193 5057 anima,
2222 4993 2399 5063 pulvis
2427 4991 2633 5045 dictum
2663 4996 2747 5045 est
2775 4989 3076 5044 secundum
3101 4990 3241 5044 hanc
3269 4989 3565 5061 Scriptura:

1986 5099 2197 5148 vocem,
2235 5102 2252 5135 ι
2283 5082 2507 5152 Accepit
2540 5080 2682 5135 Deus
2713 5081 2989 5150 pulverem
3032 5096 3098 5135 ex
3127 5091 3293 5145 terra,
3323 5090 3377 5136 et
3401 5082 3563 5138 eﬂ‘or-

1983 5177 2151 5231 mavit
2175 5176 2449 5230 hominem
2476 5174 2542 5238 ³⁸,
2577 5193 2596 5226 ι
2632 5174 2726 5243 qui
2750 5180 2949 5227 terram
2975 5172 3207 5243 lingunt,
3231 5173 3567 5227 carnalibus-

1983 5285 2091 5340 que
2121 5268 2493 5339 voluptatibus
2530 5265 2732 5321 addicti
2783 5272 2931 5328 sunt,
2963 5264 3109 5334 jure,
3142 5273 3329 5336 utpote
3353 5266 3563 5320 saluta-

1988 5362 2064 5415 ris
2093 5358 2243 5414 verbi
2271 5358 2503 5421 inimici,
2546 5356 2687 5411 male
2716 5354 2964 5409 audiunt.
3009 5353 3116 5410 Sed
3149 5356 3202 5408 hi
3234 5355 3450 5424 quidem
3481 5364 3566 5406 ta-

1987 5457 2068 5510 les
2101 5473 2114 5507 :
2150 5452 2290 5507 alius
2332 5459 2512 5505 autem
2545 5449 2680 5503 ordo
2709 5462 2898 5504 eorum
2946 5447 3036 5517 qui
3081 5462 3307 5517 regnum
3358 5446 3563 5499 Christi

1987 5551 2351 5617 cognoscunt,
2393 5543 2538 5597 dona
2572 5542 2675 5612 ipsi
2708 5540 2917 5603 aﬂ‘eret,
2952 5547 3012 5593 ut
3038 5540 3093 5593 in
3122 5538 3406 5609 prophetia
3456 5530 3563 5590 fer-

1985 5649 2074 5693 tur
2109 5638 2192 5695 his
2236 5636 2420 5693 verbis
2456 5654 2469 5692 :
2516 5653 2534 5687 ι
2574 5634 2749 5704 Reges
2780 5631 3005 5686 Tharsis
3030 5638 3084 5683 ct
3117 5630 3307 5685 insula:
3336 5642 3562 5684 munera

1560 5799 1602 5830 ⁸⁸
1631 5796 1772 5854 Psal.
1814 5811 1980 5862 van,
2014 5794 2101 5849 52.
2181 5796 2222 5828 ³⁷
2257 5792 2423 5865 Soph.
2460 5808 2541 5858 ιιι,
2578 5789 2665 5845 10.
2744 5789 2787 5822 ³⁸
2820 5786 2954 5845 Gen.
2994 5800 3053 5853 ιι,
3085 5782 3131 5837 7.
