4068 6524
585 334 689 385 807

1250 334 1519 390 EUSEBII
1560 331 2042 389 CAESARIENSIS
2080 332 2227 386 OPP.
2276 331 2454 385 PARS
2491 329 2577 384 lll.
2617 360 2687 370 -—
2726 325 3135 382 EXEGETICA.

3707 333 3789 386 803

585 453 850 514 otl’erent,
896 466 1050 521 reges
1086 452 1325 505 Arabum
1364 461 1417 505 et
1447 449 1587 505 Saba
1620 451 1762 504 dona
1812 450 2105 504 adducent.
2139 470 2157 501 ι

2213 461 2237 509 ι
2264 449 2360 520 τὴν
2402 447 2677 517 βασιλείαν
2709 445 2801 498 τοῦ
2829 442 3058 516 Χριστοῦ
3103 440 3471 513 γνωριζόντων
3495 442 3631 512 δῶρα
3654 460 3789 515 προσ-

589 544 647 595 ln
677 543 762 598 his
796 551 975 597 autem
1019 542 1151 596 dum
1198 546 1252 595 in
1303 540 1442 596 duas
1484 552 1667 611 partes
1703 541 1853 596 orbis
1884 541 2166 599 dividitur,

589 635 739 689 aliud
777 634 843 687 ad
886 649 1144 688 occasqu
1176 634 1309 688 solis
1338 633 1719 702 assignantur,
1763 632 1908 703 quod
1938 632 2169 702 primum

590 724 901 780 declaratur
950 726 1035 780 his
1080 726 1293 789 verbis,
1350 744 1369 776 ι
1408 724 1584 795 Reges
1617 724 1847 780 Tharsis
1889 732 1945 778 et
1978 724 2172 777 insula:

590 824 817 871 munera
854 816 1113 881 oll'erent;
1148 834 1167 865 ο
1203 815 1361 885 queis
1403 830 1552 868 mare
1582 813 1931 869 Occidentale
1965 812 2169 882 signiti-

589 915 701 971 cat,
736 921 949 962 necnon
976 906 1188 961 insulas
1224 906 1423 961 ibidem
1457 907 1612 961 sitas.
1652 904 1743 959 Sic
1778 920 1907 975 ergo
1934 905 2063 958 olim
2088 901 2174 956 Jo-

589 1011 692 1050 nas
725 996 986 1066 propheta
1035 997 1275 1051 surrexit
1307 1004 1365 1050 ut
1406 996 1614 1067 lugeret
1646 997 1699 1049 in
1729 994 1978 1058 Tharsis,
2004 1002 2058 1049 et
2085 993 2174 1048 de-

591 1090 805 1145 scendit
833 1089 1067 1161 Joppen,
1102 1091 1535 1161 conscenditque
1564 1105 1755 1144 navem
1791 1096 1851 1143 ut
1880 1088 2089 1159 lugeret
2118 1088 2173 1141 in

593 1185 846 1249 Tharsis,
894 1202 1057 1257 quam
1097 1202 1222 1242 esse
1258 1186 1449 1240 dicunt
1475 1183 1767 1239 Tharsum.
1807 1183 1865 1237 In
1898 1182 2176 1238 Ezechiele

591 1293 723 1333 vero
766 1276 990 1332 Tharsis
1052 1277 1417 1341 vocabulum,
1459 1275 1844 1345 Carthaginem
1898 1272 2035 1327 LXX
2087 1288 2176 1327 ex-

594 1379 934 1440 presserunt.
996 1368 1155 1422 Aliud
1218 1368 1383 1422 clima
1426 1366 1493 1420 ad
1549 1368 1812 1421 orientem
1877 1366 2046 1420 solem
2091 1365 2175 1417 his

594 1460 975 1530 signiﬁcatur,
1037 1458 1259 1528 «Reges
1323 1457 1563 1511 Arabum
1624 1466 1679 1512 et
1748 1455 1911 1510 Saba.
1962 1475 1980 1507 ι
2039 1454 2174 1509 Nam

595 1552 833 1606 Arabum
876 1566 1049 1621 genus
1089 1549 1356 1605 orientale
1391 1558 1504 1614 est,
1555 1549 1787 1604 ulterius
1830 1556 2008 1602 autem
2056 1546 2180 1601 Per-

595 1647 713 1698 sica
779 1646 928 1713 regio
969 1657 1182 1697 necnon
1241 1639 1587 1695 Sabaitarum
1636 1649 1780 1695 terra
1828 1640 2007 1709 posita
2047 1639 2178 1693 diei-

594 1742 706 1789 tur.
777 1731 884 1786 Pro
944 1733 1035 1786 illo
1088 1740 1311 1796 autem,
1370 1749 1389 1782 ι
1435 1729 1611 1802 Reges
1667 1730 1908 1784 Arabum
1966 1738 2022 1783 et
2081 1729 2178 1782 Sa-

597 1827 698 1888 ba,
738 1844 757 1877 »
792 1824 985 1895 Aquila
1041 1833 1094 1879 et
1134 1822 1495 1893 Symmachus
1546 1838 1609 1876 ac
1667 1837 1793 1876 cum
1825 1822 1891 1876 iis
1950 1819 2175 1876 Hebrai-

595 1930 721 1970 cum
770 1915 1083 1986 exemplar,
1130 1913 1348 1983 (Reges
1390 1914 1533 1968 Saba
1587 1920 1641 1967 et
1699 1911 1841 1966 Saba
1871 1930 1889 1963 ι
1950 1912 2170 1966 habent.

595 2003 673 2057 lia
738 2014 794 2059 ut
850 2004 1253 2074 pronuntiando
1312 2003 1533 2072 quidem
1586 2002 1822 2072 idipsum
1867 2002 2021 2065 sint,
2060 2003 2175 2057 ele-

597 2106 903 2150 mentorum
946 2096 1209 2150 varietate
1246 2094 1517 2150 dill‘erant.
1581 2092 1716 2148 Nam
1757 2095 1991 2163 primum
2030 2091 2176 2147 Saba

597 2201 696 2256 per
734 2186 969 2240 litteram
1018 2186 1123 2241 Sen
1166 2187 1235 2241 ab
1276 2185 1516 2240 Hebraeis
1573 2186 1820 2250 dictam;
1876 2185 2176 2239 secundum

598 2293 729 2333 vero
757 2294 852 2348 per
890 2278 1032 2333 Sade
1066 2279 1329 2348 scriptum
1369 2278 1424 2331 in
1459 2276 1728 2330 llebraico
1761 2284 1870 2338 est,
1902 2276 2047 2330 unde
2095 2277 2178 2328 in-

600 2370 1009 2440 terpretationis
1040 2379 1221 2424 ortum
1256 2368 1555 2423 discrimen
1592 2376 1701 2421 est.
1746 2367 2002 2421 Servatur
2047 2382 2178 2421 sane

600 2460 705 2513 hoc
760 2474 959 2513 nomen
989 2466 1385 2513 commemorat
1425 2458 1654 2512 dicens:
1699 2476 1717 2508 ι
1773 2456 1978 2527 Regina
2032 2455 2177 2511 Saba

599 2560 788 2623 surget
821 2555 875 2605 in
901 2552 989 2607 die
1010 2552 1227 2621 judicii,
1257 2558 1311 2605 et
1350 2550 1737 2606 condemnabit
1776 2548 2176 2619 generationem

600 2644 762 2707 hanc,
790 2643 918 2715 quia
955 2644 1100 2697 venit
1122 2658 1150 2695 a
1183 2643 1381 2698 ﬁnibus
1419 2650 1598 2703 terrae,
1632 2648 1692 2694 ut
1722 2641 1932 2693 audiret
1962 2640 2179 2709 sapien-

601 2742 731 2797 tiam
771 2742 1079 2797 Salomonis
1110 2743 1192 2795 ³⁹ε
1234 2762 1253 2795 ι
1294 2750 1481 2813 aperte
1509 2740 1797 2796 declarans
1852 2740 1905 2792 in
1932 2740 2179 2794 terminis

600 2842 761 2887 terra:
787 2834 947 2889 sitam
979 2840 1191 2901 gentem
1223 2831 1365 2887 Saba
1392 2832 1613 2887 dictam.
1643 2829 1769 2885 Haec
1798 2844 1962 2900 porro
1987 2830 2180 2885 tertius

599 2921 913 2993 Regnorum
952 2923 1087 2977 liber
1128 2924 1195 2978 de
1228 2923 1332 2979 ista
1370 2931 1528 2994 gente
1563 2930 1750 2976 narrat
1781 2940 1794 2975 :
1841 2940 1859 2972 ι
1902 2921 1965 2976 Ει
1993 2921 2179 2991 regina

602 3012 746 3069 Saba
777 3014 987 3068 audivit
1019 3029 1216 3069 nomen
1242 3012 1576 3076 Salomonis,
1605 3020 1658 3068 et
1688 3014 1833 3067 venit
1860 3020 1919 3066 ut
1947 3020 2181 3067 tentaret

600 3121 726 3159 eum
760 3106 815 3159 in
839 3106 1241 3176 asuigmatibus.
1286 3105 1351 3157 Et
1379 3107 1526 3159 venit
1562 3106 1615 3159 in
1650 3103 1949 3159 Jerusalem
1985 3106 2038 3157 in
2084 3119 2179 3173 pn-

601 3209 800 3256 testate
838 3203 988 3270 gravi
1025 3200 1199 3255 valde.
1250 3198 1314 3252 Et
1345 3200 1536 3254 cameli
1581 3199 1814 3253 ferentes
1863 3199 2085 3253 delicias
2128 3206 2180 3251 et

604 3292 838 3361 lapidem
870 3293 1168 3362 pretiosum
1198 3290 1263 3344 ‘°.
1307 3310 1326 3343 ι
1375 3289 1684 3345 Vocabatur
1720 3306 1882 3360 porro
1925 3291 2074 3361 regio
2100 3300 2182 3342 at-

603 3398 710 3451 que
738 3398 870 3453 gens
897 3384 987 3436 illa
1023 3381 1188 3445 Saba,
1213 3398 1242 3435 a
1290 3396 1493 3451 proavo
1528 3379 1695 3444 Saba,
1734 3383 1827 3451 qui
1860 3380 2003 3436 (llius
2033 3382 2181 3436 Chus

606 3472 778 3526 fuisse
814 3473 1099 3527 scribitur.
1131 3473 1221 3525 Ait
1254 3487 1383 3542 ergo
1416 3471 1617 3544 Moysis
1649 3472 1932 3543 Scriptura
1959 3491 1971 3525 :
2011 3491 2029 3525 ι
2061 3472 2181 3526 Filii

608 3570 791 3618 autem
819 3562 991 3628 Chus,
1026 3562 1168 3619 Saba
1202 3572 1257 3618 et
1286 3562 1495 3629 llevila,
1524 3574 1577 3619 et
1612 3562 1850 3619 Sabatha
1873 3565 1937 3617 ⁸¹.
1982 3584 2000 3615 ι
2033 3563 2182 3620 Chus

602 3670 734 3709 vero
761 3657 1065 3726 explicatur
1096 3675 1116 3707 ‹
1146 3655 1421 3727 Ethiops.
1468 3676 1486 3707 ι
1519 3655 1665 3712 Gens
1697 3657 1857 3727 igitur
1886 3672 2008 3727 quae
2040 3656 2182 3709 Saba

602 3752 833 3800 vocatur
859 3786 875 3809 ,
927 3745 1239 3816 AithiOpica
1272 3746 1486 3801 videtur
1534 3762 1677 3801 esse.
1712 3746 2025 3802 Secundum
2056 3747 2182 3800 item

603 3832 750 3889 Saba
792 3846 1146 3902 memoratur,
1194 3838 1260 3893 de
1316 3853 1423 3909 quo
1467 3839 1545 3893 ait
1599 3837 1921 3909 Scriptura:
1981 3857 2001 3890 ι
2062 3836 2182 3891 Filii

605 3929 860 4001 Regmas,
894 3930 1036 3987 Saba
1062 3940 1116 3986 et
1148 3932 1329 3989 Dadau
1354 3934 1419 3989 δ’.
1461 3954 1478 3986 ι
1510 3934 1883 4005 Congruenter
1916 3934 2097 4004 itaque
2130 3937 2183 3987 in

606 4021 816 4089 psalmo
866 4023 1170 4076 secundum
1222 4023 1465 4093 reliquos
1516 4022 1843 4093 interpretes
1879 4022 2180 4077 scribitur:

612 4130 630 4162 ι
671 4109 843 4182 Reges
874 4111 1018 4167 Saba
1047 4121 1101 4167 et
1149 4111 1291 4167 Saba
1342 4114 1485 4167 dona
1532 4114 1823 4169 adducent.
1863 4134 1881 4166 ι
1918 4114 2184 4169 Cmterum

607 4202 695 4257 his
728 4205 1016 4274 prophetia
1065 4206 1357 4276 signiﬁcat,
1397 4224 1563 4279 regna
1616 4210 1680 4262 ad
1717 4209 2037 4264 orientalem
2068 4210 2187 4279 pla-

610 4308 732 4362 gam
766 4294 895 4356 sila,
928 4294 1164 4364 itemque
1194 4310 1360 4365 regna
1391 4296 1716 4359 occidentis,
1751 4299 1799 4352 ei
1834 4297 1926 4367 qui
1962 4298 2017 4352 in
2049 4298 2186 4353 vati-

609 4385 757 4437 cinio
794 4383 985 4449 fertur,
1002 4383 1143 4439 dona
1166 4386 1416 4440 ablatura
1441 4402 1594 4454 esse;
1621 4402 1745 4441 nam
1768 4387 1847 4442 sic
1876 4389 2187 4444 indicantur

608 4483 801 4546 gentes
831 4476 1047 4547 regibus
1088 4475 1337 4531 subdita».
1382 4474 1521 4530 Num
1556 4477 1789 4532 fortasse
1819 4493 1974 4548 reges
2001 4480 2189 4535 dican-

607 4573 701 4618 tur
729 4565 928 4636 angeli,
959 4569 1052 4636 qui
1087 4566 1339 4637 gentibus
1368 4575 1632 4637 praesunt,
1666 4566 1775 4624 Deo
1799 4585 1955 4625 sacra
1982 4568 2185 4624 facien-

608 4668 713 4722 tes,
742 4659 903 4729 eique
936 4658 1212 4716 Ecclesias
1238 4661 1482 4731 gentium
1521 4677 1751 4731 quarum
1786 4661 2025 4732 prtel'ecti
2056 4668 2185 4717 sunt

607 4749 664 4801 in
692 4749 894 4803 donum
925 4749 1259 4805 offerentes?
1291 4749 1471 4817 Quare
1500 4750 1697 4806 deinde
1734 4753 2059 4807 vaticinatur
2092 4752 2184 4806 fu-

607 4850 814 4900 turum.
857 4847 917 4894 ut
955 4840 1185 4895 adorent
1226 4857 1350 4897 eum
1385 4858 1574 4897 omnes
1605 4858 1781 4915 reges.
1817 4843 2003 4914 Neque
2036 4844 2180 4899 enim

609 4930 879 4985 duntaxat
910 4932 1168 5001 praedicta
1217 4934 1359 4988 dona
1395 4935 1658 4991 allaturos
1706 4938 2053 5007 praenuntiat,
2089 4936 2183 4992 sed

607 5037 733 5076 eum
764 5022 928 5077 etiam
961 5024 1287 5081 adoraturos
1311 5042 1453 5081 esse.
1484 5025 1639 5093 Quod
1688 5031 1818 5081 item
1872 5026 2085 5097 Moyses
2128 5028 2183 5081 iu

610 5129 809 5184 magno
836 5117 1052 5171 cmtico
1081 5117 1268 5173 docuit
1294 5119 1361 5173 de
1388 5118 1609 5173 Christo
1638 5120 1767 5171 talia
1795 5119 1938 5173 fatus
1966 5138 1980 5173 :
2011 5138 2029 5169 ι
2068 5117 2186 5172 La:-

609 5206 821 5270 tamini,
880 5208 1028 5272 caeli,
1074 5224 1200 5263 cum
1254 5211 1396 5280 ipso.
1436 5216 1490 5263 ct
1542 5210 1769 5264 adorent
1814 5226 1938 5264 eum
1990 5226 2180 5265 omnes

608 5301 784 5372 angeli
822 5300 914 5356 Dei
939 5300 1005 5358 “.
1049 5322 1067 5355 ι
1098 5302 1163 5359 Hi
1206 5306 1415 5361 scilicet
1458 5322 1631 5377 rcgcs,
1662 5308 1859 5362 occulti
1894 5317 1947 5363 et
1990 5306 2183 5362 invisi-

609 5393 748 5449 biles
776 5394 1016 5465 gentium
1050 5397 1324 5467 principes
1356 5396 1641 5451 Dominum
1675 5415 1832 5453 suum
1869 5400 2179 5465 adorantes,

610 5488 820 5541 animas
860 5489 963 5543 sibi
1013 5489 1336 5543 commissas
1388 5488 1490 5557 ipsi
1541 5488 1595 5541 in
1647 5487 1785 5544 dona
1841 5489 2177 5545 olTercbant:

608 5594 777 5649 quare
807 5581 910 5636 sub
938 5581 1052 5638 hmc
1083 5581 1359 5651 adjicitur,
1400 5598 1419 5631 ι
1454 5577 1657 5637 Omnes
1702 5590 1892 5650 gentes
1941 5583 2182 5639 servient

677 5730 723 5762 "
749 5732 878 5786 an.
922 5744 995 5795 XI,
1034 5734 1119 5787 3|.
1200 5736 1239 5767 ‘°
1274 5734 1335 5787 lll
1373 5734 1501 5806 licg.
1530 5752 1581 5801 Χ,
1611 5736 1738 5800 με.

1833 5739 1871 5770 “
1907 5736 2041 5796 Gcn.
2088 5754 2141 5805 ι,
2176 5738 2227 5797 7.
2304 5742 2347 5773 δ’
2378 5739 2507 5796 ibid.

2270 541 2506 593 οἰσουσιν
2558 539 2727 608 αύτῷ,
2778 535 3203 607 προφητεύεται·
3239 534 3307 587 δι’
3346 534 3374 586 ὃ
3414 533 3641 588 λέλεκται
3672 536 3786 604 ἑξῆς·

2276 650 2295 683 t
2326 631 2573 694 Βασιλεῖς
2604 631 2836 701 Θαρσεῖς
2874 630 2966 683 καὶ
2999 628 3154 696 νῆσοι
3182 627 3328 697 δῶρα
3356 626 3696 695 προσοίσουσι,
3722 629 3792 697 βα-

2273 725 2438 787 σιλεῖς
2476 723 2717 795 Ἀράϐων
2738 722 2833 775 καὶ
2859 722 3004 774 Σαϐὰ
3036 721 3183 791 δῶρα
3209 718 3549 795 πίθσάξουσι.
3589 738 3605 769 ι
3634 721 3726 771 Καὶ
3749 724 3791 772 ἐν

2270 816 2479 879 τούτοις
2595 818 2624 869 6
2648 815 2824 883 λόγος,
2864 813 3053 867 διελὼν
3093 815 3174 876 εἰς
3213 812 3308 865 δύο
3354 794 3493 882 μέρη
3525 811 3615 883 τὴν
3650 816 3790 866 οἰκου-

2276 909 2464 979 μένην,
2502 908 2564 959 τὸ
2608 908 2705 977 μὲν
2733 906 2982 976 ἀφορίζει
3027 906 3119 958 ἐπὶ
3160 904 3221 957 τὸ
3258 902 3397 974 πρὸς
3436 904 3646 973 δυσμαῖς
3670 905 3791 973 ἡλίου

2273 999 2462 1069 κλίμα,
2496 996 2524 1050 ὃ
2552 999 2615 1069 δὴ
2659 997 2876 1069 πρῶτον
2916 996 3246 1067 παρίστησιν
3295 992 3489 1046 εἰπών·
3535 1011 3553 1045 ι
3590 994 3791 1057 Βασιλεῖς

2272 1089 2505 1160 Θαρσεῖς
2549 1089 2642 1141 καὶ
2690 1089 2839 1158 νῆσοι
2865 1086 3011 1158 δῶρα
3050 1084 3425 1156 προσοίσουσι·
3456 1103 3474 1135 ι
3507 1084 3569 1136 δι’
3605 1078 3669 1136 ὧν
3717 1084 3792 1154 τὴν

2275 1181 2410 1251 πρὸς
2454 1180 2686 1250 δυσμαῖς
2727 1178 2979 1249 σημαίνει
3013 1177 3288 1230 θάλασσαν
3316 1176 3411 1228 καὶ
3446 1174 3541 1236 τὰς
3572 1176 3623 1226 ὲν
3658 1175 3792 1245 ταύτῃ

2274 1275 2490 1344 νήσους.
2520 1272 2703 1335 Οὕτως
2730 1266 2827 1324 οὖν
2854 1286 2983 1323 ποτε
3023 1269 3116 1321 καὶ
3158 1269 3343 1330 Ἰωνᾶς
3370 1269 3398 1319 6
3444 1270 3700 1337 προφήτης
3724 1268 3787 1317 ἀν·

2275 1367 2403 1437 ἐστη
2428 1367 2619 1435 φυγεῖν
2656 1367 2735 1427 είς
2756 1364 2989 1435 Θαρσεῖς
3020 1363 3115 1415 καὶ
3142 1360 3347 1428 κατέϐη
3382 1361 3459 1422 είς
3492 1358 3705 1429 Ἰόππην.
3723 1360 3793 1410 καὶ

2275 1458 2441 1529 ἀνέϐη
2487 1460 2566 1520 είς
2613 1457 2793 1509 πλοῖον
2834 1454 2926 1508 τοῦ
2954 1456 3145 1522 φυγεῖν
3178 1454 3259 1515 εἰς
3302 1451 3629 1521 Θαρσεῖς,ἧν
3668 1467 3793 1515 φασιν

2277 1547 2413 1604 εἶναι
2448 1550 2544 1620 τὴν
2577 1548 2804 1619 Θαρσόν.
2846 1547 2937 1599 Ἐν
2984 1546 3039 1598 δὲ
3079 1543 3158 1614 τῷ
3199 1541 3447 1613 Ἐζεκιηλ
3488 1540 3575 1593 τοῦ
3609 1541 3793 1609 Θαρσεῖς

2275 1644 2533 1713 ὀνόματος
2582 1639 2915 1711 φερομένου,
2963 1639 3012 1690 οὶ
3072 1635 3475 1703 Ἐϐδομήκοντα
3527 1632 3793 1701 Καρχηδόνα

2276 1738 2647 1808 ⁴ἡρμήνευσαν.
2679 1733 2754 1785 Τδ
2797 1732 2855 1784 δὲ
2887 1730 3072 1801 ἕτερον
3116 1727 3286 1796 κλίμα
3332 1725 3394 1777 τὸ
3430 1724 3556 1795 πρὸς
3581 1722 3794 1786 ἀνατολὰς

2210 1794 2250 1849 Β
2480 1825 2730 1895 δηλοῦται
2778 1823 2867 1876 διὰ
2926 1794 3043 1885 του,
3094 1837 3112 1868 ι
3171 1794 3419 1879 Βασιλεῖς
3461 1794 3679 1885 Ἀράϐων
3724 1816 3795 1865 καὶ

2274 1922 2443 1977 Σαϐὰ.
2489 1940 2509 1973 ι
2540 1919 2612 1972 Τό
2642 1935 2702 1969 τε
2753 1915 2862 1986 γὰρ
2903 1913 3009 1967 τῶν
3048 1910 3295 1983 Ἀράϐων
3339 1909 3492 1976 γένος
3536 1905 3793 1959 ἀνατολικὶν

2276 2014 2551 2082 τυγχάνει,
2596 2009 2856 2062 ἐπέκεινα
2895 2005 2951 2058 δὲ
2976 2003 3140 2059 αὐτοῦ
3172 2002 3241 2055 τὰ
3277 1998 3517 2071 Περσικὰ
3546 1998 3685 2069 μέρη,
3725 1997 3794 2048 καί

2277 2107 2310 2174 ή
2342 2106 2449 2158 τῶν
2496 2101 2775 2156 Σαϐαῖτῶν
2808 2099 2961 2170 χώρα
3006 2092 3145 2149 εἶναι
3173 2093 3412 2161 λέγεται.
3450 2092 3588 2142 ’Λντὶ
3624 2090 3671 2141 δὲ
3706 2087 3792 2149 τοῦ,

2282 2218 2301 2249 ‹
2336 2196 2581 2259 Βασιλεῖς
2639 2192 2883 2265 Ἀράϐων
2933 2190 3027 2243 καὶ
3075 2187 3246 2250 Σαϐὰ,
3294 2205 3315 2237 ι
3357 2186 3386 2237 6
3427 2183 3638 2246 Ἀκύλας
3676 2182 3794 2234 καὶὸ

2279 2290 2588 2358 Σύμμαχος,
2614 2288 2648 2357 ἥ
2693 2303 2751 2339 τε
2792 2282 3053 2353 Ἐϐραῖκὴ
3094 2278 3283 2350 γραφὴ
3324 2277 3576 2338 συντόνως
3612 2274 3793 2334 τούτοις,

2284 2401 2301 2431 ι
2345 2380 2591 2442 Βασιλεῖς
2620 2378 2769 2431 Σαϐὰ
2811 2378 2907 2430 καὶ
2952 2375 3099 2428 Σαϐὰ
3139 2393 3157 2455 ξ
3194 2374 3497 2445 εἰρήκασιν.
3537 2370 3666 2421 Ἵλατ’
3691 2363 3794 2418 εἶναι

2277 2474 2472 2528 ταύτὸν
2518 2473 2614 2543 μὲν
2670 2470 3075 2541 ὲκφωνούμενον
3114 2467 3308 2537 ὄνομα,
3340 2464 3645 2517 διαλλάττειν
3673 2461 3719 2512 δὲ
3746 2461 3794 2528 τῇ

2278 2566 2386 2618 τῶν
2430 2564 2705 2635 στοιχείων
2752 2563 3013 2633 διαφορᾷ’
3051 2560 3111 2614 τὸ
3158 2560 3258 2630 μὲν
3312 2558 3419 2630 γὰρ
3467 2555 3660 2627 πρῶτον
3682 2551 3794 2605 Σαϐὰ

2279 2655 2365 2707 διὰ
2416 2652 2514 2707 τοῦ
2570 2652 2903 2722 καλουμένου
2963 2650 3090 2722 παρ’
3156 2648 3432 2720 Ἑϐραίοις
3490 2646 3623 2708 σὲν,
3674 2642 3723 2694 τὸ
3754 2641 3795 2691 δὲ

2279 2744 2529 2815 δεύτερον
2562 2742 2650 2796 διὰ
2674 2742 2768 2794 τοῦ
2812 2741 2969 2808 σάδη
3020 2742 3285 2810 στοιχείου
3318 2739 3459 2794 κατὰ
3490 2738 3581 2809 τὴν
3636 2735 3797 2804 Ἐϐραί·

2281 2837 2383 2907 κὴν
2416 2835 2710 2906 ἐμφέρεται
2758 2836 3008 2905 γραφήν
3039 2832 3187 2885 ἔνθεν
3220 2833 3314 2887 καὶ
3349 2832 3418 2885 τὰ
3444 2832 3536 2901 τῆς
3562 2826 3795 2900 ἑρμηνείας

2282 2930 2463 2991 αὐτοῖς
2488 2928 2817 2981 ὲναλλάττει.
2859 2927 2969 2979 Καὶ
2998 2930 3026 2979 6
3064 2926 3257 2997 Σωτὴρ
3286 2926 3341 2978 δὲ
3372 2922 3552 2977 τούτου
3582 2921 3796 2991 μέμνηται

2284 3025 2375 3077 τοῦ
2409 3021 2669 3093 ὀνόματος
2698 3018 2899 3087 λέγων’
2940 3037 2955 3067 ι
2998 3016 3295 3070 Βασίλισσα
3328 3014 3472 3068 Σαϐὰ
3497 3010 3795 3079 ἀναστήσεται

2209 3138 2250 3195 C
2285 3120 2343 3171 ἐν
2368 3117 2550 3188 ἡμέρα
2571 3114 2822 3184 κρίσεως.
2850 3112 2943 3165 καὶ
2962 3114 3282 3183 κατακρινεῖ
3310 3110 3407 3178 τὴν
3428 3107 3605 3175 γενεὰν
3618 3102 3794 3173 ταύτην.

2281 3212 2361 3263 ὅτι
2388 3205 2550 3280 ἦλθεν
2578 3207 2641 3258 ὲκ
2674 3204 2782 3257 τῶν
2822 3204 3070 3275 περάτων
3100 3203 3199 3273 τῆς
3232 3203 3336 3272 γῆς
3379 3200 3595 3255 ἀκοῦσαι
3624 3200 3704 3268 τὴν
3735 3213 3797 3247 σο-

2284 3302 2409 3371 φίαν
2425 3296 2784 3367 Σολομῶντος⁸
2820 3315 2836 3347 ι
2865 3294 3048 3364 σαφῶς
3072 3294 3344 3365 παριστὰς
3362 3294 3435 3358 ὡς
3452 3297 3504 3347 ἐν
3524 3296 3620 3355 τοῖς
3644 3290 3799 3359 πέρασι

2283 3392 2382 3462 τῆς
2413 3392 2514 3462 γῆς
2545 3390 2605 3443 τὸ
2654 3387 2802 3442 Σαϐὰ
2833 3387 2979 3450 ἔθνος
3018 3386 3296 3456 τυγχάνει.
3334 3387 3552 3456 Ἱστορεῖ
3664 3381 3739 3434 καὶ
3772 3380 3795 3444 ἡ

2282 3483 2441 3554 τρίτη
2470 3480 2575 3533 τῶν
2618 3477 2911 3533 Βασιλειῶν
2953 3478 3080 3549 περὶ
3116 3476 3211 3529 τοῦ
3242 3478 3408 3532 αὐτοῦ
3448 3477 3617 3537 ἔθνους
3640 3472 3795 3526 ταῦτα’

2291 3596 2308 3627 ι
2321 3576 2427 3628 Kal
2443 3574 2727 3645 βασίλισσα
2745 3572 2891 3625 Σαϐὰ
2912 3572 3043 3642 ἤχου
3051 3588 3109 3624 σε
3126 3571 3185 3624 τὸ
3199 3572 3371 3641 ὄνομα
3384 3569 3713 3639 Σολομῶντος,
3727 3562 3797 3615 καὶ

2282 3664 2411 3739 ἦλθε
2440 3665 2695 3737 πειράσαι
2719 3664 2879 3718 αὑτὸν
2902 3665 2957 3716 ὲν
2980 3662 3287 3733 αἰνίγμασι.
3313 3664 3421 3715 Καὶ
3452 3656 3600 3731 ἦλθεν
3629 3657 3695 3718 εἰς
3724 3654 3796 3704 ἰε-

2288 3756 2567 3831 ρουσαλημ
2597 3758 2654 3809 ὲν
2686 3754 2912 3824 δυνάμει
2960 3753 3155 3825 βαρείᾳ
3201 3754 3426 3826 σφόδρα.
3472 3751 3574 3805 Καὶ
3613 3744 3796 3818 κάμηλοι

2285 3850 2534 3921 αἴρουσαι
2579 3847 2863 3919 ἡδύσματα
2910 3847 3004 3899 καὶ
3047 3846 3246 3917 χρυσὸν
3294 3844 3461 3898 πολὺν
3510 3841 3687 3912 σφόδρα
3728 3834 3796 3888 καὶ

2285 3943 2431 3995 λίθον
2485 3940 2681 4011 τίμιον.
2717 3959 2735 3991 ι
2766 3936 3012 4009 Κέκλητο
3067 3938 3124 3990 δὲ
3170 3939 3204 4009 ἡ
3246 3936 3398 4008 χώρα
3445 3936 3533 3990 καὶ
3584 3934 3635 3986 τὸ
3686 3932 3796 3990 ἔθνος

2287 4031 2433 4084 Σαϐὰ
2477 4030 2584 4084 ἀπὸ
2626 4029 2967 4103 προπάτορος
2998 4028 3091 4081 τοῦ
3131 4028 3313 4089 Σαϐὰ,
3354 4028 3413 4091 ὃς
3448 4026 3795 4094 ἀναγέγραπται

2288 4124 2400 4187 υἱὸς
2417 4122 2654 4192 γεγονὼς
2668 4120 2760 4174 τοῦ
2780 4119 2941 4183 Χούς.
2962 4120 3122 4187 Λέγει
3140 4120 3181 4172 δ’
3198 4117 3293 4173 οὖν
3308 4123 3340 4191 ἡ
3357 4119 3616 4180 Μωῦσέως
3635 4112 3791 4186 γραφή

2293 4236 2310 4268 ι
2339 4218 2453 4270 Υἱοὶ
2481 4216 2536 4268 δὲ
2564 4214 2726 4279 Χοῦς,
2751 4213 2899 4266 Σαϐὰ
2923 4214 3016 4267 καὶ
3033 4212 3216 4275 Εὑίλα,
3236 4214 3329 4265 καὶ
3347 4212 3569 4267 Σαϐάθα.
3595 4230 3611 4260 ι
3632 4202 3795 4268 Χοῦςδὲ

2288 4308 2647 4380 ἑρμηνεύεται
2671 4325 2687 4356 ι
2726 4309 2753 4359 6
2775 4305 2987 4375 Αἰθίοψ.
3020 4323 3038 4356 ι
3078 4306 3236 4369 Γένος
3256 4303 3348 4359 οὖν
3362 4302 3651 4359 Αἰθιοπικὸν
3665 4302 3795 4352 ἔοικεν

2287 4394 2425 4451 εἶναι
2451 4399 2510 4451 τὸ
2538 4397 2684 4450 Σαϐὰ
2712 4396 2881 4459 ἔθνος.
2918 4396 3028 4449 Καὶ
3060 4395 3313 4467 δεύτερον
3350 4396 3405 4449 δὲ
3443 4395 3639 4465 εἴρηται
3667 4386 3793 4445 Σαϐάς

2220 4478 2263 4532 D
2292 4487 2420 4557 περὶ
2458 4478 2517 4539 οὗ
2549 4502 2711 4555 φησιν
2744 4488 2777 4556 ἡ
2806 4487 2994 4558 Γραφή
3020 4502 3031 4515 ν
3082 4504 3098 4536 ι
3146 4486 3266 4538 Υἱοὶ
3307 4487 3365 4539 δὲ
3410 4483 3647 4555 Ῥεγμὰς,
3683 4474 3795 4532 Σαϐὰ

2292 4579 2385 4631 καὶ
2405 4578 2576 4631 Δαδάν
2596 4619 2608 4632 .
2640 4597 2658 4630 ι
2685 4577 2925 4641 Εἰκότως
2948 4577 3125 4631 τοίνυν
3159 4579 3214 4631 ὲν
3238 4578 3315 4649 τῷ
3334 4578 3527 4649 ψαλμῷ
3544 4576 3795 4644 γέγραπται

2290 4667 2429 4721 κατὰ
2463 4668 2587 4730 τοὺς
2614 4666 2863 4730 λοιπούς⁸
2907 4685 2926 4718 ι
2964 4668 3207 4731 Βασιλεῖς
3241 4669 3389 4723 Σαϐὰ
3412 4670 3502 4723 καὶ
3528 4666 3658 4719 Σαϐὰ
3685 4662 3796 4729 δῶρα

2290 4757 2637 4828 προσάξουσι.
2681 4778 2698 4810 ι
2725 4758 2873 4829 Πλὴν
2912 4758 3047 4812 ἀλλὰ
3088 4762 3341 4829 σημαίνει
3373 4762 3405 4830 ἡ
3438 4755 3709 4830 προφητεία
3732 4750 3797 4800 διὰ

2287 4849 2489 4903 τούτων
2517 4850 2616 4913 τὰς
2646 4849 2787 4903 κατὰ
2823 4851 2883 4903 τὸ
2910 4851 3223 4904 ἀνατολικὸν
3256 4850 3422 4921 κλίμα
3461 4846 3704 4919 βασιλείας
3728 4838 3794 4893 καὶ

2285 4938 2384 5002 τὰς
2417 4940 2550 5011 πρὸς
2589 4940 2796 5010 δυσμὰς
2828 4940 2973 5010 ἡλίου
3006 4940 3154 5010 δῶρα
3185 4940 3263 5010 τῷ
3291 4939 3643 5009 θεσπιζομένῳ
3670 4946 3796 5002 προς-

2285 5030 2470 5095 οξσειν,
2488 5030 2628 5082 οὓτω
2650 5048 2764 5093 πως
2787 5031 3197 5101 σημαινομένων
3216 5031 3323 5084 τῶν
3346 5032 3446 5084 ὑπὸ
3468 5031 3556 5091 τὰς
3578 5021 3795 5097 βασιλείας

2285 5122 2472 5175 ἐθνῶν.
2508 5124 2730 5193 Μήποτε
2773 5122 2828 5174 δὲ
2872 5124 2963 5176 καὶ
3008 5123 3246 5192 βασιλεῖς
3290 5126 3339 5178 οἱ
3383 5124 3485 5176 τῶν
3522 5118 3667 5173 ἐθνῶν
3696 5127 3793 5182 προ-

2284 5214 2514 5277 εστῶτες
2534 5214 2753 5282 ἄγγελοι
2771 5213 3051 5285 δηλοῦνται
3066 5217 3345 5288 ίερωμένοι
3367 5214 3440 5285 τῷ
3455 5212 3562 5281 Θεῴ
3586 5208 3666 5262 καί
3682 5203 3792 5270 δῶρα

2288 5308 2651 5378 προσάγοντες
2676 5307 2823 5378 αὐτῷ
2862 5308 2962 5373 τὰς
3006 5308 3325 5386 Ἐκκλησίας
3374 5302 3446 5361 ὧν
3492 5297 3791 5369 καθηγῦῦνται

2288 5398 2489 5465 ἑθνῶν;
2523 5400 2598 5452 Δι’
2628 5400 2657 5452 ὃ
2693 5400 2820 5469 ἑξῆς
2868 5403 3263 5473 προσκυνήσειν
3308 5383 3451 5468 αὐτῷ
3494 5394 3675 5452 πάντας
3700 5383 3792 5473 105$

2291 5491 2529 5560 βασιλεῖς
2553 5491 2817 5555 θεσπίζει.
2855 5493 2928 5545 Οὑ
2961 5493 3069 5563 γὰρ
3102 5472 3258 5561 μόνον
3294 5488 3585 5561 προσοίσειν
3610 5477 3730 5547 αὐτῷ
3745 5472 3793 5526 τὲ.

2289 5582 2653 5655 προλεχθέντα
2708 5583 2857 5655 δῶρά
2914 5601 3098 5654 φησιν,
3146 5582 3277 5637 ἀλλὰ
3327 5581 3419 5633 καὶ
3461 5572 3793 5649 προσκυνήσειν

2622 5740 2665 5773 ⁸³
2696 5740 2849 5797 Deut.
2896 5757 3064 5809 xxx",
3088 5741 3119 5796 ι
3140 5742 3204 5805 3;
3235 5739 3370 5795 Psal.
3411 5753 3539 5792 xm.
3562 5734 3605 5784 7.
