4068 6516
316 345 422 402 809

1447 344 1960 404 COMMENTARIA
1994 346 2061 401 IN
2102 344 2448 404 PSAIMOS.

3480 352 3588 407 8I0

313 463 482 535 αὐτῷ.
521 465 586 518 ‘0
608 464 674 537 δὴ
722 466 815 520 καὶ
850 464 1095 536 Μωῦσῆς
1125 466 1185 519 ἐν
1232 464 1443 538 μεγάλῃ
1480 465 1591 537 ᾠδῇ
1626 465 1878 519 ἐδίδασκε

2008 464 2080 519 ei.
2124 485 2143 517 ι
2197 464 2355 532 Quod
2387 478 2522 521 sane
2554 464 2684 521 huic
2712 465 2863 522 dicto
2893 465 3055 523 aliine
3083 477 3209 526 est:
3264 488 3285 521 ι
3327 467 3591 528 Dominus

312 558 408 612 ὡδί
453 575 530 630 πη
564 561 692 632 περὶ
724 560 963 632 Χριστοῦ
1005 560 1211 627 λέγων’
1256 579 1276 610 ι
1310 559 1686 631 Εὐφράνθητε,
1744 560 1903 631 ούραο

311 654 413 719 νοὶ,
451 654 568 724 ἅμα
599 654 767 725 αὐτῷ,
804 656 899 708 καὶ
942 653 1473 726 προσκυνησάτωσαν
1506 650 1656 721 αύτῷ
1698 651 1899 714 πάντες

310 746 529 816 ἄγγελοι
562 746 720 801 Θεοῦ.
763 768 782 800 ι
809 744 967 802 Οὗτοι
993 748 1131 818 δῆτα
1164 748 1213 799 οἱ
1246 745 1504 817 βασιλεῖς,
1547 746 1774 813 ἀφανεῖς
1803 745 1899 799 καὶ

308 837 530 910 ἀόρατοι
578 837 686 891 τῶν
725 837 893 891 ἐθνῶν
947 837 1228 908 ἄρχοντες,
1285 834 1762 905 προσκυνήσαντες
1804 832 1897 885 τὸν

306 929 517 984 ἑαυτῶν
556 929 781 1001 Κύριον,
823 929 924 993 τὰς
955 929 1048 982 ὑπ’
1091 931 1273 992 αὐτοῖς
1306 926 1484 997 ψυχάς
1527 925 1676 996 δῶρα
1731 941 1902 995 προσ-

305 1022 443 1091 ῆγον
461 1022 629 1093 αὐτῷ.
658 1022 856 1093 Διόπερ
871 1021 1084 1084 τούτοις
1107 1021 1235 1090 ἑξῆς
1263 1020 1531 1089 συνῆπται
1556 1019 1633 1070 τό·
1665 1037 1680 1068 ι
1713 1017 1899 1070 Πάντα

300 1112 374 1166 τά
425 1114 550 1186 ἔθνη
595 1113 968 1167 δουλεύσουσιν
1021 1112 1188 1183 αὐτῷ,
1231 1131 1249 1162 ι
1289 1110 1584 1180 Σύμφωνον
1623 1109 1668 1161 δ’
1702 1109 1769 1162 ἂν
1812 1107 1900 1179 εἴη

300 1204 462 1260 τοῦτο
518 1206 597 1277 τῷ
640 1208 871 1277 φήσαντι
922 1205 1087 1276 λόγῳ·
1128 1224 1146 1255 ι
1188 1203 1391 1272 Κύριος
1437 1200 1558 1254 εἷπε
1607 1201 1743 1273 πρὸς
1787 1198 1887 1271 μέ·

300 1294 432 1360 Υίός
467 1315 569 1368 μου
598 1294 649 1351 εἴ
677 1298 740 1351 σύ
761 1314 774 1327 ’
811 1299 921 1367 ἐγὼ
942 1298 1184 1369 σήμερον
1211 1295 1519 1367 γεγέννηκά
1550 1312 1628 1349 σε.
1656 1294 1889 1365 Αἵτησαι

300 1393 436 1461 παρ’
468 1389 627 1461 ἐμοῦ,
658 1391 753 1444 καὶ
794 1389 951 1444 δώσω
977 1407 1060 1443 σοι
1089 1390 1216 1459 ἔθνη
1242 1388 1340 1460 τὴν
1374 1386 1739 1459 κληρονομίαν
1768 1403 1884 1451 σου,

298 1484 396 1532 καὶ
433 1480 534 1551 τὴν
563 1480 890 1551 κατάσχεσιν
916 1497 1010 1533 σου
1031 1480 1099 1533 τά
1129 1480 1342 1551 πέρατα
1373 1478 1475 1548 τῆς
1502 1479 1622 1549 γῆς.
1664 1496 1682 1528 ι
1730 1479 1793 1531 "0
1820 1476 1885 1549 δὴ

297 1573 394 1627 καὶ
445 1572 737 1627 πεπεῖσθαι
770 1573 878 1645 χρὴ
925 1571 1403 1644 πληρωθήσεσθαι,
1435 1573 1510 1625 ὅτ’
1542 1572 1608 1624 ἂν
1644 1571 1706 1623 τὸ
1749 1569 1886 1641 πλή-

300 1679 463 1734 ρωμα
495 1664 601 1717 τῶν
629 1664 798 1717 ἐθνῶν
818 1663 1055 1735 εἰσέλθῃ,
1092 1665 1184 1717 καὶ
1220 1664 1455 1734 μάλιστα
1485 1661 1627 1716 κατὰ
1656 1662 1754 1733 τὴν
1775 1662 1888 1714 δευ-

2007 556 2146 611 dixit
2175 557 2244 610 ad
2270 572 2391 612 me:
2418 555 2591 613 Filius
2622 574 2779 615 meus
2796 574 2858 615 es
2884 569 2962 625 tu,
2996 574 3098 631 ego
3131 560 3293 616 hodie
3318 564 3482 633 genui
3513 570 3588 620 te.

2005 647 2230 704 Postula
2290 664 2323 702 a
2365 665 2474 713 me,
2532 656 2587 705 et
2635 650 2779 706 dabo
2825 651 2924 706 tibi
2972 662 3162 723 gentes
3216 653 3589 714 [nereditatem

2003 751 2175 803 tuam,
2222 745 2276 795 et
2308 740 2713 811 possessionem
2761 750 2907 796 tuam
2958 743 3225 799 terminos
3270 751 3427 800 terra:
3451 747 3517 803 “.
3563 766 3583 800 ›

2001 833 2157 900 Quod
2212 846 2346 887 sane
2390 840 2714 888 eventurum
2761 848 2887 890 esse
2932 833 3265 890 credendum
3293 876 3307 899 ,
3366 838 3588 907 quando

2002 923 2286 996 plenitudo
2316 923 2560 995 gentium
2603 922 2851 996 ingressa
2907 921 3093 988 fuerit,
3130 926 3477 998 maximeque
3528 929 3588 985 in

2004 1016 2249 1073 secundo
2277 1025 2331 1072 et
2360 1017 2549 1071 divino
2581 1013 2896 1074 Servatoris
2928 1018 3103 1073 nostri
3132 1018 3388 1075 adventu.
3425 1020 3583 1078 Tune

2002 1123 2195 1163 omnes
2220 1122 2376 1180 reges
2408 1106 2717 1162 adorabunt
2754 1123 2901 1172 eum,
2936 1116 2990 1164 et
3018 1125 3209 1167 omnes
3243 1121 3433 1183 gentes
3461 1128 3582 1168 ser-

1997 1199 2146 1254 vient
2176 1214 2253 1260 ei.
2290 1218 2308 1251 ι
2344 1200 2410 1254 Ει
2440 1199 2530 1254 hic
2560 1200 2804 1254 omnium
2839 1199 2960 1255 fmis
2990 1202 3116 1265 erit.
3144 1217 3266 1258 cum
3296 1205 3586 1261 tradiderit

1996 1287 2227 1363 regnum
2283 1291 2395 1348 Deo
2441 1300 2495 1347 et
2553 1290 2745 1359 Patri,
2790 1308 2913 1347 eum
2980 1294 3314 1352 destruxerit
3363 1313 3584 1353 omnem

1995 1382 2363 1452 principatum
2428 1391 2483 1437 et
2530 1398 2747 1438 omnem
2796 1391 3120 1454 potestatem
3181 1395 3233 1442 et
3298 1389 3578 1445 virtutem.

1994 1472 2221 1543 Oportet
2268 1474 2415 1529 enim
2466 1490 2592 1529 eum
2639 1488 2891 1544 regnare,
2947 1476 3121 1533 donec
3173 1486 3338 1541 nonat
3385 1495 3582 1536 omnes

1993 1565 2249 1622 inimicos
2283 1567 2386 1621 sub
2431 1566 2665 1637 pedibus
2708 1568 2847 1633 suis,
2899 1578 2954 1624 et
3005 1572 3307 1628 novissima
3355 1574 3580 1629 mimica

1993 1661 2311 1716 destruatur
2342 1675 2491 1718 mors
2515 1662 2583 1717 ⁸⁵.
2628 1682 2647 1713 ι

293 1752 461 1825 τέραν
490 1755 585 1807 τοῦ
618 1756 869 1827 Σωτῆρος
898 1755 1053 1827 ἡμῶν
1084 1755 1425 1824 θεοφάνειαν.
1451 1754 1584 1807 Τότε
1633 1753 1763 1821 γοῦν
1804 1754 2005 1816 πάντες
2042 1754 2093 1805 οἱ
2130 1752 2369 1822 βασιλεῖς
2403 1754 2880 1825 προσκυνήσουσιν
2917 1754 3091 1828 αὐτῷ,
3146 1759 3241 1812 καὶ
3283 1761 3460 1814 πάντα
3506 1778 3577 1817 τα

292 1847 424 1919 ἔθνη
452 1847 827 1901 δουλεύσουσιν
859 1848 1029 1919 αὐτῷ.
1072 1867 1089 1899 ι
1139 1848 1249 1901 Καὶ
1275 1847 1433 1901 τοῦτο
1464 1847 1617 1900 ἔσται
1645 1845 1704 1898 τὸ
1741 1845 1960 1900 πάντων
1984 1842 2156 1909 τέλος,
2189 1843 2267 1897 ὅτ’
2308 1843 2374 1897 ἂν
2426 1843 2704 1916 παραδιδῷ
2743 1844 2845 1916 τὴν
2892 1845 3174 1917 βασιλείαν
3203 1849 3282 1921 τῷ
3318 1851 3438 1922 θεῷ
3483 1852 3578 1907 καὶ

290 1943 492 2016 Πατρὶ,
524 1945 600 1997 ὅτ’
639 1943 705 1997 ἂν
751 1946 1073 2016 καταργήσῃ
1117 1946 1296 1998 πᾶσαν
1348 1941 1523 2014 ἀρχὴν
1596 1941 1691 1995 καὶ
1733 1942 1914 1993 πᾶσαν
1986 1938 2236 2004 ἐξουσίαν
2298 1939 2393 1992 καὶ
2441 1938 2692 2011 δύναμιν.
2738 1941 2832 1993 Δεῖ
2884 1941 2994 2014 γάρ
3040 1942 3202 1996 αὑτὸν
3250 1943 3574 2015 βασιλεύειν,

288 2036 424 2109 ἄχρι
462 2032 522 2092 οὗ
546 2037 613 2110 θῇ
655 2039 863 2101 πάντας
901 2040 1029 2102 τοὺς
1071 2038 1298 2109 ἐχθροὺς
1338 2039 1443 2091 ὑπὸ
1477 2037 1647 2097 πόδας
1689 2036 1879 2099 αὑτοῦ,
1918 2035 2147 2107 ἔσχατος
2175 2035 2371 2107 ἐχθρὸς
2400 2039 2757 2107 καταργεῖται
2780 2038 2808 2090 ό
2830 2038 3079 2104 θάνατος.
3120 2060 3140 2092 ι

372 2170 391 2203 ι
426 2151 547 2205 Ὅτι
583 2151 849 2224 ἐρρύσατο
896 2151 1110 2223 πτωχὸν
1145 2154 1209 2205 ἐκ
1235 2153 1519 2217 δυνάστου,
1555 2153 1648 2205 καὶ
1670 2151 1877 2222 πένητα

2052 2148 2223 2205 Vsus.
2257 2150 2346 2205 12.
2386 2169 2405 2202 ι
2430 2150 2570 2216 Quia
2599 2151 2849 2206 liberavit
2869 2168 3164 2223 pauperem
3190 2170 3221 2209 a
3252 2163 3493 2225 potente.
3518 2168 3573 2214 et

284 2236 332 2311 ᾧ
368 2243 467 2314 οὑχ
505 2244 717 2315 ὑπῆρχε
749 2243 1002 2316 βοηθός.ι
1050 2244 1195 2297 Ἀντὶ
1235 2245 1349 2297 τοῦ·
1389 2264 1406 2297 ι
1448 2245 1567 2297 Ὅτι
1606 2244 1876 2316 ἐρρύσατο

288 2336 511 2407 πτωχὸν
544 2339 607 2390 ὲκ
630 2338 911 2401 δυνάστου,
952 2360 970 2391 ι
1003 2340 1030 2391 ὁ
1058 2338 1375 2410 Σύμμαχοςσ
1413 2357 1432 2391 ι
1476 2339 1598 2392 Ὅτι
1622 2336 1883 2402 ὲξελεῖται

288 2427 501 2500 ⁶πένητα
559 2427 883 2501 οἰμώζοντα.
926 2452 944 2482 ι
980 2432 1054 2484 Ού
1107 2430 1217 2502 γάρ
1250 2430 1325 2494 ὡς
1510 2428 1879 2501 γεγενημένα,

286 2518 406 2573 ἀλλ’
444 2519 519 2583 ὡς
554 2520 817 2590 μέλλοντα
856 2521 1072 2575 ἔσεσθαι
1116 2521 1292 2574 ταῦτα
1336 2521 1600 2586 θεσπίζει.
1638 2522 1782 2593 Ὅρα
1826 2520 1882 2573 δὲ

284 2607 481 2672 ὁσάκις
503 2609 596 2661 τοῦ
624 2610 841 2681 πτωχοῦ
865 2609 1211 2682 μνημονεύει,
1239 2611 1453 2682 πρῶτον
1476 2609 1664 2664 εἰπών’
1696 2630 1712 2661 ι
1746 2610 1882 2681 Κρί-

286 2716 404 2752 νειν
437 2700 527 2752 τὸν
559 2699 687 2755 λαόν
737 2718 830 2753 σου
862 2703 918 2754 ἐν
949 2702 1284 2777 δικαιοσύνῃ,
1318 2704 1412 2756 καὶ
1460 2690 1587 2766 τοὺς
1631 2703 1883 2773 πτωχοὺς

285 2792 349 2846 ἐν
369 2793 567 2866 κρίσει·
594 2793 898 2867 ιδεύτερον,
924 2815 941 2846 ι
970 2797 1160 2867 Κρινεῖ
1192 2798 1318 2860 τοὺς
1346 2796 1595 2867 πτωχοὺς
1618 2796 1711 2850 τοῦ
1727 2794 1877 2861 λαοῦ,

285 2884 385 2937 καὶ
412 2884 576 2938 σώσει
596 2886 721 2949 τοὺς
748 2886 898 2951 υἱοὺς
920 2887 1027 2944 τῶν
1066 2888 1342 2959 πενήτων’
1389 2907 1407 2939 ι
1436 2887 1532 2940 καὶ
1560 2885 1656 2942 νῦν
1686 2887 1846 2941 πάλιν
1864 2903 1877 2916 ·

289 2996 311 3029 ι
351 2978 474 3031 Ὅτι
516 2977 784 3048 ερρύσατο
827 2978 1040 3050 πτωχὸν
1081 2982 1145 3033 ἐκ
1174 2980 1436 3034 δυνάστου
1466 2980 1558 3034 καὶ
1593 2981 1801 3050 πένητα
1837 2974 1881 3048 ᾧ

283 3070 386 3141 οὐχ
408 3071 621 3143 ὑπῆρχε
641 3071 850 3143 βοηθός
868 3093 885 3124 ι
906 3074 998 3126 καὶ
1014 3069 1191 3137 αὖθις·
1216 3093 1234 3124 ‹
1261 3074 1509 3127 Φείσεται
1537 3073 1753 3144 πτωχοῦ
1787 3076 1881 3128 καὶ

284 3146 543 3232 πένητος,
576 3164 668 3216 καὶ
702 3163 879 3235 ψυχὰς
921 3168 1170 3235 πενήτων
1214 3164 1395 3219 σώσει.
1440 3185 1459 3218 ι
1492 3161 1661 3236 ωἴμαι
1705 3166 1760 3220 δὲ
1793 3166 1881 3219 διά

281 3257 494 3309 τούτων
526 3255 781 3309 ἁπάντων
824 3258 1074 3328 πτωχοὺς
1106 3259 1199 3312 καὶ
1246 3258 1484 3330 πένητας
1529 3259 1712 3312 καλεῖν
1752 3259 1880 3322 τοὺς

282 3347 619 3412 ἀποστόλους
646 3350 740 3403 καὶ
767 3350 893 3413 τοὺς
925 3349 1171 3421 μαθητάς
1193 3350 1286 3403 τοῦ
1313 3350 1564 3422 Σωτῆρος
1597 3350 1773 3422 ήμῶν,
1802 3349 1873 3414 οἳ,

281 3434 386 3507 τὴν
418 3435 486 3489 δι’
515 3438 674 3491 αὑτὸν
718 3439 990 3509 πτωχείαν
1036 3440 1405 3511 ἀνειληφότες,
1439 3441 1538 3512 τὴν
1586 3443 1665 3504 εἰς
1706 3442 1875 3512 ἄκρον

282 3528 490 3599 ἀρετῆς
522 3528 847 3582 ἐλαύνουσαν
873 3529 1191 3602 κατώρθουν
1221 3531 1569 3601 φιλοσοφίαν·
1603 3532 1670 3587 δι’
1693 3532 1721 3586 ὃ
1748 3533 1876 3605 περὶ

280 3619 465 3674 αὐτῶν
507 3621 736 3685 Ἡσαΐας
775 3622 870 3693 μὲν
910 3621 1283 3693 προανεφὼιει
1324 3622 1498 3691 λέγων
1522 3640 1535 3653 ο
1572 3641 1590 3674 ι
1629 3624 1873 3693 Εὐάγγε-

277 3708 533 3764 λίσασθαι
586 3715 819 3781 πτωχοῖς
859 3712 1168 3765 ἀπέσταλκέ
1204 3729 1291 3783 με.
1336 3732 1354 3764 ι
1400 3713 1586 3776 Ἀυτὸς
1610 3713 1665 3766 δὲ
1696 3715 1724 3767 ό
1756 3716 1871 3768 Σω-

278 3801 410 3873 τὴρ,
445 3803 629 3867 αὐτοῖς
659 3803 1026 3875 προσομιλῶν,
1061 3803 1211 3873 ἔλεγε
1232 3822 1245 3834 ’
1286 3822 1304 3856 ι
1346 3804 1625 3876 Μακάριοι
1651 3807 1698 3858 οἱ
1725 3823 1872 3857 πτω-

279 3894 391 3964 χοὶ,
409 3894 489 3947 ὅτι
515 3895 695 3949 αὐτῶν
724 3898 868 3949 ἐστιν
891 3897 923 3967 ἡ
954 3896 1198 3967 βασιλεία
1218 3896 1328 3949 τῶν
1347 3897 1611 3969 οὐρανῶν.
1638 3896 1822 3952 Πάντα
1847 3916 1863 3949 ι

279 3981 378 4040 οὖν
405 4005 423 4039 ι
464 3986 531 4040 τὰ
559 3986 684 4059 ἔθνη
712 3986 1088 4041 δουλεύσουσιν
1118 3988 1284 4059 αὐτῷ,
1307 3990 1388 4041 ὅτι
1422 3988 1694 4061 ἐρρύσατο
1723 4008 1868 4044 πτωρ

279 4079 378 4150 χδν
413 4079 477 4131 ὲκ
507 4079 789 4144 δυνάστου,
818 4080 913 4134 καὶ
946 4081 1156 4151 πένητα
1180 4075 1224 4149 ᾧ
1247 4080 1344 4150 οὐχ
1374 4081 1587 4152 ὑπῆρχε
1611 4081 1818 4153 βοηθός.
1844 4101 1862 4135 ι

280 4174 359 4227 Τὸ
395 4176 524 4247 γάρ,
557 4194 575 4227 ι
608 4177 708 4241 ὅτι,
742 4195 760 4228 ι
799 4175 950 4249 παρά
979 4178 1115 4229 πᾶσι
1154 4178 1266 4239 τοῖς
1298 4177 1661 4247 ἐρμηνευταῖς
1694 4172 1786 4229 καὶ
1810 4174 1868 4227 ἐν

279 4268 424 4339 αὐτῇ
472 4270 538 4340 τῇ
608 4268 867 4341 Ἐϐραῖκῇ
913 4272 1095 4340 γραφῇ
1172 4268 1457 4339 κείμενον,
1509 4266 1869 4337 αἰτιολογικὸν

278 4358 561 4428 τυγχάνει,
603 4359 846 4412 διδάσκον
894 4361 1040 4423 ὅπως
1078 4360 1255 4413 πάντα
1287 4360 1356 4413 τά
1391 4360 1517 4431 ἔθνη
1561 4359 1867 4413 δουλεύσειν

280 4451 484 4523 ῆμελλε
538 4452 615 4524 τῷ
656 4454 884 4526 Σωτῆρι.
941 4454 1111 4506 Τοῦτο
1165 4453 1294 4525 γάρ,
1348 4454 1500 4523 φησι,
1556 4455 1863 4524 γενήσεται,

288 4564 307 4597 ι
345 4545 529 4617 ἐπειδὴ
567 4545 786 4618 ῥύσεται
828 4546 1041 4615 πτωχὸν
1076 4547 1139 4599 ὲκ
1177 4546 1473 4600 δυνάστου·
1510 4566 1528 4597 ι
1564 4546 1639 4609 ὼς
1685 4548 1731 4598 εἰ
1771 4564 1866 4598 σα-

280 4636 543 4709 φέστερον
560 4636 763 4706 ἔλεγεν·
781 4638 905 4690 Ὀτι
925 4638 1032 4691 τῶν
1060 4638 1370 4693 ἀποστόλων
1384 4636 1550 4691 αὐτοῦ
1570 4637 1632 4691 τὺ
1656 4637 1861 4708 τάγμα,

278 4728 390 4782 τῶν
409 4728 476 4781 δι’
497 4730 657 4783 αὑτὸν
686 4728 915 4799 πτωχῶν
948 4730 1042 4783 καὶ
1062 4732 1327 4803 πενήτων,
1345 4730 1567 4800 ῥύσεται
1589 4728 1697 4782 ἀπὸ
1728 4745 1861 4782 παν-

276 4821 371 4884 τὸς
394 4820 680 4876 δυνάστου.
714 4820 931 4874 Πολλῶν
963 4822 1074 4893 γὰρ
1115 4821 1394 4876 δυναστῶν
1429 4820 1641 4893 ὁρατῶν
1676 4838 1736 4874 τε
1770 4820 1864 4874 καὶ

278 4912 506 4981 ἀφανῶν
532 4915 922 4986 ἀντικειμένων
951 4915 1045 4969 καὶ
1071 4915 1515 4985 ἐπανισταμένων
1542 4913 1751 4976 τούτοις
1775 4913 1865 4965 αύ-
1899 4940 1942 4995 D

277 5007 395 5067 τοῖς
419 5006 532 5068 τοῖς
550 5009 784 5076 πτωχοῖς
810 5005 905 5060 καὶ
936 5009 1050 5069 τοῖς
1072 5006 1319 5077 πένησιν,
1349 5005 1531 5069 αὐτὸς,
1562 5007 1758 5074 ἀφανεί
1777 5006 1867 5056 δυο

278 5093 445 5166 νάμιει
478 5095 829 5168 προασπίζων
853 5097 1054 5161 αὐτῶν,
1081 5100 1145 5152 ἐκ
1167 5098 1381 5151 πάντων
1397 5098 1593 5160 αὐτοὺς
1624 5096 1865 5168 ῥύσεται,

279 5188 421 5261 πρὸς
450 5186 623 5262 τδομὴ
658 5189 965 5262 κωλυθῆναι
995 5192 1095 5262 τὴν
1135 5192 1201 5245 δι’
1233 5189 1412 5244 αὐτῶν
1444 5189 1866 5259 ἐπιτελουμένην

277 5278 376 5334 τοῦ
404 5281 762 5349 εὐαγγελικοῢ
800 5284 1152 5357 κηρύγματος
1191 5282 1512 5355 ὑπηρεσίαν.
1561 5283 1670 5336 Καὶ
1704 5280 1865 5334 τοῦτο

280 5371 481 5445 πράξει
512 5372 690 5427 συνὼν
723 5374 926 5439 αὐτοῖς,
967 5374 1084 5429 καθ’
1106 5376 1175 5446 ἣν
1206 5376 1490 5445 ποιήσεται
1513 5374 1647 5445 πρὸς
1667 5374 1865 5437 αὐτοὺς

280 5465 615 5535 ἐπαγγελίαν
642 5467 856 5537 φήσαςο
893 5488 911 5520 ι
963 5469 1095 5523 Ἰδοὺ
1129 5467 1241 5536 ἐγὼ
1276 5468 1394 5538 μεθ’
1430 5467 1585 5538 ὑμῶν
1610 5470 1726 5539 ειμι
1760 5468 1866 5520 πά-

281 5574 384 5621 σας
402 5556 501 5621 τάς
521 5558 736 5630 ἡμέρας
758 5558 864 5622 ἕως
886 5559 984 5631 τῆς
1013 5559 1322 5623 συντελείας
1343 5560 1436 5611 τοῦ
1457 5557 1671 5621 αἰῶνος.
1710 5577 1728 5610 ›
1762 5558 1865 5612 Οὖ-

279 5664 391 5711 τως
422 5643 517 5700 οὖν
549 5648 643 5702 καὶ
687 5647 939 5717 ἐφείσατο
967 5646 1182 5719 πτωχοῦ
1216 5648 1311 5700 καὶ
1346 5647 1593 5718 πένητος,
1628 5646 1721 5699 καὶ
1763 5644 1865 5715 ψυ-

357 5808 404 5841 δδ
429 5804 575 5864 Psal.
608 5823 669 5872 ιι,
696 5808 751 5871 7,
778 5806 830 5861 8.
908 5806 953 5838 "
989 5805 1158 5862 ICor.
1185 5820 1277 5869 xv,
1311 5803 1494 5859 τινα.

601 5903 883 5965 Parnm:
934 5901 1050 5963 Gn.
1132 5897 1371 5961 XXIII.

1572 5804 1615 5835 “
1657 5801 1761 5860 Isa.
1792 5816 1883 5855 ut
1920 5803 1971 5867 l,

1984 2259 2277 2317 pauperem
2306 2246 2394 2299 cui
2421 2261 2531 2300 non
2564 2252 2684 2300 erat
2717 2246 2954 2315 adjutor.
2993 2266 3015 2298 ι
3051 2246 3158 2302 Pro
3192 2249 3285 2303 illo
3313 2269 3325 2303 :
3370 2269 3389 2301 ι
3431 2249 3571 2317 Quia

1985 2333 2239 2389 liberavit
2265 2349 2557 2405 pauperem
2580 2350 2608 2388 a
2633 2342 2875 2405 potente,
2902 2358 2918 2388 ι
2943 2336 3307 2408 Symmachus
3332 2359 3344 2396 :
3381 2360 3400 2394 ι
3431 2340 3571 2409 Quia

1983 2423 2177 2493 eripiet
2223 2440 2518 2494 pauperem
2572 2425 2890 2495 ejulantem.
2950 2447 2969 2478 ι
3032 2427 3157 2484 l-Izee
3207 2430 3407 2503 quippe
3457 2448 3571 2490 non

1983 2515 2144 2586 quasi
2198 2515 2311 2585 jam
2365 2517 2668 2581 evenerint,
2725 2517 2821 2572 sed
2870 2527 2928 2572 ut
2980 2518 3160 2576 futura
3216 2524 3566 2582 vaticinatur.

1981 2607 2406 2664 Animadvertas
2448 2609 2611 2664 velim
2661 2609 2876 2679 quoties
2919 2626 3215 2683 pauperem
3257 2626 3568 2685 memoret;

1983 2700 2161 2770 primo
2180 2714 2305 2755 cum
2336 2701 2411 2755 ait
2437 2719 2451 2756 :
2478 2720 2497 2752 ι
2535 2699 2788 2756 Judicare
2835 2704 3096 2772 populum
3127 2716 3281 2760 tuum
3313 2708 3370 2761 in
3396 2707 3568 2779 justi-

1983 2793 2079 2855 tia,
2115 2800 2169 2847 et
2199 2807 2468 2863 pauperes
2498 2802 2621 2847 tuos
2652 2792 2707 2846 in
2736 2792 2988 2862 judicio;
3034 2815 3052 2846 ι
3086 2797 3371 2853 secundo:
3404 2817 3423 2850 ο
3471 2796 3569 2855 Ju-

1982 2882 2187 2938 dicabit
2211 2897 2478 2953 pauperes
2517 2882 2727 2953 populi,
2766 2890 2820 2937 et
2859 2884 3042 2940 salvos
3073 2883 3234 2941 faciet
3262 2886 3403 2943 filios
3433 2903 3568 2958 pau-

1983 2991 2210 3045 perum;
2246 2994 2265 3028 ι
2291 2982 2345 3030 et
2377 2990 2524 3030 nunc
2556 2975 2755 3031 iterum
2790 2994 2805 3030 :
2844 2995 2861 3027 ι
2909 2976 3049 3043 Quia
3081 2979 3331 3035 liberavit
3363 2998 3570 3054 paupe-

1983 3082 2096 3123 rem
2129 3082 2159 3121 a
2182 3074 2422 3138 potente,
2444 3075 2500 3123 et
2532 3083 2825 3138 pauperem
2849 3070 2939 3123 cui
2970 3085 3078 3125 non
3106 3082 3227 3127 erat
3260 3074 3509 3145 adjutor;
3543 3095 3562 3127 ι

1982 3178 2047 3217 ac
2078 3177 2297 3217 rursum
2332 3180 2346 3217 :
2386 3180 2404 3213 ι
2460 3160 2654 3218 Parcet
2677 3164 2905 3235 pauperi
2936 3172 2989 3220 et
3024 3166 3210 3236 inopi,
3262 3178 3316 3223 et
3355 3170 3567 3224 animas

1983 3267 2285 3322 pauperum
2315 3251 2498 3308 salvas
2526 3251 2711 3310 faciet.
2748 3272 2767 3306 ι
2799 3255 3055 3311 Arbitror
3082 3272 3247 3327 porro
3271 3258 3357 3314 his
3387 3262 3568 3315 enini-

1982 3345 2084 3399 bus
2116 3344 2172 3398 in
2205 3343 2341 3400 locis
2372 3342 2553 3414 ipsum
2585 3350 2872 3415 apostolos
2899 3355 2953 3403 et
2981 3348 3279 3421 discipulos
3309 3350 3567 3409 Servato-

1982 3435 2060 3489 ris
2097 3436 2292 3505 nostri,
2324 3450 2597 3507 pauperes
2628 3443 2683 3492 et
2727 3438 2921 3510 inopes
2947 3454 3163 3505 vocare,
3209 3442 3302 3513 qui
3342 3451 3565 3515 propter

1979 3527 2160 3597 ipsum
2198 3538 2573 3601 paupertatem
2609 3530 2929 3595 subeuntes,
2962 3531 3362 3604 philosophiam
3414 3537 3563 3593 illam

1985 3620 2052 3674 ad
2091 3620 2313 3677 virtutis
2353 3620 2631 3692 fastigium
2664 3621 2984 3676 evehentem
3037 3623 3309 3681 colebant.
3363 3625 3566 3692 Quam-

1980 3712 2168 3768 obrem
2198 3712 2316 3767 haec
2356 3712 2424 3767 de
2471 3711 2580 3767 illis
2634 3711 2806 3768 Isaias
2850 3716 3296 3783 praemmtiabat:
3337 3736 3355 3769 ι
3392 3717 3566 3772 Evan-

1979 3803 2214 3875 gelizare
2253 3800 2590 3871 pauperibus
2632 3802 2785 3859 misit
2812 3818 2900 3859 me
2919 3804 2988 3859 “.
3028 3824 3046 3856 ι
3076 3806 3197 3875 Ipse
3224 3823 3351 3862 vero
3378 3807 3564 3863 Domi-

1978 3910 2087 3951 nus
2118 3910 2213 3951 eos
2242 3895 2527 3967 alloquens
2562 3894 2776 3951 dicebat
2811 3916 2824 3952 :
2863 3914 2881 3949 ι
2916 3896 3066 3952 Beati
3107 3914 3395 3968 pauperes,
3424 3913 3563 3970 quo-

1978 3987 2125 4041 niam
2160 3988 2403 4059 ipsorum
2458 3996 2546 4044 est
2600 4003 2828 4059 regnum
2872 3991 3137 4045 eiciorum
3159 3990 3226 4045 δ’.
3292 3990 3493 4046 Omnes
3533 4010 3554 4045 ι

1978 4093 2109 4150 ergo
2143 4098 2163 4133 ι
2184 4088 2375 4151 gentes
2402 4081 2735 4150 servientei,
2767 4082 2897 4153 quia
2928 4082 3185 4138 liberavit
3205 4099 3495 4155 pauperem
3528 4100 3560 4140 a

1976 4178 2220 4241 potente,
2258 4180 2311 4228 et
2342 4187 2637 4244 pauperem
2669 4173 2758 4228 cui
2792 4188 2902 4229 non
2934 4182 3053 4229 erat
3085 4174 3325 4244 adjutor.
3367 4194 3387 4227 ι
3422 4173 3559 4229 Nam

1977 4263 2134 4329 illud,
2174 4283 2193 4316 ι
2230 4265 2385 4335 quia,
2423 4284 2442 4318 ι
2476 4264 2619 4335 apud
2651 4281 2842 4321 omnes
2877 4260 3224 4337 interpretes,
3259 4275 3314 4323 et
3354 4268 3410 4323 in
3440 4266 3559 4338 ipsa

1975 4354 2243 4412 llebraica
2300 4356 2573 4428 scriptura
2642 4358 2922 4428 positum,
2999 4374 3221 4414 causam
3288 4358 3556 4424 denotat,

1974 4448 2181 4505 docens
2210 4464 2313 4503 cur
2360 4448 2605 4504 futurum
2652 4451 2725 4505 sit
2754 4460 2810 4507 ut
2860 4466 3049 4507 omnes
3084 4460 3272 4523 gentes
3319 4451 3560 4507 serviant

1977 4537 2300 4608 Servatori;
2334 4540 2389 4595 id
2418 4554 2655 4610 namque
2690 4540 2801 4607 fiet,
2851 4541 3052 4611 inquit,
3094 4561 3111 4592 ι
3145 4542 3272 4611 quia
3304 4541 3559 4596 liberavit

1973 4642 2268 4701 pauperem
2304 4642 2335 4682 a
2365 4634 2586 4699 potente
2614 4644 2630 4694 ;
2667 4645 2686 4678 ι
2720 4643 2784 4681 ac
2814 4627 2861 4683 si
2889 4628 3095 4683 clarius
3140 4628 3350 4683 diceret
3378 4645 3391 4681 :
3415 4626 3557 4693 Quia

1974 4722 2350 4795 apostolorum
2393 4736 2644 4782 suorum,
2678 4722 2772 4790 qui
2804 4728 3026 4791 propter
3076 4720 3256 4789 ipsum
3292 4733 3557 4790 pauperes

1972 4818 2027 4867 et
2062 4812 2254 4883 inopes
2276 4818 2458 4877 erant,
2485 4811 2735 4866 ordinem
2761 4810 3015 4865 liberabit
3038 4811 3107 4865 ab
3130 4810 3280 4865 omni
3315 4816 3553 4883 potente.

1973 4904 2111 4960 Cum
2146 4904 2304 4959 multi
2356 4904 2505 4959 enim
2552 4910 2804 4974 potentes
2842 4902 3089 4958 visibiles
3148 4911 3203 4958 et
3254 4899 3557 4956 invisibiles

1976 4996 2266 5053 adversum
2281 4996 2405 5052 illos
2420 5010 2690 5067 pauperes
2704 5002 2756 5051 et
2774 4994 2963 5065 inopes
2992 4994 3300 5065 insurgent.
3333 4992 3554 5050 eosdem

1974 5088 2095 5158 ipse
2131 5089 2346 5146 occulta
2367 5090 2571 5144 virtute
2600 5094 2869 5158 proteget,
2886 5102 3063 5158 exque
3088 5086 3345 5142 omnibus
3364 5086 3535 5140 libera

1974 5182 2076 5246 bit,
2109 5190 2170 5237 ut
2197 5197 2268 5237 ne
2295 5181 2441 5253 quod
2475 5182 2579 5252 ipsi
2617 5182 2821 5236 obeunt
2852 5180 3180 5250 evangelicae
3209 5176 3553 5249 pradicatio-

1972 5275 2059 5330 nis
2090 5274 2456 5331 ministerium
2492 5273 2879 5345 praepediatur.
2923 5272 3095 5343 quue
3143 5271 3262 5341 ipse
3309 5284 3553 5340 praesens

1972 5367 2186 5432 elliciet,
2219 5369 2522 5425 secundum
2555 5369 2623 5423 ab
2648 5382 2707 5424 se
2741 5365 3062 5421 tradendam
3111 5364 3550 5436 promissionem,

1974 5476 2081 5531 qua
2112 5461 2247 5517 dicit
2275 5479 2289 5514 :
2330 5479 2350 5515 ι
2388 5460 2528 5517 Ecce
2556 5476 2657 5534 ego
2684 5460 2968 5517 vobiscum
3000 5474 3122 5515 sum
3153 5457 3408 5513 omnibus
3438 5453 3556 5509 die-

1973 5553 2078 5609 bus
2127 5568 2303 5623 usque
2347 5553 2416 5608 ad
2469 5552 3002 5609 consummationem
3052 5548 3328 5608 szeculi“.
3382 5565 3403 5600 ι
3460 5543 3553 5601 Sic

1974 5643 2159 5718 itaque
2188 5647 2433 5718 pepercit
2466 5646 2695 5719 pauperi
2728 5654 2782 5701 et
2812 5647 2978 5717 inopi,
3012 5658 3067 5700 et
3107 5647 3319 5700 animas
3350 5654 3555 5713 paupe-

2049 5801 2094 5836 "
2122 5801 2313 5859 Matth.
2344 5820 2396 5874 ν,
2438 5804 2489 5859 5.
2570 5803 2614 5837 "’
2638 5802 2828 5858 Matth.
2873 5816 3064 5870 xxvm,
3095 5799 3186 5854 20.

3155 5890 3235 5951 ‘26
