4068 6536
505 344 602 399 8H

1179 341 1449 398 EUSEBII
1486 335 1970 396 CASSARIENSIS
2006 334 2162 395 OPP.
2204 335 2385 391 PARS
2421 337 2506 393 lll.
2549 370 2618 379 —
2642 338 3053 397 EXEGETICA.

3659 340 3765 397 812

499 482 620 521 rum
639 467 818 523 salvas
837 465 963 521 fecit
989 487 1000 520 :
1027 468 1249 538 haecque
1260 466 1442 521 omnia
1463 464 1747 534 discipulis
1763 471 1809 519 et
1828 462 2076 527 apostolis

2192 476 2294 532 χας
2351 470 2595 534 πενήτων
2648 463 2849 515 ἔσωσεν
2886 479 2979 516 και
3027 460 3199 514 ταῦτα
3248 461 3427 515 πάντα
3460 464 3573 526 τοῖς
3603 462 3764 516 αὐτοῦ

501 563 619 619 suis
639 560 890 633 praabuit,
906 562 1032 615 utin
1048 574 1263 614 omnem
1288 568 1487 614 terram
1506 567 1679 613 emet
1697 572 1868 612 sonus
1892 572 2082 612 eorum

502 665 556 709 et
588 656 643 708 in
685 653 819 709 fines
844 653 993 707 orbis
1048 664 1206 707 terrae
1257 652 1423 709 verba
1463 666 1672 706 eorum.
1713 651 1921 705 Horum
1956 665 2084 705 vero

502 764 801 818 pauperum
826 755 880 803 et
906 748 1127 816 inopum
1161 747 1373 801 animas
1397 760 1461 800 ex
1494 746 1679 799 usuris
1710 751 1765 798 et
1796 744 2085 814 iniquitate

500 839 753 901 redemit,
809 846 869 892 ut
918 838 1120 893 nemini
1168 837 1447 908 quidpiam
1496 836 1778 892 deberent.
1828 834 1983 901 Quod
2036 836 2083 890 si

500 931 829 1001 quandoque
875 929 1032 985 fenus
1071 928 1414 1000 acceperint,
1450 928 1525 982 ita
1575 934 1635 981 ut
1676 934 1921 982 veterum
1954 941 2084 996 pec-

500 1032 747 1077 catorum
786 1022 865 1078 rei
906 1022 1216 1088 exsistant;
1262 1031 1318 1075 at
1370 1021 1488 1091 ipse
1535 1020 1779 1090 pretioso
1815 1020 2085 1090 sanguine

499 1129 598 1184 pro
632 1114 740 1169 illis
788 1112 992 1168 tradito
1028 1112 1260 1167 redemit
1292 1113 1504 1167 animas
1542 1127 1732 1167 eorum
1763 1128 1776 1164 :
1821 1110 1970 1166 unde
2000 1110 2088 1165 dia

498 1205 661 1259 vinus
706 1204 999 1275 Apostolus
1039 1205 1153 1259 lucc
1185 1204 1369 1259 docuit
1398 1220 1414 1259 :
1452 1222 1469 1254 ‹
1509 1203 1765 1259 Christus
1800 1218 1900 1258 nos
1925 1203 2085 1258 rede-

498 1295 599 1348 mit
628 1294 698 1348 de
748 1295 1040 1350 maledicto
1069 1295 1226 1366 legis,
1281 1294 1459 1350 factus
1512 1309 1613 1364 pro
1645 1294 1805 1350 nobis
1857 1295 2084 1349 maledi—

496 1394 646 1439 ctum
671 1386 736 1441 δ’.
784 1405 803 1439 ι
841 1385 976 1441 Nam
1013 1387 1141 1457 quia
1177 1387 1456 1442 debitores
1485 1393 1643 1441 erant
1670 1386 1774 1457 legi
1806 1385 1999 1458 Moysi,
2028 1394 2085 1442 et

496 1493 618 1547 quae
671 1478 880 1547 scripto
933 1477 1135 1531 tradita
1192 1485 1324 1533 sunt
1372 1494 1479 1533 non
1539 1478 1919 1550 impleverant,
1978 1480 2082 1535 sub

496 1569 786 1624 maledicto
813 1568 1009 1625 deinde
1034 1580 1209 1635 erant,
1250 1570 1395 1640 quod
1422 1585 1529 1624 non
1562 1578 1732 1624 totam
1765 1572 1937 1639 legem
1966 1584 2083 1625 ser-

492 1667 739 1715 vassent.
766 1658 1039 1730 Scriptum
1062 1660 1263 1730 quippe
1295 1669 1444 1715 erat:
1479 1678 1497 1711 ‹
1547 1659 1868 1715 Maledictus
1902 1659 2082 1715 omnis

494 1752 587 1821 qui
630 1768 741 1809 non
783 1753 1026 1807 manebit
1066 1753 1121 1807 in
1159 1754 1416 1808 omnibus
1453 1768 1575 1822 qua:
1613 1753 1820 1823 scripta
1860 1762 1989 1808 sunt
2022 1751 2077 1806 in

2190 556 2455 627 μαθηταῖς
2484 558 2575 608 καὶ
2601 555 2918 617 ἀποστόλοις
2950 558 3228 625 παρεῖχεν,
3262 555 3326 606 ἶν’
3358 556 3436 617 είς
3462 556 3641 607 πᾶσαν
3669 558 3766 626 τὴν

2186 650 2287 719 γῆν
2320 647 2525 713 ἐξέλθοι
2556 650 2583 700 ὀ
2605 647 2838 716 φθόγγος
2872 646 3073 709 αὐτῶν,
3104 647 3198 698 καὶ
3232 649 3312 708 είς
3336 646 3406 700 τὰ
3436 647 3646 717 πέρατα
3671 651 3766 717 τῆς

2185 739 2506 810 οἰκουμένης
2543 741 2610 792 τα
2644 742 2865 811 ῥήματα
2901 740 3100 793 αὐτῶν.
3138 738 3353 793 Τούτων
3395 739 3453 792 δὲ
3485 739 3593 793 τῶν
3626 757 3769 793 πτω-

2185 835 2295 904 χῶν
2330 833 2427 887 καὶ
2455 834 2562 886 τῶν
2606 836 2849 905 πενήτων
2878 836 2943 888 ὲκ
2988 834 3146 887 τόκου
3181 836 3273 887 καὶ
3301 834 3359 900 ἐξ
3406 834 3617 897 ἀδικίας
3646 834 3765 886 slu-

2184 927 2431 997 τρώσατο
2462 926 2560 989 τὰς
2583 926 2781 997 ψυχὰς,
2810 928 2958 990 ὅπως
2984 927 3173 998 μηδενὶ
3201 925 3365 997 μηδὲν
3398 927 3680 995 ὀφείλοιεν.
3706 928 3767 979 Ei

2184 1020 2239 1072 δὲ
2271 1019 2363 1071 καί
2396 1036 2523 1071 ποτε
2557 1018 2952 1089 δεδανεισμένοι
2974 1018 3250 1090 ὣφλησαν,
3275 1018 3413 1071 ὥστε
3443 1020 3657 1089 ἐνόχους
3680 1020 3769 1072 αύ-

2183 1111 2310 1174 τους
2332 1110 2583 1178 γενέσθαι
2612 1110 2854 1163 παλαίῶν
2886 1111 3319 1181 ἁμαρτημάτων,
3354 1110 3469 1163 ἀλλ’
3500 1110 3682 1174 αὐτὸς,
3707 1109 3770 1162 τὸ

2184 1197 2323 1273 αἷμα
2356 1202 2415 1255 τὸ
2445 1203 2621 1273 τίμιον
2655 1198 2846 1273 λύτρον
2877 1204 3016 1273 ὑπὲρ
3049 1204 3227 1255 αὐτῶν
3254 1203 3398 1267 δοὺς,
3431 1201 3771 1273 ὲλυτρώσατο

2182 1296 2283 1359 τὰς
2308 1294 2483 1365 ψυχὰς
2528 1294 2706 1348 αὐτῶν
2731 1313 2743 1325 ο
2775 1295 2896 1347 ὅθεν
2942 1298 2970 1348 6
3012 1295 3153 1357 θεῖος
3182 1294 3500 1358 Ἀπόστολος
3526 1294 3765 1347 ἐδίδασκε

2184 1388 2389 1455 λέγων’
2427 1407 2443 1437 ι
2484 1387 2718 1456 Χριστὸς
2751 1387 2897 1457 ἡμᾶς
2941 1386 3270 1458 ἐξηγόρασεν
3307 1389 3370 1440 ἐκ
3397 1387 3495 1457 τῆς
3522 1388 3766 1455 κατάρας

2182 1480 2497 1551 τοῦ-νόμου,
2532 1479 2820 1547 γενόμενος
2861 1480 3000 1550 ὑπὲρ
3032 1480 3187 1549 ήμῶν
3219 1478 3453 1549 κατάρα.
3492 1497 3509 1528 ι
3547 1477 3766 1547 Ἐπειδὴ

2183 1569 2292 1640 γὰρ
2323 1570 2591 1641 χρεῶσται
2613 1566 2751 1640 ἦσαν
2779 1570 2873 1623 καὶ
2892 1571 3163 1640 ὀφειλέται
3186 1571 3284 1641 τῆς
3308 1571 3585 1633 Μωῦσέως
3606 1587 3763 1639 νομο-

2185 1660 2390 1724 θεσίας,
2440 1663 2540 1715 οὐκ
2598 1663 2868 1733 ἐπλήρουν
2898 1663 2954 1716 δὲ
2990 1664 3061 1715 τὰ
3104 1662 3491 1734 γεγραμμένα,
3534 1657 3635 1714 εἶθ’
3662 1661 3765 1714 ύπό

2185 1754 2427 1826 κατάραν
2456 1751 2595 1825 ἦσαν
2616 1795 2629 1819 ,
2680 1755 2767 1808 διὰ
2793 1754 2857 1806 τὸ
2891 1755 2964 1826 μὴ
3019 1755 3195 1807 πάντα
3230 1755 3319 1807 τὸν
3353 1755 3513 1825 νόμον
3562 1753 3761 1822 φυλατ-

493 1843 639 1897 libro
662 1842 820 1914 legis,
857 1850 916 1896 ut
971 1842 1138 1897 faciat
1185 1859 1249 1898 ea
1273 1843 1340 1897 ⁸ο.
1384 1862 1400 1895 ι
1441 1843 1636 1898 Merito
1682 1822 1901 1914 ereptos
1952 1845 2076 1898 illos

2180 1864 2311 1900 τειν.
2364 1847 2644 1917 Γέγραπτο
2696 1848 2835 1918 γάρ’
2875 1865 2893 1897 ‹
2948 1847 3384 1918 Ἐπικατάρατος
3432 1848 3537 1910 rr-i;
3569 1846 3629 1909 ὃς
3666 1846 3764 1898 οὐκ

492 1950 560 1989 ex
601 1935 694 1987 tali
724 1933 1131 2000 maledictione,
1168 1950 1232 1990 ex
1276 1937 1463 1992 usuris
1497 1943 1551 1992 et
1583 1936 1874 2005 iniquitate
1918 1936 2075 1990 rede-

493 2028 614 2089 mit,
650 2027 826 2082 factus
848 2028 1071 2098 proillis
1105 2029 1485 2085 maledictum:
1508 2030 1822 2100 traditoque
1852 2044 2073 2083 eorum-

492 2120 613 2174 dem
656 2121 838 2190 gratia
885 2122 1125 2191 pretioso
1168 2124 1458 2194 sanguine,
1509 2125 1590 2180 sic
1648 2123 1751 2179 sibi
1804 2124 2074 2193 pretiosus

491 2210 691 2266 c-ll-‘ecit.
730 2212 910 2279 Quare
941 2214 1044 2269 sub
1076 2215 1189 2269 hmc
1229 2215 1452 2280 dicitur,
1492 2234 1510 2267 ι
1546 2215 1613 2269 Et
1647 2216 1948 2286 pretiosum
1975 2231 2076 2270 no-

493 2318 621 2356 men
667 2318 856 2358 eorum
901 2320 1083 2359 coram
1113 2306 1245 2373 illo;
1285 2326 1302 2358 ι
1349 2307 1471 2361 ideo
1506 2306 1630 2362 illos
1688 2308 1767 2363 sic
1802 2308 2075 2363 allocutus

490 2395 755 2451 scribitur
788 2416 800 2451 :
840 2416 859 2450 ι
893 2397 1069 2454 Nolite
1102 2399 1337 2470 gaudere
1371 2401 1627 2471 quoniam
1649 2400 1915 2455 daemonia
1946 2402 2076 2456 sub-

488 2487 759 2558 jieiuntur
789 2489 951 2546 vobis
986 2510 999 2546 :
1034 2492 1264 2562 gaudete
1308 2499 1490 2546 autem
1544 2502 1597 2548 et
1632 2493 1902 2548 exsultate
1948 2495 2075 2563 quia

490 2581 716 2635 nomina
748 2591 930 2639 vestra
967 2584 1168 2655 scripta
1199 2593 1327 2639 sunt
1350 2586 1406 2640 in
1438 2586 1673 2641 cmlis“.
1708 2604 1726 2638 ›
1760 2584 1871 2641 Cur
1892 2593 2073 2639 autem

491 2688 693 2729 nomen
719 2690 908 2731 eorum
948 2677 1249 2746 pretiosum
1294 2687 1412 2733 erat
1443 2692 1629 2732 coram
1664 2678 1778 2742 illo,
1806 2678 1913 2733 nisi
1943 2679 2072 2749 quia

491 2766 609 2833 ipse
643 2767 867 2822 nomina
914 2768 1023 2823 illis
1065 2769 1251 2824 indere
1293 2769 1551 2841 dignatus
1602 2778 1707 2837 est,
1762 2769 2069 2836 Simonem,

490 2856 716 2912 Petrum
772 2875 1133 2931 nuncupans;
1192 2861 1494 2928 Thomam,
1548 2863 1873 2936 Didymum;
1930 2864 2073 2920 ﬁlios

489 2947 760 3015 Zebcdzri,
796 2951 1128 3025 Boanerges,
1158 2954 1302 3024 quod
1337 2956 1646 3026 explicatur
1677 2958 1779 3027 ﬁlii
1804 2959 2072 3013 tonitrui?

489 3038 603 3095 lino
638 3057 768 3097 vero
795 3044 1094 3101 universim
1131 3048 1374 3101 omnium
1401 3062 1596 3103 nomen
1628 3050 1930 3117 pretiosum
1955 3056 2073 3104 erat

489 3144 675 3182 coram
709 3131 825 3224 ilio.
861 3129 1028 3202 quue
1062 3133 1335 3204 signiﬁcat
1366 3135 1650 3207 Evangelii
1681 3140 1961 3209 scriptura
1993 3139 2069 3192 di-
2098 3165 2141 3224 ο

489 3236 659 3276 cens:
699 3241 718 3273 ι
750 3222 861 3279 Hos
889 3224 1177 3280 duodecim
1214 3228 1375 3299 elegit
1404 3227 1587 3293 Jesus,
1620 3246 1759 3300 quos
1792 3231 2070 3300 apostolos

490 3316 797 3370 nominavit
818 3316 887 3372 5'.
934 3336 952 3369 ι
989 3316 1098 3373 Pro
1133 3320 1226 3376 illo
1258 3329 1461 3388 autem,
1499 3340 1517 3373 ι
1560 3338 1761 3379 nomen
1796 3340 2009 3392 eorum,
2046 3347 2065 3379 ι

489 3403 758 3461 llebraica
780 3407 1079 3479 scriptura,
1116 3429 1134 3462 ι
1161 3413 1384 3484 sanguis
1427 3430 1639 3483 eorum,
1673 3436 1691 3468 ›
1717 3417 2067 3488 circumfert;

492 3506 659 3565 atque
690 3497 887 3569 reliqui
916 3498 996 3554 sic
1028 3500 1373 3572 interpretati
1410 3514 1558 3570 sunt,
1588 3506 1784 3577 Aquila
1816 3510 2028 3565 scilicet
2054 3530 2068 3566 :

495 3605 514 3635 ι
553 3585 615 3641 Et
649 3586 1013 3645 honorabitur
1042 3594 1267 3664 sanguis
1310 3609 1500 3651 eorum
1534 3597 1589 3653 in
1641 3601 1817 3656 oculis
1856 3602 2009 3673 ejus;
2047 3622 2064 3655 ›

491 3677 852 3751 Symmachus
878 3699 1009 3740 vero
1033 3705 1045 3739 :
1077 3704 1095 3736 ι
1122 3685 1188 3740 Ει
1213 3689 1485 3758 pretiosus
1498 3694 1603 3746 erit
1628 3695 1852 3765 sanguis
1879 3711 2069 3750 eorum

487 3785 675 3827 coram
706 3773 817 3830 illo.
852 3794 869 3827 ι
896 3774 1064 3842 Qucis
1094 3787 1282 3847 aperte
1330 3797 1520 3837 necem
1562 3785 1781 3839 illorum
1816 3788 2073 3843 subindi-

486 3863 653 3928 cavit,
704 3880 811 3935 qua
860 3866 1066 3937 singuli
1124 3870 1279 3924 vario
1332 3875 1585 3945 martyrii
1636 3893 1836 3948 genere
1889 3878 2070 3935 affecti

487 3966 636 4020 sunt,
670 3972 734 4012 ac
783 3958 923 4015 alius
972 3961 1079 4015 alio
1119 3962 1282 4017 modo
1331 3964 1402 4020 ob
1453 3967 1829 4025 testimonium
1876 3971 1943 4026 de
1978 3972 2072 4027 illo

486 4051 674 4105 datum
707 4052 995 4121 sanguinis
1022 4069 1252 4125 agonem
1295 4057 1499 4126 subiit;
1537 4061 1610 4115 ita
1636 4072 1695 4116 ut
1736 4064 1802 4119 de
1838 4062 1948 4119 illis
1983 4065 2072 4119 di-

485 4152 644 4198 catur
676 4163 693 4202 :
730 4163 749 4196 ι
778 4143 1027 4202 Pretiosa
1064 4149 1117 4204 in
1161 4161 1456 4222 conspectu
1492 4153 1707 4210 Domini
1750 4172 1897 4213 mors
1944 4175 2074 4214 san-

485 4241 699 4288 ctorum
731 4235 931 4305 ejus".
976 4258 997 4291 ι
1032 4237 1128 4295 Isti
1162 4244 1309 4298 enim
1356 4245 1537 4300 simile
1578 4246 1681 4301 hoc
1723 4263 1940 4319 quoque
1988 4251 2073 4304 di-

486 4333 636 4378 ctum
685 4334 768 4381 est
802 4345 815 4381 :
854 4346 873 4379 ι
910 4327 975 4383 Et
1011 4333 1311 4401 pretiosum
1370 4352 1570 4390 nomen
1628 4353 1818 4393 eorum
1882 4356 2068 4397 coram

489 4415 601 4471 illo.
641 4435 661 4469 t

2178 1935 2405 2006 ἐμμένει
2440 1938 2574 1989 πᾶσι
2612 1940 2724 1999 τοῖς
2766 1936 3169 2010 γεγραμμένοις
3210 1939 3266 1988 ὲν
3296 1936 3373 2005 τῷ
3431 1935 3619 2006 βιϐλίῳ
3671 1935 3765 1989 τοῦ

2177 2028 2344 2098 νόμου
2424 2027 2518 2081 τοῦ
2595 2030 2813 2099 ποιῆσαι
2877 2029 3035 2081 αὐτὰ.
3082 2048 3099 2079 ι
3133 2028 3370 2092 Εἰκότως
3416 2027 3617 2099 ταύτης
3666 2028 3762 2097 τῆς

2177 2120 2313 2191 ἀρᾶς
2354 2119 2723 2191 ἐλευθερώσας
2765 2120 2981 2184 αὐτοὺς,
3021 2122 3084 2173 ἐκ
3131 2120 3290 2172 τόκου
3322 2120 3413 2172 καὶ
3455 2118 3513 2182 ἐξ
3555 2118 3763 2180 ἀδικίας

2176 2213 2464 2284 ὲλυτροῦτο
2506 2214 2719 2276 αὐτοὺς,
2784 2213 3067 2284 γινόμενος
3117 2213 3257 2283 ὑπὲρ
3290 2212 3468 2265 αὐτῶν
3514 2212 3760 2282 κατάρα’

2177 2308 2362 2359 καὶτὸ
2419 2308 2598 2377 τίμιον
2653 2306 2815 2359 αὑτοῦ
2854 2301 2992 2376 αἷμα
3019 2306 3158 2379 ὑπὲρ
3204 2306 3381 2358 αὐτῶν
3432 2305 3625 2368 διδοὺς,
3672 2306 3763 2357 καὶ

2176 2400 2316 2451 οὕτω
2360 2401 2573 2470 τιμίους
2628 2398 2804 2468 ἐαυτῷ
2853 2396 3311 2469 ἀπεργαζόμενος.
3344 2397 3457 2450 ,Διδ
3516 2397 3764 2451 λέλεκται

2177 2495 2330 2564 ἑξῆς
2374 2514 2390 2545 ‹
2435 2494 2544 2547 Καὶ
2592 2493 2808 2561 ἔντιμον
2846 2492 2907 2543 τὸ
2955 2491 3126 2562 ὄνομα
3172 2491 3354 2545 αὐτῶν
3400 2490 3626 2543 ἐνώπιον
3666 2490 3763 2542 αύ-

2175 2584 2288 2638 τοῦ.
2335 2604 2353 2636 ι
2392 2584 2551 2638 Ὅθεν
2603 2584 3015 2653 ἀναγέγραπται
3072 2582 3309 2654 είρηκὼς
3356 2581 3489 2653 πρὸς
3530 2581 3763 2645 αύτούς⁹

2182 2696 2199 2728 ι
2236 2677 2325 2747 Μὴ
2367 2676 2608 2747 χαίρετε,
2652 2677 2734 2729 ὅτι
2772 2675 2840 2728 τὰ
2892 2675 3147 2745 δαιμόνια
3189 2675 3318 2744 ὑμῖν
3362 2674 3761 2726 ὑποτάσσεται’

2175 2771 2391 2841 χαίρετε
2425 2769 2479 2822 δὲ
2506 2770 2601 2822 καί¹
2636 2768 2984 2835 ἀγαλλιᾶσθε,
3015 2769 3098 2820 ὅτι
3126 2768 3193 2819 τὰ
3218 2767 3459 2837 ὀνόματα
3489 2766 3645 2838 ὑμῶν
3671 2768 3764 2835 ὲγ-

2175 2861 2484 2932 γέγραπται
2518 2861 2574 2913 ὲν
2608 2864 2718 2923 τοῖς
2746 2860 3011 2931 οὐρανοῖς.
3057 2879 3074 2910 ι
3113 2858 3209 2912 Διά
3235 2860 3285 2911 τί
3313 2860 3368 2913 δὲ
3382 2860 3443 2913 τὸ
3474 2860 3644 2930 ὄνομα
3671 2860 3765 2913 1'5-

2174 2957 2281 3009 τῶν
2307 2955 2521 3026 ἔντιμον
2550 2950 2616 3025 ἦν
2641 2953 2869 3007 ἐνώπιον
2896 2953 3083 3015 αὑτοῦ,
3118 2954 3231 3006 ἀλλ’
3259 2954 3560 3025 ἐπειδήπερ
3599 2953 3762 3017 αὐτὸς

2175 3049 2268 3101 καὶ
2294 3048 2400 3100 τῶν
2429 3046 2706 3118 ὀνομάτων
2739 3046 2933 3109 αὐτοὺς
2956 3044 3130 3115 ἠξίου,
3156 3046 3245 3098 τὸν
3280 3047 3375 3116 μὲν
3406 3046 3628 3116 Σίμωνα
3660 3045 3766 3098 Πέ-

2174 3158 2301 3211 τρον
2333 3141 2588 3203 ἀνειπὼν,
2623 3140 2715 3192 τὸν
2748 3138 2803 3191 δὲ
2843 3139 3044 3208 Θωμᾶν
3084 3139 3331 3209 Δίδυμον.
3366 3138 3489 3201 τούς
3526 3156 3585 3191 τε
3618 3139 3765 3202 υἱοὺς

2174 3236 2460 3290 Ζεϐεδαίου
2486 3235 2833 3302 Βοανεῖργες,
2868 3232 3003 3304 ὅπερ
3051 3229 3407 3304 ἑρμηνεύεται
3436 3230 3551 3283 υἱοὶ
3581 3230 3767 3298 βρον-

2173 3330 2314 3398 τῆς;
2347 3328 2504 3381 Ἀλλά
2525 3327 2619 3380 καὶ
2643 3326 2783 3379 κατά
2810 3325 2870 3377 τὸ
2896 3326 3070 3379 κοινὸν
3098 3326 3314 3378 πάντων
3343 3324 3517 3377 αὐτῶν
3548 3322 3765 3392 ἔντιμον

2172 3424 2342 3493 ὄνομα
2374 3417 2441 3490 ἦν
2494 3418 2722 3472 ἐνώπιον
2764 3417 2949 3471 αὐτοῦ.
2986 3414 3157 3469 Τοῦτο
3192 3416 3247 3468 δὲ
3291 3411 3358 3485 ἦν
3401 3416 3538 3482 ὅπερ
3569 3414 3767 3482 suam

2179 3515 2386 3585 μήνατο
2420 3513 2453 3581 ή
2486 3508 2581 3562 τοῦ
2609 3508 2942 3576 Εὑαγγελίου
2972 3509 3155 3578 γραφὴ
3184 3507 3433 3578 φήσασαο
3468 3525 3486 3556 ι
3528 3505 3763 3567 Τούτους

2172 3606 2298 3667 τοὺς
2325 3603 2531 3657 δώδεκα
2558 3598 2836 3665 ἐξελέξατο
2861 3602 2889 3653 6
2919 3598 3143 3669 Ἰησοῦς,
3175 3598 3267 3660 οὓς
3307 3598 3401 3650 καὶ
3430 3594 3766 3659 ἀποστόλους

2173 3696 2474 3766 ὠνόμασεν.
2516 3713 2533 3745 ο
2557 3694 2701 3747 Ἀντ“ι
2723 3693 2778 3745 δὲ
2806 3691 2920 3758 τοῦ,
2958 3712 2975 3741 ι
3004 3691 3064 3744 τὸ
3091 3690 3261 3761 ὄνομα
3286 3691 3591 3753 αύτῶν,ιτό
3618 3683 3765 3757 αἷμα

2173 3787 2390 3847 αὐτῶν,
2449 3791 2482 3859 ή
2525 3786 2784 3858 Ἐϐραῖκὴ
2819 3784 3005 3855 γραφὴ
3042 3784 3314 3855 περιέχει’
3353 3784 3493 3835 οὕτω
3538 3781 3595 3834 δὲ
3665 3782 3763 3834 καὶ

2172 3884 2221 3935 οἱ
2259 3881 2436 3934 λοιποί⁸
2471 3880 2851 3951 ήρμήνευσαν·
2892 3878 2920 3929 ὀ
2964 3879 3062 3947 μὲν
3099 3876 3322 3939 Ἀκύλας
3362 3873 3547 3928 εἰπών·
3602 3892 3622 3924 ι
3653 3874 3765 3926 Καὶ

2172 3973 2533 4043 τιμηθήσεται
2579 3970 2639 4022 τὸ
2670 3965 2809 4040 αἷμα
2851 3968 3028 4022 αὐτῶν
3064 3971 3121 4021 ὲν
3162 3966 3457 4037 ὀφθαλμοῖς
3495 3965 3663 4018 αὑτοῦ
3685 3982 3703 3999 ⁸
3736 3984 3757 4017 ι

2173 4067 2201 4118 ὀ
2233 4065 2288 4117 δὲ
2329 4062 2644 4134 Σύμμαχος
2698 4080 2716 4111 ι
2760 4061 2871 4114 Καὶ
2911 4061 3088 4131 τίμιον
3130 4060 3280 4113 ἔσται
3316 4058 3377 4112 τὸ
3406 4055 3545 4129 αἷμα
3582 4056 3764 4111 αὐτῶν

2174 4156 2404 4211 ἐνώπιον
2432 4152 2615 4208 αὐτοῦ.
2666 4174 2681 4203 ι
2721 4155 2796 4205 Δι’
2830 4146 2904 4205 ὧν
2938 4152 3122 4221 σαφῶς
3156 4148 3372 4222 ᾐνίξατο
3397 4149 3487 4202 τὸν
3531 4149 3763 4202 θάνατον

2174 4248 2279 4302 τῶν
2310 4245 2732 4319 προλεχθέντων,
2760 4237 2833 4297 ὧν
2871 4247 2897 4298 ὀ
2927 4244 3114 4307 καθεὶς
3146 4243 3386 4297 ποικίλον
3410 4241 3672 4312 ὑπέμεινε
3701 4238 3763 4292 τὸ

2172 4337 2266 4391 τοῦ
2299 4336 2600 4408 μαρτυρίου
2634 4334 2807 4397 τέλος,
2841 4333 2998 4397 ἄλλος
3036 4334 3210 4396 ἄλλως
3237 4331 3322 4385 διά
3352 4332 3448 4402 τὴν
3481 4333 3561 4395 εἰς
3594 4330 3760 4384 αὑτὸν

2178 4426 2484 4503 μαρτυρίαν
2529 4426 2620 4477 τὸν
2653 4427 2719 4478 δι’
2761 4425 2989 4494 αἳματος
3028 4425 3327 4494 ὑπομείνας
3372 4422 3595 4491 ἀγῶνα·
3628 4421 3761 4474 ὥστ’

484 4510 729 4582 εἰρῆσθαι
778 4518 906 4588 περὶ
950 4519 1156 4572 αύτῶν·
1206 4541 1223 4572 ι
1263 4521 1455 4592 Τίμιος
1500 4524 1731 4580 ἐνώπιον
1778 4528 1975 4600 Κυρίοι
2034 4532 2062 4583 ὀ
2102 4529 2330 4587 θάνατος
2356 4522 2463 4575 τῶν
2492 4521 2655 4573 ὁσίων
2681 4518 2866 4572 αὑτοῦ.
2913 4539 2930 4571 ι
2960 4519 3145 4590 Τούτῳ
3174 4518 3281 4589 γὰρ
3345 4519 3531 4588 ὅμοιον
3560 4515 3757 4586 τυγχάο

483 4620 563 4656 νει
603 4607 697 4660 καὶ
748 4610 800 4662 τὸ
848 4612 985 4682 μετά
1025 4616 1211 4686 χεῖρας
1256 4617 1495 4685 φάσκον
1541 4640 1558 4671 ‹
1596 4623 1705 4675 Καὶ
1758 4624 1971 4696 ἔντιμον
2003 4625 2063 4678 τὸ
2094 4624 2263 4693 ὄνομα
2294 4619 2473 4672 αὐτῶν
2503 4615 2727 4669 ἐνώπιον
2758 4615 2941 4669 αὑτοῦ.
2976 4634 2993 4667 ι

556 4722 721 4780 Vens.
762 4726 851 4791 15,
884 4728 970 4783 16.
1007 4750 1023 4781 ι
1066 4731 1129 4785 Et
1160 4733 1302 4788 vivet
1360 4743 1427 4791 .et
1474 4736 1693 4793 dabitur
1728 4741 1775 4794 ei
1817 4741 1886 4796 de
1936 4757 2070 4797 auro
2104 4751 2147 4803 ι)

484 4810 717 4880 Arabia,
749 4825 803 4871 et
831 4821 1067 4875 orabunt
1111 4823 1177 4878 de
1226 4825 1342 4894 ipso
1376 4842 1612 4897 semper.
1656 4849 1674 4884 ι
1708 4829 1808 4886 Hic
1848 4833 2063 4888 videtur

486 4907 619 4961 mihi
652 4910 806 4975 illud,
841 4930 859 4962 ι
892 4923 945 4968 et
980 4916 1143 4979 vivet,
1178 4903 1201 4970 θ»
1238 4920 1355 4975 voci
1406 4920 1720 4979 Servatoris
1760 4924 2065 4995 discipulos

485 4998 815 5067 .illoquentis
843 5005 1126 5061 accinere:
1152 5027 1168 5058 ι
1208 5009 1345 5066 Ecce
1365 5029 1466 5083 ego
1485 5015 1765 5070 vobiscum
1794 5031 1913 5070 sum
1948 5031 2068 5069 om-

484 5088 649 5143 nibus
681 5091 872 5148 diebus
908 5111 1081 5166 usque
1111 5100 1177 5154 ad
1199 5106 1732 5160 consummationem
1764 5106 2063 5161 εωειιιίυι.»

489 5178 556 5232 υι
577 5180 721 5234 enim
750 5184 869 5255 ejus
897 5189 990 5257 qui
1018 5187 1071 5244 in
1098 5195 1359 5249 vaticinio
1390 5194 1567 5252 fertur
1600 5200 2063 5267 permansionem,

481 5279 536 5326 et
584 5273 750 5330 vitam
803 5278 856 5333 in
916 5281 1190 5339 inﬁnitum
1244 5287 1537 5344 durantem
1586 5290 1912 5354 declararet,
1959 5292 2063 5345 hac

485 5379 616 5418 usus
661 5381 792 5422 voce
835 5379 940 5435 est,
969 5391 988 5422 ι
1034 5381 1088 5427 et
1119 5375 1287 5430 vivet.
1328 5395 1347 5427 ι
1384 5375 1650 5430 Diuturna
1699 5377 1902 5448 quippe
1951 5380 2061 5431 vita

481 5470 620 5524 opus
652 5469 768 5513 erat
813 5462 880 5515 ad
917 5466 1173 5530 praedicta
1220 5482 1387 5536 Opera
1434 5468 1666 5524 edenda.
1707 5468 1763 5523 Si
1798 5471 1982 5541 itaque
2018 5472 2066 5527 is

455 5550 572 5646 'qui
628 5551 679 5602 in
717 5554 1001 5623 prophetia
1036 5558 1227 5619 fertur,
1260 5559 1527 5628 iudicabit
1583 5562 1846 5631 populum
1901 5578 2062 5618 suum

552 5688 737 5743 "Gul.
782 5710 861 5756 Ill,
897 5697 977 5749 15.

484 5774 670 5819 xxviii,
708 5760 798 5814 20.

1087 5699 1132 5731 ⁸ο
1166 5696 1320 5755 Deut.
1361 5717 1529 5767 xxvii,
1564 5702 1655 5759 26.
1729 5707 1771 5737 ⁸¹
1805 5706 1939 5761 Luc.
1981 5726 2004 5762 ι
2027 5751 2040 5773 ,
2074 5708 2164 5763 ‘20.

2254 4758 2271 4789 ι
2312 4736 2418 4789 Καὶ
2452 4713 2668 4805 ζήσεται
2702 4732 2797 4786 καὶ
2820 4730 3104 4803 δοθήσεται
3138 4731 3285 4802 αὐτῷ
3312 4732 3375 4784 ὲκ
3409 4729 3502 4783 τοῦ
3532 4729 3760 4801 χρυσίου

2171 4832 2267 4902 τῆς
2302 4829 2575 4899 Ἀραϐίας,
2619 4828 2713 4880 καὶ
2756 4824 3143 4898 προσεύξονται
3170 4824 3298 4897 περὶ
3336 4823 3501 4878 αὑτοῦ
3532 4824 3763 4877 διαπανο

2171 4922 2281 4982 τός.
2327 4938 2344 4969 ι
2384 4919 2541 4969 Δοκεῖ
2572 4934 2659 4987 μοι
2699 4914 2931 4969 ἐνταῦθα
2963 4916 3042 4979 τὸ,
3078 4935 3095 4965 ι
3141 4916 3235 4968 καὶ
3264 4914 3510 4985 ζήσεται,
3546 4933 3565 4965 ι
3602 4915 3767 4984 συνᾴ-

2173 5013 2284 5065 δειν
2311 5014 2374 5081 τῇ
2411 5009 2661 5079 σωτηρίῳ
2690 5010 2841 5078 φωνῇ
2876 5008 3097 5078 φησάσῃ
3125 5007 3262 5078 πρὸς
3288 5008 3415 5069 τοὺς
3457 5006 3623 5059 αὑτοῦ
3658 5023 3763 5077 μα-

2176 5104 2374 5173 θητάς·
2416 5122 2433 5153 ι
2481 5101 2609 5154 Ἰδοὺ
2640 5100 2751 5169 ἐγὼ
2781 5100 2896 5172 μεθ’
2926 5100 3078 5170 ὑμῶν
3122 5102 3234 5170 είμι
3274 5102 3452 5164 πάσας
3493 5102 3593 5162 τὰς
3622 5100 3761 5171 ἡμέ-

2177 5215 2276 5270 ρας
2309 5196 2412 5259 ἓως
2450 5195 2548 5265 τῆς
2577 5193 2886 5255 συντελείας
2935 5191 3027 5246 τοῦ
3058 5192 3273 5256 αἰῶνος.
3312 5211 3330 5245 ι
3364 5194 3477 5245 Ἵνα
3522 5192 3630 5263 γὰρ
3658 5191 3757 5262 τὴν

2172 5285 2495 5359 παραμονὴν
2538 5286 2630 5338 καὶ
2673 5283 2770 5355 τὴν
2796 5277 3224 5355 παρατείνουσαν
3254 5284 3332 5347 είς
3360 5284 3585 5355 ἄπειρον
3611 5282 3763 5353 ζωήν

2171 5381 2264 5434 τοῦ
2298 5380 2777 5451 προρητευομένου
2824 5379 3174 5451 παραστήσῃ,
3202 5378 3561 5448 ἐπήγαγετδ,
3604 5397 3623 5427 ι
3660 5377 3755 5430 καὶ

2172 5474 2415 5544 ζήσεται.
2448 5491 2465 5522 ι
2514 5472 2747 5542 Μακρᾶς
2792 5471 2900 5543 γὰρ
2956 5471 3060 5525 ἔδει
3110 5471 3252 5542 ζωῆς
3301 5472 3381 5532 είς
3416 5469 3756 5539 κατόρθωσιν

2170 5562 2277 5617 τῶν
2321 5559 2646 5633 εἰρημένων.
2696 5562 2759 5615 ΕΞ
2803 5563 2933 5631 γοῦν
2972 5564 3000 5615 6
3045 5562 3521 5633 προφητευόμενος
3581 5562 3757 5630 κρινεί

2280 5710 2323 5740 ⁸²
2350 5706 2480 5761 Luc.
2543 5722 2615 5770 vl,
2655 5708 2739 5763 15.
2848 5710 2891 5740 ⁵³
2922 5709 3066 5764 Psnl.
3123 5724 3245 5773 ειν,
3286 5706 3367 5761 15.
3470 5708 3515 5737 ⁵⁵
3558 5704 3749 5760 Matth.
