4068 6528
332 373 448 435 815

1365 350 1381 367 ⁸
1461 368 1965 430 COMMENTARIA
1993 371 2070 427 ιιι
2109 371 2456 430 PSALMOS.

3483 365 3599 422 8M-

335 493 418 546 ττὸν
449 486 575 541 λαὸν
609 485 774 541 αὑτοῦ
803 485 860 540 ἐν
890 484 1225 557 δικαιοσύνῃ,
1257 486 1353 541 καὶ
1379 486 1508 550 τοὺς
1537 489 1786 558 πτωχοὺς
1811 489 1910 541 αὑ-

2013 491 2066 544 ἱιι
2101 490 2314 560 justitia
2351 498 2406 546 et
2432 503 2700 560 pauperes
2736 502 2866 542 suos
2905 485 2960 541 in
2987 482 3216 556 judicio,
3249 493 3302 538 et
3334 481 3592 536 humilia-

342 583 429 638 τοῦ
441 583 512 634 .ὲν
539 581 738 651 κρίσει,
768 579 862 632 καὶ
902 581 1149 632 ταπεινοῖ
1175 579 1536 649 συκοφάντην,
1564 580 1656 632 καὶ
1685 597 1909 650 συμπα-

347 677 565 749 ραμενεῖ
594 672 670 744 τῷ
696 672 846 744 ἡλίῳ,
877 671 1362 744 κατακυριεύσειτε
1387 673 1496 726 ἀπὸ
1511 672 1782 744 θαλάσσης
1807 673 1912 737 ’ἐως

343 768 630 836 Θαλάσσης,
655 765 749 819 καὶ
790 765 898 818 ἀπὸ
939 765 1184 834 ποταμοῦ
1225 765 1331 829 ἓως
1371 765 1482 819 τῶν
1525 767 1775 837 περάτων
1812 767 1910 835 τῆς

340 855 689 926 οἰκουμένης·
747 856 974 919 είκότως
1033 855 1329 926 μακροϐίου
1379 855 1526 926 ζωῆς
1577 855 1682 909 ἔδει
1739 855 1905 927 αὐτῷ.

339 950 460 1012 Πῶς
481 966 538 1002 τε
572 949 890 1015 ὑωταγεῖεν
915 947 1062 1016 αὐτῷ
1090 947 1344 1011 Αἰθίοπες
1369 947 1462 1000 καὶ
1497 947 1735 1017 βασιλεῖς
1765 949 1908 1019 Θαρ-

339 1042 449 1102 σεῖς
472 1039 566 1090 καὶ
595 1037 769 1107 νῆσοι,
802 1035 1234 1107 προσκυνήσουσί
1258 1054 1315 1089 τε
1341 1035 1488 1106 αύτῷ
1513 1037 1713 1098 πάντες
1734 1038 1782 1088 οἱ
1816 1036 1910 1106 βα-

338 1129 500 1192 σιλεῖς
537 1129 635 1198 τῆς
688 1128 812 1196 γῆς,
863 1127 956 1180 καὶ
1002 1126 1181 1178 πάντα
1234 1125 1302 1178 τὰ
1357 1126 1484 1197 ἔθνη
1535 1125 1908 1179 δουλεύσουσιν

333 1218 506 1288 αύτῷς
544 1217 759 1270 Τούτων
809 1217 918 1286 γὰρ
965 1215 1126 1269 ἕνεκα
1179 1215 1395 1270 πάντων
1452 1215 1708 1286 διαρκοῦς
1764 1216 1908 1288 αύτῷ

334 1305 477 1378 ζωῆς
518 1307 646 1360 ἔδει.
687 1305 777 1359 Διὸ
821 1307 955 1378 μετᾶ
989 1305 1160 1359 ταῦτα
1199 1305 1375 1358 πάντα
1418 1305 1595 1368 καλῶς
1623 1306 1714 1358 καὶ
1739 1307 1908 1375 ἀναγ-

335 1399 507 1462 καίως
543 1399 897 1469 ὲπενήνεκται
943 1398 1025 1460 τὸ,
1059 1416 1077 1448 ι
1115 1397 1207 1450 καὶ
1245 1395 1468 1466 ζήσεται
1494 1415 1506 1426 ·
1545 1397 1778 1450 »τοῦτον
1817 1398 1913 1468 δη-

331 1490 600 1562 λουμένης
641 1492 730 1544 τὸν
765 1491 964 1562 τρόπον
993 1490 1088 1561 τῆς
1125 1489 1216 1542 τοῦ
1269 1489 1740 1561 προφητευομένου
1774 1488 1908 1542 ἀθα-

329 1584 494 1637 νάτου
520 1583 611 1636 καὶ
635 1583 852 1635 αἰωνίου
885 1582 1046 1654 ζωῆς.
1094 1581 1248 1652 Ἑξῆς
1274 1583 1316 1634 δ’
1345 1581 1593 1653 εἴρηται·
1632 1598 1650 1631 t
1687 1580 1796 1632 Καὶ
1825 1580 1908 1632 δο-

328 1673 554 1744 θήσεται
584 1673 730 1743 αύτῷ
755 1675 819 1726 ἐκ
843 1673 937 1727 τοῦ
981 1673 1204 1744 χρυσίου
1246 1674 1344 1743 τῆς
1378 1672 1655 1744 Ἀραϐίας.
1697 1691 1716 1724 ι
1763 1672 1908 1725 Ἄντλ⁸

323 1759 382 1815 δὲ
415 1762 534 1824 τοῦ,
573 1782 592 1813 ‹
631 1762 731 1832 τῆς
771 1761 1046 1834 Ἀραϐίας,
1087 1781 1105 1813 ι
1143 1761 1366 1831 πάλινή
1407 1759 1668 1832 Ἐδραῖκὴ
1721 1758 1907 1829 γραφὴ

320 1852 386 1906 τὸ
427 1872 448 1904 ι
481 1852 629 1906 Σαϐὰ
668 1873 686 1904 ›
736 1854 1014 1924 περιέχει·
1062 1853 1115 1906 οἴ
1156 1870 1216 1905 τε
1259 1852 1436 1905 λοιποὶ
1484 1851 1817 1921 ἐρμηνευταὶ
1845 1852 1909 1919 τῇ
1944 1847 1986 1901 Β

319 1942 492 2015 ὁμοία
524 1945 818 2016 κέχρηνται
854 1946 920 2015 τῇ
966 1945 1138 2014 φωνῇ.
1173 1941 1462 2014 Τροπικῶς
1509 1942 1606 2011 μὲν
1637 1937 1733 1994 οῦν
1765 1940 1908 1994 εῐποι

317 2033 388 2090 ἄν
420 2052 507 2099 τις
537 2035 597 2088 τὸ
626 2035 846 2107 χρυσίον
879 2034 1033 2087 τοῦτο
1057 2034 1341 2106 σημαίνειν
1368 2033 1460 2086 τὸν
1500 2033 1559 2086 ὲν
1600 2031 1909 2103 ἀνθρώποις

319 2123 714 2196 καθαρώτατον
751 2125 895 2178 νοῦν.
939 2125 1051 2178 Καὶ
1079 2125 1217 2178 κατὰ
1249 2123 1486 2195 ἱστορίαν
1522 2123 1580 2176 δὲ
1606 2121 1909 2192 ἐπληροῦτο

315 2215 384 2268 τὸ
410 2215 614 2284 λόγιον,
646 2217 734 2269 ὅτε
761 2218 808 2269 οἱ
840 2215 899 2280 ἐξ
938 2216 1201 2286 ἀνατολῆς
1246 2218 1407 2286 μάγοι
1448 2215 1694 2279 ἐλθόντες
1745 2214 1908 2267 παῖδα

315 2306 453 2361 ὄντα
505 2309 916 2377 προσεκύνησαν
961 2308 1051 2361 τὸν
1107 2310 1352 2380 Σωτῆρα,
1411 2307 1794 2380 προσήνεγκαν
1846 2325 1906 2360 τε

313 2398 472 2470 αὖτῷ
500 2401 720 2471 χρυσίον
752 2403 844 2454 καὶ
880 2399 1092 2454 λίϐανον
1123 2401 1217 2454 καὶ
1266 2400 1532 2472 σμύρναν.
1567 2401 1655 2472 Μή
1689 2418 1818 2454 ποτε
1851 2401 1906 2455 δὲ

315 2489 416 2543 καὶ
436 2490 522 2550 τὸ,
564 2509 583 2540 ι
617 2488 857 2560 ζήσεται,
897 2509 915 2540 ι
949 2493 1027 2554 είς
1051 2491 1256 2543 ἐκεῖνον
1288 2489 1614 2561 ἀναφέρεται
1649 2491 1740 2542 τὸν
1780 2490 1907 2560 χρό-

313 2597 430 2644 νον,
479 2581 603 2635 καθ’
636 2582 695 2635 ὃν
745 2581 1010 2654 Ἡρώδης,
1063 2581 1426 2634 ἐπιϐουλεύων
1469 2580 1786 2652 νηπιάζοντι
1828 2580 1906 2651 τῷ

323 2671 533 2745 Ἰησοῦ,
571 2693 590 2725 ι
622 2673 840 2746 πέμψας
875 2674 1049 2727 ἀνεῖλε
1090 2675 1296 2737 πάντας
1321 2676 1446 2737 τοὺς
1472 2673 1598 2744 περὶ
1632 2672 1908 2744 τὴνβηο-

310 2759 450 2834 λεὲμ
486 2763 688 2828 παῖδας
753 2765 860 2817 ἀπὸ
895 2763 1106 2828 διετοῦς
1147 2766 1240 2818 καὶ
1282 2765 1596 2835 κατωτέρω,
1634 2763 1777 2818 κατὰ
1812 2764 1906 2817 τὸν

310 2854 511 2926 χρόνον
567 2855 626 2907 δν
668 2855 941 2926 ὴκρίϐωσε
996 2855 1148 2927 παρὰ
1178 2856 1288 2908 τῶν
1334 2855 1544 2926 μάγων.
1590 2875 1608 2906 ι
1636 2855 1768 2907 Τότε
1796 2855 1906 2925 γὰρ

310 2948 716 3021 χρηματισθεὶς
757 2950 785 3001 ὁ
821 2951 1039 3020 Ἰωσὴφ,
1083 2950 1356 3020 παρέλαϐε
1406 2947 1620 3018 Μαρίαν
1663 2949 1765 3018 τὴν
1814 2965 1906 3016 γυ-

309 3043 479 3094 ναῖκα
514 3040 682 3094 αὑτοῦ
710 3040 803 3094 xa‘.
837 3041 898 3092 τὸ
929 3041 1157 3105 παιδίον,
1197 3043 1290 3094 καὶ
1318 3039 1664 3111 ἀνεχώρησεν
1704 3041 1784 3102 εἰς
1813 3039 1907 3090 Αί-

308 3147 549 3200 γυπτον.
586 3131 676 3184 Διὸ
699 3131 870 3185 ταῦτα
903 3131 1232 3196 θεσπίζουσα
1266 3135 1298 3203 ἡ
1328 3130 1574 3204 παροῦσα
1601 3132 1905 3202 προφητεία

313 3222 650 3293 προύλεγεν,
697 3224 778 3275 ὅτι
839 3242 857 3272 ‹
897 3221 1140 3293 ζήσεται,
1184 3224 1277 3276 καὶ
1323 3223 1610 3293 δοθήσεται
1658 3222 1808 3293 αὐτῷ
1846 3225 1910 3276 ὲκ

309 3313 405 3364 τοῦ
431 3312 667 3383 χρυσίου
691 3312 792 3381 τῆς
831 3312 1091 3383 Ἀραϐίας
1127 3333 1143 3365 ι
1183 3312 1274 3366 τοῦ
1305 3311 1414 3366 ἀπὸ
1440 3312 1590 3365 Σαϐἁ
1609 3330 1620 3342 ο
1654 3311 1786 3365 ὡσεὶ
1815 3330 1910 3366 σα-

310 3407 586 3478 φέστερον
615 3407 765 3475 ἔλεγε
804 3426 821 3457 ι
856 3406 946 3460 τοῦ
977 3406 1252 3459 ὲκλεκτοῦ.
1287 3427 1304 3458 ι
1355 3409 1419 3460 Ἡ
1447 3406 1554 3479 γὰρ
1589 3406 1735 3459 Σαϐὰ
1767 3407 1909 3476 αὕτη

308 3501 406 3552 καὶ
451 3499 522 3552 τὸ
570 3500 848 3553 Σαϐαῖτῶν
891 3500 1040 3563 ἔθνος
1080 3500 1297 3568 λέγεται
1333 3495 1470 3553 εἶναι
1516 3501 1615 3570 τῆς
1653 3501 1912 3571 Ἀραϐίας

303 3589 409 3661 τῆς
442 3591 795 3662 καλουμένης
837 3593 1203 3664 Εὐδαίμονος·
1241 3591 1489 3644 ἐντεῦθέν
1523 3609 1579 3644 τε
1617 3594 1909 3663 ἱστορεῖται

305 3680 387 3754 τῷ
416 3681 702 3753 Σολομῶνι
742 3683 1002 3754 φέρεσθαι
1034 3682 1170 3753 μετὰ
1203 3682 1310 3735 τῶν
1351 3682 1523 3736 ἄλλων
1553 3683 1647 3734 καὶ
1687 3683 1910 3753 χρυσίον

307 3773 602 3828 ἐκλεκτόν.
654 3775 762 3827 Καὶ
804 3775 979 3838 ἄλλως
1019 3773 1075 3826 δὲ
1119 3773 1300 3835 αὐτοῖς
1344 3770 1644 3841 ὀφθαλμοῖς
1695 3771 1909 3840 ὁρῶμεν

306 3865 367 3917 ἐν
418 3869 556 3929 ταῖς
609 3864 927 3936 ἐκκλησίαις
973 3863 1210 3950 Χριστοῦ
1261 3861 1430 3934 μυρία
1479 3862 1739 3932 κειμήλια
1803 3861 1911 3914 ἀπὸ

305 3959 551 4030 χρυσίου
591 3957 830 4029 καθαροῦ
880 3958 959 4021 είς
997 3956 1161 4011 αὑτοῦ
1206 3974 1266 4009 τε
1309 3955 1473 4027 τιμὴν
1515 3954 1906 4026 ἁφιερούμενα.

305 4052 566 4112 Εἰκότως
598 4045 692 4103 οῦν
714 4050 836 4102 οὐδὲ
865 4050 966 4121 τὴν
995 4049 1199 4102 τούτων
1231 4049 1450 4120 μνήμην
1480 4048 1725 4120 παριδεῖν
1756 4047 1911 4117 ἠξίω-

306 4157 403 4194 σεν
435 4143 466 4194 6
495 4141 684 4208 λόγος.
723 4140 994 4208 Ἐπιλέγει
1034 4140 1091 4192 δὲ
1123 4139 1248 4210 ἑξῆς
1274 4157 1287 4171 ·
1330 4158 1346 4190 ι
1384 4141 1493 4193 Καὶ
1524 4137 1910 4211 προσεύξονται

305 4235 440 4305 περὶ
498 4232 671 4288 αὐτοῦ
724 4233 1008 4304 διηνεκῶς,
1057 4232 1146 4284 διὰ
1197 4231 1377 4301 πάσης
1430 4232 1643 4303 ἡμέρας
1683 4232 1910 4296 ἕκαστος

303 4325 608 4395 εὐλογήσει
654 4325 836 4378 αὐτόν.
879 4345 896 4376 ι
935 4325 1008 4377 0τῦ
1043 4324 1122 4376 δεῖ
1157 4324 1213 4377 δὲ
1262 4324 1469 4377 πολλῶν
1521 4324 1693 4393 λόγων
1725 4326 1804 4388 εἰς
1849 4326 1911 4379 τὸ

305 4419 674 4489 παραστῆσαι
698 4417 843 4480 ὅπως
873 4417 1071 4479 πάντες
1094 4417 1142 4468 οἱ
1176 4417 1255 4480 εἰς
1279 4415 1367 4468 τὸν
1385 4416 1618 4486 Χριστὸν
1649 4415 1742 4469 τοῦ
1773 4415 1908 4468 Θεοῦ

2016 583 2095 637 bit
2119 583 2598 649 calumniatorem,
2625 589 2678 634 ct
2718 577 3059 650 permanebit
3089 591 3213 631 cum
3255 575 3390 635 sole.
3413 574 3590 628 domi-

2017 673 2342 744 nabiturque
2366 689 2396 727 a
2425 673 2564 726 mari
2599 687 2771 742 usque
2805 670 2870 724 ad
2920 685 3070 724 mare
3101 678 3155 723 et
3187 682 3216 721 a
3242 665 3462 722 ﬂumine
3499 683 3593 722 us-

2016 780 2122 833 que
2146 764 2211 818 ad
2243 765 2504 820 terminos
2524 763 2676 819 orbis
2702 773 2966 816 terrarum
2990 778 3003 824 ;
3027 760 3150 828 jure
3171 759 3271 828 ipsi
3299 758 3458 826 longa
3483 759 3596 812 vita

2016 872 2175 928 Opus.
2208 857 2357 912 Alias
2400 857 2546 912 enim
2579 871 2688 926 quo
2742 861 2904 920 pacto
2954 852 3056 922 ipsi
3103 851 3308 906 subditi
3360 848 3597 906 fuissent

2018 947 2327 1018 Ethiopes,
2358 964 2570 1004 necnon
2603 963 2755 1018 reges
2785 941 3012 998 Tharsis
3035 951 3088 998 et
3121 943 3330 1008 insulte,
3361 941 3453 1012 qui
3497 937 3597 994 ad-

2016 1049 2267 1096 orassent
2291 1057 2414 1096 eum
2451 1055 2641 1095 omnes
2683 1054 2839 1109 reges
2864 1046 3042 1101 terrm,
3080 1043 3132 1090 et
3162 1050 3353 1090 omnes
3406 1038 3602 1108 gentes,

2017 1134 2340 1188 serviissent
2359 1134 2446 1191 ei?
2477 1129 2682 1187 Horum
2720 1133 2864 1185 enim
2899 1129 3142 1194 omnium
3172 1142 3336 1181 causa
3371 1126 3597 1197 perenni

2015 1223 2123 1279 vita
2167 1225 2268 1294 ipsi
2307 1240 2445 1294 Opus
2495 1232 2633 1279 erat.
2687 1221 3033 1292 Quapropter
3082 1221 3184 1274 stth
3241 1219 3359 1272 haec
3411 1217 3595 1273 omnia

2014 1319 2184 1389 probe
2228 1333 2291 1371 ac
2325 1315 2643 1372 necessario
2681 1316 2905 1372 affertur
2927 1313 3082 1377 illud,
3115 1331 3132 1363 ι
3168 1320 3219 1366 et
3241 1312 3385 1365 vivet
3413 1328 3428 1364 :
3471 1327 3488 1357 ι
3516 1309 3602 1365 sic

2014 1424 2250 1478 namque
2277 1409 2397 1478 ejus
2429 1409 2524 1478 qui
2561 1408 2616 1462 in
2661 1407 2924 1462 vaticinia
2978 1405 3300 1461 enuntiatur
3336 1400 3600 1467 vita,'im-

2015 1502 2265 1557 mortalis
2298 1509 2351 1556 et
2389 1509 2590 1555 aeterna
2628 1499 2742 1555 fore
2774 1501 3112 1571 praedicitur.
3155 1497 3422 1565 Deinceps
3454 1491 3602 1548 addi-

2013 1601 2106 1647 tu-r
2140 1610 2152 1645 :
2188 1614 2204 1644 ι
2241 1593 2308 1648 Et
2344 1592 2566 1648 dabitur
2591 1593 2641 1648 ei
2674 1593 2740 1649 de
2771 1609 2906 1647 auro
2937 1593 3170 1646 Arabiae.
3205 1609 3224 1642 ι
3255 1587 3364 1643 Pro
3387 1588 3482 1641 illo
3511 1599 3607 1642 att-

2013 1693 2148 1750 tem,
2172 1685 2486 1749 «Arabiae,»
2516 1702 2736 1741 rursum
2767 1681 3036 1741 Hebraica
3068 1684 3345 1754 scriptura
3370 1700 3388 1733 ι
3421 1679 3595 1734 διώξω

2015 1777 2364 1844 circumfert;
2397 1795 2462 1834 ac
2492 1779 2689 1850 reliqui
2726 1780 3054 1850 interpretes
3103 1773 3269 1832 simili
3308 1788 3442 1829 voce
3473 1777 3600 1829 sunt

2016 1871 2123 1925 usi.
2156 1870 2366 1927 Dixerit
2419 1873 2719 1944 quispiam.
2750 1869 2840 1926 hic
2876 1886 3072 1926 aurum
3113 1870 3326 1939 tropice
3359 1867 3601 1922 indicare

2015 1965 2367 2035 purissimam
2398 1965 2453 2020 in
2485 1963 2806 2019 hominibus
2853 1973 3114 2020 mentem.
3176 1961 3488 2017 Secundum
3523 1960 3604 2013 hi-

2017 2055 2241 2109 storiam
2270 2064 2450 2110 autem
2478 2056 2758 2126 impletum
2789 2055 2922 2109 illttd
2957 2055 3078 2117 fuit,
3115 2053 3333 2126 quando
3359 2051 3499 2123 magi
3531 2050 3604 2104 ab

2016 2147 2238 2204 Oriente
2308 2155 2602 2212 venerunt,
2658 2156 2712 2204 et
2777 2147 3124 2204 Servatorem
3173 2158 3305 2202 tunc
3369 2158 3600 2216 puerum

2015 2240 2398 2304 adoraverunt,
2433 2241 2856 2311 obtuleruntque
2884 2241 2933 2294 ei
2959 2256 3173 2306 aurum,
3206 2239 3334 2294 thus
3364 2245 3417 2292 et
3449 2249 3604 2306 myr-

2014 2330 2190 2384 rham.
2225 2329 2364 2384 Num
2401 2331 2540 2385 forte
2591 2331 2747 2393 illttd,
2783 2349 2802 2382 ι
2836 2333 3000 2392 vivet,
3035 2351 3053 2381 ι
3095 2331 3147 2384 in
3193 2329 3246 2383 id
3283 2337 3494 2397 tempus
3523 2339 3604 2380 re-

2014 2420 2242 2484 feratur,
2279 2438 2388 2492 quo
2437 2421 2633 2474 infanti
2673 2419 2804 2477 Jesu
2835 2421 3066 2476 insidias
3096 2436 3299 2491 parans
3329 2415 3598 2473 Herodes.

2019 2513 2292 2567 «mittens
2350 2513 2553 2566 occidit
2612 2528 2805 2567 omnes
2848 2527 3072 2581 pueros,
3116 2510 3209 2580 qui
3257 2516 3416 2565 erant
3447 2506 3595 2563 circa

2011 2600 2327 2657 Bethlehem
2349 2617 2377 2655 a
2393 2602 2601 2657 bimatu
2624 2612 2676 2656 et
2695 2601 2859 2660 infra.
2885 2601 3186 2656 secundum
3207 2608 3422 2670 tempus
3452 2594 3602 2668 quod

2012 2693 2347 2764 exquisierat
2393 2709 2423 2747 ιι
2469 2693 2728 2762 magis".
2763 2713 2782 2746 ›
2816 2693 2973 2747 Tunc
3005 2692 3150 2746 enim
3197 2705 3466 2762 responso
3503 2703 3599 2743 ac—

2013 2795 2194 2855 cepto.
2229 2783 2432 2855 Joseph
2461 2786 2760 2856 assumpsit
2792 2784 3018 2838 Mariam
3051 2785 3338 2854 eonjugem
3364 2798 3519 2839 suam
3545 2788 3603 2837 et

2012 2892 2265 2946 puerum,
2299 2884 2354 2932 et
2384 2879 2614 2934 secessit
2654 2879 2710 2932 in
2749 2877 3066 2948 XEgyptum.
3101 2875 3284 2942 Quare
3316 2875 3432 2929 lucc
3457 2889 3600 2944 pro-

2015 2968 2197 3038 phetia
2222 2967 2574 3024 vaticinando
2599 2968 2967 3040 prmnuntiat:
2996 2986 3014 3018 ι
3040 2964 3197 3020 Vivet
3226 2973 3281 3020 et
3302 2961 3601 3020 dabitur-ei

2013 3059 2079 3113 de
2109 3073 2243 3113 auro
2270 3059 2506 3120 Arabiae.
2542 3079 2558 3110 ι
2595 3075 2690 3114 seu
2719 3059 2786 3113 de
2811 3055 2988 3122 Saba;
3022 3072 3085 3110 ac
3113 3055 3159 3111 si
3179 3055 3422 3126 apertius
3447 3053 3602 3109 dice-

2013 3161 2118 3216 ret,
2157 3172 2175 3204 ι
2210 3153 2404 3209 electo.
2447 3173 2466 3206 ι
2506 3152 2643 3207 Nam
2675 3153 2790 3206 haec
2824 3150 2977 3220 regio
3029 3150 3174 3203 Saba
3216 3157 3270 3204 et
3319 3163 3453 3219 gens
3498 3143 3603 3200 Sa-

2011 3239 2307 3303 baitarum,
2326 3239 2530 3295 dicitur
2547 3255 2670 3295 esse
2684 3239 3091 3309 Arabim,qttam
3107 3237 3345 3293 Felicem
3361 3233 3562 3291 rocaut
3576 3253 3598 3292 :

2012 3348 2078 3387 ex
2109 3345 2218 3401 qua
2255 3331 2533 3388 Salomoni
2579 3347 2798 3402 quoque
2833 3331 3056 3384 allatum
3097 3345 3221 3385 eum
3255 3330 3378 3385 aliis
3428 3328 3606 3383 fuisse

2011 3439 2206 3478 aurum
2244 3425 2477 3480 electum
2525 3438 2835 3480 enarratur.
2875 3423 2941 3478 Et
2979 3424 3116 3480 alias
3158 3438 3381 3494 quoque
3420 3421 3476 3476 in
3508 3436 3604 3478 ec-

2012 3515 2196 3571 clesiis
2225 3516 2431 3572 Christi
2464 3517 2680 3572 inﬁnita
2716 3518 2966 3572 videmus
2998 3533 3064 3572 ex
3096 3531 3232 3570 auro
3259 3530 3399 3586 puro
3425 3515 3602 3569 cime-

2012 3612 2086 3666 lia
2122 3611 2180 3666 in
2222 3611 2344 3681 ejus
2373 3613 2636 3668 honorem
2691 3618 3037 3666 consecrata.
3071 3607 3271 3664 Merito
3299 3608 3470 3679 igitur
3494 3606 3603 3660 ho—

2011 3719 2133 3758 rum
2188 3704 2457 3759 memoria
2500 3717 2848 3773 nequaquam
2902 3700 3272 3771 praetermissa
3312 3698 3436 3754 fuit.
3474 3696 3602 3754 Mox

2013 3792 2387 3862 subjuugitur,
2417 3812 2434 3843 ι
2478 3792 2546 3846 Et
2578 3793 2818 3847 orabunt
2844 3790 2910 3844 de
2939 3793 3062 3860 ipso
3103 3805 3338 3860 semper,
3363 3796 3478 3843 tota
3513 3789 3605 3844 die

2013 3885 2215 3956 singuli
2263 3885 2592 3940 heuedicent
2639 3897 2788 3939 eum:
2827 3904 2844 3936 ι
2880 3880 2999 3938 Non
3028 3881 3216 3936 multis
3247 3881 3428 3936 verbis
3462 3894 3605 3951 opus

2015 3977 2082 4032 ad
2126 3977 2516 4032 declarandum
2545 3991 2655 4047 quo
2685 3982 2846 4045 pacto
2881 3987 3074 4030 omnes
3103 3973 3197 4044 qui
3233 3973 3290 4027 in
3313 3971 3598 4026 Christum

2013 4067 2109 4124 Dei
2159 4067 2532 4132 crediderunt,
2577 4066 2953 4121 indesinenter
2982 4078 3176 4134 preces
3209 4062 3439 4117 efferant
3471 4079 3492 4112 ι
3531 4060 3606 4116 de

2014 4160 2130 4225 illo,
2165 4180 2182 4212 ι
2226 4167 2285 4214 ιιι
2317 4160 2469 4214 illum
2506 4174 2722 4229 semper
2770 4172 2958 4212 secum
2999 4155 3260 4218 habeant,
3293 4161 3349 4209 et
3382 4152 3602 4223 adjuto-

2013 4269 2129 4308 rem
2164 4254 2218 4308 in
2241 4253 2499 4308 omnibus
2520 4252 2935 4306 nanciscantur.
2967 4247 3124 4314 Quod
3143 4256 3323 4301 autem
3353 4244 3602 4315 quotidie

2015 4343 2218 4412 singuli
2248 4341 2578 4397 benedicaut
2607 4340 2678 4403 ei,
2717 4338 2842 4410 quis
2885 4336 3258 4393 dubitaverit?
3281 4351 3406 4388 nam
3436 4344 3604 4389 nocte

2013 4441 2066 4489 et
2099 4434 2186 4488 die
2214 4433 2410 4487 animae
2445 4432 2691 4487 omnium
2717 4432 2771 4485 in
2799 4431 2979 4501 ipsum
3017 4430 3231 4485 sincere
3256 4426 3601 4481 credentium

305 4506 749 4569 πεπιστευκότες
769 4505 1142 4572 ἀδιαλείπτους
1168 4508 1532 4579 ἀναφέρουσιν
1556 4509 1720 4579 εὐχὰς
1749 4510 1908 4580 «περὶ

2014 4525 2375 4597 frequentius,
2406 4539 2568 4594 quam
2602 4523 2896 4592 respirent,
2925 4536 3125 4576 nomen
3161 4518 3282 4588 ejus
3311 4517 3499 4572 colunt
3533 4530 3602 4570 ac

302 4599 504 4663 αὐτοῦ,
545 4618 566 4650 ι
597 4598 673 4662 ὡς
702 4597 767 4652 ἂν
792 4597 962 4668 ἔχοιεν
987 4600 1148 4654 αὐτὸν
1182 4600 1288 4653 αίεὶ
1321 4601 1565 4663 συνόντα,
1599 4602 1690 4653 καὶ
1716 4599 1908 4671 βοηθὸν

301 4691 502 4756 αὐτοῖς
556 4692 690 4744 πᾶσι
725 4691 1063 4762 γιγνόμενον.
1107 4692 1193 4754 Ὠς
1239 4691 1296 4744 δὲ
1346 4691 1434 4745 διὰ
1483 4691 1666 4762 πάσης
1696 4691 1908 4763 ἡμέρας

299 4781 555 4846 ἕκαστος
587 4781 796 4850 εύλογεῖ
826 4783 1009 4846 αὐτὸν,
1051 4783 1134 4846 τίς
1173 4781 1240 4835 ἂν
1279 4783 1638 4853 ἁμφιϐἀλλοις
1670 4782 1911 4853 Νύκτωρ

302 4874 446 4942 γοῦν
495 4875 598 4929 καὶ
649 4873 767 4943 μεθ’
800 4874 1011 4945 ἡμέραν
1067 4873 1246 4928 πλεῖον
1293 4877 1394 4944 τῆς
1422 4875 1701 4946 ἀναπνοῆς
1758 4877 1909 4928 πᾶσα

300 4966 462 5038 ψυχὴ
510 4965 625 5019 τῶν
668 4968 747 5031 είς
789 4965 950 5020 αὐτὸν
1000 4965 1239 5036 γνησίως
1301 4966 1758 5028 πεπιστευκότων,
1808 4964 1906 5036 τὴν

303 5076 529 5130 προσηγ
543 5057 697 5130 ορίαν
725 5057 886 5112 αὑτοῦ
917 5057 1132 5127 τιμῶσα
1162 5057 1254 5110 καὶ
1299 5057 1529 5111 σέϐουσα
1556 5059 1775 5127 εὐλογεῖ
1804 5058 1905 5111 αύ-

301 5149 424 5212 τδν,
477 5149 827 5218 πεπεισμένη
865 5149 944 5211 είς
975 5147 1173 5218 ἑαυτὴν
1217 5146 1596 5218 ἀντιστρέφειν
1624 5147 1724 5217 τὴν
1754 5147 1906 5201 εὐλο·

303 5241 465 5310 γίαν,
502 5239 814 5303 ἀκολούθως
847 5239 1011 5309 λογίῳ
1041 5240 1119 5302 εἰς
1151 5238 1314 5293 αὐτοῦ
1345 5239 1634 5310 πρόσωπον
1662 5239 1900 5312 Χριστοῦ

303 5335 591 5405 φήσαντι·
614 5351 631 5382 ι
652 5333 714 5385 Οἱ
741 5330 1087 5400 εὐλογοῦντες
1117 5348 1175 5383 σε
1192 5331 1529 5401 εὐλόγηνται,
1565 5332 1659 5384 καὶ
1689 5333 1739 5384 οἱ
1767 5349 1900 5386 κατα
1939 5361 1952 5367 -

306 5421 602 5495 αρώμενοί
646 5439 704 5474 σε
749 5423 1168 5494 κεκατήρανται.
1215 5441 1232 5473 ι
1265 5420 1427 5474 Ὅθεν
1460 5423 1552 5475 καὶ
1577 5421 1730 5490 αὔξει
1772 5425 1904 5494 ὁση-

308 5516 490 5587 μέραι
527 5514 622 5567 καὶ
645 5512 873 5584 πληθύει
900 5513 961 5568 τὸ
984 5513 1322 5584 Χριστιανῶν
1348 5513 1524 5584 γένος,
1551 5513 1638 5567 διὰ
1669 5515 1729 5569 τὸ
1752 5516 1904 5586 μετὲ-

304 5623 433 5678 χειν
474 5605 584 5675 τῆς
616 5606 679 5658 ὲκ
712 5603 846 5658 Θεοῦ
877 5605 1144 5672 εὐλογίας,
1176 5600 1240 5675 ἧι,
1262 5605 1522 5660 ἀπολαύει
1553 5605 1639 5661 διὰ
1667 5605 1728 5660 τδ
1754 5606 1898 5662 ἀδιασ

383 5789 434 5822 ³⁸
469 5784 670 5844 Matth.
704 5803 765 5854 ιι,
813 5785 894 5842 l6.
969 5786 1016 5819 ”
1045 5783 1205 5842 Num.
1235 5802 1380 5853 utr,
1408 5786 1461 5842 9.

2015 4623 2370 4677 venerantur,
2404 4615 2619 4683 ipsique
2647 4613 2979 4667 benedicunt
3009 4627 3021 4662 :
3056 4617 3220 4665 certa
3249 4610 3305 4662 in
3337 4624 3398 4662 se
3440 4608 3602 4663 reﬂe-

2015 4707 2088 4760 cti
2120 4706 2283 4759 talem
2330 4702 2792 4761 benedictionem.
2829 4699 3132 4754 secundum
3165 4696 3268 4750 hoc
3311 4697 3364 4750 in
3407 4711 3600 4765 perso-

2017 4809 2142 4850 nam
2167 4793 2376 4848 Christi
2416 4791 2621 4845 dictum
2656 4804 2672 4840 :
2707 4806 2727 4838 ι
2761 4787 2866 4854 Qui
2900 4784 3231 4841 benedicunt
3276 4781 3400 4846 tibi,
3429 4782 3600 4838 benc-

2014 4884 2146 4940 dicti
2188 4891 2336 4950 sunt,
2370 4891 2427 4940 et
2458 4881 2553 4953 qui
2601 4879 2940 4935 maledicunt
2988 4877 3118 4940 tibi,
3163 4873 3443 4930 maledicti
3459 4873 3530 4928 ⁸⁸.
3571 4891 3591 4922 ›

2014 4975 2382 5043 Quamobrem
2411 4972 2655 5045 quotidie
2677 4972 2879 5027 crescit
2906 4977 2961 5024 et
2987 4975 3221 5038 augetur
3245 4965 3598 5021 Christiauo~

2013 5081 2136 5121 rum
2187 5081 2380 5135 genus.
2411 5063 2558 5134 quod
2601 5061 3004 5118 benedictionis
3057 5057 3148 5113 Dei
3195 5071 3426 5114 consors
3469 5064 3590 5110 est:

2014 5166 2077 5206 ea
2110 5151 2312 5221 quippe
2346 5150 2569 5213 fruitur,
2615 5149 2745 5220 quia
2783 5162 3005 5219 semper
3033 5146 3257 5202 Christo
3291 5146 3468 5217 ipsius
3493 5142 3593 5198 bc-

2015 5241 2262 5306 netlicit,
2319 5241 2619 5296 secundum
2679 5241 2821 5296 hanc
2861 5237 3202 5308 Scripturam
3257 5237 3528 5291 dicentem
3571 5251 3587 5286 :

2017 5350 2034 5382 ‹
2075 5331 2212 5386 Tota
2238 5333 2324 5388 die
2356 5331 2680 5387 benedicent
2714 5333 2786 5388 ei.
2828 5351 2846 5384 ι
2876 5331 3194 5400 ﬂorumque
3233 5342 3458 5383 causam
3487 5325 3593 5381 de-

2009 5423 2181 5477 clarat
2205 5423 2392 5478 dicens
2426 5442 2439 5477 :
2472 5441 2491 5474 ι
2528 5421 2644 5478 Erit
2677 5421 3079 5478 ﬁrmamentum
3111 5420 3166 5476 in
3189 5419 3410 5474 terrain
3439 5431 3600 5471 sum-

2007 5516 2112 5572 mis
2147 5517 2435 5588 montium.
2476 5533 2494 5568 ι
2535 5515 2631 5572 His
2673 5523 2852 5571 autem
2899 5515 3105 5570 iudicat
3141 5510 3439 5566 Ecclesiam
3469 5509 3596 5579 ejus

2007 5609 2064 5665 in
2093 5608 2248 5666 tirma
2277 5609 2500 5668 virtutis
2543 5609 2717 5682 ipsius
2750 5616 2905 5682 petra
2950 5606 3239 5663 fundatam
3292 5602 3597 5659 ﬁrmatam.-
