4068 6524
479 379 585 435 815
1150 378 1420 437 EUSEBII
1458 376 1939 437 CESAMENSIS
1977 378 2129 437 OPP.
2170 377 2354 434 PARS
2397 377 2573 435 Ill.-—
2597 364 3026 436 EXEGETICA.
3640 384 3749 438 816

478 516 606 573 que,
631 500 830 558 elatam
854 503 981 556 item
1012 510 1065 558 et
1079 502 1391 569 exaltatam,
1414 512 1469 559 et
1497 518 1656 573 quasr
1690 502 1744 557 in
1774 503 2033 558 cacumini

2159 501 2392 565 λείπτως
2436 500 2527 555 τὸν
2574 500 2808 572 Χριστὸν
2845 498 3010 553 αὐτοῦ
3053 498 3295 567 εὐλογεῖν
3336 497 3640 562 ἀκολούθως
3680 502 3746 570 τῇ

477 594 746 648 montium
774 593 956 658 sitam,
1003 594 1057 647 in
1090 594 1426 664 propheticis
1480 595 1692 651 setlicet
1724 602 1779 649 et
1827 603 2033 665 aposto-

2165 593 2302 664 μετά
2335 593 2521 663 χεῖρας
2557 595 2744 664 γραφῇ
2782 590 3067 665 φασκούσῃ
3089 607 3104 621 ο
3151 608 3169 642 ι
3204 591 3370 664 Ὅλην
3410 591 3508 663 τὴν
3531 592 3751 664 ήμέραν

476 686 601 742 licis
624 686 826 753 verbis,
860 685 1017 758 queis
1054 685 1299 743 Ecclesia
1354 688 1668 745 Servatoris
1701 689 1878 745 nostri
1920 704 2033 746 cont

2158 685 2543 756 εὐλογήσουσιν
2595 684 2781 738 αὐτόν·
2826 704 2843 735 ι
2883 684 2993 737 Καὶ
3028 684 3090 736 τὸ
3126 683 3331 737 τούτων
3372 684 3542 737 αἴτιον
3579 684 3748 755 παρί-

478 777 733 833 struilur.
2156 795 2314 849 στησι
2343 777 2516 845 λέγων
2534 793 2547 806 ·
2590 796 2607 828 ι
2654 777 2846 830 Ἔσται
2876 777 3155 848 στήριγμα
3180 776 3240 828 ἐν
3261 776 3327 846 τῇ
3360 778 3432 846 γῇ
3458 776 3543 828 ἐπ’
3573 777 3748 849 ἄκρου

473 869 577 923 τῶιν
616 869 806 941 ὀρέων.
842 889 860 923 ›
891 870 1046 925 Οὕτω
1078 871 1135 925 δὲ
1176 870 1430 942 σημαίνει
1475 871 1572 943 τήν
1610 871 1937 942 Ἐκκλησίαν
1960 871 2124 925 αὑτοῦ
2164 872 2635 943 τεθεμελιωμένην
2680 871 2776 923 xui
2812 869 3214 941 έστηριγμένην
3245 869 3339 921 ἐπὶ
3381 867 3481 940 τὴν
3524 868 3746 940 ἀρραγῆ

471 963 572 1035 τῆς
602 964 766 1019 αὑτοῦ
792 965 1073 1036 δυνάμεως
1103 966 1323 1038 πέτραν,
1373 967 1692 1039 ἐπηρμένην
1751 967 1807 1021 δὲ
1842 968 1937 1021 καὶ
2002 968 2317 1039 ὑψωμένην,
2352 968 2429 1031 ὡς
2458 968 2524 1037 ἂν
2562 967 2654 1020 ἐπὶ
2698 966 2844 1038 ἄκρα
2872 966 3045 1037 ὀρέων
3078 963 3359 1036 κειμένην,
3390 963 3747 1037 προφητικῶν

472 1057 673 1130 δηλαδὴ
700 1060 796 1114 xui.
829 1059 1198 1115 ἀποπολικῶν
1227 1060 1421 1130 λόγων,
1450 1058 1531 1125 οἷς
1557 1062 1590 1133 ή
1638 1061 1934 1132 Ἐκκλησία
1955 1061 2047 1115 τοῦ
2076 1062 2327 1134 Σωτῆρος
2357 1065 2389 1134 ἡ
2400 1061 2515 1134 μῶν
2548 1061 2999 1133 ὲποικοδομεῖται.

546 1176 710 1234 Vens.
743 1179 835 1247 16,
880 1180 966 1235 17.
1004 1197 1024 1231 ι
1067 1178 1540 1251 Superextolletur
1584 1196 1750 1252 super
1777 1180 2045 1236 Libanum

470 1268 683 1326 fructus
738 1270 882 1341 ejus,
914 1280 971 1327 et
999 1270 1271 1327 ﬂorebunt
1304 1272 1372 1327 de
1416 1271 1638 1327 civitate
1684 1272 1829 1327 sicut
1860 1271 2043 1326 fenum

473 1369 654 1418 terraz.
699 1380 719 1415 ι
769 1362 889 1429 Qua
934 1363 1146 1419 ratione
1179 1362 1510 1428 Servatoris,
1544 1366 1640 1436 qui
1671 1364 1725 1419 in
1760 1366 2045 1437 prophetia

466 1453 809 1520 enuntiatur,
857 1452 1073 1512 fructus
1106 1470 1272 1526 super
1312 1452 1578 1511 Libanum
1631 1458 1901 1512 exaltatus
1951 1458 2041 1521 sit,

467 1543 763 1614 intelliges,
787 1545 835 1599 si
865 1545 1091 1616 colligas
1108 1561 1170 1601 ea
1192 1561 1312 1617 quae
1331 1546 1385 1601 in
1410 1547 1711 1616 prophetiis
1741 1547 1808 1603 de
1834 1547 2043 1601 Libano

464 1631 747 1689 dicuntur.
777 1633 993 1690 Dictum
1036 1638 1238 1708 quippe
1279 1646 1365 1693 est
1408 1637 1465 1690 in
1508 1635 1647 1692 lsaia
1679 1655 1691 1690 z
1729 1658 1747 1690 ι
1776 1638 1915 1694 Ecce
1946 1639 2045 1693 Do-

412 1720 415 1723 λ
464 1725 651 1781 minus
706 1725 946 1781 Sabaoth
998 1730 1290 1783 conturbat
1338 1728 1615 1800 gloriosos
1658 1746 1780 1785 cum
1824 1729 2043 1786 fortitu-

2234 1202 2252 1234 ι
2300 1183 2767 1254 ’Υπεραρθήσεται
2796 1181 2934 1252 ὑπὲρ
2968 1179 3059 1233 τὸν
3091 1178 3323 1233 Λίϐανον
3346 1179 3375 1231 6
3402 1178 3607 1249 καρπὸς
3642 1177 3743 1231 αύ-

2153 1275 2268 1340 τοῧ,
2301 1276 2395 1329 xui
2439 1274 2826 1344 ἐξανθήσουσιν
2859 1274 2923 1325 ὲκ
2971 1271 3175 1336 πόλεως
3223 1271 3357 1324 ὡσεὶ
3402 1270 3594 1342 χόρτος
3639 1273 3742 1340 τῆς

2152 1371 2276 1441 γῆς.
2327 1386 2345 1420 ³
2376 1369 2563 1431 Ὅπως
2597 1365 2881 1438 ὑπερήρθη
2911 1364 3004 1418 τοῦ
3039 1362 3520 1436 προφητευομένου
3559 1361 3744 1432 Σωτῆο

2153 1476 2247 1531 ρος
2294 1459 2452 1530 ήμῶν
2504 1459 2534 1511 ὁ
2581 1458 2791 1528 καρπὸς
2829 1456 2970 1529 ὑπὲρ
3013 1456 3105 1510 τὸν
3149 1455 3383 1510 Λίϐανον
3424 1455 3635 1526 νοήσεις
3670 1454 3741 1506 τά

2153 1551 2283 1623 περὶ
2312 1550 2405 1604 τοῦ
2432 1550 2665 1604 Λιϐάνου
2696 1552 2754 1603 ὲν
2786 1549 3148 1620 προφητείαις
3173 1546 3471 1618 λελεγμένα
3503 1562 3741 1614 συναγα-

2152 1642 2284 1713 γών.
2322 1644 2551 1715 Εἴρηται
2584 1644 2640 1698 δὲ
2672 1644 2730 1695 ἐν
2778 1643 2877 1713 μὲν
2911 1641 2988 1713 τῷ
3030 1641 3260 1713 Ἠσαῒα’
3294 1659 3312 1691 ι
3357 1640 3487 1693 Ἰδοὺ
3520 1639 3583 1710 δή
3618 1638 3738 1692 Κύ-

2154 1755 2267 1807 ριος
2339 1736 2566 1791 Σαϐαὼθ
2644 1736 3008 1807 συνταράσσει
3075 1733 3204 1797 τοὺς
3268 1732 3519 1799 εὐδόξους
3596 1732 3739 1803 μετά

462 1816 687 1886 dine";
724 1835 743 1871 ι
767 1825 821 1874 et
848 1827 1037 1890 postea
1071 1838 1085 1875 :
1121 1838 1139 1873 ι
1176 1819 1418 1877 Libanus
1448 1828 1630 1878 autem
1656 1838 1779 1877 cum
1810 1823 2033 1878 excelsis

2151 1829 2364 1900 ἰσχύοςο
2394 1848 2414 1881 ³
2464 1830 2557 1882 καὶ
2589 1826 2713 1898 ὲξῆς
2735 1845 2747 1857 ’
2792 1845 2811 1879 ι
2861 1827 2920 1880 Ὀ
2952 1826 3011 1879 δὲ
3048 1825 3280 1889 Λίϐανος
3316 1824 3413 1877 σὺν
3455 1826 3569 1887 τοῖς
3596 1823 3738 1895 ὑψη-

461 1910 619 1966 cadet
632 1910 699 1968 ⁵⁸.
728 1930 748 1965 ι
782 1909 842 1967 ln
867 1911 1131 1967 Zacharia
1154 1928 1283 1969 vero
1315 1913 1489 1970 fertur
1516 1934 1529 1970 :
1563 1933 1581 1966 ι
1607 1914 1792 1986 Aperi,
1812 1914 2037 1979 Libane,

460 2010 651 2071 portas
687 2014 830 2069 tuas,
862 2010 919 2059 et
961 2003 1186 2060 devoret
1223 2005 1366 2075 ignis
1416 2005 1612 2063 cedros
1636 2014 1759 2062 tuas
1781 2008 1849 2061 ".
1892 2026 1908 2059 ι
1951 2006 2041 2061 bi-

460 2103 608 2147 etum
646 2093 774 2149 item
808 2092 910 2148 fuit
943 2094 1000 2149 in
1031 2096 1292 2151 vicesimo
1314 2106 1509 2153 octavo
1542 2099 1755 2169 psalmo
1787 2116 1802 2152 :
1840 2116 1861 2150 (
1897 2097 2043 2153 Cou-

461 2186 661 2258 fringet
690 2184 955 2244 Dominus
995 2186 1191 2245 cedros
1223 2188 1439 2257 Libani,
1467 2199 1522 2247 et
1570 2191 1905 2247 comminuet
1946 2207 2040 2247 eas

458 2288 722 2350 tanquam
774 2279 1008 2335 vitulum
1064 2279 1329 2335 Libanum
1349 2282 1415 2335 ⁶⁰.
1450 2300 1469 2334 ι
1515 2280 1624 2338 llas
1664 2298 1830 2353 porro
1874 2298 2040 2339 voces

458 2387 592 2426 sane
626 2370 894 2429 obscuras
933 2372 1170 2444 explicat
1217 2372 1505 2444 Scriptura
1535 2374 1589 2429 in
1626 2372 1917 2430 Ezechiele
1955 2374 2041 2429 di-

456 2478 590 2519 cens
621 2483 635 2519 :
669 2482 687 2516 ι
716 2464 912 2535 Aquila
965 2464 1191 2535 grandis
1241 2480 1564 2537 magnarum
1600 2466 1833 2532 alarum,
1876 2466 2039 2539 longo

456 2556 831 2612 membrorum
885 2557 1076 2623 ductu,
1126 2558 1287 2629 plena
1344 2558 1642 2628 unguibus,
1704 2557 2041 2629 ductumque

456 2646 667 2704 habens
731 2657 792 2703 ut
845 2646 1187 2718 ingrediatur
1238 2649 1295 2702 in
1352 2646 1644 2711 Libanum,
1693 2656 1747 2704 et
1794 2649 2041 2705 exsecuit

458 2747 647 2797 tenera
676 2738 922 2807 cedri“;
963 2759 982 2793 ι
1012 2739 1214 2810 quibus
1241 2739 1462 2796 subdit:
1501 2757 1519 2791 ι
1551 2739 1688 2796 Cum
1719 2742 1929 2796 venerit
1944 2756 2039 2797 rex

456 2832 779 2905 Babylonis,
813 2843 868 2890 et
920 2833 1205 2904 ingressus
1238 2832 1403 2889 fuerit
1427 2834 1482 2888 in
1521 2832 1847 2903 Jerusalem,
1884 2851 2042 2891 assu-

457 2934 570 2981 met
606 2926 883 2997 principes
899 2927 965 2982 θ’.
989 2944 1008 2979 ι
1036 2926 1133 2982 llis
1151 2927 1351 2998 quippe
1380 2929 1528 2983 clare
1568 2928 1853 2999 prophetia
1882 2929 2039 2998 aqui-

453 3017 563 3073 lam
587 3019 846 3090 grandem
876 3034 1201 3091 magnarum
1228 3020 1461 3085 alarum,
1492 3034 1674 3091 regem
1714 3019 2039 3092 Babylonio-

451 3126 574 3165 rum
589 3110 1003 3182 interpretatur;
1018 3109 1284 3167 Libanum
1299 3127 1427 3167 vero
1438 3111 1762 3168 Jerusalem.
1782 3109 2039 3196 Reliquo-

2146 1919 2257 1984 λοῖς
2284 1921 2548 1972 πεσεῖται.
2584 1938 2602 1969 ι
2633 1916 2898 1971 Λέλεκται
2928 1915 2984 1969 δὲ
3017 1916 3111 1969 καὶ
3136 1917 3192 1968 ὲν
3222 1913 3469 1985 Ζαχαρίᾳ
3487 1931 3501 1944 ο
3526 1932 3544 1965 ι
3573 1912 3733 1966 Διάν-

2143 2011 2307 2079 οιξον,
2364 2011 2395 2063 6
2438 2010 2693 2077 Λίϐανος,
2731 2010 2829 2073 τὰς
2874 2007 3047 2071 πύλας
3086 2024 3199 2072 σου,
3225 2006 3322 2060 xui.
3364 2003 3735 2073 καταφαγέτω

2143 2103 2257 2175 πῦρ
2282 2102 2378 2168 τὰς
2404 2103 2629 2175 κέδρους
2656 2119 2768 2155 σου.
2806 2120 2825 2153 ι
2854 2100 3083 2171 Εἴρηται
3109 2098 3166 2151 δὲ
3190 2097 3284 2151 καὶ
3313 2098 3369 2150 ὲν
3396 2097 3482 2168 κη’

2150 2216 2168 2249 ι
2201 2194 2490 2267 Συντρίψει
2529 2194 2627 2257 τὰς
2672 2193 2897 2263 κέδρους
2927 2190 3022 2244 τοῦ
3058 2188 3313 2256 Λιϐάνου,
3359 2189 3453 2242 xui.
3482 2187 3739 2241 λεπτυνεῖ

2142 2287 2314 2351 αύτάς
2341 2287 2415 2351 ὡς
2453 2287 2543 2341 τὸν
2588 2287 2788 2358 μόσχον
2826 2284 2918 2338 τὸν
2968 2282 3225 2336 Λιϐανον.
3266 2300 3285 2334 ι
3335 2280 3646 2334 Ἐπιλύεται
3678 2279 3736 2332 δὲ

2142 2381 2346 2446 ταύτας
2369 2381 2469 2445 τὰς
2497 2380 2681 2450 φωνάς
2705 2380 2934 2447 ἀσαφεῖς
2963 2376 3128 2441 ούσας
3154 2376 3181 2428 6
3204 2375 3355 2448 παρὰ
3379 2375 3457 2446 τῷ
3486 2374 3737 2443 Ἐζεκιὴλ

2142 2474 2368 2544 φάσκων
2400 2472 2557 2541 λόγος
2582 2488 2594 2501 ·
2636 2490 2654 2523 ι
2698 2470 2756 2523 '0
2788 2469 2945 2532 ἀετὸς
2977 2470 3005 2522 6
3049 2468 3223 2539 μέγας
3261 2470 3289 2521 6
3325 2466 3737 2538 μεγαλοπτέρυ-

2141 2582 2257 2635 γος,
2291 2567 2319 2619 6
2364 2564 2571 2627 πλατὺς
2611 2566 2679 2634 τῇ
2715 2562 2957 2626 ἐκτάσει,
3018 2561 3231 2633 πλήρης
3264 2560 3495 2631 ὀνύχων,
3528 2559 3589 2623 ὃς
3622 2560 3737 2630 ἔχει

2140 2659 2201 2712 τὸ
2228 2659 2421 2730 ἦγημα
2447 2656 2706 2710 εἰσελθεῖν
2732 2656 2812 2718 εἰς
2841 2654 2933 2709 τὸν
2974 2653 3222 2717 Λίϐανον,
3249 2652 3341 2706 xui.
3384 2651 3631 2721 ἀπέκοψε
3663 2651 3734 2704 τά

2139 2746 2326 2802 ἁπαλὰ
2368 2750 2466 2818 τῆς
2497 2746 2719 2818 κέδρου·
2761 2764 2778 2797 ι
2808 2738 2888 2808 οἷς
2915 2742 3041 2813 ἑξῆς
3064 2743 3397 2811 ὲπιλέγεται’
3435 2762 3454 2795 ι
3495 2743 3626 2795 Ὅτε
3666 2742 3734 2795 ἀν

2142 2840 2268 2914 ἔλθη
2292 2842 2319 2893 6
2346 2839 2599 2910 βασιλεὺς
2630 2838 2949 2904 Βαϐυλῶνος
2981 2838 3077 2893 xui.
3101 2837 3317 2908 εἰσέλθῃ
3343 2837 3424 2899 εἰς
3458 2835 3733 2907 Ἰερουσα-

2139 2934 2270 3005 λὴμ,
2308 2934 2401 2988 καὶ
2431 2932 2660 3003 λήψεται
2693 2932 2819 2995 τοὺς
2853 2930 3141 3003 ἄρχοντας.
3171 2948 3189 2981 ι
3239 2928 3431 2998 Σαφῶς
3482 2927 3594 2999 γάρ
3640 2924 3731 2979 διὰ

2138 3024 2344 3078 τούτων
2385 3026 2419 3094 ἡ
2467 3022 2775 3096 προφητεία
2824 3021 2916 3074 τὸν
2958 3021 3057 3092 μὲν
3098 3020 3255 3074 ἀετὸν
3287 3019 3379 3071 τὸν
3434 3018 3607 3089 μέγαν
3636 3016 3731 3070 τὸν

2144 3114 2617 3187 μεγαλοπτέρυγον
2640 3113 2729 3166 τὸν
2765 3112 2990 3183 βασιλέα
3030 3112 3137 3165 τῶν
3166 3108 3519 3163 Βαϐυλωνίων
3543 3108 3721 3179 ήρμή-

450 3215 573 3255 rum
598 3200 726 3257 item
750 3200 1134 3272 prophetarum
1161 3201 1327 3269 dicta,
1350 3216 1449 3257 ceu
1475 3201 1541 3257 de
1571 3200 1781 3255 Libano
1800 3201 2032 3272 prolata,

2140 3223 2319 3270 νευσε,
2351 3205 2444 3258 τὸν
2477 3205 2533 3258 δὲ
2572 3204 2802 3259 Λίϐανον
2832 3201 3319 3274 τὴνῚερουσαλήμ.
3366 3199 3730 3271 Ἐφαρμόσεις

447 3292 804 3366 Ιετοεοιγωω
835 3294 1068 3365 aptabis.
1098 3293 1254 3349 Enim
1296 3310 1426 3351 vero
1455 3310 1619 3350 nemo
1647 3311 1715 3351 ex
1742 3295 2035 3350 circumci-

448 3386 608 3442 sione
641 3386 798 3442 fateri
829 3386 1064 3452 dubitet,
1100 3387 1167 3442 iis
1196 3402 1318 3457 qua:
1342 3387 1410 3444 de
1435 3386 1644 3443 Libano
1670 3386 1929 3442 dicuntur
1950 3385 2036 3443 Je-

447 3475 785 3548 rosolymam
836 3476 1177 3532 adumbrari.
1234 3496 1253 3528 ι
1304 3475 1837 3548 Superexaitabitur,
1895 3496 1913 3531 ι
1974 3486 2034 3532 ut

450 3566 557 3622 fert
584 3582 766 3623 sermo
796 3583 1063 3639 praesens,
1092 3586 1109 3619 ι
1131 3584 1297 3639 super
1318 3568 1587 3623 Libanum
1617 3568 1828 3631 fructus
1854 3569 2027 3640 ejus,»

448 3658 664 3715 scilicet
697 3656 1003 3714 Servatoris
1042 3658 1109 3714 de
1144 3674 1253 3729 quo
1276 3658 1563 3729 prophetia
1600 3658 1862 3728 loquitur.
1886 3656 2031 3712 Fru-

446 3761 573 3809 ctus
600 3759 782 3808 autem
810 3751 930 3822 ejus
948 3751 1073 3822 quis
1106 3750 1292 3815 fuerit,
1325 3751 1430 3807 nisi
1459 3749 1706 3806 Ecclesia
1725 3750 1901 3820 ipsius
1936 3765 2033 3819 per

446 3855 622 3902 totum
658 3846 849 3903 orbem
882 3846 1116 3911 firmata,
1152 3845 1221 3902 de
1246 3860 1355 3916 qua
1393 3843 1679 3899 dicebatur
1707 3864 1719 3898 :
1752 3862 1769 3894 ι
1803 3843 1919 3897 Erit
1944 3844 2033 3896 ﬂr-

445 3947 783 3995 mamentum
828 3938 885 3993 in
917 3948 1065 3994 terra
1099 3938 1156 3993 in
1195 3936 1428 3993 summis
1478 3936 1782 3991 montium?
1816 3956 1833 3988 ι
1880 3933 2032 3989 lianc

446 4031 631 4101 itaque
669 4044 835 4100 super
863 4028 1131 4085 Libanum
1177 4027 1525 4084 exaltandam
1557 4043 1680 4084 esse
1707 4027 1763 4082 in
1796 4027 2032 4097 prophe-

445 4122 522 4176 tia
556 4122 779 4179 dicitur.
807 4120 958 4175 Licet
982 4120 1127 4175 enim
1158 4119 1402 4177 Libanus
1427 4121 1538 4185 ille,
1574 4135 1771 4191 nempe
1802 4117 2030 4173 Jeroso-

446 4211 615 4284 lyma,
639 4212 768 4266 olim
799 4210 974 4282 gloria
1006 4208 1147 4263 aﬂiei
1176 4215 1232 4265 et
1258 4208 1453 4265 ﬂorere
1485 4209 1637 4265 visus
1671 4209 1778 4277 sit;
1810 4218 1864 4263 at
1893 4225 2031 4279 pra:-

445 4303 701 4361 Stantiori
758 4301 1286 4374 incomparabilique
1352 4300 1515 4357 modo
1582 4300 2029 4371 superexaltatus

442 4398 547 4451 fuit
565 4395 875 4453 Servatoris
897 4395 1069 4449 nostri
1099 4394 1332 4458 fructus,
1352 4408 1449 4449 seu
1474 4392 1714 4449 Ecclesia
1740 4409 1835 4463 per
1851 4400 2025 4448 totum

442 4492 628 4547 orbem
666 4490 985 4547 constituta.
1012 4489 1128 4546 Sub
1148 4489 1265 4544 haac
1286 4497 1468 4545 autem
1492 4487 1722 4560 populos
1744 4488 1799 4542 in
1832 4486 2022 4555 singu-

2139 3296 2197 3349 δὲ
2230 3297 2324 3349 καὶ
2354 3294 2425 3348 τὰ
2448 3294 2600 3367 παρὰ
2625 3297 2737 3357 τοῖς
2766 3293 2972 3358 λοιποῖς
3003 3296 3307 3366 προφήταις
3336 3291 3525 3363 ὥσπερ
3556 3288 3723 3345 Λιϐάο

2136 3405 2229 3441 νου
2273 3386 2571 3459 λελεγμένα
2620 3388 2686 3458 τῇ
2734 3386 3112 3460 Ἰερουσαλήμ.
3166 3383 3305 3436 Ἀλλ’
3352 3382 3473 3436 οὐδὲ
3504 3380 3613 3433 τῶν
3656 3382 3725 3435 ἐκ

2136 3484 2439 3554 περιτομῆς
2472 3498 2553 3544 τις
2581 3480 2911 3552 ἀμφιϐάλλοι
2946 3480 3013 3533 ἂν
3046 3477 3122 3551 μὴ
3154 3477 3274 3549 οὐχὶ
3321 3474 3449 3547 περὶ
3480 3476 3579 3545 τῆς
3616 3473 3718 3528 ἰεο

2138 3574 2416 3647 ρουσαλὴμ
2444 3574 2777 3627 αἰνίττεσθαι
2806 3572 3087 3643 ὁμολογεῖν
3114 3570 3183 3623 τά
3214 3568 3342 3641 περὶ
3368 3566 3600 3623 Λιϐάνου
3630 3564 3721 3619 λι-

2134 3665 2389 3737 λεγμένα.
2444 3684 2461 3716 ι
2515 3663 2985 3737 ’Υπεραρθήσεται
3021 3681 3039 3713 ι
3074 3662 3273 3726 τοίνυν,
3305 3660 3364 3713 τὸ
3408 3658 3584 3730 παρὸν
3624 3657 3719 3709 λόε-

2134 3757 2250 3826 γιόν
2283 3774 2467 3828 φησιν,
2527 3776 2544 3807 ι
2586 3755 2727 3827 ὑπὲρ
2759 3756 2849 3807 τὸν
2894 3754 3123 3808 Λίϐανον
3158 3755 3186 3806 ὁ
3218 3751 3426 3824 καρπὸς
3462 3747 3653 3813 αὑτοῦ,
3695 3767 3717 3801 ι

2134 3849 2336 3921 δηλαδὴ
2390 3848 2483 3902 τοῦ
2530 3846 3009 3919 προφητεύομένου
3055 3846 3326 3916 Σωτῆρος.
3379 3842 3607 3914 Καρπὸς
3662 3841 3721 3895 δὲ

2134 3944 2296 3999 αὐτοῦ
2331 3944 2412 4010 τίς
2445 3944 2509 3998 ἂν
2540 3942 2802 4013 γένοιτοῆ
2849 3941 3143 4012 Ἐκκλησία
3171 3937 3333 3992 αὑτοῦ
3378 3940 3411 4009 ή
3440 3936 3561 3990 καθ’
3589 3937 3720 4009 ὅλης

2135 4042 2234 4110 τῆς
2300 4035 2624 4109 οἰκουμένης
2687 4032 3095 4105 έστηριγμένη,
3156 4031 3285 4103 περὶ
3338 4025 3406 4101 ἦς
3463 4028 3713 4096 ὲλέγετο’

2140 4149 2158 4181 ι
2205 4130 2397 4183 Ἔσται
2434 4130 2709 4200 στήριγμα
2742 4128 2799 4178 ὲν
2832 4128 2898 4197 τῇ
2928 4127 2997 4195 γῇ
3025 4124 3111 4176 ἐπ’
3136 4124 3303 4194 ἀκρον
3336 4120 3444 4175 τῶν
3474 4120 3710 4191 ὀρέωνςι

2133 4223 2281 4293 Αὕτη
2313 4222 2491 4277 τοίνυν
2522 4217 2990 4291 ύπεραρθήσεσθαθ
3028 4216 3168 4289 ὑπὲρ
3195 4215 3285 4268 τὸν
3318 4213 3547 4266 Λίϐανον
3578 4228 3715 4283 προ-

2134 4314 2428 4385 φητεύεται
2450 4329 2463 4342 ·
2504 4314 2551 4366 εί
2580 4312 2688 4383 γάρ
2712 4312 2805 4365 καὶ
2845 4308 2990 4375 ἔδοξέ
3027 4325 3157 4361 ποτε
3197 4308 3225 4358 ὁ
3259 4304 3516 4378 δηλωθεὶς
3548 4302 3716 4358 Λίϐα-

2132 4422 2242 4468 νος,
2282 4404 2425 4473 λέγω
2454 4403 2510 4456 δὲ
2544 4403 2577 4473 ή
2617 4401 2992 4473 Ἰερουσαλὴμ,
3033 4396 3349 4465 δοξάζεσθαι
3382 4396 3475 4448 καὶ
3506 4393 3711 4455 ἀνθεῖν,

2133 4496 2246 4550 ἀλλ’
2290 4494 2572 4567 ὑπερήρθη
2607 4495 2701 4547 καὶ
2732 4492 2866 4546 πολῦ
2896 4492 3111 4545 κάλλιον
3149 4490 3364 4559 ἐκείνης
3395 4486 3713 4557 ἀσυγκρίτῳ

442 4582 512 4638 lis
544 4582 772 4637 urbibus
800 4582 1061 4637 collectos
1098 4557 1617 4651 multitudinemque
1646 4593 1901 4650 magnam
1937 4577 2024 4631 in-

2138 4557 2499 4659 ὑπεροχῇ
2534 4557 2784 4657 Σιιτῆρος
2830 4583 2986 4657 ἡμῶν
3033 4584 3060 4635 6
3100 4557 3331 4655 καρπὸς,
3363 4580 3394 4650 ή
3425 4577 3548 4631 καθ’
3579 4576 3711 4647 ὅλης

441 4675 588 4730 dicat
628 4675 716 4731 his
761 4676 984 4732 verbis:
1022 4694 1041 4726 ‹
1078 4673 1144 4728 Et
1187 4673 1461 4731 ﬂorebunt
1505 4673 1571 4727 de
1618 4671 1840 4727 civitate
1879 4670 2022 4725 sicut

2138 4678 2328 4750 δηλαδὴ
2374 4680 2473 4748 τῆς
2518 4676 2843 4746 οἰκουμένης
2883 4672 3180 4744 Ἐκκλησία
3232 4670 3443 4741 γέγονε.
3486 4666 3710 4728 Τούτοις

441 4768 628 4823 fenum
661 4776 837 4824 terras.
873 4788 893 4821 ι
926 4766 1061 4822 Illud
1092 4782 1280 4839 porro,
1327 4786 1346 4820 ι
1379 4765 1446 4822 de
1467 4765 1711 4828 civitate,
1755 4784 1774 4816 ι
1812 4762 2021 4817 dictum

2138 4771 2255 4841 ἑξῆς
2282 4771 2406 4833 τοὺς
2438 4770 2601 4832 λαοὺς
2646 4768 2772 4831 τοὺς
2807 4765 2949 4821 κατά
2988 4767 3168 4818 πᾶσαν
3194 4763 3348 4816 πόλιν
3379 4775 3710 4842 συγκροτου-

439 4870 547 4927 est,
578 4862 737 4932 quasi
776 4862 1008 4933 singulis
1047 4862 1102 4916 in
1133 4860 1447 4917 civitatibus
1480 4866 1534 4913 et
1563 4857 1822 4912 omnibus
1862 4855 1917 4910 in
1943 4854 2022 4908 lo-

438 4955 544 5009 cis.
575 4953 691 5010 lmo
717 4955 880 5010 etiam
915 4954 1162 5011 Ecclesia
1193 4955 1390 5025 ipsius,
1417 4952 1488 5007 ob
1518 4950 1740 5021 politiea
1773 4957 1826 5004 et
1863 4960 2021 5003 evan-

441 5046 636 5116 geliea,
667 5048 827 5117 queis
864 5048 1055 5110 utitur,
1084 5045 1359 5110 instituta,
1398 5043 1598 5097 civitas
1638 5040 1733 5095 Dei
1768 5048 2025 5094 vocatur.

441 5140 624 5205 Quare
646 5136 857 5193 dictum
892 5146 1015 5193 est:
1047 5156 1068 5192 ι
1096 5136 1347 5193 Gloriosa
1393 5134 1546 5188 dicta
1583 5141 1715 5187 sunt
1740 5130 1807 5185 de
1837 5137 1911 5193 te,
1937 5128 2020 5182 ci-

438 5228 582 5285 vitas
605 5224 793 5296 Dei“;
827 5236 915 5284 iet
946 5242 1167 5283 rursum
1195 5244 1208 5281 :
1244 5243 1264 5275 ι
1300 5222 1568 5278 Ftuminis
1587 5221 1820 5290 impetus
1850 5217 2022 5273 laetiﬁ-

439 5330 570 5376 eant
610 5320 886 5377 civitatem
928 5318 1024 5377 Dei
1044 5319 1108 5375 “.
1142 5336 1161 5369 ι
1194 5313 1333 5382 Quia
1374 5330 1506 5384 ergo
1554 5312 1749 5369 civitas
1789 5311 1883 5367 illa
1926 5308 2022 5364 Dei

439 5414 605 5470 ﬂuvio
625 5415 680 5469 in
699 5430 759 5471 se
785 5413 1119 5475 exundante,
1142 5425 1240 5465 seu
1264 5406 1453 5470 verbo,
1486 5405 1734 5476 irrigata,
1769 5416 2021 5474 magnam

438 5504 647 5574 profert
680 5507 854 5561 turbae
887 5506 941 5560 in
996 5501 1241 5559 Ecclesia
1282 5499 1528 5555 collectae
1567 5494 1975 5551 multitudinem
2004 5510 2019 5559 ;

433 5598 559 5668 jure
597 5598 856 5671 adjicitur
886 5614 897 5649 :
936 5617 954 5650 ι
997 5596 1061 5651 Et
1086 5594 1359 5649 ﬂorebunt
1390 5592 1459 5647 de
1494 5590 1719 5644 civitate
1750 5588 1897 5643 sicut
1937 5592 2020 5644 te-

1040 5711 1084 5745 "
1114 5711 1244 5765 ibid.
1278 5708 1367 5765 Si.
1445 5710 1488 5739 "
1522 5705 1689 5761 Zaeh.
1724 5721 1799 5773 ιι,
1834 5707 1883 5762 l.

1086 5784 1131 5814 “
1170 5781 1313 5838 Psal.
1348 5795 1471 5849 ην,
1512 5780 1563 5834 5.

510 5715 554 5745 ⁸⁷
582 5714 688 5768 lsa.
743 5731 798 5773 κ.
839 5714 926 5766 35.

440 5782 485 5813 ⁸³
520 5781 665 5839 Psal.
710 5800 930 5848 tum,
964 5784 1015 5836 3.

1994 5709 2037 5739 “
2066 5708 2211 5763 Psal.
2272 5724 2463 5771 xxvm,
2496 5707 2549 5769 5,
2585 5706 2637 5759 6.

2129 4863 2323 4935 μένους
2349 4863 2442 4916 xui.
2470 4860 2541 4914 τὰ
2567 4859 2737 4912 πολλά
2773 4858 2953 4929 πλήθη
2987 4856 3284 4928 παρίστησι
3310 4853 3483 4922 λέγων
3506 4868 3519 4879 ·
3558 4868 3574 4898 ι
3596 4848 3710 4900 Καὶ

2125 4954 2509 5025 ὲξανθήσουσιν
2542 4954 2605 5004 ὲκ
2644 4951 2850 5015 πόλεως
2890 4950 3021 5003 ὼσεί
3049 4953 3239 5020 χόρτος
3276 4945 3376 5015 τῆς
3417 4944 3533 5013 γῆς.
3574 4960 3591 4991 ι
3632 4941 3708 4992 T6

2128 5046 2205 5108 δὲ,
2248 5064 2264 5097 ι
2303 5047 2387 5107 ὲκ,
2415 5044 2643 5108 πόλεως,
2683 5064 2699 5094 ι
2736 5044 2970 5116 εῐρηται,
3003 5040 3123 5094 ἀντὶ
3163 5038 3280 5103 τοῦ,
3316 5035 3431 5090 καθ’
3468 5034 3708 5102 ἑκάστην

2130 5138 2284 5190 πόλιν
2311 5138 2403 5190 xui
2429 5135 2569 5189 κατά
2601 5135 2779 5189 πάντα
2806 5135 2990 5188 τόπον.
3032 5129 3189 5183 Ἀλλά
3221 5128 3313 5182 καὶ
3345 5130 3379 5198 ή
3414 5123 3706 5194 Ἐκκλησία

2129 5223 2292 5277 αὑτοῦ
2336 5224 2486 5286 πόλις
2532 5223 2846 5293 ὠνόμασται
2880 5221 2971 5274 τοῦ
3019 5217 3154 5272 Θεοῦ
3199 5215 3289 5270 διὰ
3332 5216 3431 5286 τὴν
3474 5214 3532 5265 ὲν
3566 5211 3702 5281 αὐτῇ

2132 5312 2522 5383 συνισταμένην
2548 5311 2777 5381 νόμιμον
2801 5310 2893 5362 καὶ
2914 5306 3273 5375 εὐαγγελικὴν
3294 5301 3583 5355 πολιτείαν.
3615 5300 3705 5351 Διὸ

2130 5404 2405 5456 λέλεκται·
2451 5422 2466 5454 ι
2501 5401 2869 5473 Δεὸοςασμένα
2917 5396 3147 5468 ἐλαλήθη
3183 5395 3309 5465 περὶ
3339 5391 3454 5456 σοῦ,
3482 5392 3517 5461 ή
3553 5390 3703 5449 πόλις

2129 5495 2220 5549 τοῦ
2248 5495 2381 5548 Θεοῦ
2402 5513 2413 5525 ο
2452 5515 2468 5545 ι
2499 5495 2593 5547 xui.
2617 5494 2775 5547 πάλιν
2798 5511 2809 5523 ·
2854 5512 2871 5543 ι
2907 5489 3013 5545 Τοῦ
3042 5486 3287 5558 ποταμοῦ
3314 5484 3383 5538 τά
3407 5482 3703 5555 ὁρμήματά

2130 5590 2481 5660 εὐφραίνουσι
2530 5587 2626 5657 τὴν
2676 5586 2828 5640 πόλιν
2872 5584 2963 5637 τοῦ
3009 5581 3165 5638 Θεοῦ.
3207 5600 3225 5631 ι
3265 5578 3415 5632 Ἐπεὶ
3450 5575 3627 5627 τοίνυν
3667 5571 3701 5639 ἡ

2746 5708 2787 5737 ⁶¹
2821 5702 3013 5758 Ezech.
3063 5699 3270 5761 \vtt,5.
3350 5695 3393 5727 "
3422 5690 3551 5746 ibid.
3612 5684 3694 5739 12.
