4068 6520
366 334 469 389 817

1498 334 2009 393 COMMENTARIA
2048 335 2119 393 ΙΝ
2152 336 2488 396 PSALMOS.

3523 332 3627 390 818

367 458 524 520 πόλις
567 454 660 509 τοῦ
706 454 863 519 Θεοῦ,
902 454 1235 526 ἀρδευομένη
1277 454 1354 525 τῷ
1403 456 1460 508 ἐν
1504 456 1643 526 αὐτῇ
1690 455 1949 528 πλημμύο

2060 472 2181 510 num
2216 462 2394 512 teme.
2435 475 2453 509 ι
2504 452 2862 511 Praemittitut‘
2898 468 3031 510 sane
3082 449 3452 517 multitudini,
3509 466 3631 520 quae

370 555 514 624 ροντι
540 547 789 619 ποταμῷ,
823 546 988 618 λόγῳ,
1032 546 1164 601 πολὺ
1196 547 1397 619 πλῆθος
1440 547 1701 620 προφέρει
1735 548 1842 601 τῶν
1888 549 1948 601 ἐν

368 645 435 714 τῇ
482 640 778 712 Ἐκκλησία
800 640 1302 713 συγκροτουμένων,
1330 640 1555 704 εἰκότως
1578 640 1914 694 ἐπιλέλεκται
1930 660 1944 673 ·

376 755 395 788 ι
425 736 534 788 Καὶ
559 732 939 805 ἐξανθήσουσιν
970 734 1035 786 ἐκ
1060 733 1268 796 πόλεως
1292 732 1423 785 ὡσεὶ
1447 733 1637 804 χόρτος
1667 734 1765 804 τῆς
1788 735 1909 805 γῆς.
1925 753 1944 787 ι

371 830 673 901 Προηγεῐτο
703 828 801 899 μὲν
823 823 916 882 οὖν
942 828 1035 882 τοῦ
1059 829 1251 899 χόρτου
1277 828 1431 899 δίκην
1451 828 1795 895 ἐξανθοῦντος
1822 830 1953 902 πλή-

372 921 495 985 θους
534 922 563 975 ό
595 919 1023 993 προλελεγμένος
1068 921 1282 992 καρπὸς
1322 919 1508 985 αὐτοῦ,
1543 920 1678 975 πολὺ
1729 920 1950 992 βελτίων

372 1016 467 1067 καὶ
521 1014 786 1085 κρείττων
838 1013 1123 1085 τυγχάνων
1166 1012 1259 1066 τοῦ
1305 1012 1501 1085 χόρτου
1556 1013 1658 1085 τῆς
1698 1014 1800 1085 γῆς
1825 1031 1839 1044 ο
1871 1014 1952 1068 διὸ

373 1105 734 1175 προτέτακται
763 1104 844 1158 τό·
882 1124 900 1156 ι
924 1103 1392 1176 ’Υπεραρθήσεται
1418 1103 1559 1176 ὑπὲρ
1598 1104 1692 1157 τὸν
1723 1105 1951 1159 Λίϐανον

370 1200 399 1252 0
445 1196 655 1269 καρπὸς
686 1197 880 1251 αὐτοῦ·
921 1216 941 1249 ι
986 1195 1125 1267 μετὰ
1150 1196 1207 1250 δὲ
1236 1196 1329 1251 τὸν
1374 1196 1585 1269 καρπὸν
1612 1196 1701 1251 τὸν
1744 1196 1953 1269 ἐξαίρε-

372 1305 481 1351 τον,
510 1287 636 1350 τούς
663 1286 721 1340 ἐν
750 1289 818 1358 τῇ
864 1287 1159 1359 Ἐκκλησία
1203 1286 1405 1359 δηλαδὴ
1448 1287 1950 1361 καρποφοροῦντας,

371 1379 440 1432 τά
466 1377 629 1432 λοιπὰ
656 1377 834 1450 πλήθη
879 1378 1207 1451 καταριθμεῖ
1246 1378 1335 1432 διὰ
1363 1378 1478 1433 τοῦθ
1521 1399 1540 1433 ι
1581 1379 1691 1434 Καὶ
1728 1379 1954 1452 ἐξανθή-

374 1489 554 1525 σουσιν
594 1473 657 1526 ἐκ
699 1472 908 1535 πόλεως
942 1472 1075 1525 ὡσεὶ
1119 1473 1311 1543 χόρτος
1347 1473 1447 1543 τῆς
1478 1473 1601 1541 γῆς.
1638 1491 1657 1524 ι
1705 1468 1817 1526 Εἶτ’
1861 1473 1954 1526 ἐπὶ

370 1564 582 1629 τούτοις
618 1564 868 1635 λέγεται·
918 1584 936 1617 ι
971 1567 1167 1618 Ἔσται
1198 1566 1258 1618 τὸ
1298 1566 1467 1637 ὄνομα
1507 1566 1672 1621 αὐτοῦ
1710 1567 1792 1630 είς
1829 1566 1955 1630 τούς

372 1658 591 1721 αἰῶνας.
626 1678 643 1710 ι
682 1658 1037 1730 Διαμένοντος
1061 1659 1119 1712 δὲ
1152 1660 1248 1713 κα)⁵
1268 1659 1668 1723 διαιωνίξοντος
1693 1659 1787 1712 τοῦ
1822 1661 1956 1731 Χρι-

373 1744 499 1798 στοῦ
525 1746 805 1817 ὀνόματος,
832 1748 1396 1820 συμπαρεκτείνεσθαι
1423 1749 1598 1803 καὶτὸ
1615 1749 1956 1821 Χριστιανῶν

2057 550 2233 605 instar
2282 546 2390 604 feni
2441 547 2773 614 eﬂlorescit,
2828 556 3162 603 memoratus
3212 543 3428 600 fructus
3481 542 3628 613 ejus,

2059 650 2219 715 longe
2266 640 2634 714 praestabilior
2682 640 2985 710 meliorque
3024 638 3149 694 leno
3189 645 3386 703 terra);
3437 651 3633 706 quam-

2057 736 2247 791 obrem
2265 732 2621 806 praepositum
2640 732 2742 788 fuit
2760 731 2896 788 illud
2918 751 2933 788 :
2957 750 2977 785 ι
3007 729 3517 802 Superexaltabitur
3545 742 3630 784 su-

2057 843 2154 900 per
2188 826 2457 884 Libanum
2490 826 2704 882 fructus
2734 826 2856 896 ejus
2888 843 2904 880 :
2943 843 2963 878 ι
3000 830 3123 895 post
3156 822 3393 877 fructum
3449 827 3635 876 autem

2059 922 2215 976 illum
2265 921 2687 991 praecellentem,
2725 918 2981 975 videlicet
3013 923 3139 987 post
3177 930 3273 971 eos
3306 914 3400 986 qui
3436 913 3492 969 in
3530 911 3636 968 Ec-

2058 1014 2227 1070 clesia
2256 1012 2613 1078 fructiﬁcant,
2646 1012 2917 1083 reliquam
2959 1007 3367 1065 multitudinem
3406 1021 3634 1064 enumev

2061 1117 2165 1170 rat,
2198 1104 2279 1162 sic
2311 1104 2503 1160 dicens
2536 1119 2550 1155 :
2592 1122 2611 1156 ι
2644 1102 2711 1157 Et
2736 1102 3007 1158 ﬂorebunt
3028 1101 3096 1157 de
3124 1100 3345 1156 civitate
3391 1099 3536 1156 sicut
3558 1097 3638 1155 fec

2059 1213 2190 1252 num
2222 1205 2403 1253 terra.
2435 1216 2454 1251 ι
2485 1193 2799 1253 Secundum
2829 1194 2946 1250 haec
2977 1193 3221 1249 dicitur:
3251 1190 3408 1246 «Erit
3438 1205 3640 1247 nomen

2059 1291 2181 1361 ejus
2210 1290 2265 1345 in
2293 1289 2514 1346 saecula.
2555 1306 2574 1342 ι
2609 1288 2746 1344 Cum
2794 1302 2961 1360 porro
3011 1301 3211 1342 nomen
3255 1282 3465 1340 Christi
3512 1297 3639 1355 per-

2060 1392 2226 1455 petuo
2281 1388 2522 1446 maneat,
2573 1386 2977 1450 consequenter
3033 1393 3165 1434 sane
3199 1376 3642 1433 Christianorum

2060 1494 2263 1535 nomen
2295 1475 2641 1534 tantumdcm
2675 1473 2943 1546 temporis
2991 1472 3354 1545 permanebit.
3387 1470 3503 1527 Hoc
3539 1484 3642 1524 au-

2064 1580 2169 1627 tem
2191 1586 2393 1627 nomen
2418 1568 2569 1643 quod
2600 1578 2685 1626 est
2707 1583 2873 1640 super
2889 1582 3052 1623 omne
3071 1582 3272 1623 nomen
3294 1573 3421 1620 ante
3448 1559 3645 1619 mundi

2062 1662 2514 1719 constitutionem
2549 1668 2671 1718 erat
2705 1672 2919 1731 :quare
2935 1658 3146 1714 dictum
3179 1664 3263 1713 est
3290 1675 3304 1712 :
3343 1674 3361 1707 ι
3393 1655 3535 1711 Ante
3558 1666 3646 1710 so-

2062 1756 2169 1811 lem
2197 1761 2486 1826 permanet
2530 1768 2729 1809 nomen
2761 1751 2905 1822 ejus.
2944 1769 2964 1803 ι
3003 1749 3271 1821 Superius
3320 1762 3536 1819 quoque
3566 1746 3645 1803 di-

370 1836 541 1907 ὄνομα
571 1838 859 1893 ἀκόλουθον
886 1838 954 1893 ἂν
984 1839 1090 1910 εῐη.
1124 1838 1295 1893 Τοῦτο
1334 1840 1391 1892 δὲ
1423 1839 1485 1893 τὸ
1529 1839 1700 1910 ὄνομα
1727 1839 1789 1892 τὸ
1821 1840 1955 1911 ὑπὲρ

2063 1845 2310 1912 cebatur,
2338 1858 2761 1916 permansurum
2786 1857 2909 1900 esse
2931 1855 3055 1897 cum
3086 1840 3203 1896 sole
3233 1847 3286 1895 et
3312 1847 3438 1893 ante
3454 1838 3642 1892 lunam

372 1932 482 1984 πᾶν
511 1930 681 2002 ὄνομα
713 1931 809 1984 καὶ
852 1931 958 2002 πρὸ
997 1932 1097 2002 τῆς
1126 1930 1219 1984 τοῦ
1253 1930 1459 2002 κόσμου
1496 1931 1808 1995 συστάσεως
1846 1927 1913 2003 ἦν
1938 1949 1952 1964 ·

368 2022 451 2077 διὸ
478 2022 722 2093 εἴρηται·
765 2042 783 2075 ι
820 2024 935 2095 Πρὸ
965 2024 1060 2077 τοῦ
1096 2023 1248 2095 ἡλίου
1291 2024 1537 2094 διαμένει
1566 2024 1627 2077 τὸ
1658 2024 1829 2095 ὄνομα
1859 2024 1957 2077 αὐ-

369 2112 492 2169 τοῦ.
531 2132 551 2164 ι
590 2113 700 2166 Καὶ
740 2113 997 2186 ἀνωτέρω
1025 2114 1082 2167 δὲ
1114 2115 1334 2185 ἐλέγετο
1382 2114 1832 2186 συμπαραμένειν
1879 2114 1957 2186 τῷ

371 2201 509 2273 ήλίῳ
541 2202 638 2255 καὶ
680 2203 786 2274 πρὸ
806 2204 903 2275 τῆς
934 2204 1163 2278 σελήνης
1184 2207 1264 2269 είς
1285 2205 1479 2275 γενεάς
1506 2206 1729 2274 γενεῶν.
1765 2208 1885 2261 Ὀτι
1903 2208 1959 2261 δὲ

368 2293 547 2349 ταῦτα
580 2295 640 2349 οὐ
679 2295 904 2350 δυνατὸν
941 2296 1107 2370 θνητῇ
1144 2299 1456 2371 ἐφαρμόσαι
1490 2299 1671 2368 φύσει,
1714 2299 1958 2369 φθάσαν-

368 2402 462 2450 τες
493 2384 594 2456 ήδη
644 2386 1086 2458 παρεστήσαμεν.
1136 2389 1292 2442 Μετὰ
1341 2389 1512 2442 ταῦτα
1563 2389 1621 2441 δὲ
1671 2389 1955 2443 λέλεκταιο

376 2496 396 2528 ι
431 2476 541 2529 Kal.
575 2475 1063 2549 ἐνευλογηθήσεται
1092 2480 1153 2532 ἐν
1181 2478 1332 2551 αὐτῷ
1374 2479 1553 2539 πάντα
1583 2479 1654 2532 τά
1700 2479 1826 2551 ἔθνη
1859 2479 1958 2549 τῆς

369 2571 494 2641 γῆς.
560 2588 578 2621 ι
646 2564 740 2633 Οἷς
799 2570 1145 2643 παραθήσεις
1201 2572 1293 2626 τὸν
1356 2572 1607 2643 φήσαντα
1665 2573 1805 2644 πρὸς
1868 2572 1958 2627 τὸν

386 2661 636 2735 Ἀδραάμ
680 2664 961 2734 χρησμόν·
1011 2682 1030 2715 ι
1065 2663 1176 2717 Καὶ
1210 2663 1726 2736 ἐνευλογηθήσονται
1779 2666 1838 2720 ἐν
1879 2665 1959 2737 τῷ

372 2753 649 2825 σπέρματί
683 2770 779 2807 σου
816 2755 996 2810 πάντα
1024 2756 1094 2809 τά
1138 2755 1264 2828 ἔθνη
1312 2755 1414 2827 τῆς
1452 2756 1576 2827 γῆς.
1618 2776 1636 2808 ι
1683 2757 1795 2811 Καὶ
1839 2756 1957 2825 θέα,

367 2846 520 2910 ὅπως
566 2847 598 2918 ή
645 2846 783 2917 πρὸς
840 2846 932 2901 τὸν
981 2847 1233 2921 Ἀὅραὰμ
1278 2848 1582 2917 ἐπαγγελία
1634 2849 1961 2917 ἐφυλάττετο

370 2938 516 2993 κατὰ
535 2938 764 3011 χρόνους
786 2941 1156 3014 άνανεουμένη
1183 2940 1250 2995 δι’
1282 2940 1511 2995 ἑκάστου
1544 2944 1840 3016 προφήτου.
1869 2943 1960 3013 Τῷ

371 3028 471 3101 μὲν
516 3030 628 3104 γὰρ
666 3030 919 3104 Ἂὸραάμ
965 3032 1167 3106 πρώτῳ
1217 3034 1438 3088 λέλεκτο
1457 3034 1554 3087 τόο
1593 3052 1612 3085 ι
1653 3034 1960 3107 Εὐλογηθή-

368 3138 552 3176 σονται
586 3125 645 3177 ἐν
672 3123 750 3195 τῷ
781 3124 1055 3196 σπέρματί
1080 3143 1173 3180 σου
1207 3125 1385 3180 πάντα
1410 3126 1480 3180 τά
1501 3125 1627 3198 ἔθνη
1658 3126 1757 3198 τῆς
1787 3126 1953 3197 γῆς’»

369 3212 514 3282 μετὰ
542 3213 597 3266 δὲ
626 3213 805 3267 ταῦτα
837 3216 865 3268 0
904 3214 1103 3270 Ἰακὼὸ
1136 3216 1409 3283 θεσπίζων
1440 3218 1569 3287 περὶ
1594 3216 1688 3271 τοῦ
1720 3217 1957 3291 Χριστοῦ

364 3304 786 3378 ἀναγέγραπται
830 3306 1104 3381 εἰρηκώςο
1145 3327 1165 3361 ι
1215 3311 1332 3364 Οὐκ
1382 3310 1623 3380 ἐκλείψει
1669 3311 1853 3383 ἄρχων
1900 3312 1958 3379 ἐξ

382 3399 550 3455 Ἰούδα
579 3401 683 3465 ἕως
710 3401 776 3456 ἂν
801 3401 929 3476 ἔλθῃ
958 3403 987 3457 0
1017 3403 1307 3459 ἀπόκειται
1341 3406 1451 3477 (1)·
1486 3406 1580 3460 καὶ
1609 3406 1771 3470 αὐτὸς
1809 3406 1959 3461 ἔσται

368 3491 669 3563 προσδοκία
694 3493 884 3550 ἐθνῶν.
937 3514 958 3550 ι
996 3496 1107 3550 Καὶ
1136 3499 1194 3551 ἐν
1222 3498 1335 3560 τοῖς
1376 3496 1512 3567 μετὰ
1545 3496 1719 3549 ταῦτα
1747 3497 1961 3569 χρόνοις

362 3581 526 3650 αὖθις
558 3583 775 3657 εἴρηται
815 3583 906 3638 διὰ
947 3584 1042 3638 τοῦ
1088 3584 1350 3656 Βαλαάμ·
1400 3604 1419 3637 ι
1468 3585 1838 3652 Ἐξελεύσεται
1869 3587 1961 3641 άν-

365 3677 588 3750 θρωπος
647 3679 713 3731 ἐκ
765 3676 862 3734 τοῦ
914 3677 1230 3749 σπέρματος
1283 3677 1466 3743 αὐτοῦ,
1527 3679 1620 3733 καὶ
1674 3678 1954 3751 κυριεύσει

363 3768 537 3824 ἐθνῶν
570 3768 798 3823 πολλῶν.
844 3789 863 3821 ι
900 3770 1012 3824 Καὶ
1043 3771 1286 3842 Μωῦσῆς
1316 3771 1373 3827 δὲ
1404 3770 1512 3826 τῶν
1543 3771 1713 3825 ἐθνῶν
1759 3775 1818 3827 ἐν
1846 3772 1957 3846 ᾠδῇ

368 3860 582 3933 μεγάλῃ
633 3860 878 3932 μὲμνητο
925 3860 1135 3930 λέγων’
1191 3880 1210 3914 ι
1250 3861 1629 3935 Εὐφράνθητε,
1666 3862 1792 3936 ἔθνη
1833 3863 1962 3928 λαὸς

364 3953 534 4008 αὐτοῦ
559 3970 573 3984 ⁸
635 3954 730 4008 καὶ
777 3953 1316 4026 προσκυνησάτωσαν
1375 3954 1526 4025 αὐτῷ
1584 3955 1788 4020 πάντες
1855 3956 1962 4010 υἱοὶ

363 4043 525 4097 Θεοῦ.
560 4062 579 4097 ι
607 4044 794 4109 Οὕτως
826 4039 918 4099 οῦν
945 4044 1039 4098 καὶ
1065 4044 1296 4099 ἐνταῦθα
1324 4045 1393 4098 τά
1422 4046 1559 4117 πρὸς
1586 4047 1679 4102 τὸν
1712 4048 1963 4120 Ἀϐραάμ

363 4136 460 4189 διὰ
509 4136 606 4191 τοῦ
647 4137 900 4210 χρησμοῦ
954 4137 1357 4210 τεθεσπισμένα
1406 4139 1854 4211 ἐπαναλαμϐάνει
1902 4142 1963 4196 τὸ

362 4230 547 4299 λόγιον
574 4230 823 4284 διδάσκον
845 4232 948 4285 οὐκ
975 4230 1150 4295 ἄλλως
1177 4230 1210 4302 ἢ
1243 4232 1330 4285 διὰ
1352 4231 1448 4286 τοῦ
1478 4232 1716 4305 Χριστοῦ
1744 4232 1962 4306 πληρω-

365 4316 653 4389 θήσεσθαι,
700 4318 939 4388 φάσκον·
992 4339 1009 4371 ι
1064 4320 1175 4375 Καὶ
1220 4321 1676 4393 εὐλογηθήσονται
1722 4323 1781 4375 ἐν
1813 4322 1962 4395 αὐτῷ

2060 1939 2117 1994 in
2177 1937 2563 2011 generationes
2614 1936 3055 2009 generationem.
3103 1932 3262 1999 Quod
3322 1946 3451 1986 vero
3504 1927 3641 1985 illud

2059 2030 2280 2086 mortali
2312 2036 2527 2086 naturae
2553 2028 2800 2100 coaptari
2834 2032 3095 2098 nequeat,
3138 2025 3251 2095 jam
3286 2023 3646 2095 comprobare

2058 2121 2476 2193 occupavimus.
2514 2120 2630 2176 Sub
2668 2120 2997 2191 haecfautem
3036 2117 3284 2174 dicitur:
3322 2134 3343 2168 ι
3381 2115 3450 2170 Ει
3479 2116 3646 2170 bene-

2061 2211 2532 2284 dicenturjnipso
2549 2228 2741 2268 omnes
2772 2217 2965 2283 gentes
2981 2216 3164 2265 terrae.
3201 2227 3220 2261 ι
3260 2206 3475 2275 Quibus
3506 2221 3644 2263 con-

2061 2302 2207 2360 feras
2248 2305 2409 2362 velim
2440 2304 2548 2360 hoc
2576 2307 2864 2360 oraculum
2894 2302 2965 2358 ad
2993 2301 3371 2357 Abrahamum
3406 2298 3595 2354 datum
3625 2314 3642 2353 :

2065 2413 2085 2448 ι
2116 2395 2182 2449 Ει
2237 2395 2636 2453 benedicentur
2686 2394 2745 2451 in
2803 2395 3013 2452 semine
3056 2402 3154 2449 tuo
3200 2407 3396 2449 omnes
3455 2398 3648 2462 gentes

2060 2488 2307 2545 terrae".
2351 2507 2370 2542 ι
2406 2488 2473 2544 Ει
2523 2488 2819 2562 perpende,
2858 2502 3071 2560 quaaso,
3102 2486 3530 2559 promissionem
3578 2483 3649 2540 ad

2059 2579 2435 2636 Abrahamum
2482 2579 2705 2645 factam,
2759 2576 3125 2649 subsequenti
3163 2582 3411 2645 tempore
3453 2584 3647 2629 serva-

2058 2682 2195 2739 tam,
2225 2688 2290 2729 ac
2319 2688 2419 2743 per
2452 2672 2702 2744 singulos
2750 2669 3052 2741 prophetas
3093 2673 3411 2723 renovatam
3451 2662 3646 2720 fuisse.

2059 2764 2277 2821 Atenim
2318 2764 2634 2820 Abrahamo
2666 2762 2905 2834 primum
2936 2761 3144 2817 dictum
3182 2758 3325 2815 fuit:
3360 2774 3380 2809 ‹
3413 2752 3651 2811 Benedi-

2060 2864 2263 2913 centur
2288 2856 2343 2911 in
2393 2856 2604 2912 semine
2632 2862 2731 2910 tuo
2774 2868 2968 2910 omnes
3008 2858 3197 2923 gentes
3242 2857 3425 2907 terrae.
3464 2866 3484 2899 ι
3516 2845 3650 2904 Post

2062 2947 2179 3003 haac
2201 2943 2373 3001 Jacob
2399 2945 2469 3000 de
2500 2944 2723 3002 Christo
2748 2943 3061 2999 vaticinans
3091 2938 3301 2997 dixisse
3332 2937 3601 2996 scribitur
3626 2952 3641 2990 :

2068 3054 2088 3088 ι
2121 3034 2246 3089 Non
2277 3034 2496 3091 deﬁciet
2527 3034 2785 3105 princeps
2814 3048 2881 3089 ex
2914 3030 3077 3096 Iuda,
3109 3030 3286 3087 donec
3320 3026 3505 3085 veniat
3546 3028 3641 3083 cui

2064 3128 2366 3199 repositum
2384 3134 2470 3184 est
2500 3144 2514 3183 :
2537 3134 2592 3183 et
2624 3128 2742 3197 ipse
2769 3126 2877 3182 erit
2906 3122 3245 3195 exspectatio
3271 3120 3515 3194 gentium
3530 3120 3594 3175 “.
3622 3136 3643 3174 ι

2064 3219 2380 3276 Secundum
2425 3218 2542 3275 haec
2575 3226 2826 3289 tempora
2858 3232 3081 3273 rursum
3114 3230 3146 3269 a
3170 3214 3396 3271 Balaam
3434 3214 3647 3270 dictum

2060 3319 2185 3368 est:
2227 3327 2249 3365 σ
2284 3311 2611 3383 Egredietur
2654 3309 2824 3366 homo
2854 3325 2921 3367 ex
2962 3308 3173 3365 semine
3204 3306 3348 3379 ejus,
3384 3316 3440 3364 et
3471 3298 3648 3367 demi.-

2060 3403 2285 3459 nabitur
2304 3403 2562 3475 gentibus
2590 3402 2781 3459 multis
2800 3401 2866 3457 ⁸⁷.
2895 3420 2915 3453 ι
2958 3400 3170 3473 Moyses
3196 3399 3330 3456 item
3361 3400 3416 3455 in
3447 3411 3649 3467 magno

2061 3494 2277 3551 cantico
2302 3496 2545 3567 gentium
2563 3494 2812 3550 meminit
2827 3493 3018 3550 dicens
3047 3512 3103 3549 ει
3134 3490 3441 3555 Laetamini,
3459 3497 3650 3560 gentes

2062 3586 2301 3656 populus
2331 3586 2453 3656 ejus
2487 3603 2502 3642 :
2536 3594 2591 3643 et
2612 3586 2842 3642 adorent
2876 3601 3003 3641 eum
3045 3600 3239 3645 omnes
3273 3582 3371 3638 ﬁlii
3403 3582 3495 3637 Dei
3514 3581 3581 3635 ⁸⁸.
3622 3598 3645 3634 ι

2061 3680 2157 3735 Sic
2186 3680 2357 3751 igitur
2386 3681 2490 3737 hoc
2536 3681 2659 3737 loco
2706 3696 2829 3752 qua:
2874 3696 2971 3752 per
3007 3679 3292 3735 oraculum
3331 3678 3648 3733 Abrahamo

2063 3772 2436 3843 praenuntiata
2482 3772 2703 3828 fuerant
2738 3780 3116 3835 resumuntur,
3152 3770 3283 3826 dum
3317 3785 3381 3825 ea
3423 3784 3534 3824 non
3578 3768 3651 3825 ab

2061 3866 2171 3921 alio
2210 3881 2375 3936 quam
2420 3880 2453 3920 a
2490 3865 2714 3922 Christo
2760 3863 3036 3935 implenda
3078 3878 3201 3919 esse
3245 3861 3511 3918 docemur
3562 3860 3649 3915 his

2060 3956 2249 4014 verbis
2282 3975 2297 4014 :
2336 3976 2355 4009 ι
2394 3956 2463 4011 Et
2491 3945 2890 4012 benedicentur
2940 3955 2995 4010 in
3052 3954 3174 4026 ipso
3217 3968 3411 4009 omnes
3457 3960 3649 4025 gentes

2062 4060 2246 4107 terra).
2282 4070 2301 4103 ι
2334 4048 2543 4106 Deinde
2563 4064 2695 4105 vero
2730 4049 2846 4103 ait:
2892 4066 2912 4100 ‹
2950 4045 3156 4102 Omnes
3193 4051 3384 4117 gentes
3425 4045 3648 4101 beatum

2062 4143 2443 4216 pradicabunt
2475 4158 2626 4198 eum.
2667 4162 2685 4195 ι
2713 4139 2999 4207 Quomodo
3026 4140 3248 4195 beatum
3271 4135 3651 4208 praedicabunt

2062 4250 2189 4291 eum
2220 4250 2413 4291 omnes
2432 4232 2667 4306 gentes?
2692 4247 2788 4304 per
2808 4230 3204 4287 beatitudinem
3234 4241 3391 4285 suam
3414 4225 3649 4299 gratiam

2063 4328 2185 4398 ejus
2216 4326 2583 4383 declarantes.

364 4414 546 4469 πάντα
582 4413 651 4467 τά
683 4413 809 4485 ἔθνη
872 4415 974 4486 τῆς
1003 4416 1129 4487 γῆς.
1163 4435 1183 4468 ι
1228 4413 1343 4470 Εἶθ’
1371 4417 1498 4486 ἐξῆς
1538 4435 1671 4489 φησι
1706 4435 1719 4448 ·
1757 4437 1776 4470 ι
1811 4418 1996 4475 Πάντα
2030 4421 2101 4477 τά
2145 4421 2269 4494 ἔθνη
2317 4420 2680 4493 μακαριοῦσιν
2716 4418 2901 4474 αὐτόν.
2940 4438 2958 4471 ›
3002 4418 3122 4483 Πῶς
3165 4418 3224 4472 δὲ
3287 4412 3651 4487 μακαριοῦσιν

362 4508 528 4563 αὐτὸν
552 4509 729 4563 πάντα
769 4510 836 4563 τά
870 4509 1031 4580 Edim;
1058 4509 1146 4565 διὰ
1176 4510 1275 4581 τῆς
1300 4512 1357 4565 ἐν
1389 4512 1573 4576 αὐτοῖς
1611 4514 2014 4586 μακαριότητος
2038 4517 2137 4588 τὴν
2164 4516 2224 4583 ἐξ
2245 4516 2409 4571 αὐτοῦ
2439 4516 2597 4587 χάριν
2640 4514 3007 4587 παριστῶντα.

441 4619 462 4651 ι
496 4599 801 4672 Εὐλογητὸς
832 4601 1037 4673 Κύριος
1072 4604 1100 4655 ό
1131 4602 1261 4666 Θεὸς
1303 4604 1539 4675 Ἰσραὴλ,
1628 4606 1797 4659 ποιῶν
1823 4606 1947 4660 θαυ-

2135 4610 2301 4665 Vens.
2331 4608 2421 4673 18,
2449 4608 2541 4661 20.
2574 4626 2592 4657 ι
2620 4604 2951 4663 Benedictus
2988 4604 3253 4660 Dominus
3275 4602 3421 4659 Deus
3452 4598 3645 4668 Israel,

366 4692 541 4763 μάσια
572 4694 749 4767 μόνος..
792 4712 811 4746 ι
850 4692 1233 4765 Εὐλογούμενα
1259 4695 1328 4749 τὰ
1377 4695 1503 4768 ἔθνη
1542 4698 1600 4752 ἐν
1632 4697 1711 4769 τῷ
1744 4714 1959 4770 προφη-

362 4784 642 4855 τευομὲνῳ
670 4785 811 4839 κατὰ
839 4785 899 4838 τὸ
925 4784 1102 4854 λόγιον
1130 4785 1191 4839 τὸ
1220 4786 1398 4857 φῆσαν
1417 4804 1431 4818 ο
1470 4806 1489 4838 ί
1522 4789 1633 4841 Καὶ
1658 4788 1957 4860 εὐλογηθή-

366 4892 551 4929 σονται
588 4878 646 4929 ἐν
688 4875 838 4943 αὐτῷ
877 4876 1055 4930 πάντα
1105 4876 1173 4929 τά
1218 4877 1379 4949 ἔθνη·
1422 4898 1441 4930 ι
1479 4878 1631 4944 αὔξει
1668 4881 1769 4953 τὴν
1817 4880 1959 4935 κατὰ

362 4965 499 5021 Θεὸν
523 4966 771 5038 αὔξησιν,
799 4968 891 5021 καὶ
910 4967 1164 5039 πληθύει,
1189 4970 1401 5040 καὶτῆς
1422 4970 1526 5040 γῆς
1548 4973 1954 5044 κατακυριεύει.

365 5060 566 5133 Διόπερ
601 5062 764 5132 φησὶν
786 5062 814 5114 ό
841 5062 982 5127 θεῖος
1010 5063 1330 5127 Ἀπόστολος
1348 5080 1362 5094 ο
1400 5083 1418 5116 ι
1448 5064 1753 5135 Εὐλογητὸς
1774 5068 1802 5119 0
1824 5067 1956 5132 Θεὸς

363 5154 395 5207 0
435 5153 736 5226 εὐλογήσας
784 5156 932 5227 ἡμᾶς
966 5157 1024 5209 ἐν
1072 5156 1222 5229 πάσῃ
1270 5155 1491 5226 εὐλογίᾳ
1522 5160 1887 5229 πνευματικῇ.
1932 5177 1952 5210 ι

366 5246 525 5299 Οὐτω
553 5245 610 5299 δὲ
642 5246 855 5317 ἔχοντα,
893 5248 1208 5316 άντευλογεῖ
1240 5248 1329 5301 τὸν
1357 5249 1457 5318 τῆς
1490 5248 1743 5318 εὐλογίας
1772 5250 1957 5315 αὐτοῖς

366 5335 539 5389 αἴτιον
566 5336 957 5407 γεγενημένον.
988 5339 1082 5391 Διὸ
1111 5337 1324 5409 πρῶτον
1358 5338 1455 5408 μὲν
1485 5335 1822 5409 ἐμακάριζον
1855 5339 1954 5392 αὐ-

364 5429 477 5491 τὸν,
511 5422 631 5482 εἶτα
673 5429 767 5483 καὶ
808 5430 1050 5499 εὐλογεῖν
1089 5430 1397 5484 διδάσκεται
1443 5429 1532 5483 διὰ
1583 5427 1679 5482 τοῦ
1737 5428 1915 5498 λέγειν
1938 5446 1953 5461 ο

373 5537 391 5569 ‹
432 5520 736 5593 Εὐλογητὸς
762 5521 966 5593 Κύριος
997 5524 1026 5576 ό
1052 5522 1184 5587 Θεὸς
1227 5520 1462 5594 Ἰσραὴλ,
1489 5524 1518 5575 ὁ
1548 5520 1716 5576 ποιῶν
1741 5521 1950 5592 θαυμά-

370 5626 458 5662 σια
507 5611 683 5676 μόνος.
730 5630 747 5663 ι
797 5611 1074 5676 Ἐπιτήρει
1117 5614 1195 5681 δὲ,
1240 5613 1315 5678 ὡς
1364 5614 1589 5669 ἕκαστον
1647 5613 1813 5685 μέρος
1853 5614 1949 5684 τῆς

440 5712 482 5738 ⁸⁸
507 5709 643 5762 Gen.
672 5724 813 5767 xxii.
849 5709 932 5765 l8.
1013 5708 1209 5767 “Gen.
1246 5726 1389 5768 xuv.
1424 5712 1503 5766 ιυ.

444 5810 518 5871 Η)
554 5800 693 5873 Lege
724 5798 766 5873 ᾧ
792 5805 1097 5861 ἀπόκειται.

2062 4702 2157 4773 qui
2220 4701 2352 4757 facit
2406 4699 2679 4755 mirabilia
2739 4698 2913 4753 solus.
2960 4717 2977 4749 ι
3015 4700 3153 4751 Cum
3207 4708 3399 4768 gentes
3451 4694 3505 4749 in
3553 4708 3644 4759 eo,

2061 4810 2225 4865 quem
2260 4792 2545 4865 prophetia
2570 4790 2796 4853 indicat,
2827 4788 3267 4844 benedictionem
3303 4785 3643 4856 acceperint,

2062 4897 2224 4958 prout.
2258 4886 2520 4957 superius
2553 4884 2823 4940 habetur:
2858 4901 2876 4935 ι
2914 4883 2979 4937 Ει
2997 4881 3396 4939 benedicentur
3426 4880 3482 4935 in
3523 4879 3645 4951 ipso

2060 4992 2254 5033 omnes
2309 4982 2533 5047 gentes;
2586 4994 2606 5028 ι
2639 4973 2959 5030 accessione
3020 4978 3285 5028 crescunt
3338 4968 3644 5027 secundum

2062 5067 2256 5131 Deum,
2304 5062 2747 5134 multiplicantur
2780 5074 2834 5119 et
2878 5072 3040 5118 terrae
3083 5062 3463 5117 dominantur.
3495 5060 3646 5126 Qua-

2056 5160 2281 5225 propter
2303 5153 2383 5206 ait
2422 5149 2647 5207 divinus
2680 5152 2977 5223 Apostolus
3011 5171 3025 5207 :
3062 5171 3080 5202 ι
3116 5150 3442 5209 Benedictus
3475 5148 3643 5212 Deus.

2055 5244 2150 5315 qui
2173 5242 2450 5299 benedixit
2469 5258 2572 5301 nos
2594 5242 2651 5298 in
2668 5243 2818 5298 omni
2836 5244 3221 5300 benedictione
3244 5241 3521 5314 spirituali
3539 5241 3603 5295 ”.
3620 5259 3639 5292 ι

2056 5337 2195 5392 Cum
2229 5336 2303 5389 ita
2332 5350 2502 5406 porro
2544 5351 2604 5393 se
2635 5351 2728 5392 res
2754 5336 2976 5399 habeat,
3008 5335 3413 5391 benedictionis
3446 5339 3644 5387 aucto-

2056 5444 2171 5483 rem
2203 5443 2235 5482 e
2276 5441 2550 5483 converso
2603 5425 2955 5482 benedicunt.
2986 5427 3170 5492 Quare
3209 5426 3387 5497 primo
3418 5423 3640 5494 quidem

2058 5520 2277 5575 beatum
2302 5519 2604 5589 pradicant
2633 5532 2797 5585 eum;
2831 5518 3030 5573 deinde
3070 5513 3430 5573 benedicendi
3466 5514 3641 5568 ratio-

2057 5628 2179 5668 nem
2221 5612 2521 5668 edocentur
2572 5611 2657 5667 bis
2681 5609 2909 5667 verbis:
2946 5627 2963 5660 ι
3003 5607 3327 5665 Benedictus
3376 5606 3644 5665 Dominus

1585 5713 1626 5744 ⁶τ
1663 5710 1821 5767 Num.
1869 5726 2019 5777 mv,
2052 5709 2134 5764 l9.
2217 5710 2258 5744 ⁸⁸
2286 5711 2423 5765 Deut
2482 5724 2653 5773 xxxii,
2690 5705 2778 5762 03.
2847 5706 2890 5738 "
2927 5703 3124 5775 Ερὶιθδ-
3164 5720 3200 5762 ι·
3236 5705 3289 5773 3v
