4068 6538
407 339 514 403 flii

1082 349 1354 407 EUSEBII
1387 351 1868 411 CAESARIENSIS
1904 354 2055 414 OPP.
2095 355 2276 412 PARS
2311 355 2403 412 III.
2434 387 2504 397 —
2542 354 2958 413 EXEGETICA.

3555 356 3663 412 8Ξο

412 458 557 516 Βὲυε
595 457 786 526 Israel,
831 462 925 534 qui
965 461 1095 519 facit
1135 465 1405 522 mirabilia
1455 468 1629 524 solus.
1684 491 1702 522 ι
1737 469 1981 528 Observa

2102 472 2267 527 Ξίϐλου
2295 473 2403 527 τῶν
2415 472 2659 544 Ψαλμῶν
2696 473 2776 537 εἰς
2803 461 2986 544 ὅμοιον
3013 473 3308 543 καταλήγει
3346 473 3517 535 τέλος.
3551 470 3662 524 Τοῦ

411 569 576 626 porro
601 555 849 626 singulas
884 556 1012 612 libri
1046 555 1390 614 Psalmorum
1429 571 1614 630 partes
1660 563 1893 619 similem
1929 565 1986 620 in

409 649 573 702 tinem
599 647 872 706 desinere.
910 648 1044 704 Nam
1078 652 1269 721 prima:
1297 655 1472 722 partis
1498 663 1810 724 postremus
1843 659 1988 726 psal‘

411 757 538 798 mus
575 751 692 798 erat
732 743 1215 814 quadragesimus,
1263 745 1358 816 qui
1405 747 1486 803 sic
1531 749 1585 802 in
1618 750 1724 804 fine
1771 749 1932 805 habet
1968 769 1982 806 :

411 850 435 881 4
451 832 771 888 Benedictus
788 831 1050 889 Dominus
1066 833 1209 890 Deus
1231 835 1397 893 Israel
1416 854 1483 893 ex
1503 854 1646 894 nunc
1667 850 1718 895 et
1735 841 1787 895 in
1811 858 1984 897 saecu-

405 924 549 986 lum.
569 926 681 991 fiat,
705 925 850 980 fiat.»
873 925 1142 982 Secund:e
1170 929 1358 998 partis.
1376 931 1601 988 ultimus
1627 942 1711 988 est
1739 933 1826 989 hic
1851 935 1991 1004 psal-

405 1035 558 1084 mus,
590 1020 683 1090 qui
717 1020 972 1077 similiter
993 1021 1049 1075 in
1086 1020 1190 1075 fine
1206 1022 1373 1076 dicit:
1405 1043 1422 1073 ‹
1446 1022 1774 1079 Benedictus
1807 1024 1991 1078 Domi—

403 1126 516 1166 nus
555 1111 694 1166 Deus
741 1109 928 1175 Israel,
960 1112 1052 1184 qui
1109 1112 1241 1166 facit
1295 1114 1570 1169 mirabilia
1602 1118 1775 1171 solus.
1798 1116 1862 1170 Et
1892 1117 1988 1172 be-

407 1203 699 1260 nedictum
747 1221 949 1261 nomen
1003 1207 1190 1276 gloriae
1224 1205 1366 1276 ejus,
1400 1226 1418 1258 ›
1462 1215 1516 1263 et
1546 1217 1762 1264 caetera.
1795 1208 1992 1267 Tertiae

405 1298 588 1367 partis
645 1306 956 1369 postremus
1013 1308 1099 1356 est
1161 1316 1427 1364 Lxxxvm,
1467 1302 1628 1372 cujus
1687 1303 1810 1358 linis
1858 1311 1988 1358 est:

415 1410 439 1458 ιη
473 1389 800 1446 Benedictus
828 1393 1093 1448 Dominus
1150 1394 1204 1447 in
1264 1395 1524 1450 saeculum
1580 1414 1593 1449 :
1642 1395 1756 1463 ﬁat,
1814 1395 1927 1450 fiat.
1968 1417 1985 1448 ι

404 1481 542 1537 Item
565 1491 776 1552 quartas
799 1483 971 1554 partis
999 1485 1224 1540 ultimus
1251 1493 1337 1540 est
1359 1499 1446 1548 εν,
1478 1485 1642 1555 hujus
1659 1503 1790 1541 vero
1820 1487 1944 1542 ﬁnis
1975 1504 1988 1539 :

413 1592 443 1626 ε·
474 1574 803 1631 Benedictus
856 1575 1122 1632 Dominus
1185 1577 1324 1634 Deus
1379 1578 1547 1634 Israel
1611 1596 1640 1633 a
1687 1580 1888 1634 saeculo
1942 1587 1995 1634 et

401 1682 588 1738 usque
615 1668 672 1725 in
706 1670 990 1734 saeculum,
1035 1676 1088 1725 et
1122 1671 1263 1725 dicet
1317 1671 1498 1726 omnis
1534 1672 1766 1742 populus
1801 1691 1813 1726 :
1855 1670 1994 1737 Fiat,

413 1762 528 1832 fiat.
557 1780 577 1813 ι
605 1760 806 1828 Quinta
847 1779 976 1834 pars
1003 1772 1185 1818 autem
1212 1763 1266 1817 in
1305 1783 1323 1814 ι
1347 1763 1564 1818 alleluia
1591 1784 1609 1814 ›
1649 1765 1993 1826 terminatur,

407 1870 522 1926 quo
551 1863 701 1911 totus
723 1855 864 1911 liber
902 1853 1398 1911 circumscribitur.
1443 1854 1708 1910 Caeterum
1750 1872 1993 1926 praesens
2026 1841 2066 1895 Β

409 1949 656 2016 psalmus
689 1955 813 2020 post
835 1956 1194 2004 memoratam
1223 1947 1290 2003 de
1312 1946 1534 2003 Christo
1563 1947 1991 2018 pnedictionem,

411 2023 601 2109 n’djicit
629 2040 760 2095 illud
795 2061 807 2095 :
849 2060 868 2092 ι
905 2040 1236 2096 Benedictus
1265 2039 1528 2095 Dominus
1568 2039 1713 2095 Deus
1742 2039 1934 2103 Israel,
1972 2059 1990 2092 ι

407 2132 730 2202 subditque,
768 2152 786 2184 ι
822 2135 916 2204 qui
941 2133 1072 2188 facit
1108 2133 1377 2204 mirabilia
1412 2134 1582 2189 solus.
1623 2153 1640 2184 ›
1676 2133 1807 2200 Quae
1831 2137 1996 2190 mira-

411 2223 568 2290 bilia,
600 2225 708 2280 nisi
731 2241 795 2281 ea
815 2242 935 2296 quae
964 2227 1218 2296 superius
1240 2227 1401 2279 allata
1421 2235 1551 2282 sunt
1585 2244 1595 2278 :
1618 2229 1760 2296 quod
1787 2228 1997 2283 scilicet

411 2302 787 2373 descensurus
811 2322 883 2375 sit
908 2322 1052 2376 sicut
1071 2321 1253 2390 pluvia
1279 2304 1334 2376 in
1358 2322 1556 2384 vellus,
1606 2322 1995 2376 humiliaturus

415 2412 492 2480 sit
550 2412 1030 2476 calumniatorem,
1089 2413 1236 2484 quod
1305 2429 1699 2484 permansurus
1749 2416 1819 2470 sit
1869 2429 1992 2468 cum

415 2503 540 2558 sole
568 2520 582 2566 ;
615 2504 771 2574 quod
800 2505 857 2558 in
875 2505 1070 2561 diebus
1096 2505 1218 2573 ejus
1245 2507 1456 2562 oritura
1487 2507 1557 2560 sit
1583 2507 1818 2576 justitia,
1850 2507 1996 2576 quod

407 2594 803 2652 dominaturus
821 2600 893 2654 sit
917 2613 946 2651 a
965 2600 1103 2654 mari
1130 2600 1196 2655 ad
1218 2616 1396 2664 mare;
1417 2601 1560 2672 quod
1584 2599 1827 2655 futurum
1851 2601 1920 2654 sit
1941 2608 1998 2654 ut

411 2686 706 2760 Ethiopes
739 2690 1029 2760 procidant
1051 2707 1238 2748 coram
1271 2693 1404 2759 illo;
1437 2692 1595 2764 quod”
1615 2693 1757 2747 dona
1787 2691 1892 2761 ipsi
1930 2707 1998 2746 ex

404 2780 675 2837 «omnibus
698 2781 954 2852 gentibus
985 2781 1260 2838 aﬂerenda
1310 2784 1452 2850 sint;
1487 2783 1633 2854 quod
1682 2783 1844 2838 etiam
1883 2783 1999 2851 ipse

414 2870 818 2929 firmamentum
850 2873 1065 2932 futurus
1105 2875 1176 2931 sit
1202 2875 1258 2930 in
1315 2883 1482 2940 terra,
1529 2883 1583 2931 et
1623 2875 1837 2929 fructus
1877 2875 1998 2942 ejus

413 2977 584 3034 super
612 2963 881 3021 Libanum
923 2967 1251 3023 exaltandus
1274 2969 1380 3035 sit;
1405 2975 1459 3023 et
1487 2967 1689 3022 similia
1720 2982 1841 3038 quze
1895 2966 1999 3021 sub

415 3056 532 3111 llaec
567 3059 1224 3129 enumerantur?Quibus
1252 3061 1511 3116 omnibus
1539 3060 1605 3114 ad
1633 3060 1748 3114 haec
1765 3059 1998 3113 dicenda

413 3147 795 3203 i‘ustituimur:
827 3169 846 3202 ι
868 3149 1194 3208 Benedictus
1222 3151 1486 3208 Dominus
1509 3151 1654 3208 Deus
1690 3151 1878 3214 Israel,
1903 3152 1996 3221 qui

2093 567 2190 637 μὲν
2219 567 2324 638 γὰρ
2362 564 2575 637 πρώτου
2610 566 2809 637 μέρους
2837 565 3142 629 τελευταῖος
3174 561 3242 636 ἦν
3274 565 3302 617 6
3339 571 3411 634 μ’,
3441 557 3500 618 οὗ
3527 563 3666 635 πρὸς

2089 658 2166 728 τῷ
2187 657 2325 710 τέλει
2361 657 2602 725 ἐλέγετο·
2631 676 2648 707 ‹
2681 656 2982 725 Εὐλογητὸς
3015 654 3217 725 Κύριος
3241 656 3270 708 6
3293 653 3427 716 Θεὸς
3453 650 3669 724 Ἰσραὴλ

2089 749 2309 803 ἀπὸτοῦ
2343 748 2438 802 νῦν
2464 750 2557 801 καὶ
2596 750 2674 813 εἰς
2717 749 2807 802 τὸν
2850 748 3042 800 αἰῶνα’
3077 747 3303 815 γένοιτο,
3345 745 3592 812 γένοιτο·
3644 764 3663 795 ι

2085 841 2183 894 τοῦ
2225 841 2281 894 δὲ
2313 841 2566 912 δευτέρου
2594 840 2892 903 τελευταῖος
2922 835 2990 910 ἦν
3023 841 3051 892 ό
3083 839 3219 910 μετὰ
3251 841 3437 909 χεῖρας
3468 836 3671 907 ὁμοίως

2091 936 2183 988 ἐπὶ
2213 935 2291 1003 τῷ
2339 934 2483 987 τέλει
2534 934 2740 1002 λέγων’
2800 952 2818 984 ι
2869 933 3173 1001 Εὐλογητὸς
3210 932 3416 1003 Κύριος
3459 933 3487 983 6
3536 929 3672 992 Θεὸς

2104 1026 2320 1099 Ἰσραὴλ
2365 1028 2394 1079 6
2428 1025 2593 1079 ποιῶν
2627 1025 2902 1096 θαυμάσια
2947 1026 3124 1095 μόνος.
3154 1024 3264 1076 Καὶ
3291 1018 3576 1090 εὐλογητὸν
3607 1018 3674 1070 τὸ

2091 1121 2260 1191 ὄνομα
2291 1121 2390 1192 τῆς
2420 1119 2578 1190 δόξης
2608 1117 2792 1178 αὐτοῦ,
2838 1138 2856 1169 ι
2908 1119 3000 1172 καί⁵
3031 1117 3099 1171 τὰ
3143 1117 3299 1188 ἑξῆς·
3332 1115 3425 1196 τοῦ
3464 1114 3520 1166 δὲ
3548 1112 3674 1184 1p!-

2089 1230 2186 1265 του
2241 1212 2438 1283 μέρους
2487 1211 2792 1274 τελευταῖος
2840 1213 2868 1264 6
2918 1216 3008 1281 πη⁹
3062 1209 3338 1279 τυγχάνει,
3392 1202 3454 1260 οὗ
3485 1204 3671 1268 τέλος·

2099 1325 2116 1356 ι
2153 1305 2458 1376 Εὐλογητὸς
2479 1304 2681 1375 Κύριος
2715 1307 2795 1367 εἰς
2819 1304 2910 1356 τὸν
2937 1302 3125 1356 αἰῶνα’
3153 1303 3377 1372 γένοιτο,
3403 1299 3666 1368 γένοιτο.»

2106 1395 2335 1468 Ὁμοίως
2363 1396 2418 1448 δὲ
2449 1397 2542 1449 καὶ
2577 1395 2672 1448 τοῦ
2703 1395 2963 1466 τετάρτου
2998 1395 3194 1466 μέρους
3231 1392 3536 1452 τελευταῖος
3569 1387 3672 1460 μὲν

2095 1489 2243 1542 ἔστιν
2272 1491 2300 1542 6
2327 1495 2423 1560 ρε’,
2453 1488 2602 1552 τέλος
2633 1487 2690 1540 δὲ
2734 1487 2921 1541 τούτου
2945 1505 2958 1517 ·
3001 1505 3020 1538 ι
3060 1485 3365 1553 Εὐλογητὸς
3396 1483 3599 1552 Κύριος
3641 1483 3673 1533 6

2095 1582 2227 1644 Θεὸς
2266 1580 2478 1652 Ἰσραὴλ
2511 1581 2617 1634 ἀπὸ
2660 1579 2752 1632 τοῦ
2799 1579 2994 1642 αἰῶνος
3036 1578 3131 1631 καὶ
3177 1578 3283 1640 ἕως
3315 1573 3409 1628 τοῦ
3455 1573 3671 1635 αἰῶνος,

2095 1673 2190 1725 καὶ
2224 1674 2340 1744 ἐρεῖ
2372 1673 2478 1734 πᾶς
2505 1673 2532 1724 6
2560 1671 2706 1734 λαός·
2727 1670 2968 1732 Γένοιτο,
3005 1669 3230 1738 γένοιτο.
3275 1686 3295 1720 ι
3330 1667 3404 1719 Τὸ
3445 1666 3502 1718 δὲ
3530 1664 3675 1736 πέμ-

2101 1781 2231 1818 πτον
2263 1764 2424 1835 μέρος
2453 1765 2529 1826 εἰς
2551 1763 2610 1816 τὸ
2643 1782 2660 1814 ι
2700 1761 2990 1832 ἀλληλούἶα
3029 1781 3046 1812 ›
3082 1759 3398 1829 καταλήγει,
3432 1758 3489 1810 ὲν
3579 1755 3677 1808 καὶ

2097 1857 2248 1908 πᾶσα
2289 1853 2723 1925 περιγέγραπται
2758 1854 2791 1922 ἡ
2834 1851 3032 1922 βίϐλος.
3085 1850 3226 1921 Πλὴν
3265 1851 3292 1902 6
3317 1846 3506 1920 παρὼν
3538 1844 3678 1916 μετὰ

2095 1948 2194 2018 τὴν
2221 1948 2641 2018 προεκτεθεῖσαν
2673 1943 2916 2016 περὶτοῦ
2955 1944 3189 2016 Χριστοῦ
3216 1940 3522 2012 πρόρρησιν
3556 1939 3676 1990 ἐπι-

2098 2041 2253 2111 φέρει
2282 2039 2360 2092 τό·
2397 2059 2415 2091 ι
2449 2037 2752 2109 Εὐλογητὸς
2784 2036 2986 2108 Κύριος
3018 2039 3046 2089 6
3075 2032 3205 2098 Θεὸς
3247 2031 3482 2104 Ἰσραὴλ,
3517 2049 3537 2081 ι
3578 2027 3676 2082 καὶ

2098 2130 2420 2202 προστίθησι
2450 2131 2531 2193 16,
2570 2148 2588 2181 ι
2618 2132 2647 2182 6
2692 2129 2856 2182 ποιῶν
2886 2128 3161 2197 θαυμάσια
3194 2125 3372 2197 μόνος.
3404 2144 3422 2174 ι
3460 2123 3596 2176 Ποῖα
3619 2121 3678 2174 δὲ

2098 2223 2395 2294 θαυμάσια,
2424 2222 2456 2292 ἢ
2495 2221 2562 2274 τὰ
2592 2221 2953 2292 προλεχθέντα
2979 2223 3036 2272 ὲν
3059 2213 3139 2281 οἷς
3177 2214 3244 2287 ἦν
3278 2217 3340 2269 τὸ
3378 2212 3683 2283 καταϐήσε-

2101 2315 2221 2369 σθαι
2251 2315 2411 2367 αὐτὸν
2452 2315 2543 2368 ὲπί
2583 2315 2745 2366 πόκον
2777 2314 2852 2376 ὡς
2891 2312 3066 2374 ὑετὸν,
3113 2309 3206 2364 καί
3238 2308 3299 2361 τό
3340 2304 3680 2359 ταπεινῶσαι

2103 2406 2464 2476 συκοφάντην,
2505 2406 2599 2458 καί,
2648 2405 2709 2458 16
2751 2405 3201 2474 συμπαραμενεῖν
3247 2399 3323 2471 τῷ
3364 2399 3536 2470 ἡλίῳ·
3585 2394 3682 2448 καὶ

2098 2497 2160 2551 τὸ
2187 2500 2244 2550 ὲν
2270 2499 2389 2559 ταῖς
2419 2495 2656 2567 ἡμέραις
2682 2493 2846 2548 αὐτοῦ
2874 2492 3151 2546 ἁνατελεῖν
3185 2487 3552 2556 δικαιοσύνην,
3585 2483 3683 2538 καὶ

2098 2594 2160 2646 τὸ
2193 2589 2646 2662 κατακυριεύσειν
2677 2588 2838 2640 αὐτὸν
2885 2586 2994 2640 ἀπὸ
3027 2583 3302 2654 θαλάσσης
3347 2582 3451 2643 ἕως
3478 2578 3683 2632 θαλάσ-

2103 2701 2202 2756 σης
2225 2701 2240 2716 ο
2265 2686 2390 2746 τοὺς
2419 2681 2682 2744 Αἰθίοπας
2709 2678 3035 2750 προπίπτειν
3056 2676 3284 2730 ἐνώπιον
3312 2673 3477 2728 αὐτοῦ
3496 2689 3510 2702 ·
3536 2669 3686 2741 δῶρά

2099 2794 2158 2831 τε
2206 2774 2355 2846 αὐτῷ
2397 2771 2873 2845 προσαχθήσεσθαι
2921 2769 2978 2836 ἐξ
3021 2767 3278 2822 ἁπάντων
3318 2766 3426 2818 τῶν
3475 2762 3676 2816 sevi-3w

2099 2868 2236 2924 ἀλλὰ
2275 2869 2366 2922 καί
2404 2868 2464 2920 τὸ
2503 2867 2777 2938 στήριγμα
2808 2866 2969 2917 αὐτὸν
3012 2863 3068 2914 ὲν
3100 2862 3166 2931 τῇ
3213 2862 3282 2930 γῇ
3331 2853 3680 2928 γενήσεσθαι,

2101 2963 2196 3017 καὶ
2223 2961 2314 3014 τὸν
2338 2958 2551 3032 καρπὸν
2585 2955 2750 3010 αὐτοῦ
2780 2955 2920 3028 ὑπὲρ
2953 2954 3041 3007 τὸν
3075 2951 3302 3006 Λίϐανον
3327 2947 3684 3022 ἀρθήσεσθαι.

2095 3055 2195 3109 καί
2236 3055 2336 3107 ὅσα
2383 3052 2518 3106 ἄλλα
2558 3049 2768 3112 τούτοις
2813 3046 2940 3118 ἑξῆς
2985 3044 3432 3115 κατηρίθμηταις
3479 3042 3563 3110 ἐφ’
3601 3035 3687 3101 οἷς

2103 3151 2236 3204 πᾶσι
2267 3144 2630 3218 διδασκόμεθα
2651 3144 2828 3213 λέγειν
2847 3159 2860 3173 ’
2891 3161 2909 3192 ι
2933 3139 3238 3210 Εὐλογητὸς
3269 3137 3472 3208 Κύριος
3499 3137 3528 3188 6
3553 3133 3687 3196 Θεὸς

413 3236 550 3295 facit
579 3241 850 3295 mirabilia
884 3243 1054 3297 solus.
1088 3242 1151 3294 Et
1197 3244 1546 3298 benedictum
1589 3258 1786 3298 nomen
1814 3242 1999 3313 gloriae

2117 3239 2331 3314 Ἰσραὴλ
2354 3242 2382 3293 6
2421 3238 2590 3292 ποιῶν
2625 3236 2904 3306 θαυμάσια
2938 3233 3116 3304 μόνος.
3156 3231 3265 3284 Καὶ
3297 3226 3588 3297 εὐλογητὸν
3626 3228 3689 3277 τὸ

410 3331 540 3400 ejus
588 3331 644 3386 in
675 3341 962 3388 aeternum.
994 3353 1012 3386 ι
1049 3333 1258 3389 Nomen
1290 3342 1471 3389 autem
1517 3335 1705 3405 gloriae
1742 3337 1862 3406 ejus
1917 3345 2000 3392 est

413 3421 596 3480 deitas
624 3424 761 3493 ejus.
795 3423 852 3479 Si
885 3426 1028 3480 enim
1065 3425 1209 3496 quod
1239 3435 1427 3480 natum
1455 3433 1539 3481 est
1578 3442 1640 3481 ex
1679 3425 2002 3481 sanctaV'ir-

416 3516 570 3586 gine,
603 3515 733 3572 Jcsu
759 3517 984 3573 nomine
1012 3518 1294 3589 dignatum
1318 3527 1402 3574 est
1433 3519 1738 3575 secundum
1773 3518 2000 3575 Gabrie-

416 3605 664 3676 lem,qui
707 3606 785 3660 ait
825 3606 894 3662 ad
911 3605 1152 3676 Ioseph:
1201 3625 1220 3658 ι
1261 3606 1326 3662 Et
1379 3608 1553 3677 pariet
1601 3608 1793 3673 lilium,
1818 3616 1872 3663 et
1901 3626 1999 3662 vo-

413 3696 572 3752 cabis
603 3713 803 3752 nomen
837 3697 959 3769 ejus
1003 3697 1190 3754 Iesum
1225 3717 1237 3751 :
1265 3699 1384 3769 ipse
1409 3700 1575 3753 enim
1599 3699 1809 3754 salvum
1841 3698 2001 3754 faciet

416 3788 679 3858 populum
702 3803 865 3844 suum
899 3805 930 3844 a
954 3790 1194 3860 peccatis
1219 3804 1409 3844 eorum
1434 3791 1512 3857 7°;
1544 3809 1562 3842 ι
1595 3789 1726 3844 hinc
1755 3791 2002 3859 sequitur

420 3895 621 3935 nomen
651 3881 840 3951 gloria:
856 3880 1000 3950 ejus,
1028 3880 1411 3951 accipiendum
1461 3896 1585 3937 esse
1629 3881 1696 3936 de
1729 3882 2001 3952 theologia

417 3973 616 4044 ipsius,
647 3991 756 4043 qua
786 3974 931 4031 Deus
953 3973 1193 4030 Verbum
1210 3975 1598 4046 etunigenitus
1621 3973 1782 4042 Deus,
1799 3976 1888 4046 qui
1917 3982 2002 4029 est

417 4065 482 4118 in
506 4064 630 4118 sinu
657 4063 860 4131 Patris,
889 4065 1235 4136 intelligitur.
1273 4065 1456 4132 Quare
1474 4067 1674 4122 dehinc
1704 4067 1998 4137 adjicitur:

415 4158 533 4212 ιΕι
557 4157 860 4227 replebitur
894 4159 1068 4230 gloria
1099 4161 1220 4229 ejus
1241 4160 1421 4215 omnis
1459 4168 1625 4215 terra.
1649 4179 1667 4210 ι
1709 4160 1840 4214 Nam
1872 4162 2000 4213 olim

413 4250 643 4322 quidem
678 4250 783 4305 rin
812 4251 1018 4308 mundo
1055 4259 1173 4308 erat
1201 4261 1255 4307 et
1302 4253 1541 4308 mundus
1567 4269 1665 4323 per
1696 4254 1874 4323 ipsum
1918 4253 2002 4307 fa-

419 4349 544 4396 ctus
564 4347 670 4405 est,
689 4347 744 4396 et
773 4341 1012 4398 mundus
1039 4358 1162 4397 eum
1187 4358 1295 4398 non
1329 4344 1586 4414 cognovit
1607 4344 1670 4396 ⁷⁸.
1689 4364 1706 4395 ι
1733 4343 2002 4409 Quoniam

417 4449 551 4488 vero
577 4450 648 4489 ne
677 4433 849 4490 Judaei
867 4435 1110 4506 quidem,
1149 4436 1306 4506 queis
1340 4443 1490 4490 tanta
1530 4435 1773 4506 prodigia
1818 4444 2004 4491 osten-

421 4525 974 4600 derat,cognitionem
997 4529 1118 4599 ejus
1146 4529 1506 4600 recipiebant,
1528 4528 1652 4599 jure
1676 4531 1742 4584 ad
1765 4529 2000 4602 Moysem

2105 3335 2272 3405 ὄνομα
2315 3331 2413 3402 τῆς
2452 3329 2610 3399 δόξης
2640 3324 2806 3381 αὐτοῦ
2848 3325 2928 3388 εἰς
2973 3325 3064 3376 τὸν
3104 3323 3294 3375 αἰῶνα.
3331 3339 3349 3372 ι
3391 3320 3599 3388 Ὀνομα

2103 3403 2263 3494 δόξης
2288 3419 2452 3474 αὐτοῦ
2483 3422 2515 3489 ἡ
2552 3418 2746 3487 θεότης
2774 3412 2937 3468 αὐτοῦ
2963 3411 3219 3483 τυγχάνει
3242 3427 3255 3440 ·
3283 3411 3331 3462 εἰ
3356 3407 3467 3480 γὰρ
3497 3408 3558 3460 τὸ
3583 3403 3691 3459 ὑπὸ

2105 3516 2206 3586 τῆς
2236 3514 2397 3582 ἁγίας
2437 3510 2715 3581 Παρθένου
2756 3505 3121 3577 γεγενημένον
3155 3503 3416 3574 ὀνόματος
3458 3498 3690 3568 ⁴ἠξίωται.

2105 3607 2200 3661 τοῦ
2239 3603 2414 3676 Ἰησοῦ
2444 3601 2584 3656 κατὰ
2613 3601 2704 3653 τὸν
2733 3597 2974 3669 Γαϐριὴλ
2997 3597 3246 3668 φήσαντα
3279 3593 3415 3665 πρὸς
3441 3591 3533 3644 τὸν
3573 3591 3693 3642 Ἰω-

2109 3701 2218 3770 σήφ
2243 3716 2255 3726 ·
2296 3717 2315 3749 ι
2358 3697 2469 3750 Καὶ
2503 3694 2714 3760 τέξεται
2741 3693 2875 3755 υἱὸν,
2903 3691 2998 3744 καὶ
3032 3689 3278 3750 καλέσεις
3304 3685 3364 3739 τὸ
3396 3685 3570 3753 ὄνομα
3599 3681 3692 3734 αὐ·

2107 3789 2201 3845 τοῦ
2240 3787 2480 3860 Ἰησοῦν·
2524 3785 2686 3848 αὐτὸς
2723 3783 2833 3854 γὰρ
2869 3780 3030 3834 σώσει
3073 3781 3166 3834 τὸν
3208 3778 3336 3831 λαὸν
3375 3773 3536 3829 αὐτοῦ
3579 3770 3694 3826 ἀπὸ

2107 3882 2215 3936 τῶν
2244 3878 2524 3952 ἁμαρτιῶν
2556 3877 2720 3932 αὐτοῦ
2747 3893 2760 3906 ’
2794 3895 2812 3928 ι
2855 3873 3147 3928 ἀκόλουθόν
3175 3874 3290 3924 ἐστι
3317 3870 3378 3922 τὸ
3399 3867 3499 3938 τῆς
3531 3864 3694 3936 δόξης

2108 3974 2272 4028 αὐτοῦ
2302 3975 2472 4044 ὄνομα
2504 3972 2603 4043 τὴν
2648 3971 2777 4042 περί
2827 3967 2991 4023 αὐτοῦ
3022 3965 3260 4020 νοεῖσθαι
3295 3961 3586 4029 θεολογίαν,
3618 3955 3692 4011 δι’

2107 4063 2174 4139 ἧς
2203 4067 2334 4129 Θεὸς
2369 4065 2540 4133 Λόγος
2562 4063 2657 4118 καὶ
2688 4060 2982 4134 μονογενὴς
3020 4058 3152 4120 Θεὸς
3179 4060 3208 4110 6
3241 4056 3316 4108 ὢν
3345 4057 3425 4117 εἰς
3450 4053 3542 4106 τὸν
3568 4051 3695 4104 κόλ-

2110 4179 2210 4214 πον
2241 4159 2334 4213 τοῦ
2370 4157 2582 4229 Πατρὸς
2617 4156 2990 4225 ἐπινενόηται·
3033 4153 3153 4206 ὅθεν
3187 4148 3495 4217 ἐπιλέγεται
3526 4145 3651 4215 ἑξῆς
3672 4159 3692 4177 ⁹

2115 4273 2132 4304 ι
2177 4253 2284 4306 Καὶ
2310 4251 2722 4322 πληρωθήσεται
2747 4248 2846 4318 τῆς
2883 4247 3039 4318 δόξης
3065 4243 3227 4298 αὐτοῦ
3273 4243 3424 4294 πᾶσα
3457 4240 3489 4310 ἡ
3532 4239 3621 4306 γῆ.
3668 4253 3688 4285 ι

2111 4346 2282 4400 Πάλαι
2312 4346 2408 4415 μὲν
2432 4343 2538 4414 γὰρ
2566 4345 2623 4395 ἐν
2647 4341 2724 4412 τῷ
2752 4341 2942 4411 κόσμῳ
2971 4335 3058 4409 ἧν,
3093 4337 3188 4390 καὶ
3210 4338 3238 4389 6
3271 4335 3472 4404 κόσμος
3495 4331 3563 4383 δι’
3590 4330 3692 4381 αὐ⁶

2110 4437 2204 4492 τοῦ
2247 4438 2482 4505 ἐγένετο,
2517 4437 2611 4489 καί
2661 4436 2688 4487 6
2732 4436 2935 4506 κόσμος
2975 4433 3138 4486 αὐτὸν
3187 4431 3286 4482 οὐκ
3328 4427 3486 4496 ἔγνω.
3525 4443 3543 4474 ι
3582 4423 3695 4476 Καὶ

2111 4528 2233 4582 ἐπεὶ
2283 4527 2413 4598 μηδὲ
2451 4525 2688 4578 Ἰουδαῖοι
2724 4520 2806 4588 οἷς
2847 4523 3114 4584 τοσαύτας
3141 4518 3436 4582 ἐνεδείξατο
3477 4515 3694 4584 θαυμαι

422 4617 556 4675 dicit
587 4634 601 4670 ;
636 4638 654 4671 ι
687 4619 820 4677 Sine
853 4637 960 4687 me,
990 4630 1044 4676 et
1081 4622 1159 4675 ira
1194 4637 1462 4677 accensus
1487 4629 1767 4677 conteram
1812 4637 1927 4686 eos,
1951 4630 1999 4675 et

2110 4620 2368 4691 τουργίας
2418 4616 2780 4688 παρεδέξαντο
2835 4617 2935 4687 τὴν
2982 4613 3183 4683 γνῶσιν
3237 4609 3418 4671 αὐτοῦ,
3472 4607 3696 4668 εἰκότως

422 4712 621 4770 faciam
647 4722 700 4769 te
738 4714 794 4770 in
850 4726 1062 4786 gentem
1120 4731 1372 4786 magnam
1397 4719 1473 4783 ἠς
1509 4737 1527 4769 ι
1563 4724 1726 4788 atque
1776 4715 1959 4771 subdit
1991 4731 2004 4766 :

431 4822 458 4852 ι-
491 4802 637 4859 Vivit
660 4823 856 4862 nomen
875 4824 1054 4864 meum
1079 4810 1206 4878 quia
1224 4811 1526 4880 replebitur
1547 4811 1719 4881 gloria
1746 4825 1864 4864 mea
1884 4810 2008 4862 uni-

331 4903 350 4938 ⁸
423 4910 587 4951 versa
610 4902 760 4952 terra
781 4899 1241 4968 "-“JQuamvis
1267 4903 1413 4958 enim
1445 4903 1521 4965 hi,
1548 4903 1746 4973 inquit,
1780 4901 2008 4972 gloriam

424 4999 604 5039 meam
633 4985 945 5056 depellant;
970 4990 1064 5044 sed
1109 4990 1294 5047 futuro
1324 4991 1561 5062 quodam
1595 5001 1836 5059 tempore
1861 4997 2010 5044 totus

423 5077 578 5139 orbis
603 5078 901 5148 replebitur
931 5082 1103 5150 gloria
1159 5099 1300 5139 mea.
1363 5083 1518 5149 Quod
1550 5084 1603 5137 in
1639 5083 1892 5153 praesenti
1919 5081 2012 5134 do-

425 5171 692 5227 ceturbis
733 5172 959 5228 verbis:
999 5193 1017 5224 ‹
1049 5175 1114 5226 Ει
1167 5175 1465 5245 replebitur
1496 5176 1668 5246 gloria
1721 5176 1844 5245 ejus
1885 5175 2012 5228 uni~

425 5279 587 5321 versa
615 5271 783 5320 terra.
817 5284 836 5316 ι
877 5263 1033 5332 Quod
1066 5267 1243 5338 ipsum
1304 5266 1474 5323 Isaias
1524 5267 1872 5322 vaticinando
1911 5267 2009 5322 de-

427 5354 694 5420 clarabat,
721 5354 913 5411 dicens
942 5356 1216 5426 scraphim
1256 5359 1401 5410 circa
1453 5357 1741 5413 Dominum
1766 5358 2009 5412 Sabaoth

427 5446 668 5502 clamare
717 5463 781 5502 ac
831 5447 1054 5504 dicere:
1087 5465 1104 5498 ε
1142 5446 1411 5513 Sanctus,
1467 5459 1691 5505 sanctus
1719 5490 1732 5515 ,
1785 5459 2010 5505 sanctus

429 5535 694 5594 Dominus
758 5537 998 5594 Sabaoth
1032 5558 1046 5593 :
1079 5541 1236 5612 plena
1286 5552 1368 5597 est
1417 5543 1596 5597 omnis
1649 5549 1794 5596 terra
1843 5543 2013 5612 gloria

417 5628 550 5700 ejus
574 5631 642 5684 ⁷⁵.
674 5649 695 5684 ι
760 5629 967 5687 Verum
1002 5633 1118 5689 haec
1148 5634 1370 5705 quidem
1403 5634 1533 5690 olim
1586 5650 1651 5690 ex
1673 5635 2013 5704 praescientia

2101 4714 2239 4784 φησί
2268 4712 2401 4783 πρὸς
2433 4711 2675 4782 Μωύσῆν
2695 4728 2706 4739 ’
2746 4728 2763 4760 ι
2798 4709 2997 4762 Ἔασόν
3024 4723 3112 4778 με,
3138 4705 3233 4759 καί
3252 4699 3522 4773 θυμωθεὶς
3554 4697 3694 4767 ὀργῇ

2107 4805 2348 4875 ὲκτρίψω
2391 4805 2608 4868 αὐτοὺς,
2650 4802 2742 4856 καί¹
2775 4802 2986 4873 ποιήσω
3031 4817 3090 4853 σε
3134 4800 3212 4861 εἰς
3245 4795 3393 4857 ἔθνος
3452 4792 3620 4862 μέγαο
3669 4810 3689 4840 ι

2109 4897 2202 4949 καὶ
2234 4875 2506 4964 ὲπιλέγέιο
2548 4914 2565 4946 ι
2600 4897 2673 4965 Ζῇ
2709 4895 2768 4947 τὸ
2799 4891 2972 4963 ὄνομά
3007 4908 3130 4960 μου,
3161 4890 3245 4941 ὅτι
3275 4881 3692 4956 πληρωθήσεται

2110 4988 2210 5058 τῆς
2242 4987 2398 5058 δόξης
2429 5005 2528 5059 μου
2563 4989 2711 5040 πᾶσα
2743 4988 2775 5056 ἡ
2813 4986 2906 5056 γῆ.
2943 5004 2960 5034 ι
2999 4984 3061 5035 Εἰ
3095 4980 3206 5051 γὰρ
3238 4979 3331 5032 καί
3362 4979 3429 5030 τὰ
3461 4975 3696 5043 μάλιστα

2111 5074 2278 5141 οὗτοι,
2299 5080 2451 5150 φησὶ,
2472 5079 2848 5152 παρωοοῦνται
2871 5077 2966 5147 τὴν
2997 5075 3133 5146 ἐμὴν
3153 5072 3332 5137 δόξαν,
3357 5069 3490 5122 ἀλλὰ
3515 5065 3695 5136 καιρῷ

2111 5191 2216 5232 τινι
2254 5172 2670 5243 πληρωθήσεται
2700 5175 2733 5242 ὴ
2769 5170 3060 5240 οἰκουμένη
3108 5169 3257 5220 πᾶσα
3295 5165 3393 5234 τῆς
3425 5165 3564 5233 ἐμῆς
3606 5160 3693 5212 δό-

2114 5264 2231 5336 ξης.
2285 5267 2350 5317 Ὃ
2396 5264 2460 5335 δὴ
2509 5265 2600 5317 καί
2632 5264 2694 5316 16
2746 5261 2919 5334 παρὸν
2956 5262 3136 5329 λόγιον
3182 5259 3424 5313 διδάσκει
3474 5257 3688 5326 φῆσανο

2119 5377 2138 5408 ‹
2181 5357 2292 5410 Καὶ
2325 5356 2740 5427 πληρωθήσεται
2768 5357 2870 5425 τῆς
2901 5353 3059 5423 δόξης
3093 5350 3256 5405 αὐτοῦ
3293 5351 3441 5402 πᾶσα
3477 5346 3629 5418 ήγῆ.
3666 5362 3688 5395 ι

2116 5449 2286 5502 Τοῦτο
2312 5450 2403 5503 καὶ
2443 5449 2666 5512 Ἡσαΐας
2715 5448 2948 5518 παρίστη
2997 5443 3266 5509 θεσπίζων
3310 5443 3378 5495 τὰ
3423 5439 3692 5512 σεραφείμ

2119 5539 2422 5596 κυκλοῦντα
2453 5541 2546 5593 τὸν
2593 5540 2797 5611 Κύριον
2837 5537 3065 5591 Σαϐαὼθ
3117 5536 3323 5606 βοῶντά
3365 5551 3424 5586 τε
3464 5533 3556 5586 καὶ
3608 5530 3694 5582 λέ-

2120 5650 2316 5704 γοντα*
2355 5654 2372 5684 ι
2410 5635 2619 5701 Ἀγιος,
2652 5633 2823 5702 ἅγιος,
2857 5631 3010 5700 ἅγιος
3035 5628 3237 5699 Κύριος
3261 5623 3516 5681 Σαϐαιὶιθο
3561 5621 3695 5693 πλὴο

503 5787 552 5823 ’⁸
585 5787 944 5857 δίλιιιιοιυῖιο
1023 5793 1068 5825 ⁷¹
1097 5789 1255 5850 Joan.
1285 5808 1324 5860 ι,
1361 5791 1444 5849 I0.
1523 5793 1565 5824 "
1600 5791 1965 5862 Exod.xxxn,
1996 5794 1999 5840 τ

2138 5791 2186 5824 ’³
2217 5791 2263 5829 ⁷³
2290 5789 2452 5846 Num.
2487 5806 2598 5853 xiv,
2635 5790 2727 5847 2i.
2804 5789 2852 5820 ⁷³
2885 5787 2986 5843 Isa.
3019 5785 3166 5850 ηδ.
