4068 6530
347 343 443 402 82!

1435 349 1942 408 COMMEN‘TAREA
1971 353 2036 408 IN
2073 355 2413 417 PSALMOS.

3485 357 3592 415 822

351 477 447 533 ρης
477 460 624 514 πᾶσα
651 462 684 532 ἡ
723 462 790 532 γῆ
835 462 934 534 τῆς
961 463 1118 534 δόξης
1149 464 1334 520 αὐτοῦ.
1370 483 1387 516 ι
1435 466 1592 520 Ἀλλὰ
1615 467 1784 522 ταῦτα
1817 470 1914 542 μὲν

2017 471 2198 527 divina
2220 474 2733 544 praenuntiabantur
2764 493 2777 531 :
2811 490 2975 547 opere
3021 485 3200 530 autem
3243 475 3592 546 compleban-

344 553 500 622 θεῖκῇ
541 551 845 623 προγνώσει
870 553 1184 619 ἐθεσπίζετο
1212 555 1378 610 πάλαι
1404 574 1417 588 ·
1453 557 1634 628 ἔργοις
1671 559 1727 612 δὲ
1754 561 1919 632 ἐπλη-

348 638 505 711 ροῦτο
540 641 803 713 πρότερον
831 644 863 712 ἢ
899 643 990 695 τὸν
1024 645 1254 716 Σωτῆρα
1281 646 1377 698 καὶ
1409 647 1610 719 Κύριον
1635 651 1667 720 ὴ
1678 650 1792 719 μῶν
1817 652 1921 721 Ἰη-

350 727 475 782 σοῦν
513 730 607 782 τὸν
640 731 872 802 Χριστὸν
899 732 978 802 τῷ
1021 733 1126 786 τῶν
1161 735 1461 807 ἀνθρώπων
1494 739 1796 809 ἐπιλάμψαι
1830 741 1921 809 γέ-

346 837 427 874 νει
450 838 464 851 ο
510 821 618 874 ἱδοὺ
656 823 764 894 γὰρ
805 825 924 877 καθ’
970 828 1116 897 ἡμᾶς
1145 829 1342 892 αὐτοὺς
1381 830 1782 904 ἀνατέτραπται
1822 835 1919 904 μὲν

350 914 498 966 πᾶσα
519 911 800 984 δαιμονικὴ
826 915 997 987 πλάνη
1016 934 1029 947 ο
1054 918 1379 989 πεπλήρωκε
1401 920 1458 972 δέ
1484 921 1578 992 τὴν
1598 925 1920 996 οἰκουμένην

348 1000 566 1053 ἃπασαν
598 1003 631 1071 ἡ
667 1002 960 1074 Ἐκκλησία
1011 1007 1267 1077 Χριστοῦ,
1308 1009 1400 1062 τὸν
1439 1010 1569 1064 Θεὸν
1613 1013 1828 1085 Ἰσραὴλ
1863 1017 1920 1067 ἐν

349 1090 496 1161 πάσῃ
547 1093 612 1160 τῇ
661 1094 728 1162 γῇ
776 1091 1091 1158 δοξάζουσα.
1145 1098 1257 1150 Καὶ
1300 1099 1598 1173 ἐπειδήπερ
1641 1104 1810 1156 ταῦτα
1861 1106 1922 1158 τὸ

347 1181 574 1253 Πνεῦμα
600 1183 660 1236 τὸ
694 1185 847 1252 ἆγιον
867 1189 1221 1258 προφητικῶς
1251 1190 1513 1260 μέλλοντα
1544 1194 1761 1250 ἔσεσθαι
1789 1215 1922 1268 προ-

343 1273 628 1344 ανεφώνει,
645 1277 798 1349 χορὸς
812 1279 1056 1348 ἀγγέλων
1075 1283 1337 1337 ὑπακούει
1355 1285 1433 1356 (1)
1453 1290 1840 1361 συνευχόμενος
1853 1296 1918 1364 τῇ

345 1368 453 1421 τῶν
487 1371 827 1440 πραγμάτων
856 1373 1153 1442 τελειώσει,
1185 1378 1541 1449 πιπούμενός
1566 1399 1624 1434 τε
1661 1383 1800 1437 αὐτὰ
1829 1386 1922 1436 καὶ

345 1458 539 1529 λέγων’
589 1479 607 1512 ι
649 1463 687 1514 Γ
691 1463 884 1528 ένοιτο,
921 1465 1163 1534 γένοιτο⁹
1204 1488 1221 1521 ι
1269 1470 1302 1540 ἢ
1349 1471 1491 1524 κατὰ
1530 1473 1620 1526 τὸν
1671 1475 1919 1541 Ἀκύλαν,

345 1567 370 1604 4
408 1553 854 1623 πεπιστωμένως,
885 1559 1337 1628 πεπιστωμένως,
1378 1579 1396 1611 ι
1429 1562 1462 1633 ἢ
1489 1563 1628 1616 κατά
1656 1564 1746 1617 τὸν
1772 1565 1921 1636 Σύμ-

347 1657 554 1712 μαχον·
593 1663 611 1695 ι
658 1647 826 1719 Ἀμὴν
868 1650 961 1702 καὶ
1005 1651 1150 1721 ἁμήν
1176 1667 1191 1682 ο
1225 1670 1242 1701 ι
1281 1647 1360 1714 οἷς
1407 1651 1533 1724 ἑξῆς
1570 1654 1876 1723 ἐπιλέγεται
1905 1674 1918 1687 ⁸

348 1748 372 1784 ι
419 1733 691 1799 Ἑξέλιπον
733 1737 891 1808 ὕμνοι
949 1739 1113 1793 Δαυῒδ
1152 1740 1245 1794 τοῦ
1291 1743 1406 1796 υἱοῦ
1446 1745 1659 1799 Ἰεσσαί.
1711 1765 1729 1797 ι
1781 1747 1921 1800 Ἀνθ’

2017 572 2112 616 tur
2142 565 2294 634 prius
2321 581 2487 636 quam
2507 566 2769 622 Servator
2796 575 2849 622 et
2878 565 3142 623 Dominus
3198 575 3387 622 noster
3428 566 3590 622 Jesus

2019 655 2271 712 Christus
2331 657 2569 713 humano
2623 659 2807 729 generi
2857 658 3103 714 illuceret
3136 675 3150 709 :
3187 673 3316 714 ecce
3357 673 3592 729 namque

2019 753 2261 816 tempore
2291 755 2483 805 nostro
2514 765 2740 807 eversus
2767 757 2851 806 est
2876 750 3055 806 omnis
3085 750 3391 805 diabolieus
3413 765 3590 826 error.

2022 845 2190 892 totam
2216 855 2346 896 vero
2380 849 2582 895 terram
2607 843 2836 912 replevit
2881 842 3124 898 Ecclesia
3159 841 3391 908 Christi,
3420 840 3590 898 Deum

2027 928 2191 985 Israel
2234 931 2291 986 in
2337 940 2453 989 toto
2505 933 2633 988 orbe
2665 934 2837 1005 gloria
2864 933 3122 990 alliciens.
3170 932 3235 987 Et
3290 934 3420 1004 quia
3478 933 3593 986 lucc

2024 1022 2260 1092 Spiritus
2321 1037 2544 1080 sanctus
2606 1026 2922 1097 prophetice
2990 1025 3170 1080 futura
3242 1025 3591 1095 praedixerat,

2022 1117 2227 1174 chorus
2279 1120 2596 1190 angelorum
2649 1120 2942 1191 respondet
2992 1135 3102 1174 una
3151 1119 3456 1190 deprecans
3493 1132 3594 1188 pro

2025 1210 2102 1265 rei
2131 1213 2626 1276 consummatione,
2662 1212 2862 1283 illaque
2898 1211 3229 1267 conﬁrmans
3265 1226 3329 1266 ac
3358 1209 3589 1266 dicens:

2027 1323 2045 1355 ι
2083 1302 2223 1367 Fiat,
2256 1301 2344 1356 ﬁat
2372 1312 2395 1368 ,'
2426 1321 2444 1355 ι
2468 1303 2582 1358 sive
2613 1303 2916 1360 secundum
2965 1304 3241 1374 Aquilam,
3276 1323 3296 1357 ι
3336 1302 3591 1371 ﬁdeliter,

2024 1392 2290 1460 ﬁdeliter;
2320 1411 2339 1444 ι
2382 1400 2476 1447 aut
2513 1395 2817 1449 secundum
2865 1385 3251 1465 Symmachum
3283 1411 3296 1447 :
3346 1411 3366 1446 ι
3396 1393 3590 1457 Amen,

2023 1499 2199 1538 amen.
2236 1504 2253 1535 ι
2285 1483 2452 1551 Queis
2479 1486 2676 1542 deinde
2714 1485 2968 1541 additur:
2998 1505 3017 1537 ‹
3049 1484 3377 1540 Defecerunt
3405 1483 3593 1555 hymni

2024 1569 2193 1624 David
2221 1571 2313 1625 ﬁlii
2347 1573 2566 1630 Jesst
2592 1573 2701 1631 Pro
2721 1591 2828 1645 quo
2851 1573 3217 1646 Symmachus
3237 1574 3317 1630 sic
3333 1573 3598 1643 interpre-

2024 1668 2172 1714 tatur
2201 1676 2213 1712 :
2239 1679 2257 1712 ι
2277 1660 2535 1718 Perfecta:
2557 1672 2683 1719 sunt
2704 1663 2982 1719 orationes
3010 1661 3178 1717 David
3203 1661 3300 1715 lilii
3329 1659 3500 1716 Jessae
3526 1676 3540 1726 ;
3570 1676 3600 1708 ν’

2025 1749 2327 1807 Theodotio
2372 1761 2553 1807 autem
2615 1759 2668 1806 et
2721 1751 2914 1822 quinta
2971 1748 3181 1804 editio:
3238 1746 3597 1816 «Recognitae

339 1816 405 1876 οῦ
447 1825 475 1876 ὁ
505 1825 605 1895 μὲν
638 1826 933 1899 Σύμμαχος
961 1833 1308 1903 ἡρμήνευσεν
1334 1852 1346 1863 ·
1393 1853 1410 1885 ι
1461 1837 1915 1908 Ἐπετελέσθησαν

2023 1853 2151 1898 sunt
2175 1844 2453 1900 orationes
2485 1843 2658 1899 David
2684 1816 2782 1898 ﬁlii
2815 1843 3002 1899 Jessae.
3024 1861 3042 1893 ι
3087 1840 3192 1908 Qui
3219 1839 3470 1896 lectionis
3498 1852 3595 1891 ac-

343 1908 648 1987 προσευχαὶ
681 1920 843 1973 Δαυῒδ
881 1921 998 1974 υἱοῦ
1046 1924 1241 1978 Ἰεσσαί
1270 1941 1280 1951 ·
1312 1945 1330 1977 ι
1359 1928 1386 1979 ὁ
1416 1926 1473 1979 δὲ
1509 1928 1798 1982 Θεοδοτὶων
1828 1933 1920 1985 καὶ

338 2003 379 2076 ὴ
415 2006 638 2080 πέμπτη
671 2009 913 2075 έκδοσις·
952 2034 970 2065 ι
1016 2016 1590 2090 ’Δνεκεφαλαιώθησαν
1625 2025 1919 2093 προσευχαὶ

335 2097 505 2151 Δαυῒδ
539 2101 654 2154 υἱοῦ
693 2104 906 2158 Ἰεσσαί.
947 2125 965 2156 ι
1015 2109 1074 2158 Οἱ
1108 2106 1206 2176 μὲν
1237 2104 1330 2162 οῦν
1363 2111 1580 2182 ἄπειροι
1627 2113 1726 2183 τῆς
1767 2115 1920 2185 ἀκρι-

338 2185 498 2252 ϐείας
522 2190 614 2243 τοῦ
645 2193 1068 2266 ἁναγνώσματος
1091 2197 1188 2268 οὐχ
1227 2198 1302 2262 ώς
1332 2201 1495 2271 μέρος
1524 2203 1615 2256 τοῦ
1640 2203 1760 2257 ὅλου
1785 2205 1920 2274 ψαλ-

339 2279 450 2349 μοῦ
500 2280 814 2354 ἐξειλήφασι
852 2287 934 2350 τὸ,
985 2308 1003 2339 ι
1058 2291 1332 2356 Ἐξέλιπον
1385 2292 1544 2362 ῦμνοι
1592 2296 1753 2350 Δαυῒδ
1801 2298 1915 2351 υἱοῦ

351 2369 581 2424 Ἰεσσαί*
617 2392 637 2424 ι
684 2374 799 2427 ἀλλ’
832 2376 908 2440 ώς
939 2377 1136 2442 ἔξωθεν
1167 2383 1266 2452 τῆς
1296 2385 1632 2454 προφητεία-ς
1675 2404 1919 2458 παραγε-

334 2461 660 2550 γραμμένον
685 2464 1014 2533 ἀνέγνωσαν.
1045 2470 1192 2522 Αἱδέ
1225 2471 1404 2525 λοιπαὶ
1438 2475 1719 2545 ἑρμηνεῖαι
1765 2480 1858 2532 καὶ
1883 2481 1915 2550 ἡ

349 2548 617 2624 Ἐϐραϊκὴ
658 2555 842 2627 γραφὴ
888 2558 1074 2628 σαφῶς
1119 2561 1469 2634 παρίστησιν,
1514 2565 1594 2617 ὅτι
1626 2548 1916 2622 καὶταῦτα

336 2639 510 2712 μέρος
544 2645 798 2712 τυγχάνει
826 2645 919 2698 τοῦ
950 2649 1070 2701 ὅλου
1097 2650 1329 2722 ψαλμοῦ.
1371 2655 1587 2726 Ἐπειδὴ
1623 2657 1730 2730 γὰρ
1751 2660 1917 2715 Δαυῒδ

332 2731 372 2786 ὁ
396 2730 646 2800 βασιλεὺς
684 2738 740 2788 ἐν
773 2744 1099 2811 προσευχαῖς
1133 2743 1338 2797 ἐτίθετο
1373 2747 1458 2800 ἀεὶ
1481 2749 1783 2821 ἐπιλάμψαι
1820 2751 1915 2805 τοῦ

337 2821 597 2894 Σωτῆρος
644 2827 741 2896 τὴν
786 2830 852 2882 ἐκ
897 2831 1208 2902 σπέρματος
1256 2836 1419 2890 αὐτοῦ
1459 2842 1916 2915 προφωνουμένην

336 2913 554 3006 γένεσιν
573 2934 584 2946 ·
617 2918 822 2990 ταύτης
846 2921 904 2974 δὲ
935 2923 1014 2985 εἰς
1038 2922 1172 2995 ἔργα
1211 2929 1513 3001 χωρούσης,
1559 2913 1758 3002 ἔμελλε
1787 2913 1918 3006 συμ-

336 3005 678 3079 πληροῦσθαι
703 3011 878 3064 πάντα
898 3012 965 3066 τά
988 3031 1334 3089 προπεφητευ
1344 3021 1477 3089 μένα
1497 3039 1508 3052 ’
1534 3023 1757 3088 εἰκότως
1782 3027 1918 3096 μετὰ

2020 1933 2360 1990 curationem
2409 1935 2710 2004 ignorant,
2774 1933 2890 1988 haec
2952 1932 3118 1987 verba
3153 1971 3166 1992 ,
3220 1949 3240 1981 ι
3270 1929 3597 1984 Defecerunt

2020 2025 2204 2096 hymni
2234 2025 2398 2080 David
2434 2025 2526 2079 ﬁlii
2554 2024 2741 2090 Jessae,
2771 2044 2789 2077 ›
2823 2040 2922 2096 pro
2951 2031 3104 2095 parte
3133 2021 3324 2094 psalmi
3356 2035 3464 2075 non
3499 2020 3598 2073 ha-

2019 2117 2178 2184 bent;
2213 2117 2308 2173 sed
2340 2119 2497 2190 quasi
2541 2134 2657 2174 rem
2705 2125 2859 2173 extra
2912 2116 3254 2188 prophetiam
3285 2121 3338 2169 et
3369 2111 3597 2183 adjecti-

2021 2210 2149 2263 tiam
2193 2210 2400 2280 legunt.
2456 2209 2659 2266 Verum
2703 2209 2927 2279 reliquae
2983 2207 3484 2278 interpretationes,
3542 2211 3597 2256 ct

2019 2300 2138 2370 ipsa
2167 2298 2438 2355 Hebraica
2479 2301 2778 2371 scriptura,
2802 2299 2953 2355 clare
3008 2303 3448 2353 commonstrant
3480 2293 3601 2347 haee

2017 2407 2235 2462 quoque
2264 2392 2434 2448 totius
2457 2390 2652 2461 psalmi
2683 2401 2891 2462 partem
2921 2405 3063 2446 esse.
3089 2388 3228 2456 Quia
3248 2387 3394 2444 enim
3425 2383 3602 2438 David

2017 2497 2113 2536 rex
2146 2482 2202 2537 in
2232 2482 2582 2538 orationibus
2607 2483 2723 2538 suis
2761 2497 2978 2552 semper
3008 2479 3321 2544 insistebat,
3356 2484 3418 2532 ut
3438 2485 3600 2533 ortus

2020 2569 2458 2642 Servatoris,qui
2489 2588 2556 2627 ex
2585 2571 2795 2628 semine
2817 2587 2918 2627 suo
2942 2570 3260 2642 proditurus
3305 2575 3444 2633 erat,
3468 2567 3600 2625 illu:

2015 2671 2292 2728 cesceret;
2326 2663 2454 2732 quia
2489 2677 2614 2717 cum
2665 2660 2734 2715 ad
2765 2660 3020 2717 eﬁ‘ectum
3077 2658 3376 2730 perductus
3424 2664 3592 2720 esset,

2017 2752 2262 2807 futurum
2279 2760 2398 2808 erat
2427 2761 2484 2806 ut
2505 2753 2689 2808 omnia
2706 2766 2828 2822 quae
2879 2751 2934 2805 in
2989 2748 3293 2821 prophetiis
3342 2747 3596 2802 feruntur

2017 2842 2414 2914 implerenlur;
2451 2842 2576 2912 jure
2608 2848 2733 2913 post
2781 2841 3168 2912 prmdictorum
3219 2837 3594 2908 complemen-

2018 2942 2132 2990 tum
2163 2934 2403 2999 additur,
2435 2934 2710 3005 perfectas
2741 2942 2795 2988 et
2838 2933 3139 3003 completas
3173 2929 3431 3001 superius
3467 2943 3595 2984 esse

2017 3024 2241 3080 Davidis
2290 3026 2588 3081 orationes.
2636 3022 2823 3079 Potest
2867 3023 3034 3079 etiam
3075 3021 3230 3088 illud,
3289 3039 3308 3075 ι
3337 3019 3594 3092 perfecta:

333 3097 404 3152 τὸ
435 3102 808 3173 συμπέρασμα
842 3103 950 3157 τῶν
985 3105 1429 3178 προλελεγμένων
1463 3111 1792 3180 ἐπιλέγεται,
1837 3115 1913 3178 ὡς

341 3189 446 3215 ι-..
501 3194 811 3215 1___-\!-IL,
839 3213 856 3215 _
1046 3199 1058 3215 \
1294 3201 1310 3215 ς
1415 3204 1469 3215 ,Α
1674 3206 1696 3215 Α
1730 3207 1740 3215 .
1845 3210 1871 3215 __

2019 3127 2148 3174 sunt
2175 3125 2270 3172 aut
2295 3116 2633 3182 defecerunt,
2665 3135 2683 3167 ›
2721 3114 3039 3186 prophetice
3066 3113 3297 3186 intelligi
3319 3113 3388 3170 de
3405 3113 3606 3169 futuro-

335 3189 458 3282 ἄρα
498 3194 925 3266 ἐπετελέσθησαν
973 3199 1067 3251 καὶ
1122 3201 1613 3276 συνεπληρώθησαν
1669 3206 1755 3260 διὰ
1803 3210 1911 3261 τῶν

2017 3219 2259 3282 tempore
2284 3227 2296 3262 :
2320 3225 2446 3266 nam
2504 3209 2718 3281 singula
2748 3224 2869 3280 quae
2916 3207 3170 3278 superius
3199 3214 3593 3263 enumerantur

335 3281 786 3354 προλελεγμένων
821 3287 874 3337 αἱ
912 3287 1002 3340 τοῦ
1044 3289 1208 3343 Δαυῒδ
1247 3295 1560 3366 προσευχαί.
1599 3296 1829 3352 Δύναται
1855 3300 1912 3353 δὲ

333 3367 420 3434 τὸ,
459 3390 477 3422 ι
522 3373 948 3447 ἐπετελέσθησαν
991 3379 1022 3449 ἢ
1073 3380 1339 3448 ἐξέλιπον,
1373 3405 1390 3436 ι
1432 3389 1785 3459 προφητικῶς
1826 3390 1914 3444 λέ-

331 3461 530 3554 γεσθαι
560 3465 640 3528 εἱς
669 3465 925 3536 μέλλοντα
949 3468 1137 3539 χρόνον
1163 3487 1175 3499 ·
1199 3472 1308 3524 τῶν
1331 3475 1436 3546 γὰρ
1464 3481 1910 3554 προκατηριθμη-

336 3553 521 3622 μένων
547 3554 773 3609 ἕκαστον
805 3560 1090 3631 γενήσεται
1116 3563 1253 3616 ἐπὰν
1283 3567 1375 3618 καὶ
1404 3569 1786 3626 ἐπιτελεσθῶσι
1818 3553 1914 3628 καὶ

334 3643 811 3718 συμπληρωθῶσιν
849 3651 904 3704 αἱ
952 3657 1248 3724 προσευχαὶ
1288 3658 1449 3712 Δαυῒδ
1485 3661 1578 3714 τοῦ
1625 3665 1740 3718 υἱοῦ
1779 3667 1912 3720 Ίεσ-

332 3733 450 3829 σαί.
485 3735 856 3829 ξῖύκαιρότατα
881 3741 936 3795 δὲ
967 3743 1055 3798 διὰ
1079 3746 1168 3798 τὸν
1191 3752 1658 3823 προφητευόμενον
1682 3757 1913 3829 Χριστὸν

327 3825 430 3878 τοῦ
477 3825 610 3880 Θεοῦ
653 3831 1057 3901 ἐμνημόνευσεν
1104 3838 1202 3908 οὐχ
1248 3840 1432 3906 ἁπλῶς
1476 3861 1494 3894 ι
1524 3844 1618 3898 τοῦ
1674 3825 1855 3915 Δαυῒδ,
1888 3871 1906 3902 ι

329 3913 475 3969 ἀλλὰ
499 3919 639 3988 μετὰ
672 3922 990 3996 προσθήκης
1019 3943 1037 3976 ι
1070 3927 1163 3980 τοῦ
1189 3929 1306 3982 υἱοῦ
1351 3932 1574 3988 Ἰεσσαί·
1617 3956 1635 3988 ι
1671 3937 1757 3992 ἵνα
1790 3913 1915 3994 συν-

331 4013 561 4109 άψιιίμεν
582 4021 645 4089 τῇ
674 4021 922 4096 παρούσῃ
949 4028 1132 4096 γραφῇ
1175 4028 1272 4098 τὴν
1307 4030 1526 4087 Ἡσαΐου
1557 4039 1912 4109 προφητείαν,

328 4109 403 4162 δι’
436 4104 502 4180 ἦς
540 4111 608 4164 τά
638 4113 800 4183 ὅμοια
839 4118 965 4188 περὶ
1000 4118 1094 4172 τοῦ
1129 4121 1363 4192 Χριστοῦ
1394 4104 1706 4192 θεσπίζεται
1727 4104 1804 4185 ⁷ἐν
1834 4129 1915 4199 οἷς

329 4201 550 4273 εἴρηται
576 4219 588 4231 °
625 4224 643 4257 ι
693 4206 1059 4273 Ἐξελεύσεται
1107 4213 1298 4283 ῥάϐδος
1346 4217 1409 4270 ἐκ
1451 4220 1750 4294 τῆςερίζης
1786 4225 1914 4278 Ἰεσ-

331 4295 448 4358 σαὶ,
479 4297 570 4350 καὶ
602 4299 760 4364 ἄνθος
787 4302 849 4354 ἐκ
881 4302 978 4373 τῆς
1011 4303 1167 4375 ῥίζης
1199 4307 1526 4380 ἀναϐήσεται
1549 4331 1562 4344 ·
1593 4315 1686 4367 καὶ
1716 4318 1916 4372 ἐπανα-

329 4384 603 4440 παύσεται
643 4389 729 4442 ἐπ’
768 4393 929 4446 αὐτὸν
972 4396 1032 4448 τὸ
1066 4398 1287 4469 Πνεῦμα
1333 4401 1427 4455 τοῦ
1471 4403 1629 4468 Θεοῦ,
1667 4425 1684 4457 ι
1723 4409 1815 4460 καὶ
1844 4408 1911 4462 τὰ

2016 3313 2144 3360 tunc
2158 3303 2431 3370 evenient,
2449 3318 2574 3358 cum
2593 3302 2865 3358 orationes
2879 3301 3099 3357 Davidis
3123 3299 3217 3355 ﬁlii
3237 3299 3406 3356 Jessaz
3426 3298 3592 3370 perﬁ-

2011 3395 2225 3451 cientur
2240 3404 2294 3451 et
2306 3395 2493 3465 reipsa
2513 3395 2902 3464 implebuntur.
2917 3393 3392 3466 Opportunissime
3408 3398 3606 3446 autem.

2012 3497 2232 3558 propter
2246 3486 2521 3544 Christum
2545 3486 2639 3543 Dei
2657 3486 2749 3558 qui
2771 3487 2826 3541 in
2850 3486 3111 3543 vaticinio
3123 3484 3438 3550 fertur,uon
3460 3482 3594 3536 «Da-

2013 3579 2185 3634 vidis»
2209 3587 2420 3635 tantum
2442 3581 2602 3646 dixit,
2630 3579 2726 3636 sed
2743 3595 2868 3636 cum
2891 3580 2996 3634 hoc
3010 3578 3403 3642 additamenta,
3443 3593 3462 3627 ι
3496 3574 3592 3630 ﬁlii

2011 3670 2207 3740 Jessae;
2231 3692 2249 3725 ι
2301 3681 2358 3727 ιιι
2393 3672 2522 3728 huic
2563 3672 2870 3742 scriptum,
2909 3671 3062 3726 Isaiae.
3099 3669 3438 3740 prophetiam
3463 3667 3594 3724 sub-

2007 3764 2303 3836 jungamus
2318 3779 2438 3834 quae
2449 3763 2648 3818 similia
2663 3763 2730 3819 de
2745 3763 2962 3819 Christo
2979 3762 3330 3823 vaticinatur,
3347 3773 3471 3815 cum
3486 3759 3561 3813 ait
3574 3776 3606 3813 :.

2018 3875 2037 3908 ι
2066 3855 2384 3926 Egredietur
2412 3837 2564 3926 virga
2596 3852 2664 3908 de
2681 3852 2860 3908 radice
2881 3851 3070 3918 Jessae,
3101 3860 3155 3908 et
3187 3850 3286 3908 ﬁos
3313 3851 3381 3906 de
3411 3849 3594 3904 radice

2012 3947 2133 4017 ejus
2186 3945 2474 4010 ascendet,
2520 3953 2575 4000 et
2620 3944 2930 4014 requiescet
2981 3958 3148 4014 super
3176 3958 3303 3998 eum
3354 3939 3594 4012 Spiritus

2012 4037 2109 4093 Dei
2133 4038 2212 4102 ⁷⁸,
2240 4055 2258 4090 ι
2299 4044 2352 4092 et
2377 4043 2573 4091 caetera
2594 4074 2609 4100 ,
2662 4034 2864 4106 quibus
2899 4034 3196 4106 adjicitur:
3235 4051 3253 4084 ι
3285 4032 3351 4085 Ει
3372 4030 3477 4087 erit
3504 4045 3593 4084 ra-

2013 4129 2108 4184 dix
2133 4128 2323 4192 Jessae,
2370 4137 2424 4184 et
2453 4129 2547 4198 qui
2585 4135 2844 4198 exsurget
2890 4127 3163 4198 imperare
3202 4124 3479 4197 gentibus,
3535 4122 3591 4179 in

2013 4221 2133 4291 ipso
2158 4228 2349 4291 gentes
2386 4220 2689 4290 sperabunt
2719 4217 2789 4272 τ’.
2812 4239 2831 4273 ι
2874 4218 3042 4275 Vides
3077 4219 3224 4274 enim
3261 4234 3372 4289 quo
3432 4225 3610 4288 pacto-

2011 4311 2100 4372 hic
2123 4328 2220 4382 per
2240 4312 2480 4366 radicem
2507 4310 2676 4366 Jessae
2695 4311 2910 4366 vocatio
2937 4311 3182 4382 gentium
3211 4308 3589 4368 annuntietur.

2014 4404 2088 4459 ita
2131 4412 2190 4475 ut
2237 4404 2675 4458 additamentum
2710 4403 2868 4470 illud,
2905 4423 2924 4455 ι
2960 4402 3260 4466 ﬁliiJessae,
3295 4422 3314 4454 ›
3350 4417 3461 4457 non
3478 4400 3592 4454 fru-

327 4476 481 4546 ἐξῆς
519 4474 599 4543 οἷς
622 4482 952 4552 ἐπιλέγεται’
987 4506 1004 4538 ι
1035 4490 1144 4541 Καὶ
1171 4490 1321 4546 ἔσται
1353 4495 1385 4564 ἡ
1413 4495 1537 4564 ῥίζα
1565 4496 1656 4549 τοῦ
1692 4498 1910 4566 Ἰεσσαὶ,

2018 4474 2221 4556 strain
2273 4498 2377 4553 hac
2429 4497 2715 4568 prophetia
2757 4497 2959 4567 jaceat.
2990 4497 3128 4551 Cum
3170 4502 3354 4550 autem
3381 4492 3592 4548 Christi

327 4568 484 4662 καὶ.μὸ
515 4571 868 4644 ἀνιστάμενος
907 4577 1095 4650 ἄρχειν
1131 4582 1321 4649 ἐθνῶν,
1359 4587 1444 4639 ἐπ’
1481 4587 1628 4658 αὐτῷ
1665 4589 1788 4662 ἔθνη
1821 4592 1908 4644 ἐλ-

325 4658 565 4752 πιοῦσιν.
603 4683 620 4714 ι
665 4666 825 4737 Ὁρᾷς
857 4668 962 4741 γὰρ
994 4671 1140 4736 ὅπως
1179 4676 1273 4728 πμιαὶ⁵
1317 4678 1546 4731 ἐνταῦθα
1571 4680 1658 4734 διά
1696 4658 1794 4751 τῆς
1827 4683 1907 4752 ,ὁὶ-

325 4749 431 4821 ζης
473 4752 666 4807 Ἰεσσαὶ
695 4758 726 4826 ἡ
771 4758 957 4829 κλῆσις
991 4763 1097 4816 τῶν
1137 4765 1304 4817 ἐθνῶν
1338 4769 1696 4838 ἀναφωνεῖται
1718 4788 1732 4802 ⁸
1765 4772 1904 4826 ὥστε

326 4841 406 4913 μὴ
435 4844 608 4916 μάτην
640 4848 774 4920 μηδὲ
811 4852 910 4921 τὴν
940 4854 1258 4927 προσθήκην
1286 4860 1385 4929 τὴν
1421 4880 1438 4910 ι
1478 4861 1570 4914 τοῦ
1607 4864 1724 4916 υἱοῦ
1769 4866 1902 4917 Ἰεσ-

2013 4607 2242 4664 regnum
2261 4599 2315 4647 et
2347 4591 2592 4662 gentium
2632 4591 2850 4646 vocatio
2895 4590 3218 4648 annuntiata
3244 4586 3471 4651 fuerint,
3500 4585 3594 4639 hic

2011 4689 2414 4754 peropportune
2451 4682 2776 4740 terminatur
2813 4679 3054 4736 secunda
3092 4693 3222 4750 pars
3257 4677 3382 4734 libri
3427 4677 3588 4733 Psal-

2009 4789 2247 4837 morum,
2276 4786 2397 4841 qua:
2422 4786 2452 4825 a
2492 4771 2915 4842 quadragesimo
2956 4772 3132 4841 primo
3153 4770 3368 4842 incipit,
3415 4777 3469 4826 et
3532 4770 3594 4824 in

2008 4871 2331 4934 praasentem
2358 4863 2628 4934 psalmum
2653 4863 2872 4919 desinit.

323 4936 469 5032 σῗιὶ]
509 4939 667 5032 ὲνςτῇ
711 4948 1043 5022 προκειμένῃ
1090 4951 1348 5021 φέρεσθαι
1386 4959 1707 5030 προφητεία.
1745 4961 1900 5014 Κατὰ
1939 4959 2127 5032 καιρὸν
2170 4959 2228 5012 δὲ
2271 4957 2539 5023 ἐνταῦθα,
2570 4958 2810 5028 Χριστοῦ
2856 4959 3131 5030 βασιλείας
3176 4960 3272 5014 καὶ
3341 4959 3590 5031 κλήσεως

322 5027 495 5121 ἐθνῶν
532 5030 1023 5109 εὐαγγελισθείσης,
1064 5040 1124 5091 τὸ
1169 5040 1417 5113 δεύτερον
1469 5027 1630 5116 μέρος
1662 5027 1770 5117 ⁷τῆς
1813 5049 1996 5118 βίὸλου
2040 5027 2149 5102 τῶν
2176 5047 2421 5120 Ψαλμῶν
2452 5027 2896 5119 περιγράφεται,
2963 5048 3264 5121 ἀρξάμενον
3316 5027 3442 5120 μὲν,
3482 5053 3592 5104 ἀπὸ

325 5119 542 5192 πρώτου
587 5125 681 5177 καὶ
730 5129 1189 5199 τεσσαρακοστοῦ,
1240 5134 1548 5204 καταλῆξαν
1589 5138 1645 5191 δὲ
1690 5142 1768 5204 εἰς
1811 5141 1899 5193 τὸν
1941 5141 2078 5212 μετὰ
2112 5143 2318 5211 χεῖρας.

329 5234 462 5290 ΤΩΝ
510 5239 1146 5297 ΕΠΙΓΕΓΡΑΜΜΕΝΩΝ
1195 5246 1332 5299 ΤΟΥ
1379 5250 1553 5303 ΑΣΑΦ
1605 5253 1903 5307 ΨᾹΛΜΩΝ

893 5314 958 5364 Al
1003 5315 1349 5370 ΠΕΡΙΟΧΛΙ.

1083 5406 1161 5456 A'.

350 5489 352 5492 ’
388 5487 454 5540 Οἱ
473 5489 567 5543 τοῦ
595 5491 783 5562 Ἀσὴρ
805 5495 1265 5566 ἐπιγεγραμμένοι
1293 5503 1398 5555 εἱσὶ
1421 5505 1520 5575 μὲν
1550 5504 1642 5559 τὸν
1673 5506 1904 5578 ἀριθμὸν

387 5645 564 5700 "Isa.
597 5662 675 5711 XI,
709 5649 756 5702 l.
836 5652 880 5680 ⁷⁷
919 5653 1050 5708 ibid.
1094 5655 1182 5710 10.

2109 5253 2547 5310 ARGUMENTA
2585 5255 3012 5312 PSALMORUM
3053 5255 3172 5323 QUI
3224 5256 3477 5312 ASAPH!

2529 5325 3073 5391 INSCBIBUNII'UR.

2772 5417 2814 5470 l.

2077 5507 2274 5564 Psalmi
2299 5509 2390 5581 qui
2414 5509 2617 5580 Asaphi
2643 5510 3019 5566 inscribuntur
3043 5509 3328 5564 duodecim
3355 5524 3588 5568 numero

389 5759 466 5826 (ί)
520 5759 860 5828 ’Υπακούει-Ι,
888 5765 940 5819 id
965 5775 1048 5822 est
1080 5772 1402 5823 respondere.
1433 5767 1566 5824 Vide
1597 5770 1650 5824 in
1681 5769 1914 5826 Onomas

2017 5791 2020 5812 ι
2053 5771 2118 5827 ad
2159 5773 2336 5843 Opera
2455 5773 2764 5831 Athanasii.
