4068 6516
457 302 565 359 823

1134 302 1402 361 EUSEBII
1441 305 1926 365 CJESARIENSIS
1960 305 2112 362 OPP.
2152 305 2335 361 PARS
2373 305 2457 362 Ill.
2488 338 2562 348 —
2594 306 3006 363 EXEGETICA.

3608 306 3718 360 εει

457 426 589 476 sunt
623 417 734 492 (ί),
767 434 1001 492 quorum
1047 437 1190 477 unus
1231 438 1261 476 a
1296 424 1522 495 reliquis
1558 426 1816 483 undecim
1846 428 2019 499 sejun-

2136 426 2222 489 ιδ’,
2250 424 2455 480 τούτων
2485 426 2541 480 δὲ
2572 420 2652 490 εἷς
2678 426 3085 497 ἀπεσχοίνισται
3131 429 3229 498 τῆς
3278 426 3386 479 τῶν
3414 428 3717 497 προκειμέ-

455 518 602 572 ctus,
621 524 684 564 ac
711 520 837 566 ante
856 511 1367 583 quinquagesimum
1389 518 1723 573 constitutus
1744 526 1849 575 est.
1887 520 2034 586 Qua-

452 601 797 673 dragesimus
830 618 1005 656 nonus
1034 604 1215 675 itaque
1241 606 1486 675 psalmus
1512 608 1711 678 Asaplti
1739 610 2033 680 inscriptus

450 697 568 746 est.
600 688 760 759 cujus
794 690 869 744 rei
901 706 1122 748 causam
1145 732 1160 755 .
1192 696 1369 765 qualis
1401 700 1515 750 tum
1550 699 1936 764 succurrebat,
1975 700 2033 755 iu

449 780 573 849 ejus
607 780 947 851 expositione
986 784 1298 841 retulimus.
1350 785 1567 843 Primus
1607 796 1786 845 autem
1825 790 2029 862 Asapbi

452 871 731 940 psalmus,
782 873 850 928 de
892 890 1002 944 quo
1046 875 1159 945 jam
1195 876 1396 947 agitur,
1452 881 1771 952 prophetam
1822 883 2031 937 inducit

449 960 655 1033 ingenti
690 961 1053 1020 admiratione
1086 974 1305 1036 captum
1336 968 1403 1023 de
1437 970 1853 1042 longanimitate
1883 975 2027 1044 opti-

448 1055 520 1107 mi
571 1052 697 1117 Dei,
745 1054 922 1126 deque
964 1056 1086 1125 ejus
1119 1074 1247 1129 erga
1279 1061 1476 1132 impios
1512 1064 1835 1130 tolerantia,
1872 1066 2031 1121 ittm-

447 1160 557 1215 que
592 1144 662 1202 de
694 1147 853 1202 venia
890 1150 1247 1219 peccantibus
1281 1167 1565 1211 concessa.
1596 1154 1713 1221 Qua
1744 1156 1813 1213 de
1841 1173 1900 1214 re
1925 1158 2025 1213 ob-

446 1246 798 1308 stupescens,
824 1255 948 1295 sese
980 1248 1038 1294 ut
1095 1243 1497 1311 pusillanimem
1528 1261 1592 1301 ac
1620 1263 1757 1317 pene
1786 1263 2028 1304 commo-

446 1335 561 1383 tum
584 1370 599 1395 ,
633 1339 796 1402 atque
825 1347 1019 1388 ammie
1049 1350 1242 1405 gressu
1273 1352 1526 1393 eversum
1556 1340 1841 1412 coarguit;
1878 1342 2026 1412 quod

444 1423 653 1479 videret
686 1424 978 1495 impiorum
1012 1434 1064 1482 et
1105 1428 1390 1484 atheorum
1436 1431 1718 1488 hominum
1760 1450 1849 1489 res
1897 1451 2027 1505 pro-

442 1536 601 1591 spere
630 1522 846 1580 cedere.
884 1524 1157 1581 Caeterum
1188 1535 1482 1598 postquam
1518 1528 1573 1583 in
1606 1530 1876 1602 principio
1908 1548 2023 1587 rem

441 1629 587 1685 aegre
620 1612 766 1672 ferre
798 1616 953 1673 visus
989 1616 1201 1682 fuerat,
1238 1619 1293 1673 in
1326 1622 1687 1692 sequentibus
1721 1622 2021 1678 infaustum

438 1720 633 1761 eorum
672 1709 875 1764 exitum
930 1710 1263 1766 vaticinatur
1311 1712 1541 1770 dicens:
1602 1714 1847 1785 Dejecisti
1896 1734 2020 1782 eos,

440 1799 567 1852 dum
603 1801 1003 1857 extollerentur.
1060 1803 1335 1870 Quomodo
1373 1807 1505 1877 facti
1544 1820 1668 1863 sunt
1709 1811 1766 1865 in
1809 1811 2020 1867 desola-

440 1890 636 1947 tionem
664 1890 841 1948 subito
863 1898 888 1950 ?
918 1894 1261 1965 Defecerunt,
1296 1898 1567 1966 perierunt
1592 1911 1806 1971 propter
1835 1904 2022 1958 incon-

438 1980 819 2039 siderationem
849 2001 1003 2040 suam
1035 1986 1104 2051 ⁷⁸,
1135 1997 1191 2041 et
1218 2004 1340 2058 quae
1370 1999 1698 2061 sequuntur.

1199 2101 1244 2156 ll

511 2186 801 2245 Secundus
836 2190 906 2245 de
940 2206 1048 2262 qua
1074 2208 1258 2248 rerum
1290 2195 1607 2253 conditione
1653 2197 1707 2254 in
1738 2201 1917 2269 primo
1945 2203 2021 2257 dl-

436 2285 587 2334 ctum
619 2280 691 2336 sit
717 2282 945 2348 edocet,
973 2284 1265 2355 deplorans
1288 2295 1620 2356 postremam
1646 2290 2017 2349 Romanorum

437 2380 684 2442 tempore
719 2374 1076 2448 Jerosolyma:
1112 2379 1454 2436 obsidionem
1480 2421 1495 2446 ,
1537 2383 2020 2457 obsidentiumque

437 2473 624 2522 motus
656 2475 710 2522 et
735 2477 888 2539 gesta
918 2470 1163 2526 declarat
1190 2472 1277 2527 his
1305 2474 1487 2531 verbis
1515 2495 1528 2531 :
1570 2476 1765 2548 thuid
1791 2519 1805 2543 ,
1844 2479 1982 2535 Deus
2001 2522 2015 2546 ,

436 2558 684 2626 repulisti
717 2561 771 2614 in
807 2563 1001 2631 ﬁnem,
1036 2564 1213 2619 iratus
1242 2575 1320 2620 est
1360 2568 1513 2637 furor
1549 2579 1673 2625 tuus
1713 2588 1871 2640 super
1902 2591 2018 2628 ores

435 2662 652 2715 pastum
684 2652 1060 2722 truciquibus
1092 2654 1282 2722 adjicit
1317 2673 1329 2709 :
1374 2656 1545 2721 Quasi
1584 2658 1637 2711 in
1677 2658 1811 2712 silva
1852 2659 2019 2730 ligno—

436 2756 558 2794 rum
596 2742 868 2798 securibus
907 2744 1215 2800 exciderunt
1247 2747 1449 2817 januas
1489 2750 1605 2818 eius
1647 2750 1700 2806 in
1751 2752 2015 2822 idipsum,

435 2833 493 2886 in
521 2836 695 2888 securi
721 2844 770 2891 et
801 2838 950 2892 ascia
978 2837 1282 2907 dejeceruut
1320 2856 1459 2895 eam.
1505 2840 1863 2898 Incenderunt
1900 2846 2021 2915 igne

434 2929 800 2983 summarium
835 2940 1026 2997 tuum;
1052 2931 1254 3003 quibus
1280 2932 1475 2988 iterum
1503 2934 1818 3006 subjungit:
1851 2935 2019 3007 Signa

435 3028 622 3071 nostra
653 3035 756 3086 πολι
787 3020 1046 3085 vidimus,
1076 3022 1195 3092 jam
1232 3039 1337 3075 non
1378 3034 1459 3077 est
1496 3022 1788 3092 propheta,
1831 3033 1881 3078 et
1920 3041 2017 3078 nos

433 3125 539 3167 non
569 3122 843 3180 cognoscet
874 3113 1105 3183 amplius
1132 3116 1199 3169 ".
1232 3116 1367 3170 Nam
1399 3117 1545 3188 quod
1572 3116 1737 3181 dicit,
1772 3125 2016 3187 tempore

431 3201 744 3259 obsidionis
777 3204 940 3262 istius
969 3207 1269 3278 prophetas
1303 3225 1413 3264 non
1442 3210 1759 3277 exstitisse;
1794 3209 1848 3264 id
1884 3226 2018 3265 sane

432 3294 699 3365 postremi
730 3309 922 3352 eorum
954 3299 1153 3353 excidii
1186 3310 1568 3371 argumentum
1599 3310 1702 3357 est.
1735 3301 1861 3357 Haec
1887 3317 2018 3357 vero

430 3392 803 3454 congruenter
836 3395 961 3456 post
990 3390 1377 3454 praedictiones
1407 3394 1475 3449 de
1503 3392 1727 3448 Christo
1757 3393 2016 3464 superius

430 3474 750 3532 enuntiatas
775 3479 953 3547 posita
980 3491 1128 3536 sunt.
1160 3482 1297 3549 Quia
1324 3483 1469 3539 enim
1502 3484 1681 3554 ipsum
1706 3486 2014 3541 venientem

431 3577 546 3621 uou
580 3577 947 3636 acceperunt,
985 3574 1305 3628 necessario
1342 3588 1461 3628 eam
1485 3614 1499 3636 ,
1541 3590 1663 3645 quae
1700 3583 1824 3644 post
1862 3582 2014 3629 tanta

431 3651 490 3709 in
522 3653 802 3714 Christum
839 3659 1087 3719 facinora
1117 3662 1267 3736 ipsos
1303 3666 1543 3733 invasit,
1581 3667 1846 3723 ultionem
1875 3667 2016 3723 vati-

430 3744 668 3808 cinatur.

1172 4038 1259 4093 lli.

501 4117 721 4179 Tertius
760 4126 964 4198 Asaphi
1006 4131 1253 4200 psalmus
1290 4133 1344 4188 in
1387 4134 1550 4191 ﬁnem
1605 4139 1836 4193 remittit
1885 4156 2009 4195 eum

429 4209 523 4278 qui
556 4211 740 4280 priora
772 4216 966 4288 legerit
993 4260 1009 4285 ,
1040 4219 1403 4295 hortaturque
1431 4242 1494 4280 ne
1524 4227 1797 4297 disperdat
1827 4231 1896 4284 ⁸⁸.
1929 4231 2010 4286 Ad

429 4297 546 4354 haec
573 4310 754 4358 autem
782 4307 973 4364 titulus
999 4311 1269 4382 psalmum
1299 4326 1346 4369 et
1372 4316 1649 4371 canticum
1678 4318 1859 4389 ipsum
1887 4336 2010 4376 esse

428 4388 703 4459 declarat,
738 4398 867 4468 quia
899 4416 1091 4457 eorum
1124 4403 1216 4474 qui
1254 4404 1309 4459 in
1339 4406 1622 4463 Christum
1655 4385 2010 4467 crediderunt
2042 4385 2086 4440 D

428 4485 733 4553 gratiarum
785 4494 1057 4551 actionem
1111 4498 1519 4569 complectitur.
1571 4500 1830 4557 Divinum
1878 4505 2007 4560 item

422 4572 690 4646 judicium
716 4593 1016 4651 memorat,
1044 4598 1337 4659 narratque
1364 4591 1638 4662 quomodo
1660 4595 2011 4650 constituerit

426 4664 571 4721 diem
594 4667 787 4737 iudicii
809 4715 823 4739 ,
848 4690 959 4746 quo
980 4677 1170 4735 reddet
1195 4682 1492 4754 unicuique
1516 4684 1818 4740 secundum
1843 4702 2007 4757 opera

425 4758 586 4826 ejus,
629 4762 703 4817 ita
747 4774 806 4820 ut
854 4769 949 4838 qui
996 4772 1051 4825 in
1098 4776 1353 4843 praesenti
1387 4777 1497 4830 vita
1528 4779 1791 4833 aerumnis
1824 4779 2007 4835 alﬂictt

428 4846 637 4905 fuerint
657 4892 673 4916 ,
705 4854 889 4911 futura
927 4860 981 4914 in
1022 4861 1134 4918 Deo
1165 4868 1406 4935 reposita
1438 4884 1536 4938 spe
1566 4885 1675 4923 non
1706 4870 1963 4926 excidant
1989 4890 2004 4938 ;

428 4940 525 5008 qui
560 4956 692 4997 vero
734 4946 838 5000 hoc
869 4956 1114 5019 tempore
1144 4956 1271 5010 elati
1318 4969 1510 5012 contra
1540 4960 1821 5016 Christum
1851 4978 2007 5018 arro—

427 5039 621 5102 ganter
651 5038 898 5103 egerint,
931 5040 1193 5097 ultionem
1236 5045 1291 5100 in
1324 5047 1513 5103 futura
1543 5050 1653 5105 vita
1686 5067 1797 5106 non
1836 5050 2008 5107 decli~

426 5131 578 5180 nent.
624 5125 968 5199 Quapropter
1007 5148 1076 5187 ex
1118 5150 1350 5204 persona
1396 5143 1808 5211 apostolorum,
1839 5142 2007 5199 disci-

428 5217 682 5288 palorum
712 5226 768 5273 et
807 5225 1269 5293 evangelistarum
1315 5230 1622 5290 Salvatoris
1665 5236 1845 5292 nostri
1887 5237 2005 5292 [nec

423 5310 748 5383 pronuntiat
777 5329 790 5366 :
824 5311 1205 5383 Conﬁtebimur
1234 5323 1330 5376 tibi
1350 5366 1363 5386 ,
1388 5324 1552 5391 Deus,
1577 5336 1625 5381 et
1650 5328 2007 5385 invocabimus

422 5421 612 5463 nomen
642 5415 809 5463 tuum.
838 5407 914 5464 De
938 5409 1004 5465 iis
1029 5426 1161 5467 vero
1185 5414 1279 5485 qui
1305 5415 1359 5469 in
1385 5415 1726 5476 Salvatorem
1755 5430 2006 5479 nostrum

2134 538 2240 574 νων
2273 525 2339 572 ια’
2368 520 2679 589 συναφείας,
2710 519 3107 575 κατατέτακται
3144 519 3200 573 δὲ
3233 519 3339 591 πρὸ
3376 519 3469 572 τοῦ
3501 527 3541 571 τί
3572 520 3718 588 εἶναὶ.-

2137 611 2337 682 μοῦ.⁹0
2368 612 2499 681 γοῦν
2550 612 2632 683 μθ⁸
2665 613 3067 685 ἐπιγέγραπται
3110 613 3214 668 τοῦ
3258 612 3473 682 Ἀσὰςν
3509 612 3607 682 τὴν
3656 613 3715 664 δὲ

2133 705 2507 762 ύποπεσοῦσαν
2555 709 2684 779 ἡμίν
2730 708 2909 762 αἰτίαν
2953 708 3080 771 τοὺς
3126 708 3323 769 τόπους
3358 705 3708 776 διηγούμενοι

2133 798 2547 870 παρεθήκαμεν.
2574 800 2803 869 Εἱσάγει
2832 800 2889 854 δὲ
2919 801 2949 853 ὁ
2984 798 3123 871 μετά
3149 802 3337 871 χεῖρας
3368 799 3586 870 πρῶτος
3635 798 3711 851 ὢν

2128 889 2224 944 τοῦ
2258 889 2449 959 Ἀσάφ,
2475 890 2565 944 τὸν
2592 892 2873 963 προφήτην
2902 890 3391 963 ὑπερθαυμάζοντα
3411 891 3471 943 τὸ
3498 891 3710 961 μακρό-

2132 981 2300 1053 θυμον
2333 982 2425 1035 τοῦ
2457 983 2769 1051 παναγάθου
2803 982 2961 1047 Θεοῦ,
3002 984 3096 1037 καὶ
3131 982 3226 1053 τὴν
3257 983 3353 1035 ἐπὶ
3374 984 3485 1045 τοῖς
3515 982 3711 1035 ἀσεεέ-

2132 1090 2215 1126 σιν
2244 1074 2591 1142 ἀνεξικακίαν
2620 1076 2806 1138 αὑτοῦ,
2838 1077 2937 1147 τήν
2964 1093 3023 1128 τε
3052 1075 3391 1146 ἐνδιδομένην
3422 1072 3709 1144 συγχώρη-

2131 1186 2215 1221 σιν
2260 1170 2368 1233 τοῖς
2397 1168 2800 1240 ἁμαρτάνουσιν
2821 1185 2835 1197 ·
2866 1170 2933 1239 ἢν
2961 1167 3554 1239 ύπερεκπληττόμενος,
3579 1167 3709 1219 ἑαυ-

2126 1260 2221 1315 τοῦ
2250 1264 2548 1333 κατηγορεῖ
2573 1262 2650 1326 ὡς
2670 1261 3118 1331 δλιγοψυχοῦντος
3140 1261 3233 1314 καὶ
3258 1258 3453 1331 μικροῦ
3479 1260 3589 1313 δεῖν
3613 1276 3709 1311 cra-

2128 1352 2427 1417 ).ευθέντος,
2453 1355 2664 1425 καὶτῆς
2698 1354 2875 1426 ψυχῆς
2908 1353 3007 1417 τάς
3038 1354 3223 1423 βάσεις
3252 1352 3705 1424 περιτραπέντος,

2125 1445 2191 1499 δι’
2212 1446 2278 1508 ἃς
2307 1444 2454 1517 ἐώρα
2474 1446 2581 1499 τῶν
2602 1447 2811 1501 ἀσεϐῶν
2834 1446 2927 1500 καὶ
2951 1446 3125 1500 ἀθέων
3146 1445 3352 1517 ἀνδρῶν
3376 1445 3705 1515 εὐπραγίας.

2126 1537 2271 1609 Πλὴν
2319 1538 2769 1609 ἀποδυσπετήσας
2816 1540 2874 1591 ὲν
2924 1540 3036 1601 τοῖς
3083 1538 3337 1610 πρώτοις,
3366 1536 3569 1606 προϊὼν
3604 1535 3707 1605 τὴν

2124 1630 2505 1701 καταστροφὴν
2535 1630 2714 1685 αὐτῶν
2742 1630 2984 1694 θεσπίζει
3003 1630 3177 1698 λέγων
3197 1647 3210 1661 ·
3236 1628 3570 1694 Κατέὄαλες
3591 1631 3704 1681 σὺ·

2124 1722 2268 1787 τοὺς
2297 1724 2367 1776 ἐν
2394 1722 2474 1787 τῷ
2498 1722 2850 1792 ἐπαρθῆναι.
2882 1721 3015 1787 Πῶς
3052 1720 3328 1791 ἐγένοντο
3361 1723 3447 1786 εὶς
3483 1719 3709 1789 ἐρήμω-

2053 1776 2095 1831 B
2123 1833 2227 1870 σιν
2246 1776 2507 1881 εξάπινα
2524 1832 2542 1879 ;
2560 1776 2896 1880 “Brakman
2927 1776 3241 1868 ἀπώλοντο
3263 1812 3359 1867 διὰ
3383 1776 3708 1880 πάιν.άὲοψ

2120 1905 2266 1959 λίαν
2292 1902 2512 1968 αὐτῶν,
2547 1904 2642 1957 καὶ
2673 1902 2742 1956 τὰ
2774 1904 2983 1966 τούτοις
3012 1901 3301 1956 ἀκόλουθα.

2874 2104 2949 2158 B'.

2203 2194 2260 2248 '0
2286 2193 2535 2266 δεύτερος
2556 2193 2647 2246 ἐπὶ
2680 2193 2859 2257 ποίαις
2880 2193 3262 2265 περιστάσεσιν
3284 2190 3352 2245 τὰ
3372 2192 3430 2245 ἐν
3449 2188 3527 2261 τῷ
3553 2206 3709 2258 πρωι

2119 2304 2200 2357 τῳ
2230 2286 2452 2339 λέλεκτο
2477 2286 2739 2349 διδάσκει,
2770 2286 3173 2357 ἀποδυρόμενος
3211 2284 3310 2355 τῆς
3345 2282 3707 2354 Ἰερουσαλὴμ

2120 2379 2218 2449 τὴν
2250 2378 2484 2449 ἐσχάτην
2517 2378 2852 2449 πολιορκίαν,
2886 2379 2953 2449 ἣν
2984 2378 3250 2431 πέπονθεν
3289 2376 3384 2429 ἐπὶ
3414 2376 3524 2428 τῶν
3566 2374 3705 2429 Ῥω-

2124 2469 2336 2539 μαῖκῶν
2365 2468 2595 2540 χρόνων,
2629 2469 2909 2540 σημαίνων
2952 2485 3014 2521 τε
3060 2469 3159 2538 τὴν
3201 2468 3565 2521 ἐπανάστασιν
3588 2464 3706 2519 τῶν

2120 2560 2209 2613 τὸν
2257 2559 2420 2613 τόπον
2464 2559 2970 2631 πολιορκησάντωνο
3002 2561 3029 2612 ὃ
3052 2561 3116 2631 δὴ
3152 2560 3449 2632 παρίστησι
3481 2560 3698 2629 φήσαςο

2121 2652 2251 2706 Ἵνα
2266 2651 2343 2715 τί,
2373 2654 2407 2706 ὁ
2433 2651 2595 2716 Θεὸς,
2614 2650 2832 2707 ἀπώσω
2857 2655 2945 2717 εις
2959 2652 3151 2717 τέλος,
3177 2652 3435 2722 ὠργίσθη
3458 2654 3490 2705 ό
3512 2652 3709 2719 θυμός

2119 2759 2236 2799 σου
2276 2744 2376 2797 ἐπὶ
2416 2745 2679 2814 πρόϐατα
2720 2744 2912 2815 νομῆς
2958 2762 3107 2807 σου;
3140 2740 3237 2810 Οἷς
3268 2743 3393 2813 ἑξῆς
3422 2743 3663 2811 ἐπιλέγει
3684 2760 3700 2773 ·

2130 2835 2225 2901 Ὠς
2244 2837 2315 2889 ἐν
2334 2835 2535 2907 δρυμῷ
2563 2837 2766 2901 ξύλων
2787 2836 3024 2902 ἀξίναις
3050 2835 3353 2905 ἐξέκοψαν
3380 2837 3485 2901 τὰς
3517 2837 3709 2904 θύρας

2118 2929 2310 2998 αὐτῆς
2333 2929 2433 2982 ἐπὶ
2460 2928 2528 2982 τὸ
2554 2929 2720 2993 αὐτὸ,
2746 2928 2816 2982 ἐν
2845 2929 3062 2983 πέλυκι
3088 2929 3185 2983 καὶ
3211 2928 3578 2996 λαξευτηριῳ
3596 2945 3705 2981 κα.

2119 3020 2411 3090 τέρῤαξαν
2430 3020 2641 3088 αὑτήν.
2662 3021 3051 3089 Ἐνεπύρισαν
3066 3021 3137 3074 ἐν
3158 3020 3299 3089 πυρὶ
3331 3019 3398 3073 τὸ
3420 3019 3704 3089 άγιαστή-

2114 3114 2251 3181 ριόν
2280 3126 2397 3167 σου
2416 3129 2429 3144 ⁸
2458 3107 2539 3175 οἷς
2564 3108 2719 3175 αὖθις
2754 3111 2995 3180 ἐπιλέγει
3016 3130 3029 3143 ·
3057 3113 3131 3166 Τὰ
3150 3111 3369 3181 σημεῖα
3392 3109 3561 3179 ἡμῶν
3586 3112 3703 3165 οὐκ

2117 3204 2375 3273 εἴδομεν·
2408 3206 2518 3259 οὐκ
2562 3204 2735 3257 ἐστιν
2780 3203 2868 3257 ἔτι
2921 3203 3251 3273 προφήτης,
3283 3203 3379 3257 καὶ
3423 3201 3577 3271 ἡμᾶς
3626 3203 3705 3257 οὺ

2117 3294 2409 3365 γνώσεται
2434 3296 2519 3349 ἔτι
2539 3313 2553 3326 θ
2581 3294 2657 3366 τῷ
2682 3294 2791 3366 γάρ
2820 3296 3048 3364 φάσκειν
3081 3296 3279 3366 μηκέτι
3304 3297 3585 3367 προφήτας
3603 3311 3702 3361 γε-

2117 3386 2334 3454 γονέναι
2367 3385 2509 3439 κατά
2537 3386 2636 3457 τὴν
2667 3386 3000 3457 δηλουμένην
3029 3386 3339 3457 πολιορκίαν
3380 3389 3600 3457 σημεῖον
3628 3380 3702 3455 ἦν

2115 3478 2216 3547 τῆς
2246 3476 2482 3547 ὑστάτης
2531 3476 2708 3530 αὐτῶν
2757 3478 3383 3542 ἀποπτώσεως.Ἕπεται
3427 3478 3482 3530 δὲ
3526 3476 3702 3530 ταῦτα

2118 3568 2326 3640 σφόδρα
2353 3567 2660 3632 ἀκολούθως
2690 3572 2813 3633 ταῖς
2842 3568 2931 3621 διὰ
2967 3568 3077 3621 τῶν
3109 3568 3416 3639 ἔμπροσθεν
3448 3567 3576 3638 περὶ
3600 3566 3699 3620 τοῦ

2115 3659 2354 3732 Χριστοῦ
2387 3658 2692 3730 λεχθείσαις
2724 3661 3112 3731 προρρήσεσιν.
3132 3658 3348 3729 Ἐπειδὴ
3380 3658 3489 3729 γάρ
3518 3657 3701 3710 ἐλθόν-

2115 3769 2182 3804 τα
2204 3751 2368 3805 αὑτὸν
2397 3752 2471 3823 μὴ
2494 3752 2875 3824 παρεδέξαντο,
2901 3752 3213 3821 ἀναγκαίως
3238 3752 3337 3824 τὴν
3367 3750 3703 3804 ἐπελθοῦσαν

2115 3843 2300 3906 αὐτοῖς
2327 3844 2499 3915 ὀργὴν
2533 3845 2672 3916 μετὰ
2714 3844 2782 3898 τά
2813 3845 2935 3899 κατ’
2958 3844 3123 3899 αὐτοῦ
3153 3843 3487 3915 τολμηθέντα
3516 3842 3701 3908 αὐτοις

2115 3930 2383 3998 θεσπίζει.

2864 4047 2938 4101 Γ’.

2195 4137 2254 4190 '0
2282 4137 2465 4210 τρίτος
2489 4138 2581 4192 τοῦ
2624 4138 2795 4209 Ἀσάφ
2825 4140 2905 4203 είς
2932 4140 2994 4193 τὸ
3013 4140 3165 4202 τέλος
3196 4139 3555 4211 παραπέμπει
3605 4139 3700 4193 τὸν

2112 4230 2225 4292 τοῖς
2257 4230 2543 4301 προτέροις
2574 4232 2990 4302 ὲντετυχηκότα,
3024 4232 3119 4284 καὶ
3156 4233 3412 4303 παραινεῖ
3445 4229 3531 4299 μὴ
3566 4230 3697 4283 δια-

2113 4319 2365 4387 φθεῖραι.
2383 4320 2708 4393 Ἐπιγράφει
2734 4340 2793 4375 τε
2824 4321 2962 4395 πρὸς
2985 4322 3214 4386 τούτοις,
3250 4324 3332 4376 ὃτι
3366 4323 3458 4376 καὶ
3484 4322 3700 4393 ψαλμὸς

2114 4414 2199 4483 εἴη
2251 4412 2345 4466 καὶ
2390 4414 2535 4485 ᾠδή·
2570 4413 2757 4484 ἐπειδὴ
2810 4415 3053 4487 περιέχει
3098 4416 3447 4487 εὐχαριστίαν
3474 4415 3581 4469 τῶν
3614 4416 3700 4479 είς

2115 4504 2207 4557 τὸν
2256 4504 2488 4574 Χριστὸν
2519 4506 2981 4559 πεπιστεύκὸτων.
3016 4507 3125 4559 Καὶ
3170 4506 3266 4578 τὴν
3312 4505 3403 4558 τοῦ
3444 4505 3578 4558 Θεοῦ
3619 4505 3700 4558 δι-

2115 4598 2460 4669 καιοκρισίαν
2490 4599 2785 4671 παρίστησι
2812 4600 3076 4655 διδάσκων
3119 4602 3269 4665 ὃπως
3314 4602 3540 4673 ἔστησεν
3568 4602 3700 4673 ἡμέο

2118 4708 2219 4761 ραν
2254 4692 2507 4762 κρίσεως,
2541 4686 2656 4766 ὲνῇ
2688 4692 2956 4747 ἀποδώσει
2998 4694 3212 4765 ἑκάστῳ
3260 4695 3403 4748 κατά
3448 4692 3516 4750 τά
3558 4694 3701 4763 ἔργα

2116 4782 2303 4838 αὑτοῦ.
2332 4785 2441 4837 Καὶ
2471 4783 2594 4838 οὔτε
2627 4787 2675 4838 οἱ
2706 4786 2847 4840 κατά
2882 4786 2975 4840 τὸν
3002 4787 3242 4859 παρόντα
3277 4786 3389 4857 βίον
3416 4785 3699 4855 κακούμε-

2115 4894 2194 4929 νοι
2218 4879 2317 4947 τῆς
2352 4876 2501 4948 παρά
2528 4877 2604 4949 τῷ
2637 4877 2756 4948 Θεῷ
2788 4878 3089 4949 μελλούσης
3118 4879 3330 4943 ἐλπίδος
3359 4877 3699 4931 ἀποπεσοῦν-

2114 4985 2223 5033 ται,
2244 4966 2356 5021 οὗθ’
2374 4971 2423 5021 oi
2453 4969 2593 5022 κατά
2622 4969 2712 5023 τὸν
2733 4970 3002 5023 ἐνεστῶτα
3034 4970 3222 5041 καιρὸν
3249 4968 3575 5039 ἐπαρθέντες
3599 4968 3697 5020 καὶ

2115 5060 2709 5131 καταλαζονευσάμενοι
2750 5061 2845 5115 τοῦ
2874 5061 3111 5133 Χριστοῦ
3142 5059 3486 5132 ἀτιμώρητον
3511 5059 3692 5125 ἕξουσι

2111 5152 2200 5205 τὸν
2240 5153 2377 5223 μετά
2412 5154 2584 5207 ταῦτα
2614 5154 2747 5224 βίον.
2776 5155 2865 5209 Διὸ
2910 5156 2973 5209 ὲκ
3016 5153 3304 5228 προσώπου
3339 5155 3436 5224 μὲν
3458 5152 3568 5206 τῶν
3598 5151 3692 5205 τοῦ

2114 5240 2363 5313 Σωτῆρος
2388 5241 2547 5313 ἡμῶν
2575 5244 2887 5299 ἀποστόλων
2913 5244 3007 5299 καὶ
3051 5244 3310 5317 μαθητῶν
3340 5245 3433 5298 καὶ
3463 5244 3692 5311 εὐαγγε-

2112 5331 2309 5386 λιστῶν
2354 5336 2629 5403 ἀναφωνεί
2683 5337 2771 5389 τόο
2817 5336 3407 5409 Ἐξομολογησόμεθά
3467 5351 3567 5389 σοι
3592 5374 3607 5398 ,
3654 5334 3691 5385 ό

2118 5424 2281 5491 Θεὸς,
2306 5426 2406 5481 καὶ
2446 5428 2925 5502 ἐπικαλεσόμεθα
2950 5430 3019 5486 τὸ
3056 5429 3244 5501 ὄνομὰ
3266 5445 3383 5485 σου
3401 5444 3416 5460 ·
3472 5427 3600 5499 περὶ
3631 5420 3690 5478 δδ

493 5562 541 5595 ’⁸
585 5562 731 5620 Psal.
756 5581 926 5631 Lxxu,
970 5568 1171 5635 18,19.
1246 5571 1292 5602 "
1320 5570 1466 5632 Psal.
1494 5590 1688 5641 Lsxut,
1716 5576 1824 5633 1-9.
1907 5577 1951 5610 ⁸⁸
1983 5576 2403 5651 Psal.uxw,l.

498 5745 573 5813 (ί)
614 5743 739 5801 \‘idc
769 5764 934 5819 supra
974 5749 1039 5803 ad
1076 5752 1213 5819 psal.
1242 5764 1369 5807 una
1407 5752 1578 5807 initio.
