  <div class='ocr_page' id='page_1' title='image "/cluster/home/n/w/nwhite01/storage/ocr_20150623/23/hvd.32044019207711/442.png"; bbox 0 0 4068 6516; ppageno 0'>
   <div class='ocr_carea' id='block_1_1' title="bbox 292 324 393 381">
    <p class='ocr_par' dir='ltr' id='par_1_1' title="bbox 292 324 393 381">
     <span class='ocr_line' id='line_1_1' title="bbox 292 324 393 381; baseline -0.01 0"><span class='ocrx_word' id='word_1_1' title='bbox 292 324 393 381; x_wconf 77' lang='lat'><strong><em>825</em></strong></span> 
     </span>
    </p>
   </div>
   <div class='ocr_carea' id='block_1_2' title="bbox 1416 327 2403 386">
    <p class='ocr_par' dir='ltr' id='par_1_2' title="bbox 1416 327 2403 386">
     <span class='ocr_line' id='line_1_2' title="bbox 1416 327 2403 386; baseline 0 -1"><span class='ocrx_word' id='word_1_2' title='bbox 1416 327 1923 386; x_wconf 71' lang='lat' dir='ltr'><strong><em>COMMENTARIA</em></strong></span> <span class='ocrx_word' id='word_1_3' title='bbox 1964 327 2034 383; x_wconf 74' lang='grc' dir='ltr'><strong><em>ΙΝ</em></strong></span> <span class='ocrx_word' id='word_1_4' title='bbox 2061 327 2403 385; x_wconf 75' lang='lat' dir='ltr'><strong><em>PSALMOS.</em></strong></span> 
     </span>
    </p>
   </div>
   <div class='ocr_carea' id='block_1_3' title="bbox 3448 329 3556 388">
    <p class='ocr_par' dir='ltr' id='par_1_3' title="bbox 3448 329 3556 388">
     <span class='ocr_line' id='line_1_3' title="bbox 3448 329 3556 388; baseline -0.028 -1"><span class='ocrx_word' id='word_1_5' title='bbox 3448 329 3556 388; x_wconf 74' lang='grc'><strong><em>826</em></strong></span> 
     </span>
    </p>
   </div>
   <div class='ocr_carea' id='block_1_4' title="bbox 288 444 1885 524">
    <p class='ocr_par' dir='ltr' id='par_1_4' title="bbox 288 444 1874 524">
     <span class='ocr_line' id='line_1_4' title="bbox 288 444 1874 524; baseline 0.004 -27"><span class='ocrx_word' id='word_1_6' title='bbox 288 445 396 498; x_wconf 83' lang='grc' dir='ltr'>τῶν</span> <span class='ocrx_word' id='word_1_7' title='bbox 419 444 488 499; x_wconf 82' lang='grc' dir='ltr'><strong><em>τά</em></strong></span> <span class='ocrx_word' id='word_1_8' title='bbox 518 445 659 500; x_wconf 87' lang='grc' dir='ltr'>κατὰ</span> <span class='ocrx_word' id='word_1_9' title='bbox 684 445 775 500; x_wconf 80' lang='grc' dir='ltr'>τοῦ</span> <span class='ocrx_word' id='word_1_10' title='bbox 802 448 1230 523; x_wconf 80' lang='grc' dir='ltr'><strong><em>Σωτῆροςὴμῶν</em></strong></span> <span class='ocrx_word' id='word_1_11' title='bbox 1253 452 1642 524; x_wconf 77' lang='grc' dir='ltr'><strong><em>τολμησάντων</em></strong></span> <span class='ocrx_word' id='word_1_12' title='bbox 1667 456 1874 524; x_wconf 86' lang='grc' dir='ltr'>προῖων</span> 
     </span>
    </p>
   </div>
   <div class='ocr_carea' id='block_1_5' title="bbox 1984 444 3563 524">
    <p class='ocr_par' dir='ltr' id='par_1_5' title="bbox 1984 449 3563 522">
     <span class='ocr_line' id='line_1_5' title="bbox 1984 449 3563 522; baseline -0.001 -18"><span class='ocrx_word' id='word_1_13' title='bbox 1984 451 2109 507; x_wconf 88' lang='lat' dir='ltr'><strong><em>talia</em></strong></span> <span class='ocrx_word' id='word_1_14' title='bbox 2141 467 2263 508; x_wconf 69' lang='lat' dir='ltr'><strong><em>aus:</em></strong></span> <span class='ocrx_word' id='word_1_15' title='bbox 2296 459 2426 508; x_wconf 86' lang='lat' dir='ltr'><strong><em>sunt</em></strong></span> <span class='ocrx_word' id='word_1_16' title='bbox 2459 450 2562 509; x_wconf 86' lang='lat' dir='ltr'><strong><em>sub</em></strong></span> <span class='ocrx_word' id='word_1_17' title='bbox 2599 450 2716 507; x_wconf 65' lang='lat' dir='ltr'><strong><em>haec</em></strong></span> <span class='ocrx_word' id='word_1_18' title='bbox 2744 451 2936 522; x_wconf 82' lang='lat' dir='ltr'><strong><em>adjicit</em></strong></span> <span class='ocrx_word' id='word_1_19' title='bbox 2968 470 2981 508; x_wconf 92' lang='lat'><strong><em>:</em></strong></span> <span class='ocrx_word' id='word_1_20' title='bbox 3015 451 3145 507; x_wconf 73' lang='lat' dir='ltr'><strong><em>Dixi</em></strong></span> <span class='ocrx_word' id='word_1_21' title='bbox 3172 450 3368 521; x_wconf 81' lang='lat' dir='ltr'><strong><em>iniquis</em></strong></span> <span class='ocrx_word' id='word_1_22' title='bbox 3392 463 3413 504; x_wconf 91' lang='lat'><strong><em>:</em></strong></span> <span class='ocrx_word' id='word_1_23' title='bbox 3444 449 3563 504; x_wconf 87' lang='lat' dir='ltr'><strong><em>Na-</em></strong></span> 
     </span>
    </p>
   </div>
   <div class='ocr_carea' id='block_1_6' title="bbox 290 536 1877 615">
    <p class='ocr_par' dir='ltr' id='par_1_6' title="bbox 290 536 1877 615">
     <span class='ocr_line' id='line_1_6' title="bbox 290 536 1877 615; baseline 0.006 -25"><span class='ocrx_word' id='word_1_24' title='bbox 290 538 479 606; x_wconf 82' lang='grc' dir='ltr'>ὲπάγει</span> <span class='ocrx_word' id='word_1_25' title='bbox 510 540 592 591; x_wconf 74' lang='grc' dir='ltr'><strong><em>τόο</em></strong></span> <span class='ocrx_word' id='word_1_26' title='bbox 629 536 787 594; x_wconf 80' lang='grc' dir='ltr'><em>Εἷπα</em></span> <span class='ocrx_word' id='word_1_27' title='bbox 816 540 941 607; x_wconf 85' lang='grc' dir='ltr'><em>τοῖς</em></span> <span class='ocrx_word' id='word_1_28' title='bbox 978 545 1431 613; x_wconf 79' lang='grc' dir='ltr'><em>παρανομοῦσι’</em></span> <span class='ocrx_word' id='word_1_29' title='bbox 1476 545 1574 613; x_wconf 78' lang='grc' dir='ltr'><strong><em>Μὴ</em></strong></span> <span class='ocrx_word' id='word_1_30' title='bbox 1623 559 1877 615; x_wconf 85' lang='grc' dir='ltr'><em>παρανο-</em></span> 
     </span>
    </p>
   </div>
   <div class='ocr_carea' id='block_1_7' title="bbox 282 630 1872 708">
    <p class='ocr_par' dir='ltr' id='par_1_7' title="bbox 282 630 1872 708">
     <span class='ocr_line' id='line_1_7' title="bbox 282 630 1872 708; baseline 0.006 -25"><span class='ocrx_word' id='word_1_31' title='bbox 282 630 465 701; x_wconf 87' lang='grc' dir='ltr'><em>μεῐτε,</em></span> <span class='ocrx_word' id='word_1_32' title='bbox 497 631 594 684; x_wconf 81' lang='grc' dir='ltr'><strong><em>καὶ</em></strong></span> <span class='ocrx_word' id='word_1_33' title='bbox 642 631 768 697; x_wconf 84' lang='grc' dir='ltr'><em>τοῖς</em></span> <span class='ocrx_word' id='word_1_34' title='bbox 808 633 1249 703; x_wconf 76' lang='grc' dir='ltr'><strong><em>ἁμαρτάνουσι·</em></strong></span> <span class='ocrx_word' id='word_1_35' title='bbox 1279 636 1376 705; x_wconf 85' lang='grc' dir='ltr'><strong><em>Μὴ</em></strong></span> <span class='ocrx_word' id='word_1_36' title='bbox 1410 638 1642 706; x_wconf 68' lang='grc' dir='ltr'><em>ὑψοῦτε</em></span> <span class='ocrx_word' id='word_1_37' title='bbox 1674 637 1872 708; x_wconf 82' lang='grc' dir='ltr'><em>κέρας.</em></span> 
     </span>
    </p>
   </div>
   <div class='ocr_carea' id='block_1_8' title="bbox 287 722 1877 799">
    <p class='ocr_par' dir='ltr' id='par_1_8' title="bbox 287 722 1877 799">
     <span class='ocr_line' id='line_1_8' title="bbox 287 722 1877 799; baseline 0.003 -21"><span class='ocrx_word' id='word_1_38' title='bbox 287 722 382 791; x_wconf 76' lang='grc' dir='ltr'><strong><em>Μὴ</em></strong></span> <span class='ocrx_word' id='word_1_39' title='bbox 414 723 688 793; x_wconf 81' lang='grc' dir='ltr'><em>ἐπαίρετε</em></span> <span class='ocrx_word' id='word_1_40' title='bbox 718 727 806 791; x_wconf 85' lang='grc' dir='ltr'><em>εὶς</em></span> <span class='ocrx_word' id='word_1_41' title='bbox 826 726 985 795; x_wconf 75' lang='grc' dir='ltr'><em>ὕψος</em></span> <span class='ocrx_word' id='word_1_42' title='bbox 1004 727 1069 781; x_wconf 86' lang='grc' dir='ltr'><strong><em>τὸ</em></strong></span> <span class='ocrx_word' id='word_1_43' title='bbox 1091 728 1271 797; x_wconf 82' lang='grc' dir='ltr'><em>κέρας</em></span> <span class='ocrx_word' id='word_1_44' title='bbox 1300 728 1486 798; x_wconf 84' lang='grc' dir='ltr'><em>ὑμῶν,</em></span> <span class='ocrx_word' id='word_1_45' title='bbox 1507 729 1595 799; x_wconf 76' lang='grc' dir='ltr'><strong><em>μὴ</em></strong></span> <span class='ocrx_word' id='word_1_46' title='bbox 1636 730 1877 784; x_wconf 76' lang='grc' dir='ltr'><strong><em>λαλεῖτε</em></strong></span> 
     </span>
    </p>
   </div>
   <div class='ocr_carea' id='block_1_9' title="bbox 286 817 1877 893">
    <p class='ocr_par' dir='ltr' id='par_1_9' title="bbox 286 817 1877 893">
     <span class='ocr_line' id='line_1_9' title="bbox 286 817 1877 893; baseline 0.004 -24"><span class='ocrx_word' id='word_1_47' title='bbox 286 817 439 870; x_wconf 81' lang='grc' dir='ltr'><em>κατὰ</em></span> <span class='ocrx_word' id='word_1_48' title='bbox 471 818 578 872; x_wconf 87' lang='grc' dir='ltr'><strong><em>τοῦ</em></strong></span> <span class='ocrx_word' id='word_1_49' title='bbox 613 818 762 872; x_wconf 83' lang='grc' dir='ltr'><strong><em>Θεοῦ</em></strong></span> <span class='ocrx_word' id='word_1_50' title='bbox 813 818 1070 874; x_wconf 82' lang='grc' dir='ltr'><strong><em>ἀδικίαν.</em></strong></span> <span class='ocrx_word' id='word_1_51' title='bbox 1110 819 1224 876; x_wconf 75' lang='grc' dir='ltr'><strong><em>Εἶθ’</em></strong></span> <span class='ocrx_word' id='word_1_52' title='bbox 1260 821 1388 886; x_wconf 76' lang='grc' dir='ltr'><strong><em>ἑξῆς</em></strong></span> <span class='ocrx_word' id='word_1_53' title='bbox 1416 821 1477 887; x_wconf 77' lang='grc' dir='ltr'>ἐξ</span> <span class='ocrx_word' id='word_1_54' title='bbox 1508 822 1674 876; x_wconf 77' lang='grc' dir='ltr'>αὐτοῦ</span> <span class='ocrx_word' id='word_1_55' title='bbox 1709 840 1877 893; x_wconf 88' lang='grc' dir='ltr'>προσ-</span> 
     </span>
    </p>
   </div>
   <div class='ocr_carea' id='block_1_10' title="bbox 286 904 1878 983">
    <p class='ocr_par' dir='ltr' id='par_1_10' title="bbox 286 904 1878 983">
     <span class='ocr_line' id='line_1_10' title="bbox 286 904 1878 983; baseline 0.005 -25"><span class='ocrx_word' id='word_1_56' title='bbox 286 904 437 960; x_wconf 80' lang='grc' dir='ltr'>ώπου</span> <span class='ocrx_word' id='word_1_57' title='bbox 476 906 569 960; x_wconf 79' lang='grc' dir='ltr'><strong><em>τοῦ</em></strong></span> <span class='ocrx_word' id='word_1_58' title='bbox 600 908 835 979; x_wconf 80' lang='grc' dir='ltr'><strong><em>Χριστοῦ</em></strong></span> <span class='ocrx_word' id='word_1_59' title='bbox 868 910 1121 983; x_wconf 79' lang='grc' dir='ltr'><strong><em>ἐπιφέρει</em></strong></span> <span class='ocrx_word' id='word_1_60' title='bbox 1152 911 1243 964; x_wconf 83' lang='grc' dir='ltr'>τό·</span> <span class='ocrx_word' id='word_1_61' title='bbox 1289 910 1431 981; x_wconf 78' lang='grc' dir='ltr'><strong><em>Ἐγὼ</em></strong></span> <span class='ocrx_word' id='word_1_62' title='bbox 1466 911 1534 965; x_wconf 84' lang='grc' dir='ltr'><em>δὲ</em></span> <span class='ocrx_word' id='word_1_63' title='bbox 1560 910 1878 981; x_wconf 65' lang='grc' dir='ltr'><em>ἀπαγγελῶ</em></span> 
     </span>
    </p>
   </div>
   <div class='ocr_carea' id='block_1_11' title="bbox 284 995 1879 1069">
    <p class='ocr_par' dir='ltr' id='par_1_11' title="bbox 284 995 1879 1069">
     <span class='ocr_line' id='line_1_11' title="bbox 284 995 1879 1069; baseline 0.004 -20"><span class='ocrx_word' id='word_1_64' title='bbox 284 996 375 1061; x_wconf 78' lang='grc' dir='ltr'><em>εὶς</em></span> <span class='ocrx_word' id='word_1_65' title='bbox 414 997 521 1050; x_wconf 84' lang='grc' dir='ltr'><em>τὸν</em></span> <span class='ocrx_word' id='word_1_66' title='bbox 555 995 765 1063; x_wconf 77' lang='grc' dir='ltr'><em>αἰῶνα,</em></span> <span class='ocrx_word' id='word_1_67' title='bbox 804 999 986 1069; x_wconf 75' lang='grc' dir='ltr'><em>ψαλῶ</em></span> <span class='ocrx_word' id='word_1_68' title='bbox 1017 999 1099 1066; x_wconf 80' lang='grc' dir='ltr'><strong><em>τῷ</em></strong></span> <span class='ocrx_word' id='word_1_69' title='bbox 1126 1000 1247 1067; x_wconf 86' lang='grc' dir='ltr'><strong><em>Θεῷ</em></strong></span> <span class='ocrx_word' id='word_1_70' title='bbox 1283 1002 1500 1061; x_wconf 75' lang='grc' dir='ltr'><em>Ἰακώϐ.</em></span> <span class='ocrx_word' id='word_1_71' title='bbox 1527 1001 1640 1056; x_wconf 76' lang='grc' dir='ltr'><em>Καὶ</em></span> <span class='ocrx_word' id='word_1_72' title='bbox 1679 1002 1879 1056; x_wconf 84' lang='grc' dir='ltr'><em>πάντα</em></span> 
     </span>
    </p>
   </div>
   <div class='ocr_carea' id='block_1_12' title="bbox 284 1083 1877 1164">
    <p class='ocr_par' dir='ltr' id='par_1_12' title="bbox 284 1083 1877 1164">
     <span class='ocr_line' id='line_1_12' title="bbox 284 1083 1877 1164; baseline 0.006 -25"><span class='ocrx_word' id='word_1_73' title='bbox 284 1083 360 1140; x_wconf 83' lang='grc' dir='ltr'><strong><em>τὰ</em></strong></span> <span class='ocrx_word' id='word_1_74' title='bbox 388 1086 607 1158; x_wconf 84' lang='grc' dir='ltr'><em>κέρατα</em></span> <span class='ocrx_word' id='word_1_75' title='bbox 630 1087 751 1143; x_wconf 85' lang='grc' dir='ltr'><strong><em>τῶν</em></strong></span> <span class='ocrx_word' id='word_1_76' title='bbox 768 1090 1135 1161; x_wconf 76' lang='grc' dir='ltr'><em>ἁμαρτωλῶν</em></span> <span class='ocrx_word' id='word_1_77' title='bbox 1152 1091 1504 1156; x_wconf 81' lang='grc' dir='ltr'><em>συνθλάσω,</em></span> <span class='ocrx_word' id='word_1_78' title='bbox 1528 1091 1623 1146; x_wconf 78' lang='grc' dir='ltr'><em>καὶ</em></span> <span class='ocrx_word' id='word_1_79' title='bbox 1643 1094 1877 1164; x_wconf 75' lang='grc' dir='ltr'><strong><em>ὑψωθή-</em></strong></span> 
     </span>
    </p>
   </div>
   <div class='ocr_carea' id='block_1_13' title="bbox 281 1181 1240 1239">
    <p class='ocr_par' dir='ltr' id='par_1_13' title="bbox 281 1181 1240 1239">
     <span class='ocr_line' id='line_1_13' title="bbox 281 1181 1240 1239; baseline 0.004 -4"><span class='ocrx_word' id='word_1_80' title='bbox 281 1193 456 1237; x_wconf 83' lang='grc' dir='ltr'><em>σεται</em></span> <span class='ocrx_word' id='word_1_81' title='bbox 490 1182 562 1237; x_wconf 85' lang='grc' dir='ltr'><em>τὰ</em></span> <span class='ocrx_word' id='word_1_82' title='bbox 598 1181 815 1238; x_wconf 79' lang='grc' dir='ltr'><em>κέοατα</em></span> <span class='ocrx_word' id='word_1_83' title='bbox 850 1184 956 1239; x_wconf 86' lang='grc' dir='ltr'><em>τοῦ</em></span> <span class='ocrx_word' id='word_1_84' title='bbox 982 1184 1240 1239; x_wconf 83' lang='grc' dir='ltr'><strong><em>δικαίου.</em></strong></span> 
     </span>
    </p>
   </div>
   <div class='ocr_carea' id='block_1_14' title="bbox 1048 1301 1125 1354">
    <p class='ocr_par' dir='ltr' id='par_1_14' title="bbox 1048 1301 1125 1354">
     <span class='ocr_line' id='line_1_14' title="bbox 1048 1301 1125 1354; baseline 0.026 -2"><span class='ocrx_word' id='word_1_85' title='bbox 1048 1301 1125 1354; x_wconf 81' lang='grc' dir='ltr'><strong><em>Δ’.</em></strong></span> 
     </span>
    </p>
   </div>
   <div class='ocr_carea' id='block_1_15' title="bbox 353 1387 1873 1465">
    <p class='ocr_par' dir='ltr' id='par_1_15' title="bbox 353 1387 1873 1465">
     <span class='ocr_line' id='line_1_15' title="bbox 353 1387 1873 1465; baseline 0.005 -24"><span class='ocrx_word' id='word_1_86' title='bbox 353 1387 468 1442; x_wconf 74' lang='grc' dir='ltr'><strong><em>Καὶ</em></strong></span> <span class='ocrx_word' id='word_1_87' title='bbox 499 1389 527 1441; x_wconf 85' lang='grc' dir='ltr'><strong>ὁ</strong></span> <span class='ocrx_word' id='word_1_88' title='bbox 555 1388 746 1461; x_wconf 80' lang='grc' dir='ltr'>παρὼν</span> <span class='ocrx_word' id='word_1_89' title='bbox 760 1388 973 1461; x_wconf 76' lang='grc' dir='ltr'><em>ψαλμδς</em></span> <span class='ocrx_word' id='word_1_90' title='bbox 1005 1390 1375 1446; x_wconf 80' lang='grc' dir='ltr'><em>λέλεκταιἜν</em></span> <span class='ocrx_word' id='word_1_91' title='bbox 1400 1392 1615 1462; x_wconf 83' lang='grc' dir='ltr'><strong><em>ὕμνοις</em></strong></span> <span class='ocrx_word' id='word_1_92' title='bbox 1634 1410 1649 1424; x_wconf 74' lang='grc' dir='ltr'>ο</span> <span class='ocrx_word' id='word_1_93' title='bbox 1678 1394 1739 1447; x_wconf 82' lang='grc' dir='ltr'><strong><em>οὐ</em></strong></span> <span class='ocrx_word' id='word_1_94' title='bbox 1774 1393 1873 1465; x_wconf 79' lang='grc' dir='ltr'><strong><em>μό⁴</em></strong></span> 
     </span>
    </p>
   </div>
   <div class='ocr_carea' id='block_1_16' title="bbox 276 1479 1875 1556">
    <p class='ocr_par' dir='ltr' id='par_1_16' title="bbox 276 1479 1875 1556">
     <span class='ocr_line' id='line_1_16' title="bbox 276 1479 1875 1556; baseline 0.004 -23"><span class='ocrx_word' id='word_1_95' title='bbox 276 1495 375 1534; x_wconf 80' lang='grc' dir='ltr'><strong><em>νον</em></strong></span> <span class='ocrx_word' id='word_1_96' title='bbox 402 1479 539 1534; x_wconf 80' lang='grc' dir='ltr'><em>ἀλλὰ</em></span> <span class='ocrx_word' id='word_1_97' title='bbox 585 1482 679 1535; x_wconf 76' lang='grc' dir='ltr'><strong><em>καὶ</em></strong></span> <span class='ocrx_word' id='word_1_98' title='bbox 719 1482 831 1554; x_wconf 82' lang='grc' dir='ltr'><strong><em>ᾠδὴ</em></strong></span> <span class='ocrx_word' id='word_1_99' title='bbox 871 1484 1128 1554; x_wconf 83' lang='grc' dir='ltr'><strong><em>τυγχάνει</em></strong></span> <span class='ocrx_word' id='word_1_100' title='bbox 1156 1484 1560 1556; x_wconf 80' lang='grc' dir='ltr'>άναπέμπουσα</span> <span class='ocrx_word' id='word_1_101' title='bbox 1590 1488 1671 1551; x_wconf 79' lang='grc' dir='ltr'><strong><em>εἰς</em></strong></span> <span class='ocrx_word' id='word_1_102' title='bbox 1696 1487 1758 1540; x_wconf 85' lang='grc' dir='ltr'>τὸ</span> <span class='ocrx_word' id='word_1_103' title='bbox 1784 1488 1875 1540; x_wconf 83' lang='grc' dir='ltr'><strong><em>τέ-</em></strong></span> 
     </span>
    </p>
   </div>
   <div class='ocr_carea' id='block_1_17' title="bbox 278 1570 1878 1651">
    <p class='ocr_par' dir='ltr' id='par_1_17' title="bbox 278 1570 1878 1651">
     <span class='ocr_line' id='line_1_17' title="bbox 278 1570 1878 1651; baseline 0.005 -26"><span class='ocrx_word' id='word_1_104' title='bbox 278 1570 397 1637; x_wconf 80' lang='grc' dir='ltr'><em>λος.</em></span> <span class='ocrx_word' id='word_1_105' title='bbox 430 1574 735 1645; x_wconf 80' lang='grc' dir='ltr'>Διαγράφει</span> <span class='ocrx_word' id='word_1_106' title='bbox 780 1574 837 1629; x_wconf 80' lang='grc' dir='ltr'><em>δὲ</em></span> <span class='ocrx_word' id='word_1_107' title='bbox 870 1575 980 1629; x_wconf 86' lang='grc' dir='ltr'>τῶν</span> <span class='ocrx_word' id='word_1_108' title='bbox 1014 1576 1115 1647; x_wconf 81' lang='grc' dir='ltr'>μὲν</span> <span class='ocrx_word' id='word_1_109' title='bbox 1152 1576 1469 1632; x_wconf 78' lang='grc' dir='ltr'><strong><em>ἀποστόλων</em></strong></span> <span class='ocrx_word' id='word_1_110' title='bbox 1498 1579 1594 1633; x_wconf 81' lang='grc' dir='ltr'>τοῦ</span> <span class='ocrx_word' id='word_1_111' title='bbox 1624 1579 1878 1651; x_wconf 84' lang='grc' dir='ltr'><strong><em>Σωτῆρος</em></strong></span> 
     </span>
    </p>
   </div>
   <div class='ocr_carea' id='block_1_18' title="bbox 277 1666 1878 1741">
    <p class='ocr_par' dir='ltr' id='par_1_18' title="bbox 277 1666 1878 1741">
     <span class='ocr_line' id='line_1_18' title="bbox 277 1666 1878 1741; baseline 0.004 -23"><span class='ocrx_word' id='word_1_112' title='bbox 277 1666 381 1719; x_wconf 81' lang='grc' dir='ltr'><strong><em>καὶ</em></strong></span> <span class='ocrx_word' id='word_1_113' title='bbox 416 1669 514 1739; x_wconf 79' lang='grc' dir='ltr'><strong><em>τῆς</em></strong></span> <span class='ocrx_word' id='word_1_114' title='bbox 553 1667 877 1738; x_wconf 78' lang='grc' dir='ltr'><em>Ἐκκλησίας</em></span> <span class='ocrx_word' id='word_1_115' title='bbox 904 1667 1068 1722; x_wconf 75' lang='grc' dir='ltr'>αὐτοῦ</span> <span class='ocrx_word' id='word_1_116' title='bbox 1101 1668 1200 1741; x_wconf 81' lang='grc' dir='ltr'>τὴν</span> <span class='ocrx_word' id='word_1_117' title='bbox 1238 1670 1559 1739; x_wconf 60' lang='grc' dir='ltr'>ἀσφάλειαν,</span> <span class='ocrx_word' id='word_1_118' title='bbox 1606 1670 1773 1725; x_wconf 77' lang='grc' dir='ltr'>αὑτοῦ</span> <span class='ocrx_word' id='word_1_119' title='bbox 1819 1672 1878 1725; x_wconf 78' lang='grc' dir='ltr'><em>δὲ</em></span> 
     </span>
    </p>
   </div>
   <div class='ocr_carea' id='block_1_19' title="bbox 274 1758 1878 1835">
    <p class='ocr_par' dir='ltr' id='par_1_19' title="bbox 274 1758 1878 1835">
     <span class='ocr_line' id='line_1_19' title="bbox 274 1758 1878 1835; baseline 0.004 -25"><span class='ocrx_word' id='word_1_120' title='bbox 274 1758 385 1829; x_wconf 83' lang='grc' dir='ltr'>τὴν</span> <span class='ocrx_word' id='word_1_121' title='bbox 410 1759 467 1813; x_wconf 75' lang='grc' dir='ltr'>ὲν</span> <span class='ocrx_word' id='word_1_122' title='bbox 491 1760 682 1831; x_wconf 77' lang='grc' dir='ltr'><strong><em>εἰρήνῃ</em></strong></span> <span class='ocrx_word' id='word_1_123' title='bbox 716 1760 882 1833; x_wconf 79' lang='grc' dir='ltr'>μονὴν</span> <span class='ocrx_word' id='word_1_124' title='bbox 905 1762 999 1815; x_wconf 73' lang='grc' dir='ltr'><strong><em>καὶ</em></strong></span> <span class='ocrx_word' id='word_1_125' title='bbox 1023 1763 1232 1826; x_wconf 83' lang='grc' dir='ltr'><strong><em>στάσιν,</em></strong></span> <span class='ocrx_word' id='word_1_126' title='bbox 1252 1765 1346 1817; x_wconf 75' lang='grc' dir='ltr'><em>καὶ</em></span> <span class='ocrx_word' id='word_1_127' title='bbox 1375 1764 1473 1835; x_wconf 78' lang='grc' dir='ltr'>τὴν</span> <span class='ocrx_word' id='word_1_128' title='bbox 1496 1763 1588 1817; x_wconf 78' lang='grc' dir='ltr'><strong><em>ἐπὶ</em></strong></span> <span class='ocrx_word' id='word_1_129' title='bbox 1614 1766 1715 1835; x_wconf 82' lang='grc' dir='ltr'><strong><em>τῆς</em></strong></span> <span class='ocrx_word' id='word_1_130' title='bbox 1743 1764 1878 1817; x_wconf 84' lang='grc' dir='ltr'>Ἰου-</span> 
     </span>
    </p>
   </div>
   <div class='ocr_carea' id='block_1_20' title="bbox 273 1826 1950 1927">
    <p class='ocr_par' dir='ltr' id='par_1_20' title="bbox 273 1826 1950 1927">
     <span class='ocr_line' id='line_1_20' title="bbox 273 1826 1950 1927; baseline 0.004 -25"><span class='ocrx_word' id='word_1_131' title='bbox 273 1826 443 1913; x_wconf 83' lang='grc' dir='ltr'><em>δαίας</em></span> <span class='ocrx_word' id='word_1_132' title='bbox 474 1826 780 1923; x_wconf 68' lang='grc' dir='ltr'>παρουσίαν</span> <span class='ocrx_word' id='word_1_133' title='bbox 802 1869 815 1882; x_wconf 91' lang='grc'><strong>·</strong></span> <span class='ocrx_word' id='word_1_134' title='bbox 840 1826 947 1906; x_wconf 42' lang='grc' dir='ltr'><em>’καὶ</em></span> <span class='ocrx_word' id='word_1_135' title='bbox 968 1853 1043 1918; x_wconf 86' lang='grc' dir='ltr'><em>ὡς</em></span> <span class='ocrx_word' id='word_1_136' title='bbox 1065 1856 1099 1925; x_wconf 81' lang='grc' dir='ltr'><strong>ἠ</strong></span> <span class='ocrx_word' id='word_1_137' title='bbox 1128 1854 1356 1927; x_wconf 79' lang='grc' dir='ltr'><strong><em>ἀληθινὴ</em></strong></span> <span class='ocrx_word' id='word_1_138' title='bbox 1376 1826 1543 1909; x_wconf 52' lang='grc' dir='ltr'>αἰλτοῦ</span> <span class='ocrx_word' id='word_1_139' title='bbox 1574 1826 1753 1919; x_wconf 46' lang='lat' dir='ltr'><strong><em>utilite,</em></strong></span> <span class='ocrx_word' id='word_1_140' title='bbox 1781 1854 1875 1908; x_wconf 77' lang='grc' dir='ltr'><strong><em>καὶ</em></strong></span> <span class='ocrx_word' id='word_1_141' title='bbox 1908 1826 1950 1881; x_wconf 76' lang='grc' dir='ltr'><strong>Β</strong></span> 
     </span>
    </p>
   </div>
   <div class='ocr_carea' id='block_1_21' title="bbox 273 1940 1875 2020">
    <p class='ocr_par' dir='ltr' id='par_1_21' title="bbox 273 1940 1875 2020">
     <span class='ocr_line' id='line_1_21' title="bbox 273 1940 1875 2020; baseline 0.004 -26"><span class='ocrx_word' id='word_1_142' title='bbox 273 1940 341 1994; x_wconf 84' lang='grc' dir='ltr'>τὸ</span> <span class='ocrx_word' id='word_1_143' title='bbox 377 1940 517 1996; x_wconf 85' lang='grc' dir='ltr'>Σιὼν</span> <span class='ocrx_word' id='word_1_144' title='bbox 547 1943 672 2016; x_wconf 82' lang='grc' dir='ltr'><em>ὅρος</em></span> <span class='ocrx_word' id='word_1_145' title='bbox 694 1944 755 1998; x_wconf 84' lang='grc' dir='ltr'>τὸ</span> <span class='ocrx_word' id='word_1_146' title='bbox 787 1945 1041 2016; x_wconf 82' lang='grc' dir='ltr'><strong><em>ἀληθινὸν</em></strong></span> <span class='ocrx_word' id='word_1_147' title='bbox 1083 1946 1248 2000; x_wconf 81' lang='grc' dir='ltr'>αὐτοῦ</span> <span class='ocrx_word' id='word_1_148' title='bbox 1288 1947 1601 2020; x_wconf 72' lang='grc' dir='ltr'><strong><em>οἰκητήριον</em></strong></span> <span class='ocrx_word' id='word_1_149' title='bbox 1646 1948 1875 2002; x_wconf 85' lang='grc' dir='ltr'>πάντοτε</span> 
     </span>
    </p>
   </div>
   <div class='ocr_carea' id='block_1_22' title="bbox 274 2036 1879 2112">
    <p class='ocr_par' dir='ltr' id='par_1_22' title="bbox 274 2036 1879 2112">
     <span class='ocr_line' id='line_1_22' title="bbox 274 2036 1879 2112; baseline 0.002 -23"><span class='ocrx_word' id='word_1_150' title='bbox 274 2036 647 2108; x_wconf 80' lang='grc' dir='ltr'>εἰρηνεύεται,</span> <span class='ocrx_word' id='word_1_151' title='bbox 694 2038 817 2092; x_wconf 77' lang='grc' dir='ltr'><em>οὐδὲ</em></span> <span class='ocrx_word' id='word_1_152' title='bbox 856 2037 1079 2091; x_wconf 82' lang='grc' dir='ltr'>πώποτε</span> <span class='ocrx_word' id='word_1_153' title='bbox 1111 2037 1327 2111; x_wconf 77' lang='grc' dir='ltr'><strong><em>ἐχθροῖς</em></strong></span> <span class='ocrx_word' id='word_1_154' title='bbox 1359 2040 1671 2112; x_wconf 80' lang='grc' dir='ltr'>ὑποχείριον</span> <span class='ocrx_word' id='word_1_155' title='bbox 1696 2040 1879 2110; x_wconf 77' lang='grc' dir='ltr'>γιγνό-</span> 
     </span>
    </p>
   </div>
   <div class='ocr_carea' id='block_1_23' title="bbox 274 2129 1876 2201">
    <p class='ocr_par' dir='ltr' id='par_1_23' title="bbox 274 2129 1876 2201">
     <span class='ocr_line' id='line_1_23' title="bbox 274 2129 1876 2201; baseline 0.002 -20"><span class='ocrx_word' id='word_1_156' title='bbox 274 2131 548 2200; x_wconf 81' lang='grc' dir='ltr'>μενον.“0</span> <span class='ocrx_word' id='word_1_157' title='bbox 580 2129 645 2200; x_wconf 78' lang='grc' dir='ltr'><em>δὴ</em></span> <span class='ocrx_word' id='word_1_158' title='bbox 672 2129 928 2201; x_wconf 77' lang='grc' dir='ltr'><strong><em>σημαίνει</em></strong></span> <span class='ocrx_word' id='word_1_159' title='bbox 952 2129 1125 2197; x_wconf 84' lang='grc' dir='ltr'>λέγων</span> <span class='ocrx_word' id='word_1_160' title='bbox 1144 2147 1157 2160; x_wconf 89' lang='grc'><strong>·</strong></span> <span class='ocrx_word' id='word_1_161' title='bbox 1207 2130 1494 2197; x_wconf 80' lang='grc' dir='ltr'><em>Γνωστὸς</em></span> <span class='ocrx_word' id='word_1_162' title='bbox 1528 2131 1599 2184; x_wconf 84' lang='grc' dir='ltr'><em>ὲν</em></span> <span class='ocrx_word' id='word_1_163' title='bbox 1628 2129 1701 2199; x_wconf 77' lang='grc' dir='ltr'><strong><em>τῇ</em></strong></span> <span class='ocrx_word' id='word_1_164' title='bbox 1735 2133 1876 2185; x_wconf 83' lang='grc' dir='ltr'><strong><em>ἰου-</em></strong></span> 
     </span>
    </p>
   </div>
   <div class='ocr_carea' id='block_1_24' title="bbox 268 2220 1875 2293">
    <p class='ocr_par' dir='ltr' id='par_1_24' title="bbox 268 2220 1875 2293">
     <span class='ocr_line' id='line_1_24' title="bbox 268 2220 1875 2293; baseline 0.001 -19"><span class='ocrx_word' id='word_1_165' title='bbox 268 2220 425 2289; x_wconf 80' lang='grc' dir='ltr'><em>δαίᾳ</em></span> <span class='ocrx_word' id='word_1_166' title='bbox 455 2225 489 2276; x_wconf 85' lang='grc' dir='ltr'><strong><em>ό</em></strong></span> <span class='ocrx_word' id='word_1_167' title='bbox 523 2224 687 2289; x_wconf 81' lang='grc' dir='ltr'><em>Θεὸς,</em></span> <span class='ocrx_word' id='word_1_168' title='bbox 713 2223 784 2276; x_wconf 87' lang='grc' dir='ltr'><em>ἐν</em></span> <span class='ocrx_word' id='word_1_169' title='bbox 806 2220 887 2287; x_wconf 79' lang='grc' dir='ltr'><strong><em>τῷ</em></strong></span> <span class='ocrx_word' id='word_1_170' title='bbox 925 2220 1166 2291; x_wconf 76' lang='grc' dir='ltr'><em>Ἰσραὴλ</em></span> <span class='ocrx_word' id='word_1_171' title='bbox 1184 2221 1340 2293; x_wconf 65' lang='grc' dir='ltr'><em>μέγα</em></span> <span class='ocrx_word' id='word_1_172' title='bbox 1362 2222 1427 2276; x_wconf 84' lang='grc' dir='ltr'><strong><em>τὸ</em></strong></span> <span class='ocrx_word' id='word_1_173' title='bbox 1450 2221 1639 2291; x_wconf 82' lang='grc' dir='ltr'><em>ὄνομα</em></span> <span class='ocrx_word' id='word_1_174' title='bbox 1667 2221 1875 2276; x_wconf 85' lang='grc' dir='ltr'><em>αὑτοῦ.</em></span> 
     </span>
    </p>
   </div>
   <div class='ocr_carea' id='block_1_25' title="bbox 282 2312 1883 2383">
    <p class='ocr_par' dir='ltr' id='par_1_25' title="bbox 282 2312 1883 2383">
     <span class='ocr_line' id='line_1_25' title="bbox 282 2312 1883 2383; baseline 0.001 -20"><span class='ocrx_word' id='word_1_175' title='bbox 282 2312 579 2381; x_wconf 81' lang='grc' dir='ltr'><strong><em>Ἐγενήθη</em></strong></span> <span class='ocrx_word' id='word_1_176' title='bbox 603 2313 811 2383; x_wconf 72' lang='grc' dir='ltr'><em>εἰρήνη</em></span> <span class='ocrx_word' id='word_1_177' title='bbox 839 2316 872 2367; x_wconf 80' lang='grc' dir='ltr'><em>ὁ</em></span> <span class='ocrx_word' id='word_1_178' title='bbox 894 2314 1077 2377; x_wconf 84' lang='grc' dir='ltr'><em>τόπος</em></span> <span class='ocrx_word' id='word_1_179' title='bbox 1100 2313 1289 2367; x_wconf 84' lang='grc' dir='ltr'><em>αὐτοῦ</em></span> <span class='ocrx_word' id='word_1_180' title='bbox 1313 2314 1412 2367; x_wconf 81' lang='grc' dir='ltr'><em>καὶ</em></span> <span class='ocrx_word' id='word_1_181' title='bbox 1432 2314 1498 2366; x_wconf 86' lang='grc' dir='ltr'><strong><em>τὸ</em></strong></span> <span class='ocrx_word' id='word_1_182' title='bbox 1528 2312 1883 2382; x_wconf 82' lang='grc' dir='ltr'><em>κατοικητή-</em></span> 
     </span>
    </p>
   </div>
   <div class='ocr_carea' id='block_1_26' title="bbox 267 2397 1878 2473">
    <p class='ocr_par' dir='ltr' id='par_1_26' title="bbox 267 2397 1878 2473">
     <span class='ocr_line' id='line_1_26' title="bbox 267 2397 1878 2473; baseline 0.001 -18"><span class='ocrx_word' id='word_1_183' title='bbox 267 2418 414 2470; x_wconf 85' lang='grc' dir='ltr'><em>ριον</em></span> <span class='ocrx_word' id='word_1_184' title='bbox 435 2401 624 2456; x_wconf 83' lang='grc' dir='ltr'><em>αὐτοῦ</em></span> <span class='ocrx_word' id='word_1_185' title='bbox 650 2402 721 2455; x_wconf 86' lang='grc' dir='ltr'><em>ἐν</em></span> <span class='ocrx_word' id='word_1_186' title='bbox 742 2400 916 2456; x_wconf 83' lang='grc' dir='ltr'><em>Σιών.</em></span> <span class='ocrx_word' id='word_1_187' title='bbox 942 2397 1057 2455; x_wconf 75' lang='grc' dir='ltr'><strong><em>Εἶθ’</em></strong></span> <span class='ocrx_word' id='word_1_188' title='bbox 1078 2400 1206 2472; x_wconf 80' lang='grc' dir='ltr'><strong><em>ἑξῆς</em></strong></span> <span class='ocrx_word' id='word_1_189' title='bbox 1231 2402 1341 2455; x_wconf 89' lang='grc' dir='ltr'>τῶν</span> <span class='ocrx_word' id='word_1_190' title='bbox 1363 2401 1572 2473; x_wconf 79' lang='grc' dir='ltr'>ἐχθρῶν</span> <span class='ocrx_word' id='word_1_191' title='bbox 1596 2401 1762 2455; x_wconf 82' lang='grc' dir='ltr'>αὑτοῦ</span> <span class='ocrx_word' id='word_1_192' title='bbox 1782 2403 1878 2456; x_wconf 76' lang='grc' dir='ltr'><em>καὶ</em></span> 
     </span>
    </p>
   </div>
   <div class='ocr_carea' id='block_1_27' title="bbox 270 2492 1877 2566">
    <p class='ocr_par' dir='ltr' id='par_1_27' title="bbox 270 2492 1877 2566">
     <span class='ocr_line' id='line_1_27' title="bbox 270 2492 1877 2566; baseline 0 -20"><span class='ocrx_word' id='word_1_193' title='bbox 270 2492 392 2547; x_wconf 83' lang='grc' dir='ltr'>τῶν</span> <span class='ocrx_word' id='word_1_194' title='bbox 418 2493 517 2564; x_wconf 84' lang='grc' dir='ltr'><strong><em>τῆς</em></strong></span> <span class='ocrx_word' id='word_1_195' title='bbox 548 2492 874 2564; x_wconf 82' lang='grc' dir='ltr'><em>Ἐκκλησίας</em></span> <span class='ocrx_word' id='word_1_196' title='bbox 893 2492 1060 2547; x_wconf 78' lang='grc' dir='ltr'>αὐτοῦ</span> <span class='ocrx_word' id='word_1_197' title='bbox 1090 2493 1366 2564; x_wconf 78' lang='grc' dir='ltr'>πολεμίων</span> <span class='ocrx_word' id='word_1_198' title='bbox 1388 2494 1487 2566; x_wconf 83' lang='grc' dir='ltr'><strong><em>τὴν</em></strong></span> <span class='ocrx_word' id='word_1_199' title='bbox 1510 2494 1721 2548; x_wconf 85' lang='grc' dir='ltr'>πτῶσιν</span> <span class='ocrx_word' id='word_1_200' title='bbox 1748 2510 1877 2566; x_wconf 77' lang='grc' dir='ltr'>παρο</span> 
     </span>
    </p>
   </div>
   <div class='ocr_carea' id='block_1_28' title="bbox 274 2580 1875 2658">
    <p class='ocr_par' dir='ltr' id='par_1_28' title="bbox 274 2580 1875 2658">
     <span class='ocr_line' id='line_1_28' title="bbox 274 2580 1875 2658; baseline 0.001 -19"><span class='ocrx_word' id='word_1_201' title='bbox 274 2588 499 2658; x_wconf 80' lang='grc' dir='ltr'>ίστησιν</span> <span class='ocrx_word' id='word_1_202' title='bbox 546 2580 647 2641; x_wconf 83' lang='grc' dir='ltr'><strong><em>ὧδε</em></strong></span> <span class='ocrx_word' id='word_1_203' title='bbox 697 2587 950 2656; x_wconf 86' lang='grc' dir='ltr'>φάσκων·</span> <span class='ocrx_word' id='word_1_204' title='bbox 1000 2586 1165 2641; x_wconf 80' lang='grc' dir='ltr'><em>Ἐκεῖ</em></span> <span class='ocrx_word' id='word_1_205' title='bbox 1194 2586 1525 2657; x_wconf 70' lang='grc' dir='ltr'><em>συνέτριψε</em></span> <span class='ocrx_word' id='word_1_206' title='bbox 1568 2586 1641 2641; x_wconf 82' lang='grc' dir='ltr'><strong><em>τὰ</em></strong></span> <span class='ocrx_word' id='word_1_207' title='bbox 1689 2586 1875 2657; x_wconf 81' lang='grc' dir='ltr'><em>κράτη</em></span> 
     </span>
    </p>
   </div>
   <div class='ocr_carea' id='block_1_29' title="bbox 271 2678 1876 2749">
    <p class='ocr_par' dir='ltr' id='par_1_29' title="bbox 271 2678 1876 2749">
     <span class='ocr_line' id='line_1_29' title="bbox 271 2678 1876 2749; baseline 0.001 -17"><span class='ocrx_word' id='word_1_208' title='bbox 271 2678 403 2733; x_wconf 86' lang='grc' dir='ltr'><strong><em>τῶν</em></strong></span> <span class='ocrx_word' id='word_1_209' title='bbox 449 2678 659 2746; x_wconf 80' lang='grc' dir='ltr'><strong><em>τόξων,</em></strong></span> <span class='ocrx_word' id='word_1_210' title='bbox 692 2678 887 2734; x_wconf 83' lang='grc' dir='ltr'><em>ὅπλον</em></span> <span class='ocrx_word' id='word_1_211' title='bbox 936 2678 1035 2732; x_wconf 74' lang='grc' dir='ltr'><em>καὶ</em></span> <span class='ocrx_word' id='word_1_212' title='bbox 1062 2679 1373 2748; x_wconf 68' lang='grc' dir='ltr'><em>ῥομφαίαν</em></span> <span class='ocrx_word' id='word_1_213' title='bbox 1425 2679 1523 2734; x_wconf 80' lang='grc' dir='ltr'><em>καὶ</em></span> <span class='ocrx_word' id='word_1_214' title='bbox 1572 2680 1876 2749; x_wconf 74' lang='grc' dir='ltr'><em>πόλεμον-ο</em></span> 
     </span>
    </p>
   </div>
   <div class='ocr_carea' id='block_1_30' title="bbox 271 2770 1878 2841">
    <p class='ocr_par' dir='ltr' id='par_1_30' title="bbox 271 2770 1878 2841">
     <span class='ocr_line' id='line_1_30' title="bbox 271 2770 1878 2841; baseline 0 -15"><span class='ocrx_word' id='word_1_215' title='bbox 271 2770 380 2826; x_wconf 77' lang='grc' dir='ltr'><strong><em>καὶ</em></strong></span> <span class='ocrx_word' id='word_1_216' title='bbox 412 2770 603 2825; x_wconf 79' lang='grc' dir='ltr'>πάλινο</span> <span class='ocrx_word' id='word_1_217' title='bbox 655 2770 1107 2841; x_wconf 82' lang='grc' dir='ltr'><em>Ἐταράχθησαν</em></span> <span class='ocrx_word' id='word_1_218' title='bbox 1132 2771 1359 2837; x_wconf 86' lang='grc' dir='ltr'><em>πάντες</em></span> <span class='ocrx_word' id='word_1_219' title='bbox 1380 2775 1436 2827; x_wconf 86' lang='lat' dir='ltr'><strong><em>ol</em></strong></span> <span class='ocrx_word' id='word_1_220' title='bbox 1479 2772 1765 2826; x_wconf 87' lang='grc' dir='ltr'><em>ἀσύνετοι</em></span> <span class='ocrx_word' id='word_1_221' title='bbox 1801 2770 1878 2840; x_wconf 76' lang='grc' dir='ltr'><strong><em>τῇ</em></strong></span> 
     </span>
    </p>
   </div>
   <div class='ocr_carea' id='block_1_31' title="bbox 273 2846 1882 2935">
    <p class='ocr_par' dir='ltr' id='par_1_31' title="bbox 273 2846 1882 2935">
     <span class='ocr_line' id='line_1_31' title="bbox 273 2846 1882 2935; baseline 0.002 -19"><span class='ocrx_word' id='word_1_222' title='bbox 273 2861 517 2932; x_wconf 83' lang='grc' dir='ltr'><em>καρδίᾳ.</em></span> <span class='ocrx_word' id='word_1_223' title='bbox 555 2863 877 2916; x_wconf 87' lang='grc' dir='ltr'><em>’Ύπνωσαν</em></span> <span class='ocrx_word' id='word_1_224' title='bbox 923 2862 1124 2917; x_wconf 81' lang='grc' dir='ltr'><em>ὕπνον</em></span> <span class='ocrx_word' id='word_1_225' title='bbox 1153 2846 1373 2928; x_wconf 82' lang='grc' dir='ltr'><em>αὐτῶν,</em></span> <span class='ocrx_word' id='word_1_226' title='bbox 1411 2863 1509 2917; x_wconf 78' lang='grc' dir='ltr'><em>καὶ</em></span> <span class='ocrx_word' id='word_1_227' title='bbox 1550 2866 1663 2932; x_wconf 86' lang='grc' dir='ltr'><strong><em>οὺχ</em></strong></span> <span class='ocrx_word' id='word_1_228' title='bbox 1700 2860 1882 2935; x_wconf 77' lang='grc' dir='ltr'><em>εὖρον</em></span> 
     </span>
    </p>
   </div>
   <div class='ocr_carea' id='block_1_32' title="bbox 273 2954 1882 3028">
    <p class='ocr_par' dir='ltr' id='par_1_32' title="bbox 273 2954 1882 3028">
     <span class='ocr_line' id='line_1_32' title="bbox 273 2954 1882 3028; baseline 0.001 -18"><span class='ocrx_word' id='word_1_229' title='bbox 273 2954 469 3010; x_wconf 84' lang='grc' dir='ltr'><em>οὐδὲν</em></span> <span class='ocrx_word' id='word_1_230' title='bbox 499 2954 723 3020; x_wconf 82' lang='grc' dir='ltr'><em>πάντες</em></span> <span class='ocrx_word' id='word_1_231' title='bbox 747 2958 802 3010; x_wconf 87' lang='lat' dir='ltr'><strong><em>ol</em></strong></span> <span class='ocrx_word' id='word_1_232' title='bbox 830 2955 1046 3025; x_wconf 81' lang='grc' dir='ltr'><em>ἄνδρες</em></span> <span class='ocrx_word' id='word_1_233' title='bbox 1068 2957 1176 3011; x_wconf 85' lang='grc' dir='ltr'><em>τοῦ</em></span> <span class='ocrx_word' id='word_1_234' title='bbox 1204 2957 1475 3010; x_wconf 85' lang='grc' dir='ltr'><em>πλούτου</em></span> <span class='ocrx_word' id='word_1_235' title='bbox 1518 2956 1649 3023; x_wconf 85' lang='grc' dir='ltr'><em>ταῖς</em></span> <span class='ocrx_word' id='word_1_236' title='bbox 1670 2960 1882 3028; x_wconf 87' lang='grc' dir='ltr'><em>χερσὶν</em></span> 
     </span>
    </p>
   </div>
   <div class='ocr_carea' id='block_1_33' title="bbox 1978 541 3563 615">
    <p class='ocr_par' dir='ltr' id='par_1_33' title="bbox 1978 541 3563 615">
     <span class='ocr_line' id='line_1_33' title="bbox 1978 541 3563 615; baseline 0.001 -20"><span class='ocrx_word' id='word_1_237' title='bbox 1978 542 2075 597; x_wconf 90' lang='lat' dir='ltr'><strong><em>lite</em></strong></span> <span class='ocrx_word' id='word_1_238' title='bbox 2103 544 2282 613; x_wconf 86' lang='lat' dir='ltr'><strong><em>inique</em></strong></span> <span class='ocrx_word' id='word_1_239' title='bbox 2307 560 2461 614; x_wconf 89' lang='lat' dir='ltr'><strong><em>agere</em></strong></span> <span class='ocrx_word' id='word_1_240' title='bbox 2482 559 2504 605; x_wconf 83' lang='lat'><strong><em>,°</em></strong></span> <span class='ocrx_word' id='word_1_241' title='bbox 2529 552 2576 597; x_wconf 84' lang='lat' dir='ltr'><strong><em>et</em></strong></span> <span class='ocrx_word' id='word_1_242' title='bbox 2608 542 3033 615; x_wconf 74' lang='lat' dir='ltr'><strong><em>delinquentibus</em></strong></span> <span class='ocrx_word' id='word_1_243' title='bbox 3060 559 3078 598; x_wconf 93' lang='lat'><strong><em>:</em></strong></span> <span class='ocrx_word' id='word_1_244' title='bbox 3108 541 3294 597; x_wconf 82' lang='lat' dir='ltr'><strong><em>Nolite</em></strong></span> <span class='ocrx_word' id='word_1_245' title='bbox 3320 541 3563 596; x_wconf 73' lang='lat' dir='ltr'><strong><em>exaltare</em></strong></span> 
     </span>
    </p>
   </div>
   <div class='ocr_carea' id='block_1_34' title="bbox 1977 632 3564 696">
    <p class='ocr_par' dir='ltr' id='par_1_34' title="bbox 1977 632 3564 696">
     <span class='ocr_line' id='line_1_34' title="bbox 1977 632 3564 696; baseline -0.001 -9"><span class='ocrx_word' id='word_1_246' title='bbox 1977 650 2163 687; x_wconf 87' lang='lat' dir='ltr'><strong><em>cornu.</em></strong></span> <span class='ocrx_word' id='word_1_247' title='bbox 2200 632 2382 689; x_wconf 77' lang='lat' dir='ltr'><strong><em>Nolite</em></strong></span> <span class='ocrx_word' id='word_1_248' title='bbox 2407 635 2662 690; x_wconf 68' lang='lat' dir='ltr'><strong><em>extollere</em></strong></span> <span class='ocrx_word' id='word_1_249' title='bbox 2690 639 2744 689; x_wconf 88' lang='lat' dir='ltr'><strong><em>in</em></strong></span> <span class='ocrx_word' id='word_1_250' title='bbox 2776 635 2947 689; x_wconf 88' lang='lat' dir='ltr'><strong><em>altum</em></strong></span> <span class='ocrx_word' id='word_1_251' title='bbox 2976 651 3140 689; x_wconf 87' lang='lat' dir='ltr'><strong><em>cornu</em></strong></span> <span class='ocrx_word' id='word_1_252' title='bbox 3170 643 3400 688; x_wconf 71' lang='lat' dir='ltr'><strong><em>vestrum</em></strong></span> <span class='ocrx_word' id='word_1_253' title='bbox 3422 672 3435 696; x_wconf 90' lang='lat'><strong><em>,</em></strong></span> <span class='ocrx_word' id='word_1_254' title='bbox 3466 649 3564 686; x_wconf 83' lang='lat' dir='ltr'><strong><em>no-</em></strong></span> 
     </span>
    </p>
   </div>
   <div class='ocr_carea' id='block_1_35' title="bbox 1978 724 3564 796">
    <p class='ocr_par' dir='ltr' id='par_1_35' title="bbox 1978 724 3564 796">
     <span class='ocr_line' id='line_1_35' title="bbox 1978 724 3564 796; baseline -0.001 -17"><span class='ocrx_word' id='word_1_255' title='bbox 1978 725 2071 780; x_wconf 87' lang='lat' dir='ltr'><strong><em>lite</em></strong></span> <span class='ocrx_word' id='word_1_256' title='bbox 2106 725 2252 795; x_wconf 85' lang='lat' dir='ltr'><strong><em>loqui</em></strong></span> <span class='ocrx_word' id='word_1_257' title='bbox 2295 725 2552 781; x_wconf 80' lang='lat' dir='ltr'><strong><em>adversus</em></strong></span> <span class='ocrx_word' id='word_1_258' title='bbox 2594 726 2764 781; x_wconf 86' lang='lat' dir='ltr'><strong><em>Deum</em></strong></span> <span class='ocrx_word' id='word_1_259' title='bbox 2806 726 3162 796; x_wconf 80' lang='lat' dir='ltr'><strong><em>iniquitatem.</em></strong></span> <span class='ocrx_word' id='word_1_260' title='bbox 3192 724 3397 779; x_wconf 81' lang='lat' dir='ltr'><strong><em>Deinde</em></strong></span> <span class='ocrx_word' id='word_1_261' title='bbox 3432 738 3564 779; x_wconf 87' lang='lat' dir='ltr'><strong><em>vero</em></strong></span> 
     </span>
    </p>
   </div>
   <div class='ocr_carea' id='block_1_36' title="bbox 1976 816 3565 888">
    <p class='ocr_par' dir='ltr' id='par_1_36' title="bbox 1976 816 3565 888">
     <span class='ocr_line' id='line_1_36' title="bbox 1976 816 3565 888; baseline -0.003 -15"><span class='ocrx_word' id='word_1_262' title='bbox 1976 833 2042 873; x_wconf 79' lang='lat' dir='ltr'><strong><em>ex</em></strong></span> <span class='ocrx_word' id='word_1_263' title='bbox 2077 832 2312 886; x_wconf 80' lang='lat' dir='ltr'><strong><em>persona</em></strong></span> <span class='ocrx_word' id='word_1_264' title='bbox 2342 818 2517 888; x_wconf 86' lang='lat' dir='ltr'><strong><em>ipsius</em></strong></span> <span class='ocrx_word' id='word_1_265' title='bbox 2548 816 2755 873; x_wconf 88' lang='lat' dir='ltr'><strong><em>Christi</em></strong></span> <span class='ocrx_word' id='word_1_266' title='bbox 2787 819 2975 873; x_wconf 89' lang='lat' dir='ltr'><strong><em>addit:</em></strong></span> <span class='ocrx_word' id='word_1_267' title='bbox 3012 817 3126 887; x_wconf 78' lang='lat' dir='ltr'><strong><em>Ego</em></strong></span> <span class='ocrx_word' id='word_1_268' title='bbox 3156 827 3331 871; x_wconf 87' lang='lat' dir='ltr'><strong><em>autem</em></strong></span> <span class='ocrx_word' id='word_1_269' title='bbox 3362 832 3565 869; x_wconf 84' lang='lat' dir='ltr'><strong><em>annun-</em></strong></span> 
     </span>
    </p>
   </div>
   <div class='ocr_carea' id='block_1_37' title="bbox 1979 907 3562 973">
    <p class='ocr_par' dir='ltr' id='par_1_37' title="bbox 1979 907 3562 973">
     <span class='ocr_line' id='line_1_37' title="bbox 1979 907 3562 973; baseline 0 -13"><span class='ocrx_word' id='word_1_270' title='bbox 1979 907 2124 960; x_wconf 92' lang='lat' dir='ltr'><strong><em>tiabo</em></strong></span> <span class='ocrx_word' id='word_1_271' title='bbox 2168 909 2225 962; x_wconf 90' lang='lat' dir='ltr'><strong><em>in</em></strong></span> <span class='ocrx_word' id='word_1_272' title='bbox 2267 909 2561 973; x_wconf 81' lang='lat' dir='ltr'><strong><em>steculum,</em></strong></span> <span class='ocrx_word' id='word_1_273' title='bbox 2612 908 2840 963; x_wconf 84' lang='lat' dir='ltr'><strong><em>cantabo</em></strong></span> <span class='ocrx_word' id='word_1_274' title='bbox 2884 909 2994 963; x_wconf 91' lang='lat' dir='ltr'><strong><em>Deo</em></strong></span> <span class='ocrx_word' id='word_1_275' title='bbox 3033 908 3222 964; x_wconf 79' lang='lat' dir='ltr'><strong><em>Jacob.</em></strong></span> <span class='ocrx_word' id='word_1_276' title='bbox 3273 907 3343 962; x_wconf 79' lang='lat' dir='ltr'><strong><em>Et</em></strong></span> <span class='ocrx_word' id='word_1_277' title='bbox 3381 908 3562 961; x_wconf 84' lang='lat' dir='ltr'><strong><em>omnia</em></strong></span> 
     </span>
    </p>
   </div>
   <div class='ocr_carea' id='block_1_38' title="bbox 1977 1000 3561 1073">
    <p class='ocr_par' dir='ltr' id='par_1_38' title="bbox 1977 1000 3561 1073">
     <span class='ocr_line' id='line_1_38' title="bbox 1977 1000 3561 1073; baseline 0.001 -21"><span class='ocrx_word' id='word_1_278' title='bbox 1977 1015 2180 1053; x_wconf 85' lang='lat' dir='ltr'><strong><em>cornua</em></strong></span> <span class='ocrx_word' id='word_1_279' title='bbox 2234 1012 2575 1069; x_wconf 79' lang='lat' dir='ltr'><strong><em>peccatorum</em></strong></span> <span class='ocrx_word' id='word_1_280' title='bbox 2629 1002 3013 1073; x_wconf 79' lang='lat' dir='ltr'><strong><em>confringam,</em></strong></span> <span class='ocrx_word' id='word_1_281' title='bbox 3071 1010 3122 1057; x_wconf 87' lang='lat' dir='ltr'><strong><em>et</em></strong></span> <span class='ocrx_word' id='word_1_282' title='bbox 3176 1000 3561 1057; x_wconf 69' lang='lat' dir='ltr'><strong><em>exaltabuutur</em></strong></span> 
     </span>
    </p>
   </div>
   <div class='ocr_carea' id='block_1_39' title="bbox 1976 1094 2360 1163">
    <p class='ocr_par' dir='ltr' id='par_1_39' title="bbox 1976 1094 2360 1163">
     <span class='ocr_line' id='line_1_39' title="bbox 1976 1094 2360 1163; baseline 0.013 -18"><span class='ocrx_word' id='word_1_283' title='bbox 1976 1109 2179 1146; x_wconf 82' lang='lat' dir='ltr'><strong><em>cornua</em></strong></span> <span class='ocrx_word' id='word_1_284' title='bbox 2198 1094 2360 1163; x_wconf 80' lang='lat' dir='ltr'><strong><em>justi.</em></strong></span> 
     </span>
    </p>
   </div>
   <div class='ocr_carea' id='block_1_40' title="bbox 2723 1312 2814 1369">
    <p class='ocr_par' dir='ltr' id='par_1_40' title="bbox 2723 1312 2814 1369">
     <span class='ocr_line' id='line_1_40' title="bbox 2723 1312 2814 1369; baseline 0.033 -3"><span class='ocrx_word' id='word_1_285' title='bbox 2723 1312 2814 1369; x_wconf 81' lang='lat' dir='ltr'><strong><em>IV.</em></strong></span> 
     </span>
    </p>
   </div>
   <div class='ocr_carea' id='block_1_41' title="bbox 2047 1402 3559 1476">
    <p class='ocr_par' dir='ltr' id='par_1_41' title="bbox 2047 1402 3559 1476">
     <span class='ocr_line' id='line_1_41' title="bbox 2047 1402 3559 1476; baseline 0.001 -18"><span class='ocrx_word' id='word_1_286' title='bbox 2047 1403 2298 1460; x_wconf 65' lang='lat' dir='ltr'><strong><em>Praesens</em></strong></span> <span class='ocrx_word' id='word_1_287' title='bbox 2336 1419 2557 1476; x_wconf 77' lang='lat' dir='ltr'><strong><em>quoque</em></strong></span> <span class='ocrx_word' id='word_1_288' title='bbox 2594 1403 2843 1475; x_wconf 77' lang='lat' dir='ltr'><strong><em>psalmus</em></strong></span> <span class='ocrx_word' id='word_1_289' title='bbox 2872 1402 2939 1458; x_wconf 88' lang='lat' dir='ltr'><strong><em>In</em></strong></span> <span class='ocrx_word' id='word_1_290' title='bbox 2989 1404 3205 1475; x_wconf 79' lang='lat' dir='ltr'><strong><em>hymnis</em></strong></span> <span class='ocrx_word' id='word_1_291' title='bbox 3241 1405 3285 1438; x_wconf 76' lang='grc'><strong><em>⁸³</em></strong></span> <span class='ocrx_word' id='word_1_292' title='bbox 3319 1404 3559 1473; x_wconf 87' lang='lat' dir='ltr'><strong><em>dicitur;</em></strong></span> 
     </span>
    </p>
   </div>
   <div class='ocr_carea' id='block_1_42' title="bbox 1978 1495 3563 1567">
    <p class='ocr_par' dir='ltr' id='par_1_42' title="bbox 1978 1495 3563 1567">
     <span class='ocr_line' id='line_1_42' title="bbox 1978 1495 3563 1567; baseline 0.003 -17"><span class='ocrx_word' id='word_1_293' title='bbox 1978 1496 2113 1567; x_wconf 88' lang='lat' dir='ltr'><strong><em>quin</em></strong></span> <span class='ocrx_word' id='word_1_294' title='bbox 2153 1496 2319 1551; x_wconf 89' lang='lat' dir='ltr'><strong><em>etiam</em></strong></span> <span class='ocrx_word' id='word_1_295' title='bbox 2359 1496 2640 1552; x_wconf 78' lang='lat' dir='ltr'><strong><em>canticum</em></strong></span> <span class='ocrx_word' id='word_1_296' title='bbox 2677 1504 2760 1551; x_wconf 90' lang='lat' dir='ltr'><strong><em>est</em></strong></span> <span class='ocrx_word' id='word_1_297' title='bbox 2796 1495 2862 1550; x_wconf 90' lang='lat' dir='ltr'><strong><em>ad</em></strong></span> <span class='ocrx_word' id='word_1_298' title='bbox 2904 1496 3066 1552; x_wconf 81' lang='lat' dir='ltr'><strong><em>ﬁnem</em></strong></span> <span class='ocrx_word' id='word_1_299' title='bbox 3108 1498 3420 1553; x_wconf 84' lang='lat' dir='ltr'><strong><em>remittens.</em></strong></span> <span class='ocrx_word' id='word_1_300' title='bbox 3458 1497 3563 1554; x_wconf 84' lang='lat' dir='ltr'><strong><em>De-</em></strong></span> 
     </span>
    </p>
   </div>
   <div class='ocr_carea' id='block_1_43' title="bbox 1979 1588 3564 1660">
    <p class='ocr_par' dir='ltr' id='par_1_43' title="bbox 1979 1588 3564 1660">
     <span class='ocr_line' id='line_1_43' title="bbox 1979 1588 3564 1660; baseline 0.002 -15"><span class='ocrx_word' id='word_1_301' title='bbox 1979 1589 2173 1645; x_wconf 88' lang='lat' dir='ltr'><strong><em>scribit</em></strong></span> <span class='ocrx_word' id='word_1_302' title='bbox 2218 1604 2347 1644; x_wconf 87' lang='lat' dir='ltr'><strong><em>vero</em></strong></span> <span class='ocrx_word' id='word_1_303' title='bbox 2395 1589 2776 1660; x_wconf 84' lang='lat' dir='ltr'><strong><em>apostolorum</em></strong></span> <span class='ocrx_word' id='word_1_304' title='bbox 2836 1588 3147 1647; x_wconf 87' lang='lat' dir='ltr'><strong><em>Servatoris</em></strong></span> <span class='ocrx_word' id='word_1_305' title='bbox 3198 1602 3251 1646; x_wconf 92' lang='lat' dir='ltr'><strong><em>et</em></strong></span> <span class='ocrx_word' id='word_1_306' title='bbox 3302 1589 3564 1648; x_wconf 73' lang='lat' dir='ltr'><strong><em>Ecclesia:</em></strong></span> 
     </span>
    </p>
   </div>
   <div class='ocr_carea' id='block_1_44' title="bbox 1977 1682 3563 1756">
    <p class='ocr_par' dir='ltr' id='par_1_44' title="bbox 1977 1682 3563 1756">
     <span class='ocr_line' id='line_1_44' title="bbox 1977 1682 3563 1756; baseline 0.002 -19"><span class='ocrx_word' id='word_1_307' title='bbox 1977 1683 2156 1754; x_wconf 88' lang='lat' dir='ltr'><strong><em>ipsius</em></strong></span> <span class='ocrx_word' id='word_1_308' title='bbox 2197 1683 2593 1751; x_wconf 85' lang='lat' dir='ltr'><strong><em>securitatem;</em></strong></span> <span class='ocrx_word' id='word_1_309' title='bbox 2637 1682 2815 1753; x_wconf 87' lang='lat' dir='ltr'><strong><em>ipsius</em></strong></span> <span class='ocrx_word' id='word_1_310' title='bbox 2852 1699 2984 1738; x_wconf 86' lang='lat' dir='ltr'><strong><em>vero</em></strong></span> <span class='ocrx_word' id='word_1_311' title='bbox 3023 1683 3231 1740; x_wconf 86' lang='lat' dir='ltr'><strong><em>Christi</em></strong></span> <span class='ocrx_word' id='word_1_312' title='bbox 3275 1686 3563 1756; x_wconf 67' lang='lat' dir='ltr'><strong><em>pacificum</em></strong></span> 
     </span>
    </p>
   </div>
   <div class='ocr_carea' id='block_1_45' title="bbox 1979 1773 3677 1855">
    <p class='ocr_par' dir='ltr' id='par_1_45' title="bbox 1979 1773 3677 1855">
     <span class='ocr_line' id='line_1_45' title="bbox 1979 1773 3677 1855; baseline 0.004 -29"><span class='ocrx_word' id='word_1_313' title='bbox 1979 1774 2320 1828; x_wconf 89' lang='lat' dir='ltr'><strong><em>mansionem</em></strong></span> <span class='ocrx_word' id='word_1_314' title='bbox 2356 1780 2411 1828; x_wconf 87' lang='lat' dir='ltr'><strong><em>et</em></strong></span> <span class='ocrx_word' id='word_1_315' title='bbox 2445 1784 2649 1829; x_wconf 93' lang='lat' dir='ltr'><strong><em>statum</em></strong></span> <span class='ocrx_word' id='word_1_316' title='bbox 2677 1814 2693 1839; x_wconf 93' lang='lat'><strong><em>,</em></strong></span> <span class='ocrx_word' id='word_1_317' title='bbox 2724 1775 2955 1846; x_wconf 83' lang='lat' dir='ltr'><strong><em>ejusque</em></strong></span> <span class='ocrx_word' id='word_1_318' title='bbox 2990 1776 3045 1830; x_wconf 91' lang='lat' dir='ltr'><strong><em>in</em></strong></span> <span class='ocrx_word' id='word_1_319' title='bbox 3079 1773 3322 1831; x_wconf 66' lang='lat' dir='ltr'><strong><em>Iudaeam</em></strong></span> <span class='ocrx_word' id='word_1_320' title='bbox 3358 1777 3565 1832; x_wconf 91' lang='lat' dir='ltr'><strong><em>adven-</em></strong></span> <span class='ocrx_word' id='word_1_321' title='bbox 3669 1848 3677 1855; x_wconf 32' lang='grc' dir='ltr'><strong><em>ι</em></strong></span> 
     </span>
    </p>
   </div>
   <div class='ocr_carea' id='block_1_46' title="bbox 1979 1863 3566 1936">
    <p class='ocr_par' dir='ltr' id='par_1_46' title="bbox 1979 1863 3566 1936">
     <span class='ocr_line' id='line_1_46' title="bbox 1979 1863 3566 1936; baseline 0.001 -14"><span class='ocrx_word' id='word_1_322' title='bbox 1979 1866 2119 1922; x_wconf 80' lang='lat' dir='ltr'><strong><em>tum.</em></strong></span> <span class='ocrx_word' id='word_1_323' title='bbox 2178 1863 2487 1936; x_wconf 84' lang='lat' dir='ltr'><strong><em>Narratque</em></strong></span> <span class='ocrx_word' id='word_1_324' title='bbox 2543 1880 2729 1921; x_wconf 88' lang='lat' dir='ltr'><strong><em>veram</em></strong></span> <span class='ocrx_word' id='word_1_325' title='bbox 2776 1867 2899 1935; x_wconf 86' lang='lat' dir='ltr'><strong><em>ejus</em></strong></span> <span class='ocrx_word' id='word_1_326' title='bbox 2958 1867 3274 1934; x_wconf 88' lang='lat' dir='ltr'><strong><em>civitatem,</em></strong></span> <span class='ocrx_word' id='word_1_327' title='bbox 3326 1876 3379 1924; x_wconf 86' lang='lat' dir='ltr'><strong><em>et</em></strong></span> <span class='ocrx_word' id='word_1_328' title='bbox 3432 1868 3566 1926; x_wconf 90' lang='lat' dir='ltr'><strong><em>Sion</em></strong></span> 
     </span>
    </p>
   </div>
   <div class='ocr_carea' id='block_1_47' title="bbox 1978 1956 3567 2032">
    <p class='ocr_par' dir='ltr' id='par_1_47' title="bbox 1978 1956 3567 2032">
     <span class='ocr_line' id='line_1_47' title="bbox 1978 1956 3567 2032; baseline 0.003 -21"><span class='ocrx_word' id='word_1_329' title='bbox 1978 1965 2223 2013; x_wconf 88' lang='lat' dir='ltr'><strong><em>montem</em></strong></span> <span class='ocrx_word' id='word_1_330' title='bbox 2243 1997 2259 2022; x_wconf 86' lang='lat'><strong><em>,</em></strong></span> <span class='ocrx_word' id='word_1_331' title='bbox 2294 1956 2417 2026; x_wconf 81' lang='lat' dir='ltr'><strong><em>eius</em></strong></span> <span class='ocrx_word' id='word_1_332' title='bbox 2447 1973 2639 2013; x_wconf 90' lang='lat' dir='ltr'><strong><em>verum</em></strong></span> <span class='ocrx_word' id='word_1_333' title='bbox 2675 1957 3015 2013; x_wconf 89' lang='lat' dir='ltr'><strong><em>domicilium</em></strong></span> <span class='ocrx_word' id='word_1_334' title='bbox 3042 2000 3057 2023; x_wconf 91' lang='lat'><strong><em>,</em></strong></span> <span class='ocrx_word' id='word_1_335' title='bbox 3096 1959 3151 2015; x_wconf 90' lang='lat' dir='ltr'><strong><em>in</em></strong></span> <span class='ocrx_word' id='word_1_336' title='bbox 3182 1975 3317 2031; x_wconf 88' lang='lat' dir='ltr'><strong><em>pace</em></strong></span> <span class='ocrx_word' id='word_1_337' title='bbox 3349 1977 3567 2032; x_wconf 90' lang='lat' dir='ltr'><strong><em>semper</em></strong></span> 
     </span>
    </p>
   </div>
   <div class='ocr_carea' id='block_1_48' title="bbox 1980 2048 3569 2120">
    <p class='ocr_par' dir='ltr' id='par_1_48' title="bbox 1980 2048 3569 2120">
     <span class='ocr_line' id='line_1_48' title="bbox 1980 2048 3569 2120; baseline 0.003 -18"><span class='ocrx_word' id='word_1_338' title='bbox 1980 2048 2221 2114; x_wconf 82' lang='lat' dir='ltr'><strong><em>versari,</em></strong></span> <span class='ocrx_word' id='word_1_339' title='bbox 2262 2064 2441 2120; x_wconf 83' lang='lat' dir='ltr'><strong><em>neque</em></strong></span> <span class='ocrx_word' id='word_1_340' title='bbox 2480 2064 2722 2119; x_wconf 86' lang='lat' dir='ltr'><strong><em>unquam</em></strong></span> <span class='ocrx_word' id='word_1_341' title='bbox 2754 2049 2810 2103; x_wconf 92' lang='lat' dir='ltr'><strong><em>in</em></strong></span> <span class='ocrx_word' id='word_1_342' title='bbox 2841 2049 3085 2104; x_wconf 90' lang='lat' dir='ltr'><strong><em>hostium</em></strong></span> <span class='ocrx_word' id='word_1_343' title='bbox 3125 2050 3392 2106; x_wconf 88' lang='lat' dir='ltr'><strong><em>ditionem</em></strong></span> <span class='ocrx_word' id='word_1_344' title='bbox 3432 2068 3569 2107; x_wconf 82' lang='lat' dir='ltr'><strong><em>ven-</em></strong></span> 
     </span>
    </p>
   </div>
   <div class='ocr_carea' id='block_1_49' title="bbox 1979 2139 3568 2214">
    <p class='ocr_par' dir='ltr' id='par_1_49' title="bbox 1979 2139 3568 2214">
     <span class='ocr_line' id='line_1_49' title="bbox 1979 2139 3568 2214; baseline 0.004 -21"><span class='ocrx_word' id='word_1_345' title='bbox 1979 2147 2165 2194; x_wconf 88' lang='lat' dir='ltr'><strong><em>turum</em></strong></span> <span class='ocrx_word' id='word_1_346' title='bbox 2194 2156 2340 2197; x_wconf 89' lang='lat' dir='ltr'><strong><em>esse.</em></strong></span> <span class='ocrx_word' id='word_1_347' title='bbox 2386 2139 2545 2208; x_wconf 87' lang='lat' dir='ltr'><strong><em>Quod</em></strong></span> <span class='ocrx_word' id='word_1_348' title='bbox 2585 2156 2722 2196; x_wconf 87' lang='lat' dir='ltr'><strong><em>sane</em></strong></span> <span class='ocrx_word' id='word_1_349' title='bbox 2755 2139 2842 2195; x_wconf 80' lang='lat' dir='ltr'><strong><em>his</em></strong></span> <span class='ocrx_word' id='word_1_350' title='bbox 2876 2142 3059 2197; x_wconf 84' lang='lat' dir='ltr'><strong><em>verbis</em></strong></span> <span class='ocrx_word' id='word_1_351' title='bbox 3092 2141 3403 2214; x_wconf 80' lang='lat' dir='ltr'><strong><em>signiﬁcat:</em></strong></span> <span class='ocrx_word' id='word_1_352' title='bbox 3446 2141 3568 2199; x_wconf 78' lang='grc' dir='ltr'><strong><em>Νοο</em></strong></span> 
     </span>
    </p>
   </div>
   <div class='ocr_carea' id='block_1_50' title="bbox 1981 2233 3565 2306">
    <p class='ocr_par' dir='ltr' id='par_1_50' title="bbox 1981 2233 3565 2306">
     <span class='ocr_line' id='line_1_50' title="bbox 1981 2233 3565 2306; baseline 0.003 -19"><span class='ocrx_word' id='word_1_353' title='bbox 1981 2242 2066 2287; x_wconf 87' lang='lat' dir='ltr'><strong><em>tus</em></strong></span> <span class='ocrx_word' id='word_1_354' title='bbox 2102 2234 2157 2289; x_wconf 90' lang='lat' dir='ltr'><strong><em>in</em></strong></span> <span class='ocrx_word' id='word_1_355' title='bbox 2185 2233 2383 2290; x_wconf 75' lang='lat' dir='ltr'><strong><em>Juda&#39;a</em></strong></span> <span class='ocrx_word' id='word_1_356' title='bbox 2416 2234 2559 2289; x_wconf 86' lang='lat' dir='ltr'><strong><em>Deus</em></strong></span> <span class='ocrx_word' id='word_1_357' title='bbox 2582 2276 2597 2300; x_wconf 92' lang='lat'><strong><em>,</em></strong></span> <span class='ocrx_word' id='word_1_358' title='bbox 2630 2236 2685 2289; x_wconf 84' lang='lat' dir='ltr'><strong><em>in</em></strong></span> <span class='ocrx_word' id='word_1_359' title='bbox 2720 2233 2896 2289; x_wconf 78' lang='lat' dir='ltr'><strong><em>Israel</em></strong></span> <span class='ocrx_word' id='word_1_360' title='bbox 2930 2252 3182 2306; x_wconf 85' lang='lat' dir='ltr'><strong><em>magnum</em></strong></span> <span class='ocrx_word' id='word_1_361' title='bbox 3212 2253 3398 2291; x_wconf 83' lang='lat' dir='ltr'><strong><em>nomen</em></strong></span> <span class='ocrx_word' id='word_1_362' title='bbox 3428 2236 3565 2305; x_wconf 83' lang='lat' dir='ltr'><strong><em>ejus.</em></strong></span> 
     </span>
    </p>
   </div>
   <div class='ocr_carea' id='block_1_51' title="bbox 1980 2324 3566 2398">
    <p class='ocr_par' dir='ltr' id='par_1_51' title="bbox 1980 2324 3566 2398">
     <span class='ocr_line' id='line_1_51' title="bbox 1980 2324 3566 2398; baseline 0.004 -21"><span class='ocrx_word' id='word_1_363' title='bbox 1980 2324 2185 2380; x_wconf 85' lang='lat' dir='ltr'><strong><em>Factus</em></strong></span> <span class='ocrx_word' id='word_1_364' title='bbox 2213 2335 2292 2382; x_wconf 85' lang='lat' dir='ltr'><strong><em>est</em></strong></span> <span class='ocrx_word' id='word_1_365' title='bbox 2321 2342 2428 2397; x_wconf 72' lang='lat' dir='ltr'><strong><em>pax</em></strong></span> <span class='ocrx_word' id='word_1_366' title='bbox 2455 2327 2604 2381; x_wconf 86' lang='lat' dir='ltr'><strong><em>locus</em></strong></span> <span class='ocrx_word' id='word_1_367' title='bbox 2636 2328 2752 2397; x_wconf 82' lang='lat' dir='ltr'><strong><em>ejus</em></strong></span> <span class='ocrx_word' id='word_1_368' title='bbox 2773 2366 2787 2392; x_wconf 92' lang='lat'><strong><em>,</em></strong></span> <span class='ocrx_word' id='word_1_369' title='bbox 2814 2337 2865 2382; x_wconf 88' lang='lat' dir='ltr'><strong><em>et</em></strong></span> <span class='ocrx_word' id='word_1_370' title='bbox 2893 2327 3154 2385; x_wconf 82' lang='lat' dir='ltr'><strong><em>habitatio</em></strong></span> <span class='ocrx_word' id='word_1_371' title='bbox 3185 2327 3303 2398; x_wconf 84' lang='lat' dir='ltr'><strong><em>ejus</em></strong></span> <span class='ocrx_word' id='word_1_372' title='bbox 3330 2330 3386 2382; x_wconf 90' lang='lat' dir='ltr'><strong><em>in</em></strong></span> <span class='ocrx_word' id='word_1_373' title='bbox 3412 2328 3566 2384; x_wconf 89' lang='lat' dir='ltr'><strong><em>Sion.</em></strong></span> 
     </span>
    </p>
   </div>
   <div class='ocr_carea' id='block_1_52' title="bbox 1982 2413 3570 2492">
    <p class='ocr_par' dir='ltr' id='par_1_52' title="bbox 1982 2413 3570 2492">
     <span class='ocr_line' id='line_1_52' title="bbox 1982 2413 3570 2492; baseline 0.006 -23"><span class='ocrx_word' id='word_1_374' title='bbox 1982 2413 2100 2469; x_wconf 91' lang='lat' dir='ltr'><strong><em>Sub</em></strong></span> <span class='ocrx_word' id='word_1_375' title='bbox 2133 2416 2249 2471; x_wconf 67' lang='lat' dir='ltr'><strong><em>haec</em></strong></span> <span class='ocrx_word' id='word_1_376' title='bbox 2283 2416 2634 2472; x_wconf 88' lang='lat' dir='ltr'><strong><em>inimicorum</em></strong></span> <span class='ocrx_word' id='word_1_377' title='bbox 2687 2418 2845 2488; x_wconf 83' lang='lat' dir='ltr'><strong><em>ejus,</em></strong></span> <span class='ocrx_word' id='word_1_378' title='bbox 2890 2434 3107 2475; x_wconf 87' lang='lat' dir='ltr'><strong><em>necnon</em></strong></span> <span class='ocrx_word' id='word_1_379' title='bbox 3153 2420 3412 2477; x_wconf 73' lang='lat' dir='ltr'><strong><em>Ecclesia:</em></strong></span> <span class='ocrx_word' id='word_1_380' title='bbox 3448 2421 3570 2492; x_wconf 74' lang='lat' dir='ltr'><strong><em>ejus</em></strong></span> 
     </span>
    </p>
   </div>
   <div class='ocr_carea' id='block_1_53' title="bbox 1981 2507 3570 2586">
    <p class='ocr_par' dir='ltr' id='par_1_53' title="bbox 1981 2507 3570 2586">
     <span class='ocr_line' id='line_1_53' title="bbox 1981 2507 3570 2586; baseline 0.004 -24"><span class='ocrx_word' id='word_1_381' title='bbox 1981 2507 2223 2562; x_wconf 89' lang='lat' dir='ltr'><strong><em>hostium</em></strong></span> <span class='ocrx_word' id='word_1_382' title='bbox 2252 2509 2470 2564; x_wconf 88' lang='lat' dir='ltr'><strong><em>ruinam</em></strong></span> <span class='ocrx_word' id='word_1_383' title='bbox 2512 2511 2759 2566; x_wconf 82' lang='lat' dir='ltr'><strong><em>declarat</em></strong></span> <span class='ocrx_word' id='word_1_384' title='bbox 2792 2510 2879 2566; x_wconf 90' lang='lat' dir='ltr'><strong><em>bis</em></strong></span> <span class='ocrx_word' id='word_1_385' title='bbox 2918 2512 3140 2569; x_wconf 84' lang='lat' dir='ltr'><strong><em>verbis:</em></strong></span> <span class='ocrx_word' id='word_1_386' title='bbox 3186 2511 3273 2568; x_wconf 83' lang='lat' dir='ltr'><strong><em>Ibi</em></strong></span> <span class='ocrx_word' id='word_1_387' title='bbox 3309 2513 3570 2586; x_wconf 78' lang='lat' dir='ltr'><strong><em>confregit</em></strong></span> 
     </span>
    </p>
   </div>
   <div class='ocr_carea' id='block_1_54' title="bbox 1978 2601 3573 2674">
    <p class='ocr_par' dir='ltr' id='par_1_54' title="bbox 1978 2601 3573 2674">
     <span class='ocr_line' id='line_1_54' title="bbox 1978 2601 3573 2674; baseline 0.006 -22"><span class='ocrx_word' id='word_1_388' title='bbox 1978 2601 2245 2669; x_wconf 79' lang='lat' dir='ltr'><strong><em>potentias</em></strong></span> <span class='ocrx_word' id='word_1_389' title='bbox 2287 2618 2544 2667; x_wconf 85' lang='lat' dir='ltr'><strong><em>arcuum,</em></strong></span> <span class='ocrx_word' id='word_1_390' title='bbox 2596 2603 2799 2669; x_wconf 87' lang='lat' dir='ltr'><strong><em>telum,</em></strong></span> <span class='ocrx_word' id='word_1_391' title='bbox 2845 2602 3083 2674; x_wconf 77' lang='lat' dir='ltr'><strong><em>gladium</em></strong></span> <span class='ocrx_word' id='word_1_392' title='bbox 3129 2614 3181 2659; x_wconf 89' lang='lat' dir='ltr'><strong><em>et</em></strong></span> <span class='ocrx_word' id='word_1_393' title='bbox 3223 2605 3463 2669; x_wconf 80' lang='lat' dir='ltr'><strong><em>bellum;</em></strong></span> <span class='ocrx_word' id='word_1_394' title='bbox 3506 2620 3573 2661; x_wconf 85' lang='lat' dir='ltr'><strong><em>ac</em></strong></span> 
     </span>
    </p>
   </div>
   <div class='ocr_carea' id='block_1_55' title="bbox 1980 2692 3572 2764">
    <p class='ocr_par' dir='ltr' id='par_1_55' title="bbox 1980 2692 3572 2764">
     <span class='ocr_line' id='line_1_55' title="bbox 1980 2692 3572 2764; baseline 0.003 -17"><span class='ocrx_word' id='word_1_395' title='bbox 1980 2707 2201 2747; x_wconf 84' lang='lat' dir='ltr'><strong><em>rursum</em></strong></span> <span class='ocrx_word' id='word_1_396' title='bbox 2230 2710 2244 2747; x_wconf 93' lang='lat'><strong><em>:</em></strong></span> <span class='ocrx_word' id='word_1_397' title='bbox 2273 2692 2499 2748; x_wconf 83' lang='lat' dir='ltr'><strong><em>Turbati</em></strong></span> <span class='ocrx_word' id='word_1_398' title='bbox 2525 2705 2650 2749; x_wconf 89' lang='lat' dir='ltr'><strong><em>sunt</em></strong></span> <span class='ocrx_word' id='word_1_399' title='bbox 2676 2712 2855 2751; x_wconf 86' lang='lat' dir='ltr'><strong><em>omnes</em></strong></span> <span class='ocrx_word' id='word_1_400' title='bbox 2884 2697 3189 2764; x_wconf 77' lang='lat' dir='ltr'><strong><em>insipientes</em></strong></span> <span class='ocrx_word' id='word_1_401' title='bbox 3217 2697 3393 2753; x_wconf 88' lang='lat' dir='ltr'><strong><em>corde.</em></strong></span> <span class='ocrx_word' id='word_1_402' title='bbox 3428 2698 3572 2752; x_wconf 81' lang='lat' dir='ltr'><strong><em>Dor-</em></strong></span> 
     </span>
    </p>
   </div>
   <div class='ocr_carea' id='block_1_56' title="bbox 1981 2785 3570 2853">
    <p class='ocr_par' dir='ltr' id='par_1_56' title="bbox 1981 2785 3570 2853">
     <span class='ocr_line' id='line_1_56' title="bbox 1981 2785 3570 2853; baseline 0.004 -15"><span class='ocrx_word' id='word_1_403' title='bbox 1981 2785 2213 2839; x_wconf 89' lang='lat' dir='ltr'><strong><em>mierunt</em></strong></span> <span class='ocrx_word' id='word_1_404' title='bbox 2255 2801 2503 2840; x_wconf 87' lang='lat' dir='ltr'><strong><em>somnum</em></strong></span> <span class='ocrx_word' id='word_1_405' title='bbox 2546 2804 2739 2853; x_wconf 85' lang='lat' dir='ltr'><strong><em>suum,</em></strong></span> <span class='ocrx_word' id='word_1_406' title='bbox 2784 2798 2835 2843; x_wconf 91' lang='lat' dir='ltr'><strong><em>et</em></strong></span> <span class='ocrx_word' id='word_1_407' title='bbox 2877 2788 3015 2842; x_wconf 82' lang='lat' dir='ltr'><strong><em>nihil</em></strong></span> <span class='ocrx_word' id='word_1_408' title='bbox 3053 2788 3364 2845; x_wconf 82' lang='lat' dir='ltr'><strong><em>invenerunt</em></strong></span> <span class='ocrx_word' id='word_1_409' title='bbox 3393 2806 3570 2845; x_wconf 82' lang='lat' dir='ltr'><strong><em>omnes</em></strong></span> 
     </span>
    </p>
   </div>
   <div class='ocr_carea' id='block_1_57' title="bbox 1982 2874 3568 2951">
    <p class='ocr_par' dir='ltr' id='par_1_57' title="bbox 1982 2874 3568 2951">
     <span class='ocr_line' id='line_1_57' title="bbox 1982 2874 3568 2951; baseline 0.005 -23"><span class='ocrx_word' id='word_1_410' title='bbox 1982 2876 2081 2929; x_wconf 80' lang='lat' dir='ltr'><strong><em>uiri</em></strong></span> <span class='ocrx_word' id='word_1_411' title='bbox 2109 2874 2420 2930; x_wconf 83' lang='lat' dir='ltr'><strong><em>diuitiarum</em></strong></span> <span class='ocrx_word' id='word_1_412' title='bbox 2444 2878 2500 2931; x_wconf 85' lang='lat' dir='ltr'><strong><em>in</em></strong></span> <span class='ocrx_word' id='word_1_413' title='bbox 2527 2879 2775 2932; x_wconf 87' lang='lat' dir='ltr'><strong><em>manibus</em></strong></span> <span class='ocrx_word' id='word_1_414' title='bbox 2802 2881 2939 2936; x_wconf 85' lang='lat' dir='ltr'><strong><em>suis.</em></strong></span> <span class='ocrx_word' id='word_1_415' title='bbox 2968 2882 3048 2936; x_wconf 82' lang='lat' dir='ltr'><strong><em>Ab</em></strong></span> <span class='ocrx_word' id='word_1_416' title='bbox 3071 2883 3431 2951; x_wconf 87' lang='lat' dir='ltr'><strong><em>increpatione</em></strong></span> <span class='ocrx_word' id='word_1_417' title='bbox 3453 2891 3568 2947; x_wconf 83' lang='lat' dir='ltr'><strong><em>tua,</em></strong></span> 
     </span>
    </p>
   </div>
   <div class='ocr_carea' id='block_1_58' title="bbox 1981 2965 3573 3044">
    <p class='ocr_par' dir='ltr' id='par_1_58' title="bbox 1981 2965 3573 3044">
     <span class='ocr_line' id='line_1_58' title="bbox 1981 2965 3573 3044; baseline 0.004 -25"><span class='ocrx_word' id='word_1_418' title='bbox 1981 2965 2126 3020; x_wconf 86' lang='lat' dir='ltr'><strong><em>Deus</em></strong></span> <span class='ocrx_word' id='word_1_419' title='bbox 2164 2965 2369 3031; x_wconf 81' lang='lat' dir='ltr'><strong><em>Iacob,</em></strong></span> <span class='ocrx_word' id='word_1_420' title='bbox 2411 2967 2837 3023; x_wconf 84' lang='lat' dir='ltr'><strong><em>dormitauerunt</em></strong></span> <span class='ocrx_word' id='word_1_421' title='bbox 2875 2987 3055 3027; x_wconf 87' lang='lat' dir='ltr'><strong><em>omnes</em></strong></span> <span class='ocrx_word' id='word_1_422' title='bbox 3092 2974 3185 3044; x_wconf 90' lang='lat' dir='ltr'><strong><em>qui</em></strong></span> <span class='ocrx_word' id='word_1_423' title='bbox 3223 2973 3573 3026; x_wconf 85' lang='lat' dir='ltr'><strong><em>ascenderunt</em></strong></span> 
     </span>
    </p>
   </div>
   <div class='ocr_carea' id='block_1_59' title="bbox 271 3044 1885 3130">
    <p class='ocr_par' dir='ltr' id='par_1_59' title="bbox 271 3044 1883 3117">
     <span class='ocr_line' id='line_1_59' title="bbox 271 3044 1883 3117; baseline 0 -12"><span class='ocrx_word' id='word_1_424' title='bbox 271 3047 503 3105; x_wconf 86' lang='grc' dir='ltr'><em>αὐτῶν.</em></span> <span class='ocrx_word' id='word_1_425' title='bbox 521 3047 653 3102; x_wconf 77' lang='grc' dir='ltr'><strong><em>Ἀπὸ</em></strong></span> <span class='ocrx_word' id='word_1_426' title='bbox 680 3044 1233 3117; x_wconf 79' lang='grc' dir='ltr'><em>ἐπιτιμήσεώς¹σου,</em></span> <span class='ocrx_word' id='word_1_427' title='bbox 1259 3050 1291 3101; x_wconf 82' lang='grc' dir='ltr'><strong><em>ό</em></strong></span> <span class='ocrx_word' id='word_1_428' title='bbox 1323 3047 1468 3112; x_wconf 82' lang='grc' dir='ltr'><strong><em>Θεὸς</em></strong></span> <span class='ocrx_word' id='word_1_429' title='bbox 1502 3047 1720 3114; x_wconf 78' lang='grc' dir='ltr'><em>Ἰακὼϐ,</em></span> <span class='ocrx_word' id='word_1_430' title='bbox 1748 3051 1883 3105; x_wconf 74' lang='grc' dir='ltr'><strong><em>ἐνύο</em></strong></span> 
     </span>
    </p>
   </div>
   <div class='ocr_carea' id='block_1_60' title="bbox 1984 3044 3575 3130">
    <p class='ocr_par' dir='ltr' id='par_1_60' title="bbox 1984 3056 3575 3130">
     <span class='ocr_line' id='line_1_60' title="bbox 1984 3056 3575 3130; baseline 0.004 -18"><span class='ocrx_word' id='word_1_431' title='bbox 1984 3074 2163 3128; x_wconf 85' lang='lat' dir='ltr'><strong><em>equos.</em></strong></span> <span class='ocrx_word' id='word_1_432' title='bbox 2200 3056 2412 3124; x_wconf 84' lang='lat' dir='ltr'><strong><em>Quibus</em></strong></span> <span class='ocrx_word' id='word_1_433' title='bbox 2445 3060 2745 3130; x_wconf 80' lang='lat' dir='ltr'><strong><em>gloriosum</em></strong></span> <span class='ocrx_word' id='word_1_434' title='bbox 2772 3060 3085 3120; x_wconf 83' lang='lat' dir='ltr'><strong><em>Servatoris</em></strong></span> <span class='ocrx_word' id='word_1_435' title='bbox 3115 3064 3409 3119; x_wconf 86' lang='lat' dir='ltr'><strong><em>adventum</em></strong></span> <span class='ocrx_word' id='word_1_436' title='bbox 3439 3064 3575 3119; x_wconf 84' lang='lat' dir='ltr'><strong><em>sub-</em></strong></span> 
     </span>
    </p>
   </div>
   <div class='ocr_carea' id='block_1_61' title="bbox 272 3137 1885 3238">
    <p class='ocr_par' dir='ltr' id='par_1_61' title="bbox 272 3137 1882 3207">
     <span class='ocr_line' id='line_1_61' title="bbox 272 3137 1882 3207; baseline -0.002 -8"><span class='ocrx_word' id='word_1_437' title='bbox 272 3143 523 3206; x_wconf 78' lang='grc' dir='ltr'><em>σταξαν</em></span> <span class='ocrx_word' id='word_1_438' title='bbox 551 3138 775 3204; x_wconf 80' lang='grc' dir='ltr'><em>πάντες</em></span> <span class='ocrx_word' id='word_1_439' title='bbox 804 3142 858 3194; x_wconf 87' lang='lat' dir='ltr'><strong><em>ol</em></strong></span> <span class='ocrx_word' id='word_1_440' title='bbox 888 3139 1307 3207; x_wconf 78' lang='grc' dir='ltr'><em>ἐπιϐεϐηκότες</em></span> <span class='ocrx_word' id='word_1_441' title='bbox 1331 3138 1473 3204; x_wconf 82' lang='grc' dir='ltr'><em>τοὺς</em></span> <span class='ocrx_word' id='word_1_442' title='bbox 1510 3140 1735 3207; x_wconf 79' lang='grc' dir='ltr'><em>ἵππους</em></span> <span class='ocrx_word' id='word_1_443' title='bbox 1754 3156 1769 3172; x_wconf 87' lang='grc'>⁶</span> <span class='ocrx_word' id='word_1_444' title='bbox 1800 3137 1882 3207; x_wconf 76' lang='grc' dir='ltr'><strong><em>οἷς</em></strong></span> 
     </span>
    </p>
   </div>
   <div class='ocr_carea' id='block_1_62' title="bbox 1984 3137 3569 3238">
    <p class='ocr_par' dir='ltr' id='par_1_62' title="bbox 1984 3149 3569 3227">
     <span class='ocr_line' id='line_1_62' title="bbox 1984 3149 3569 3227; baseline 0.003 -23"><span class='ocrx_word' id='word_1_445' title='bbox 1984 3149 2106 3219; x_wconf 76' lang='lat' dir='ltr'><strong><em>jicit</em></strong></span> <span class='ocrx_word' id='word_1_446' title='bbox 2155 3149 2387 3207; x_wconf 85' lang='lat' dir='ltr'><strong><em>dicens:</em></strong></span> <span class='ocrx_word' id='word_1_447' title='bbox 2444 3151 2524 3205; x_wconf 90' lang='lat' dir='ltr'><strong><em>De</em></strong></span> <span class='ocrx_word' id='word_1_448' title='bbox 2575 3153 2706 3207; x_wconf 72' lang='lat' dir='ltr'><strong><em>calo</em></strong></span> <span class='ocrx_word' id='word_1_449' title='bbox 2753 3154 2999 3208; x_wconf 83' lang='lat' dir='ltr'><strong><em>auditum</em></strong></span> <span class='ocrx_word' id='word_1_450' title='bbox 3054 3156 3228 3225; x_wconf 79' lang='lat' dir='ltr'><strong><em>fecisti</em></strong></span> <span class='ocrx_word' id='word_1_451' title='bbox 3271 3156 3569 3227; x_wconf 81' lang='lat' dir='ltr'><strong><em>judicium,</em></strong></span> 
     </span>
    </p>
   </div>
   <div class='ocr_carea' id='block_1_63' title="bbox 274 3230 1885 3319">
    <p class='ocr_par' dir='ltr' id='par_1_63' title="bbox 274 3230 1880 3304">
     <span class='ocr_line' id='line_1_63' title="bbox 274 3230 1880 3304; baseline -0.001 -14"><span class='ocrx_word' id='word_1_452' title='bbox 274 3235 645 3293; x_wconf 77' lang='grc' dir='ltr'>ὲπισυνάπτει</span> <span class='ocrx_word' id='word_1_453' title='bbox 680 3231 779 3303; x_wconf 84' lang='grc' dir='ltr'>τὴν</span> <span class='ocrx_word' id='word_1_454' title='bbox 809 3230 1019 3295; x_wconf 76' lang='grc' dir='ltr'><strong><em>ἔνδοξον</em></strong></span> <span class='ocrx_word' id='word_1_455' title='bbox 1045 3232 1139 3285; x_wconf 85' lang='grc' dir='ltr'><strong><em>τοῦ</em></strong></span> <span class='ocrx_word' id='word_1_456' title='bbox 1176 3232 1428 3302; x_wconf 80' lang='grc' dir='ltr'><strong><em>Σωτῆρος</em></strong></span> <span class='ocrx_word' id='word_1_457' title='bbox 1458 3235 1762 3304; x_wconf 78' lang='grc' dir='ltr'>παρουσίαν</span> <span class='ocrx_word' id='word_1_458' title='bbox 1792 3234 1880 3289; x_wconf 79' lang='grc' dir='ltr'><strong><em>λέ-</em></strong></span> 
     </span>
    </p>
   </div>
   <div class='ocr_carea' id='block_1_64' title="bbox 1984 3230 3573 3319">
    <p class='ocr_par' dir='ltr' id='par_1_64' title="bbox 1989 3245 3573 3319">
     <span class='ocr_line' id='line_1_64' title="bbox 1989 3245 3573 3319; baseline 0.004 -25"><span class='ocrx_word' id='word_1_459' title='bbox 1989 3250 2131 3297; x_wconf 83' lang='lat' dir='ltr'><strong><em>terra</em></strong></span> <span class='ocrx_word' id='word_1_460' title='bbox 2161 3245 2376 3298; x_wconf 88' lang='lat' dir='ltr'><strong><em>tremuit</em></strong></span> <span class='ocrx_word' id='word_1_461' title='bbox 2404 3253 2454 3298; x_wconf 91' lang='lat' dir='ltr'><strong><em>et</em></strong></span> <span class='ocrx_word' id='word_1_462' title='bbox 2486 3245 2714 3315; x_wconf 76' lang='lat' dir='ltr'><strong><em>quievit,</em></strong></span> <span class='ocrx_word' id='word_1_463' title='bbox 2748 3262 2868 3299; x_wconf 88' lang='lat' dir='ltr'><strong><em>cum</em></strong></span> <span class='ocrx_word' id='word_1_464' title='bbox 2898 3258 3203 3319; x_wconf 72' lang='lat' dir='ltr'><strong><em>exsurgeret</em></strong></span> <span class='ocrx_word' id='word_1_465' title='bbox 3230 3249 3285 3303; x_wconf 91' lang='lat' dir='ltr'><strong><em>in</em></strong></span> <span class='ocrx_word' id='word_1_466' title='bbox 3308 3248 3573 3318; x_wconf 83' lang='lat' dir='ltr'><strong><em>judicium</em></strong></span> 
     </span>
    </p>
   </div>
   <div class='ocr_carea' id='block_1_65' title="bbox 270 3325 1885 3409">
    <p class='ocr_par' dir='ltr' id='par_1_65' title="bbox 270 3325 1879 3399">
     <span class='ocr_line' id='line_1_65' title="bbox 270 3325 1879 3399; baseline -0.009 -16"><span class='ocrx_word' id='word_1_467' title='bbox 270 3347 395 3399; x_wconf 82' lang='grc' dir='ltr'><strong><em>γων</em></strong></span> <span class='ocrx_word' id='word_1_468' title='bbox 414 3346 428 3360; x_wconf 74' lang='grc' dir='ltr'><strong>ο</strong></span> <span class='ocrx_word' id='word_1_469' title='bbox 475 3329 571 3381; x_wconf 83' lang='grc' dir='ltr'><strong><em>Ἐκ</em></strong></span> <span class='ocrx_word' id='word_1_470' title='bbox 600 3326 707 3381; x_wconf 85' lang='grc' dir='ltr'><strong><em>τοῦ</em></strong></span> <span class='ocrx_word' id='word_1_471' title='bbox 732 3325 991 3393; x_wconf 80' lang='grc' dir='ltr'><em>οὐρανοῦ</em></span> <span class='ocrx_word' id='word_1_472' title='bbox 1021 3325 1356 3393; x_wconf 79' lang='grc' dir='ltr'><em>ήκούτισας</em></span> <span class='ocrx_word' id='word_1_473' title='bbox 1387 3326 1613 3393; x_wconf 85' lang='grc' dir='ltr'><em>κρίσιν,</em></span> <span class='ocrx_word' id='word_1_474' title='bbox 1638 3325 1717 3396; x_wconf 69' lang='grc' dir='ltr'>γῆ</span> <span class='ocrx_word' id='word_1_475' title='bbox 1739 3327 1879 3397; x_wconf 71' lang='grc' dir='ltr'><strong><em>ἐφο-</em></strong></span> 
     </span>
    </p>
   </div>
   <div class='ocr_carea' id='block_1_66' title="bbox 1984 3325 3289 3409">
    <p class='ocr_par' dir='ltr' id='par_1_66' title="bbox 1986 3333 3289 3409">
     <span class='ocr_line' id='line_1_66' title="bbox 1986 3333 3289 3409; baseline 0.003 -20"><span class='ocrx_word' id='word_1_476' title='bbox 1986 3333 2133 3389; x_wconf 83' lang='lat' dir='ltr'><strong><em>Deus</em></strong></span> <span class='ocrx_word' id='word_1_477' title='bbox 2153 3375 2169 3400; x_wconf 91' lang='lat'><strong><em>,</em></strong></span> <span class='ocrx_word' id='word_1_478' title='bbox 2200 3344 2261 3388; x_wconf 83' lang='lat' dir='ltr'><strong><em>ut</em></strong></span> <span class='ocrx_word' id='word_1_479' title='bbox 2289 3334 2465 3390; x_wconf 77' lang='lat' dir='ltr'><strong><em>salvos</em></strong></span> <span class='ocrx_word' id='word_1_480' title='bbox 2496 3336 2699 3405; x_wconf 78' lang='lat' dir='ltr'><strong><em>faceret</em></strong></span> <span class='ocrx_word' id='word_1_481' title='bbox 2725 3355 2904 3393; x_wconf 84' lang='lat' dir='ltr'><strong><em>omnes</em></strong></span> <span class='ocrx_word' id='word_1_482' title='bbox 2936 3355 3081 3409; x_wconf 90' lang='lat' dir='ltr'><strong><em>reges</em></strong></span> <span class='ocrx_word' id='word_1_483' title='bbox 3113 3348 3289 3393; x_wconf 78' lang='lat' dir='ltr'><strong><em>teme.</em></strong></span> 
     </span>
    </p>
   </div>
   <div class='ocr_carea' id='block_1_67' title="bbox 274 3418 3575 3500">
    <p class='ocr_par' dir='ltr' id='par_1_67' title="bbox 274 3418 3575 3500">
     <span class='ocr_line' id='line_1_67' title="bbox 274 3418 3575 3500; baseline 0.002 -21"><span class='ocrx_word' id='word_1_484' title='bbox 274 3424 436 3493; x_wconf 74' lang='grc' dir='ltr'><strong><em>δήθη</em></strong></span> <span class='ocrx_word' id='word_1_485' title='bbox 470 3422 567 3475; x_wconf 79' lang='grc' dir='ltr'><em>καὶ</em></span> <span class='ocrx_word' id='word_1_486' title='bbox 598 3421 918 3490; x_wconf 67' lang='grc' dir='ltr'><em>ἡσύχασεν</em></span> <span class='ocrx_word' id='word_1_487' title='bbox 944 3419 1014 3474; x_wconf 84' lang='grc' dir='ltr'><em>ἐν</em></span> <span class='ocrx_word' id='word_1_488' title='bbox 1045 3418 1126 3484; x_wconf 79' lang='grc' dir='ltr'><strong><em>τῷ</em></strong></span> <span class='ocrx_word' id='word_1_489' title='bbox 1151 3418 1529 3489; x_wconf 78' lang='grc' dir='ltr'><em>καταστῆναι</em></span> <span class='ocrx_word' id='word_1_490' title='bbox 1583 3423 1671 3488; x_wconf 81' lang='grc' dir='ltr'><strong><em>εὶς</em></strong></span> <span class='ocrx_word' id='word_1_491' title='bbox 1708 3424 1913 3492; x_wconf 78' lang='grc' dir='ltr'><em>κρίσιν</em></span> <span class='ocrx_word' id='word_1_492' title='bbox 1949 3428 2056 3483; x_wconf 77' lang='grc' dir='ltr'><em>τὸν</em></span> <span class='ocrx_word' id='word_1_493' title='bbox 2096 3430 2272 3499; x_wconf 69' lang='grc' dir='ltr'><em>Θεὸν,</em></span> <span class='ocrx_word' id='word_1_494' title='bbox 2299 3432 2408 3487; x_wconf 88' lang='grc' dir='ltr'><strong><em>τοῦ</em></strong></span> <span class='ocrx_word' id='word_1_495' title='bbox 2443 3430 2641 3487; x_wconf 86' lang='grc' dir='ltr'><em>σῶσαι</em></span> <span class='ocrx_word' id='word_1_496' title='bbox 2675 3434 2908 3500; x_wconf 79' lang='grc' dir='ltr'><em>πάντας</em></span> <span class='ocrx_word' id='word_1_497' title='bbox 2935 3433 3080 3500; x_wconf 87' lang='grc' dir='ltr'><em>τοὺς</em></span> <span class='ocrx_word' id='word_1_498' title='bbox 3137 3433 3423 3499; x_wconf 74' lang='grc' dir='ltr'><em>βασιλεῖς</em></span> <span class='ocrx_word' id='word_1_499' title='bbox 3464 3429 3575 3499; x_wconf 82' lang='grc' dir='ltr'><em>τῆς</em></span> 
     </span>
    </p>
   </div>
   <div class='ocr_carea' id='block_1_68' title="bbox 274 3519 418 3590">
    <p class='ocr_par' dir='ltr' id='par_1_68' title="bbox 274 3519 418 3590">
     <span class='ocr_line' id='line_1_68' title="bbox 274 3519 418 3590; baseline -0.028 0"><span class='ocrx_word' id='word_1_500' title='bbox 274 3519 418 3590; x_wconf 63' lang='grc' dir='ltr'><strong><em>γῆς.</em></strong></span> 
     </span>
    </p>
   </div>
   <div class='ocr_carea' id='block_1_69' title="bbox 1041 3636 1833 3699">
    <p class='ocr_par' dir='ltr' id='par_1_69' title="bbox 1041 3636 1833 3699">
     <span class='ocr_line' id='line_1_69' title="bbox 1041 3636 1833 3699; baseline 0.01 -8"><span class='ocrx_word' id='word_1_501' title='bbox 1041 3636 1118 3691; x_wconf 85' lang='lat' dir='ltr'><strong><em>E&#39;.</em></strong></span> <span class='ocrx_word' id='word_1_502' title='bbox 1830 3696 1833 3699; x_wconf 91' lang='lat'><strong><em>.</em></strong></span> 
     </span>
    </p>
   </div>
   <div class='ocr_carea' id='block_1_70' title="bbox 354 3728 1875 3803">
    <p class='ocr_par' dir='ltr' id='par_1_70' title="bbox 354 3728 1875 3803">
     <span class='ocr_line' id='line_1_70' title="bbox 354 3728 1875 3803; baseline 0 -15"><span class='ocrx_word' id='word_1_503' title='bbox 354 3734 470 3788; x_wconf 79' lang='grc' dir='ltr'><strong><em>Καὶ</em></strong></span> <span class='ocrx_word' id='word_1_504' title='bbox 494 3733 523 3785; x_wconf 83' lang='grc' dir='ltr'>ὁ</span> <span class='ocrx_word' id='word_1_505' title='bbox 559 3730 697 3795; x_wconf 77' lang='grc' dir='ltr'>μετὰ</span> <span class='ocrx_word' id='word_1_506' title='bbox 719 3732 909 3803; x_wconf 84' lang='grc' dir='ltr'>χεῖρας</span> <span class='ocrx_word' id='word_1_507' title='bbox 941 3728 1034 3783; x_wconf 78' lang='grc' dir='ltr'><strong><em>τοῦ</em></strong></span> <span class='ocrx_word' id='word_1_508' title='bbox 1065 3729 1165 3801; x_wconf 82' lang='grc' dir='ltr'>μὲν</span> <span class='ocrx_word' id='word_1_509' title='bbox 1204 3728 1379 3799; x_wconf 82' lang='grc' dir='ltr'>Ἀσάφ</span> <span class='ocrx_word' id='word_1_510' title='bbox 1423 3732 1703 3802; x_wconf 82' lang='grc' dir='ltr'>τυγχάνει,</span> <span class='ocrx_word' id='word_1_511' title='bbox 1742 3735 1875 3788; x_wconf 83' lang='grc' dir='ltr'><em>ὕπο-</em></span> 
     </span>
    </p>
   </div>
   <div class='ocr_carea' id='block_1_71' title="bbox 277 3816 1877 3897">
    <p class='ocr_par' dir='ltr' id='par_1_71' title="bbox 277 3816 1877 3897">
     <span class='ocr_line' id='line_1_71' title="bbox 277 3816 1877 3897; baseline -0.003 -18"><span class='ocrx_word' id='word_1_512' title='bbox 277 3824 489 3897; x_wconf 83' lang='grc' dir='ltr'>γράφει</span> <span class='ocrx_word' id='word_1_513' title='bbox 516 3824 595 3888; x_wconf 83' lang='grc' dir='ltr'><em>δὲ,</em></span> <span class='ocrx_word' id='word_1_514' title='bbox 620 3822 800 3890; x_wconf 82' lang='grc' dir='ltr'><em>’Υπὲρ</em></span> <span class='ocrx_word' id='word_1_515' title='bbox 834 3820 1113 3890; x_wconf 77' lang='grc' dir='ltr'><strong><em>ἰδιθούμο</em></strong></span> <span class='ocrx_word' id='word_1_516' title='bbox 1150 3822 1279 3893; x_wconf 76' lang='grc' dir='ltr'>περὶ</span> <span class='ocrx_word' id='word_1_517' title='bbox 1317 3816 1380 3877; x_wconf 75' lang='grc' dir='ltr'>οὗ</span> <span class='ocrx_word' id='word_1_518' title='bbox 1414 3823 1877 3897; x_wconf 78' lang='grc' dir='ltr'>προδιειλήφαμεν</span> 
     </span>
    </p>
   </div>
   <div class='ocr_carea' id='block_1_72' title="bbox 276 3914 1879 3988">
    <p class='ocr_par' dir='ltr' id='par_1_72' title="bbox 276 3914 1879 3988">
     <span class='ocr_line' id='line_1_72' title="bbox 276 3914 1879 3988; baseline -0.002 -13"><span class='ocrx_word' id='word_1_519' title='bbox 276 3920 373 3975; x_wconf 79' lang='grc' dir='ltr'><strong><em>διὰ</em></strong></span> <span class='ocrx_word' id='word_1_520' title='bbox 395 3918 505 3971; x_wconf 84' lang='grc' dir='ltr'>τῶν</span> <span class='ocrx_word' id='word_1_521' title='bbox 525 3914 1083 3988; x_wconf 73' lang='grc' dir='ltr'>ἕμπροσθεν.¹Έοικεν</span> <span class='ocrx_word' id='word_1_522' title='bbox 1112 3914 1171 3967; x_wconf 84' lang='grc' dir='ltr'><em>δὲ</em></span> <span class='ocrx_word' id='word_1_523' title='bbox 1200 3915 1342 3986; x_wconf 86' lang='grc' dir='ltr'><strong><em>ὑπὲρ</em></strong></span> <span class='ocrx_word' id='word_1_524' title='bbox 1365 3915 1461 3968; x_wconf 81' lang='grc' dir='ltr'><strong><em>τοῦ</em></strong></span> <span class='ocrx_word' id='word_1_525' title='bbox 1495 3916 1731 3988; x_wconf 76' lang='grc' dir='ltr'><em>ἰδιθοὺμ</em></span> <span class='ocrx_word' id='word_1_526' title='bbox 1755 3936 1879 3973; x_wconf 87' lang='grc' dir='ltr'>συν-</span> 
     </span>
    </p>
   </div>
   <div class='ocr_carea' id='block_1_73' title="bbox 278 4005 1880 4083">
    <p class='ocr_par' dir='ltr' id='par_1_73' title="bbox 278 4005 1880 4083">
     <span class='ocr_line' id='line_1_73' title="bbox 278 4005 1880 4083; baseline -0.009 -16"><span class='ocrx_word' id='word_1_527' title='bbox 278 4012 502 4068; x_wconf 84' lang='grc' dir='ltr'>τάττειν</span> <span class='ocrx_word' id='word_1_528' title='bbox 531 4011 657 4073; x_wconf 81' lang='grc' dir='ltr'>τοὺς</span> <span class='ocrx_word' id='word_1_529' title='bbox 692 4008 904 4077; x_wconf 78' lang='grc' dir='ltr'><strong><em>λόγους,</em></strong></span> <span class='ocrx_word' id='word_1_530' title='bbox 934 4005 1105 4060; x_wconf 85' lang='grc' dir='ltr'><em>πολλά</em></span> <span class='ocrx_word' id='word_1_531' title='bbox 1141 4006 1218 4070; x_wconf 84' lang='grc' dir='ltr'><em>ὼς</em></span> <span class='ocrx_word' id='word_1_532' title='bbox 1258 4008 1485 4073; x_wconf 68' lang='grc' dir='ltr'>εἰκότως</span> <span class='ocrx_word' id='word_1_533' title='bbox 1517 4010 1601 4079; x_wconf 76' lang='grc' dir='ltr'><strong><em>ἐφ’</em></strong></span> <span class='ocrx_word' id='word_1_534' title='bbox 1630 4007 1712 4074; x_wconf 73' lang='grc' dir='ltr'><em>οἷς</em></span> <span class='ocrx_word' id='word_1_535' title='bbox 1743 4012 1880 4083; x_wconf 50' lang='lat' dir='ltr'><strong><em>aut}-</em></strong></span> 
     </span>
    </p>
   </div>
   <div class='ocr_carea' id='block_1_74' title="bbox 280 4095 1880 4171">
    <p class='ocr_par' dir='ltr' id='par_1_74' title="bbox 280 4095 1880 4171">
     <span class='ocr_line' id='line_1_74' title="bbox 280 4095 1880 4171; baseline 0.004 -21"><span class='ocrx_word' id='word_1_536' title='bbox 280 4119 412 4157; x_wconf 81' lang='grc' dir='ltr'>κοεν</span> <span class='ocrx_word' id='word_1_537' title='bbox 436 4102 564 4171; x_wconf 81' lang='grc' dir='ltr'>περὶ</span> <span class='ocrx_word' id='word_1_538' title='bbox 589 4097 685 4152; x_wconf 82' lang='grc' dir='ltr'><strong><em>τοῦ</em></strong></span> <span class='ocrx_word' id='word_1_539' title='bbox 713 4095 843 4150; x_wconf 77' lang='grc' dir='ltr'><em>λαοῦ</em></span> <span class='ocrx_word' id='word_1_540' title='bbox 874 4096 1389 4165; x_wconf 73' lang='grc' dir='ltr'>καταστενάζοντος,</span> <span class='ocrx_word' id='word_1_541' title='bbox 1422 4098 1880 4171; x_wconf 80' lang='grc' dir='ltr'>λειποθυμοῦντός</span> 
     </span>
    </p>
   </div>
   <div class='ocr_carea' id='block_1_75' title="bbox 279 4188 1879 4265">
    <p class='ocr_par' dir='ltr' id='par_1_75' title="bbox 279 4188 1879 4265">
     <span class='ocr_line' id='line_1_75' title="bbox 279 4188 1879 4265; baseline -0.002 -16"><span class='ocrx_word' id='word_1_542' title='bbox 279 4212 344 4249; x_wconf 82' lang='grc' dir='ltr'><strong><em>τε</em></strong></span> <span class='ocrx_word' id='word_1_543' title='bbox 376 4194 476 4265; x_wconf 73' lang='grc' dir='ltr'><strong><em>ἥδη</em></strong></span> <span class='ocrx_word' id='word_1_544' title='bbox 506 4193 600 4245; x_wconf 72' lang='grc' dir='ltr'><em>καὶ</em></span> <span class='ocrx_word' id='word_1_545' title='bbox 632 4188 827 4262; x_wconf 77' lang='grc' dir='ltr'><em>μικροῦ</em></span> <span class='ocrx_word' id='word_1_546' title='bbox 869 4189 979 4243; x_wconf 89' lang='grc' dir='ltr'>δεῖν</span> <span class='ocrx_word' id='word_1_547' title='bbox 1026 4188 1122 4243; x_wconf 79' lang='grc' dir='ltr'><strong><em>καὶ</em></strong></span> <span class='ocrx_word' id='word_1_548' title='bbox 1168 4190 1358 4243; x_wconf 78' lang='grc' dir='ltr'>ἑαυτὸν</span> <span class='ocrx_word' id='word_1_549' title='bbox 1410 4191 1879 4261; x_wconf 82' lang='grc' dir='ltr'>ἀπογινώσκοντος</span> 
     </span>
    </p>
   </div>
   <div class='ocr_carea' id='block_1_76' title="bbox 280 4280 1883 4355">
    <p class='ocr_par' dir='ltr' id='par_1_76' title="bbox 280 4280 1883 4355">
     <span class='ocr_line' id='line_1_76' title="bbox 280 4280 1883 4355; baseline 0.001 -19"><span class='ocrx_word' id='word_1_550' title='bbox 280 4286 376 4341; x_wconf 80' lang='grc' dir='ltr'><strong><em>διὰ</em></strong></span> <span class='ocrx_word' id='word_1_551' title='bbox 418 4284 518 4348; x_wconf 82' lang='grc' dir='ltr'>τὰς</span> <span class='ocrx_word' id='word_1_552' title='bbox 570 4282 665 4336; x_wconf 79' lang='grc' dir='ltr'>τοῦ</span> <span class='ocrx_word' id='word_1_553' title='bbox 698 4280 829 4334; x_wconf 79' lang='grc' dir='ltr'><em>λαοῦ</em></span> <span class='ocrx_word' id='word_1_554' title='bbox 860 4280 1207 4352; x_wconf 79' lang='grc' dir='ltr'><em>παρανομίας</em></span> <span class='ocrx_word' id='word_1_555' title='bbox 1253 4281 1348 4334; x_wconf 77' lang='grc' dir='ltr'><strong><em>καὶ</em></strong></span> <span class='ocrx_word' id='word_1_556' title='bbox 1390 4280 1459 4335; x_wconf 80' lang='grc' dir='ltr'><strong><em>τὰ</em></strong></span> <span class='ocrx_word' id='word_1_557' title='bbox 1490 4283 1883 4355; x_wconf 77' lang='grc' dir='ltr'>συμϐησόμενα</span> 
     </span>
    </p>
   </div>
   <div class='ocr_carea' id='block_1_77' title="bbox 282 4372 1884 4446">
    <p class='ocr_par' dir='ltr' id='par_1_77' title="bbox 282 4372 1884 4446">
     <span class='ocr_line' id='line_1_77' title="bbox 282 4372 1884 4446; baseline -0.003 -13"><span class='ocrx_word' id='word_1_558' title='bbox 282 4380 351 4433; x_wconf 78' lang='grc' dir='ltr'><em>δι’</em></span> <span class='ocrx_word' id='word_1_559' title='bbox 377 4376 548 4439; x_wconf 77' lang='grc' dir='ltr'>αὐτὰς</span> <span class='ocrx_word' id='word_1_560' title='bbox 594 4372 675 4445; x_wconf 84' lang='grc' dir='ltr'><strong><em>τῷ</em></strong></span> <span class='ocrx_word' id='word_1_561' title='bbox 710 4373 871 4427; x_wconf 72' lang='grc' dir='ltr'>παντὶ</span> <span class='ocrx_word' id='word_1_562' title='bbox 914 4373 1075 4427; x_wconf 78' lang='grc' dir='ltr'>ἔθνει.</span> <span class='ocrx_word' id='word_1_563' title='bbox 1111 4373 1187 4425; x_wconf 82' lang='grc' dir='ltr'><strong><em>Δι’</em></strong></span> <span class='ocrx_word' id='word_1_564' title='bbox 1216 4372 1246 4425; x_wconf 79' lang='grc' dir='ltr'><strong>ὃ</strong></span> <span class='ocrx_word' id='word_1_565' title='bbox 1278 4374 1337 4427; x_wconf 85' lang='grc' dir='ltr'>ὲν</span> <span class='ocrx_word' id='word_1_566' title='bbox 1364 4374 1505 4445; x_wconf 83' lang='grc' dir='ltr'>ἀρχῇ</span> <span class='ocrx_word' id='word_1_567' title='bbox 1554 4375 1655 4446; x_wconf 85' lang='grc' dir='ltr'>μὲν</span> <span class='ocrx_word' id='word_1_568' title='bbox 1698 4374 1773 4438; x_wconf 82' lang='grc' dir='ltr'><em>ὼς</em></span> <span class='ocrx_word' id='word_1_569' title='bbox 1819 4378 1884 4428; x_wconf 79' lang='grc' dir='ltr'><em>ἐκ</em></span> 
     </span>
    </p>
   </div>
   <div class='ocr_carea' id='block_1_78' title="bbox 285 4464 1886 4542">
    <p class='ocr_par' dir='ltr' id='par_1_78' title="bbox 285 4464 1886 4542">
     <span class='ocr_line' id='line_1_78' title="bbox 285 4464 1886 4542; baseline -0.001 -20"><span class='ocrx_word' id='word_1_570' title='bbox 285 4467 586 4542; x_wconf 86' lang='grc' dir='ltr'>προσώπου</span> <span class='ocrx_word' id='word_1_571' title='bbox 631 4466 798 4521; x_wconf 76' lang='grc' dir='ltr'>αὐτοῦ</span> <span class='ocrx_word' id='word_1_572' title='bbox 846 4465 1029 4536; x_wconf 83' lang='grc' dir='ltr'>τίθησι</span> <span class='ocrx_word' id='word_1_573' title='bbox 1070 4465 1153 4528; x_wconf 81' lang='grc' dir='ltr'><strong><em>τὸ,</em></strong></span> <span class='ocrx_word' id='word_1_574' title='bbox 1186 4464 1365 4533; x_wconf 78' lang='grc' dir='ltr'><em>Φωνῇ</em></span> <span class='ocrx_word' id='word_1_575' title='bbox 1412 4484 1534 4535; x_wconf 82' lang='grc' dir='ltr'><em>μου</em></span> <span class='ocrx_word' id='word_1_576' title='bbox 1581 4466 1733 4535; x_wconf 83' lang='grc' dir='ltr'><em>πρὸς</em></span> <span class='ocrx_word' id='word_1_577' title='bbox 1775 4467 1886 4521; x_wconf 79' lang='grc' dir='ltr'><em>τὸν</em></span> 
     </span>
    </p>
   </div>
   <div class='ocr_carea' id='block_1_79' title="bbox 288 4527 1962 4630">
    <p class='ocr_par' dir='ltr' id='par_1_79' title="bbox 288 4527 1962 4630">
     <span class='ocr_line' id='line_1_79' title="bbox 288 4527 1962 4630; baseline -0.002 -12"><span class='ocrx_word' id='word_1_578' title='bbox 288 4527 443 4618; x_wconf 60' lang='grc' dir='ltr'><em>Θεὸν</em></span> <span class='ocrx_word' id='word_1_579' title='bbox 485 4560 801 4630; x_wconf 76' lang='grc' dir='ltr'><em>ἐκέκραξα,</em></span> <span class='ocrx_word' id='word_1_580' title='bbox 840 4527 1013 4630; x_wconf 66' lang='grc' dir='ltr'><em>φωνῇ</em></span> <span class='ocrx_word' id='word_1_581' title='bbox 1056 4577 1177 4630; x_wconf 90' lang='grc' dir='ltr'><strong><em>μου</em></strong></span> <span class='ocrx_word' id='word_1_582' title='bbox 1230 4527 1383 4629; x_wconf 69' lang='grc' dir='ltr'><em>πρδς</em></span> <span class='ocrx_word' id='word_1_583' title='bbox 1412 4527 1536 4614; x_wconf 67' lang='grc' dir='ltr'><strong><em>⁷τὸν</em></strong></span> <span class='ocrx_word' id='word_1_584' title='bbox 1584 4527 1754 4628; x_wconf 56' lang='lat' dir='ltr'><strong><em>ego},</em></strong></span> <span class='ocrx_word' id='word_1_585' title='bbox 1788 4560 1886 4615; x_wconf 75' lang='grc' dir='ltr'><em>καὶ</em></span> <span class='ocrx_word' id='word_1_586' title='bbox 1917 4527 1962 4582; x_wconf 80' lang='lat' dir='ltr'><strong>D</strong></span> 
     </span>
    </p>
   </div>
   <div class='ocr_carea' id='block_1_80' title="bbox 286 4648 1890 4726">
    <p class='ocr_par' dir='ltr' id='par_1_80' title="bbox 286 4648 1890 4726">
     <span class='ocr_line' id='line_1_80' title="bbox 286 4648 1890 4726; baseline -0.007 -15"><span class='ocrx_word' id='word_1_587' title='bbox 286 4653 602 4726; x_wconf 79' lang='grc' dir='ltr'><strong><em>προσέσχε</em></strong></span> <span class='ocrx_word' id='word_1_588' title='bbox 635 4670 766 4723; x_wconf 81' lang='grc' dir='ltr'><em>μοι’</em></span> <span class='ocrx_word' id='word_1_589' title='bbox 802 4648 899 4706; x_wconf 81' lang='grc' dir='ltr'>εἷθ’</span> <span class='ocrx_word' id='word_1_590' title='bbox 930 4652 1060 4723; x_wconf 76' lang='grc' dir='ltr'>ἑξῆς</span> <span class='ocrx_word' id='word_1_591' title='bbox 1093 4652 1193 4723; x_wconf 83' lang='grc' dir='ltr'>τὴν</span> <span class='ocrx_word' id='word_1_592' title='bbox 1240 4653 1544 4725; x_wconf 79' lang='grc' dir='ltr'>γενομένην</span> <span class='ocrx_word' id='word_1_593' title='bbox 1569 4654 1720 4725; x_wconf 82' lang='grc' dir='ltr'><strong><em>αὐτῴ</em></strong></span> <span class='ocrx_word' id='word_1_594' title='bbox 1752 4652 1890 4707; x_wconf 84' lang='grc' dir='ltr'><strong><em>ἀθυ.</em></strong></span> 
     </span>
    </p>
   </div>
   <div class='ocr_carea' id='block_1_81' title="bbox 292 4745 1890 4821">
    <p class='ocr_par' dir='ltr' id='par_1_81' title="bbox 292 4745 1890 4821">
     <span class='ocr_line' id='line_1_81' title="bbox 292 4745 1890 4821; baseline -0.001 -19"><span class='ocrx_word' id='word_1_595' title='bbox 292 4749 428 4821; x_wconf 80' lang='grc' dir='ltr'>μίαν</span> <span class='ocrx_word' id='word_1_596' title='bbox 462 4747 748 4817; x_wconf 66' lang='grc' dir='ltr'>ὑποφαίνει</span> <span class='ocrx_word' id='word_1_597' title='bbox 777 4745 949 4815; x_wconf 80' lang='grc' dir='ltr'>λέγων</span> <span class='ocrx_word' id='word_1_598' title='bbox 968 4762 982 4777; x_wconf 81' lang='lat'>&#39;</span> <span class='ocrx_word' id='word_1_599' title='bbox 1028 4745 1398 4813; x_wconf 77' lang='grc' dir='ltr'><em>Ἀπηνήνατο</em></span> <span class='ocrx_word' id='word_1_600' title='bbox 1426 4746 1890 4815; x_wconf 81' lang='grc' dir='ltr'><em>παρακληθῆναι</em></span> 
     </span>
    </p>
   </div>
   <div class='ocr_carea' id='block_1_82' title="bbox 290 4837 1891 4909">
    <p class='ocr_par' dir='ltr' id='par_1_82' title="bbox 290 4837 1891 4909">
     <span class='ocr_line' id='line_1_82' title="bbox 290 4837 1891 4909; baseline -0.005 -12"><span class='ocrx_word' id='word_1_601' title='bbox 290 4840 329 4909; x_wconf 77' lang='grc' dir='ltr'><strong><em>ἠ</em></strong></span> <span class='ocrx_word' id='word_1_602' title='bbox 367 4839 541 4909; x_wconf 68' lang='grc' dir='ltr'>ψυχή</span> <span class='ocrx_word' id='word_1_603' title='bbox 589 4856 731 4908; x_wconf 82' lang='grc' dir='ltr'><em>μου,</em></span> <span class='ocrx_word' id='word_1_604' title='bbox 761 4837 1148 4907; x_wconf 78' lang='grc' dir='ltr'><em>ἠδολέσχησε</em></span> <span class='ocrx_word' id='word_1_605' title='bbox 1188 4838 1285 4891; x_wconf 79' lang='grc' dir='ltr'><em>καὶ</em></span> <span class='ocrx_word' id='word_1_606' title='bbox 1336 4839 1767 4909; x_wconf 71' lang='grc' dir='ltr'><em>ὼλιγοψύχησε</em></span> <span class='ocrx_word' id='word_1_607' title='bbox 1823 4838 1891 4893; x_wconf 83' lang='grc' dir='ltr'><strong><em>τὸ</em></strong></span> 
     </span>
    </p>
   </div>
   <div class='ocr_carea' id='block_1_83' title="bbox 289 4930 1890 5002">
    <p class='ocr_par' dir='ltr' id='par_1_83' title="bbox 289 4930 1890 5002">
     <span class='ocr_line' id='line_1_83' title="bbox 289 4930 1890 5002; baseline -0.004 -12"><span class='ocrx_word' id='word_1_608' title='bbox 289 4932 533 5002; x_wconf 73' lang='grc' dir='ltr'><em>πνεῦμά</em></span> <span class='ocrx_word' id='word_1_609' title='bbox 560 4930 1091 5001; x_wconf 81' lang='grc' dir='ltr'><strong><em>μου.“Εταράχθην</em></strong></span> <span class='ocrx_word' id='word_1_610' title='bbox 1136 4931 1237 4984; x_wconf 81' lang='grc' dir='ltr'><em>καὶ</em></span> <span class='ocrx_word' id='word_1_611' title='bbox 1283 4933 1396 4986; x_wconf 81' lang='grc' dir='ltr'><em>οὐκ</em></span> <span class='ocrx_word' id='word_1_612' title='bbox 1443 4931 1746 5001; x_wconf 81' lang='grc' dir='ltr'><em>ἐλάλησα.</em></span> <span class='ocrx_word' id='word_1_613' title='bbox 1779 4932 1890 4986; x_wconf 78' lang='grc' dir='ltr'><strong><em>Καὶ</em></strong></span> 
     </span>
    </p>
   </div>
   <div class='ocr_carea' id='block_1_84' title="bbox 293 5022 1892 5094">
    <p class='ocr_par' dir='ltr' id='par_1_84' title="bbox 293 5022 1892 5094">
     <span class='ocr_line' id='line_1_84' title="bbox 293 5022 1892 5094; baseline -0.001 -14"><span class='ocrx_word' id='word_1_614' title='bbox 293 5026 577 5094; x_wconf 73' lang='grc' dir='ltr'>ἐπιλέγει·</span> <span class='ocrx_word' id='word_1_615' title='bbox 610 5026 860 5094; x_wconf 85' lang='grc' dir='ltr'><em>Νύκτωρ</em></span> <span class='ocrx_word' id='word_1_616' title='bbox 893 5026 1045 5094; x_wconf 84' lang='grc' dir='ltr'><em>μετὰ</em></span> <span class='ocrx_word' id='word_1_617' title='bbox 1092 5023 1203 5092; x_wconf 85' lang='grc' dir='ltr'><em>τῆς</em></span> <span class='ocrx_word' id='word_1_618' title='bbox 1246 5024 1496 5093; x_wconf 82' lang='grc' dir='ltr'><em>καρδίας</em></span> <span class='ocrx_word' id='word_1_619' title='bbox 1520 5042 1640 5093; x_wconf 85' lang='grc' dir='ltr'>μου</span> <span class='ocrx_word' id='word_1_620' title='bbox 1678 5022 1892 5090; x_wconf 57' lang='lat' dir='ltr'><strong><em>nam-</em></strong></span> 
     </span>
    </p>
   </div>
   <div class='ocr_carea' id='block_1_85' title="bbox 292 5112 1892 5190">
    <p class='ocr_par' dir='ltr' id='par_1_85' title="bbox 292 5112 1892 5190">
     <span class='ocr_line' id='line_1_85' title="bbox 292 5112 1892 5190; baseline -0.005 -16"><span class='ocrx_word' id='word_1_621' title='bbox 292 5135 497 5190; x_wconf 81' lang='grc' dir='ltr'><em>σχουν</em></span> <span class='ocrx_word' id='word_1_622' title='bbox 520 5117 617 5172; x_wconf 77' lang='grc' dir='ltr'><em>καὶ</em></span> <span class='ocrx_word' id='word_1_623' title='bbox 640 5119 955 5172; x_wconf 83' lang='grc' dir='ltr'><em>ἑσκιιλλον</em></span> <span class='ocrx_word' id='word_1_624' title='bbox 989 5115 1053 5169; x_wconf 81' lang='grc' dir='ltr'><strong><em>τὸ</em></strong></span> <span class='ocrx_word' id='word_1_625' title='bbox 1093 5115 1331 5185; x_wconf 85' lang='grc' dir='ltr'><em>πνεῦμά</em></span> <span class='ocrx_word' id='word_1_626' title='bbox 1348 5112 1599 5184; x_wconf 81' lang='grc' dir='ltr'><em>μου.Μὴ</em></span> <span class='ocrx_word' id='word_1_627' title='bbox 1632 5115 1719 5177; x_wconf 84' lang='grc' dir='ltr'><strong><em>είς</em></strong></span> <span class='ocrx_word' id='word_1_628' title='bbox 1747 5113 1892 5179; x_wconf 88' lang='grc' dir='ltr'><em>τοὺς</em></span> 
     </span>
    </p>
   </div>
   <div class='ocr_carea' id='block_1_86' title="bbox 293 5205 1892 5277">
    <p class='ocr_par' dir='ltr' id='par_1_86' title="bbox 293 5205 1892 5277">
     <span class='ocr_line' id='line_1_86' title="bbox 293 5205 1892 5277; baseline -0.003 -12"><span class='ocrx_word' id='word_1_629' title='bbox 293 5210 518 5275; x_wconf 77' lang='grc' dir='ltr'><em>αἰῶνας</em></span> <span class='ocrx_word' id='word_1_630' title='bbox 551 5210 853 5265; x_wconf 83' lang='grc' dir='ltr'><em>ἀπώσεται</em></span> <span class='ocrx_word' id='word_1_631' title='bbox 880 5209 1118 5277; x_wconf 81' lang='grc' dir='ltr'><em>Κύριος,</em></span> <span class='ocrx_word' id='word_1_632' title='bbox 1161 5208 1258 5263; x_wconf 82' lang='grc' dir='ltr'><strong><em>καὶ</em></strong></span> <span class='ocrx_word' id='word_1_633' title='bbox 1292 5210 1365 5263; x_wconf 83' lang='grc' dir='ltr'><em>οὺ</em></span> <span class='ocrx_word' id='word_1_634' title='bbox 1404 5205 1742 5277; x_wconf 83' lang='grc' dir='ltr'><em>προσθήσει</em></span> <span class='ocrx_word' id='word_1_635' title='bbox 1784 5207 1892 5262; x_wconf 85' lang='grc' dir='ltr'><em>τοῦ</em></span> 
     </span>
    </p>
   </div>
   <div class='ocr_carea' id='block_1_87' title="bbox 293 5298 1894 5369">
    <p class='ocr_par' dir='ltr' id='par_1_87' title="bbox 293 5298 1894 5369">
     <span class='ocr_line' id='line_1_87' title="bbox 293 5298 1894 5369; baseline -0.002 -12"><span class='ocrx_word' id='word_1_636' title='bbox 293 5300 625 5369; x_wconf 81' lang='grc' dir='ltr'><em>εὐδοκῆσαι</em></span> <span class='ocrx_word' id='word_1_637' title='bbox 652 5302 737 5356; x_wconf 82' lang='grc' dir='ltr'><strong><em>ἐτι</em></strong></span> <span class='ocrx_word' id='word_1_638' title='bbox 755 5316 775 5365; x_wconf 88' lang='grc'><em>;</em></span> <span class='ocrx_word' id='word_1_639' title='bbox 807 5299 845 5368; x_wconf 85' lang='grc' dir='ltr'><strong><em>ἣ</em></strong></span> <span class='ocrx_word' id='word_1_640' title='bbox 881 5301 968 5365; x_wconf 80' lang='grc' dir='ltr'><strong><em>εὶς</em></strong></span> <span class='ocrx_word' id='word_1_641' title='bbox 997 5298 1171 5363; x_wconf 80' lang='grc' dir='ltr'><em>τέλος</em></span> <span class='ocrx_word' id='word_1_642' title='bbox 1215 5298 1283 5352; x_wconf 83' lang='grc' dir='ltr'><strong><em>τὸ</em></strong></span> <span class='ocrx_word' id='word_1_643' title='bbox 1313 5298 1489 5364; x_wconf 80' lang='grc' dir='ltr'><em>ἕλεος</em></span> <span class='ocrx_word' id='word_1_644' title='bbox 1515 5298 1701 5353; x_wconf 84' lang='grc' dir='ltr'><em>αὑτοῦ</em></span> <span class='ocrx_word' id='word_1_645' title='bbox 1745 5299 1894 5353; x_wconf 80' lang='grc' dir='ltr'><em>ἀπο-</em></span> 
     </span>
    </p>
   </div>
   <div class='ocr_carea' id='block_1_88' title="bbox 296 5387 1891 5461">
    <p class='ocr_par' dir='ltr' id='par_1_88' title="bbox 296 5387 1891 5461">
     <span class='ocr_line' id='line_1_88' title="bbox 296 5387 1891 5461; baseline -0.001 -16"><span class='ocrx_word' id='word_1_646' title='bbox 296 5393 515 5460; x_wconf 72' lang='grc' dir='ltr'><em>κρύψει</em></span> <span class='ocrx_word' id='word_1_647' title='bbox 545 5390 664 5445; x_wconf 81' lang='grc' dir='ltr'><em>ἀπὸ</em></span> <span class='ocrx_word' id='word_1_648' title='bbox 691 5387 901 5461; x_wconf 74' lang='grc' dir='ltr'><em>γενεᾶς</em></span> <span class='ocrx_word' id='word_1_649' title='bbox 924 5391 1011 5455; x_wconf 87' lang='grc' dir='ltr'><em>εὶς</em></span> <span class='ocrx_word' id='word_1_650' title='bbox 1043 5387 1290 5459; x_wconf 56' lang='grc' dir='ltr'><em>γενεάη</em></span> <span class='ocrx_word' id='word_1_651' title='bbox 1320 5388 1359 5457; x_wconf 80' lang='grc' dir='ltr'><em>ἢ</em></span> <span class='ocrx_word' id='word_1_652' title='bbox 1400 5387 1759 5457; x_wconf 77' lang='grc' dir='ltr'><em>ἐπιλήσεται</em></span> <span class='ocrx_word' id='word_1_653' title='bbox 1784 5389 1891 5443; x_wconf 84' lang='grc' dir='ltr'><strong><em>τοῦ</em></strong></span> 
     </span>
    </p>
   </div>
   <div class='ocr_carea' id='block_1_89' title="bbox 297 5478 1891 5551">
    <p class='ocr_par' dir='ltr' id='par_1_89' title="bbox 297 5478 1891 5551">
     <span class='ocr_line' id='line_1_89' title="bbox 297 5478 1891 5551; baseline -0.001 -15"><span class='ocrx_word' id='word_1_654' title='bbox 297 5480 663 5551; x_wconf 68' lang='grc' dir='ltr'><em>οἱκτειρῆσαι</em></span> <span class='ocrx_word' id='word_1_655' title='bbox 688 5484 721 5536; x_wconf 85' lang='grc' dir='ltr'><em>ό</em></span> <span class='ocrx_word' id='word_1_656' title='bbox 752 5481 915 5546; x_wconf 80' lang='grc' dir='ltr'><em>Θεὸς,</em></span> <span class='ocrx_word' id='word_1_657' title='bbox 943 5480 985 5548; x_wconf 77' lang='grc' dir='ltr'><strong>ἢ</strong></span> <span class='ocrx_word' id='word_1_658' title='bbox 1008 5480 1254 5545; x_wconf 75' lang='grc' dir='ltr'><em>συνέξει</em></span> <span class='ocrx_word' id='word_1_659' title='bbox 1297 5480 1368 5534; x_wconf 81' lang='grc' dir='ltr'><em>ἐν</em></span> <span class='ocrx_word' id='word_1_660' title='bbox 1407 5479 1483 5548; x_wconf 76' lang='grc' dir='ltr'><em>τῇ</em></span> <span class='ocrx_word' id='word_1_661' title='bbox 1527 5478 1675 5550; x_wconf 69' lang='grc' dir='ltr'><strong><em>ὀργῇ</em></strong></span> <span class='ocrx_word' id='word_1_662' title='bbox 1702 5478 1891 5534; x_wconf 88' lang='grc' dir='ltr'><em>αὐτοῦ</em></span> 
     </span>
    </p>
   </div>
   <div class='ocr_carea' id='block_1_90' title="bbox 300 5568 1891 5644">
    <p class='ocr_par' dir='ltr' id='par_1_90' title="bbox 300 5568 1891 5644">
     <span class='ocr_line' id='line_1_90' title="bbox 300 5568 1891 5644; baseline -0.001 -15"><span class='ocrx_word' id='word_1_663' title='bbox 300 5575 445 5641; x_wconf 83' lang='grc' dir='ltr'><em>τοὺς</em></span> <span class='ocrx_word' id='word_1_664' title='bbox 491 5573 830 5643; x_wconf 77' lang='grc' dir='ltr'><em>οὶκτιρμοὺς</em></span> <span class='ocrx_word' id='word_1_665' title='bbox 885 5573 1103 5637; x_wconf 59' lang='lat' dir='ltr'><strong><em>autcf);</em></strong></span> <span class='ocrx_word' id='word_1_666' title='bbox 1148 5572 1311 5625; x_wconf 79' lang='grc' dir='ltr'>Ταῦτ’</span> <span class='ocrx_word' id='word_1_667' title='bbox 1339 5568 1408 5644; x_wconf 81' lang='grc' dir='ltr'>ἦν</span> <span class='ocrx_word' id='word_1_668' title='bbox 1457 5573 1528 5627; x_wconf 83' lang='grc' dir='ltr'><strong><em>τά</em></strong></span> <span class='ocrx_word' id='word_1_669' title='bbox 1572 5571 1891 5644; x_wconf 75' lang='grc' dir='ltr'>λυπήσαντα</span> 
     </span>
    </p>
   </div>
   <div class='ocr_carea' id='block_1_91' title="bbox 302 5664 1889 5738">
    <p class='ocr_par' dir='ltr' id='par_1_91' title="bbox 302 5664 1889 5738">
     <span class='ocr_line' id='line_1_91' title="bbox 302 5664 1889 5738; baseline -0.002 -16"><span class='ocrx_word' id='word_1_670' title='bbox 302 5667 400 5738; x_wconf 76' lang='grc' dir='ltr'>τὴν</span> <span class='ocrx_word' id='word_1_671' title='bbox 433 5665 528 5720; x_wconf 80' lang='grc' dir='ltr'><strong><em>τοῦ</em></strong></span> <span class='ocrx_word' id='word_1_672' title='bbox 561 5664 799 5735; x_wconf 73' lang='grc' dir='ltr'><strong><em>Ἰδιθοὺμ</em></strong></span> <span class='ocrx_word' id='word_1_673' title='bbox 824 5664 1017 5737; x_wconf 72' lang='grc' dir='ltr'>ψυχήν.</span> <span class='ocrx_word' id='word_1_674' title='bbox 1051 5666 1127 5718; x_wconf 81' lang='grc' dir='ltr'><strong><em>Δι’</em></strong></span> <span class='ocrx_word' id='word_1_675' title='bbox 1152 5664 1182 5718; x_wconf 79' lang='grc' dir='ltr'><strong>ὅ</strong></span> <span class='ocrx_word' id='word_1_676' title='bbox 1212 5664 1392 5729; x_wconf 81' lang='grc' dir='ltr'><em>καλῶς</em></span> <span class='ocrx_word' id='word_1_677' title='bbox 1418 5664 1889 5738; x_wconf 73' lang='grc' dir='ltr'>ὠλιγοψυχηκέναι</span> 
     </span>
    </p>
   </div>
   <div class='ocr_carea' id='block_1_92' title="bbox 378 5825 1483 5895">
    <p class='ocr_par' dir='ltr' id='par_1_92' title="bbox 378 5825 1483 5895">
     <span class='ocr_line' id='line_1_92' title="bbox 378 5825 1483 5895; baseline -0.005 -10"><span class='ocrx_word' id='word_1_678' title='bbox 378 5830 421 5864; x_wconf 75' lang='grc'><strong><em>⁸³</em></strong></span> <span class='ocrx_word' id='word_1_679' title='bbox 452 5826 598 5886; x_wconf 86' lang='lat' dir='ltr'><strong><em>Psal.</em></strong></span> <span class='ocrx_word' id='word_1_680' title='bbox 625 5842 787 5895; x_wconf 66' lang='lat' dir='ltr'><strong><em>uxr,</em></strong></span> <span class='ocrx_word' id='word_1_681' title='bbox 820 5828 871 5885; x_wconf 83' lang='lat' dir='ltr'><strong><em>l-</em></strong></span> <span class='ocrx_word' id='word_1_682' title='bbox 947 5829 991 5861; x_wconf 81' lang='grc'>⁸¹</span> <span class='ocrx_word' id='word_1_683' title='bbox 1024 5825 1165 5883; x_wconf 80' lang='lat' dir='ltr'><strong><em>Psal.</em></strong></span> <span class='ocrx_word' id='word_1_684' title='bbox 1208 5838 1396 5892; x_wconf 74' lang='lat' dir='ltr'><strong><em>Lxxn,</em></strong></span> <span class='ocrx_word' id='word_1_685' title='bbox 1436 5825 1483 5879; x_wconf 84' lang='lat' dir='ltr'><strong><em>l.</em></strong></span> 
     </span>
    </p>
   </div>
   <div class='ocr_carea' id='block_1_93' title="bbox 2052 3733 3567 3807">
    <p class='ocr_par' dir='ltr' id='par_1_93' title="bbox 2052 3733 3567 3807">
     <span class='ocr_line' id='line_1_93' title="bbox 2052 3733 3567 3807; baseline 0.004 -20"><span class='ocrx_word' id='word_1_686' title='bbox 2052 3733 2152 3789; x_wconf 79' lang='lat' dir='ltr'><strong><em>ilic</em></strong></span> <span class='ocrx_word' id='word_1_687' title='bbox 2179 3734 2308 3790; x_wconf 82' lang='lat' dir='ltr'><strong><em>item</em></strong></span> <span class='ocrx_word' id='word_1_688' title='bbox 2334 3735 2578 3805; x_wconf 86' lang='lat' dir='ltr'><strong><em>psalmus</em></strong></span> <span class='ocrx_word' id='word_1_689' title='bbox 2601 3736 2808 3807; x_wconf 81' lang='lat' dir='ltr'><strong><em>Asaphi</em></strong></span> <span class='ocrx_word' id='word_1_690' title='bbox 2834 3746 2919 3792; x_wconf 85' lang='lat' dir='ltr'><strong><em>est</em></strong></span> <span class='ocrx_word' id='word_1_691' title='bbox 2946 3755 2959 3791; x_wconf 93' lang='lat'><strong><em>:</em></strong></span> <span class='ocrx_word' id='word_1_692' title='bbox 2994 3736 3193 3793; x_wconf 87' lang='lat' dir='ltr'><strong><em>titulus</em></strong></span> <span class='ocrx_word' id='word_1_693' title='bbox 3225 3744 3408 3793; x_wconf 88' lang='lat' dir='ltr'><strong><em>autem</em></strong></span> <span class='ocrx_word' id='word_1_694' title='bbox 3445 3737 3567 3806; x_wconf 89' lang='lat' dir='ltr'><strong><em>ejus</em></strong></span> 
     </span>
    </p>
   </div>
   <div class='ocr_carea' id='block_1_94' title="bbox 1981 3822 3575 3901">
    <p class='ocr_par' dir='ltr' id='par_1_94' title="bbox 1981 3822 3575 3901">
     <span class='ocr_line' id='line_1_94' title="bbox 1981 3822 3575 3901; baseline 0.001 -21"><span class='ocrx_word' id='word_1_695' title='bbox 1981 3831 2094 3889; x_wconf 82' lang='lat' dir='ltr'><strong><em>est,</em></strong></span> <span class='ocrx_word' id='word_1_696' title='bbox 2130 3822 2234 3879; x_wconf 86' lang='lat' dir='ltr'><strong><em>Pro</em></strong></span> <span class='ocrx_word' id='word_1_697' title='bbox 2264 3823 2505 3878; x_wconf 73' lang='lat' dir='ltr'><strong><em>Iditbuni</em></strong></span> <span class='ocrx_word' id='word_1_698' title='bbox 2532 3825 2579 3857; x_wconf 81' lang='lat'><strong>&quot;</strong></span> <span class='ocrx_word' id='word_1_699' title='bbox 2605 3842 2621 3891; x_wconf 87' lang='lat'><strong>;</strong></span> <span class='ocrx_word' id='word_1_700' title='bbox 2651 3825 2721 3880; x_wconf 91' lang='lat' dir='ltr'><strong><em>de</em></strong></span> <span class='ocrx_word' id='word_1_701' title='bbox 2736 3826 2983 3901; x_wconf 62' lang='lat' dir='ltr'><strong><em>quojam</em></strong></span> <span class='ocrx_word' id='word_1_702' title='bbox 3012 3828 3289 3898; x_wconf 84' lang='lat' dir='ltr'><strong><em>superius.</em></strong></span> <span class='ocrx_word' id='word_1_703' title='bbox 3321 3825 3575 3883; x_wconf 78' lang='lat' dir='ltr'><strong><em>Videtur-</em></strong></span> 
     </span>
    </p>
   </div>
   <div class='ocr_carea' id='block_1_95' title="bbox 1985 3914 3574 3989">
    <p class='ocr_par' dir='ltr' id='par_1_95' title="bbox 1985 3914 3574 3989">
     <span class='ocr_line' id='line_1_95' title="bbox 1985 3914 3574 3989; baseline 0.002 -21"><span class='ocrx_word' id='word_1_704' title='bbox 1985 3930 2094 3985; x_wconf 91' lang='lat' dir='ltr'><strong><em>que</em></strong></span> <span class='ocrx_word' id='word_1_705' title='bbox 2127 3930 2437 3970; x_wconf 82' lang='lat' dir='ltr'><strong><em>sermonem</em></strong></span> <span class='ocrx_word' id='word_1_706' title='bbox 2469 3926 2653 3970; x_wconf 78' lang='lat' dir='ltr'><strong><em>texere</em></strong></span> <span class='ocrx_word' id='word_1_707' title='bbox 2684 3929 2787 3984; x_wconf 89' lang='lat' dir='ltr'><strong><em>pro</em></strong></span> <span class='ocrx_word' id='word_1_708' title='bbox 2816 3914 3056 3970; x_wconf 86' lang='lat' dir='ltr'><strong><em>lditbum</em></strong></span> <span class='ocrx_word' id='word_1_709' title='bbox 3080 3956 3095 3982; x_wconf 93' lang='lat'><strong><em>,</em></strong></span> <span class='ocrx_word' id='word_1_710' title='bbox 3123 3917 3218 3988; x_wconf 88' lang='lat' dir='ltr'><strong><em>qui</em></strong></span> <span class='ocrx_word' id='word_1_711' title='bbox 3251 3917 3443 3972; x_wconf 88' lang='lat' dir='ltr'><strong><em>audito</em></strong></span> <span class='ocrx_word' id='word_1_712' title='bbox 3476 3934 3574 3989; x_wconf 83' lang='lat' dir='ltr'><strong><em>po—</em></strong></span> 
     </span>
    </p>
   </div>
   <div class='ocr_carea' id='block_1_96' title="bbox 1988 4007 3571 4080">
    <p class='ocr_par' dir='ltr' id='par_1_96' title="bbox 1988 4007 3571 4080">
     <span class='ocr_line' id='line_1_96' title="bbox 1988 4007 3571 4080; baseline 0.002 -20"><span class='ocrx_word' id='word_1_713' title='bbox 1988 4007 2101 4078; x_wconf 86' lang='lat' dir='ltr'><strong><em>puli</em></strong></span> <span class='ocrx_word' id='word_1_714' title='bbox 2147 4014 2334 4071; x_wconf 86' lang='lat' dir='ltr'><strong><em>statu,</em></strong></span> <span class='ocrx_word' id='word_1_715' title='bbox 2383 4008 2655 4071; x_wconf 89' lang='lat' dir='ltr'><strong><em>multum,</em></strong></span> <span class='ocrx_word' id='word_1_716' title='bbox 2703 4017 2766 4062; x_wconf 86' lang='lat' dir='ltr'><strong><em>ut</em></strong></span> <span class='ocrx_word' id='word_1_717' title='bbox 2810 4023 2912 4079; x_wconf 83' lang='lat' dir='ltr'><strong><em>par</em></strong></span> <span class='ocrx_word' id='word_1_718' title='bbox 2955 4016 3109 4073; x_wconf 86' lang='lat' dir='ltr'><strong><em>erat,</em></strong></span> <span class='ocrx_word' id='word_1_719' title='bbox 3143 4008 3571 4080; x_wconf 81' lang='lat' dir='ltr'><strong><em>ingemiscehat,</em></strong></span> 
     </span>
    </p>
   </div>
   <div class='ocr_carea' id='block_1_97' title="bbox 1982 4096 3571 4169">
    <p class='ocr_par' dir='ltr' id='par_1_97' title="bbox 1982 4096 3571 4169">
     <span class='ocr_line' id='line_1_97' title="bbox 1982 4096 3571 4169; baseline 0.002 -19"><span class='ocrx_word' id='word_1_720' title='bbox 1982 4097 2209 4167; x_wconf 87' lang='lat' dir='ltr'><strong><em>jamque</em></strong></span> <span class='ocrx_word' id='word_1_721' title='bbox 2237 4098 2423 4152; x_wconf 90' lang='lat' dir='ltr'><strong><em>animo</em></strong></span> <span class='ocrx_word' id='word_1_722' title='bbox 2449 4096 2742 4154; x_wconf 78' lang='lat' dir='ltr'><strong><em>deﬁciebat</em></strong></span> <span class='ocrx_word' id='word_1_723' title='bbox 2760 4138 2776 4163; x_wconf 93' lang='lat'><strong><em>,</em></strong></span> <span class='ocrx_word' id='word_1_724' title='bbox 2810 4107 2978 4169; x_wconf 87' lang='lat' dir='ltr'><strong><em>atque</em></strong></span> <span class='ocrx_word' id='word_1_725' title='bbox 3005 4098 3078 4154; x_wconf 88' lang='lat' dir='ltr'><strong><em>ob</em></strong></span> <span class='ocrx_word' id='word_1_726' title='bbox 3107 4098 3293 4169; x_wconf 79' lang='lat' dir='ltr'><strong><em>pepuli</em></strong></span> <span class='ocrx_word' id='word_1_727' title='bbox 3326 4098 3536 4155; x_wconf 86' lang='lat' dir='ltr'><strong><em>scelera</em></strong></span> <span class='ocrx_word' id='word_1_728' title='bbox 3556 4140 3571 4161; x_wconf 93' lang='lat'><strong><em>,</em></strong></span> 
     </span>
    </p>
   </div>
   <div class='ocr_carea' id='block_1_98' title="bbox 1987 4187 3576 4261">
    <p class='ocr_par' dir='ltr' id='par_1_98' title="bbox 1987 4187 3576 4261">
     <span class='ocr_line' id='line_1_98' title="bbox 1987 4187 3576 4261; baseline 0.002 -19"><span class='ocrx_word' id='word_1_729' title='bbox 1987 4204 2053 4243; x_wconf 89' lang='lat' dir='ltr'><strong><em>ac</em></strong></span> <span class='ocrx_word' id='word_1_730' title='bbox 2095 4187 2311 4244; x_wconf 77' lang='lat' dir='ltr'><strong><em>futuras</em></strong></span> <span class='ocrx_word' id='word_1_731' title='bbox 2350 4188 2475 4244; x_wconf 91' lang='lat' dir='ltr'><strong><em>ideo</em></strong></span> <span class='ocrx_word' id='word_1_732' title='bbox 2513 4191 2789 4245; x_wconf 67' lang='lat' dir='ltr'><strong><em>universa:</em></strong></span> <span class='ocrx_word' id='word_1_733' title='bbox 2831 4190 2981 4261; x_wconf 76' lang='lat' dir='ltr'><strong><em>genti</em></strong></span> <span class='ocrx_word' id='word_1_734' title='bbox 3023 4190 3399 4256; x_wconf 86' lang='lat' dir='ltr'><strong><em>calamitates,</em></strong></span> <span class='ocrx_word' id='word_1_735' title='bbox 3437 4204 3576 4261; x_wconf 87' lang='lat' dir='ltr'><strong><em>pene</em></strong></span> 
     </span>
    </p>
   </div>
   <div class='ocr_carea' id='block_1_99' title="bbox 1988 4279 3575 4352">
    <p class='ocr_par' dir='ltr' id='par_1_99' title="bbox 1988 4279 3575 4352">
     <span class='ocr_line' id='line_1_99' title="bbox 1988 4279 3575 4352; baseline 0.001 -18"><span class='ocrx_word' id='word_1_736' title='bbox 1988 4280 2335 4350; x_wconf 83' lang='lat' dir='ltr'><strong><em>desperabat.</em></strong></span> <span class='ocrx_word' id='word_1_737' title='bbox 2381 4279 2564 4346; x_wconf 83' lang='lat' dir='ltr'><strong><em>Quare</em></strong></span> <span class='ocrx_word' id='word_1_738' title='bbox 2609 4281 2665 4335; x_wconf 91' lang='lat' dir='ltr'><strong><em>in</em></strong></span> <span class='ocrx_word' id='word_1_739' title='bbox 2706 4280 2980 4351; x_wconf 86' lang='lat' dir='ltr'><strong><em>principio</em></strong></span> <span class='ocrx_word' id='word_1_740' title='bbox 3010 4281 3267 4351; x_wconf 83' lang='lat' dir='ltr'><strong><em>quidem,</em></strong></span> <span class='ocrx_word' id='word_1_741' title='bbox 3307 4282 3471 4352; x_wconf 91' lang='lat' dir='ltr'><strong><em>quasi</em></strong></span> <span class='ocrx_word' id='word_1_742' title='bbox 3504 4298 3575 4338; x_wconf 81' lang='lat' dir='ltr'><strong><em>ex</em></strong></span> 
     </span>
    </p>
   </div>
   <div class='ocr_carea' id='block_1_100' title="bbox 1989 4373 3577 4443">
    <p class='ocr_par' dir='ltr' id='par_1_100' title="bbox 1989 4373 3577 4443">
     <span class='ocr_line' id='line_1_100' title="bbox 1989 4373 3577 4443; baseline 0.001 -17"><span class='ocrx_word' id='word_1_743' title='bbox 1989 4388 2226 4443; x_wconf 83' lang='lat' dir='ltr'><strong><em>persona</em></strong></span> <span class='ocrx_word' id='word_1_744' title='bbox 2256 4373 2432 4443; x_wconf 87' lang='lat' dir='ltr'><strong><em>ipsius</em></strong></span> <span class='ocrx_word' id='word_1_745' title='bbox 2465 4373 2548 4428; x_wconf 88' lang='lat' dir='ltr'><strong><em>sic</em></strong></span> <span class='ocrx_word' id='word_1_746' title='bbox 2579 4373 2744 4428; x_wconf 87' lang='lat' dir='ltr'><strong><em>habet</em></strong></span> <span class='ocrx_word' id='word_1_747' title='bbox 2771 4394 2785 4429; x_wconf 89' lang='lat'><strong><em>:</em></strong></span> <span class='ocrx_word' id='word_1_748' title='bbox 2824 4373 2960 4428; x_wconf 86' lang='lat' dir='ltr'><strong><em>Voce</em></strong></span> <span class='ocrx_word' id='word_1_749' title='bbox 2989 4390 3107 4427; x_wconf 86' lang='lat' dir='ltr'><strong><em>mea</em></strong></span> <span class='ocrx_word' id='word_1_750' title='bbox 3150 4373 3219 4427; x_wconf 84' lang='lat' dir='ltr'><strong><em>ad</em></strong></span> <span class='ocrx_word' id='word_1_751' title='bbox 3258 4374 3426 4428; x_wconf 85' lang='lat' dir='ltr'><strong><em>Deum</em></strong></span> <span class='ocrx_word' id='word_1_752' title='bbox 3459 4374 3577 4428; x_wconf 84' lang='lat' dir='ltr'><strong><em>cla-</em></strong></span> 
     </span>
    </p>
   </div>
   <div class='ocr_carea' id='block_1_101' title="bbox 1991 4464 3579 4532">
    <p class='ocr_par' dir='ltr' id='par_1_101' title="bbox 1991 4464 3579 4532">
     <span class='ocr_line' id='line_1_101' title="bbox 1991 4464 3579 4532; baseline 0.004 -15"><span class='ocrx_word' id='word_1_753' title='bbox 1991 4465 2131 4518; x_wconf 77' lang='lat' dir='ltr'><strong><em>mavi</em></strong></span> <span class='ocrx_word' id='word_1_754' title='bbox 2156 4503 2171 4529; x_wconf 89' lang='lat'><strong><em>,</em></strong></span> <span class='ocrx_word' id='word_1_755' title='bbox 2204 4481 2326 4519; x_wconf 79' lang='lat' dir='ltr'><strong><em>uoce</em></strong></span> <span class='ocrx_word' id='word_1_756' title='bbox 2357 4481 2474 4519; x_wconf 87' lang='lat' dir='ltr'><strong><em>mea</em></strong></span> <span class='ocrx_word' id='word_1_757' title='bbox 2503 4464 2573 4518; x_wconf 86' lang='lat' dir='ltr'><strong><em>ad</em></strong></span> <span class='ocrx_word' id='word_1_758' title='bbox 2609 4465 2778 4519; x_wconf 87' lang='lat' dir='ltr'><strong><em>Deum</em></strong></span> <span class='ocrx_word' id='word_1_759' title='bbox 2804 4507 2819 4532; x_wconf 93' lang='lat'><strong><em>,</em></strong></span> <span class='ocrx_word' id='word_1_760' title='bbox 2849 4475 2900 4520; x_wconf 87' lang='lat' dir='ltr'><strong><em>et</em></strong></span> <span class='ocrx_word' id='word_1_761' title='bbox 2934 4468 3158 4521; x_wconf 86' lang='lat' dir='ltr'><strong><em>intendit</em></strong></span> <span class='ocrx_word' id='word_1_762' title='bbox 3190 4466 3338 4520; x_wconf 72' lang='lat' dir='ltr'><strong><em>mihi.</em></strong></span> <span class='ocrx_word' id='word_1_763' title='bbox 3374 4465 3579 4523; x_wconf 78' lang='lat' dir='ltr'><strong><em>Deinde</em></strong></span> 
     </span>
    </p>
   </div>
   <div class='ocr_carea' id='block_1_102' title="bbox 1990 4557 3573 4627">
    <p class='ocr_par' dir='ltr' id='par_1_102' title="bbox 1990 4557 3573 4627">
     <span class='ocr_line' id='line_1_102' title="bbox 1990 4557 3573 4627; baseline 0.006 -18"><span class='ocrx_word' id='word_1_764' title='bbox 1990 4572 2121 4611; x_wconf 82' lang='lat' dir='ltr'><strong><em>vero</em></strong></span> <span class='ocrx_word' id='word_1_765' title='bbox 2153 4573 2315 4611; x_wconf 90' lang='lat' dir='ltr'><strong><em>suum</em></strong></span> <span class='ocrx_word' id='word_1_766' title='bbox 2348 4558 2518 4611; x_wconf 90' lang='lat' dir='ltr'><strong><em>animi</em></strong></span> <span class='ocrx_word' id='word_1_767' title='bbox 2550 4558 2852 4627; x_wconf 83' lang='lat' dir='ltr'><strong><em>deliquium</em></strong></span> <span class='ocrx_word' id='word_1_768' title='bbox 2885 4558 3199 4613; x_wconf 87' lang='lat' dir='ltr'><strong><em>subindicat</em></strong></span> <span class='ocrx_word' id='word_1_769' title='bbox 3229 4557 3316 4613; x_wconf 89' lang='lat' dir='ltr'><strong><em>his</em></strong></span> <span class='ocrx_word' id='word_1_770' title='bbox 3348 4558 3573 4618; x_wconf 84' lang='lat' dir='ltr'><strong><em>verbis:</em></strong></span> 
     </span>
    </p>
   </div>
   <div class='ocr_carea' id='block_1_103' title="bbox 1991 4647 3579 4713">
    <p class='ocr_par' dir='ltr' id='par_1_103' title="bbox 1991 4647 3579 4713">
     <span class='ocr_line' id='line_1_103' title="bbox 1991 4647 3579 4713; baseline 0.001 -11"><span class='ocrx_word' id='word_1_771' title='bbox 1991 4647 2183 4703; x_wconf 83' lang='lat' dir='ltr'><strong><em>Renuit</em></strong></span> <span class='ocrx_word' id='word_1_772' title='bbox 2236 4651 2506 4703; x_wconf 85' lang='lat' dir='ltr'><strong><em>consolari</em></strong></span> <span class='ocrx_word' id='word_1_773' title='bbox 2559 4650 2743 4703; x_wconf 84' lang='lat' dir='ltr'><strong><em>anima</em></strong></span> <span class='ocrx_word' id='word_1_774' title='bbox 2792 4665 2947 4713; x_wconf 80' lang='lat' dir='ltr'><strong><em>mea,</em></strong></span> <span class='ocrx_word' id='word_1_775' title='bbox 2997 4650 3322 4703; x_wconf 74' lang='lat' dir='ltr'><strong><em>exercitatus</em></strong></span> <span class='ocrx_word' id='word_1_776' title='bbox 3370 4657 3483 4713; x_wconf 90' lang='lat' dir='ltr'><strong><em>est,</em></strong></span> <span class='ocrx_word' id='word_1_777' title='bbox 3527 4658 3579 4704; x_wconf 88' lang='lat' dir='ltr'><strong><em>et</em></strong></span> 
     </span>
    </p>
   </div>
   <div class='ocr_carea' id='block_1_104' title="bbox 1992 4740 3580 4810">
    <p class='ocr_par' dir='ltr' id='par_1_104' title="bbox 1992 4740 3580 4810">
     <span class='ocr_line' id='line_1_104' title="bbox 1992 4740 3580 4810; baseline -0.003 -14"><span class='ocrx_word' id='word_1_778' title='bbox 1992 4742 2181 4810; x_wconf 75' lang='lat' dir='ltr'><strong><em>defecit</em></strong></span> <span class='ocrx_word' id='word_1_779' title='bbox 2214 4743 2435 4809; x_wconf 84' lang='lat' dir='ltr'><strong><em>spiritus</em></strong></span> <span class='ocrx_word' id='word_1_780' title='bbox 2471 4758 2636 4795; x_wconf 84' lang='lat' dir='ltr'><strong><em>meus.</em></strong></span> <span class='ocrx_word' id='word_1_781' title='bbox 2672 4741 2942 4795; x_wconf 82' lang='lat' dir='ltr'><strong><em>Turbatus</em></strong></span> <span class='ocrx_word' id='word_1_782' title='bbox 2974 4758 3091 4795; x_wconf 83' lang='lat' dir='ltr'><strong><em>sum</em></strong></span> <span class='ocrx_word' id='word_1_783' title='bbox 3123 4750 3173 4796; x_wconf 91' lang='lat' dir='ltr'><strong><em>et</em></strong></span> <span class='ocrx_word' id='word_1_784' title='bbox 3204 4758 3307 4795; x_wconf 89' lang='lat' dir='ltr'><strong><em>non</em></strong></span> <span class='ocrx_word' id='word_1_785' title='bbox 3338 4757 3453 4796; x_wconf 78' lang='lat' dir='ltr'><strong><em>sum</em></strong></span> <span class='ocrx_word' id='word_1_786' title='bbox 3497 4740 3580 4795; x_wconf 65' lang='lat' dir='ltr'><strong><em>loq</em></strong></span> 
     </span>
    </p>
   </div>
   <div class='ocr_carea' id='block_1_105' title="bbox 1993 4830 3579 4903">
    <p class='ocr_par' dir='ltr' id='par_1_105' title="bbox 1993 4830 3579 4903">
     <span class='ocr_line' id='line_1_105' title="bbox 1993 4830 3579 4903; baseline -0.001 -18"><span class='ocrx_word' id='word_1_787' title='bbox 1993 4840 2170 4885; x_wconf 86' lang='lat' dir='ltr'><strong><em>cutus.</em></strong></span> <span class='ocrx_word' id='word_1_788' title='bbox 2210 4830 2309 4886; x_wconf 82' lang='lat' dir='ltr'><strong><em>His</em></strong></span> <span class='ocrx_word' id='word_1_789' title='bbox 2352 4832 2680 4903; x_wconf 75' lang='lat' dir='ltr'><strong><em>subjungit:</em></strong></span> <span class='ocrx_word' id='word_1_790' title='bbox 2721 4831 2891 4887; x_wconf 84' lang='lat' dir='ltr'><strong><em>Nocte</em></strong></span> <span class='ocrx_word' id='word_1_791' title='bbox 2928 4848 3048 4886; x_wconf 87' lang='lat' dir='ltr'><strong><em>cum</em></strong></span> <span class='ocrx_word' id='word_1_792' title='bbox 3084 4832 3241 4888; x_wconf 86' lang='lat' dir='ltr'><strong><em>corde</em></strong></span> <span class='ocrx_word' id='word_1_793' title='bbox 3279 4850 3393 4888; x_wconf 88' lang='lat' dir='ltr'><strong><em>meo</em></strong></span> <span class='ocrx_word' id='word_1_794' title='bbox 3428 4848 3579 4889; x_wconf 63' lang='lat' dir='ltr'><strong><em>exer—</em></strong></span> 
     </span>
    </p>
   </div>
   <div class='ocr_carea' id='block_1_106' title="bbox 1992 4922 3580 4996">
    <p class='ocr_par' dir='ltr' id='par_1_106' title="bbox 1992 4922 3580 4996">
     <span class='ocr_line' id='line_1_106' title="bbox 1992 4922 3580 4996; baseline -0.001 -19"><span class='ocrx_word' id='word_1_795' title='bbox 1992 4923 2200 4977; x_wconf 86' lang='lat' dir='ltr'><strong><em>citabar</em></strong></span> <span class='ocrx_word' id='word_1_796' title='bbox 2247 4933 2298 4978; x_wconf 85' lang='lat' dir='ltr'><strong><em>et</em></strong></span> <span class='ocrx_word' id='word_1_797' title='bbox 2348 4924 2626 4993; x_wconf 78' lang='lat' dir='ltr'><strong><em>scopcbnm</em></strong></span> <span class='ocrx_word' id='word_1_798' title='bbox 2674 4924 2923 4993; x_wconf 87' lang='lat' dir='ltr'><strong><em>spiritum</em></strong></span> <span class='ocrx_word' id='word_1_799' title='bbox 2970 4941 3163 4980; x_wconf 86' lang='lat' dir='ltr'><strong><em>meum.</em></strong></span> <span class='ocrx_word' id='word_1_800' title='bbox 3216 4922 3474 4996; x_wconf 80' lang='lat' dir='ltr'><strong><em>Nunquid</em></strong></span> <span class='ocrx_word' id='word_1_801' title='bbox 3522 4925 3580 4989; x_wconf 71' lang='lat' dir='ltr'><strong><em>in</em></strong></span> 
     </span>
    </p>
   </div>
   <div class='ocr_carea' id='block_1_107' title="bbox 1994 5016 3578 5087">
    <p class='ocr_par' dir='ltr' id='par_1_107' title="bbox 1994 5016 3578 5087">
     <span class='ocr_line' id='line_1_107' title="bbox 1994 5016 3578 5087; baseline 0.003 -17"><span class='ocrx_word' id='word_1_802' title='bbox 1994 5028 2252 5071; x_wconf 67' lang='lat' dir='ltr'><strong><em>attentum</em></strong></span> <span class='ocrx_word' id='word_1_803' title='bbox 2304 5017 2549 5087; x_wconf 82' lang='lat' dir='ltr'><strong><em>projiciet</em></strong></span> <span class='ocrx_word' id='word_1_804' title='bbox 2607 5016 2902 5082; x_wconf 80' lang='lat' dir='ltr'><strong><em>Dominus,</em></strong></span> <span class='ocrx_word' id='word_1_805' title='bbox 2954 5033 3047 5072; x_wconf 85' lang='lat' dir='ltr'><strong><em>au.</em></strong></span> <span class='ocrx_word' id='word_1_806' title='bbox 3091 5035 3195 5075; x_wconf 85' lang='lat' dir='ltr'><strong><em>non</em></strong></span> <span class='ocrx_word' id='word_1_807' title='bbox 3247 5027 3470 5087; x_wconf 84' lang='lat' dir='ltr'><strong><em>apponet</em></strong></span> <span class='ocrx_word' id='word_1_808' title='bbox 3518 5029 3578 5077; x_wconf 70' lang='lat' dir='ltr'><strong><em>ut</em></strong></span> 
     </span>
    </p>
   </div>
   <div class='ocr_carea' id='block_1_108' title="bbox 1994 5108 3581 5180">
    <p class='ocr_par' dir='ltr' id='par_1_108' title="bbox 1994 5108 3581 5180">
     <span class='ocr_line' id='line_1_108' title="bbox 1994 5108 3581 5180; baseline 0.001 -19"><span class='ocrx_word' id='word_1_809' title='bbox 1994 5108 2361 5177; x_wconf 79' lang='lat' dir='ltr'><strong><em>complacitior</em></strong></span> <span class='ocrx_word' id='word_1_810' title='bbox 2388 5109 2458 5163; x_wconf 84' lang='lat' dir='ltr'><strong><em>sit</em></strong></span> <span class='ocrx_word' id='word_1_811' title='bbox 2488 5108 2662 5163; x_wconf 80' lang='lat' dir='ltr'><strong><em>adhuc</em></strong></span> <span class='ocrx_word' id='word_1_812' title='bbox 2684 5149 2699 5174; x_wconf 93' lang='lat'><strong><em>,</em></strong></span> <span class='ocrx_word' id='word_1_813' title='bbox 2732 5118 2826 5163; x_wconf 81' lang='lat' dir='ltr'><strong><em>aut</em></strong></span> <span class='ocrx_word' id='word_1_814' title='bbox 2863 5111 2917 5165; x_wconf 89' lang='lat' dir='ltr'><strong><em>in</em></strong></span> <span class='ocrx_word' id='word_1_815' title='bbox 2958 5112 3117 5180; x_wconf 84' lang='lat' dir='ltr'><strong><em>finem</em></strong></span> <span class='ocrx_word' id='word_1_816' title='bbox 3157 5109 3581 5172; x_wconf 82' lang='lat' dir='ltr'><strong><em>misericordiam</em></strong></span> 
     </span>
    </p>
   </div>
   <div class='ocr_carea' id='block_1_109' title="bbox 1993 5200 3582 5274">
    <p class='ocr_par' dir='ltr' id='par_1_109' title="bbox 1993 5200 3582 5274">
     <span class='ocr_line' id='line_1_109' title="bbox 1993 5200 3582 5274; baseline 0.004 -21"><span class='ocrx_word' id='word_1_817' title='bbox 1993 5218 2147 5255; x_wconf 88' lang='lat' dir='ltr'><strong><em>suam</em></strong></span> <span class='ocrx_word' id='word_1_818' title='bbox 2177 5200 2459 5256; x_wconf 84' lang='lat' dir='ltr'><strong><em>abscondet</em></strong></span> <span class='ocrx_word' id='word_1_819' title='bbox 2492 5218 2525 5254; x_wconf 90' lang='lat' dir='ltr'><strong><em>a</em></strong></span> <span class='ocrx_word' id='word_1_820' title='bbox 2553 5202 2892 5272; x_wconf 85' lang='lat' dir='ltr'><strong><em>generatione</em></strong></span> <span class='ocrx_word' id='word_1_821' title='bbox 2928 5204 2981 5257; x_wconf 79' lang='lat' dir='ltr'><strong><em>in</em></strong></span> <span class='ocrx_word' id='word_1_822' title='bbox 3023 5205 3417 5274; x_wconf 82' lang='lat' dir='ltr'><strong><em>generationem</em></strong></span> <span class='ocrx_word' id='word_1_823' title='bbox 3437 5242 3452 5267; x_wconf 93' lang='lat'><strong><em>,</em></strong></span> <span class='ocrx_word' id='word_1_824' title='bbox 3485 5211 3582 5259; x_wconf 75' lang='lat' dir='ltr'><strong><em>aut</em></strong></span> 
     </span>
    </p>
   </div>
   <div class='ocr_carea' id='block_1_110' title="bbox 1995 5294 3580 5359">
    <p class='ocr_par' dir='ltr' id='par_1_110' title="bbox 1995 5294 3580 5359">
     <span class='ocr_line' id='line_1_110' title="bbox 1995 5294 3580 5359; baseline 0.002 -9"><span class='ocrx_word' id='word_1_825' title='bbox 1995 5296 2333 5351; x_wconf 82' lang='lat' dir='ltr'><strong><em>obliviscetur</em></strong></span> <span class='ocrx_word' id='word_1_826' title='bbox 2361 5296 2601 5350; x_wconf 77' lang='lat' dir='ltr'><strong><em>misereri</em></strong></span> <span class='ocrx_word' id='word_1_827' title='bbox 2630 5294 2772 5351; x_wconf 86' lang='lat' dir='ltr'><strong><em>Deus</em></strong></span> <span class='ocrx_word' id='word_1_828' title='bbox 2795 5335 2810 5359; x_wconf 91' lang='lat'><strong><em>,</em></strong></span> <span class='ocrx_word' id='word_1_829' title='bbox 2845 5304 2939 5349; x_wconf 87' lang='lat' dir='ltr'><strong><em>aut</em></strong></span> <span class='ocrx_word' id='word_1_830' title='bbox 2970 5296 3259 5351; x_wconf 83' lang='lat' dir='ltr'><strong><em>continebit</em></strong></span> <span class='ocrx_word' id='word_1_831' title='bbox 3282 5297 3335 5349; x_wconf 89' lang='lat' dir='ltr'><strong><em>in</em></strong></span> <span class='ocrx_word' id='word_1_832' title='bbox 3364 5297 3450 5354; x_wconf 86' lang='lat' dir='ltr'><strong><em>ira</em></strong></span> <span class='ocrx_word' id='word_1_833' title='bbox 3477 5311 3580 5353; x_wconf 81' lang='lat' dir='ltr'><strong><em>sua</em></strong></span> 
     </span>
    </p>
   </div>
   <div class='ocr_carea' id='block_1_111' title="bbox 1995 5386 3582 5459">
    <p class='ocr_par' dir='ltr' id='par_1_111' title="bbox 1995 5386 3582 5459">
     <span class='ocr_line' id='line_1_111' title="bbox 1995 5386 3582 5459; baseline -0.002 -17"><span class='ocrx_word' id='word_1_834' title='bbox 1995 5387 2393 5443; x_wconf 82' lang='lat' dir='ltr'><strong><em>misericordias</em></strong></span> <span class='ocrx_word' id='word_1_835' title='bbox 2431 5405 2560 5442; x_wconf 88' lang='lat' dir='ltr'><strong><em>suas</em></strong></span> <span class='ocrx_word' id='word_1_836' title='bbox 2586 5390 2612 5444; x_wconf 87' lang='lat'><strong><em>?</em></strong></span> <span class='ocrx_word' id='word_1_837' title='bbox 2644 5386 2772 5444; x_wconf 62' lang='lat' dir='ltr'><strong><em>Hac</em></strong></span> <span class='ocrx_word' id='word_1_838' title='bbox 2802 5395 2960 5445; x_wconf 82' lang='lat' dir='ltr'><strong><em>erant</em></strong></span> <span class='ocrx_word' id='word_1_839' title='bbox 2999 5404 3121 5459; x_wconf 65' lang='lat' dir='ltr'><strong><em>qua:</em></strong></span> <span class='ocrx_word' id='word_1_840' title='bbox 3162 5386 3420 5442; x_wconf 86' lang='lat' dir='ltr'><strong><em>ldithumi</em></strong></span> <span class='ocrx_word' id='word_1_841' title='bbox 3460 5386 3582 5440; x_wconf 45' lang='lat' dir='ltr'><strong><em>ani?</em></strong></span> 
     </span>
    </p>
   </div>
   <div class='ocr_carea' id='block_1_112' title="bbox 1994 5481 3579 5555">
    <p class='ocr_par' dir='ltr' id='par_1_112' title="bbox 1994 5481 3579 5555">
     <span class='ocr_line' id='line_1_112' title="bbox 1994 5481 3579 5555; baseline 0 -16"><span class='ocrx_word' id='word_1_842' title='bbox 1994 5499 2140 5539; x_wconf 84' lang='lat' dir='ltr'><strong><em>mam</em></strong></span> <span class='ocrx_word' id='word_1_843' title='bbox 2173 5483 2504 5555; x_wconf 79' lang='lat' dir='ltr'><strong><em>ainigebant.</em></strong></span> <span class='ocrx_word' id='word_1_844' title='bbox 2547 5482 2731 5550; x_wconf 82' lang='lat' dir='ltr'><strong><em>Quare</em></strong></span> <span class='ocrx_word' id='word_1_845' title='bbox 2762 5499 2822 5539; x_wconf 89' lang='lat' dir='ltr'><strong><em>se</em></strong></span> <span class='ocrx_word' id='word_1_846' title='bbox 2853 5484 3038 5539; x_wconf 89' lang='lat' dir='ltr'><strong><em>animo</em></strong></span> <span class='ocrx_word' id='word_1_847' title='bbox 3067 5482 3338 5539; x_wconf 85' lang='lat' dir='ltr'><strong><em>defecisse</em></strong></span> <span class='ocrx_word' id='word_1_848' title='bbox 3368 5481 3579 5539; x_wconf 82' lang='lat' dir='ltr'><strong><em>fateba-</em></strong></span> 
     </span>
    </p>
   </div>
   <div class='ocr_carea' id='block_1_113' title="bbox 1996 5569 3579 5644">
    <p class='ocr_par' dir='ltr' id='par_1_113' title="bbox 1996 5569 3579 5644">
     <span class='ocr_line' id='line_1_113' title="bbox 1996 5569 3579 5644; baseline -0.003 -15"><span class='ocrx_word' id='word_1_849' title='bbox 1996 5583 2106 5631; x_wconf 79' lang='lat' dir='ltr'><strong><em>tur.</em></strong></span> <span class='ocrx_word' id='word_1_850' title='bbox 2156 5573 2263 5630; x_wconf 87' lang='lat' dir='ltr'><strong><em>Sed</em></strong></span> <span class='ocrx_word' id='word_1_851' title='bbox 2318 5572 2561 5644; x_wconf 84' lang='lat' dir='ltr'><strong><em>Spiritus</em></strong></span> <span class='ocrx_word' id='word_1_852' title='bbox 2602 5580 2832 5630; x_wconf 82' lang='lat' dir='ltr'><strong><em>sanctus</em></strong></span> <span class='ocrx_word' id='word_1_853' title='bbox 2875 5588 2974 5643; x_wconf 90' lang='lat' dir='ltr'><strong><em>per</em></strong></span> <span class='ocrx_word' id='word_1_854' title='bbox 3012 5572 3337 5643; x_wconf 86' lang='lat' dir='ltr'><strong><em>prophetam</em></strong></span> <span class='ocrx_word' id='word_1_855' title='bbox 3389 5569 3579 5639; x_wconf 77' lang='lat' dir='ltr'><strong><em>Asaph</em></strong></span> 
     </span>
    </p>
   </div>
   <div class='ocr_carea' id='block_1_114' title="bbox 1994 5659 3577 5737">
    <p class='ocr_par' dir='ltr' id='par_1_114' title="bbox 1994 5659 3577 5737">
     <span class='ocr_line' id='line_1_114' title="bbox 1994 5659 3577 5737; baseline -0.002 -17"><span class='ocrx_word' id='word_1_856' title='bbox 1994 5666 2114 5737; x_wconf 75' lang='lat' dir='ltr'><strong><em>ejus</em></strong></span> <span class='ocrx_word' id='word_1_857' title='bbox 2162 5664 2338 5722; x_wconf 86' lang='lat' dir='ltr'><strong><em>dolori</em></strong></span> <span class='ocrx_word' id='word_1_858' title='bbox 2388 5662 2591 5721; x_wconf 75' lang='lat' dir='ltr'><strong><em>deinde</em></strong></span> <span class='ocrx_word' id='word_1_859' title='bbox 2639 5662 2914 5727; x_wconf 78' lang='lat' dir='ltr'><strong><em>medetur.</em></strong></span> <span class='ocrx_word' id='word_1_860' title='bbox 2951 5662 3080 5719; x_wconf 88' lang='lat' dir='ltr'><strong><em>dum</em></strong></span> <span class='ocrx_word' id='word_1_861' title='bbox 3114 5662 3228 5717; x_wconf 87' lang='lat' dir='ltr'><strong><em>ait:</em></strong></span> <span class='ocrx_word' id='word_1_862' title='bbox 3267 5660 3398 5729; x_wconf 75' lang='lat' dir='ltr'><strong><em>Quis</em></strong></span> <span class='ocrx_word' id='word_1_863' title='bbox 3432 5659 3577 5717; x_wconf 78' lang='lat' dir='ltr'><strong><em>Deus</em></strong></span> 
     </span>
    </p>
   </div>
  </div>
