4068 6554
477 376 584 432 837

1187 377 1455 434 EUSEBII
1489 379 1964 438 CIESARIENSIS
2003 381 2154 440 OPP.
2197 381 2376 438 PARS
2411 380 2590 436 lll.-—
2627 379 3039 438 EXEGETICA.

3639 381 3749 437 828

479 512 708 567 magnus
752 497 888 551 sicut
935 493 1076 552 Deus
1110 502 1334 554 noster?
1360 498 1436 552 Tu
1482 516 1535 554 es
1585 498 1728 553 Deus
1773 500 1861 569 qui
1915 501 2054 569 facis

2168 501 2623 573 ὢμολόγει.Ἀλλά
2653 501 2713 554 τὸ
2748 500 2888 555 θετον
2924 497 3151 571 Πνεῦμα
3192 497 3278 554 διὰ
3329 496 3422 554 τοῦ
3462 501 3750 572 προφήτου

477 587 771 644 mirabilia.
812 586 1012 642 Notam
1047 588 1221 658 fecisti
1256 590 1310 644 in
1341 590 1548 660 populis
1584 591 1830 645 virtutem
1865 602 2048 658 tuam,

475 680 750 742 redemisti
795 681 849 733 in
879 679 1092 734 brae/tia
1126 690 1213 735 tuo
1246 683 1497 751 populum
1545 691 1728 746 tuum,
1776 683 1917 753 ﬁlios
1949 684 2051 738 Ja-

478 776 572 827 cob
618 785 667 828 et
717 775 954 843 Joseph;
1010 791 1076 830 ac
1137 791 1400 832 rursum:
1448 775 1704 830 Viderunt
1757 786 1836 830 te.
1867 793 2052 848 aquae,

478 866 619 921 Deus
641 907 656 929 ,
689 867 929 921 uiderunt
960 878 1008 924 te
1039 885 1222 940 aquae,
1251 877 1299 922 et
1327 870 1652 934 timuerunt,
1678 872 1903 923 turbata:
1932 879 2055 923 sunt

477 958 699 1028 abyssi:
750 960 1037 1013 multitudo
1074 963 1279 1014 sonitus
1312 977 1612 1030 aquarum:
1647 976 1710 1016 ac
1745 977 2054 1016 sermonem

475 1049 564 1104 his
592 1051 886 1121 obsignat:
933 1051 1214 1106 Deduxisti
1261 1055 1398 1108 sicut
1447 1070 1560 1108 oves
1605 1053 1856 1124 populum
1909 1062 2056 1106 tuum

475 1142 534 1195 in
577 1159 738 1196 manu
781 1141 958 1213 Moysi
1001 1153 1052 1198 et
1097 1144 1297 1199 Aaron.
1347 1143 1471 1199 Haec
1514 1145 1828 1199 necessario
1873 1142 2057 1211 Asapli

477 1231 582 1302 ipsi
629 1232 864 1288 ldithum
890 1235 1372 1299 commemoravit,
1411 1243 1469 1289 ut
1509 1251 1576 1290 ne
1607 1236 1752 1289 ultra
1798 1234 2003 1289 diceret
2039 1250 2055 1288 ;

479 1322 823 1380 Exercitatus
862 1339 941 1381 est
980 1335 1028 1380 et
1050 1325 1240 1395 defecit
1285 1328 1503 1396 spiritus
1548 1341 1730 1391 meus;
1763 1325 1858 1382 sed
1893 1324 2062 1378 mira-

477 1415 683 1472 bilibus
727 1417 824 1473 Dei
867 1434 954 1488 pet
1005 1419 1246 1489 Moysem
1284 1418 1421 1472 ‘olim
1456 1419 1663 1490 gestis,
1700 1418 1858 1488 queis
1889 1432 2064 1487 popu-

479 1509 593 1564 lum
623 1524 786 1563 suum
810 1511 1060 1571 redemit,
1084 1510 1242 1565 ﬁdem
1267 1509 1478 1566 habens
1508 1527 1605 1582 pro
1636 1510 1818 1566 futuro
1840 1525 2058 1581 quoque

480 1608 725 1671 tempore
754 1602 951 1658 similia
986 1612 1246 1658 eventura
1277 1612 1537 1673 speraret.

2172 595 2341 663 Ἀσὰῳ
2383 595 2508 666 ἑξῆς
2553 595 2620 647 τὰ
2659 593 2879 666 λυπηρὰ
2925 593 3217 666 θεραπεύει
3248 596 3306 646 ὲν
3333 590 3414 658 οἷς
3443 611 3609 663 φησι·
3649 595 3751 660 Τις

2163 685 2504 754 Θειὲςμέτας
2533 687 2613 750 ὡς
2641 688 2671 738 ὀ
2691 687 2834 750 Θεὸς
2858 682 3027 754 ἡμῶν
3041 703 3059 748 ;
3078 684 3160 738 Σὺ
3187 681 3246 738 εἴ
3270 687 3302 738 o’
3330 684 3473 748 Θεὸς
3501 686 3534 736 o’
3557 680 3752 736 ποιῶν

2161 775 2481 844 θαυμάσια.
2501 774 2858 845 Ἐγνώρισιις
2881 776 2950 828 ἐν
2974 774 3098 840 τοῖς
3129 775 3301 840 λαοῖς
3339 773 3451 840 τὴν
3485 773 3754 841 δύναμίν

2162 885 2298 932 σου,
2325 868 2640 936 ἐλυτρὼσω
2658 868 2726 920 ἑν
2751 866 2828 933 τῷ
2848 867 3138 936 ,βραχίονί
3165 882 3282 920 σου
3306 865 3579 919 τὸνλιιόν
3604 879 3751 927 σου,

2162 960 2306 1025 τοὺς
2339 961 2508 1026 υἱοὺς
2546 961 2747 1015 Ἰακὼϐ
2786 961 2883 1014 καὶ
2930 958 3168 1029 Ἰωσήφ·
3219 959 3311 1012 καὶ
3346 955 3535 1021 αὖθις·
3573 957 3755 1011 Εἶδο-

2163 1049 2285 1104 σὰν
2333 1067 2406 1103 σε
2461 1050 2670 1113 ὕδατα,
2706 1053 2737 1103 ὀ
2772 1049 2936 1114 Θεὸς,
2969 1049 3221 1104 εἵδοσὰν
3265 1064 3338 1102 σε
3393 1048 3601 1112 ὕδατα,
3647 1046 3755 1100 καὶ

2161 1143 2571 1212 ἐφοϐήθησαν,
2611 1142 3034 1212 ἐταράχθησαν
3074 1145 3132 1195 αἱ
3167 1143 3425 1195 ἄϐυσσοι
3449 1158 3464 1172 ο
3509 1139 3757 1208 πλῆθος

2163 1233 2355 1302 ἤχους
2398 1233 2647 1299 ὓδατος·
2693 1235 2787 1288 καὶ
2830 1234 3283 1305 ὲπισφραγίζεται
3325 1233 3534 1301 λέγων·
3579 1232 3758 1297 19613-

2164 1341 2358 1397 γησας
2393 1327 2473 1392 ὡς
2515 1328 2778 1396 πρόϐατα
2801 1327 2907 1380 τόν
2934 1327 3089 1381 λαόν
3112 1342 3228 1380 σου
3252 1326 3322 1379 ἐν
3342 1325 3490 1396 χειρί
3519 1322 3755 1392 Μωῦσῆ

2161 1416 2258 1470 καί
2298 1415 2528 1484 Ἀαρών.
2547 1416 2880 1485 Ἀναγκαίως
2909 1417 2966 1469 δὲ
2991 1417 3197 1470 τούτων
3216 1417 3245 1468 ὁ
3275 1415 3444 1485 Ἀσὰφ
3463 1415 3758 1484 ὑπέμνησε

2162 1508 2252 1562 τὸν
2302 1507 2551 1577 Ἰδιθοὺμ,
2599 1506 2676 1570 ὼς
2722 1506 2790 1560 ἂν
2842 1509 3038 1579 μηκέτι
3091 1507 3272 1577 λέγοι·
3340 1505 3760 1575 Ἠδολέσχησε

2165 1599 2264 1656 καὶ
2313 1599 2743 1669 ὼλιγοψύχησε
2791 1599 2858 1652 τὸ
2909 1599 3145 1668 πνεῦμά
3180 1617 3329 1670 μου·
3383 1597 3659 1652 πιστεύων
3689 1596 3759 1649 δὲ

480 1698 593 1760 τοῖς
619 1697 786 1750 πάλαι
819 1698 911 1750 ἐπὶ
939 1699 1215 1762 Μωῦσέως
1247 1699 1338 1752 τοῦ
1371 1699 1507 1753 Θεοῦ
1543 1700 1865 1770 παραδόξοις
1891 1698 2092 1771 ἔργοις,
2131 1697 2196 1750 δι’
2246 1689 2321 1752 ὦν
2360 1693 2700 1768 ὲλυτρώσατο
2742 1695 2833 1749 τὸν
2879 1694 3026 1760 λαὸν,
3071 1695 3139 1748 τὰ
3182 1698 3340 1768 ὅμοια
3386 1696 3482 1749 καὶ
3524 1697 3605 1758 είς
3655 1693 3758 1746 τὸν

482 1789 704 1846 ζπιόντα
740 1789 929 1861 χρόνον
967 1789 1173 1855 ἐλπίζοι
1200 1790 1548 1863 γενήσεσθαι.

1220 1902 1308 1957 Vl.

554 1991 753 2055 Sextus
798 2009 975 2066 neque
1007 1994 1252 2065 psalmus
1280 2004 1365 2051 est
1400 2012 1577 2066 neque
1607 1996 1880 2050 canticum
1900 2037 1914 2056 .
1965 2011 2063 2049 ne-

482 2101 591 2156 que
622 2086 894 2158 hymnus,
937 2102 1116 2158 neque
1157 2087 1211 2140 in
1261 2087 1424 2142 ﬁnem
1458 2087 1708 2142 remittit.
1747 2087 1930 2154 Quare
1962 2087 2066 2141 huc

478 2179 723 2250 jusmodi
766 2179 904 2234 nihil
948 2179 1002 2233 in
1045 2179 1206 2233 titulo
1257 2179 1462 2233 habet:
1497 2179 1590 2232 sed
1625 2193 1727 2233 nos
1761 2176 1829 2230 ad
1873 2191 2064 2230 eorum

482 2287 606 2341 quae
635 2272 724 2326 hic
756 2270 1010 2327 feruntur
1042 2271 1458 2341 intelligentiam
1489 2271 1712 2324 excitat.
1744 2268 1856 2322 Cur
1883 2275 2064 2321 autem

483 2362 618 2416 nihil
648 2377 839 2416 eorum
873 2378 996 2433 quae
1029 2363 1271 2416 diximus
1304 2360 1410 2416 fert
1440 2359 1766 2429 inscriptio,
1800 2358 1904 2412 nisi
1938 2358 2065 2428 quia

485 2461 634 2507 totus
663 2452 754 2506 hic
790 2468 971 2508 sermo
999 2450 1284 2505 Judaicam
1332 2457 1546 2518 gentem
1585 2449 1836 2511 incusat,
1881 2448 2068 2516 pristi-

485 2558 590 2598 nas
631 2559 826 2598 eorum
869 2543 1180 2612 impietates
1221 2541 1599 2597 enumerans?
1649 2540 1802 2606 Quod
1835 2541 1901 2594 ad
1933 2540 2069 2608 justi

480 2635 674 2704 judicii
726 2633 822 2689 Dei
857 2634 1230 2690 defensionem
1261 2633 1524 2704 propheta
1554 2633 1942 2687 concinnavit:
1980 2647 2069 2686 va-

486 2728 816 2781 ticinaturus
840 2726 986 2782 enim
1014 2741 1075 2781 ea
1097 2765 1110 2790 ,
1138 2741 1258 2797 qua:
1286 2734 1411 2780 ante
1438 2723 1749 2780 Servatoris
1774 2725 2068 2779 adventum

486 2819 690 2889 populo
725 2827 988 2874 eventura
1021 2827 1179 2874 erant
1201 2858 1215 2884 ,
1249 2818 1563 2874 necessario
1591 2819 1753 2873 docet
1785 2819 1934 2889 ipsos
1962 2833 2068 2872 non

486 2910 825 2965 modicarum
894 2911 1234 2981 impietatum
1300 2926 1467 2966 causa
1531 2911 1719 2967 istltaac
1786 2927 2066 2982 passuros.

486 3002 849 3070 Quamobrem
902 3009 1150 3058 recenset
1198 3003 1288 3058 ille
1339 3003 1557 3073 quoties
1609 3004 1982 3073 peccaverint,
2017 3010 2070 3058 et

489 3094 702 3164 quoties
751 3092 846 3148 Dei
900 3095 1164 3164 patientia
1217 3106 1443 3164 peccata
1491 3110 1683 3148 eorum
1730 3096 1952 3159 tulerit,
2007 3110 2072 3150 ac

487 3184 765 3256 quomodo
799 3186 1017 3240 demum
1049 3201 1172 3240 cum
1200 3185 1520 3256 implessent
1550 3188 1887 3256 impietatum
1916 3204 2070 3242 men-

2905 1897 2996 1963 cr.

2249 1993 2306 2046 Ὀ
2336 1993 2491 2054 ἕκτος
2519 1989 2704 2043 οὐκέτι
2735 1989 2946 2058 ψαλμος
2972 1987 3091 2040 οῦδὲ
3120 1987 3229 2059 ᾠδὴ
3257 1988 3375 2040 οὐδὲ
3412 1987 3599 2058 ὕμνος,
3624 1989 3757 2042 οὐδὲ

2167 2083 2476 2152 ἀναπέμπει
2503 2083 2581 2142 είς
2609 2079 2668 2131 τὸ
2689 2077 3029 2141 τέλος.”υθεν
3053 2079 3203 2130 οὐδὲν
3226 2077 3426 2131 τούτων
3452 2079 3762 2150 ἐπιγέγρα-

2168 2191 2327 2227 πται·
2357 2172 2611 2242 διεγείρει
2638 2169 2694 2222 δὲ
2725 2171 2874 2241 ἡμᾶς
2921 2171 3000 2233 είς
3047 2170 3260 2222 σύνεσιν
3288 2168 3398 2222 τῶν
3438 2171 3760 2242 ἐμφερομέ-

2167 2283 2292 2319 νων.
2322 2265 2420 2318 Διὰ
2452 2265 2504 2317 τί
2537 2265 2592 2318 δὲ
2632 2264 2793 2336 μηδὲν
2818 2263 2925 2316 τῶν
2951 2263 3420 2334 προειρημένωνή
3455 2265 3757 2334 προγραφὴ

2169 2357 2432 2428 περιέχει,
2461 2355 2572 2409 ἀλλ’
2601 2355 2895 2427 ἐπειδήπερ
2942 2357 2969 2407 ό
3019 2355 3125 2416 πᾶς
3158 2353 3314 2422 λόγος
3345 2352 3437 2405 τοῦ
3481 2353 3762 2406 Ἰουδαίων

2169 2450 2354 2513 ἔθνους
2383 2451 2698 2520 κατηγορεῖ,
2723 2445 3232 2519 καταριθμούμενος
3275 2445 3453 2498 αὐτῶν
3482 2446 3551 2497 τά
3579 2445 3761 2498 πάλαι

2169 2541 2524 2611 ἀσεϐήματας
2560 2539 2730 2592 Τοῦτο
2768 2539 2823 2591 δὲ
2860 2541 3086 2610 πράττει
3117 2541 3145 2590 ό
3191 2538 3470 2608 προφήτης
3514 2539 3591 2600 είς
3623 2540 3766 2591 axo-

2168 2631 2353 2700 λογίαν
2395 2631 2493 2700 τῆς
2524 2630 2620 2684 τοῦ
2665 2628 2799 2683 Θεοῦ
2829 2629 3252 2701 δικαιοκρισίας·
3292 2627 3498 2699 μέλλων
3523 2629 3634 2699 γὰρ
3665 2627 3764 2681 θεο

2173 2725 2384 2788 σπίζειν
2407 2724 2475 2778 τὰ
2509 2724 2901 2795 συμϐησόμενα
2924 2722 3001 2794 τῷ
3027 2722 3168 2776 ἔθνει
3198 2722 3303 2795 πρὸ
3327 2722 3426 2792 τῆς
3447 2721 3538 2776 τοῦ
3563 2721 3764 2791 Σωτῆ-

2175 2835 2265 2891 ρος
2299 2817 2620 2891 παρουσίας,
2648 2817 2958 2885 ἀναγκαίως
2990 2815 3246 2875 διδάσκει,
3286 2817 3367 2869 ὅτι
3407 2815 3479 2886 μὴ
3523 2815 3616 2867 ἐπὶ
3667 2832 3762 2884 μι-

2171 2916 2325 2986 κροῖς
2367 2911 2677 2982 ἀσεϐήμασι
2724 2909 2896 2963 ταῦτα
2949 2910 3245 2962 πείσονται.
3296 2909 3492 2979 Διόπερ
3517 2925 3762 2978 καταρι-

2173 3005 2388 3077 θμεῖται
2403 3004 2590 3067 ὁσάκις
2602 3004 2818 3074 ἥμαρτε
2834 3003 2926 3055 καὶ
2941 3001 3131 3064 ὁσάκις
3151 3001 3378 3072 ἤνεγκεν
3400 3001 3590 3063 αύτοίις
3603 3003 3638 3069 ἡ
3657 2997 3761 3052 τοῦ

2172 3097 2307 3151 Θεοῦ
2342 3095 2714 3168 μακροθυμία,
2755 3093 2848 3147 καὶ
2877 3092 2952 3156 ὡς
2977 3092 3202 3163 ὕστερον
3237 3091 3629 3163 πληρώσαντας
3654 3091 3762 3146 αύ-

2173 3191 2296 3252 τοὺς
2321 3189 2381 3241 τὸ
2415 3188 2610 3258 μέτρον
2635 3186 2744 3240 τῶν
2767 3185 2934 3256 ἀσεϐη
2946 3187 3127 3256 μάτων
3147 3185 3459 3238 δικαιότατα
3488 3185 3760 3256 μετῆλθεν

485 3290 675 3333 suram
699 3315 716 3341 ,
755 3291 850 3332 eos
886 3277 1035 3347 ipsos
1059 3275 1352 3330 admodum
1376 3275 1523 3346 juste
1560 3277 1640 3331 ira
1664 3275 1757 3332 Dei
1789 3277 2064 3332 invaserit.

2173 3281 2300 3352 ἡὲκ
2331 3279 2467 3333 Θεοῦ
2509 3279 2772 3350 όργή.”1ν’
2799 3273 2892 3330 οὖν
2937 3277 3112 3330 ταῦτα
3155 3277 3393 3347 γνῶμεν,
3440 3277 3761 3345 ἀναγκαίως

488 3363 562 3422 Ut
588 3368 701 3422 inec
733 3369 920 3438 itaque
947 3384 1346 3440 cognoscamus
1367 3408 1382 3433 ,
1412 3370 1728 3425 necessario
1759 3371 1840 3424 sic
1869 3369 2070 3425 inscri-

487 3458 604 3516 bit:
644 3459 951 3515 Intellectus
985 3461 1166 3529 Asaph
1196 3461 1264 3526 ⁸³,
1299 3475 1364 3516 ac
1399 3461 1453 3516 in
1489 3462 1850 3532 sequentibus
1882 3462 2068 3518 omnia

489 3567 681 3608 eorum
715 3555 924 3609 scelera
956 3563 1231 3610 recenset.

1208 3667 1319 3724 νη.

557 3759 856 3834 Postquam
885 3765 1289 3820 multitudinem
1333 3774 1684 3836 peccatorum
1712 3765 1922 3822 Judaici
1969 3782 2068 3837 po-

489 3853 602 3924 puli
643 3857 965 3924 compendio
996 3858 1290 3940 retulerat,
1323 3866 1376 3911 et
1409 3872 1510 3912 ceu
1550 3858 1604 3912 in
1639 3857 1800 3928 cippo
1835 3858 2069 3912 crimina

490 3959 679 3999 eorum
704 3944 1102 4016 insculpserat;
1129 3958 1529 4016 consequenter
1556 3945 1642 4002 hic
1669 3947 2030 4018 irruptionem
2049 3987 2065 4012 ,

488 4052 613 4108 qua:
645 4046 889 4108 tempore
922 4039 1177 4093 Antiochi
1213 4039 1384 4112 Syriae
1418 4040 1564 4109 regis
1599 4039 1743 4094 facta
1772 4047 1889 4104 est,
1924 4039 2068 4093 vati-

491 4130 727 4184 cinatur.
757 4129 861 4195 Qui
890 4130 1285 4201 Jerosolymam
1318 4133 1634 4201 ingressus,
1667 4134 1927 4202 templum
1959 4147 2068 4186 non

483 4221 714 4284 evertit,
746 4221 841 4274 sed
873 4222 1220 4289 profanavit,
1259 4231 1422 4293 atque
1457 4233 1668 4293 gentem
1701 4224 1767 4277 ad
1803 4224 1946 4278 idola
1981 4239 2067 4277 co-

489 4309 650 4367 lenda
695 4315 978 4383 compulit.
1032 4313 1275 4379 Quarum
1324 4330 1506 4370 rerum
1554 4314 1877 4380 historiam,
1927 4316 2066 4370 liber

490 4401 921 4460 Machabteorutn
987 4407 1285 4475 inscriptus
1331 4408 1733 4477 complectitur.
1761 4406 1820 4460 ln
1845 4423 1953 4477 quo
1978 4423 2069 4463 oc-

487 4497 733 4553 cisorum
766 4514 1028 4554 numerus
1048 4539 1063 4564 ,
1094 4500 1340 4570 variique
1383 4498 1530 4553 modi
1560 4500 1716 4568 queis
1749 4513 1847 4568 pro
1867 4499 2068 4568 pietate

2172 3371 2485 3441 ἐπιγράφει,
2517 3368 2828 3434 Συνέσεως
2877 3365 2955 3432 τῷ
2991 3369 3194 3437 Ἀσάφ,
3231 3369 3324 3421 καὶ
3368 3368 3568 3438 προῖὼν
3621 3367 3759 3438 ἑξῆς

2171 3462 2667 3534 ἀνακεφαλαιοῦται
2701 3462 2879 3515 αὐτῶν
2913 3461 3093 3525 πάσας
3129 3459 3224 3523 τὰς
3261 3461 3622 3532 παρανομίας.

2927 3667 3001 3720 Z'.

2258 3758 2684 3830 Ἐπιτεμόμενος
2725 3775 2785 3811 το
2830 3757 3034 3828 πλῆθος
3082 3759 3190 3811 τῶν
3243 3757 3602 3829 ἀσεϐημάτων
3659 3759 3756 3813 τοῦ

2183 3851 2452 3905 Ἰουδαίων
2485 3850 2689 3914 ἔθνους,
2726 3850 2821 3903 καὶ
2849 3849 3037 3921 ὥσπερ
3071 3851 3130 3903 ὲν
3161 3850 3328 3922 στήλῃ
3363 3850 3462 3914 τὰς
3497 3851 3618 3905 κατ’
3653 3853 3756 3906 αὑ-

2169 3943 2279 3997 τῶν
2311 3944 2645 4014 κατηγορίας
2667 3941 3002 4006 ὲντυπώσας,
3034 3942 3342 4007 ἀκολούθως
3370 3943 3458 3997 διὰ
3483 3943 3589 3997 τῶν
3618 3961 3762 4015 προ-

2170 4036 2438 4107 κειμένων
2466 4037 2563 4106 τὴν
2588 4036 2882 4107 γενομένην
2915 4037 3033 4090 κατ’
3064 4036 3242 4090 αὐτῶν
3269 4037 3630 4090 ἐπανάστασιν
3655 4054 3758 4089 κα-

2168 4127 2237 4181 τὰ
2266 4129 2393 4190 τοὺς
2421 4128 2646 4198 χρόνους
2680 4128 2951 4199 Ἀντιόχου
2979 4127 3076 4180 τοῦ
3111 4129 3210 4197 τῆς
3252 4128 3447 4200 Συρίας
3489 4127 3754 4198 βασιλέως

2171 4214 2436 4279 θεσπίζει.
2456 4217 2513 4268 Ὀ
2541 4215 2780 4271 ἐπελθὼν
2815 4221 2926 4281 τοῖς
2965 4217 3372 4289 Ἱεροσολύμοις,
3412 4219 3472 4270 ού
3503 4217 3757 4287 καθαιρεῖ

2175 4305 2293 4376 μὲν,
2329 4306 2546 4378 βεϐηλοῑ
2574 4306 2629 4359 δὲ
2652 4307 2712 4359 τὸ
2739 4309 2902 4378 ἱερὸν,
2932 4308 3338 4381 εἰδωλολατρεῖν
3362 4310 3755 4377 ἐπαναγκάσας

2169 4398 2230 4452 τὸ
2262 4399 2429 4463 ἔθνος.
2461 4400 2678 4453 Τούτων
2711 4400 2767 4452 δὲ
2801 4399 2896 4470 τὴν
2934 4401 3173 4471 ἱστορίαν
3203 4404 3235 4473 ἡ
3267 4402 3372 4454 τῶν
3413 4402 3758 4473 ἐπιγεγραμο

2175 4491 2351 4561 μένων
2399 4490 2775 4545 Μακκαϐαίων
2819 4491 2996 4561 βίϐλος
3042 4493 3317 4564 περιέχει·
3369 4495 3424 4546 ὲν
3547 4493 3641 4545 καὶ
3684 4494 3756 4546 τά

489 4589 810 4660 martyrium
837 4590 1080 4660 perpessi
1106 4599 1255 4655 sunt,
1294 4591 1704 4646 describuntur.
1735 4589 1918 4656 Quare
1953 4592 2062 4660 spi-

2175 4582 2351 4653 πλήθη
2381 4581 2489 4635 τῶν
2523 4585 2907 4654 ἀνῃρημένων,
2941 4585 2993 4637 οἵ
3022 4602 3079 4637 τε
3114 4586 3305 4655 τρόποι
3329 4585 3434 4638 τῶν
3471 4585 3574 4637 ὑπὸ
3601 4586 3757 4638 εὐσε-

489 4680 628 4734 ritus
655 4681 1005 4750 propheticus
1039 4681 1138 4736 has
1174 4683 1451 4752 supplices
1488 4696 1651 4736 voces
1681 4697 1780 4751 pro
1813 4681 2072 4736 universo

487 4769 692 4838 populo
720 4769 945 4826 effundit
978 4791 990 4826 :
1027 4772 1192 4837 Deus,
1223 4781 1474 4828 venerunt
1503 4782 1674 4843 gentes
1701 4774 1755 4826 in
1791 4772 2074 4826 ltwredita-

489 4867 592 4913 tem
625 4868 769 4913 tuam
795 4899 810 4924 ,
837 4863 1142 4930 polluerunt
1185 4865 1435 4932 templum
1463 4873 1708 4917 sanctum
1755 4873 1935 4924 tuum,
1977 4879 2071 4932 po—

487 4959 707 5003 suerunt
745 4951 1044 5007 Jerusalem
1089 4956 1145 5008 in
1187 4971 1465 5023 pontorum
1508 4954 1828 5008 custodiam.
1865 4953 2068 5008 Posue-

490 5049 614 5093 runt
663 5044 949 5097 morticina
995 5062 1267 5100 servorum
1319 5059 1529 5102 tuorum
1571 5065 1716 5101 escas
1764 5046 2066 5102 volatilibus

489 5132 606 5188 mli
623 5174 638 5198 ,
665 5151 848 5190 carnes
875 5147 1180 5192 sanctorum
1211 5151 1423 5194 tuorum
1457 5141 1635 5195 bestiis
1664 5151 1818 5194 terrae
1847 5141 1912 5196 “.
1941 5139 2066 5194 llaec

489 5228 556 5281 ad
584 5227 812 5298 gloriam
845 5231 1024 5300 gentis
1053 5233 1384 5301 vergebant,
1417 5249 1588 5302 quare
1617 5249 1813 5306 magna
1843 5249 1967 5288 cum
2004 5233 2068 5287 ﬁ-

489 5316 650 5371 ducia
677 5317 820 5373 dicta
849 5327 997 5374 sunt.
1033 5319 1233 5374 Verum
1267 5337 1374 5376 non
1407 5323 1535 5376 talia
1568 5330 1725 5377 erant
1755 5323 1810 5377 in
1843 5333 2066 5392 septua-

490 5407 700 5478 gesimo
755 5411 948 5474 tertio,
999 5411 1056 5466 in
1098 5427 1208 5480 quo
1249 5411 1572 5469 dicebatur:
1615 5413 1846 5486 L'tquia',
1893 5415 2066 5480 Deus,

497 5501 739 5570 repuliin
771 5503 823 5555 in
856 5504 1051 5572 linem,
1092 5505 1264 5558 iratus
1291 5515 1369 5558 est
1411 5505 1563 5572 furor
1595 5515 1716 5561 tuus
1758 5522 1915 5573 super
1949 5523 2068 5562 ores.

487 5605 700 5659 pascua:
728 5604 832 5644 tua:
856 5591 938 5645 '5?
969 5592 1080 5647 Illis
1103 5593 1304 5662 quippe
1332 5592 1567 5662 abjectio
1598 5595 1781 5663 p0puli
1816 5595 1871 5648 in
1904 5595 2064 5648 finem

491 5696 664 5752 usque
693 5681 1096 5752 declarabatur,
1141 5701 1354 5741 necnon
1395 5693 1673 5754 postrema
1711 5685 2066 5758 Jerosolymae

559 5835 606 5870 ⁸³
631 5835 772 5893 Psal.
806 5855 1009 5906 tum,
1059 5843 1101 5898 I.
1181 5843 1225 5875 "
1262 5841 1408 5898 Psal.
1441 5855 1678 5909 unm,
1710 5842 1760 5912 l,
1794 5841 1850 5898 2.

2173 4675 2323 4737 Gala;
2383 4675 2886 4746 μεμαρτυρηκότων
2951 4679 3081 4747 παρ’
3116 4679 3298 4742 αὐτοῖς
3341 4679 3752 4749 ἀνεγράφησαν.

2170 4766 2260 4819 Διὸ
2298 4767 2357 4820 τὸ
2393 4767 2727 4840 προφητικὸν
2757 4768 2978 4840 Πνεῦμα
3014 4770 3249 4834 ἔντευξιν
3275 4771 3414 4842 ὑπὲρ
3437 4771 3532 4824 τοῦ
3553 4771 3755 4836 παντὸς

2164 4858 2485 4928 ἀναπέμπει
2520 4858 2648 4913 λαοῦ
2680 4860 2907 4928 φάσκον·
2927 4862 2980 4912 Ὁ
3010 4861 3171 4926 Θεὸς,
3195 4861 3468 4930 ἥλθοσαν
3498 4864 3642 4930 ἔθνη
3667 4867 3757 4929 εἰς

2169 4953 2284 5018 τὴν
2339 4953 2748 5020 κληρονομίαν
2796 4968 2934 5015 σου,
2985 4953 3237 5021 ἐμίαναν
3280 4955 3387 5007 τὸν
3443 4955 3595 5008 ναὸν
3648 4957 3758 5008 τὸν

2168 5042 2338 5108 ἅγιόν
2382 5060 2533 5108 σου,
2573 5046 2776 5098 ἔθεντο
2813 5045 3200 5114 Ἰερουσαλὴμ
3241 5050 3327 5111 εἰς
3363 5049 3754 5117 ὀπωρορυλά-

2169 5137 2582 5190 κιον.Ἕθεντο
2610 5136 2681 5189 τὰ
2710 5139 3034 5207 θνησιμαῖα
3061 5138 3180 5192 τῶν
3207 5139 3441 5192 δούλων
3461 5156 3576 5194 σου
3594 5141 3755 5208 βρώ-

2169 5243 2322 5287 ματα
2350 5227 2474 5292 τοῖς
2501 5230 2796 5295 πετεινοῖς
2819 5231 2922 5285 τοῦ
2947 5231 3227 5300 οὐρανοῦ,
3251 5232 3356 5294 τὰς
3383 5229 3617 5298 σάρκας
3638 5232 3756 5284 τῶν

2170 5319 2357 5372 ὁσίων
2406 5336 2524 5374 σου
2572 5321 2697 5386 τοῖς
2737 5324 2966 5391 θηρίοις
3010 5322 3120 5390 τῆς
3149 5321 3278 5393 γῆς.
3318 5322 3502 5376 Ταῦτα
3549 5325 3658 5396 γὰρ
3687 5320 3755 5393 ἦν

2177 5412 2628 5482 σεμνολογήματα
2659 5413 2751 5466 τοῦ
2787 5414 2991 5474 ἔθνους·
3024 5413 3104 5467 διὸ
3145 5414 3239 5466 σὺν
3267 5415 3549 5486 παρρησία
3586 5414 3753 5484 πολλῇ

2172 5503 2411 5558 λέλεκτο.
2431 5505 2568 5557 Ἀλλ’
2592 5507 2652 5558 ού
2697 5505 2922 5560 τοιαῦτα
2961 5501 3029 5576 ἦν
3076 5504 3144 5558 τὰ
3188 5507 3246 5558 ὲν
3278 5505 3357 5576 τῷ
3385 5512 3434 5574 γ’
3459 5507 3553 5559 καὶ
3591 5514 3653 5568 0',
3687 5505 3754 5558 δι’

2172 5590 2232 5649 οὗ
2262 5595 2478 5664 ἐλέγετο
2497 5614 2511 5628 ·
2545 5597 2669 5651 Ἵνα
2697 5599 2774 5660 τί,
2808 5601 2840 5652 0'
2880 5598 3044 5664 Θεὸς,
3068 5598 3286 5653 ἀπώσω
3315 5600 3401 5663 εἰς
3426 5597 3620 5664 τέλος,
3645 5598 3752 5666 ὠρ-

2174 5687 2350 5756 γίσθη
2399 5692 2431 5743 ό
2474 5691 2660 5759 θυμός
2687 5706 2803 5746 σοι·
2835 5692 2932 5746 ἐπὶ
2969 5694 3231 5760 πρόϐατα
3270 5690 3459 5763 νομῆς
3484 5706 3633 5753 cev;
3665 5690 3751 5742 Ἐν

1931 5842 1974 5875 ⁸⁸
2010 5841 2154 5900 Psal.
2192 5858 2382 5913 nun,
2424 5843 2471 5896 Ι.
