4068 6528
261 357 383 417 '82!)
1410 346 1918 410 COMMENTARIA
1955 348 2025 406 1N
2063 347 2409 410 PSALMOS.
3447 351 3552 408 830

269 472 503 536 ἐκείνοις
535 469 645 544 γὰρ
669 471 766 542 τὴν
795 471 874 534 είς
898 469 1050 534 τέλος
1081 466 1352 538 ἀποϐολὴν
1386 464 1478 519 τοῦ
1515 464 1702 530 ἔθνους
1747 465 1847 536 ὲδήι

1975 465 2132 519 ruina
2164 485 2177 521 :
2215 466 2269 520 in
2298 465 2396 520 illo
2425 463 2552 519 item
2589 479 2700 520 non
2733 463 2948 522 faustus
2981 463 3140 530 linis,
3175 479 3284 520 non
3318 468 3553 536 promis-

267 563 385 626 λου,
413 562 510 616 καὶ
563 564 661 633 τὴν
719 563 954 634 ἐσχάτην
1001 561 1104 632 τῆς
1139 557 1496 631 Ἰερουσαλὴμ
1523 557 1838 610 ἀπόπτωσιν

1972 559 2089 625 sio,
2121 573 2244 628 quae
2294 557 2586 614 recensitis
2626 557 2787 613 malis
2834 557 3139 620 medeatur,
3181 556 3450 624 atl‘ertur;
3495 566 3552 612 at

265 657 383 709 Καὶ
410 657 468 708 ὲν
498 655 694 726 ἐκείνῳ
727 655 825 725 μὲν
857 655 957 707 ούκ
986 653 1286 725 ἐμφέρεται
1323 650 1556 722 χρηστὸν
1589 649 1743 713 τέλος
1773 649 1847 702 0b-

1970 651 2024 704 in
2062 650 2320 720 praesenti
2367 658 2489 720 post
2525 649 2702 704 tristia
2753 650 2846 703 illa
2896 649 3011 704 haec
3044 653 3098 704 in
3132 649 3236 703 line
3279 650 3552 704 sermonis

261 747 326 800 δὲ
374 745 679 815 ἐπαγγελία
719 763 804 810 τις
834 744 1215 818 θεραπεύουσα
1244 743 1312 796 τά
1337 741 1640 813 λελεγμένα
1666 760 1679 773 ·
1712 744 1768 794 ἐν
1801 740 1847 794 δέ

1979 742 2168 812 adjicit
2198 761 2210 796 :
2247 742 2422 796 Redde
2449 741 2634 796 vicinis
2665 743 2862 795 nostris
2893 743 3190 812 septuplum
3223 741 3276 795 in
3322 742 3441 794 sinu
3459 758 3551 796 eo-

261 837 350 907 τῷ
383 836 612 908 παρόντι
645 836 780 907 μετά
807 836 874 889 τά
901 835 1202 906 σκυθρωπά
1224 834 1585 888 έπισυνάπτει
1608 831 1688 903 τῷ
1717 831 1847 884 τέλει

1967 851 2132 900 rum,
2192 835 2574 904 improperium
2622 835 2860 904 ipsorum
2889 878 2903 899 ,
2955 851 3056 904 quo
3106 833 3550 902 exprobrarerunt

261 925 364 980 τοῦ
414 926 617 990 παντὸς
664 926 860 995 λόγουο
915 925 1156 991 Ἀπόδος
1210 923 1331 990 τοῖς
1381 924 1648 994 γείτοσιν
1698 919 1847 991 ἡμῶν

1968 927 2084 990 tibi,
2105 924 2347 979 Domine.
2372 921 2486 978 Nos
2516 935 2690 978 autem
2719 924 2943 993 populus
2976 935 3098 978 tuus
3127 933 3175 978 et
3204 939 3318 976 oves
3340 936 3551 990 pascua

261 1017 730 1072 ἑπταπλασίονα
769 1021 856 1083 εὶς
897 1018 1005 1071 τὸν
1038 1019 1272 1071 κόλπον
1304 1014 1524 1080 αὐτῶν,
1556 1015 1662 1068 τὸν
1708 1017 1847 1069 drat-

1970 1027 2105 1082 tute,
2134 1017 2508 1077 conﬁtebimur
2539 1016 2634 1071 tibi
2667 1018 2721 1070 in
2751 1017 3026 1072 sa'culum.
3064 1014 3130 1070 In
3161 1014 3550 1086 generationem

255 1107 491 1178 δισμὸν
519 1109 738 1174 αὐτῶν,
767 1111 838 1165 ὃν
862 1108 1184 1164 ὠνείδισὰν
1209 1124 1304 1172 σε,
1339 1110 1532 1178 Κύριε.
1552 1108 1750 1178 Ἡμεῖς
1777 1107 1866 1171 δὲ,

261 1204 425 1270 λαός
456 1221 573 1260 σου
613 1205 712 1260 καὶ
741 1207 1006 1275 πρόϐατα
1045 1205 1239 1275 νομῆς
1285 1220 1421 1268 σου,
1461 1205 1869 1274 ἀνθομολογη-

1967 1119 2016 1165 et
2069 1111 2459 1181 generationem
2504 1109 2943 1164 annuntiabimus
2984 1109 3194 1163 laudent
3240 1117 3406 1162 tuam.
3455 1105 3551 1162 Hae

1967 1203 2169 1272 quippe
2202 1217 2329 1256 vere
2359 1203 2639 1271 justorum
2675 1219 2837 1259 voces
2867 1209 3016 1258 sunt.

256 1295 495 1364 σόμεθά
517 1311 616 1352 σοι
645 1300 732 1364 εις
752 1297 860 1350 τὸν
889 1294 1098 1352 αἰῶνα.
1129 1299 1236 1362 Εἰς
1261 1295 1476 1366 γενεὰν
1515 1295 1613 1349 καὶ
1643 1294 1857 1365 ¹γιενεὰν
1893 1293 2342 1364 ἐξαγγελοῦμεν
2373 1292 2489 1362 τὴν
2521 1293 2763 1348 ατνεσίν
2791 1308 2928 1347 σου.
2981 1287 3151 1347 Αὖται
3217 1289 3326 1363 γὰρ
3365 1289 3550 1361 σαφῶς

251 1389 494 1445 δικαίων
529 1391 856 1462 τυγχάνουσι
883 1392 1075 1462 φωναί.

1026 1508 1088 1560 ῐ1¹
1097 1549 1109 1560 .

343 1597 413 1652 Ἦ
463 1598 624 1670 ὀγδόη
677 1600 985 1670 προφητεία
1037 1598 1130 1653 τοῦ
1177 1598 1348 1668 Ἀσὰφ
1399 1615 1572 1652 πολλα
1606 1598 1862 1670 σημαίνει

255 1689 410 1744 κατά
437 1690 495 1744 τὸ
519 1690 649 1744 αὐτὸ
680 1690 768 1744 διὰ
804 1690 904 1761 τῆς
949 1693 1307 1762 προγραφῆς·
1346 1689 1461 1743 ἐστι
1491 1691 1628 1762 γὰρ,
1663 1693 1752 1754 είς
1793 1690 1858 1744 τὸ

2687 1497 2822 1552 Vlll.

2034 1593 2240 1647 Octava
2285 1590 2492 1661 Asaphi
2531 1590 2816 1660 prophetia
2860 1590 3031 1644 multa
3079 1590 3134 1644 in
3177 1590 3338 1644 titulo
3383 1590 3547 1646 simul

1962 1683 2168 1740 indicat
2201 1702 2212 1738 :
2245 1699 2369 1736 nam
2399 1683 2622 1745 dicitur,
2650 1685 2703 1736 in
2739 1683 2926 1752 ﬁnem,
2956 1690 3032 1747 et,
3066 1698 3162 1752 pro
3192 1682 3259 1736 iis
3289 1683 3380 1753 qui
3402 1699 3546 1736 cont-

251 1780 464 1849 τέλος,
515 1782 639 1847 καὶ,
699 1785 850 1852 ὑπὲρ
914 1781 1033 1836 τῶν
1091 1782 1684 1851 ἀλλοιωθησομένων,
1742 1783 1847 1843 καὶ,

1963 1776 2344 1840 mutabuntur,
2371 1783 2459 1836 et,
2491 1776 2730 1844 psalmus
2763 1776 2810 1806 "
2840 1794 2854 1828 :
2891 1774 2958 1828 ad
2998 1774 3112 1830 haec
3143 1782 3324 1830 autem
3359 1776 3544 1830 omnia

254 1876 540 1944 ψαλμόςο
575 1875 710 1946 πρὸς
749 1875 962 1938 τούτοις
994 1874 1196 1928 ἅπασιν
1228 1876 1613 1945 ὲπιτετήρηται
1652 1873 1727 1936 ώς
1765 1875 1856 1926 καὶ

243 1966 585 2034 μαρτύριον
633 1966 718 2036 εἴη
757 1965 915 2036 μόνος
948 1959 1101 2028 οὗτος
1144 1963 1252 2017 τῶν
1301 1967 1357 2018 έν
1407 1965 1554 2034 πάσῃ
1589 1965 1654 2034 τῇ
1689 1963 1856 2033 βίϐλῳ

251 2057 583 2128 φερομένων
629 2056 802 2120 οὕτως
846 2055 1345 2127 ἐπιγεγραμμένος.
1379 2057 1473 2118 Et;
1526 2057 1621 2125 μὲν
1669 2052 1762 2109 οὖν
1794 2057 1856 2109 τὸ

248 2145 416 2210 τέλος
467 2146 779 2216 ἀναπέμπει
822 2145 909 2199 διὰ
950 2147 1011 2199 τὺ
1053 2147 1328 2211 θεσπίζειν
1358 2148 1418 2200 τὸ
1462 2147 1670 2218 μέλλον
1703 2148 1854 2217 ὑπὲρ

249 2236 309 2290 δὲ
395 2235 517 2289 τῶν
580 2237 1175 2307 ἀλλοιωθησομένων,
1242 2238 1330 2292 διὰ
1387 2239 1484 2310 τὴν
1554 2240 1852 2311 μεταϐολὴν

251 2325 369 2379 τῶν
425 2325 515 2379 διά
567 2327 666 2395 τῆς
726 2327 1061 2397 προφητείας
1116 2327 1496 2396 δηλουμένων·
1525 2331 1854 2398 μαρτύριον

247 2417 308 2470 δὲ
363 2419 580 2488 εἴρηται
612 2417 700 2470 διὰ
742 2417 804 2470 τὸ
851 2417 1222 2488 μαρτύρεσθαι
1274 2418 1404 2488 περὶ
1459 2419 1550 2472 τοῦ
1599 2420 1655 2470 ἐν
1703 2418 1851 2488 αὐτῷ

254 2507 828 2576 προαναφωνουμένου
855 2509 1045 2578 ἀνδρὸς
1077 2507 1172 2560 καὶ
1212 2507 1308 2561 τοῦ
1355 2509 1688 2580 καλουμένου
1717 2511 1848 2565 Υίοῦ

250 2595 572 2669 ἀνθρώπου.
616 2596 742 2650 Υἱδν
801 2597 910 2668 γάρ
962 2614 1084 2649 τινα
1141 2596 1429 2668 ἀνθρώπου
1487 2600 1698 2670 εἰσάγει
1753 2603 1850 2655 καὶ

252 2687 431 2760 ἄνδρα
457 2689 637 2756 δεξιᾶς
666 2689 760 2743 τοῦ
805 2689 940 2743 Θεοῦ
978 2689 1166 2743 τοῦτον
1189 2692 1464 2762 ὀνομάζει.
1496 2694 1719 2764 Πρῶτον
1751 2695 1848 2765 μὲν

248 2777 350 2835 οὖν
388 2779 483 2833 τοῦ
524 2781 796 2836 Ἰουδαίων
827 2781 1012 2844 ἔθνους
1036 2781 1135 2852 τὴν
1177 2783 1286 2836 ἀπὸ
1316 2784 1592 2852 Αἰγύπτου
1623 2787 1848 2856 πορείαν

251 2871 352 2927 καὶ
381 2873 482 2945 τὴν
513 2874 608 2926 ἐπὶ
645 2873 743 2943 τῆς
777 2873 1151 2928 Παλαιστινῶν
1185 2874 1288 2944 γῆς
1318 2876 1529 2948 οἴκησιν
1579 2879 1850 2950 παρίστη-

255 2981 342 3017 σιν
374 2965 435 3017 ὲν
463 2963 796 3036 ἀλληγορίας
821 2965 1010 3037 τρόπῳ
1035 2967 1260 3036 φάσκων
1279 2984 1294 2998 ·
1334 2970 1630 3036 Ἄμπελον
1655 2967 1724 3032 ἐξ
1752 2970 1850 3023 Αί-

251 3057 489 3126 τύπτου
527 3055 810 3125 μετῆρας,
842 3057 1128 3127 ἐξέϐαλες
1173 3058 1318 3127 ἔθνη
1357 3061 1453 3114 καὶ
1490 3061 1848 3129 κατεφύτευ-

1960 1869 2285 1924 observatur
2314 1869 2460 1924 hunc
2488 1871 2666 1924 solum
2699 1868 2968 1938 psalmum
2993 1911 3007 1934 ,
3030 1885 3096 1923 ex
3126 1871 3194 1925 iis
3224 1869 3315 1938 qui
3345 1870 3399 1924 in
3430 1878 3546 1926 toto

1957 1961 2100 2016 libro
2134 1960 2406 2024 feruntur,
2453 1962 2813 2014 testimonium
2856 1960 3106 2016 inscribi.
3151 1960 3208 2014 In
3246 1961 3405 2016 liuent
3443 1962 3547 2018 ita-

1957 2068 2065 2121 que
2096 2053 2345 2116 remittit,
2365 2052 2493 2122 quia
2528 2051 2714 2106 futura
2745 2053 3106 2120 vaticinatur;
3135 2061 3220 2107 est
3247 2069 3412 2116 vero,
3446 2069 3545 2124 pro

1957 2145 2023 2197 iis
2054 2148 2143 2214 qui
2169 2145 2656 2207 commutabuntur,
2681 2145 2751 2199 ob
2775 2147 3127 2199 mutationem
3153 2161 3341 2200 eorum
3365 2146 3455 2216 qui
3487 2149 3543 2202 in

1955 2237 2244 2307 prophetia
2285 2237 2648 2302 indicantur;
2692 2238 3050 2291 testimonium
3088 2246 3271 2292 autem
3314 2239 3540 2302 dicitur,

1955 2331 2083 2399 quia
2118 2330 2494 2384 testimonium
2530 2330 2732 2399 przebet
2765 2330 2886 2383 viro
2920 2330 3118 2384 ibidem
3151 2331 3540 2399 praenuntiata,

1953 2430 2006 2476 et
2034 2421 2083 2474 ei
2110 2420 2204 2490 qui
2231 2429 2460 2475 vocatur
2480 2421 2651 2476 Filius
2683 2421 2941 2476 hominis.
2962 2419 3096 2474 Nam
3125 2421 3415 2490 quemdam
3446 2420 3538 2474 Fi-

1952 2515 2083 2568 lium
2130 2513 2370 2569 hominis
2416 2514 2504 2568 hic
2550 2513 2796 2578 inducit,
2847 2522 2901 2568 et
2946 2513 3124 2567 virum
3170 2513 3410 2568 dexterae
3444 2512 3542 2568 Dei

1950 2602 2205 2658 eumdem
2235 2613 2534 2674 nuncupat.
2569 2601 2755 2657 Primo
2786 2602 2967 2672 itaque
2993 2600 3206 2656 Judaici
3240 2604 3424 2672 populi
3470 2618 3536 2658 es

1951 2690 2188 2762 Egypto
2220 2693 2462 2757 exitum,
2501 2699 2665 2762 atque
2709 2680 3110 2754 habitationem
3149 2694 3201 2746 in
3245 2691 3538 2747 Palmstina

1950 2784 2244 2854 allegorica
2269 2800 2419 2838 more
2443 2784 2684 2839 declarat
2708 2784 2898 2838 dicens
2924 2803 2936 2837 :
2970 2784 3193 2838 Vineam
3219 2784 3283 2838 de
3303 2783 3537 2855 Egypto

1951 2875 2309 2938 transtulisti,
2341 2875 2546 2944 ejecisti
2579 2884 2754 2944 gentes
2787 2883 2837 2929 et
2869 2875 3128 2944 plantasti
3161 2891 3279 2930 eam
3300 2915 3314 2938 ,
3344 2887 3398 2930 et
3433 2891 3541 2932 ca:-

1951 2975 2088 3018 tera.
2111 2963 2317 3019 Deinde
2338 2963 2580 3019 futuram
2605 2965 2727 3033 ejus
2751 2966 3147 3020 desolationem
3175 2967 3262 3021 his
3287 2965 3532 3022 iudicat:

1955 3052 2153 3125 thuid
2175 3054 2487 3108 destruxiin
2512 3055 2799 3108 maceriam
2823 3055 2964 3124 ejus,
2994 3063 3044 3109 et
3076 3053 3397 3110 vindemiant
3417 3071 3536 3109 eam

251 3161 379 3212 σας
407 3145 623 3213 αὐτὴν,
649 3148 743 3200 κα)⁸
767 3148 835 3200 τὰ
867 3147 1081 3211 τούτοις
1105 3149 1373 3204 ἀκόλουθα
1391 3168 1406 3182 ο
1438 3148 1556 3204 εἶτα
1584 3151 1735 3221 δηλοῖ
1751 3150 1847 3222 τὴν

1951 3167 2128 3204 omnes
2157 3151 2248 3221 qui
2289 3149 2800 3220 praztergrediuntur
2835 3150 2973 3203 viam
2998 3152 3022 3205 .9
3051 3149 3126 3204 De
3155 3149 3535 3206 obsidentibus

255 3237 530 3309 ἐσομένην
563 3239 796 3310 ἐρημίαν
825 3241 1005 3292 αὐτῶν
1049 3241 1276 3310 φάσκων
1298 3260 1311 3274 ·
1347 3243 1471 3298 Ἵνα
1495 3245 1552 3297 τί
1577 3244 1850 3311 καθεῖλες

251 3327 367 3383 τὸν
389 3329 663 3398 φραγμὸν
685 3331 899 3398 αὐτῆς,
928 3335 1025 3386 καὶ
1064 3335 1361 3406 τρυγῶσιν
1398 3337 1595 3404 αὐτὴν
1624 3337 1850 3405 πάντες

249 3422 306 3475 οἱ
355 3424 905 3492 παραπορευόμενοι
933 3425 1047 3493 τὴν
1085 3427 1254 3491 όδόν;
1301 3429 1409 3482 Καὶ
1457 3430 1584 3501 περὶ
1616 3429 1722 3483 τῶν
1753 3448 1849 3484 πο-

251 3508 664 3582 λιορκησάντων
693 3513 749 3566 δὲ
797 3515 1034 3570 διδάσκει
1074 3516 1280 3584 λέγων’
1325 3519 1694 3588 Ἐλυμῄνατο
1740 3523 1848 3574 αὑ-

248 3602 372 3670 τὴν
401 3599 476 3670 ὗς
519 3605 588 3658 ὲκ
625 3605 874 3674 δρυμοῦ,
905 3609 1002 3660 καὶ
1040 3609 1250 3678 ,ιιονιὸς
1282 3609 1484 3680 ἄγριος
1528 3612 1848 3682 κατενεμή-

249 3707 408 3749 σατο
460 3695 674 3766 αὑτήν.
711 3699 790 3749 Δι’
824 3691 899 3751 ὧν
940 3699 1033 3752 δύο
1083 3701 1450 3774 πολιορκητὰς
1487 3703 1704 3757 ἔσεσθαι
1750 3704 1844 3758 τοῦ

254 3787 444 3852 ἔθνους
490 3789 778 3861 σημαίνειο
832 3791 860 3844 ὃ
906 3792 969 3863 δὴ
1003 3793 1192 3862 γέγονε
1244 3795 1342 3864 μὲν
1390 3795 1484 3848 καὶ
1535 3796 1675 3850 κατά
1719 3798 1846 3861 τοὺς

251 3879 365 3933 τῶν
395 3880 748 3936 Βαϐυλωνίων
777 3884 1032 3955 χρόνους·
1070 3886 1287 3958 πρῶτος
1339 3887 1448 3959 γὰρ
1490 3889 1518 3940 ὁ
1561 3888 1846 3959 ’Λσσύριος

254 3971 504 4026 ἐπελθὼν
535 3973 634 4038 τὰς
681 3973 812 4027 δέκα
850 3975 1022 4045 φυλάς
1050 3977 1146 4030 τοῦ
1207 3978 1423 4048 Ἰσραὴλ
1468 3980 1845 4050 αἰχμαλώτους

249 4063 576 4134 ἀπήγαγενο
613 4059 732 4117 εἶτα
765 4065 902 4134 μετά
930 4065 1118 4120 τοῦτον
1148 4069 1176 4120 ὁ
1200 4067 1539 4133 Βαϐυλώνιος
1572 4073 1696 4134 τοὺς
1723 4073 1845 4126 ύπο-

247 4150 472 4216 λοίπους
519 4153 868 4225 ἐχειρώσατο,
918 4154 1016 4226 τὴν
1055 4156 1411 4229 Ἰερουσαλὴμ
1464 4160 1560 4212 σὺν
1605 4160 1682 4230 τῷ
1731 4159 1844 4232 ναῷ

249 4245 630 4315 πυρπολήσας.
669 4249 734 4300 ὐ
765 4247 830 4318 δὴ
869 4245 1116 4312 θεσπίζει
1152 4249 1375 4318 φάσκων
1421 4251 1449 4303 ὁ
1479 4251 1636 4320 λόγος
1659 4267 1673 4281 ·
1711 4253 1840 4321 Ἐμ-

249 4337 670 4406 πεπυρισμένη
715 4339 785 4392 ὲν
827 4339 969 4408 πυρὶ
1011 4340 1111 4393 καὶ
1149 4342 1601 4412 ἀνεσκαμμένη·
1651 4345 1840 4414 γέγονε

249 4427 306 4480 δὲ
332 4428 428 4482 καὶ
459 4429 551 4481 ἐπὶ
577 4429 675 4500 τῆς
711 4430 995 4501 Ῥωμαίων
1030 4430 1328 4500 βασιλείας,
1367 4434 1584 4504 πρῶτον
1617 4436 1714 4506 μὲν
1746 4453 1841 4489 πο-

1951 3250 2134 3296 autem
2181 3256 2301 3297 eam
2350 3240 2466 3296 hmo
2497 3241 2664 3296 tradit
2693 3261 2705 3296 :
2743 3240 3134 3296 Exterminut-it
3165 3259 3281 3297 eam
3317 3259 3443 3313 aper
3469 3243 3536 3298 de

1950 3338 2085 3392 silva
2107 3378 2120 3402 ,
2154 3347 2203 3392 et
2233 3339 2521 3408 singularis
2553 3337 2696 3408 ferus
2727 3341 2952 3394 vastavit
2981 3356 3121 3393 eam.
3169 3338 3381 3406 Quibus
3412 3355 3535 3395 vera

1949 3431 2038 3487 bis
2077 3446 2198 3486 eam
2238 3439 2455 3502 gentem
2497 3446 2526 3484 a
2567 3431 2787 3486 duobus
2827 3431 3191 3488 obsidendam
3232 3431 3529 3503 significat.

1949 3520 2108 3588 Quod
2148 3520 2330 3575 evenit
2376 3519 2803 3592 Babyloniorum
2851 3530 3141 3592 tempore:
3181 3536 3308 3575 nam
3357 3521 3532 3592 Assy-

1947 3615 2063 3668 rius
2095 3613 2245 3683 prior
2279 3611 2576 3675 invadens,
2616 3611 2806 3667 decem
2855 3613 3032 3667 tribus
3073 3612 3242 3668 Israel
3286 3612 3532 3681 captivas

1948 3704 2172 3758 abduxit
2197 3721 2210 3771 ;
2241 3704 2438 3758 deinde
2463 3719 2594 3757 vero
2620 3703 2952 3774 Babylonius
2979 3704 3222 3759 incensis
3246 3718 3369 3757 cum
3395 3711 3536 3757 tem-

1947 3797 2038 3868 plo
2080 3795 2473 3866 Jerosolymis,
2519 3797 2764 3865 reliquos
2814 3797 2978 3865 cepit.
3016 3795 3174 3862 Quod
3217 3796 3305 3849 hic
3349 3809 3531 3848 sermo

1945 3890 2274 3942 vaticinatur
2309 3887 2396 3941 his
2446 3887 2664 3942 verbis:
2719 3886 2946 3941 Incensa
3001 3888 3118 3958 igne
3162 3894 3212 3941 et
3259 3886 3530 3955 suﬂ'ossa:

1946 3979 2182 4050 idipsum
2213 3994 2430 4049 quoque
2460 3978 2834 4034 Romanorum
2869 3988 3114 4048 tempore
3145 3976 3386 4043 accidit;
3419 3968 3529 4046 pri-

1944 4087 2035 4126 mo
2069 4072 2289 4142 quidem
2322 4070 2612 4126 obsidente
2645 4070 2800 4134 Tito,
2831 4072 2924 4139 qui
2955 4077 3078 4140 post
3112 4084 3302 4124 eorum
3336 4076 3525 4122 contra

1955 4162 2295 4219 Salvatorem
2351 4173 2601 4218 nostrum
2651 4163 2941 4226 facinora,
2995 4162 3257 4230 templum
3309 4174 3526 4230 quoque

1944 4253 2234 4319 incendit;
2288 4253 2486 4309 deinde
2541 4269 2670 4310 vero
2727 4253 2973 4326 Adriano
3024 4253 3329 4321 imperante
3361 4290 3376 4313 ,
3431 4248 3526 4319 qui

1940 4344 2142 4400 Iudaeis
2167 4346 2318 4400 urbis
2359 4344 2566 4400 aditum
2611 4346 2717 4400 lata
2745 4346 2861 4415 lege
2891 4343 3216 4399 interclusit.
3246 4343 3350 4397 Sed
3375 4349 3525 4411 post-

1942 4455 2105 4508 quam
2139 4439 2327 4494 istlitcc
2370 4439 2440 4494 de
2479 4438 2767 4494 obsidione
2812 4438 2986 4508 gentis
3035 4437 3366 4490 vaticinatus
3411 4433 3526 4486 fite-

250 4516 644 4590 λιορκήσαντος
675 4522 872 4585 αὐτοὺς
899 4523 1060 4578 Τίτου
1090 4521 1184 4577 τοῦ
1219 4525 1314 4577 καὶ
1341 4525 1402 4578 τὸ
1441 4526 1583 4596 ἱερὸν
1627 4545 1842 4599 πυρπο-

1949 4534 2060 4592 rat,
2113 4527 2166 4580 in
2211 4529 2575 4597 sequentibus
2618 4529 2686 4582 de
2729 4527 2915 4581 divino
2950 4524 3259 4580 Servatoris
3289 4524 3524 4576 adventu

250 4609 517 4680 λήσαντος
561 4612 698 4682 μετὰ
725 4614 793 4668 τὰ
819 4614 1157 4685 τολμηθέντα
1189 4616 1373 4680 αὐτοῖς
1417 4617 1559 4670 κατά
1601 4617 1695 4670 τοῦ
1725 4619 1838 4672 Σω-

1948 4620 2063 4673 Ιιαιο
2092 4621 2366 4690 precando
2397 4621 2572 4675 dicit:
2609 4621 2739 4674 Fiat
2778 4637 2965 4673 manus
3014 4631 3107 4671 tua
3154 4633 3310 4685 super
3352 4616 3524 4670 virum

249 4701 421 4770 τῆρος
455 4703 641 4772 ἡμῶν·
677 4703 868 4758 ἔπειτα
908 4705 1187 4776 Ἀδριανοῦ
1223 4706 1317 4760 τοῦ
1345 4707 1442 4778 τὴν
1485 4708 1639 4762 πόλιν
1665 4710 1838 4780 αὐτὴν

1949 4710 2165 4766 lextera:
2195 4722 2298 4766 tua:
2320 4753 2334 4773 ,
2373 4723 2418 4766 et
2450 4729 2606 4780 super
2633 4711 2837 4765 Filium
2871 4711 3098 4764 hominis
3134 4725 3286 4779 quem
3327 4709 3525 4775 con/ir-

241 4788 454 4842 ¹ἄϐατον
489 4791 762 4855 Ἰουδαίοις
795 4789 934 4846 εἶναι
964 4795 1442 4868 νομοθετήσαντος.
1487 4799 1623 4852 Ἀλλ’
1652 4801 1838 4871 ἐπειδὴ

250 4879 428 4934 ταῦτα
483 4883 614 4954 περὶ
659 4883 759 4954 τῆς
806 4885 1122 4956 πολιορκίας
1178 4887 1432 4942 ἐθέσπισε
1484 4890 1578 4944 τοῦ
1632 4891 1836 4956 ἔθνους,

252 4971 459 5041 προϊὼν
499 4975 629 5043 περὶ
672 4977 769 5046 τῆς
820 4978 1087 5049 σωτηρίου
1137 4977 1455 5046 Θεοφανείας
1499 4982 1663 5052 εύχὴν
1707 4984 1841 5036 ἀνα·

252 5062 462 5132 πέμπει
509 5065 713 5133 λέγων’
756 5071 1071 5137 Γενηθήτω
1116 5071 1153 5137 ὴ
1201 5073 1332 5139 χείρ
1383 5087 1499 5126 σου
1531 5074 1624 5126 ἐπ’
1651 5074 1841 5142 ἄνδρα

251 5151 456 5221 δεξιᾶς
479 5170 616 5221 σου,
646 5159 742 5212 καί
765 5159 865 5213 ἐπὶ
917 5163 1052 5216 Υἱὸν
1082 5163 1396 5230 ἀνθρώπου
1424 5164 1496 5217 ὃν
1526 5165 1840 5232 ἐκραταίω-

250 5263 368 5315 σας
406 5251 661 5316 σεαυτῷ.
698 5254 1016 5326 Παρακαλεῖ
1057 5254 1116 5308 δὲ
1165 5257 1222 5307 ἐν
1266 5256 1477 5320 τούτοις
1529 5257 1618 5310 τὸν
1665 5258 1835 5331 ἄνδρα

1939 4806 2100 4858 masti
2149 4807 2264 4860 tibi.
2305 4805 2403 4860 llis
2435 4814 2616 4860 autem
2655 4813 2838 4875 rogat,
2872 4815 2931 4858 ut
2960 4804 3045 4860 vir
3073 4804 3309 4857 dextera:
3339 4801 3432 4854 Dei
3465 4802 3522 4854 in

1940 4907 2084 4952 terra
2124 4904 2405 4968 appareat.
2447 4897 2552 4951 Per
2583 4897 2760 4967 ipsum
2796 4896 2979 4959 enim,
3018 4895 3232 4966 inquit,
3281 4909 3382 4948 nos
3427 4893 3521 4962 qui

1940 4989 2288 5059 suscepimus
2321 5005 2446 5043 etim
2468 5028 2483 5053 ,
2517 5004 2624 5042 non
2665 4987 3008 5043 discedemus
3045 5002 3074 5041 a
3108 4995 3194 5051 te,
3229 4985 3320 5039 sed
3361 4985 3520 5038 etiam

1941 5095 2040 5149 per
2078 5079 2258 5150 ipsum
2293 5094 2394 5134 nos
2427 5079 2773 5135 vivilicabis:
2813 5079 3168 5149 quamobrem
3212 5077 3299 5130 his
3337 5074 3520 5130 verbis

1938 5172 2355 5241 supplicamus:
2408 5170 2634 5226 Domine
2678 5174 2966 5237 virtutum,
3012 5179 3247 5225 converte
3290 5183 3420 5230 nos,
3469 5173 3520 5218 et

1937 5263 2150 5316 ostende
2181 5262 2374 5333 [aciem
2405 5273 2553 5318 tuam
2585 5280 2682 5335 per
2711 5264 3031 5335 praedictum
3063 5264 3239 5318 virum
3262 5303 3276 5328 ,
3306 5270 3353 5314 et
3385 5258 3520 5314 salbi

252 5335 352 5407 τῆς
377 5339 558 5406 δεξιᾶς
586 5343 678 5395 τοῦ
705 5343 838 5398 Θεοῦ
867 5345 1098 5415 ὀφθῆναι
1128 5346 1221 5400 ἐπὶ
1252 5346 1376 5416 γῆς.
1409 5350 1486 5399 Δι’
1510 5349 1673 5401 αὑτοῦ
1701 5350 1829 5421 γὰρ,
1853 5404 1860 5411 ,
1929 5355 2146 5410 erimus.

257 5430 440 5499 φησὶν.
477 5432 638 5502 ἡμεῖς
667 5436 716 5487 οί
753 5437 1186 5509 παραδεξάμενοι
1214 5439 1374 5493 αὐτὸν
1408 5439 1470 5493 ού
1513 5440 1587 5510 μὴ
1622 5441 1950 5515 ἀποστῶμεν
2017 5447 2126 5500 ἀπὸ
2163 5448 2278 5510 σοῦ,
2311 5449 2446 5502 ἀλλά
2482 5448 2573 5504 καὶ
2605 5448 2846 5514 ζωώσεις
2881 5450 3026 5519 ἡμᾶς
3059 5448 3124 5502 δι’
3166 5444 3330 5500 αὑτοῦ
3373 5462 3388 5477 ο
3447 5445 3518 5499 δι’

253 5519 282 5572 δ
325 5523 784 5616 καὶ,ίῗ⁶ετ⁵ύ⁰μεν
842 5529 1092 5599 λέγοντες
1133 5549 1146 5563 ⁸
1195 5536 1373 5604 Κύρίε
1415 5535 1536 5588 τῶν
1563 5535 1897 5606 δυνάμεων,
1938 5542 2315 5613 ἐπίστρεψον
2350 5546 2522 5616 ἡμᾶς,
2581 5547 2677 5600 καὶ
2724 5546 3022 5614 ἐπίφανον
3075 5543 3138 5596 τὸ
3193 5541 3516 5610 πρόσωπόν

255 5627 392 5679 σου,
425 5613 513 5674 διὰ
543 5617 635 5670 τοῦ
679 5619 1010 5690 δηλωθέντος
1037 5624 1250 5696 ἀνδρὸς,
1286 5627 1383 5680 καὶ
1409 5629 1821 5700 σωθησόμεθα.

327 5794 372 5826 ⁸³
394 5792 539 5852 Psal.
585 5813 770 5866 usus,
805 5800 854 5854 l.
