4068 6546
564 379 665 439 831

1313 499 1408 556 IX.

632 590 935 645 Admodum
960 599 1361 661 consequenter
1398 591 1463 645 ad
1506 590 1780 660 praedicta,
1808 588 1941 655 haec,
1971 603 2135 658 quam

559 688 882 743 tractamus.
928 683 1234 753 prOphetia,
1285 700 1381 752 pro
1428 682 1783 737 torcularibus
1803 682 1845 713 ⁸⁷
1874 682 2138 749 inscripta

558 779 663 833 est,
693 781 745 826 et
777 772 842 827 ad
873 774 1033 829 linem
1060 774 1305 829 remittit.
1333 772 1652 828 Torcularia
1678 788 1840 844 porro
1861 772 1950 826 hic
1978 778 2139 825 vocat

557 864 831 922 Ecclesias
868 867 962 922 Dei
1001 883 1100 937 per
1122 877 1295 923 totum
1318 869 1507 923 orbem
1552 869 1904 933 constitutas,
1930 869 1985 922 in
2014 868 2139 937 qui-

557 954 662 1009 bus
704 966 907 1011 sanctae
949 958 1097 1013 illius
1135 958 1308 1014 vinea:
1348 959 1623 1014 vindemia
1664 960 1957 1030 colligitur.
2010 957 2140 1013 Stu-

556 1045 734 1115 pendo
766 1057 949 1104 autem
994 1049 1157 1105 modo
1192 1067 1287 1121 pro
1336 1050 1714 1117 torcularibus,
1756 1059 1879 1123 post
1919 1052 2138 1109 destru-

554 1144 698 1191 ctam
730 1138 968 1207 priorem
1009 1141 1248 1207 vineam,
1288 1142 1627 1198 inscribitur.
1662 1142 1754 1198 illa
1795 1159 2032 1214 namque
2068 1144 2137 1199 ab

553 1229 758 1297 agresti
785 1245 918 1299 apro
954 1240 1185 1299 vastata,
1219 1241 1383 1304 atque
1414 1235 1651 1290 maceria
1681 1235 1802 1304 ejus
1832 1235 2134 1301 destructa,

550 1317 643 1372 hic
667 1322 962 1376 multorum
990 1324 1371 1389 torcularium,
1394 1342 1504 1381 non
1534 1327 1699 1383 unius
1722 1335 1956 1391 tantum,
1984 1343 2141 1383 men-

553 1412 630 1462 tio
662 1410 914 1468 habetur.
972 1414 1238 1471 Torcular
1286 1425 1468 1472 autem
1511 1418 1745 1489 primum
1793 1420 1949 1483 illud,
1989 1419 2135 1490 quod

549 1516 720 1577 unum
753 1512 891 1568 erat,
932 1503 1248 1562 declarabat
1284 1507 1456 1566 lsaias
1494 1510 1580 1566 his
1620 1511 1839 1565 verbis:
1869 1510 1938 1563 Et
1967 1512 2137 1581 aediﬁ-

548 1592 665 1645 cavi
705 1596 922 1660 turrim,
972 1606 1023 1650 et
1058 1600 1399 1665 protorcular
1432 1600 1545 1669 fodi
1587 1602 1643 1654 in
1687 1602 1802 1670 ipsa
1824 1601 1890 1665 ⁸⁸,
1926 1602 2135 1657 scilicet

545 1681 725 1736 vinea.
778 1684 849 1737 At
896 1694 1190 1758 postquam
1241 1691 1431 1760 prima:
1480 1691 1651 1747 turris
1698 1692 1915 1746 ruinam
1972 1701 2135 1763 atque

1269 383 1539 440 EL'SEBil
1571 380 2047 439 CAESABIELVSIS
2073 375 2219 432 OPP.
2256 374 2437 430 PARS
2469 372 2554 429 ill.
2581 404 2637 414 —
2663 367 3075 425 EXEGETICA.

2171 498 2219 555 Α

3719 362 3847 417 832

2998 483 3076 535 ϐ’.

2314 579 2525 651 Σφόδρα
2556 577 2861 639 ἀκολούθως
2901 577 3013 637 τοῖς
3048 570 3422 644 προλεχθεῖσιν
3447 569 3481 638 ὴ
3532 564 3671 637 μετά
3709 567 3843 635 χεῖ-

2241 689 2341 743 ρας
2372 672 2673 742 προφητεία
2704 670 2857 737 ὑπὲρ
2887 668 3004 721 τῶν
3031 662 3237 733 ληνῶν
3260 663 3700 734 προγέγραπται,
3726 658 3838 711 καὶ

2238 766 2318 828 είς
2342 764 2404 818 τὸ
2427 762 2576 827 τέλος
2599 762 2931 832 ἀναπέμπει.
2965 758 3171 829 Ληνοῦς
3191 755 3247 808 δὲ
3277 753 3365 807 διὰ
3391 752 3597 805 τούτων
3620 751 3837 819 ὀνομά-

2239 854 2319 920 ζει
2356 854 2455 918 τὰς
2499 854 2619 908 καθ’
2668 852 2797 922 ὅλης
2845 850 2946 920 τῆς
2999 842 3666 917 οἱκουμένηςἘκκλησίας
3722 838 3832 891 τοῦ

2236 946 2393 1011 Θεοῦ,
2420 948 2477 999 ὲν
2500 940 2581 1010 οἷς
2612 948 2640 999 6
2662 943 2931 1017 τρυγητὸς
2955 942 3053 1011 τῆς
3077 939 3236 1008 ἀγίας
3258 935 3502 1008 ἀμπέλου
3529 933 3831 1002 συνῆκται.

2237 1038 2563 1110 Παραδόξως
2615 1038 2672 1091 δὲ
2728 1035 3167 1109 προγέγραπται,
3216 1029 3369 1099 ὑπὲρ
3424 1026 3543 1080 τῶν
3585 1022 3832 1092 lar-(Br.

2239 1128 2380 1200 μετά
2409 1130 2500 1183 τὸν
2540 1127 2847 1197 ἀφανισμὸν
2878 1126 2977 1195 τῆς
3025 1123 3297 1196 προτέρας
3330 1117 3596 1190 ἀμπέλου.
3640 1113 3835 1168 Ἐκεῖ-

2235 1236 2333 1290 νης
2360 1218 2470 1288 γὰρ
2502 1216 2868 1288 λυμανθείσης
2903 1215 3009 1268 ὑπὸ
3033 1214 3127 1267 τοῦ
3159 1211 3351 1284 ἀγρίου
3381 1209 3505 1271 συὸς
3533 1207 3673 1277 (sic),
3720 1203 3831 1257 τοῦ

2233 1328 2295 1364 τε
2338 1310 2594 1383 φραγμοῦ
2638 1310 2812 1381 αὐτῆς
2855 1305 3294 1380 καθαιρεθέντος,
3329 1301 3558 1356 ἐνταῦθα
3600 1295 3832 1350 πολλῶν

2233 1402 2409 1475 ληνῶν
2442 1404 2534 1456 κοιλ⁸
2560 1403 2743 1456 οὐκέτι
2772 1403 2901 1473 μιᾶς
2930 1403 2958 1454 6
2986 1399 3143 1467 λόγος
3174 1393 3519 1469 μνημονεύει.
3552 1391 3727 1463 Ληνὸν
3762 1387 3831 1441 ἃ

2236 1496 2366 1568 μίαν
2408 1499 2505 1568 τὴν
2536 1495 2759 1568 πρώτην
2791 1493 2982 1566 ὲδήλου
3008 1494 3101 1546 καὶ
3124 1495 3152 1545 6
3188 1490 3413 1550 Ἡσαΐας
3457 1486 3660 1553 λέγων·
3697 1480 3831 1535 Kal

2233 1593 2592 1664 ᾠκοδόμησα
2641 1594 2891 1662 πύργον,
2940 1589 3041 1643 καὶ
3091 1584 3423 1655 «patriter
3478 1578 3681 1649 ὤρυξε
3747 1576 3832 1630 ἐν

2235 1687 2414 1753 αὐτῷ,
2444 1686 2641 1759 δηλαδὴ
2683 1684 2762 1756 τῷ
2795 1682 3096 1756 ἀμπελῶνι.
3143 1678 3279 1733 Ἀλλ’
3312 1677 3433 1729 ἐπεὶ
3464 1674 3561 1746 τήν
3604 1671 3831 1725 πτῶσιν

547 1776 950 1843 protorcuiaris
988 1778 1441 1850 destructionem,
1485 1784 1727 1853 itemque
1763 1784 1933 1838 totius
1963 1784 2117 1839 vinea

2238 1782 2425 1853 έδήλου
2459 1780 2552 1833 τοῦ
2578 1779 2845 1851 προτέρου
2872 1777 3106 1848 πύργου,
3136 1774 3231 1827 καὶ
3254 1770 3343 1825 τὸν
3357 1766 3681 1882 ὶάφανισμδν
3714 1763 3826 1872 τοῦ

548 1863 943 1923 desolationem
994 1868 1111 1925 illic
1163 1882 1552 1941 enarraverat;
1595 1874 1722 1943 jure
1775 1875 1833 1929 in
1876 1876 2131 1944 prmsenti

543 1957 790 2013 omnium
838 1961 1080 2029 gentium
1126 1964 1475 2020 vocationem
1516 1965 1827 2030 denuntiat,
1874 1982 1998 2022 cum
2036 1983 2131 2035 pro

546 2047 905 2103 torcularibus
950 2051 1293 2122 prophetiam
1336 2054 1615 2110 inscribit.
1658 2054 2024 2121 Quamobrem
2063 2058 2131 2111 ad

541 2137 801 2207 gaudium
831 2146 887 2195 et
911 2141 1151 2197 lattitiam
1171 2159 1289 2208 eos,
1324 2146 1525 2216 quibus
1548 2145 1903 2218 Evangelium
1931 2148 2131 2218 praedi-

543 2237 726 2296 catur,
775 2232 971 2286 invitat
1002 2234 1194 2291 dicens
1223 2255 1236 2291 :
1264 2235 1549 2293 Exsultate
1596 2237 1708 2293 Deo
1748 2240 1986 2309 adjutori
2033 2257 2131 2295 no-

539 2328 677 2385 stra,
720 2322 949 2390 jubilate
992 2325 1103 2382 Deo
1130 2326 1321 2383 Iacob.
1356 2329 1565 2387 Sumite
1596 2332 1885 2401 psalmum,
1925 2342 1977 2387 et
2005 2332 2129 2387 date

543 2421 877 2483 tympanum,
922 2418 1240 2487 psalterium
1274 2421 1575 2491 jucundum
1620 2441 1741 2478 cum
1785 2424 2014 2483 cithara.
2061 2426 2127 2481 Et

538 2502 656 2559 haec
684 2505 905 2575 quidem
948 2509 1016 2564 iis
1064 2510 1157 2581 qui
1199 2510 1350 2583 digni
1389 2512 1688 2585 Evangelio
1729 2525 1882 2581 sunt,
1922 2518 2127 2588 quique

538 2596 779 2664 propriis
824 2597 1101 2657 fructibus
1140 2604 1439 2658 toreularia
1488 2607 1724 2676 replent.
1776 2607 1854 2663 De
1897 2606 2125 2664 Judaica

538 2699 670 2740 vero
694 2696 861 2757 gente
891 2690 1041 2747 clare
1074 2692 1357 2765 subiungit
1387 2715 1399 2751 :
1427 2695 1497 2750 Et
1535 2715 1641 2752 non
1671 2698 1870 2754 audivit
1899 2702 2123 2770 populus

535 2790 684 2831 meus
721 2794 895 2834 vocem
928 2798 1121 2848 meam,
1155 2793 1206 2839 et
1236 2785 1413 2841 Israel
1442 2805 1547 2843 non
1586 2789 1814 2845 intendit
1862 2793 2012 2847 mihi.
2054 2792 2125 2846 Et

531 2865 718 2922 dimisi
756 2886 847 2926 eos
892 2874 1182 2930 secundum
1227 2876 1493 2933 desideria
1529 2882 1707 2937 cordis
1752 2899 1951 2938 eorum.
1995 2883 2123 2942 Haec

535 2970 702 3027 po.'ro
732 2965 1206 3031 opportunissime
1242 2969 1572 3038 prtecedcnti
1609 2975 1910 3044 prophetia:
1943 2975 2124 3032 cohae-

532 3055 676 3106 rent.
713 3049 1188 3118 Quemadmodum
1226 3060 1377 3116 enim
1408 3061 1523 3117 illic
1560 3064 1734 3120 vinea:
1764 3066 1982 3122 ruinam
2022 3066 2119 3124 de-

2238 1871 2545 1943 προληνίου,
2579 1872 2678 1942 τήν
2712 1887 2769 1922 τε
2814 1868 2909 1922 τοῦ
2955 1866 3155 1929 παντὸς
3207 1861 3527 1935 ἀμπελῶνος
3573 1856 3828 1929 ἐρημίαν

2234 1966 2291 2017 ὲν
2323 1963 2579 2025 ἐκείνοις·
2625 1962 2847 2023 εἰκότως
2897 1958 2987 2013 διὰ
3033 1956 3126 2011 τοῦ
3183 1954 3444 2026 παρόντος
3486 1952 3596 2005 τῶν
3639 1948 3826 2001 ἐθνῶν

2233 2054 2486 2108 ἀπάντων
2518 2053 2615 2124 τὴν
2646 2053 2840 2123 κλῆσιν
2880 2048 3311 2120 εὐαγγελίζεται,
3353 2046 3505 2113 ὑπὲρ
3537 2043 3656 2099 τῶν
3692 2048 3824 2109 λη-

2230 2147 2353 2202 νῶν
2384 2144 2696 2218 ἐπιγράψας
2729 2146 2830 2216 τὴν
2867 2142 3223 2215 προφητείαν.
3257 2139 3349 2193 Διὸ
3376 2139 3466 2192 ἐπὶ
3501 2135 3673 2209 χαρὰν
3711 2136 3823 2188 καὶ

2230 2238 2567 2311 εὐφροσύνην
2605 2236 2960 2308 προκαλεῖται
2988 2236 3115 2297 τοὺς
3147 2228 3662 2300 εὑαγγελιζομένοπ
3702 2228 3823 2297 φά-

2231 2349 2409 2388 σκων·
2467 2329 2857 2402 Ἀγαλλιᾶσθε
2908 2327 2989 2394 τῷ
3043 2325 3165 2392 Θεῷ
3208 2325 3289 2390 τῷ
3332 2321 3538 2391 ,ϐοηθῷ
3592 2320 3773 2392 ἡμῶν
3798 2338 3817 2350 ⁶

2226 2424 2572 2490 ἀλαλάξατε
2618 2422 2698 2490 τῷ
2730 2421 2853 2489 Θεῷ
2887 2420 3102 2477 Ἰακώϐ.
3142 2418 3361 2475 Λάϐετε
3402 2415 3666 2486 ψαλμὸν,
3700 2415 3817 2468 καὶ

2226 2518 2361 2572 δότε
2405 2518 2737 2586 τύμπανον,
2785 2514 3126 2584 ψαλτήριον
3168 2510 3427 2581 τερπνὸν
3456 2508 3605 2580 μετὰ
3638 2505 3816 2561 κιθά-

2216 2628 2353 2681 ρας.
2396 2609 2580 2663 Ταῦτα
2614 2609 2713 2680 μὲν
2738 2604 2830 2661 οῦν
2858 2610 2968 2670 τοῖς
2992 2605 3163 2670 ἀξίοις
3189 2603 3280 2658 τοῦ
3305 2600 3656 2671 Εὐαγγελξου,
3688 2602 3819 2664 τοῖς

2225 2704 2323 2767 τὰς
2348 2703 2544 2774 ληνοὺς
2570 2700 2677 2755 ἀπὸ
2703 2699 2809 2754 τῶν
2835 2699 3051 2753 οἰκείων
3078 2697 3308 2769 καρπῶν
3341 2693 3627 2766 πληροῦσι.
3667 2693 3818 2763 Περὶ

2222 2797 2278 2850 δὲ
2318 2795 2413 2849 τοῦ
2451 2794 2717 2850 Ἰουδαίων
2750 2793 2933 2856 ἔθνους
2986 2792 3173 2861 σαφῶς
3214 2788 3486 2857 ἐπιλέγει·
3537 2786 3647 2841 Καὶ
3687 2789 3813 2840 οὐκ

2223 2888 2496 2957 ἤκουσεν
2520 2890 2552 2941 ὁ
2574 2887 2726 2953 λαός
2746 2904 2868 2956 μου
2894 2883 3004 2954 τῆς
3038 2881 3243 2953 φωνῆς
3257 2898 3397 2951 μου,
3430 2879 3529 2933 καὶ
3564 2878 3814 2946 Ἰσραὴλ

2222 2981 2294 3033 οὐ
2327 2978 2637 3047 προσέσχε
2669 2994 2791 3047 μοι.
2824 2976 2935 3031 Kal
2972 2973 3375 3040 ἐξαπέστειλα
3402 2969 3623 3035 αὐτοὺς
3648 2968 3815 3023 κατὰ

2222 3073 2295 3125 τὰ
2325 3071 2763 3140 ἐπιτηδεύματα
2807 3069 2918 3136 τῆς
2946 3067 3197 3138 καρδίας
3238 3066 3453 3122 αὐτῶν.
3488 3064 3698 3135 Πολλῆς
3744 3065 3815 3119 δὲ

529 3139 801 3209 clarabat,
838 3143 915 3199 ita
952 3146 1118 3203 etiam
1162 3150 1266 3205 hoc
1303 3152 1429 3208 loco
1468 3156 1788 3213 earumdem
1833 3157 2116 3215 hominum

2222 3162 2403 3233 ἔχεται
2430 3139 2747 3223 ἀκολουθίας
2775 3158 2946 3213 ταῦτα
2976 3158 3111 3230 πρὸς
3133 3157 3231 3229 τὴν
3256 3156 3561 3228 ἔμπροσθεν
3586 3173 3813 3227 προφη-

526 3228 1007 3304 inobsequentiam
1053 3246 1340 3313 coarguit;
1374 3251 1429 3299 et
1489 3247 1635 3301 sicut
1681 3246 1742 3302 in
1793 3248 1886 3303 illo
1932 3250 2111 3305 virum

527 3319 766 3380 dextera:
817 3325 935 3394 Dei,
980 3338 1035 3384 et
1064 3329 1261 3388 Filium
1311 3335 1551 3393 hominis
1595 3340 1979 3396 conﬁrmatum
2021 3341 2111 3397 in-

528 3410 709 3480 duxit,
756 3418 836 3473 sic
883 3420 961 3475 illi
995 3421 1137 3478 hanc
1184 3425 1468 3496 subjunxit
1514 3431 1877 3501 prophetiam,
1913 3432 2113 3488 inscri-

527 3510 681 3596 ptam
709 3524 807 3578 pro
849 3514 1230 3581 torcularibus,
1276 3518 1331 3573 id
1373 3528 1481 3587 est,
1511 3521 1775 3580 Ecclesiis
1817 3522 1936 3591 Dei,
1969 3540 2108 3596 quas

534 3591 716 3656 Filius
733 3599 972 3660 hominis
989 3608 1293 3668 constituit.

572 3948 695 4013 ilic
722 3958 908 4032 Asaph
947 3963 1081 4022 deos
1112 3966 1346 4035 inducit,
1374 3978 1428 4026 et
1462 3971 1632 4028 Deum
1671 3975 1727 4031 in
1768 3977 1951 4033 med.o
1979 3979 2111 4035 dco-

520 4060 669 4112 rum,
694 4066 814 4116 eos,
842 4055 935 4124 qui
960 4057 1036 4111 dii
1068 4069 1358 4127 vocantur,
1389 4064 1785 4135 dijudicantem
1808 4080 1861 4126 et
1889 4073 2109 4143 quidem

520 4144 875 4198 necessario:
924 4162 1053 4202 nam
1104 4152 1231 4221 quia
1296 4156 1552 4224 superius
1601 4166 1772 4213 totam
1822 4160 2107 4219 Judaicam

520 4239 737 4301 gentem
773 4235 1079 4307 incusabat,
1116 4255 1517 4316 consequenter
1546 4250 1600 4306 in
1631 4256 1885 4321 praesenti
1915 4270 2105 4311 eorum

522 4324 802 4419 principes
830 4332 1117 4400 speciatim
1153 4340 1423 4409 coarguit.
1470 4339 1673 4399 Deinde
1709 4346 1837 4415 quia
1876 4347 1931 4402 in
1963 4364 2106 4419 prae-

519 4416 738 4511 cari—cuti
772 4422 985 4491 psalmo
1016 4424 1296 4484 Christum
1329 4430 1447 4497 Dei,
1484 4434 1663 4489 virum
1699 4436 1938 4494 dexterae
1963 4416 2107 4511 iejus

2212 3268 2268 3303 τε
2280 3251 2385 3304 ίαν.
2425 3251 2513 3313 Ὠς
2539 3248 2648 3321 γὰρ
2678 3249 2794 3302 ἐκεῖ
2820 3247 2922 3319 τῆς
2942 3246 3189 3319 ἀμπέλου
3223 3247 3315 3301 τὸν
3342 3246 3643 3317 ἀφανισμὸν
3674 3246 3812 3318 usq-

2211 3342 2325 3407 λου,
2361 3341 2505 3395 οὓτω
2578 3341 2672 3395 καὶ
2710 3340 2945 3395 ἐνταῦθα
2986 3340 3093 3394 τῶν
3135 3339 3314 3394 αὐτῶν
3343 3339 3407 3392 τὸ
3443 3338 3664 3401 ἀπειθὲς
3701 3340 3812 3391 καὶ

2212 3436 2441 3507 ἀνήκοον
2472 3434 2683 3506 ἐλέγχει
2701 3451 2716 3465 ο
2744 3433 2840 3488 καὶ
2869 3433 2946 3497 ὡς
2980 3434 3040 3486 ὲν
3082 3432 3274 3503 ἐκείνῳ
3302 3431 3469 3502 ἄνδρα
3498 3430 3677 3494 δεξιᾶς
3702 3430 3807 3483 τοῦ
3873 3440 3885 3453 '

2212 3527 2349 3581 Θεοῦ
2376 3528 2666 3599 εἰσήγαγε,
2699 3526 2793 3579 καὶ
2827 3525 2955 3578 Υἱὸν
2978 3522 3267 3596 ἀνθρώπου
3296 3522 3806 3594 κεκραταιωμένον,

2210 3619 2355 3673 οὕτω
2416 3618 2505 3671 διὰ
2536 3616 2652 3687 ητῶν
2689 3616 3068 3688 προκειμένων
3106 3613 3205 3684 τὴν
3250 3614 3402 3683 ὑπὲρ
3442 3610 3557 3666 τῶν
3584 3609 3807 3678 ,ζητῶν

2213 3710 2419 3782 συνῆψε
2444 3711 2802 3782 προφητείαν,
2826 3706 3027 3781 δηλαδὴ
3054 3706 3161 3760 τῶν
3177 3704 3512 3777 Ἐκκλησιῶν
3532 3704 3627 3758 τοῦ
3651 3704 3801 3758 Θεοῦ

2211 3802 2278 3867 ἂς
2313 3806 2341 3856 6
2375 3802 2504 3866 Υἱὸς
2535 3800 2630 3855 τοῦ
2660 3801 2949 3871 ἀνθρώπου
2984 3798 3372 3869 συνεστήσατο.

2968 3893 3025 3945 Ῑ’.

2281 3988 2449 4051 Θεοὺς
2480 3986 2688 4055 είσάγει
2722 3986 2817 4039 καὶ
2844 3985 2977 4039 Θεὸν
3010 3986 3067 4038 έν
3096 3984 3246 4056 μέσῳ
3277 3984 3413 4038 θεῶν
3450 3982 3798 4053 διακρίνοντα

2209 4081 2335 4144 τοὺς
2364 4078 2783 4151 ὠνομασμένους
2816 4077 2969 4141 θεοὺς
3003 4078 3061 4130 ὲν
3109 4077 3318 4141 τούτοις
3347 4078 3375 4131 6
3409 4074 3577 4145 Ἀσάφ
3620 4076 3797 4144 ἀναγ-

2210 4173 2416 4236 καίως·
2463 4170 2649 4241 ἐπειδὴ
2689 4170 2800 4242 γὰρ
2837 4170 2925 4223 διὰ
2956 4169 3066 4222 τῶν
3105 4166 3412 4240 ἔμπροσθεν
3449 4165 3540 4219 τοῦ
3585 4164 3797 4229 παντὸς

2222 4262 2489 4317 Ἰουδαίων
2539 4263 2726 4326 ἔθνους
2775 4262 3106 4335 κατηγόρει,
3169 4259 3476 4325 ἀκολούθως
3534 4258 3626 4312 ἐπὶ
3688 4257 3792 4310 τοῦ

2209 4356 2476 4427 παρόντος
2502 4357 2627 4420 τοὺς
2660 4356 2790 4427 παρ’
2838 4354 3022 4418 αὐτοῖς
3065 4355 3329 4426 ἄρχοντας
3376 4351 3520 4415 ἰδίως
3550 4350 3791 4421 ἐλέγχει.

2210 4446 2322 4503 Εἶτ’
2354 4450 2544 4522 ἐπειδὴ
2572 4450 2662 4503 τὸν
2691 4448 2926 4521 Χριστὸν
2959 4447 3053 4501 τοῦ
3087 4448 3223 4501 Θεοῦ
3268 4448 3324 4501 ὲν
3353 4445 3430 4517 τῷ
3461 4445 3565 4515 πρὸ
3592 4444 3793 4497 τούτου

516 4515 572 4563 et
598 4507 796 4567 Filium
830 4514 1074 4574 hominis
1103 4522 1490 4580 conﬁrmatum
1530 4538 1840 4592 vocaverat.
1882 4532 2004 4601 ejus
2047 4536 2103 4590 in

2221 4543 2374 4614 Ξνδρα
2400 4507 2649 4613 ὠνόμασε
2675 4507 2854 4605 δεξιᾶς
2891 4539 3053 4593 αὑτοῦ
3094 4539 3188 4592 καὶ
3214 4537 3341 4590 Υὶὸν
3377 4507 3661 4607 ἀνθρώπου
3690 4550 3791 4586 κε-

519 4616 685 4659 carue
707 4606 998 4665 adventum
1034 4612 1123 4669 his
1152 4614 1490 4686 significans,
1527 4636 1596 4676 ne
1623 4623 1747 4693 quis
1771 4625 1949 4694 ipsum
1984 4646 2101 4686 me-

518 4706 641 4785 rum
672 4694 972 4767 hominem,
1004 4711 1059 4759 et
1085 4706 1274 4763 multis
1295 4708 1418 4765 aliis
1448 4711 1683 4767 similem
1717 4715 2100 4785 arbitraretur,

516 4780 696 4861 ipsum
729 4786 818 4845 hic
848 4790 1017 4847 Deum
1045 4797 1304 4865 praedicat
1334 4799 1421 4856 his
1449 4802 1633 4857 verbis
1665 4821 1679 4857 :
1708 4802 1849 4859 Deus
1879 4809 2022 4862 stetit
2048 4780 2101 4863 iu

516 4890 790 4971 synagoga
821 4881 1039 4939 deorum
1065 4888 1133 4942 ⁸⁸.
1170 4890 1245 4961 (1)
1276 4892 1354 4945 Ac
1393 4908 1460 4948 ne
1485 4894 1611 4964 quis
1643 4894 1712 4950 ob
1747 4901 2101 4971 monarchite,

515 4967 630 5022 sive
662 4971 825 5028 unius
856 4976 1113 5049 principii
1154 4984 1421 5039 rationem
1453 4988 1786 5054 turbaretur,
1812 4967 2093 5049 Christum

516 5055 613 5149 Dei
663 5059 832 5118 Deum
879 5082 1002 5124 esse
1049 5072 1315 5140 audiens;
1353 5088 1722 5149 congruenter
1764 5082 1852 5137 hic
1892 5085 2094 5143 multos

514 5148 651 5211 deos
679 5157 925 5214 nominat
956 5175 1052 5216 eos
1093 5164 1187 5233 qui
1217 5168 1322 5222 sub
1359 5148 1479 5223 haec
1508 5171 1851 5243 incusantur,
1879 5184 2092 5233 tantum

514 5256 627 5338 non
661 5247 982 5317 prmeipiens
1004 5260 1065 5307 ut
1096 5270 1164 5310 ne
1188 5267 1510 5315 cunctamur
1527 5261 1726 5319 Filium
1749 5282 1967 5338 quoque
1996 5268 2089 5325 Dei

515 5330 686 5390 Deum
726 5352 941 5398 vocare.
978 5342 1036 5399 Si
1080 5347 1225 5401 enim
1268 5352 1446 5420 gentis
1474 5330 1782 5429 principes;
1810 5330 1903 5429 qui
1953 5362 2094 5416 male

513 5425 829 5523 audiebant,
871 5431 966 5488 Dei
995 5439 1215 5494 nomine
1249 5439 1458 5512 dignati
1505 5425 1668 5512 sunt,
1688 5425 1853 5520 quod.
1882 5468 2089 5523 quaeso,

511 5521 817 5589 periculum
848 5524 1012 5582 fuerit
1048 5530 1094 5584 si
1124 5532 1299 5586 virum
1318 5534 1555 5592 dexterae
1576 5538 1670 5595 Dei
1700 5552 1753 5597 et
1774 5521 1969 5601 Filium
1989 5546 2089 5601 ιω.

509 5611 675 5669 minis
713 5617 1117 5689 conﬁrmatum,
1156 5622 1323 5681 Deum
1371 5626 1679 5687 fateamur?
1721 5633 1927 5694 Deinde
1959 5656 2086 5696 vero

582 5729 625 5761 ⁸⁷
655 5727 800 5787 Psal.
842 5748 1008 5802 uxr,
1048 5738 1099 5792 t.
1176 5739 1220 5771 ⁸⁸
1254 5740 1357 5796 lsa.
1397 5760 1449 5806 ν,
1478 5742 1531 5799 2.
1610 5745 1655 5778 "
1684 5746 1829 5805 Psal.
1864 5765 2048 5821 unt,
2086 5756 2129 5814 l.

584 5840 661 5907 τί)
696 5842 769 5902 De
795 5848 1111 5910 monarchia
1146 5851 1265 5910 vide
1294 5854 1347 5915 iu
1379 5855 1538 5913 Praef.

2205 4634 2638 4706 κραταιωμένον,
2672 4634 2772 4705 τὴν
2816 4632 3079 4703 ένσαρκον
3124 4628 3291 4683 αὑτοῦ
3338 4628 3639 4700 παρουσίαν
3687 4642 3795 4696 ση-

2209 4727 2403 4796 μήνας,
2438 4725 2527 4778 ἴνα
2558 4726 2631 4797 μή
2671 4742 2756 4787 τις
2791 4722 2954 4776 αὐτὸν
2986 4720 3140 4792 ψιλὸν
3181 4719 3437 4773 ὑπολά6οι
3476 4716 3640 4787 ἄνδρα
3688 4717 3790 4769 καὶ

2203 4819 2316 4879 τοῖς
2346 4816 2559 4881 πολλοῖς
2584 4818 2789 4887 ὅμοιον,
2827 4815 3067 4885 θεολογεῖ
3097 4814 3258 4869 αὑτὸν
3298 4814 3357 4867 ὲν
3382 4814 3492 4873 τοῖς
3516 4809 3654 4881 μετά
3679 4810 3793 4878 χεῖ-

2207 4926 2305 4981 ρας
2344 4910 2524 4981 φήσας
2548 4924 2563 4938 ·
2599 4910 2650 4962 Ὁ
2679 4909 2824 4977 Θεὸς
2847 4910 2997 4977 ἔστη
3023 4910 3091 4962 ἐγ
3124 4903 3445 4976 συναγωγῇ
3475 4902 3638 4958 θεῶν.
3671 4902 3789 4955 Καὶ

2200 5002 2347 5065 ὅπως
2377 5000 2451 5073 μὴ
2478 5001 2773 5074 ταραχθείη
2800 5019 2884 5066 τις
2916 5003 2995 5064 είς
3020 5000 3111 5053 τὸν
3134 5000 3259 5070 περὶ
3283 4997 3576 5069 μοναρχίας
3598 4993 3783 5062 λόγον.

2199 5092 2333 5147 Θεὸν
2389 5094 2601 5148 ἀκούων
2648 5094 2741 5147 τὸν
2790 5092 3025 5165 Χριστὸν
3071 5091 3164 5145 τοῦ
3218 5090 3373 5155 Θεοῦ,
3421 5089 3639 5150 εἰκότως
3686 5085 3786 5139 καὶ

2199 5186 2451 5251 πλείονας
2485 5186 2639 5250 θεοὺς
2684 5186 2939 5257 ὀνομάζει
2968 5186 3096 5249 τοὺς
3124 5184 3213 5237 διὰ
3240 5183 3349 5236 τῶν
3382 5182 3507 5248 έξῆς
3541 5196 3782 5248 κατηγο·

2202 5278 2519 5350 ρουμένους,
2556 5278 2837 5348 μονονουχὶ
2869 5275 3379 5350 παρακελευόμενος
3415 5273 3487 5343 μή
3520 5271 3782 5324 ἀποκνεῖν

2199 5367 2407 5425 καὶτὸν
2435 5370 2561 5423 Υἱὸν
2594 5370 2729 5423 Θεοῦ
2757 5370 2890 5423 Θεὸν
2922 5368 3236 5423 ἀποκαλεῖν.
3267 5368 3329 5421 Ei
3360 5366 3531 5437 γάροί
3556 5362 3781 5417 διαϐαλ-

2198 5460 2411 5532 λόμενοι
2452 5461 2546 5513 τοῦ
2581 5460 2767 5525 ἔθνους
2800 5461 3057 5533 ἄρχοντες
3093 5458 3205 5512 θεοὶ
3246 5455 3554 5527 ἠξιώθησαν
3578 5444 3779 5523 ὀνομῖ-

2198 5554 2412 5626 σθῆναι,
2451 5555 2602 5616 ποῖος
2630 5552 2695 5606 ἂν
2723 5552 2933 5621 γένοιτο
2966 5550 3211 5614 κίνδυνος
3245 5548 3335 5602 τὸν
3366 5546 3533 5618 ἄνδρα
3570 5544 3669 5614 τῆς
3692 5543 3778 5595 6:-

2196 5646 2323 5715 ξεᾶςι
2344 5647 2437 5703 τοῦ
2466 5644 2601 5702 Θεοῦ
2629 5646 2720 5700 καὶ
2749 5645 2839 5699 τὸν
2873 5644 2998 5699 Υῐὸν
3027 5643 3120 5697 τοῦ
3148 5638 3434 5713 ἀνθρώπου
3460 5638 3551 5692 τὸν
3580 5650 3775 5706 κεκρα-
