  <div class='ocr_page' id='page_1' title='image "/cluster/home/n/w/nwhite01/storage/ocr_20150623/23/hvd.32044019207711/446.png"; bbox 0 0 4068 6560; ppageno 0'>
   <div class='ocr_carea' id='block_1_1' title="bbox 283 334 394 392">
    <p class='ocr_par' dir='ltr' id='par_1_1' title="bbox 283 334 394 392">
     <span class='ocr_line' id='line_1_1' title="bbox 283 334 394 392; baseline 0.027 -3"><span class='ocrx_word' id='word_1_1' title='bbox 283 334 394 392; x_wconf 71' lang='lat'><strong>833</strong></span> 
     </span>
    </p>
   </div>
   <div class='ocr_carea' id='block_1_2' title="bbox 1416 332 2423 391">
    <p class='ocr_par' dir='ltr' id='par_1_2' title="bbox 1416 332 2423 391">
     <span class='ocr_line' id='line_1_2' title="bbox 1416 332 2423 391; baseline -0.005 0"><span class='ocrx_word' id='word_1_2' title='bbox 1416 332 1933 391; x_wconf 54' lang='lat' dir='ltr'><strong>COMXENTARIA</strong></span> <span class='ocrx_word' id='word_1_3' title='bbox 1972 333 2036 389; x_wconf 76' lang='lat' dir='ltr'><strong>IN</strong></span> <span class='ocrx_word' id='word_1_4' title='bbox 2077 332 2423 390; x_wconf 77' lang='lat' dir='ltr'><strong>PSALMOS.</strong></span> 
     </span>
    </p>
   </div>
   <div class='ocr_carea' id='block_1_3' title="bbox 277 444 1854 523">
    <p class='ocr_par' dir='ltr' id='par_1_3' title="bbox 277 444 1854 523">
     <span class='ocr_line' id='line_1_3' title="bbox 277 444 1854 523; baseline 0 -17"><span class='ocrx_word' id='word_1_5' title='bbox 277 451 584 523; x_wconf 73' lang='grc' dir='ltr'>ταιωμένον</span> <span class='ocrx_word' id='word_1_6' title='bbox 610 448 743 504; x_wconf 80' lang='grc' dir='ltr'>Θεὸν</span> <span class='ocrx_word' id='word_1_7' title='bbox 773 449 1095 521; x_wconf 50' lang='lat' dir='ltr'><strong>bucina-fetv;</strong></span> <span class='ocrx_word' id='word_1_8' title='bbox 1130 444 1243 505; x_wconf 80' lang='grc' dir='ltr'><strong>Εἶτ’</strong></span> <span class='ocrx_word' id='word_1_9' title='bbox 1284 451 1377 505; x_wconf 76' lang='grc' dir='ltr'>ἐπὶ</span> <span class='ocrx_word' id='word_1_10' title='bbox 1416 451 1560 505; x_wconf 85' lang='grc' dir='ltr'>τέλει</span> <span class='ocrx_word' id='word_1_11' title='bbox 1591 452 1686 506; x_wconf 84' lang='grc' dir='ltr'><strong>τοῦ</strong></span> <span class='ocrx_word' id='word_1_12' title='bbox 1736 469 1854 506; x_wconf 88' lang='grc' dir='ltr'>παν-</span> 
     </span>
    </p>
   </div>
   <div class='ocr_carea' id='block_1_4' title="bbox 1956 444 3556 523">
    <p class='ocr_par' dir='ltr' id='par_1_4' title="bbox 1974 444 3556 521">
     <span class='ocr_line' id='line_1_4' title="bbox 1974 444 3556 521; baseline -0.001 -18"><span class='ocrx_word' id='word_1_13' title='bbox 1974 449 2029 504; x_wconf 93' lang='lat' dir='ltr'><strong>in</strong></span> <span class='ocrx_word' id='word_1_14' title='bbox 2066 449 2174 505; x_wconf 82' lang='lat' dir='ltr'><strong>line</strong></span> <span class='ocrx_word' id='word_1_15' title='bbox 2201 448 2401 521; x_wconf 85' lang='lat' dir='ltr'><strong>psalmi</strong></span> <span class='ocrx_word' id='word_1_16' title='bbox 2430 447 2733 503; x_wconf 89' lang='lat' dir='ltr'><strong>orationem</strong></span> <span class='ocrx_word' id='word_1_17' title='bbox 2766 444 3035 517; x_wconf 89' lang='lat' dir='ltr'><strong>Propheta</strong></span> <span class='ocrx_word' id='word_1_18' title='bbox 3065 444 3272 516; x_wconf 82' lang='lat' dir='ltr'><strong>profert</strong></span> <span class='ocrx_word' id='word_1_19' title='bbox 3297 461 3396 517; x_wconf 85' lang='lat' dir='ltr'><strong>pro</strong></span> <span class='ocrx_word' id='word_1_20' title='bbox 3428 462 3556 519; x_wconf 73' lang='lat' dir='ltr'><strong>gen-</strong></span> 
     </span>
    </p>
   </div>
   <div class='ocr_carea' id='block_1_5' title="bbox 279 540 1868 613">
    <p class='ocr_par' dir='ltr' id='par_1_5' title="bbox 279 540 1868 613">
     <span class='ocr_line' id='line_1_5' title="bbox 279 540 1868 613; baseline -0.001 -18"><span class='ocrx_word' id='word_1_21' title='bbox 279 543 373 606; x_wconf 84' lang='grc' dir='ltr'><strong>τὸς</strong></span> <span class='ocrx_word' id='word_1_22' title='bbox 427 545 455 595; x_wconf 88' lang='grc' dir='ltr'><strong>ὁ</strong></span> <span class='ocrx_word' id='word_1_23' title='bbox 508 541 803 613; x_wconf 81' lang='grc' dir='ltr'><strong>Προφήτης</strong></span> <span class='ocrx_word' id='word_1_24' title='bbox 855 540 1021 613; x_wconf 80' lang='grc' dir='ltr'>εὐχὴν</span> <span class='ocrx_word' id='word_1_25' title='bbox 1070 540 1384 611; x_wconf 79' lang='grc' dir='ltr'><strong>ἀναπέμπει</strong></span> <span class='ocrx_word' id='word_1_26' title='bbox 1428 540 1569 612; x_wconf 78' lang='grc' dir='ltr'>ὑπὲρ</span> <span class='ocrx_word' id='word_1_27' title='bbox 1610 540 1709 612; x_wconf 69' lang='grc' dir='ltr'>τῆς</span> <span class='ocrx_word' id='word_1_28' title='bbox 1761 540 1868 593; x_wconf 86' lang='grc' dir='ltr'>τῶν</span> 
     </span>
    </p>
   </div>
   <div class='ocr_carea' id='block_1_6' title="bbox 276 628 1869 702">
    <p class='ocr_par' dir='ltr' id='par_1_6' title="bbox 276 628 1869 702">
     <span class='ocr_line' id='line_1_6' title="bbox 276 628 1869 702; baseline -0.005 -15"><span class='ocrx_word' id='word_1_29' title='bbox 276 632 452 687; x_wconf 82' lang='grc' dir='ltr'>ἐθνῶν</span> <span class='ocrx_word' id='word_1_30' title='bbox 487 631 731 702; x_wconf 77' lang='grc' dir='ltr'><strong>κλήσεως</strong></span> <span class='ocrx_word' id='word_1_31' title='bbox 767 630 993 700; x_wconf 79' lang='grc' dir='ltr'>φάσκων</span> <span class='ocrx_word' id='word_1_32' title='bbox 1016 646 1030 660; x_wconf 91' lang='grc'><strong>·</strong></span> <span class='ocrx_word' id='word_1_33' title='bbox 1074 628 1345 693; x_wconf 82' lang='grc' dir='ltr'><em>Ἀνάστα,</em></span> <span class='ocrx_word' id='word_1_34' title='bbox 1375 632 1408 683; x_wconf 83' lang='grc' dir='ltr'><em>ὀ</em></span> <span class='ocrx_word' id='word_1_35' title='bbox 1450 629 1613 697; x_wconf 80' lang='grc' dir='ltr'>Θεὸς,</span> <span class='ocrx_word' id='word_1_36' title='bbox 1661 630 1869 698; x_wconf 77' lang='grc' dir='ltr'>κρῖνον</span> 
     </span>
    </p>
   </div>
   <div class='ocr_carea' id='block_1_7' title="bbox 274 720 1869 792">
    <p class='ocr_par' dir='ltr' id='par_1_7' title="bbox 274 720 1869 792">
     <span class='ocr_line' id='line_1_7' title="bbox 274 720 1869 792; baseline -0.003 -14"><span class='ocrx_word' id='word_1_37' title='bbox 274 724 398 792; x_wconf 76' lang='grc' dir='ltr'>τὴν</span> <span class='ocrx_word' id='word_1_38' title='bbox 420 722 559 792; x_wconf 69' lang='grc' dir='ltr'>γῆν,</span> <span class='ocrx_word' id='word_1_39' title='bbox 588 721 678 775; x_wconf 85' lang='grc' dir='ltr'>ὅτι</span> <span class='ocrx_word' id='word_1_40' title='bbox 709 722 792 775; x_wconf 84' lang='grc' dir='ltr'>σὺ</span> <span class='ocrx_word' id='word_1_41' title='bbox 813 720 1443 791; x_wconf 77' lang='grc' dir='ltr'>κατακληρονομήσεις</span> <span class='ocrx_word' id='word_1_42' title='bbox 1470 722 1541 775; x_wconf 85' lang='grc' dir='ltr'>ἐν</span> <span class='ocrx_word' id='word_1_43' title='bbox 1568 720 1718 776; x_wconf 81' lang='grc' dir='ltr'>πᾶσι</span> <span class='ocrx_word' id='word_1_44' title='bbox 1744 720 1869 787; x_wconf 81' lang='grc' dir='ltr'>τοῖς</span> 
     </span>
    </p>
   </div>
   <div class='ocr_carea' id='block_1_8' title="bbox 258 798 1868 887">
    <p class='ocr_par' dir='ltr' id='par_1_8' title="bbox 258 798 1868 887">
     <span class='ocr_line' id='line_1_8' title="bbox 258 798 1868 887; baseline -0.008 -10"><span class='ocrx_word' id='word_1_45' title='bbox 258 798 546 879; x_wconf 52' lang='grc' dir='ltr'>ίέθνεσιν.</span> <span class='ocrx_word' id='word_1_46' title='bbox 580 816 765 869; x_wconf 84' lang='grc' dir='ltr'>Ἐοικε</span> <span class='ocrx_word' id='word_1_47' title='bbox 797 815 855 869; x_wconf 82' lang='grc' dir='ltr'><strong>δὲ</strong></span> <span class='ocrx_word' id='word_1_48' title='bbox 884 815 1059 886; x_wconf 84' lang='grc' dir='ltr'>τούτῳ</span> <span class='ocrx_word' id='word_1_49' title='bbox 1083 815 1374 879; x_wconf 88' lang='grc' dir='ltr'>ἀκόλουθος</span> <span class='ocrx_word' id='word_1_50' title='bbox 1402 810 1539 867; x_wconf 75' lang='grc' dir='ltr'>εἶναι</span> <span class='ocrx_word' id='word_1_51' title='bbox 1562 816 1590 867; x_wconf 84' lang='grc' dir='ltr'><strong>ὁ</strong></span> <span class='ocrx_word' id='word_1_52' title='bbox 1624 814 1709 887; x_wconf 86' lang='grc' dir='ltr'>μθ¹</span> <span class='ocrx_word' id='word_1_53' title='bbox 1737 815 1868 884; x_wconf 77' lang='grc' dir='ltr'>ψαλ-</span> 
     </span>
    </p>
   </div>
   <div class='ocr_carea' id='block_1_9' title="bbox 275 900 1868 980">
    <p class='ocr_par' dir='ltr' id='par_1_9' title="bbox 275 900 1868 980">
     <span class='ocr_line' id='line_1_9' title="bbox 275 900 1868 980; baseline 0 -19"><span class='ocrx_word' id='word_1_54' title='bbox 275 909 407 980; x_wconf 80' lang='grc' dir='ltr'>μὸς,</span> <span class='ocrx_word' id='word_1_55' title='bbox 456 910 515 961; x_wconf 86' lang='grc' dir='ltr'>ἐν</span> <span class='ocrx_word' id='word_1_56' title='bbox 561 900 607 975; x_wconf 85' lang='grc' dir='ltr'>ᾧ</span> <span class='ocrx_word' id='word_1_57' title='bbox 648 908 742 961; x_wconf 80' lang='grc' dir='ltr'><strong>καὶ</strong></span> <span class='ocrx_word' id='word_1_58' title='bbox 784 907 933 978; x_wconf 83' lang='grc' dir='ltr'>αὐτῷ</span> <span class='ocrx_word' id='word_1_59' title='bbox 965 907 1219 960; x_wconf 84' lang='grc' dir='ltr'><strong>λέλεκτο·</strong></span> <span class='ocrx_word' id='word_1_60' title='bbox 1267 907 1411 973; x_wconf 83' lang='grc' dir='ltr'><strong>Θεὸς</strong></span> <span class='ocrx_word' id='word_1_61' title='bbox 1451 905 1605 961; x_wconf 86' lang='grc' dir='ltr'>θεῶν</span> <span class='ocrx_word' id='word_1_62' title='bbox 1651 908 1868 976; x_wconf 85' lang='grc' dir='ltr'>Κύριος</span> 
     </span>
    </p>
   </div>
   <div class='ocr_carea' id='block_1_10' title="bbox 271 996 1868 1071">
    <p class='ocr_par' dir='ltr' id='par_1_10' title="bbox 271 996 1868 1071">
     <span class='ocr_line' id='line_1_10' title="bbox 271 996 1868 1071; baseline -0.004 -14"><span class='ocrx_word' id='word_1_63' title='bbox 271 1000 567 1069; x_wconf 72' lang='grc' dir='ltr'><strong>ἐλάλησε.</strong></span> <span class='ocrx_word' id='word_1_64' title='bbox 618 1000 729 1055; x_wconf 75' lang='grc' dir='ltr'>Καὶ</span> <span class='ocrx_word' id='word_1_65' title='bbox 772 1001 831 1054; x_wconf 85' lang='grc' dir='ltr'><strong>ἐν</strong></span> <span class='ocrx_word' id='word_1_66' title='bbox 862 999 1194 1071; x_wconf 84' lang='grc' dir='ltr'><strong>ἀμφοτέροις</strong></span> <span class='ocrx_word' id='word_1_67' title='bbox 1230 998 1273 1051; x_wconf 83' lang='grc' dir='ltr'>δ’</span> <span class='ocrx_word' id='word_1_68' title='bbox 1304 996 1397 1053; x_wconf 76' lang='grc' dir='ltr'><strong>οὖν</strong></span> <span class='ocrx_word' id='word_1_69' title='bbox 1431 999 1564 1063; x_wconf 82' lang='grc' dir='ltr'>Θεὸς</span> <span class='ocrx_word' id='word_1_70' title='bbox 1593 998 1730 1052; x_wconf 85' lang='grc' dir='ltr'>θεῶν</span> <span class='ocrx_word' id='word_1_71' title='bbox 1755 1001 1868 1052; x_wconf 82' lang='grc' dir='ltr'>εἰσ-</span> 
     </span>
    </p>
   </div>
   <div class='ocr_carea' id='block_1_11' title="bbox 274 1086 1866 1161">
    <p class='ocr_par' dir='ltr' id='par_1_11' title="bbox 274 1086 1866 1161">
     <span class='ocr_line' id='line_1_11' title="bbox 274 1086 1866 1161; baseline 0.001 -20"><span class='ocrx_word' id='word_1_72' title='bbox 274 1086 472 1157; x_wconf 77' lang='grc' dir='ltr'>ῆκται·</span> <span class='ocrx_word' id='word_1_73' title='bbox 509 1089 606 1141; x_wconf 81' lang='grc' dir='ltr'><strong>καὶ</strong></span> <span class='ocrx_word' id='word_1_74' title='bbox 653 1086 816 1141; x_wconf 88' lang='grc' dir='ltr'>πάλιν</span> <span class='ocrx_word' id='word_1_75' title='bbox 848 1088 906 1140; x_wconf 84' lang='grc' dir='ltr'><strong>ἐν</strong></span> <span class='ocrx_word' id='word_1_76' title='bbox 944 1088 1277 1159; x_wconf 80' lang='grc' dir='ltr'><strong>ἀμφοτέροις</strong></span> <span class='ocrx_word' id='word_1_77' title='bbox 1319 1087 1520 1159; x_wconf 86' lang='grc' dir='ltr'>κρίνων</span> <span class='ocrx_word' id='word_1_78' title='bbox 1555 1090 1866 1161; x_wconf 85' lang='grc' dir='ltr'>ἀναγέγρα-</span> 
     </span>
    </p>
   </div>
   <div class='ocr_carea' id='block_1_12' title="bbox 276 1178 1866 1251">
    <p class='ocr_par' dir='ltr' id='par_1_12' title="bbox 276 1178 1866 1251">
     <span class='ocr_line' id='line_1_12' title="bbox 276 1178 1866 1251; baseline 0.002 -18"><span class='ocrx_word' id='word_1_79' title='bbox 276 1197 434 1234; x_wconf 87' lang='grc' dir='ltr'>πται.</span> <span class='ocrx_word' id='word_1_80' title='bbox 471 1180 580 1233; x_wconf 80' lang='grc' dir='ltr'><strong>Καὶ</strong></span> <span class='ocrx_word' id='word_1_81' title='bbox 614 1180 672 1233; x_wconf 90' lang='grc' dir='ltr'>ἐν</span> <span class='ocrx_word' id='word_1_82' title='bbox 708 1179 806 1251; x_wconf 89' lang='grc' dir='ltr'><strong>μέν</strong></span> <span class='ocrx_word' id='word_1_83' title='bbox 840 1178 922 1251; x_wconf 81' lang='grc' dir='ltr'>τῷ</span> <span class='ocrx_word' id='word_1_84' title='bbox 954 1180 1183 1251; x_wconf 86' lang='grc' dir='ltr'><strong>παρόντι</strong></span> <span class='ocrx_word' id='word_1_85' title='bbox 1218 1180 1485 1235; x_wconf 82' lang='grc' dir='ltr'>λέλεκται’</span> <span class='ocrx_word' id='word_1_86' title='bbox 1527 1181 1799 1247; x_wconf 79' lang='grc' dir='ltr'><strong>Ἀνάστα,</strong></span> <span class='ocrx_word' id='word_1_87' title='bbox 1833 1185 1866 1236; x_wconf 86' lang='grc' dir='ltr'><strong>ό</strong></span> 
     </span>
    </p>
   </div>
   <div class='ocr_carea' id='block_1_13' title="bbox 278 1271 1867 1345">
    <p class='ocr_par' dir='ltr' id='par_1_13' title="bbox 278 1271 1867 1345">
     <span class='ocr_line' id='line_1_13' title="bbox 278 1271 1867 1345; baseline 0.001 -18"><span class='ocrx_word' id='word_1_88' title='bbox 278 1272 449 1338; x_wconf 79' lang='grc' dir='ltr'>Θεὸς,</span> <span class='ocrx_word' id='word_1_89' title='bbox 476 1271 684 1341; x_wconf 82' lang='grc' dir='ltr'>κρῖνον</span> <span class='ocrx_word' id='word_1_90' title='bbox 712 1272 826 1341; x_wconf 82' lang='grc' dir='ltr'>τὴν</span> <span class='ocrx_word' id='word_1_91' title='bbox 846 1272 984 1342; x_wconf 78' lang='grc' dir='ltr'>γῆν,</span> <span class='ocrx_word' id='word_1_92' title='bbox 1010 1271 1099 1325; x_wconf 82' lang='grc' dir='ltr'>ὅτι</span> <span class='ocrx_word' id='word_1_93' title='bbox 1123 1273 1206 1326; x_wconf 82' lang='grc' dir='ltr'>σὺ</span> <span class='ocrx_word' id='word_1_94' title='bbox 1232 1275 1867 1345; x_wconf 71' lang='grc' dir='ltr'>κατακληρονομήονεις</span> 
     </span>
    </p>
   </div>
   <div class='ocr_carea' id='block_1_14' title="bbox 274 1363 1865 1438">
    <p class='ocr_par' dir='ltr' id='par_1_14' title="bbox 274 1363 1865 1438">
     <span class='ocr_line' id='line_1_14' title="bbox 274 1363 1865 1438; baseline 0.003 -21"><span class='ocrx_word' id='word_1_95' title='bbox 274 1364 349 1417; x_wconf 83' lang='grc' dir='ltr'>ἐν</span> <span class='ocrx_word' id='word_1_96' title='bbox 384 1363 535 1419; x_wconf 78' lang='grc' dir='ltr'>πᾶσι</span> <span class='ocrx_word' id='word_1_97' title='bbox 561 1364 685 1431; x_wconf 83' lang='grc' dir='ltr'>τοῖς</span> <span class='ocrx_word' id='word_1_98' title='bbox 720 1365 965 1419; x_wconf 81' lang='grc' dir='ltr'>ἔθνεσιν</span> <span class='ocrx_word' id='word_1_99' title='bbox 987 1381 1001 1395; x_wconf 80' lang='grc'><strong><em>⁸</em></strong></span> <span class='ocrx_word' id='word_1_100' title='bbox 1028 1366 1086 1417; x_wconf 90' lang='grc' dir='ltr'>ἐν</span> <span class='ocrx_word' id='word_1_101' title='bbox 1109 1364 1168 1418; x_wconf 80' lang='grc' dir='ltr'>δὲ</span> <span class='ocrx_word' id='word_1_102' title='bbox 1201 1364 1277 1436; x_wconf 84' lang='grc' dir='ltr'>τῷ</span> <span class='ocrx_word' id='word_1_103' title='bbox 1314 1365 1401 1437; x_wconf 90' lang='grc' dir='ltr'>μθ¹</span> <span class='ocrx_word' id='word_1_104' title='bbox 1425 1368 1631 1438; x_wconf 83' lang='grc' dir='ltr'>σφόδρα</span> <span class='ocrx_word' id='word_1_105' title='bbox 1656 1368 1865 1433; x_wconf 83' lang='grc' dir='ltr'><strong>τούτοις</strong></span> 
     </span>
    </p>
   </div>
   <div class='ocr_carea' id='block_1_15' title="bbox 273 1455 1864 1532">
    <p class='ocr_par' dir='ltr' id='par_1_15' title="bbox 273 1455 1864 1532">
     <span class='ocr_line' id='line_1_15' title="bbox 273 1455 1864 1532; baseline 0.004 -23"><span class='ocrx_word' id='word_1_106' title='bbox 273 1455 585 1520; x_wconf 79' lang='grc' dir='ltr'>ἀκολούθως</span> <span class='ocrx_word' id='word_1_107' title='bbox 613 1458 761 1522; x_wconf 83' lang='grc' dir='ltr'>ὅπως</span> <span class='ocrx_word' id='word_1_108' title='bbox 788 1458 1027 1522; x_wconf 75' lang='grc' dir='ltr'>ἀναστὰς</span> <span class='ocrx_word' id='word_1_109' title='bbox 1064 1458 1239 1530; x_wconf 92' lang='grc' dir='ltr'>κρίνει</span> <span class='ocrx_word' id='word_1_110' title='bbox 1279 1459 1378 1531; x_wconf 83' lang='grc' dir='ltr'>τὴν</span> <span class='ocrx_word' id='word_1_111' title='bbox 1410 1462 1511 1530; x_wconf 77' lang='grc' dir='ltr'><strong>γῆν</strong></span> <span class='ocrx_word' id='word_1_112' title='bbox 1557 1462 1864 1532; x_wconf 80' lang='grc' dir='ltr'>ὑπογράφει</span> 
     </span>
    </p>
   </div>
   <div class='ocr_carea' id='block_1_16' title="bbox 272 1548 1864 1621">
    <p class='ocr_par' dir='ltr' id='par_1_16' title="bbox 272 1548 1864 1621">
     <span class='ocr_line' id='line_1_16' title="bbox 272 1548 1864 1621; baseline 0.004 -20"><span class='ocrx_word' id='word_1_113' title='bbox 272 1550 303 1601; x_wconf 83' lang='grc' dir='ltr'>ὁ</span> <span class='ocrx_word' id='word_1_114' title='bbox 354 1548 510 1618; x_wconf 87' lang='grc' dir='ltr'>λόγος</span> <span class='ocrx_word' id='word_1_115' title='bbox 532 1550 757 1619; x_wconf 78' lang='grc' dir='ltr'><strong>φάσκων</strong></span> <span class='ocrx_word' id='word_1_116' title='bbox 777 1566 790 1580; x_wconf 90' lang='grc'><strong>·</strong></span> <span class='ocrx_word' id='word_1_117' title='bbox 824 1549 970 1617; x_wconf 85' lang='grc' dir='ltr'>Θεὸς</span> <span class='ocrx_word' id='word_1_118' title='bbox 1014 1549 1167 1604; x_wconf 82' lang='grc' dir='ltr'>θεῶν</span> <span class='ocrx_word' id='word_1_119' title='bbox 1193 1551 1410 1621; x_wconf 82' lang='grc' dir='ltr'>Κύριος</span> <span class='ocrx_word' id='word_1_120' title='bbox 1446 1552 1732 1621; x_wconf 78' lang='grc' dir='ltr'>ἐλάλησε,</span> <span class='ocrx_word' id='word_1_121' title='bbox 1764 1554 1864 1607; x_wconf 73' lang='grc' dir='ltr'>καὶ</span> 
     </span>
    </p>
   </div>
   <div class='ocr_carea' id='block_1_17' title="bbox 271 1640 1863 1717">
    <p class='ocr_par' dir='ltr' id='par_1_17' title="bbox 271 1640 1863 1717">
     <span class='ocr_line' id='line_1_17' title="bbox 271 1640 1863 1717; baseline 0.003 -22"><span class='ocrx_word' id='word_1_122' title='bbox 271 1642 539 1697; x_wconf 78' lang='grc' dir='ltr'>ἐκάλεσε</span> <span class='ocrx_word' id='word_1_123' title='bbox 596 1640 713 1711; x_wconf 82' lang='grc' dir='ltr'>τὴν</span> <span class='ocrx_word' id='word_1_124' title='bbox 764 1641 882 1713; x_wconf 78' lang='grc' dir='ltr'>γῆν</span> <span class='ocrx_word' id='word_1_125' title='bbox 926 1642 1044 1696; x_wconf 78' lang='grc' dir='ltr'>ἀπὸ</span> <span class='ocrx_word' id='word_1_126' title='bbox 1096 1642 1409 1698; x_wconf 70' lang='grc' dir='ltr'>ἀνατολῶν</span> <span class='ocrx_word' id='word_1_127' title='bbox 1462 1645 1641 1711; x_wconf 76' lang='grc' dir='ltr'>ἡλίου</span> <span class='ocrx_word' id='word_1_128' title='bbox 1685 1644 1863 1717; x_wconf 75' lang='grc' dir='ltr'>μέχρι</span> 
     </span>
    </p>
   </div>
   <div class='ocr_carea' id='block_1_18' title="bbox 270 1733 1863 1807">
    <p class='ocr_par' dir='ltr' id='par_1_18' title="bbox 270 1733 1863 1807">
     <span class='ocr_line' id='line_1_18' title="bbox 270 1733 1863 1807; baseline 0.004 -19"><span class='ocrx_word' id='word_1_129' title='bbox 270 1733 553 1805; x_wconf 78' lang='grc' dir='ltr'>δυσμῶν·</span> <span class='ocrx_word' id='word_1_130' title='bbox 590 1737 683 1790; x_wconf 76' lang='grc' dir='ltr'><strong>καὶ</strong></span> <span class='ocrx_word' id='word_1_131' title='bbox 710 1734 837 1807; x_wconf 78' lang='grc' dir='ltr'>ἐξῆς</span> <span class='ocrx_word' id='word_1_132' title='bbox 857 1752 871 1766; x_wconf 76' lang='grc' dir='ltr'><strong><em>ο</em></strong></span> <span class='ocrx_word' id='word_1_133' title='bbox 917 1736 970 1788; x_wconf 84' lang='lat'><strong>&#39;0</strong></span> <span class='ocrx_word' id='word_1_134' title='bbox 1000 1735 1144 1802; x_wconf 84' lang='grc' dir='ltr'>Θεὸς</span> <span class='ocrx_word' id='word_1_135' title='bbox 1168 1735 1448 1807; x_wconf 69' lang='grc' dir='ltr'>ἐμφανῶς</span> <span class='ocrx_word' id='word_1_136' title='bbox 1475 1736 1627 1805; x_wconf 80' lang='grc' dir='ltr'>ἣξει,</span> <span class='ocrx_word' id='word_1_137' title='bbox 1659 1738 1756 1792; x_wconf 79' lang='grc' dir='ltr'>καὶ</span> <span class='ocrx_word' id='word_1_138' title='bbox 1790 1741 1863 1794; x_wconf 90' lang='grc' dir='ltr'>οὑ</span> 
     </span>
    </p>
   </div>
   <div class='ocr_carea' id='block_1_19' title="bbox 1972 536 3562 609">
    <p class='ocr_par' dir='ltr' id='par_1_19' title="bbox 1972 536 3562 609">
     <span class='ocr_line' id='line_1_19' title="bbox 1972 536 3562 609; baseline -0.001 -14"><span class='ocrx_word' id='word_1_139' title='bbox 1972 543 2109 597; x_wconf 88' lang='lat' dir='ltr'><strong>tium</strong></span> <span class='ocrx_word' id='word_1_140' title='bbox 2167 543 2476 607; x_wconf 88' lang='lat' dir='ltr'><strong>vocatione,</strong></span> <span class='ocrx_word' id='word_1_141' title='bbox 2528 541 2719 595; x_wconf 89' lang='lat' dir='ltr'><strong>dicens</strong></span> <span class='ocrx_word' id='word_1_142' title='bbox 2750 558 2763 593; x_wconf 91' lang='lat'>:</span> <span class='ocrx_word' id='word_1_143' title='bbox 2792 537 2984 609; x_wconf 82' lang='lat' dir='ltr'><strong>Surge,</strong></span> <span class='ocrx_word' id='word_1_144' title='bbox 3016 536 3179 601; x_wconf 87' lang='lat' dir='ltr'><strong>Deus,</strong></span> <span class='ocrx_word' id='word_1_145' title='bbox 3211 538 3403 605; x_wconf 83' lang='lat' dir='ltr'><strong>judica</strong></span> <span class='ocrx_word' id='word_1_146' title='bbox 3454 549 3562 594; x_wconf 83' lang='lat' dir='ltr'><strong>ter-</strong></span> 
     </span>
    </p>
   </div>
   <div class='ocr_carea' id='block_1_20' title="bbox 1971 630 3555 705">
    <p class='ocr_par' dir='ltr' id='par_1_20' title="bbox 1971 630 3555 705">
     <span class='ocr_line' id='line_1_20' title="bbox 1971 630 3555 705; baseline 0.001 -19"><span class='ocrx_word' id='word_1_147' title='bbox 1971 651 2109 698; x_wconf 87' lang='lat' dir='ltr'><strong>ram,</strong></span> <span class='ocrx_word' id='word_1_148' title='bbox 2146 635 2401 705; x_wconf 83' lang='lat' dir='ltr'><strong>quoniam</strong></span> <span class='ocrx_word' id='word_1_149' title='bbox 2432 643 2491 687; x_wconf 91' lang='lat' dir='ltr'><strong>tu</strong></span> <span class='ocrx_word' id='word_1_150' title='bbox 2526 631 2866 688; x_wconf 76' lang='lat' dir='ltr'><strong>hwreditabis</strong></span> <span class='ocrx_word' id='word_1_151' title='bbox 2916 633 2973 685; x_wconf 86' lang='lat' dir='ltr'><strong>in</strong></span> <span class='ocrx_word' id='word_1_152' title='bbox 3020 630 3263 686; x_wconf 85' lang='lat' dir='ltr'><strong>omnibus</strong></span> <span class='ocrx_word' id='word_1_153' title='bbox 3291 632 3555 703; x_wconf 87' lang='lat' dir='ltr'><strong>gentibus.</strong></span> 
     </span>
    </p>
   </div>
   <div class='ocr_carea' id='block_1_21' title="bbox 1978 724 3559 799">
    <p class='ocr_par' dir='ltr' id='par_1_21' title="bbox 1978 724 3559 799">
     <span class='ocr_line' id='line_1_21' title="bbox 1978 724 3559 799; baseline 0.001 -20"><span class='ocrx_word' id='word_1_154' title='bbox 1978 724 2203 782; x_wconf 87' lang='lat' dir='ltr'><strong>Videtur</strong></span> <span class='ocrx_word' id='word_1_155' title='bbox 2260 727 2391 782; x_wconf 89' lang='lat' dir='ltr'><strong>huic</strong></span> <span class='ocrx_word' id='word_1_156' title='bbox 2430 728 2644 799; x_wconf 86' lang='lat' dir='ltr'><strong>psalmo</strong></span> <span class='ocrx_word' id='word_1_157' title='bbox 2674 726 3135 799; x_wconf 78' lang='lat' dir='ltr'><strong>quadragesimus</strong></span> <span class='ocrx_word' id='word_1_158' title='bbox 3164 739 3345 781; x_wconf 90' lang='lat' dir='ltr'><strong>nonus</strong></span> <span class='ocrx_word' id='word_1_159' title='bbox 3382 725 3559 782; x_wconf 83' lang='lat' dir='ltr'><strong>aliinis</strong></span> 
     </span>
    </p>
   </div>
   <div class='ocr_carea' id='block_1_22' title="bbox 1968 819 3559 893">
    <p class='ocr_par' dir='ltr' id='par_1_22' title="bbox 1968 819 3559 893">
     <span class='ocr_line' id='line_1_22' title="bbox 1968 819 3559 893; baseline -0.003 -17"><span class='ocrx_word' id='word_1_160' title='bbox 1968 838 2111 885; x_wconf 81' lang='lat' dir='ltr'><strong>esse,</strong></span> <span class='ocrx_word' id='word_1_161' title='bbox 2145 824 2199 877; x_wconf 92' lang='lat' dir='ltr'><strong>in</strong></span> <span class='ocrx_word' id='word_1_162' title='bbox 2234 839 2343 893; x_wconf 91' lang='lat' dir='ltr'><strong>quo</strong></span> <span class='ocrx_word' id='word_1_163' title='bbox 2376 824 2542 878; x_wconf 85' lang='lat' dir='ltr'><strong>etiam</strong></span> <span class='ocrx_word' id='word_1_164' title='bbox 2572 821 2860 879; x_wconf 83' lang='lat' dir='ltr'><strong>dicebatur</strong></span> <span class='ocrx_word' id='word_1_165' title='bbox 2892 840 2903 875; x_wconf 90' lang='lat'><strong>:</strong></span> <span class='ocrx_word' id='word_1_166' title='bbox 2936 821 3079 875; x_wconf 97' lang='lat' dir='ltr'><strong>Deus</strong></span> <span class='ocrx_word' id='word_1_167' title='bbox 3111 821 3332 874; x_wconf 86' lang='lat' dir='ltr'><strong>deorum</strong></span> <span class='ocrx_word' id='word_1_168' title='bbox 3365 819 3559 873; x_wconf 89' lang='lat' dir='ltr'><strong>Domi-</strong></span> 
     </span>
    </p>
   </div>
   <div class='ocr_carea' id='block_1_23' title="bbox 1968 910 3558 984">
    <p class='ocr_par' dir='ltr' id='par_1_23' title="bbox 1968 910 3558 984">
     <span class='ocr_line' id='line_1_23' title="bbox 1968 910 3558 984; baseline -0.003 -16"><span class='ocrx_word' id='word_1_169' title='bbox 1968 930 2067 969; x_wconf 78' lang='lat' dir='ltr'><strong>nus</strong></span> <span class='ocrx_word' id='word_1_170' title='bbox 2115 914 2320 968; x_wconf 89' lang='lat' dir='ltr'><strong>locutus</strong></span> <span class='ocrx_word' id='word_1_171' title='bbox 2365 924 2444 969; x_wconf 87' lang='lat' dir='ltr'><strong>est</strong></span> <span class='ocrx_word' id='word_1_172' title='bbox 2468 915 2513 947; x_wconf 83' lang='lat'><strong>&#39;°</strong></span> <span class='ocrx_word' id='word_1_173' title='bbox 2542 933 2555 968; x_wconf 87' lang='lat'><strong>:</strong></span> <span class='ocrx_word' id='word_1_174' title='bbox 2587 930 2711 969; x_wconf 78' lang='lat' dir='ltr'><strong>nam</strong></span> <span class='ocrx_word' id='word_1_175' title='bbox 2761 916 2817 967; x_wconf 92' lang='lat' dir='ltr'><strong>in</strong></span> <span class='ocrx_word' id='word_1_176' title='bbox 2872 920 3105 984; x_wconf 85' lang='lat' dir='ltr'><strong>utroque</strong></span> <span class='ocrx_word' id='word_1_177' title='bbox 3142 911 3286 968; x_wconf 86' lang='lat' dir='ltr'><strong>Deus</strong></span> <span class='ocrx_word' id='word_1_178' title='bbox 3330 910 3558 965; x_wconf 87' lang='lat' dir='ltr'><strong>deorum</strong></span> 
     </span>
    </p>
   </div>
   <div class='ocr_carea' id='block_1_24' title="bbox 1974 1003 3561 1077">
    <p class='ocr_par' dir='ltr' id='par_1_24' title="bbox 1974 1003 3561 1077">
     <span class='ocr_line' id='line_1_24' title="bbox 1974 1003 3561 1077; baseline -0.003 -17"><span class='ocrx_word' id='word_1_179' title='bbox 1974 1007 2293 1075; x_wconf 85' lang='lat' dir='ltr'><strong>inducitur;</strong></span> <span class='ocrx_word' id='word_1_180' title='bbox 2322 1022 2656 1077; x_wconf 84' lang='lat' dir='ltr'><strong>rursumque</strong></span> <span class='ocrx_word' id='word_1_181' title='bbox 2684 1007 2739 1061; x_wconf 92' lang='lat' dir='ltr'><strong>in</strong></span> <span class='ocrx_word' id='word_1_182' title='bbox 2774 1006 3042 1061; x_wconf 88' lang='lat' dir='ltr'><strong>ambobus</strong></span> <span class='ocrx_word' id='word_1_183' title='bbox 3068 1004 3321 1075; x_wconf 89' lang='lat' dir='ltr'><strong>judicare</strong></span> <span class='ocrx_word' id='word_1_184' title='bbox 3360 1003 3561 1058; x_wconf 89' lang='lat' dir='ltr'><strong>scribi-</strong></span> 
     </span>
    </p>
   </div>
   <div class='ocr_carea' id='block_1_25' title="bbox 1968 1096 3559 1170">
    <p class='ocr_par' dir='ltr' id='par_1_25' title="bbox 1968 1096 3559 1170">
     <span class='ocr_line' id='line_1_25' title="bbox 1968 1096 3559 1170; baseline -0.003 -15"><span class='ocrx_word' id='word_1_185' title='bbox 1968 1111 2090 1166; x_wconf 89' lang='lat' dir='ltr'><strong>tur;</strong></span> <span class='ocrx_word' id='word_1_186' title='bbox 2119 1099 2173 1154; x_wconf 89' lang='lat' dir='ltr'><strong>in</strong></span> <span class='ocrx_word' id='word_1_187' title='bbox 2196 1101 2454 1170; x_wconf 59' lang='lat' dir='ltr'><strong>praesenti</strong></span> <span class='ocrx_word' id='word_1_188' title='bbox 2477 1100 2678 1170; x_wconf 78' lang='lat' dir='ltr'><strong>quippe</strong></span> <span class='ocrx_word' id='word_1_189' title='bbox 2702 1099 2903 1153; x_wconf 90' lang='lat' dir='ltr'><strong>dicitur</strong></span> <span class='ocrx_word' id='word_1_190' title='bbox 2927 1118 2941 1153; x_wconf 89' lang='lat'>:</span> <span class='ocrx_word' id='word_1_191' title='bbox 2967 1096 3155 1169; x_wconf 84' lang='lat' dir='ltr'><strong>Surge,</strong></span> <span class='ocrx_word' id='word_1_192' title='bbox 3182 1096 3348 1161; x_wconf 87' lang='lat' dir='ltr'><strong>Deus,</strong></span> <span class='ocrx_word' id='word_1_193' title='bbox 3367 1096 3559 1167; x_wconf 76' lang='lat' dir='ltr'><strong>judice</strong></span> 
     </span>
    </p>
   </div>
   <div class='ocr_carea' id='block_1_26' title="bbox 1970 1190 3557 1265">
    <p class='ocr_par' dir='ltr' id='par_1_26' title="bbox 1970 1190 3557 1265">
     <span class='ocr_line' id='line_1_26' title="bbox 1970 1190 3557 1265; baseline -0.004 -16"><span class='ocrx_word' id='word_1_194' title='bbox 1970 1206 2193 1259; x_wconf 85' lang='lat' dir='ltr'><strong>terram,</strong></span> <span class='ocrx_word' id='word_1_195' title='bbox 2217 1196 2466 1265; x_wconf 88' lang='lat' dir='ltr'><strong>quoniam</strong></span> <span class='ocrx_word' id='word_1_196' title='bbox 2495 1203 2550 1248; x_wconf 89' lang='lat' dir='ltr'><strong>tu</strong></span> <span class='ocrx_word' id='word_1_197' title='bbox 2573 1193 2910 1248; x_wconf 66' lang='lat' dir='ltr'><strong>haereditabis</strong></span> <span class='ocrx_word' id='word_1_198' title='bbox 2938 1193 2991 1246; x_wconf 86' lang='lat' dir='ltr'><strong>in</strong></span> <span class='ocrx_word' id='word_1_199' title='bbox 3018 1191 3261 1246; x_wconf 89' lang='lat' dir='ltr'><strong>omnibus</strong></span> <span class='ocrx_word' id='word_1_200' title='bbox 3285 1190 3557 1263; x_wconf 81' lang='lat' dir='ltr'><strong>gentibus;</strong></span> 
     </span>
    </p>
   </div>
   <div class='ocr_carea' id='block_1_27' title="bbox 1966 1285 3557 1358">
    <p class='ocr_par' dir='ltr' id='par_1_27' title="bbox 1966 1285 3557 1358">
     <span class='ocr_line' id='line_1_27' title="bbox 1966 1285 3557 1358; baseline -0.004 -15"><span class='ocrx_word' id='word_1_201' title='bbox 1966 1288 2021 1343; x_wconf 92' lang='lat' dir='ltr'><strong>in</strong></span> <span class='ocrx_word' id='word_1_202' title='bbox 2063 1286 2488 1358; x_wconf 77' lang='lat' dir='ltr'><strong>quadragesimo</strong></span> <span class='ocrx_word' id='word_1_203' title='bbox 2538 1295 2723 1341; x_wconf 87' lang='lat' dir='ltr'><strong>autem</strong></span> <span class='ocrx_word' id='word_1_204' title='bbox 2770 1300 2939 1349; x_wconf 92' lang='lat' dir='ltr'><strong>nono,</strong></span> <span class='ocrx_word' id='word_1_205' title='bbox 2989 1285 3148 1341; x_wconf 83' lang='lat' dir='ltr'><strong>valde</strong></span> <span class='ocrx_word' id='word_1_206' title='bbox 3185 1292 3557 1340; x_wconf 82' lang='lat' dir='ltr'><strong>consentanea</strong></span> 
     </span>
    </p>
   </div>
   <div class='ocr_carea' id='block_1_28' title="bbox 1968 1376 3559 1449">
    <p class='ocr_par' dir='ltr' id='par_1_28' title="bbox 1968 1376 3559 1449">
     <span class='ocr_line' id='line_1_28' title="bbox 1968 1376 3559 1449; baseline -0.003 -15"><span class='ocrx_word' id='word_1_207' title='bbox 1968 1380 2096 1435; x_wconf 82' lang='lat' dir='ltr'><strong>huic</strong></span> <span class='ocrx_word' id='word_1_208' title='bbox 2125 1378 2361 1441; x_wconf 85' lang='lat' dir='ltr'><strong>ratione,</strong></span> <span class='ocrx_word' id='word_1_209' title='bbox 2398 1393 2507 1449; x_wconf 92' lang='lat' dir='ltr'><strong>quo</strong></span> <span class='ocrx_word' id='word_1_210' title='bbox 2531 1385 2692 1448; x_wconf 86' lang='lat' dir='ltr'><strong>pacto</strong></span> <span class='ocrx_word' id='word_1_211' title='bbox 2724 1392 2956 1445; x_wconf 79' lang='lat' dir='ltr'><strong>surgens</strong></span> <span class='ocrx_word' id='word_1_212' title='bbox 2985 1376 3193 1447; x_wconf 75' lang='lat' dir='ltr'><strong>iudicet</strong></span> <span class='ocrx_word' id='word_1_213' title='bbox 3227 1383 3429 1431; x_wconf 88' lang='lat' dir='ltr'><strong>terram</strong></span> <span class='ocrx_word' id='word_1_214' title='bbox 3462 1376 3559 1430; x_wconf 86' lang='lat' dir='ltr'><strong>de-</strong></span> 
     </span>
    </p>
   </div>
   <div class='ocr_carea' id='block_1_29' title="bbox 1966 1466 3555 1525">
    <p class='ocr_par' dir='ltr' id='par_1_29' title="bbox 1966 1466 3555 1525">
     <span class='ocr_line' id='line_1_29' title="bbox 1966 1466 3555 1525; baseline -0.003 0"><span class='ocrx_word' id='word_1_215' title='bbox 1966 1470 2231 1525; x_wconf 85' lang='lat' dir='ltr'><strong>scribitur</strong></span> <span class='ocrx_word' id='word_1_216' title='bbox 2260 1468 2346 1524; x_wconf 91' lang='lat' dir='ltr'><strong>his</strong></span> <span class='ocrx_word' id='word_1_217' title='bbox 2367 1469 2548 1524; x_wconf 83' lang='lat' dir='ltr'><strong>verbis</strong></span> <span class='ocrx_word' id='word_1_218' title='bbox 2579 1487 2591 1521; x_wconf 94' lang='lat'>:</span> <span class='ocrx_word' id='word_1_219' title='bbox 2624 1467 2767 1521; x_wconf 85' lang='lat' dir='ltr'><strong>Deus</strong></span> <span class='ocrx_word' id='word_1_220' title='bbox 2799 1468 3020 1521; x_wconf 86' lang='lat' dir='ltr'><strong>deorum</strong></span> <span class='ocrx_word' id='word_1_221' title='bbox 3049 1466 3312 1521; x_wconf 82' lang='lat' dir='ltr'><strong>Dominus</strong></span> <span class='ocrx_word' id='word_1_222' title='bbox 3348 1467 3555 1521; x_wconf 85' lang='lat' dir='ltr'><strong>locutus</strong></span> 
     </span>
    </p>
   </div>
   <div class='ocr_carea' id='block_1_30' title="bbox 1964 1557 3555 1629">
    <p class='ocr_par' dir='ltr' id='par_1_30' title="bbox 1964 1557 3555 1629">
     <span class='ocr_line' id='line_1_30' title="bbox 1964 1557 3555 1629; baseline -0.003 -14"><span class='ocrx_word' id='word_1_223' title='bbox 1964 1572 2064 1624; x_wconf 88' lang='lat' dir='ltr'><strong>est,</strong></span> <span class='ocrx_word' id='word_1_224' title='bbox 2104 1570 2153 1614; x_wconf 87' lang='lat' dir='ltr'><strong>et</strong></span> <span class='ocrx_word' id='word_1_225' title='bbox 2190 1561 2390 1615; x_wconf 80' lang='lat' dir='ltr'><strong>vocavit</strong></span> <span class='ocrx_word' id='word_1_226' title='bbox 2436 1569 2635 1614; x_wconf 90' lang='lat' dir='ltr'><strong>terram</strong></span> <span class='ocrx_word' id='word_1_227' title='bbox 2679 1576 2712 1612; x_wconf 89' lang='lat' dir='ltr'><strong>a</strong></span> <span class='ocrx_word' id='word_1_228' title='bbox 2762 1558 2892 1614; x_wconf 87' lang='lat' dir='ltr'><strong>solis</strong></span> <span class='ocrx_word' id='word_1_229' title='bbox 2938 1568 3059 1613; x_wconf 89' lang='lat' dir='ltr'><strong>ortu</strong></span> <span class='ocrx_word' id='word_1_230' title='bbox 3092 1574 3252 1629; x_wconf 84' lang='lat' dir='ltr'><strong>usque</strong></span> <span class='ocrx_word' id='word_1_231' title='bbox 3294 1557 3363 1611; x_wconf 86' lang='lat' dir='ltr'><strong>ad</strong></span> <span class='ocrx_word' id='word_1_232' title='bbox 3405 1575 3555 1613; x_wconf 83' lang='lat' dir='ltr'><strong>occa-</strong></span> 
     </span>
    </p>
   </div>
   <div class='ocr_carea' id='block_1_31' title="bbox 1965 1651 3556 1723">
    <p class='ocr_par' dir='ltr' id='par_1_31' title="bbox 1965 1651 3556 1723">
     <span class='ocr_line' id='line_1_31' title="bbox 1965 1651 3556 1723; baseline -0.002 -16"><span class='ocrx_word' id='word_1_233' title='bbox 1965 1670 2083 1708; x_wconf 85' lang='lat' dir='ltr'><strong>sum</strong></span> <span class='ocrx_word' id='word_1_234' title='bbox 2106 1654 2152 1684; x_wconf 73' lang='grc' dir='ltr'><strong>’ί</strong></span> <span class='ocrx_word' id='word_1_235' title='bbox 2178 1671 2192 1715; x_wconf 84' lang='lat'><strong>;</strong></span> <span class='ocrx_word' id='word_1_236' title='bbox 2226 1668 2290 1707; x_wconf 90' lang='lat' dir='ltr'><strong>ac</strong></span> <span class='ocrx_word' id='word_1_237' title='bbox 2326 1652 2587 1723; x_wconf 88' lang='lat' dir='ltr'><strong>deinceps</strong></span> <span class='ocrx_word' id='word_1_238' title='bbox 2617 1671 2630 1707; x_wconf 88' lang='lat'><strong>:</strong></span> <span class='ocrx_word' id='word_1_239' title='bbox 2656 1651 2800 1706; x_wconf 87' lang='lat' dir='ltr'><strong>Deus</strong></span> <span class='ocrx_word' id='word_1_240' title='bbox 2848 1651 3127 1722; x_wconf 77' lang='lat' dir='ltr'><strong>manifeste</strong></span> <span class='ocrx_word' id='word_1_241' title='bbox 3150 1651 3334 1716; x_wconf 84' lang='lat' dir='ltr'><strong>veniet,</strong></span> <span class='ocrx_word' id='word_1_242' title='bbox 3371 1661 3420 1705; x_wconf 89' lang='lat' dir='ltr'><strong>et</strong></span> <span class='ocrx_word' id='word_1_243' title='bbox 3452 1666 3556 1704; x_wconf 86' lang='lat' dir='ltr'><strong>non</strong></span> 
     </span>
    </p>
   </div>
   <div class='ocr_carea' id='block_1_32' title="bbox 1965 1742 3556 1817">
    <p class='ocr_par' dir='ltr' id='par_1_32' title="bbox 1965 1742 3556 1817">
     <span class='ocr_line' id='line_1_32' title="bbox 1965 1742 3556 1817; baseline -0.003 -17"><span class='ocrx_word' id='word_1_244' title='bbox 1965 1745 2161 1801; x_wconf 82' lang='lat' dir='ltr'><strong>silebit.</strong></span> <span class='ocrx_word' id='word_1_245' title='bbox 2194 1743 2341 1817; x_wconf 84' lang='lat' dir='ltr'><strong>Ignis</strong></span> <span class='ocrx_word' id='word_1_246' title='bbox 2376 1744 2431 1797; x_wconf 89' lang='lat' dir='ltr'><strong>in</strong></span> <span class='ocrx_word' id='word_1_247' title='bbox 2462 1752 2741 1813; x_wconf 83' lang='lat' dir='ltr'><strong>conspectu</strong></span> <span class='ocrx_word' id='word_1_248' title='bbox 2770 1742 2887 1813; x_wconf 84' lang='lat' dir='ltr'><strong>ejus</strong></span> <span class='ocrx_word' id='word_1_249' title='bbox 2926 1742 3234 1799; x_wconf 76' lang='lat' dir='ltr'><strong>exardescet</strong></span> <span class='ocrx_word' id='word_1_250' title='bbox 3258 1743 3327 1807; x_wconf 85' lang='lat'><strong>&quot;,</strong></span> <span class='ocrx_word' id='word_1_251' title='bbox 3358 1750 3412 1797; x_wconf 89' lang='lat' dir='ltr'><strong>et</strong></span> <span class='ocrx_word' id='word_1_252' title='bbox 3444 1757 3556 1796; x_wconf 68' lang='lat' dir='ltr'><strong>ca:-</strong></span> 
     </span>
    </p>
   </div>
   <div class='ocr_carea' id='block_1_33' title="bbox 269 1811 1854 1907">
    <p class='ocr_par' dir='ltr' id='par_1_33' title="bbox 269 1826 1854 1901">
     <span class='ocr_line' id='line_1_33' title="bbox 269 1826 1854 1901; baseline -0.001 -19"><span class='ocrx_word' id='word_1_253' title='bbox 269 1828 827 1901; x_wconf 75' lang='grc' dir='ltr'>παρασιωπήσετιιι.</span> <span class='ocrx_word' id='word_1_254' title='bbox 843 1826 970 1897; x_wconf 85' lang='grc' dir='ltr'><strong>Πῦρ</strong></span> <span class='ocrx_word' id='word_1_255' title='bbox 989 1826 1245 1881; x_wconf 82' lang='grc' dir='ltr'>ἐνώπιον</span> <span class='ocrx_word' id='word_1_256' title='bbox 1259 1826 1446 1881; x_wconf 85' lang='grc' dir='ltr'>αὐτοῦ</span> <span class='ocrx_word' id='word_1_257' title='bbox 1470 1826 1854 1893; x_wconf 78' lang='grc' dir='ltr'><strong>καυθήσεται,</strong></span> 
     </span>
    </p>
   </div>
   <div class='ocr_carea' id='block_1_34' title="bbox 1956 1811 3557 1907">
    <p class='ocr_par' dir='ltr' id='par_1_34' title="bbox 1966 1811 3557 1907">
     <span class='ocr_line' id='line_1_34' title="bbox 1966 1811 3557 1907; baseline -0.001 -16"><span class='ocrx_word' id='word_1_258' title='bbox 1966 1844 2122 1891; x_wconf 79' lang='lat' dir='ltr'><strong>tera:</strong></span> <span class='ocrx_word' id='word_1_259' title='bbox 2155 1811 2316 1907; x_wconf 76' lang='lat' dir='ltr'><strong>queis</strong></span> <span class='ocrx_word' id='word_1_260' title='bbox 2362 1811 2641 1906; x_wconf 88' lang='lat' dir='ltr'><strong>quomodo</strong></span> <span class='ocrx_word' id='word_1_261' title='bbox 2674 1811 3033 1904; x_wconf 82' lang='lat' dir='ltr'><strong>judicaturus</strong></span> <span class='ocrx_word' id='word_1_262' title='bbox 3077 1834 3152 1889; x_wconf 91' lang='lat' dir='ltr'><strong>sit</strong></span> <span class='ocrx_word' id='word_1_263' title='bbox 3192 1841 3436 1889; x_wconf 84' lang='lat' dir='ltr'><strong>enarrat.</strong></span> <span class='ocrx_word' id='word_1_264' title='bbox 3492 1831 3557 1889; x_wconf 82' lang='lat' dir='ltr'><strong>Et</strong></span> 
     </span>
    </p>
   </div>
   <div class='ocr_carea' id='block_1_35' title="bbox 269 1912 1862 1990">
    <p class='ocr_par' dir='ltr' id='par_1_35' title="bbox 269 1912 1862 1990">
     <span class='ocr_line' id='line_1_35' title="bbox 269 1912 1862 1990; baseline 0 -18"><span class='ocrx_word' id='word_1_265' title='bbox 269 1920 372 1973; x_wconf 80' lang='grc' dir='ltr'>καὶ</span> <span class='ocrx_word' id='word_1_266' title='bbox 398 1918 466 1971; x_wconf 85' lang='grc' dir='ltr'>τὰ</span> <span class='ocrx_word' id='word_1_267' title='bbox 496 1917 651 1990; x_wconf 76' lang='grc' dir='ltr'>ἑξῆς·</span> <span class='ocrx_word' id='word_1_268' title='bbox 684 1918 751 1972; x_wconf 86' lang='grc' dir='ltr'>δι’</span> <span class='ocrx_word' id='word_1_269' title='bbox 779 1912 854 1972; x_wconf 83' lang='grc' dir='ltr'>ὧν</span> <span class='ocrx_word' id='word_1_270' title='bbox 883 1919 1029 1981; x_wconf 85' lang='grc' dir='ltr'>ὅπως</span> <span class='ocrx_word' id='word_1_271' title='bbox 1057 1916 1240 1987; x_wconf 81' lang='grc' dir='ltr'><strong>μέλλει</strong></span> <span class='ocrx_word' id='word_1_272' title='bbox 1272 1917 1480 1989; x_wconf 87' lang='grc' dir='ltr'>κρίνειν</span> <span class='ocrx_word' id='word_1_273' title='bbox 1505 1917 1862 1989; x_wconf 79' lang='grc' dir='ltr'>διεξέρχεται.</span> 
     </span>
    </p>
   </div>
   <div class='ocr_carea' id='block_1_36' title="bbox 268 2010 1863 2085">
    <p class='ocr_par' dir='ltr' id='par_1_36' title="bbox 268 2010 1863 2085">
     <span class='ocr_line' id='line_1_36' title="bbox 268 2010 1863 2085; baseline 0.001 -19"><span class='ocrx_word' id='word_1_274' title='bbox 268 2012 387 2066; x_wconf 76' lang='grc' dir='ltr'>Καὶ</span> <span class='ocrx_word' id='word_1_275' title='bbox 416 2012 715 2085; x_wconf 78' lang='grc' dir='ltr'><strong>ἐπειδήπερ</strong></span> <span class='ocrx_word' id='word_1_276' title='bbox 748 2013 808 2066; x_wconf 92' lang='grc' dir='ltr'>ἐν</span> <span class='ocrx_word' id='word_1_277' title='bbox 834 2013 912 2083; x_wconf 81' lang='grc' dir='ltr'>τῷ</span> <span class='ocrx_word' id='word_1_278' title='bbox 938 2010 1075 2083; x_wconf 87' lang='grc' dir='ltr'><strong>μετά</strong></span> <span class='ocrx_word' id='word_1_279' title='bbox 1108 2015 1296 2084; x_wconf 82' lang='grc' dir='ltr'>χεῖρας</span> <span class='ocrx_word' id='word_1_280' title='bbox 1322 2011 1589 2066; x_wconf 89' lang='grc' dir='ltr'>λέλεκται·</span> <span class='ocrx_word' id='word_1_281' title='bbox 1624 2014 1753 2066; x_wconf 74' lang='grc' dir='ltr'>Ὀτι</span> <span class='ocrx_word' id='word_1_282' title='bbox 1779 2012 1863 2068; x_wconf 88' lang='grc' dir='ltr'>σὺ</span> 
     </span>
    </p>
   </div>
   <div class='ocr_carea' id='block_1_37' title="bbox 268 2104 1863 2175">
    <p class='ocr_par' dir='ltr' id='par_1_37' title="bbox 268 2104 1863 2175">
     <span class='ocr_line' id='line_1_37' title="bbox 268 2104 1863 2175; baseline 0 -16"><span class='ocrx_word' id='word_1_283' title='bbox 268 2105 911 2175; x_wconf 77' lang='grc' dir='ltr'>κατακληρονομήσεις</span> <span class='ocrx_word' id='word_1_284' title='bbox 947 2106 1018 2159; x_wconf 78' lang='grc' dir='ltr'>ἐν</span> <span class='ocrx_word' id='word_1_285' title='bbox 1056 2104 1209 2159; x_wconf 83' lang='grc' dir='ltr'>πᾶσι</span> <span class='ocrx_word' id='word_1_286' title='bbox 1248 2104 1371 2170; x_wconf 84' lang='grc' dir='ltr'>τοῖς</span> <span class='ocrx_word' id='word_1_287' title='bbox 1402 2106 1677 2159; x_wconf 56' lang='grc' dir='ltr'>ἔθνεσιν</span> <span class='ocrx_word' id='word_1_288' title='bbox 1714 2106 1863 2161; x_wconf 80' lang='grc' dir='ltr'>εικό-</span> 
     </span>
    </p>
   </div>
   <div class='ocr_carea' id='block_1_38' title="bbox 267 2196 1863 2268">
    <p class='ocr_par' dir='ltr' id='par_1_38' title="bbox 267 2196 1863 2268">
     <span class='ocr_line' id='line_1_38' title="bbox 267 2196 1863 2268; baseline 0.003 -20"><span class='ocrx_word' id='word_1_289' title='bbox 267 2213 382 2260; x_wconf 88' lang='grc' dir='ltr'><strong>τως</strong></span> <span class='ocrx_word' id='word_1_290' title='bbox 415 2198 474 2249; x_wconf 90' lang='grc' dir='ltr'><strong>ἐν</strong></span> <span class='ocrx_word' id='word_1_291' title='bbox 504 2198 584 2268; x_wconf 80' lang='grc' dir='ltr'>τῷ</span> <span class='ocrx_word' id='word_1_292' title='bbox 634 2197 721 2268; x_wconf 87' lang='grc' dir='ltr'>μθ¹</span> <span class='ocrx_word' id='word_1_293' title='bbox 750 2198 879 2262; x_wconf 83' lang='grc' dir='ltr'>τοὺς</span> <span class='ocrx_word' id='word_1_294' title='bbox 922 2196 1072 2268; x_wconf 84' lang='grc' dir='ltr'>παρὰ</span> <span class='ocrx_word' id='word_1_295' title='bbox 1098 2197 1325 2251; x_wconf 83' lang='grc' dir='ltr'>Μωῦσεῖ</span> <span class='ocrx_word' id='word_1_296' title='bbox 1355 2198 1484 2268; x_wconf 74' lang='grc' dir='ltr'>περὶ</span> <span class='ocrx_word' id='word_1_297' title='bbox 1509 2198 1709 2252; x_wconf 83' lang='grc' dir='ltr'><strong>θυσιῶν</strong></span> <span class='ocrx_word' id='word_1_298' title='bbox 1734 2200 1863 2252; x_wconf 87' lang='grc' dir='ltr'>ἀνα-</span> 
     </span>
    </p>
   </div>
   <div class='ocr_carea' id='block_1_39' title="bbox 267 2285 1863 2360">
    <p class='ocr_par' dir='ltr' id='par_1_39' title="bbox 267 2285 1863 2360">
     <span class='ocr_line' id='line_1_39' title="bbox 267 2285 1863 2360; baseline -0.001 -19"><span class='ocrx_word' id='word_1_299' title='bbox 267 2285 467 2357; x_wconf 79' lang='grc' dir='ltr'>τρέπει</span> <span class='ocrx_word' id='word_1_300' title='bbox 513 2287 731 2355; x_wconf 86' lang='grc' dir='ltr'>νόμους,</span> <span class='ocrx_word' id='word_1_301' title='bbox 778 2288 965 2360; x_wconf 74' lang='grc' dir='ltr'>ἕτερον</span> <span class='ocrx_word' id='word_1_302' title='bbox 1008 2286 1209 2357; x_wconf 81' lang='grc' dir='ltr'>τρόπον</span> <span class='ocrx_word' id='word_1_303' title='bbox 1258 2287 1588 2358; x_wconf 76' lang='grc' dir='ltr'>παραδιδοὺς</span> <span class='ocrx_word' id='word_1_304' title='bbox 1637 2287 1863 2357; x_wconf 81' lang='grc' dir='ltr'>λογικῆς</span> 
     </span>
    </p>
   </div>
   <div class='ocr_carea' id='block_1_40' title="bbox 268 2378 1862 2450">
    <p class='ocr_par' dir='ltr' id='par_1_40' title="bbox 268 2378 1862 2450">
     <span class='ocr_line' id='line_1_40' title="bbox 268 2378 1862 2450; baseline 0.001 -18"><span class='ocrx_word' id='word_1_305' title='bbox 268 2378 485 2443; x_wconf 82' lang='grc' dir='ltr'>θυσίας,</span> <span class='ocrx_word' id='word_1_306' title='bbox 520 2378 611 2433; x_wconf 82' lang='grc' dir='ltr'>τὸν</span> <span class='ocrx_word' id='word_1_307' title='bbox 653 2379 775 2433; x_wconf 80' lang='grc' dir='ltr'>καθ’</span> <span class='ocrx_word' id='word_1_308' title='bbox 814 2379 945 2449; x_wconf 83' lang='grc' dir='ltr'><strong>ὅλης</strong></span> <span class='ocrx_word' id='word_1_309' title='bbox 985 2379 1083 2449; x_wconf 83' lang='grc' dir='ltr'>τῆς</span> <span class='ocrx_word' id='word_1_310' title='bbox 1127 2378 1457 2450; x_wconf 79' lang='grc' dir='ltr'><strong>οἰκουμένης</strong></span> <span class='ocrx_word' id='word_1_311' title='bbox 1496 2381 1554 2431; x_wconf 90' lang='grc' dir='ltr'>ἐν</span> <span class='ocrx_word' id='word_1_312' title='bbox 1580 2380 1862 2444; x_wconf 65' lang='grc' dir='ltr'>πᾶσιιτοῖς</span> 
     </span>
    </p>
   </div>
   <div class='ocr_carea' id='block_1_41' title="bbox 269 2469 1861 2542">
    <p class='ocr_par' dir='ltr' id='par_1_41' title="bbox 269 2469 1861 2542">
     <span class='ocr_line' id='line_1_41' title="bbox 269 2469 1861 2542; baseline 0.002 -19"><span class='ocrx_word' id='word_1_313' title='bbox 269 2471 485 2525; x_wconf 69' lang='grc' dir='ltr'>ἔθνεσιν</span> <span class='ocrx_word' id='word_1_314' title='bbox 516 2469 764 2524; x_wconf 87' lang='grc' dir='ltr'>ἐπιτελού</span> <span class='ocrx_word' id='word_1_315' title='bbox 774 2487 934 2542; x_wconf 90' lang='grc' dir='ltr'>μενον</span> <span class='ocrx_word' id='word_1_316' title='bbox 957 2488 971 2501; x_wconf 74' lang='grc' dir='ltr'><strong><em>ο</em></strong></span> <span class='ocrx_word' id='word_1_317' title='bbox 1008 2470 1076 2523; x_wconf 86' lang='grc' dir='ltr'>δι’</span> <span class='ocrx_word' id='word_1_318' title='bbox 1119 2470 1149 2522; x_wconf 84' lang='grc' dir='ltr'><strong>ὃ</strong></span> <span class='ocrx_word' id='word_1_319' title='bbox 1175 2469 1451 2524; x_wconf 80' lang='grc' dir='ltr'>λέλεκται·</span> <span class='ocrx_word' id='word_1_320' title='bbox 1488 2472 1610 2525; x_wconf 83' lang='grc' dir='ltr'>’Ότι</span> <span class='ocrx_word' id='word_1_321' title='bbox 1645 2471 1729 2525; x_wconf 86' lang='grc' dir='ltr'>σὺ</span> <span class='ocrx_word' id='word_1_322' title='bbox 1756 2489 1861 2526; x_wconf 86' lang='grc' dir='ltr'>κα·-</span> 
     </span>
    </p>
   </div>
   <div class='ocr_carea' id='block_1_42' title="bbox 265 2560 1532 2635">
    <p class='ocr_par' dir='ltr' id='par_1_42' title="bbox 265 2560 1532 2635">
     <span class='ocr_line' id='line_1_42' title="bbox 265 2560 1532 2635; baseline 0 -18"><span class='ocrx_word' id='word_1_323' title='bbox 265 2563 820 2635; x_wconf 74' lang='grc' dir='ltr'>τακληρονομήσεις</span> <span class='ocrx_word' id='word_1_324' title='bbox 840 2564 913 2617; x_wconf 83' lang='grc' dir='ltr'>ἐν</span> <span class='ocrx_word' id='word_1_325' title='bbox 936 2560 1089 2618; x_wconf 79' lang='grc' dir='ltr'>πᾶσι</span> <span class='ocrx_word' id='word_1_326' title='bbox 1117 2562 1242 2629; x_wconf 84' lang='grc' dir='ltr'>τοῖς</span> <span class='ocrx_word' id='word_1_327' title='bbox 1264 2561 1532 2617; x_wconf 82' lang='grc' dir='ltr'>ἔθνεσιν.</span> 
     </span>
    </p>
   </div>
   <div class='ocr_carea' id='block_1_43' title="bbox 1014 2679 1118 2732">
    <p class='ocr_par' dir='ltr' id='par_1_43' title="bbox 1014 2679 1118 2732">
     <span class='ocr_line' id='line_1_43' title="bbox 1014 2679 1118 2732; baseline -0.01 0"><span class='ocrx_word' id='word_1_328' title='bbox 1014 2679 1118 2732; x_wconf 84' lang='lat' dir='ltr'><strong>IA&#39;.</strong></span> 
     </span>
    </p>
   </div>
   <div class='ocr_carea' id='block_1_44' title="bbox 351 2769 1855 2843">
    <p class='ocr_par' dir='ltr' id='par_1_44' title="bbox 351 2769 1855 2843">
     <span class='ocr_line' id='line_1_44' title="bbox 351 2769 1855 2843; baseline 0.003 -21"><span class='ocrx_word' id='word_1_329' title='bbox 351 2770 411 2822; x_wconf 91' lang='lat'><strong>&#39;0</strong></span> <span class='ocrx_word' id='word_1_330' title='bbox 439 2769 631 2841; x_wconf 88' lang='grc' dir='ltr'>παρὼν</span> <span class='ocrx_word' id='word_1_331' title='bbox 658 2769 837 2839; x_wconf 89' lang='grc' dir='ltr'>λόγος,</span> <span class='ocrx_word' id='word_1_332' title='bbox 873 2770 1183 2835; x_wconf 84' lang='grc' dir='ltr'>τελευταῖος</span> <span class='ocrx_word' id='word_1_333' title='bbox 1212 2769 1287 2825; x_wconf 79' lang='grc' dir='ltr'><strong>ὢν</strong></span> <span class='ocrx_word' id='word_1_334' title='bbox 1310 2769 1405 2823; x_wconf 84' lang='grc' dir='ltr'>τοῦ</span> <span class='ocrx_word' id='word_1_335' title='bbox 1448 2771 1641 2841; x_wconf 80' lang='grc' dir='ltr'>Ἀσάφ,</span> <span class='ocrx_word' id='word_1_336' title='bbox 1669 2771 1855 2843; x_wconf 84' lang='grc' dir='ltr'>ίκετη·</span> 
     </span>
    </p>
   </div>
   <div class='ocr_carea' id='block_1_45' title="bbox 271 2862 1857 2937">
    <p class='ocr_par' dir='ltr' id='par_1_45' title="bbox 271 2862 1857 2937">
     <span class='ocr_line' id='line_1_45' title="bbox 271 2862 1857 2937; baseline 0.001 -20"><span class='ocrx_word' id='word_1_337' title='bbox 271 2862 398 2936; x_wconf 80' lang='grc' dir='ltr'>ρίαν</span> <span class='ocrx_word' id='word_1_338' title='bbox 422 2864 666 2935; x_wconf 82' lang='grc' dir='ltr'>περιέχει</span> <span class='ocrx_word' id='word_1_339' title='bbox 697 2864 792 2917; x_wconf 69' lang='grc' dir='ltr'><strong>καὶ</strong></span> <span class='ocrx_word' id='word_1_340' title='bbox 818 2863 1164 2935; x_wconf 87' lang='grc' dir='ltr'>παράκλησιν</span> <span class='ocrx_word' id='word_1_341' title='bbox 1196 2864 1338 2937; x_wconf 79' lang='grc' dir='ltr'>ὑπὲρ</span> <span class='ocrx_word' id='word_1_342' title='bbox 1374 2863 1469 2918; x_wconf 82' lang='grc' dir='ltr'>τοῦ</span> <span class='ocrx_word' id='word_1_343' title='bbox 1498 2864 1629 2918; x_wconf 79' lang='grc' dir='ltr'>λαοῦ</span> <span class='ocrx_word' id='word_1_344' title='bbox 1668 2866 1857 2937; x_wconf 83' lang='grc' dir='ltr'>σφόδρ’</span> 
     </span>
    </p>
   </div>
   <div class='ocr_carea' id='block_1_46' title="bbox 265 2954 1855 3029">
    <p class='ocr_par' dir='ltr' id='par_1_46' title="bbox 265 2954 1855 3029">
     <span class='ocr_line' id='line_1_46' title="bbox 265 2954 1855 3029; baseline 0.002 -22"><span class='ocrx_word' id='word_1_345' title='bbox 265 2954 597 3020; x_wconf 84' lang='grc' dir='ltr'>ἀκολούθως.</span> <span class='ocrx_word' id='word_1_346' title='bbox 641 2956 859 3027; x_wconf 83' lang='grc' dir='ltr'>Ἐπειδὴ</span> <span class='ocrx_word' id='word_1_347' title='bbox 906 2956 1016 3029; x_wconf 85' lang='grc' dir='ltr'>γὰρ</span> <span class='ocrx_word' id='word_1_348' title='bbox 1062 2958 1119 3009; x_wconf 94' lang='grc' dir='ltr'>ἐν</span> <span class='ocrx_word' id='word_1_349' title='bbox 1159 2958 1271 3021; x_wconf 82' lang='grc' dir='ltr'>τοῖς</span> <span class='ocrx_word' id='word_1_350' title='bbox 1316 2955 1556 3026; x_wconf 83' lang='grc' dir='ltr'>πρώτοις</span> <span class='ocrx_word' id='word_1_351' title='bbox 1599 2955 1855 3010; x_wconf 75' lang='grc' dir='ltr'>ἐθέσπισε</span> 
     </span>
    </p>
   </div>
   <div class='ocr_carea' id='block_1_47' title="bbox 262 3044 1856 3120">
    <p class='ocr_par' dir='ltr' id='par_1_47' title="bbox 262 3044 1856 3120">
     <span class='ocr_line' id='line_1_47' title="bbox 262 3044 1856 3120; baseline 0.001 -20"><span class='ocrx_word' id='word_1_352' title='bbox 262 3047 364 3120; x_wconf 82' lang='grc' dir='ltr'>τὴν</span> <span class='ocrx_word' id='word_1_353' title='bbox 410 3048 643 3119; x_wconf 80' lang='grc' dir='ltr'><strong>ἐσχάτην</strong></span> <span class='ocrx_word' id='word_1_354' title='bbox 672 3048 767 3102; x_wconf 76' lang='grc' dir='ltr'><strong>τοῦ</strong></span> <span class='ocrx_word' id='word_1_355' title='bbox 799 3049 965 3101; x_wconf 81' lang='grc' dir='ltr'>τόπου</span> <span class='ocrx_word' id='word_1_356' title='bbox 1005 3048 1345 3119; x_wconf 81' lang='grc' dir='ltr'>πολιορκίαν,</span> <span class='ocrx_word' id='word_1_357' title='bbox 1382 3044 1482 3101; x_wconf 74' lang='grc' dir='ltr'>εἴτ’</span> <span class='ocrx_word' id='word_1_358' title='bbox 1522 3048 1856 3120; x_wconf 81' lang='grc' dir='ltr'>ἀναδραμὼν</span> 
     </span>
    </p>
   </div>
   <div class='ocr_carea' id='block_1_48' title="bbox 262 3138 1857 3211">
    <p class='ocr_par' dir='ltr' id='par_1_48' title="bbox 262 3138 1857 3211">
     <span class='ocr_line' id='line_1_48' title="bbox 262 3138 1857 3211; baseline 0.001 -20"><span class='ocrx_word' id='word_1_359' title='bbox 262 3139 344 3210; x_wconf 78' lang='grc' dir='ltr'>τῷ</span> <span class='ocrx_word' id='word_1_360' title='bbox 364 3139 541 3210; x_wconf 76' lang='grc' dir='ltr'>χρόνῳ</span> <span class='ocrx_word' id='word_1_361' title='bbox 574 3138 833 3210; x_wconf 79' lang='grc' dir='ltr'>δευτέραν</span> <span class='ocrx_word' id='word_1_362' title='bbox 854 3138 955 3209; x_wconf 77' lang='grc' dir='ltr'><strong>τὴν</strong></span> <span class='ocrx_word' id='word_1_363' title='bbox 983 3138 1073 3191; x_wconf 79' lang='grc' dir='ltr'><strong>ὑπ’</strong></span> <span class='ocrx_word' id='word_1_364' title='bbox 1108 3139 1379 3210; x_wconf 82' lang='grc' dir='ltr'>Ἀντιόχου</span> <span class='ocrx_word' id='word_1_365' title='bbox 1408 3138 1711 3211; x_wconf 80' lang='grc' dir='ltr'>γενομένην</span> <span class='ocrx_word' id='word_1_366' title='bbox 1734 3138 1857 3192; x_wconf 74' lang='grc' dir='ltr'>ἐτα-</span> 
     </span>
    </p>
   </div>
   <div class='ocr_carea' id='block_1_49' title="bbox 263 3226 1852 3303">
    <p class='ocr_par' dir='ltr' id='par_1_49' title="bbox 263 3226 1852 3303">
     <span class='ocr_line' id='line_1_49' title="bbox 263 3226 1852 3303; baseline -0.001 -19"><span class='ocrx_word' id='word_1_367' title='bbox 263 3231 378 3298; x_wconf 82' lang='grc' dir='ltr'>ξεν,</span> <span class='ocrx_word' id='word_1_368' title='bbox 422 3226 519 3284; x_wconf 78' lang='grc' dir='ltr'>εἶτ’</span> <span class='ocrx_word' id='word_1_369' title='bbox 562 3232 655 3285; x_wconf 78' lang='grc' dir='ltr'><strong>ἐπὶ</strong></span> <span class='ocrx_word' id='word_1_370' title='bbox 694 3231 898 3301; x_wconf 82' lang='grc' dir='ltr'>ταύτης</span> <span class='ocrx_word' id='word_1_371' title='bbox 920 3231 1111 3303; x_wconf 84' lang='grc' dir='ltr'>τρίτης</span> <span class='ocrx_word' id='word_1_372' title='bbox 1148 3230 1522 3302; x_wconf 77' lang='grc' dir='ltr'>ἐμνημόνευσε</span> <span class='ocrx_word' id='word_1_373' title='bbox 1550 3230 1650 3303; x_wconf 83' lang='grc' dir='ltr'>τῆς</span> <span class='ocrx_word' id='word_1_374' title='bbox 1679 3246 1852 3303; x_wconf 83' lang='grc' dir='ltr'>προα-</span> 
     </span>
    </p>
   </div>
   <div class='ocr_carea' id='block_1_50' title="bbox 261 3323 1854 3396">
    <p class='ocr_par' dir='ltr' id='par_1_50' title="bbox 261 3323 1854 3396">
     <span class='ocr_line' id='line_1_50' title="bbox 261 3323 1854 3396; baseline 0 -20"><span class='ocrx_word' id='word_1_375' title='bbox 261 3323 471 3395; x_wconf 88' lang='grc' dir='ltr'>γούσης</span> <span class='ocrx_word' id='word_1_376' title='bbox 501 3328 613 3389; x_wconf 81' lang='grc' dir='ltr'>τοῖς</span> <span class='ocrx_word' id='word_1_377' title='bbox 646 3324 879 3396; x_wconf 82' lang='grc' dir='ltr'>χρόνοις,</span> <span class='ocrx_word' id='word_1_378' title='bbox 908 3324 1055 3393; x_wconf 86' lang='grc' dir='ltr'>λέγω</span> <span class='ocrx_word' id='word_1_379' title='bbox 1092 3323 1150 3378; x_wconf 83' lang='grc' dir='ltr'>δὲ</span> <span class='ocrx_word' id='word_1_380' title='bbox 1189 3324 1289 3394; x_wconf 85' lang='grc' dir='ltr'>τῆς</span> <span class='ocrx_word' id='word_1_381' title='bbox 1335 3324 1475 3378; x_wconf 89' lang='grc' dir='ltr'><strong>κατά</strong></span> <span class='ocrx_word' id='word_1_382' title='bbox 1518 3323 1627 3377; x_wconf 83' lang='grc' dir='ltr'><strong>τῶν</strong></span> <span class='ocrx_word' id='word_1_383' title='bbox 1661 3325 1854 3377; x_wconf 76' lang='grc' dir='ltr'>Ἀστυ-</span> 
     </span>
    </p>
   </div>
   <div class='ocr_carea' id='block_1_51' title="bbox 196 3414 1853 3488">
    <p class='ocr_par' dir='ltr' id='par_1_51' title="bbox 196 3414 1853 3488">
     <span class='ocr_line' id='line_1_51' title="bbox 196 3414 1853 3488; baseline 0.001 -20"><span class='ocrx_word' id='word_1_384' title='bbox 196 3444 213 3457; x_wconf 84' lang='grc'><strong>-</strong></span> <span class='ocrx_word' id='word_1_385' title='bbox 264 3415 399 3488; x_wconf 84' lang='grc' dir='ltr'>ρίων</span> <span class='ocrx_word' id='word_1_386' title='bbox 426 3415 518 3469; x_wconf 57' lang='grc' dir='ltr'><strong>καὶ⁵</strong></span> <span class='ocrx_word' id='word_1_387' title='bbox 540 3415 893 3469; x_wconf 79' lang='grc' dir='ltr'>Βαϐυλωνίων</span> <span class='ocrx_word' id='word_1_388' title='bbox 921 3416 1097 3488; x_wconf 78' lang='grc' dir='ltr'>ἀρχῆς</span> <span class='ocrx_word' id='word_1_389' title='bbox 1115 3433 1129 3445; x_wconf 76' lang='grc'><strong>⁸</strong></span> <span class='ocrx_word' id='word_1_390' title='bbox 1154 3415 1463 3480; x_wconf 84' lang='grc' dir='ltr'>ἀκολούθως</span> <span class='ocrx_word' id='word_1_391' title='bbox 1485 3415 1574 3469; x_wconf 77' lang='grc' dir='ltr'>διὰ</span> <span class='ocrx_word' id='word_1_392' title='bbox 1594 3414 1701 3469; x_wconf 81' lang='grc' dir='ltr'><strong>τῶν</strong></span> <span class='ocrx_word' id='word_1_393' title='bbox 1726 3433 1853 3487; x_wconf 90' lang='grc' dir='ltr'>προ-</span> 
     </span>
    </p>
   </div>
   <div class='ocr_carea' id='block_1_52' title="bbox 260 3507 1852 3581">
    <p class='ocr_par' dir='ltr' id='par_1_52' title="bbox 260 3507 1852 3581">
     <span class='ocr_line' id='line_1_52' title="bbox 260 3507 1852 3581; baseline 0 -20"><span class='ocrx_word' id='word_1_394' title='bbox 260 3508 532 3580; x_wconf 86' lang='grc' dir='ltr'>κειμένων</span> <span class='ocrx_word' id='word_1_395' title='bbox 570 3509 754 3581; x_wconf 83' lang='grc' dir='ltr'>δέησιν</span> <span class='ocrx_word' id='word_1_396' title='bbox 783 3509 877 3563; x_wconf 76' lang='grc' dir='ltr'><strong>καὶ</strong></span> <span class='ocrx_word' id='word_1_397' title='bbox 909 3508 1191 3580; x_wconf 84' lang='grc' dir='ltr'>ἱκετηρίαν</span> <span class='ocrx_word' id='word_1_398' title='bbox 1223 3508 1538 3579; x_wconf 82' lang='grc' dir='ltr'>ἀναπέμπει</span> <span class='ocrx_word' id='word_1_399' title='bbox 1571 3508 1710 3581; x_wconf 82' lang='grc' dir='ltr'>ὑπὲρ</span> <span class='ocrx_word' id='word_1_400' title='bbox 1751 3507 1852 3579; x_wconf 81' lang='grc' dir='ltr'>τῆς</span> 
     </span>
    </p>
   </div>
   <div class='ocr_carea' id='block_1_53' title="bbox 256 3601 1849 3674">
    <p class='ocr_par' dir='ltr' id='par_1_53' title="bbox 256 3601 1849 3674">
     <span class='ocr_line' id='line_1_53' title="bbox 256 3601 1849 3674; baseline -0.001 -19"><span class='ocrx_word' id='word_1_401' title='bbox 256 3604 372 3666; x_wconf 85' lang='grc' dir='ltr'>τοῖς</span> <span class='ocrx_word' id='word_1_402' title='bbox 401 3602 615 3674; x_wconf 88' lang='grc' dir='ltr'>χρόνοις</span> <span class='ocrx_word' id='word_1_403' title='bbox 645 3602 869 3674; x_wconf 81' lang='grc' dir='ltr'>πρώτης</span> <span class='ocrx_word' id='word_1_404' title='bbox 909 3602 1242 3672; x_wconf 84' lang='grc' dir='ltr'>πολιορκίας,</span> <span class='ocrx_word' id='word_1_405' title='bbox 1291 3601 1413 3654; x_wconf 85' lang='grc' dir='ltr'>καθ’</span> <span class='ocrx_word' id='word_1_406' title='bbox 1454 3601 1522 3672; x_wconf 77' lang='grc' dir='ltr'><strong>ἢν</strong></span> <span class='ocrx_word' id='word_1_407' title='bbox 1557 3602 1758 3665; x_wconf 87' lang='grc' dir='ltr'>πάντες</span> <span class='ocrx_word' id='word_1_408' title='bbox 1800 3601 1849 3653; x_wconf 85' lang='grc' dir='ltr'>οἱ</span> 
     </span>
    </p>
   </div>
   <div class='ocr_carea' id='block_1_54' title="bbox 261 3691 1847 3767">
    <p class='ocr_par' dir='ltr' id='par_1_54' title="bbox 261 3691 1847 3767">
     <span class='ocr_line' id='line_1_54' title="bbox 261 3691 1847 3767; baseline -0.001 -20"><span class='ocrx_word' id='word_1_409' title='bbox 261 3694 533 3767; x_wconf 83' lang='grc' dir='ltr'>περίοικοι</span> <span class='ocrx_word' id='word_1_410' title='bbox 577 3694 678 3765; x_wconf 83' lang='grc' dir='ltr'>τῆς</span> <span class='ocrx_word' id='word_1_411' title='bbox 716 3694 976 3757; x_wconf 81' lang='grc' dir='ltr'>Ἰουδαίας</span> <span class='ocrx_word' id='word_1_412' title='bbox 1013 3692 1194 3758; x_wconf 82' lang='grc' dir='ltr'>δεξιὰς</span> <span class='ocrx_word' id='word_1_413' title='bbox 1233 3695 1346 3756; x_wconf 83' lang='grc' dir='ltr'>τοῖς</span> <span class='ocrx_word' id='word_1_414' title='bbox 1379 3691 1684 3764; x_wconf 83' lang='grc' dir='ltr'>Ἀσσυρίοις</span> <span class='ocrx_word' id='word_1_415' title='bbox 1726 3694 1847 3746; x_wconf 75' lang='grc' dir='ltr'>κατ’</span> 
     </span>
    </p>
   </div>
   <div class='ocr_carea' id='block_1_55' title="bbox 256 3783 1851 3859">
    <p class='ocr_par' dir='ltr' id='par_1_55' title="bbox 256 3783 1851 3859">
     <span class='ocr_line' id='line_1_55' title="bbox 256 3783 1851 3859; baseline -0.001 -20"><span class='ocrx_word' id='word_1_416' title='bbox 256 3785 441 3839; x_wconf 75' lang='grc' dir='ltr'>αὐτῶν</span> <span class='ocrx_word' id='word_1_417' title='bbox 482 3783 712 3858; x_wconf 79' lang='grc' dir='ltr'>ὢρεξαν.</span> <span class='ocrx_word' id='word_1_418' title='bbox 747 3788 813 3839; x_wconf 89' lang='grc' dir='ltr'><strong>Ὃ</strong></span> <span class='ocrx_word' id='word_1_419' title='bbox 835 3786 899 3859; x_wconf 78' lang='grc' dir='ltr'>δὴ</span> <span class='ocrx_word' id='word_1_420' title='bbox 938 3785 1194 3858; x_wconf 86' lang='grc' dir='ltr'>σημαίνει</span> <span class='ocrx_word' id='word_1_421' title='bbox 1237 3785 1411 3853; x_wconf 80' lang='grc' dir='ltr'>λέγων</span> <span class='ocrx_word' id='word_1_422' title='bbox 1445 3801 1459 3815; x_wconf 77' lang='grc'><strong><em>⁸</em></strong></span> <span class='ocrx_word' id='word_1_423' title='bbox 1500 3784 1578 3838; x_wconf 84' lang='grc' dir='ltr'><strong>Τὰ</strong></span> <span class='ocrx_word' id='word_1_424' title='bbox 1614 3784 1851 3852; x_wconf 80' lang='grc' dir='ltr'>σκηνώ-</span> 
     </span>
    </p>
   </div>
   <div class='ocr_carea' id='block_1_56' title="bbox 250 3875 1855 3948">
    <p class='ocr_par' dir='ltr' id='par_1_56' title="bbox 250 3875 1855 3948">
     <span class='ocr_line' id='line_1_56' title="bbox 250 3875 1855 3948; baseline 0 -17"><span class='ocrx_word' id='word_1_425' title='bbox 250 3895 415 3948; x_wconf 81' lang='grc' dir='ltr'>ματα</span> <span class='ocrx_word' id='word_1_426' title='bbox 455 3877 575 3931; x_wconf 84' lang='grc' dir='ltr'>τῶν</span> <span class='ocrx_word' id='word_1_427' title='bbox 619 3877 958 3946; x_wconf 76' lang='grc' dir='ltr'>Ἰδουμαίων</span> <span class='ocrx_word' id='word_1_428' title='bbox 1004 3876 1102 3930; x_wconf 81' lang='grc' dir='ltr'>καὶ</span> <span class='ocrx_word' id='word_1_429' title='bbox 1149 3880 1203 3930; x_wconf 83' lang='grc' dir='ltr'>οἱ</span> <span class='ocrx_word' id='word_1_430' title='bbox 1244 3875 1626 3946; x_wconf 77' lang='grc' dir='ltr'>Ἰσμαηλῖται,</span> <span class='ocrx_word' id='word_1_431' title='bbox 1671 3876 1855 3931; x_wconf 81' lang='grc' dir='ltr'><strong>Μωὰὸ</strong></span> 
     </span>
    </p>
   </div>
   <div class='ocr_carea' id='block_1_57' title="bbox 255 3968 1845 4039">
    <p class='ocr_par' dir='ltr' id='par_1_57' title="bbox 255 3968 1845 4039">
     <span class='ocr_line' id='line_1_57' title="bbox 255 3968 1845 4039; baseline 0 -16"><span class='ocrx_word' id='word_1_432' title='bbox 255 3971 355 4024; x_wconf 80' lang='grc' dir='ltr'>καὶ</span> <span class='ocrx_word' id='word_1_433' title='bbox 384 3973 439 4022; x_wconf 79' lang='grc' dir='ltr'>οἱ</span> <span class='ocrx_word' id='word_1_434' title='bbox 474 3968 796 4039; x_wconf 64' lang='grc' dir='ltr'>Ἀγαρηνοὶ,</span> <span class='ocrx_word' id='word_1_435' title='bbox 825 3970 1023 4024; x_wconf 77' lang='grc' dir='ltr'><em>Γεϐὰλ</em></span> <span class='ocrx_word' id='word_1_436' title='bbox 1045 3969 1143 4022; x_wconf 78' lang='grc' dir='ltr'>καὶ</span> <span class='ocrx_word' id='word_1_437' title='bbox 1181 3968 1406 4038; x_wconf 81' lang='grc' dir='ltr'>Ἀμμὼν</span> <span class='ocrx_word' id='word_1_438' title='bbox 1429 3969 1529 4022; x_wconf 82' lang='grc' dir='ltr'>καὶ</span> <span class='ocrx_word' id='word_1_439' title='bbox 1566 3969 1845 4039; x_wconf 75' lang='grc' dir='ltr'>Ἀμαλὴκ,</span> 
     </span>
    </p>
   </div>
   <div class='ocr_carea' id='block_1_58' title="bbox 255 4058 1848 4131">
    <p class='ocr_par' dir='ltr' id='par_1_58' title="bbox 255 4058 1848 4131">
     <span class='ocr_line' id='line_1_58' title="bbox 255 4058 1848 4131; baseline 0.001 -16"><span class='ocrx_word' id='word_1_440' title='bbox 255 4062 597 4130; x_wconf 60' lang='grc' dir='ltr'>ἀλλόφυλοι</span> <span class='ocrx_word' id='word_1_441' title='bbox 640 4062 793 4131; x_wconf 83' lang='grc' dir='ltr'>μετὰ</span> <span class='ocrx_word' id='word_1_442' title='bbox 828 4058 949 4114; x_wconf 87' lang='grc' dir='ltr'>τῶν</span> <span class='ocrx_word' id='word_1_443' title='bbox 992 4060 1434 4114; x_wconf 72' lang='grc' dir='ltr'>κατοικούντων</span> <span class='ocrx_word' id='word_1_444' title='bbox 1476 4061 1685 4129; x_wconf 83' lang='grc' dir='ltr'>Τύρον.</span> <span class='ocrx_word' id='word_1_445' title='bbox 1736 4062 1848 4116; x_wconf 73' lang='lat' dir='ltr'><strong>Kal</strong></span> 
     </span>
    </p>
   </div>
   <div class='ocr_carea' id='block_1_59' title="bbox 255 4151 1843 4223">
    <p class='ocr_par' dir='ltr' id='par_1_59' title="bbox 255 4151 1843 4223">
     <span class='ocr_line' id='line_1_59' title="bbox 255 4151 1843 4223; baseline 0.002 -19"><span class='ocrx_word' id='word_1_446' title='bbox 255 4153 368 4223; x_wconf 79' lang='grc' dir='ltr'>γὰρ</span> <span class='ocrx_word' id='word_1_447' title='bbox 426 4152 524 4206; x_wconf 75' lang='grc' dir='ltr'>καὶ</span> <span class='ocrx_word' id='word_1_448' title='bbox 594 4153 846 4223; x_wconf 80' lang='grc' dir='ltr'>Ἀσσοὺρ</span> <span class='ocrx_word' id='word_1_449' title='bbox 894 4151 1385 4223; x_wconf 79' lang='grc' dir='ltr'>συμπαρεγένετο</span> <span class='ocrx_word' id='word_1_450' title='bbox 1439 4154 1567 4221; x_wconf 77' lang='grc' dir='ltr'>μετ’</span> <span class='ocrx_word' id='word_1_451' title='bbox 1624 4152 1843 4218; x_wconf 82' lang='grc' dir='ltr'>αὐτῶν,</span> 
     </span>
    </p>
   </div>
   <div class='ocr_carea' id='block_1_60' title="bbox 253 4241 1845 4316">
    <p class='ocr_par' dir='ltr' id='par_1_60' title="bbox 253 4241 1845 4316">
     <span class='ocr_line' id='line_1_60' title="bbox 253 4241 1845 4316; baseline 0 -17"><span class='ocrx_word' id='word_1_452' title='bbox 253 4245 636 4316; x_wconf 78' lang='grc' dir='ltr'>ἐγενήθησαν</span> <span class='ocrx_word' id='word_1_453' title='bbox 689 4248 777 4312; x_wconf 76' lang='grc' dir='ltr'><strong>είς</strong></span> <span class='ocrx_word' id='word_1_454' title='bbox 818 4245 1147 4314; x_wconf 74' lang='grc' dir='ltr'>ἀντίληψιν</span> <span class='ocrx_word' id='word_1_455' title='bbox 1192 4246 1318 4312; x_wconf 80' lang='grc' dir='ltr'>τοῖς</span> <span class='ocrx_word' id='word_1_456' title='bbox 1349 4244 1503 4312; x_wconf 73' lang='grc' dir='ltr'>υἱοῖς</span> <span class='ocrx_word' id='word_1_457' title='bbox 1548 4246 1698 4300; x_wconf 79' lang='grc' dir='ltr'><strong>Λώτ.</strong></span> <span class='ocrx_word' id='word_1_458' title='bbox 1749 4241 1845 4312; x_wconf 72' lang='grc' dir='ltr'><strong>Οἷς</strong></span> 
     </span>
    </p>
   </div>
   <div class='ocr_carea' id='block_1_61' title="bbox 254 4337 1843 4411">
    <p class='ocr_par' dir='ltr' id='par_1_61' title="bbox 254 4337 1843 4411">
     <span class='ocr_line' id='line_1_61' title="bbox 254 4337 1843 4411; baseline -0.006 -17"><span class='ocrx_word' id='word_1_459' title='bbox 254 4340 387 4411; x_wconf 78' lang='grc' dir='ltr'>ἐξῆς</span> <span class='ocrx_word' id='word_1_460' title='bbox 413 4340 473 4393; x_wconf 82' lang='grc' dir='ltr'><strong>τὸ</strong></span> <span class='ocrx_word' id='word_1_461' title='bbox 501 4338 946 4410; x_wconf 70' lang='grc' dir='ltr'>καταληψόμενον</span> <span class='ocrx_word' id='word_1_462' title='bbox 974 4338 1172 4402; x_wconf 76' lang='grc' dir='ltr'>αὐτοὺς</span> <span class='ocrx_word' id='word_1_463' title='bbox 1218 4338 1525 4409; x_wconf 76' lang='grc' dir='ltr'>ὑπογράφει</span> <span class='ocrx_word' id='word_1_464' title='bbox 1561 4337 1712 4401; x_wconf 75' lang='grc' dir='ltr'>τέλος</span> <span class='ocrx_word' id='word_1_465' title='bbox 1738 4338 1843 4408; x_wconf 83' lang='grc' dir='ltr'>φά-</span> 
     </span>
    </p>
   </div>
   <div class='ocr_carea' id='block_1_62' title="bbox 255 4433 1845 4505">
    <p class='ocr_par' dir='ltr' id='par_1_62' title="bbox 255 4433 1845 4505">
     <span class='ocr_line' id='line_1_62' title="bbox 255 4433 1845 4505; baseline -0.001 -16"><span class='ocrx_word' id='word_1_466' title='bbox 255 4452 433 4490; x_wconf 90' lang='grc' dir='ltr'>σκων·</span> <span class='ocrx_word' id='word_1_467' title='bbox 477 4436 529 4488; x_wconf 89' lang='grc' dir='ltr'><em>Ὀ</em></span> <span class='ocrx_word' id='word_1_468' title='bbox 577 4438 723 4501; x_wconf 82' lang='grc' dir='ltr'>Θεός</span> <span class='ocrx_word' id='word_1_469' title='bbox 761 4452 901 4505; x_wconf 84' lang='grc' dir='ltr'>μου,</span> <span class='ocrx_word' id='word_1_470' title='bbox 946 4433 1053 4489; x_wconf 83' lang='grc' dir='ltr'><em>θοῦ</em></span> <span class='ocrx_word' id='word_1_471' title='bbox 1098 4433 1319 4500; x_wconf 85' lang='grc' dir='ltr'>αὐτοὺς</span> <span class='ocrx_word' id='word_1_472' title='bbox 1371 4434 1451 4500; x_wconf 84' lang='grc' dir='ltr'>ὡς</span> <span class='ocrx_word' id='word_1_473' title='bbox 1490 4433 1727 4502; x_wconf 73' lang='grc' dir='ltr'>τροχὸν,</span> <span class='ocrx_word' id='word_1_474' title='bbox 1764 4434 1845 4500; x_wconf 87' lang='grc' dir='ltr'>ὡς</span> 
     </span>
    </p>
   </div>
   <div class='ocr_carea' id='block_1_63' title="bbox 1963 1925 3556 1999">
    <p class='ocr_par' dir='ltr' id='par_1_63' title="bbox 1963 1925 3556 1999">
     <span class='ocr_line' id='line_1_63' title="bbox 1963 1925 3556 1999; baseline -0.002 -16"><span class='ocrx_word' id='word_1_475' title='bbox 1963 1929 2092 1999; x_wconf 86' lang='lat' dir='ltr'><strong>quia</strong></span> <span class='ocrx_word' id='word_1_476' title='bbox 2120 1929 2176 1983; x_wconf 90' lang='lat' dir='ltr'><strong>in</strong></span> <span class='ocrx_word' id='word_1_477' title='bbox 2207 1928 2466 1999; x_wconf 60' lang='lat' dir='ltr'><strong>presenti</strong></span> <span class='ocrx_word' id='word_1_478' title='bbox 2495 1928 2705 1981; x_wconf 89' lang='lat' dir='ltr'><strong>dictum</strong></span> <span class='ocrx_word' id='word_1_479' title='bbox 2738 1934 2825 1984; x_wconf 82' lang='lat' dir='ltr'><strong>est</strong></span> <span class='ocrx_word' id='word_1_480' title='bbox 2850 1926 3149 1993; x_wconf 86' lang='lat' dir='ltr'><strong>:Quoniam</strong></span> <span class='ocrx_word' id='word_1_481' title='bbox 3185 1936 3241 1979; x_wconf 90' lang='lat' dir='ltr'><strong>tu</strong></span> <span class='ocrx_word' id='word_1_482' title='bbox 3271 1925 3556 1981; x_wconf 67' lang='lat' dir='ltr'><strong>[neredita-</strong></span> 
     </span>
    </p>
   </div>
   <div class='ocr_carea' id='block_1_64' title="bbox 1964 2018 3557 2090">
    <p class='ocr_par' dir='ltr' id='par_1_64' title="bbox 1964 2018 3557 2090">
     <span class='ocr_line' id='line_1_64' title="bbox 1964 2018 3557 2090; baseline -0.001 -14"><span class='ocrx_word' id='word_1_483' title='bbox 1964 2022 2044 2077; x_wconf 87' lang='lat' dir='ltr'><strong>bis</strong></span> <span class='ocrx_word' id='word_1_484' title='bbox 2084 2022 2141 2075; x_wconf 84' lang='lat' dir='ltr'><strong>in</strong></span> <span class='ocrx_word' id='word_1_485' title='bbox 2190 2021 2435 2076; x_wconf 88' lang='lat' dir='ltr'><strong>omnibus</strong></span> <span class='ocrx_word' id='word_1_486' title='bbox 2477 2018 2757 2090; x_wconf 86' lang='lat' dir='ltr'><strong>gentibus;</strong></span> <span class='ocrx_word' id='word_1_487' title='bbox 2804 2027 3116 2090; x_wconf 88' lang='lat' dir='ltr'><strong>opportune</strong></span> <span class='ocrx_word' id='word_1_488' title='bbox 3148 2019 3203 2073; x_wconf 90' lang='lat' dir='ltr'><strong>in</strong></span> <span class='ocrx_word' id='word_1_489' title='bbox 3246 2018 3557 2090; x_wconf 77' lang='lat' dir='ltr'><strong>quadrage-</strong></span> 
     </span>
    </p>
   </div>
   <div class='ocr_carea' id='block_1_65' title="bbox 1962 2111 3553 2184">
    <p class='ocr_par' dir='ltr' id='par_1_65' title="bbox 1962 2111 3553 2184">
     <span class='ocr_line' id='line_1_65' title="bbox 1962 2111 3553 2184; baseline -0.003 -15"><span class='ocrx_word' id='word_1_490' title='bbox 1962 2114 2106 2170; x_wconf 85' lang='lat' dir='ltr'><strong>simo</strong></span> <span class='ocrx_word' id='word_1_491' title='bbox 2153 2127 2323 2180; x_wconf 89' lang='lat' dir='ltr'><strong>nono,</strong></span> <span class='ocrx_word' id='word_1_492' title='bbox 2375 2111 2580 2184; x_wconf 79' lang='lat' dir='ltr'><strong>Moysis</strong></span> <span class='ocrx_word' id='word_1_493' title='bbox 2634 2111 2703 2167; x_wconf 90' lang='lat' dir='ltr'><strong>de</strong></span> <span class='ocrx_word' id='word_1_494' title='bbox 2750 2112 3041 2169; x_wconf 83' lang='lat' dir='ltr'><strong>sacriﬁciis</strong></span> <span class='ocrx_word' id='word_1_495' title='bbox 3098 2111 3245 2182; x_wconf 77' lang='lat' dir='ltr'><strong>leges</strong></span> <span class='ocrx_word' id='word_1_496' title='bbox 3303 2111 3553 2181; x_wconf 79' lang='lat' dir='ltr'><strong>abrogat,</strong></span> 
     </span>
    </p>
   </div>
   <div class='ocr_carea' id='block_1_66' title="bbox 1962 2204 3553 2278">
    <p class='ocr_par' dir='ltr' id='par_1_66' title="bbox 1962 2204 3553 2278">
     <span class='ocr_line' id='line_1_66' title="bbox 1962 2204 3553 2278; baseline -0.001 -17"><span class='ocrx_word' id='word_1_497' title='bbox 1962 2206 2244 2278; x_wconf 89' lang='lat' dir='ltr'><strong>aliumque</strong></span> <span class='ocrx_word' id='word_1_498' title='bbox 2283 2206 2627 2261; x_wconf 84' lang='lat' dir='ltr'><strong>rationabilis</strong></span> <span class='ocrx_word' id='word_1_499' title='bbox 2676 2204 2934 2260; x_wconf 84' lang='lat' dir='ltr'><strong>sacriﬁcii</strong></span> <span class='ocrx_word' id='word_1_500' title='bbox 2966 2206 3133 2259; x_wconf 86' lang='lat' dir='ltr'><strong>ritum</strong></span> <span class='ocrx_word' id='word_1_501' title='bbox 3175 2204 3362 2271; x_wconf 87' lang='lat' dir='ltr'><strong>tradit,</strong></span> <span class='ocrx_word' id='word_1_502' title='bbox 3405 2204 3553 2276; x_wconf 90' lang='lat' dir='ltr'><strong>quod</strong></span> 
     </span>
    </p>
   </div>
   <div class='ocr_carea' id='block_1_67' title="bbox 1962 2297 3549 2371">
    <p class='ocr_par' dir='ltr' id='par_1_67' title="bbox 1962 2297 3549 2371">
     <span class='ocr_line' id='line_1_67' title="bbox 1962 2297 3549 2371; baseline -0.001 -17"><span class='ocrx_word' id='word_1_503' title='bbox 1962 2315 2064 2371; x_wconf 88' lang='lat' dir='ltr'><strong>per</strong></span> <span class='ocrx_word' id='word_1_504' title='bbox 2095 2306 2270 2354; x_wconf 91' lang='lat' dir='ltr'><strong>totum</strong></span> <span class='ocrx_word' id='word_1_505' title='bbox 2311 2299 2501 2354; x_wconf 90' lang='lat' dir='ltr'><strong>orbem</strong></span> <span class='ocrx_word' id='word_1_506' title='bbox 2532 2299 2588 2353; x_wconf 89' lang='lat' dir='ltr'><strong>in</strong></span> <span class='ocrx_word' id='word_1_507' title='bbox 2617 2297 2878 2353; x_wconf 90' lang='lat' dir='ltr'><strong>omnibus</strong></span> <span class='ocrx_word' id='word_1_508' title='bbox 2906 2299 3165 2369; x_wconf 78' lang='lat' dir='ltr'><strong>gentibus</strong></span> <span class='ocrx_word' id='word_1_509' title='bbox 3194 2298 3549 2369; x_wconf 90' lang='lat' dir='ltr'><strong>persolvitur.</strong></span> 
     </span>
    </p>
   </div>
   <div class='ocr_carea' id='block_1_68' title="bbox 1962 2380 3554 2460">
    <p class='ocr_par' dir='ltr' id='par_1_68' title="bbox 1962 2380 3554 2460">
     <span class='ocr_line' id='line_1_68' title="bbox 1962 2380 3554 2460; baseline -0.001 -13"><span class='ocrx_word' id='word_1_510' title='bbox 1962 2392 2142 2460; x_wconf 86' lang='lat' dir='ltr'><strong>Quare</strong></span> <span class='ocrx_word' id='word_1_511' title='bbox 2171 2392 2381 2447; x_wconf 89' lang='lat' dir='ltr'><strong>dictum</strong></span> <span class='ocrx_word' id='word_1_512' title='bbox 2422 2380 2549 2447; x_wconf 79' lang='lat' dir='ltr'><strong>est:</strong></span> <span class='ocrx_word' id='word_1_513' title='bbox 2586 2390 2852 2458; x_wconf 83' lang='lat' dir='ltr'><strong>Quoniam</strong></span> <span class='ocrx_word' id='word_1_514' title='bbox 2891 2401 2945 2445; x_wconf 91' lang='lat' dir='ltr'><strong>tu</strong></span> <span class='ocrx_word' id='word_1_515' title='bbox 2970 2390 3313 2446; x_wconf 68' lang='lat' dir='ltr'><strong>hazreditabis</strong></span> <span class='ocrx_word' id='word_1_516' title='bbox 3353 2392 3409 2446; x_wconf 87' lang='lat' dir='ltr'><strong>in</strong></span> <span class='ocrx_word' id='word_1_517' title='bbox 3441 2407 3554 2447; x_wconf 88' lang='lat' dir='ltr'><strong>om-</strong></span> 
     </span>
    </p>
   </div>
   <div class='ocr_carea' id='block_1_69' title="bbox 1960 2483 2413 2555">
    <p class='ocr_par' dir='ltr' id='par_1_69' title="bbox 1960 2483 2413 2555">
     <span class='ocr_line' id='line_1_69' title="bbox 1960 2483 2413 2555; baseline 0.002 -16"><span class='ocrx_word' id='word_1_518' title='bbox 1960 2483 2115 2540; x_wconf 73' lang='lat' dir='ltr'><strong>nibus</strong></span> <span class='ocrx_word' id='word_1_519' title='bbox 2147 2483 2413 2555; x_wconf 79' lang='lat' dir='ltr'><strong>gentibus.</strong></span> 
     </span>
    </p>
   </div>
   <div class='ocr_carea' id='block_1_70' title="bbox 2702 2680 2795 2736">
    <p class='ocr_par' dir='ltr' id='par_1_70' title="bbox 2702 2680 2795 2736">
     <span class='ocr_line' id='line_1_70' title="bbox 2702 2680 2795 2736; baseline 0.022 -2"><span class='ocrx_word' id='word_1_520' title='bbox 2702 2680 2795 2736; x_wconf 81' lang='lat' dir='ltr'><strong>XI.</strong></span> 
     </span>
    </p>
   </div>
   <div class='ocr_carea' id='block_1_71' title="bbox 2032 2772 3546 2845">
    <p class='ocr_par' dir='ltr' id='par_1_71' title="bbox 2032 2772 3546 2845">
     <span class='ocr_line' id='line_1_71' title="bbox 2032 2772 3546 2845; baseline -0.002 -16"><span class='ocrx_word' id='word_1_521' title='bbox 2032 2772 2134 2830; x_wconf 82' lang='lat' dir='ltr'><strong>Hic</strong></span> <span class='ocrx_word' id='word_1_522' title='bbox 2159 2788 2340 2830; x_wconf 86' lang='lat' dir='ltr'><strong>sermo</strong></span> <span class='ocrx_word' id='word_1_523' title='bbox 2368 2773 2463 2845; x_wconf 86' lang='lat' dir='ltr'><strong>qui</strong></span> <span class='ocrx_word' id='word_1_524' title='bbox 2494 2782 2808 2844; x_wconf 84' lang='lat' dir='ltr'><strong>postremus</strong></span> <span class='ocrx_word' id='word_1_525' title='bbox 2840 2773 3047 2845; x_wconf 85' lang='lat' dir='ltr'><strong>Asaphi</strong></span> <span class='ocrx_word' id='word_1_526' title='bbox 3066 2774 3114 2806; x_wconf 81' lang='lat'><strong>”</strong></span> <span class='ocrx_word' id='word_1_527' title='bbox 3142 2782 3248 2841; x_wconf 85' lang='lat' dir='ltr'><strong>est,</strong></span> <span class='ocrx_word' id='word_1_528' title='bbox 3269 2772 3546 2845; x_wconf 88' lang='lat' dir='ltr'><strong>supplica-</strong></span> 
     </span>
    </p>
   </div>
   <div class='ocr_carea' id='block_1_72' title="bbox 1956 2866 3557 2938">
    <p class='ocr_par' dir='ltr' id='par_1_72' title="bbox 1956 2866 3557 2938">
     <span class='ocr_line' id='line_1_72' title="bbox 1956 2866 3557 2938; baseline 0 -16"><span class='ocrx_word' id='word_1_529' title='bbox 1956 2868 2167 2923; x_wconf 84' lang='lat' dir='ltr'><strong>tionem</strong></span> <span class='ocrx_word' id='word_1_530' title='bbox 2199 2882 2264 2922; x_wconf 88' lang='lat' dir='ltr'><strong>ac</strong></span> <span class='ocrx_word' id='word_1_531' title='bbox 2287 2866 2732 2936; x_wconf 85' lang='lat' dir='ltr'><strong>deprecationem</strong></span> <span class='ocrx_word' id='word_1_532' title='bbox 2762 2882 2865 2937; x_wconf 81' lang='lat' dir='ltr'><strong>pro</strong></span> <span class='ocrx_word' id='word_1_533' title='bbox 2894 2868 3099 2938; x_wconf 88' lang='lat' dir='ltr'><strong>populo</strong></span> <span class='ocrx_word' id='word_1_534' title='bbox 3124 2867 3425 2922; x_wconf 84' lang='lat' dir='ltr'><strong>admodum</strong></span> <span class='ocrx_word' id='word_1_535' title='bbox 3452 2882 3557 2937; x_wconf 88' lang='lat' dir='ltr'><strong>op-</strong></span> 
     </span>
    </p>
   </div>
   <div class='ocr_carea' id='block_1_73' title="bbox 1956 2955 3550 3030">
    <p class='ocr_par' dir='ltr' id='par_1_73' title="bbox 1956 2955 3550 3030">
     <span class='ocr_line' id='line_1_73' title="bbox 1956 2955 3550 3030; baseline -0.001 -18"><span class='ocrx_word' id='word_1_536' title='bbox 1956 2964 2197 3030; x_wconf 88' lang='lat' dir='ltr'><strong>portune</strong></span> <span class='ocrx_word' id='word_1_537' title='bbox 2226 2956 2631 3027; x_wconf 85' lang='lat' dir='ltr'><strong>complectitur.</strong></span> <span class='ocrx_word' id='word_1_538' title='bbox 2658 2955 2798 3023; x_wconf 84' lang='lat' dir='ltr'><strong>Quia</strong></span> <span class='ocrx_word' id='word_1_539' title='bbox 2829 2957 2976 3011; x_wconf 89' lang='lat' dir='ltr'><strong>enim</strong></span> <span class='ocrx_word' id='word_1_540' title='bbox 3018 2957 3077 3012; x_wconf 91' lang='lat' dir='ltr'><strong>in</strong></span> <span class='ocrx_word' id='word_1_541' title='bbox 3106 2955 3303 3028; x_wconf 86' lang='lat' dir='ltr'><strong>primis</strong></span> <span class='ocrx_word' id='word_1_542' title='bbox 3331 2963 3550 3027; x_wconf 84' lang='lat' dir='ltr'><strong>postre-</strong></span> 
     </span>
    </p>
   </div>
   <div class='ocr_carea' id='block_1_74' title="bbox 1958 3046 3552 3113">
    <p class='ocr_par' dir='ltr' id='par_1_74' title="bbox 1958 3046 3552 3113">
     <span class='ocr_line' id='line_1_74' title="bbox 1958 3046 3552 3113; baseline 0 -10"><span class='ocrx_word' id='word_1_543' title='bbox 1958 3063 2106 3103; x_wconf 89' lang='lat' dir='ltr'><strong>mam</strong></span> <span class='ocrx_word' id='word_1_544' title='bbox 2150 3047 2254 3103; x_wconf 91' lang='lat' dir='ltr'><strong>loci</strong></span> <span class='ocrx_word' id='word_1_545' title='bbox 2296 3047 2641 3104; x_wconf 86' lang='lat' dir='ltr'><strong>obsidionem</strong></span> <span class='ocrx_word' id='word_1_546' title='bbox 2690 3046 3122 3113; x_wconf 89' lang='lat' dir='ltr'><strong>vaticinabatur,</strong></span> <span class='ocrx_word' id='word_1_547' title='bbox 3176 3048 3375 3104; x_wconf 86' lang='lat' dir='ltr'><strong>deinde</strong></span> <span class='ocrx_word' id='word_1_548' title='bbox 3419 3063 3552 3103; x_wconf 87' lang='lat' dir='ltr'><strong>vero</strong></span> 
     </span>
    </p>
   </div>
   <div class='ocr_carea' id='block_1_75' title="bbox 1959 3142 3553 3216">
    <p class='ocr_par' dir='ltr' id='par_1_75' title="bbox 1959 3142 3553 3216">
     <span class='ocr_line' id='line_1_75' title="bbox 1959 3142 3553 3216; baseline 0.001 -17"><span class='ocrx_word' id='word_1_549' title='bbox 1959 3142 2141 3214; x_wconf 83' lang='lat' dir='ltr'><strong>quoad</strong></span> <span class='ocrx_word' id='word_1_550' title='bbox 2182 3149 2399 3213; x_wconf 85' lang='lat' dir='ltr'><strong>tempus</strong></span> <span class='ocrx_word' id='word_1_551' title='bbox 2444 3150 2844 3213; x_wconf 76' lang='lat' dir='ltr'><strong>retrogressus,</strong></span> <span class='ocrx_word' id='word_1_552' title='bbox 2900 3144 3203 3200; x_wconf 84' lang='lat' dir='ltr'><strong>secundam</strong></span> <span class='ocrx_word' id='word_1_553' title='bbox 3248 3144 3433 3216; x_wconf 89' lang='lat' dir='ltr'><strong>posuit</strong></span> <span class='ocrx_word' id='word_1_554' title='bbox 3480 3143 3553 3201; x_wconf 88' lang='lat' dir='ltr'><strong>ab</strong></span> 
     </span>
    </p>
   </div>
   <div class='ocr_carea' id='block_1_76' title="bbox 1954 3233 3551 3301">
    <p class='ocr_par' dir='ltr' id='par_1_76' title="bbox 1954 3233 3551 3301">
     <span class='ocr_line' id='line_1_76' title="bbox 1954 3233 3551 3301; baseline 0.003 -12"><span class='ocrx_word' id='word_1_555' title='bbox 1954 3233 2229 3292; x_wconf 82' lang='lat' dir='ltr'><strong>Antiocho</strong></span> <span class='ocrx_word' id='word_1_556' title='bbox 2268 3235 2472 3290; x_wconf 86' lang='lat' dir='ltr'><strong>illatam</strong></span> <span class='ocrx_word' id='word_1_557' title='bbox 2517 3235 2752 3301; x_wconf 89' lang='lat' dir='ltr'><strong>cladem,</strong></span> <span class='ocrx_word' id='word_1_558' title='bbox 2797 3251 2863 3292; x_wconf 91' lang='lat' dir='ltr'><strong>ac</strong></span> <span class='ocrx_word' id='word_1_559' title='bbox 2911 3237 3016 3293; x_wconf 90' lang='lat' dir='ltr'><strong>sub</strong></span> <span class='ocrx_word' id='word_1_560' title='bbox 3066 3238 3183 3293; x_wconf 72' lang='lat' dir='ltr'><strong>haec</strong></span> <span class='ocrx_word' id='word_1_561' title='bbox 3226 3237 3393 3293; x_wconf 82' lang='lat' dir='ltr'><strong>tertio</strong></span> <span class='ocrx_word' id='word_1_562' title='bbox 3425 3237 3551 3293; x_wconf 87' lang='lat' dir='ltr'><strong>loco</strong></span> 
     </span>
    </p>
   </div>
   <div class='ocr_carea' id='block_1_77' title="bbox 1952 3327 3549 3399">
    <p class='ocr_par' dir='ltr' id='par_1_77' title="bbox 1952 3327 3549 3399">
     <span class='ocr_line' id='line_1_77' title="bbox 1952 3327 3549 3399; baseline 0.001 -18"><span class='ocrx_word' id='word_1_563' title='bbox 1952 3327 2139 3398; x_wconf 86' lang='lat' dir='ltr'><strong>posuit</strong></span> <span class='ocrx_word' id='word_1_564' title='bbox 2196 3342 2317 3382; x_wconf 88' lang='lat' dir='ltr'><strong>eam</strong></span> <span class='ocrx_word' id='word_1_565' title='bbox 2371 3342 2494 3397; x_wconf 64' lang='lat' dir='ltr'><strong>quae</strong></span> <span class='ocrx_word' id='word_1_566' title='bbox 2548 3334 2793 3397; x_wconf 82' lang='lat' dir='ltr'><strong>tempore</strong></span> <span class='ocrx_word' id='word_1_567' title='bbox 2849 3329 3241 3399; x_wconf 68' lang='lat' dir='ltr'><strong>praecurrebat,</strong></span> <span class='ocrx_word' id='word_1_568' title='bbox 3290 3328 3549 3385; x_wconf 80' lang='lat' dir='ltr'><strong>videlicet</strong></span> 
     </span>
    </p>
   </div>
   <div class='ocr_carea' id='block_1_78' title="bbox 1950 3418 3548 3492">
    <p class='ocr_par' dir='ltr' id='par_1_78' title="bbox 1950 3418 3548 3492">
     <span class='ocr_line' id='line_1_78' title="bbox 1950 3418 3548 3492; baseline 0.001 -19"><span class='ocrx_word' id='word_1_569' title='bbox 1950 3434 2076 3491; x_wconf 64' lang='lat' dir='ltr'><strong>qua</strong></span> <span class='ocrx_word' id='word_1_570' title='bbox 2108 3418 2214 3475; x_wconf 85' lang='lat' dir='ltr'><strong>sub</strong></span> <span class='ocrx_word' id='word_1_571' title='bbox 2243 3418 2476 3490; x_wconf 81' lang='lat' dir='ltr'><strong>imperio</strong></span> <span class='ocrx_word' id='word_1_572' title='bbox 2514 3418 2867 3491; x_wconf 79' lang='lat' dir='ltr'><strong>Assyriorum</strong></span> <span class='ocrx_word' id='word_1_573' title='bbox 2900 3429 2957 3476; x_wconf 91' lang='lat' dir='ltr'><strong>et</strong></span> <span class='ocrx_word' id='word_1_574' title='bbox 2994 3419 3420 3492; x_wconf 83' lang='lat' dir='ltr'><strong>Babyloniorum</strong></span> <span class='ocrx_word' id='word_1_575' title='bbox 3453 3434 3548 3475; x_wconf 83' lang='lat' dir='ltr'><strong>ac-</strong></span> 
     </span>
    </p>
   </div>
   <div class='ocr_carea' id='block_1_79' title="bbox 1950 3511 3545 3584">
    <p class='ocr_par' dir='ltr' id='par_1_79' title="bbox 1950 3511 3545 3584">
     <span class='ocr_line' id='line_1_79' title="bbox 1950 3511 3545 3584; baseline 0.001 -17"><span class='ocrx_word' id='word_1_576' title='bbox 1950 3511 2120 3580; x_wconf 80' lang='lat' dir='ltr'><strong>cidit;</strong></span> <span class='ocrx_word' id='word_1_577' title='bbox 2152 3518 2557 3582; x_wconf 83' lang='lat' dir='ltr'><strong>consequenter</strong></span> <span class='ocrx_word' id='word_1_578' title='bbox 2586 3511 2643 3567; x_wconf 84' lang='lat' dir='ltr'><strong>in</strong></span> <span class='ocrx_word' id='word_1_579' title='bbox 2678 3513 2937 3583; x_wconf 71' lang='lat' dir='ltr'><strong>praesenti</strong></span> <span class='ocrx_word' id='word_1_580' title='bbox 2966 3514 3427 3584; x_wconf 83' lang='lat' dir='ltr'><strong>supplicationem</strong></span> <span class='ocrx_word' id='word_1_581' title='bbox 3457 3512 3545 3568; x_wconf 78' lang='lat' dir='ltr'><strong>of-</strong></span> 
     </span>
    </p>
   </div>
   <div class='ocr_carea' id='block_1_80' title="bbox 1949 3601 3546 3675">
    <p class='ocr_par' dir='ltr' id='par_1_80' title="bbox 1949 3601 3546 3675">
     <span class='ocr_line' id='line_1_80' title="bbox 1949 3601 3546 3675; baseline 0.002 -19"><span class='ocrx_word' id='word_1_582' title='bbox 1949 3601 2208 3672; x_wconf 74' lang='lat' dir='ltr'><strong>fert,&#39;pro</strong></span> <span class='ocrx_word' id='word_1_583' title='bbox 2245 3602 2535 3659; x_wconf 88' lang='lat' dir='ltr'><strong>obsidione</strong></span> <span class='ocrx_word' id='word_1_584' title='bbox 2560 3618 2683 3674; x_wconf 71' lang='lat' dir='ltr'><strong>quae</strong></span> <span class='ocrx_word' id='word_1_585' title='bbox 2709 3612 2956 3675; x_wconf 81' lang='lat' dir='ltr'><strong>tempore</strong></span> <span class='ocrx_word' id='word_1_586' title='bbox 2994 3609 3149 3675; x_wconf 75' lang='lat' dir='ltr'><strong>prior</strong></span> <span class='ocrx_word' id='word_1_587' title='bbox 3175 3616 3317 3669; x_wconf 88' lang='lat' dir='ltr'><strong>erat,</strong></span> <span class='ocrx_word' id='word_1_588' title='bbox 3351 3606 3407 3660; x_wconf 92' lang='lat' dir='ltr'><strong>in</strong></span> <span class='ocrx_word' id='word_1_589' title='bbox 3439 3621 3546 3675; x_wconf 85' lang='lat' dir='ltr'><strong>qua</strong></span> 
     </span>
    </p>
   </div>
   <div class='ocr_carea' id='block_1_81' title="bbox 1949 3694 3549 3766">
    <p class='ocr_par' dir='ltr' id='par_1_81' title="bbox 1949 3694 3549 3766">
     <span class='ocr_line' id='line_1_81' title="bbox 1949 3694 3549 3766; baseline -0.001 -16"><span class='ocrx_word' id='word_1_590' title='bbox 1949 3710 2145 3751; x_wconf 76' lang='lat' dir='ltr'><strong>omnes</strong></span> <span class='ocrx_word' id='word_1_591' title='bbox 2181 3694 2387 3751; x_wconf 61' lang='lat' dir='ltr'><strong>ludet</strong></span> <span class='ocrx_word' id='word_1_592' title='bbox 2416 3695 2639 3751; x_wconf 82' lang='lat' dir='ltr'><strong>ﬁnitimi</strong></span> <span class='ocrx_word' id='word_1_593' title='bbox 2670 3696 2929 3751; x_wconf 74' lang='lat' dir='ltr'><strong>dexteras</strong></span> <span class='ocrx_word' id='word_1_594' title='bbox 2977 3711 3111 3752; x_wconf 85' lang='lat' dir='ltr'><strong>suas</strong></span> <span class='ocrx_word' id='word_1_595' title='bbox 3159 3695 3405 3766; x_wconf 79' lang='lat' dir='ltr'><strong>Assyriis</strong></span> <span class='ocrx_word' id='word_1_596' title='bbox 3448 3695 3549 3750; x_wconf 50' lang='lat' dir='ltr'><strong>ad-</strong></span> 
     </span>
    </p>
   </div>
   <div class='ocr_carea' id='block_1_82' title="bbox 1944 3785 3547 3859">
    <p class='ocr_par' dir='ltr' id='par_1_82' title="bbox 1944 3785 3547 3859">
     <span class='ocr_line' id='line_1_82' title="bbox 1944 3785 3547 3859; baseline 0 -16"><span class='ocrx_word' id='word_1_597' title='bbox 1944 3804 2170 3844; x_wconf 82' lang='lat' dir='ltr'><strong>versum</strong></span> <span class='ocrx_word' id='word_1_598' title='bbox 2207 3789 2332 3843; x_wconf 91' lang='lat' dir='ltr'><strong>illos</strong></span> <span class='ocrx_word' id='word_1_599' title='bbox 2360 3797 2743 3859; x_wconf 79' lang='lat' dir='ltr'><strong>porrexerunt.</strong></span> <span class='ocrx_word' id='word_1_600' title='bbox 2778 3789 2937 3855; x_wconf 85' lang='lat' dir='ltr'><strong>Quod</strong></span> <span class='ocrx_word' id='word_1_601' title='bbox 2964 3789 3052 3844; x_wconf 88' lang='lat' dir='ltr'><strong>bis</strong></span> <span class='ocrx_word' id='word_1_602' title='bbox 3087 3787 3370 3859; x_wconf 69' lang='lat' dir='ltr'><strong>signiﬁcat</strong></span> <span class='ocrx_word' id='word_1_603' title='bbox 3401 3806 3415 3843; x_wconf 91' lang='lat'><strong>:</strong></span> <span class='ocrx_word' id='word_1_604' title='bbox 3445 3785 3547 3843; x_wconf 80' lang='lat' dir='ltr'><strong>Ta-</strong></span> 
     </span>
    </p>
   </div>
   <div class='ocr_carea' id='block_1_83' title="bbox 1945 3877 3545 3951">
    <p class='ocr_par' dir='ltr' id='par_1_83' title="bbox 1945 3877 3545 3951">
     <span class='ocr_line' id='line_1_83' title="bbox 1945 3877 3545 3951; baseline 0.001 -19"><span class='ocrx_word' id='word_1_605' title='bbox 1945 3879 2242 3933; x_wconf 75' lang='lat' dir='ltr'><strong>burnacula</strong></span> <span class='ocrx_word' id='word_1_606' title='bbox 2272 3877 2640 3934; x_wconf 63' lang='lat' dir='ltr'><strong>Nummorum</strong></span> <span class='ocrx_word' id='word_1_607' title='bbox 2678 3889 2730 3935; x_wconf 79' lang='lat' dir='ltr'><strong>et</strong></span> <span class='ocrx_word' id='word_1_608' title='bbox 2771 3880 3088 3949; x_wconf 74' lang='lat' dir='ltr'><strong>lsmaelitc,</strong></span> <span class='ocrx_word' id='word_1_609' title='bbox 3120 3878 3281 3934; x_wconf 76' lang='lat' dir='ltr'><strong>Moab</strong></span> <span class='ocrx_word' id='word_1_610' title='bbox 3312 3886 3369 3934; x_wconf 79' lang='lat' dir='ltr'><strong>et</strong></span> <span class='ocrx_word' id='word_1_611' title='bbox 3398 3878 3545 3951; x_wconf 74' lang='lat' dir='ltr'><strong>Aga-</strong></span> 
     </span>
    </p>
   </div>
   <div class='ocr_carea' id='block_1_84' title="bbox 1945 3969 3545 4041">
    <p class='ocr_par' dir='ltr' id='par_1_84' title="bbox 1945 3969 3545 4041">
     <span class='ocr_line' id='line_1_84' title="bbox 1945 3969 3545 4041; baseline -0.003 -14"><span class='ocrx_word' id='word_1_612' title='bbox 1945 3972 2087 4033; x_wconf 79' lang='lat' dir='ltr'><strong>reni,</strong></span> <span class='ocrx_word' id='word_1_613' title='bbox 2124 3969 2290 4026; x_wconf 86' lang='lat' dir='ltr'><strong>Gebal</strong></span> <span class='ocrx_word' id='word_1_614' title='bbox 2333 3981 2383 4026; x_wconf 91' lang='lat' dir='ltr'><strong>et</strong></span> <span class='ocrx_word' id='word_1_615' title='bbox 2416 3974 2647 4026; x_wconf 80' lang='lat' dir='ltr'><strong>Ammon</strong></span> <span class='ocrx_word' id='word_1_616' title='bbox 2683 3980 2735 4026; x_wconf 89' lang='lat' dir='ltr'><strong>et</strong></span> <span class='ocrx_word' id='word_1_617' title='bbox 2782 3971 3027 4035; x_wconf 81' lang='lat' dir='ltr'><strong>Amalec,</strong></span> <span class='ocrx_word' id='word_1_618' title='bbox 3073 3971 3388 4041; x_wconf 64' lang='lat' dir='ltr'><strong>alienigena</strong></span> <span class='ocrx_word' id='word_1_619' title='bbox 3425 3984 3545 4023; x_wconf 78' lang='lat' dir='ltr'><strong>cum</strong></span> 
     </span>
    </p>
   </div>
   <div class='ocr_carea' id='block_1_85' title="bbox 1944 4060 3543 4133">
    <p class='ocr_par' dir='ltr' id='par_1_85' title="bbox 1944 4060 3543 4133">
     <span class='ocr_line' id='line_1_85' title="bbox 1944 4060 3543 4133; baseline 0.001 -20"><span class='ocrx_word' id='word_1_620' title='bbox 1944 4061 2314 4117; x_wconf 76' lang='lat' dir='ltr'><strong>habitantibus</strong></span> <span class='ocrx_word' id='word_1_621' title='bbox 2353 4061 2574 4133; x_wconf 74' lang='lat' dir='ltr'><strong>Tyrum.</strong></span> <span class='ocrx_word' id='word_1_622' title='bbox 2612 4061 2825 4116; x_wconf 78' lang='lat' dir='ltr'><strong>Etenim</strong></span> <span class='ocrx_word' id='word_1_623' title='bbox 2864 4063 3039 4116; x_wconf 80' lang='lat' dir='ltr'><strong>Assur</strong></span> <span class='ocrx_word' id='word_1_624' title='bbox 3078 4062 3217 4117; x_wconf 71' lang='lat' dir='ltr'><strong>venit</strong></span> <span class='ocrx_word' id='word_1_625' title='bbox 3258 4075 3380 4115; x_wconf 71' lang='lat' dir='ltr'><strong>cum</strong></span> <span class='ocrx_word' id='word_1_626' title='bbox 3407 4060 3543 4124; x_wconf 83' lang='lat' dir='ltr'><strong>illis,</strong></span> 
     </span>
    </p>
   </div>
   <div class='ocr_carea' id='block_1_86' title="bbox 1948 4149 3547 4222">
    <p class='ocr_par' dir='ltr' id='par_1_86' title="bbox 1948 4149 3547 4222">
     <span class='ocr_line' id='line_1_86' title="bbox 1948 4149 3547 4222; baseline -0.001 -17"><span class='ocrx_word' id='word_1_627' title='bbox 1948 4151 2081 4222; x_wconf 64' lang='lat' dir='ltr'><strong>facti</strong></span> <span class='ocrx_word' id='word_1_628' title='bbox 2124 4161 2250 4207; x_wconf 87' lang='lat' dir='ltr'><strong>sunt</strong></span> <span class='ocrx_word' id='word_1_629' title='bbox 2301 4155 2356 4206; x_wconf 89' lang='lat' dir='ltr'><strong>in</strong></span> <span class='ocrx_word' id='word_1_630' title='bbox 2399 4150 2733 4222; x_wconf 74' lang='lat' dir='ltr'><strong>adjutorium</strong></span> <span class='ocrx_word' id='word_1_631' title='bbox 2770 4152 2900 4221; x_wconf 83' lang='lat' dir='ltr'><strong>ﬁliis</strong></span> <span class='ocrx_word' id='word_1_632' title='bbox 2932 4150 3056 4207; x_wconf 89' lang='lat' dir='ltr'><strong>Lot.</strong></span> <span class='ocrx_word' id='word_1_633' title='bbox 3096 4150 3311 4218; x_wconf 83' lang='lat' dir='ltr'><strong>Quibus</strong></span> <span class='ocrx_word' id='word_1_634' title='bbox 3336 4149 3547 4206; x_wconf 84' lang='lat' dir='ltr'><strong>deinde</strong></span> 
     </span>
    </p>
   </div>
   <div class='ocr_carea' id='block_1_87' title="bbox 1948 4241 3543 4317">
    <p class='ocr_par' dir='ltr' id='par_1_87' title="bbox 1948 4241 3543 4317">
     <span class='ocr_line' id='line_1_87' title="bbox 1948 4241 3543 4317; baseline -0.001 -18"><span class='ocrx_word' id='word_1_635' title='bbox 1948 4246 2109 4300; x_wconf 76' lang='lat' dir='ltr'><strong>linem</strong></span> <span class='ocrx_word' id='word_1_636' title='bbox 2142 4260 2252 4316; x_wconf 90' lang='lat' dir='ltr'><strong>quo</strong></span> <span class='ocrx_word' id='word_1_637' title='bbox 2297 4245 2606 4317; x_wconf 73' lang='lat' dir='ltr'><strong>excipiendi</strong></span> <span class='ocrx_word' id='word_1_638' title='bbox 2655 4251 2788 4300; x_wconf 87' lang='lat' dir='ltr'><strong>sunt</strong></span> <span class='ocrx_word' id='word_1_639' title='bbox 2839 4243 3109 4300; x_wconf 86' lang='lat' dir='ltr'><strong>describit</strong></span> <span class='ocrx_word' id='word_1_640' title='bbox 3140 4243 3332 4300; x_wconf 88' lang='lat' dir='ltr'><strong>dicens</strong></span> <span class='ocrx_word' id='word_1_641' title='bbox 3361 4262 3374 4298; x_wconf 89' lang='lat'><strong>:</strong></span> <span class='ocrx_word' id='word_1_642' title='bbox 3400 4241 3543 4298; x_wconf 87' lang='lat' dir='ltr'><strong>Deus</strong></span> 
     </span>
    </p>
   </div>
   <div class='ocr_carea' id='block_1_88' title="bbox 1944 4334 3544 4407">
    <p class='ocr_par' dir='ltr' id='par_1_88' title="bbox 1944 4334 3544 4407">
     <span class='ocr_line' id='line_1_88' title="bbox 1944 4334 3544 4407; baseline -0.002 -16"><span class='ocrx_word' id='word_1_643' title='bbox 1944 4354 2113 4403; x_wconf 81' lang='lat' dir='ltr'><strong>meus,</strong></span> <span class='ocrx_word' id='word_1_644' title='bbox 2143 4354 2278 4407; x_wconf 85' lang='lat' dir='ltr'><strong>pone</strong></span> <span class='ocrx_word' id='word_1_645' title='bbox 2315 4338 2440 4392; x_wconf 87' lang='lat' dir='ltr'><strong>illos</strong></span> <span class='ocrx_word' id='word_1_646' title='bbox 2486 4348 2545 4392; x_wconf 77' lang='lat' dir='ltr'><strong>ut</strong></span> <span class='ocrx_word' id='word_1_647' title='bbox 2579 4347 2777 4401; x_wconf 83' lang='lat' dir='ltr'><strong>rotam,</strong></span> <span class='ocrx_word' id='word_1_648' title='bbox 2827 4338 2965 4391; x_wconf 85' lang='lat' dir='ltr'><strong>sicut</strong></span> <span class='ocrx_word' id='word_1_649' title='bbox 2998 4336 3252 4405; x_wconf 78' lang='lat' dir='ltr'><strong>stipulam</strong></span> <span class='ocrx_word' id='word_1_650' title='bbox 3293 4343 3413 4390; x_wconf 82' lang='lat' dir='ltr'><strong>ante</strong></span> <span class='ocrx_word' id='word_1_651' title='bbox 3453 4334 3544 4404; x_wconf 81' lang='lat' dir='ltr'><strong>fa-</strong></span> 
     </span>
    </p>
   </div>
   <div class='ocr_carea' id='block_1_89' title="bbox 1944 4425 3541 4500">
    <p class='ocr_par' dir='ltr' id='par_1_89' title="bbox 1944 4425 3541 4500">
     <span class='ocr_line' id='line_1_89' title="bbox 1944 4425 3541 4500; baseline -0.003 -17"><span class='ocrx_word' id='word_1_652' title='bbox 1944 4431 2075 4483; x_wconf 84' lang='lat' dir='ltr'><strong>ciem</strong></span> <span class='ocrx_word' id='word_1_653' title='bbox 2125 4431 2285 4494; x_wconf 75' lang='lat' dir='ltr'><strong>uenti,</strong></span> <span class='ocrx_word' id='word_1_654' title='bbox 2328 4431 2466 4483; x_wconf 81' lang='lat' dir='ltr'><strong>sicut</strong></span> <span class='ocrx_word' id='word_1_655' title='bbox 2508 4431 2644 4500; x_wconf 77' lang='lat' dir='ltr'><strong>ignis</strong></span> <span class='ocrx_word' id='word_1_656' title='bbox 2691 4430 2782 4500; x_wconf 81' lang='lat' dir='ltr'><strong>qui</strong></span> <span class='ocrx_word' id='word_1_657' title='bbox 2823 4428 3095 4483; x_wconf 75' lang='lat' dir='ltr'><strong>comburet</strong></span> <span class='ocrx_word' id='word_1_658' title='bbox 3142 4426 3359 4492; x_wconf 79' lang='lat' dir='ltr'><strong>silvam,</strong></span> <span class='ocrx_word' id='word_1_659' title='bbox 3402 4425 3541 4481; x_wconf 75' lang='lat' dir='ltr'><strong>sicut</strong></span> 
     </span>
    </p>
   </div>
   <div class='ocr_carea' id='block_1_90' title="bbox 252 4518 1854 4595">
    <p class='ocr_par' dir='ltr' id='par_1_90' title="bbox 252 4524 1839 4595">
     <span class='ocr_line' id='line_1_90' title="bbox 252 4524 1839 4595; baseline -0.001 -16"><span class='ocrx_word' id='word_1_660' title='bbox 252 4526 537 4595; x_wconf 71' lang='grc' dir='ltr'>καλάμην</span> <span class='ocrx_word' id='word_1_661' title='bbox 575 4525 726 4579; x_wconf 84' lang='grc' dir='ltr'>κατὰ</span> <span class='ocrx_word' id='word_1_662' title='bbox 771 4526 1098 4595; x_wconf 74' lang='grc' dir='ltr'>πρόσωπον</span> <span class='ocrx_word' id='word_1_663' title='bbox 1145 4524 1393 4594; x_wconf 81' lang='grc' dir='ltr'>ἀνέμου,</span> <span class='ocrx_word' id='word_1_664' title='bbox 1451 4524 1595 4579; x_wconf 79' lang='grc' dir='ltr'>ὡσεὶ</span> <span class='ocrx_word' id='word_1_665' title='bbox 1647 4525 1767 4594; x_wconf 84' lang='grc' dir='ltr'>πῦρ</span> <span class='ocrx_word' id='word_1_666' title='bbox 1808 4525 1839 4578; x_wconf 79' lang='grc' dir='ltr'>ὃ</span> 
     </span>
    </p>
   </div>
   <div class='ocr_carea' id='block_1_91' title="bbox 1956 4518 3541 4595">
    <p class='ocr_par' dir='ltr' id='par_1_91' title="bbox 1956 4518 3541 4591">
     <span class='ocr_line' id='line_1_91' title="bbox 1956 4518 3541 4591; baseline -0.004 -14"><span class='ocrx_word' id='word_1_667' title='bbox 1956 4524 2168 4587; x_wconf 75' lang='lat' dir='ltr'><strong>ﬂamma</strong></span> <span class='ocrx_word' id='word_1_668' title='bbox 2193 4522 2460 4578; x_wconf 83' lang='lat' dir='ltr'><strong>comburet</strong></span> <span class='ocrx_word' id='word_1_669' title='bbox 2502 4532 2729 4591; x_wconf 82' lang='lat' dir='ltr'><strong>montes,</strong></span> <span class='ocrx_word' id='word_1_670' title='bbox 2759 4530 2814 4576; x_wconf 91' lang='lat' dir='ltr'><strong>et</strong></span> <span class='ocrx_word' id='word_1_671' title='bbox 2855 4521 3088 4591; x_wconf 82' lang='lat' dir='ltr'><strong>reliqua.</strong></span> <span class='ocrx_word' id='word_1_672' title='bbox 3120 4518 3259 4575; x_wconf 87' lang='lat' dir='ltr'><strong>Cum</strong></span> <span class='ocrx_word' id='word_1_673' title='bbox 3303 4518 3410 4571; x_wconf 87' lang='lat' dir='ltr'><strong>huc</strong></span> <span class='ocrx_word' id='word_1_674' title='bbox 3447 4531 3541 4570; x_wconf 84' lang='lat' dir='ltr'><strong>au-</strong></span> 
     </span>
    </p>
   </div>
   <div class='ocr_carea' id='block_1_92' title="bbox 250 4615 1836 4689">
    <p class='ocr_par' dir='ltr' id='par_1_92' title="bbox 250 4615 1836 4689">
     <span class='ocr_line' id='line_1_92' title="bbox 250 4615 1836 4689; baseline -0.001 -18"><span class='ocrx_word' id='word_1_675' title='bbox 250 4617 564 4689; x_wconf 62' lang='grc' dir='ltr'>διαφλέεει</span> <span class='ocrx_word' id='word_1_676' title='bbox 606 4618 854 4689; x_wconf 80' lang='grc' dir='ltr'>δρυμὸν,</span> <span class='ocrx_word' id='word_1_677' title='bbox 901 4617 1043 4671; x_wconf 77' lang='grc' dir='ltr'>ὡσεὶ</span> <span class='ocrx_word' id='word_1_678' title='bbox 1095 4615 1255 4686; x_wconf 71' lang='grc' dir='ltr'><strong>φλὸξ</strong></span> <span class='ocrx_word' id='word_1_679' title='bbox 1305 4618 1669 4672; x_wconf 84' lang='grc' dir='ltr'>κατακαύσει</span> <span class='ocrx_word' id='word_1_680' title='bbox 1706 4617 1836 4687; x_wconf 80' lang='grc' dir='ltr'>ὄρη,</span> 
     </span>
    </p>
   </div>
   <div class='ocr_carea' id='block_1_93' title="bbox 249 4708 1840 4782">
    <p class='ocr_par' dir='ltr' id='par_1_93' title="bbox 249 4708 1840 4782">
     <span class='ocr_line' id='line_1_93' title="bbox 249 4708 1840 4782; baseline -0.001 -18"><span class='ocrx_word' id='word_1_681' title='bbox 249 4712 348 4764; x_wconf 74' lang='grc' dir='ltr'>καὶ</span> <span class='ocrx_word' id='word_1_682' title='bbox 398 4709 468 4763; x_wconf 77' lang='grc' dir='ltr'>τὰ</span> <span class='ocrx_word' id='word_1_683' title='bbox 515 4710 908 4782; x_wconf 83' lang='grc' dir='ltr'>ἐπιφερόμενα.</span> <span class='ocrx_word' id='word_1_684' title='bbox 958 4708 1131 4763; x_wconf 83' lang='grc' dir='ltr'>Ἔνθα</span> <span class='ocrx_word' id='word_1_685' title='bbox 1180 4708 1467 4779; x_wconf 76' lang='grc' dir='ltr'>γενόμενος</span> <span class='ocrx_word' id='word_1_686' title='bbox 1526 4709 1840 4778; x_wconf 80' lang='grc' dir='ltr'>ἀναγκαίως</span> 
     </span>
    </p>
   </div>
   <div class='ocr_carea' id='block_1_94' title="bbox 247 4796 1839 4874">
    <p class='ocr_par' dir='ltr' id='par_1_94' title="bbox 247 4796 1839 4874">
     <span class='ocr_line' id='line_1_94' title="bbox 247 4796 1839 4874; baseline -0.001 -18"><span class='ocrx_word' id='word_1_687' title='bbox 247 4802 625 4874; x_wconf 84' lang='grc' dir='ltr'>ἐπιτηρήσεις,</span> <span class='ocrx_word' id='word_1_688' title='bbox 660 4802 735 4865; x_wconf 78' lang='grc' dir='ltr'>ὡς</span> <span class='ocrx_word' id='word_1_689' title='bbox 767 4802 902 4855; x_wconf 83' lang='grc' dir='ltr'>ὅπου</span> <span class='ocrx_word' id='word_1_690' title='bbox 949 4800 1224 4872; x_wconf 86' lang='grc' dir='ltr'>μέμνηται</span> <span class='ocrx_word' id='word_1_691' title='bbox 1269 4798 1365 4854; x_wconf 78' lang='grc' dir='ltr'>τοῦ</span> <span class='ocrx_word' id='word_1_692' title='bbox 1408 4801 1663 4874; x_wconf 82' lang='grc' dir='ltr'>Ἀσσοὺρ,</span> <span class='ocrx_word' id='word_1_693' title='bbox 1694 4796 1839 4855; x_wconf 74' lang='grc' dir='ltr'>οὗτοι</span> 
     </span>
    </p>
   </div>
   <div class='ocr_carea' id='block_1_95' title="bbox 246 4890 1839 4966">
    <p class='ocr_par' dir='ltr' id='par_1_95' title="bbox 246 4890 1839 4966">
     <span class='ocr_line' id='line_1_95' title="bbox 246 4890 1839 4966; baseline -0.002 -17"><span class='ocrx_word' id='word_1_694' title='bbox 246 4895 307 4949; x_wconf 85' lang='grc' dir='ltr'><strong>δέ</strong></span> <span class='ocrx_word' id='word_1_695' title='bbox 350 4890 493 4966; x_wconf 81' lang='grc' dir='ltr'>ἦσαν</span> <span class='ocrx_word' id='word_1_696' title='bbox 524 4895 574 4949; x_wconf 77' lang='grc' dir='ltr'>οἱ</span> <span class='ocrx_word' id='word_1_697' title='bbox 616 4893 911 4966; x_wconf 81' lang='grc' dir='ltr'>’Λσσύριοι,</span> <span class='ocrx_word' id='word_1_698' title='bbox 943 4892 1037 4946; x_wconf 76' lang='grc' dir='ltr'><strong>καὶ</strong></span> <span class='ocrx_word' id='word_1_699' title='bbox 1077 4891 1187 4945; x_wconf 85' lang='grc' dir='ltr'><strong>τῶν</strong></span> <span class='ocrx_word' id='word_1_700' title='bbox 1228 4890 1636 4965; x_wconf 85' lang='grc' dir='ltr'>προλεχθέντων</span> <span class='ocrx_word' id='word_1_701' title='bbox 1670 4892 1839 4946; x_wconf 82' lang='grc' dir='ltr'>ἐθνῶν</span> 
     </span>
    </p>
   </div>
   <div class='ocr_carea' id='block_1_96' title="bbox 245 4984 1840 5058">
    <p class='ocr_par' dir='ltr' id='par_1_96' title="bbox 245 4984 1840 5058">
     <span class='ocr_line' id='line_1_96' title="bbox 245 4984 1840 5058; baseline -0.003 -17"><span class='ocrx_word' id='word_1_702' title='bbox 245 4987 349 5058; x_wconf 81' lang='grc' dir='ltr'><strong>τὴν</strong></span> <span class='ocrx_word' id='word_1_703' title='bbox 392 4988 510 5041; x_wconf 75' lang='grc' dir='ltr'>κατ’</span> <span class='ocrx_word' id='word_1_704' title='bbox 552 4986 729 5040; x_wconf 82' lang='grc' dir='ltr'>αὐτῶν</span> <span class='ocrx_word' id='word_1_705' title='bbox 775 4987 1008 5039; x_wconf 85' lang='grc' dir='ltr'>ποιεῖται</span> <span class='ocrx_word' id='word_1_706' title='bbox 1039 4984 1243 5056; x_wconf 88' lang='grc' dir='ltr'>δέησιν,</span> <span class='ocrx_word' id='word_1_707' title='bbox 1289 4984 1383 5037; x_wconf 74' lang='grc' dir='ltr'>καὶ</span> <span class='ocrx_word' id='word_1_708' title='bbox 1414 4984 1512 5055; x_wconf 85' lang='grc' dir='ltr'>τὴν</span> <span class='ocrx_word' id='word_1_709' title='bbox 1540 5000 1840 5056; x_wconf 82' lang='grc' dir='ltr'>καταστρο-</span> 
     </span>
    </p>
   </div>
   <div class='ocr_carea' id='block_1_97' title="bbox 247 5074 1839 5152">
    <p class='ocr_par' dir='ltr' id='par_1_97' title="bbox 247 5074 1839 5152">
     <span class='ocr_line' id='line_1_97' title="bbox 247 5074 1839 5152; baseline -0.002 -19"><span class='ocrx_word' id='word_1_710' title='bbox 247 5083 360 5152; x_wconf 76' lang='grc' dir='ltr'>φὴν</span> <span class='ocrx_word' id='word_1_711' title='bbox 391 5079 570 5133; x_wconf 78' lang='grc' dir='ltr'>αὐτῶν</span> <span class='ocrx_word' id='word_1_712' title='bbox 600 5079 727 5150; x_wconf 78' lang='grc' dir='ltr'>ἐξῆς</span> <span class='ocrx_word' id='word_1_713' title='bbox 769 5076 1045 5142; x_wconf 78' lang='grc' dir='ltr'><strong>θεσπίζει⁹</strong></span> <span class='ocrx_word' id='word_1_714' title='bbox 1084 5077 1177 5130; x_wconf 76' lang='grc' dir='ltr'><strong>καὶ</strong></span> <span class='ocrx_word' id='word_1_715' title='bbox 1218 5078 1276 5130; x_wconf 90' lang='grc' dir='ltr'>ἐν</span> <span class='ocrx_word' id='word_1_716' title='bbox 1314 5075 1392 5147; x_wconf 83' lang='grc' dir='ltr'>τῷ</span> <span class='ocrx_word' id='word_1_717' title='bbox 1422 5074 1501 5147; x_wconf 84' lang='grc' dir='ltr'>οη⁹</span> <span class='ocrx_word' id='word_1_718' title='bbox 1527 5076 1750 5147; x_wconf 81' lang='grc' dir='ltr'>ὁμοίως,</span> <span class='ocrx_word' id='word_1_719' title='bbox 1780 5078 1839 5130; x_wconf 91' lang='grc' dir='ltr'><strong>ἐν</strong></span> 
     </span>
    </p>
   </div>
   <div class='ocr_carea' id='block_1_98' title="bbox 246 5166 1840 5244">
    <p class='ocr_par' dir='ltr' id='par_1_98' title="bbox 246 5166 1840 5244">
     <span class='ocr_line' id='line_1_98' title="bbox 246 5166 1840 5244; baseline -0.003 -17"><span class='ocrx_word' id='word_1_720' title='bbox 246 5168 294 5244; x_wconf 79' lang='grc' dir='ltr'>ᾧ</span> <span class='ocrx_word' id='word_1_721' title='bbox 320 5174 392 5227; x_wconf 83' lang='grc' dir='ltr'><strong>τά</strong></span> <span class='ocrx_word' id='word_1_722' title='bbox 414 5172 554 5227; x_wconf 79' lang='grc' dir='ltr'><strong>κατά</strong></span> <span class='ocrx_word' id='word_1_723' title='bbox 584 5172 853 5242; x_wconf 77' lang='grc' dir='ltr'>Ἀντίοχον</span> <span class='ocrx_word' id='word_1_724' title='bbox 885 5168 1278 5243; x_wconf 86' lang='grc' dir='ltr'>προανεφώνει,</span> <span class='ocrx_word' id='word_1_725' title='bbox 1301 5169 1361 5233; x_wconf 81' lang='grc' dir='ltr'>ὃς</span> <span class='ocrx_word' id='word_1_726' title='bbox 1393 5166 1722 5242; x_wconf 82' lang='grc' dir='ltr'>Ἑλληνίζειν</span> <span class='ocrx_word' id='word_1_727' title='bbox 1744 5170 1840 5223; x_wconf 70' lang='grc' dir='ltr'><strong>καὶ</strong></span> 
     </span>
    </p>
   </div>
   <div class='ocr_carea' id='block_1_99' title="bbox 248 5261 1837 5338">
    <p class='ocr_par' dir='ltr' id='par_1_99' title="bbox 248 5261 1837 5338">
     <span class='ocr_line' id='line_1_99' title="bbox 248 5261 1837 5338; baseline -0.004 -17"><span class='ocrx_word' id='word_1_728' title='bbox 248 5266 615 5338; x_wconf 77' lang='grc' dir='ltr'>παραϐαίνειν</span> <span class='ocrx_word' id='word_1_729' title='bbox 644 5264 712 5319; x_wconf 87' lang='grc' dir='ltr'><strong>τά</strong></span> <span class='ocrx_word' id='word_1_730' title='bbox 737 5266 939 5335; x_wconf 89' lang='grc' dir='ltr'>πάτρια</span> <span class='ocrx_word' id='word_1_731' title='bbox 968 5261 1281 5334; x_wconf 75' lang='grc' dir='ltr'>ἠνάγκαζεν</span> <span class='ocrx_word' id='word_1_732' title='bbox 1316 5262 1620 5328; x_wconf 81' lang='grc' dir='ltr'>Ἰουδαίους.</span> <span class='ocrx_word' id='word_1_733' title='bbox 1669 5263 1837 5317; x_wconf 86' lang='grc' dir='ltr'>Πάλιν</span> 
     </span>
    </p>
   </div>
   <div class='ocr_carea' id='block_1_100' title="bbox 247 5354 1839 5429">
    <p class='ocr_par' dir='ltr' id='par_1_100' title="bbox 247 5354 1839 5429">
     <span class='ocr_line' id='line_1_100' title="bbox 247 5354 1839 5429; baseline -0.003 -17"><span class='ocrx_word' id='word_1_734' title='bbox 247 5360 362 5429; x_wconf 74' lang='grc' dir='ltr'>γὰρ</span> <span class='ocrx_word' id='word_1_735' title='bbox 398 5360 560 5412; x_wconf 76' lang='grc' dir='ltr'>κάκεῖ</span> <span class='ocrx_word' id='word_1_736' title='bbox 584 5359 683 5429; x_wconf 83' lang='grc' dir='ltr'><strong>τὴν</strong></span> <span class='ocrx_word' id='word_1_737' title='bbox 718 5356 1112 5427; x_wconf 80' lang='grc' dir='ltr'>καταστροφὴν</span> <span class='ocrx_word' id='word_1_738' title='bbox 1152 5355 1260 5408; x_wconf 84' lang='grc' dir='ltr'><strong>τῶν</strong></span> <span class='ocrx_word' id='word_1_739' title='bbox 1297 5354 1569 5426; x_wconf 85' lang='grc' dir='ltr'>πολεμίων</span> <span class='ocrx_word' id='word_1_740' title='bbox 1607 5354 1839 5428; x_wconf 75' lang='grc' dir='ltr'>προύλε-</span> 
     </span>
    </p>
   </div>
   <div class='ocr_carea' id='block_1_101' title="bbox 247 5447 1841 5521">
    <p class='ocr_par' dir='ltr' id='par_1_101' title="bbox 247 5447 1841 5521">
     <span class='ocr_line' id='line_1_101' title="bbox 247 5447 1841 5521; baseline -0.003 -16"><span class='ocrx_word' id='word_1_741' title='bbox 247 5468 369 5520; x_wconf 85' lang='grc' dir='ltr'>γεν.</span> <span class='ocrx_word' id='word_1_742' title='bbox 401 5451 597 5505; x_wconf 80' lang='grc' dir='ltr'>Οὐκέτι</span> <span class='ocrx_word' id='word_1_743' title='bbox 630 5451 687 5504; x_wconf 79' lang='grc' dir='ltr'>δὲ</span> <span class='ocrx_word' id='word_1_744' title='bbox 717 5451 811 5504; x_wconf 58' lang='grc' dir='ltr'><strong>καὶ⁵</strong></span> <span class='ocrx_word' id='word_1_745' title='bbox 850 5452 907 5503; x_wconf 88' lang='grc' dir='ltr'>ἐν</span> <span class='ocrx_word' id='word_1_746' title='bbox 945 5450 1024 5521; x_wconf 80' lang='grc' dir='ltr'>τῷ</span> <span class='ocrx_word' id='word_1_747' title='bbox 1062 5455 1161 5518; x_wconf 84' lang='grc' dir='ltr'>ογ’,</span> <span class='ocrx_word' id='word_1_748' title='bbox 1193 5447 1315 5501; x_wconf 80' lang='grc' dir='ltr'>καθ’</span> <span class='ocrx_word' id='word_1_749' title='bbox 1341 5449 1400 5503; x_wconf 83' lang='grc' dir='ltr'><strong>ὃν</strong></span> <span class='ocrx_word' id='word_1_750' title='bbox 1434 5450 1467 5521; x_wconf 78' lang='grc' dir='ltr'>ἡ</span> <span class='ocrx_word' id='word_1_751' title='bbox 1502 5449 1705 5520; x_wconf 85' lang='grc' dir='ltr'>ἐσχάτη</span> <span class='ocrx_word' id='word_1_752' title='bbox 1742 5450 1841 5502; x_wconf 84' lang='grc' dir='ltr'>αύ-</span> 
     </span>
    </p>
   </div>
   <div class='ocr_carea' id='block_1_102' title="bbox 246 5541 929 5615">
    <p class='ocr_par' dir='ltr' id='par_1_102' title="bbox 246 5541 929 5615">
     <span class='ocr_line' id='line_1_102' title="bbox 246 5541 929 5615; baseline 0 -18"><span class='ocrx_word' id='word_1_753' title='bbox 246 5543 361 5598; x_wconf 83' lang='grc' dir='ltr'><strong>τῶν</strong></span> <span class='ocrx_word' id='word_1_754' title='bbox 387 5543 639 5614; x_wconf 85' lang='grc' dir='ltr'>ἐδηλοῦτο</span> <span class='ocrx_word' id='word_1_755' title='bbox 666 5541 929 5615; x_wconf 78' lang='grc' dir='ltr'>ἀποὸολή.</span> 
     </span>
    </p>
   </div>
   <div class='ocr_carea' id='block_1_103' title="bbox 324 5630 1831 5709">
    <p class='ocr_par' dir='ltr' id='par_1_103' title="bbox 324 5630 1831 5709">
     <span class='ocr_line' id='line_1_103' title="bbox 324 5630 1831 5709; baseline -0.001 -19"><span class='ocrx_word' id='word_1_756' title='bbox 324 5630 485 5690; x_wconf 73' lang='grc' dir='ltr'>οὗτοι</span> <span class='ocrx_word' id='word_1_757' title='bbox 517 5638 615 5708; x_wconf 88' lang='grc' dir='ltr'><strong>μέν</strong></span> <span class='ocrx_word' id='word_1_758' title='bbox 643 5633 736 5692; x_wconf 75' lang='grc' dir='ltr'>οὖν</span> <span class='ocrx_word' id='word_1_759' title='bbox 768 5640 816 5693; x_wconf 79' lang='lat' dir='ltr'><strong>oi</strong></span> <span class='ocrx_word' id='word_1_760' title='bbox 849 5638 1183 5709; x_wconf 84' lang='grc' dir='ltr'>συνημμένοι</span> <span class='ocrx_word' id='word_1_761' title='bbox 1219 5636 1311 5689; x_wconf 81' lang='grc' dir='ltr'>τοῦ</span> <span class='ocrx_word' id='word_1_762' title='bbox 1352 5636 1519 5690; x_wconf 70' lang='grc' dir='ltr'>Ἀσάυ</span> <span class='ocrx_word' id='word_1_763' title='bbox 1556 5644 1642 5690; x_wconf 86' lang='grc' dir='ltr'>ια’.</span> <span class='ocrx_word' id='word_1_764' title='bbox 1687 5636 1746 5688; x_wconf 86' lang='grc' dir='ltr'><strong>ὐ</strong></span> <span class='ocrx_word' id='word_1_765' title='bbox 1777 5634 1831 5688; x_wconf 73' lang='grc' dir='ltr'>δὲ</span> 
     </span>
    </p>
   </div>
   <div class='ocr_carea' id='block_1_104' title="bbox 316 5791 1411 5860">
    <p class='ocr_par' dir='ltr' id='par_1_104' title="bbox 316 5791 1411 5860">
     <span class='ocr_line' id='line_1_104' title="bbox 316 5791 1411 5860; baseline -0.002 -12"><span class='ocrx_word' id='word_1_766' title='bbox 316 5794 362 5825; x_wconf 81' lang='grc'><strong>’⁸</strong></span> <span class='ocrx_word' id='word_1_767' title='bbox 394 5791 539 5848; x_wconf 84' lang='lat' dir='ltr'><strong>Psal.</strong></span> <span class='ocrx_word' id='word_1_768' title='bbox 581 5808 729 5860; x_wconf 67' lang='grc' dir='ltr'>χιιι,</span> <span class='ocrx_word' id='word_1_769' title='bbox 758 5792 810 5847; x_wconf 66' lang='grc'><strong>1.</strong></span> <span class='ocrx_word' id='word_1_770' title='bbox 888 5795 931 5827; x_wconf 76' lang='grc'><strong>’⁸</strong></span> <span class='ocrx_word' id='word_1_771' title='bbox 965 5793 1095 5848; x_wconf 88' lang='lat' dir='ltr'><strong>ibid.</strong></span> <span class='ocrx_word' id='word_1_772' title='bbox 1125 5795 1167 5827; x_wconf 82' lang='lat'><strong>&quot;</strong></span> <span class='ocrx_word' id='word_1_773' title='bbox 1204 5792 1336 5847; x_wconf 86' lang='lat' dir='ltr'><strong>ibid.</strong></span> <span class='ocrx_word' id='word_1_774' title='bbox 1362 5793 1411 5848; x_wconf 81' lang='lat'><strong>&#39;5.</strong></span> 
     </span>
    </p>
   </div>
   <div class='ocr_carea' id='block_1_105' title="bbox 1944 4610 3539 4685">
    <p class='ocr_par' dir='ltr' id='par_1_105' title="bbox 1944 4610 3539 4685">
     <span class='ocr_line' id='line_1_105' title="bbox 1944 4610 3539 4685; baseline -0.003 -15"><span class='ocrx_word' id='word_1_775' title='bbox 1944 4624 2058 4670; x_wconf 89' lang='lat' dir='ltr'><strong>tem</strong></span> <span class='ocrx_word' id='word_1_776' title='bbox 2086 4615 2376 4671; x_wconf 88' lang='lat' dir='ltr'><strong>deveneris</strong></span> <span class='ocrx_word' id='word_1_777' title='bbox 2418 4616 2675 4679; x_wconf 88' lang='lat' dir='ltr'><strong>observa,</strong></span> <span class='ocrx_word' id='word_1_778' title='bbox 2708 4629 2919 4685; x_wconf 69' lang='lat' dir='ltr'><strong>quaeso,</strong></span> <span class='ocrx_word' id='word_1_779' title='bbox 2952 4628 3079 4669; x_wconf 89' lang='lat' dir='ltr'><strong>eum</strong></span> <span class='ocrx_word' id='word_1_780' title='bbox 3110 4612 3203 4667; x_wconf 91' lang='lat' dir='ltr'><strong>ubi</strong></span> <span class='ocrx_word' id='word_1_781' title='bbox 3248 4610 3399 4666; x_wconf 86' lang='lat' dir='ltr'><strong>illius</strong></span> <span class='ocrx_word' id='word_1_782' title='bbox 3435 4610 3539 4666; x_wconf 85' lang='lat' dir='ltr'><strong>As-</strong></span> 
     </span>
    </p>
   </div>
   <div class='ocr_carea' id='block_1_106' title="bbox 1950 4705 3539 4779">
    <p class='ocr_par' dir='ltr' id='par_1_106' title="bbox 1950 4705 3539 4779">
     <span class='ocr_line' id='line_1_106' title="bbox 1950 4705 3539 4779; baseline -0.005 -14"><span class='ocrx_word' id='word_1_783' title='bbox 1950 4725 2049 4766; x_wconf 88' lang='lat' dir='ltr'><strong>sur</strong></span> <span class='ocrx_word' id='word_1_784' title='bbox 2092 4709 2344 4765; x_wconf 87' lang='lat' dir='ltr'><strong>meminit</strong></span> <span class='ocrx_word' id='word_1_785' title='bbox 2373 4710 2559 4779; x_wconf 85' lang='lat' dir='ltr'><strong>(erant</strong></span> <span class='ocrx_word' id='word_1_786' title='bbox 2590 4715 2774 4763; x_wconf 91' lang='lat' dir='ltr'><strong>autem</strong></span> <span class='ocrx_word' id='word_1_787' title='bbox 2805 4707 2843 4761; x_wconf 90' lang='lat' dir='ltr'><strong>ii</strong></span> <span class='ocrx_word' id='word_1_788' title='bbox 2865 4705 3125 4778; x_wconf 83' lang='lat' dir='ltr'><strong>Assyrii),</strong></span> <span class='ocrx_word' id='word_1_789' title='bbox 3160 4719 3377 4759; x_wconf 82' lang='lat' dir='ltr'><strong>necnon</strong></span> <span class='ocrx_word' id='word_1_790' title='bbox 3401 4717 3539 4774; x_wconf 44' lang='lat' dir='ltr'><strong>pra»</strong></span> 
     </span>
    </p>
   </div>
   <div class='ocr_carea' id='block_1_107' title="bbox 1947 4797 3537 4872">
    <p class='ocr_par' dir='ltr' id='par_1_107' title="bbox 1947 4797 3537 4872">
     <span class='ocr_line' id='line_1_107' title="bbox 1947 4797 3537 4872; baseline -0.004 -14"><span class='ocrx_word' id='word_1_791' title='bbox 1947 4802 2223 4858; x_wconf 85' lang='lat' dir='ltr'><strong>dictarum</strong></span> <span class='ocrx_word' id='word_1_792' title='bbox 2277 4802 2560 4872; x_wconf 75' lang='lat' dir='ltr'><strong>gentium,</strong></span> <span class='ocrx_word' id='word_1_793' title='bbox 2613 4797 3068 4870; x_wconf 83' lang='lat' dir='ltr'><strong>supplicationem</strong></span> <span class='ocrx_word' id='word_1_794' title='bbox 3129 4797 3397 4854; x_wconf 87' lang='lat' dir='ltr'><strong>adversus</strong></span> <span class='ocrx_word' id='word_1_795' title='bbox 3441 4809 3537 4852; x_wconf 88' lang='lat' dir='ltr'><strong>eos</strong></span> 
     </span>
    </p>
   </div>
   <div class='ocr_carea' id='block_1_108' title="bbox 1947 4888 3538 4961">
    <p class='ocr_par' dir='ltr' id='par_1_108' title="bbox 1947 4888 3538 4961">
     <span class='ocr_line' id='line_1_108' title="bbox 1947 4888 3538 4961; baseline -0.005 -10"><span class='ocrx_word' id='word_1_796' title='bbox 1947 4896 2221 4961; x_wconf 80' lang='lat' dir='ltr'><strong>emittere,</strong></span> <span class='ocrx_word' id='word_1_797' title='bbox 2252 4909 2316 4950; x_wconf 88' lang='lat' dir='ltr'><strong>ac</strong></span> <span class='ocrx_word' id='word_1_798' title='bbox 2338 4894 2536 4949; x_wconf 82' lang='lat' dir='ltr'><strong>exinde</strong></span> <span class='ocrx_word' id='word_1_799' title='bbox 2564 4892 2869 4948; x_wconf 83' lang='lat' dir='ltr'><strong>infaustum</strong></span> <span class='ocrx_word' id='word_1_800' title='bbox 2899 4888 3220 4946; x_wconf 82' lang='lat' dir='ltr'><strong>earumdem</strong></span> <span class='ocrx_word' id='word_1_801' title='bbox 3254 4889 3415 4944; x_wconf 83' lang='lat' dir='ltr'><strong>ﬁnem</strong></span> <span class='ocrx_word' id='word_1_802' title='bbox 3443 4903 3538 4944; x_wconf 86' lang='lat' dir='ltr'><strong>va-</strong></span> 
     </span>
    </p>
   </div>
   <div class='ocr_carea' id='block_1_109' title="bbox 1944 4980 3535 5056">
    <p class='ocr_par' dir='ltr' id='par_1_109' title="bbox 1944 4980 3535 5056">
     <span class='ocr_line' id='line_1_109' title="bbox 1944 4980 3535 5056; baseline -0.004 -15"><span class='ocrx_word' id='word_1_803' title='bbox 1944 4986 2169 5042; x_wconf 81' lang='lat' dir='ltr'><strong>ticinari</strong></span> <span class='ocrx_word' id='word_1_804' title='bbox 2204 5005 2218 5041; x_wconf 89' lang='lat'><strong>:</strong></span> <span class='ocrx_word' id='word_1_805' title='bbox 2246 4984 2394 5056; x_wconf 81' lang='lat' dir='ltr'><strong>quod</strong></span> <span class='ocrx_word' id='word_1_806' title='bbox 2419 4984 2609 5040; x_wconf 88' lang='lat' dir='ltr'><strong>itidem</strong></span> <span class='ocrx_word' id='word_1_807' title='bbox 2648 4984 2704 5038; x_wconf 93' lang='lat' dir='ltr'><strong>in</strong></span> <span class='ocrx_word' id='word_1_808' title='bbox 2736 4998 2947 5039; x_wconf 77' lang='lat' dir='ltr'><strong>usvni</strong></span> <span class='ocrx_word' id='word_1_809' title='bbox 2978 4981 3253 5053; x_wconf 61' lang='lat' dir='ltr'><strong>prastitit,</strong></span> <span class='ocrx_word' id='word_1_810' title='bbox 3285 4980 3377 5036; x_wconf 81' lang='lat' dir='ltr'><strong>ubi</strong></span> <span class='ocrx_word' id='word_1_811' title='bbox 3406 4980 3535 5036; x_wconf 81' lang='lat' dir='ltr'><strong>item</strong></span> 
     </span>
    </p>
   </div>
   <div class='ocr_carea' id='block_1_110' title="bbox 1945 5073 3535 5149">
    <p class='ocr_par' dir='ltr' id='par_1_110' title="bbox 1945 5073 3535 5149">
     <span class='ocr_line' id='line_1_110' title="bbox 1945 5073 3535 5149; baseline -0.004 -15"><span class='ocrx_word' id='word_1_812' title='bbox 1945 5094 2069 5149; x_wconf 76' lang='lat' dir='ltr'><strong>qua:</strong></span> <span class='ocrx_word' id='word_1_813' title='bbox 2105 5079 2362 5134; x_wconf 78' lang='lat' dir='ltr'><strong>Antiochi</strong></span> <span class='ocrx_word' id='word_1_814' title='bbox 2391 5088 2635 5149; x_wconf 88' lang='lat' dir='ltr'><strong>tempore</strong></span> <span class='ocrx_word' id='word_1_815' title='bbox 2678 5076 3004 5132; x_wconf 84' lang='lat' dir='ltr'><strong>acciderunt</strong></span> <span class='ocrx_word' id='word_1_816' title='bbox 3043 5074 3401 5146; x_wconf 66' lang='lat' dir='ltr'><strong>praenuntiat,</strong></span> <span class='ocrx_word' id='word_1_817' title='bbox 3437 5073 3535 5145; x_wconf 67' lang='lat' dir='ltr'><strong>qui</strong></span> 
     </span>
    </p>
   </div>
   <div class='ocr_carea' id='block_1_111' title="bbox 1944 5164 3523 5240">
    <p class='ocr_par' dir='ltr' id='par_1_111' title="bbox 1944 5164 3523 5240">
     <span class='ocr_line' id='line_1_111' title="bbox 1944 5164 3523 5240; baseline -0.006 -15"><span class='ocrx_word' id='word_1_818' title='bbox 1944 5168 2165 5225; x_wconf 67' lang='lat' dir='ltr'><strong>Iudaeos</strong></span> <span class='ocrx_word' id='word_1_819' title='bbox 2194 5168 2459 5240; x_wconf 89' lang='lat' dir='ltr'><strong>compulit</strong></span> <span class='ocrx_word' id='word_1_820' title='bbox 2495 5175 2556 5223; x_wconf 88' lang='lat' dir='ltr'><strong>ut</strong></span> <span class='ocrx_word' id='word_1_821' title='bbox 2586 5166 2901 5222; x_wconf 55' lang='lat' dir='ltr'><strong>Graecorum</strong></span> <span class='ocrx_word' id='word_1_822' title='bbox 2931 5165 3096 5219; x_wconf 73' lang='lat' dir='ltr'><strong>ritum</strong></span> <span class='ocrx_word' id='word_1_823' title='bbox 3134 5164 3523 5226; x_wconf 79' lang='lat' dir='ltr'><strong>observarent,</strong></span> 
     </span>
    </p>
   </div>
   <div class='ocr_carea' id='block_1_112' title="bbox 1946 5254 3533 5333">
    <p class='ocr_par' dir='ltr' id='par_1_112' title="bbox 1946 5254 3533 5333">
     <span class='ocr_line' id='line_1_112' title="bbox 1946 5254 3533 5333; baseline -0.005 -18"><span class='ocrx_word' id='word_1_824' title='bbox 1946 5270 2314 5333; x_wconf 78' lang='lat' dir='ltr'><strong>paternasque</strong></span> <span class='ocrx_word' id='word_1_825' title='bbox 2339 5261 2488 5332; x_wconf 65' lang='lat' dir='ltr'><strong>leges</strong></span> <span class='ocrx_word' id='word_1_826' title='bbox 2508 5256 3048 5329; x_wconf 76' lang='lat' dir='ltr'><strong>transgrederentur.</strong></span> <span class='ocrx_word' id='word_1_827' title='bbox 3082 5254 3221 5311; x_wconf 74' lang='lat' dir='ltr'><strong>Nam</strong></span> <span class='ocrx_word' id='word_1_828' title='bbox 3254 5255 3367 5311; x_wconf 82' lang='lat' dir='ltr'><strong>illic</strong></span> <span class='ocrx_word' id='word_1_829' title='bbox 3390 5269 3533 5325; x_wconf 84' lang='lat' dir='ltr'><strong>quo-</strong></span> 
     </span>
    </p>
   </div>
   <div class='ocr_carea' id='block_1_113' title="bbox 1946 5344 3532 5425">
    <p class='ocr_par' dir='ltr' id='par_1_113' title="bbox 1946 5344 3532 5425">
     <span class='ocr_line' id='line_1_113' title="bbox 1946 5344 3532 5425; baseline -0.008 -16"><span class='ocrx_word' id='word_1_830' title='bbox 1946 5371 2053 5425; x_wconf 87' lang='lat' dir='ltr'><strong>que</strong></span> <span class='ocrx_word' id='word_1_831' title='bbox 2088 5353 2367 5410; x_wconf 79' lang='lat' dir='ltr'><strong>infelicem</strong></span> <span class='ocrx_word' id='word_1_832' title='bbox 2408 5353 2758 5408; x_wconf 82' lang='lat' dir='ltr'><strong>inimicorum</strong></span> <span class='ocrx_word' id='word_1_833' title='bbox 2801 5352 2962 5405; x_wconf 74' lang='lat' dir='ltr'><strong>tinem</strong></span> <span class='ocrx_word' id='word_1_834' title='bbox 2995 5348 3267 5421; x_wconf 66' lang='lat' dir='ltr'><strong>praedixit.</strong></span> <span class='ocrx_word' id='word_1_835' title='bbox 3306 5344 3376 5399; x_wconf 85' lang='lat' dir='ltr'><strong>At</strong></span> <span class='ocrx_word' id='word_1_836' title='bbox 3422 5360 3532 5398; x_wconf 81' lang='lat' dir='ltr'><strong>non</strong></span> 
     </span>
    </p>
   </div>
   <div class='ocr_carea' id='block_1_114' title="bbox 1944 5436 3531 5518">
    <p class='ocr_par' dir='ltr' id='par_1_114' title="bbox 1944 5436 3531 5518">
     <span class='ocr_line' id='line_1_114' title="bbox 1944 5436 3531 5518; baseline -0.009 -15"><span class='ocrx_word' id='word_1_837' title='bbox 1944 5448 2000 5503; x_wconf 90' lang='lat' dir='ltr'><strong>in</strong></span> <span class='ocrx_word' id='word_1_838' title='bbox 2031 5462 2233 5513; x_wconf 68' lang='lat' dir='ltr'><strong>nam,</strong></span> <span class='ocrx_word' id='word_1_839' title='bbox 2289 5445 2383 5502; x_wconf 87' lang='lat' dir='ltr'><strong>ubi</strong></span> <span class='ocrx_word' id='word_1_840' title='bbox 2422 5453 2700 5518; x_wconf 78' lang='lat' dir='ltr'><strong>postrema</strong></span> <span class='ocrx_word' id='word_1_841' title='bbox 2728 5441 3046 5500; x_wconf 61' lang='lat' dir='ltr'><strong>Jodzorum</strong></span> <span class='ocrx_word' id='word_1_842' title='bbox 3081 5438 3318 5512; x_wconf 72' lang='lat' dir='ltr'><strong>obiectio</strong></span> <span class='ocrx_word' id='word_1_843' title='bbox 3343 5436 3531 5491; x_wconf 57' lang='lat' dir='ltr'><strong>decim</strong></span> 
     </span>
    </p>
   </div>
   <div class='ocr_carea' id='block_1_115' title="bbox 1946 5550 2119 5596">
    <p class='ocr_par' dir='ltr' id='par_1_115' title="bbox 1946 5550 2119 5596">
     <span class='ocr_line' id='line_1_115' title="bbox 1946 5550 2119 5596; baseline 0.006 -1"><span class='ocrx_word' id='word_1_844' title='bbox 1946 5550 2119 5596; x_wconf 85' lang='lat' dir='ltr'><strong>ratur.</strong></span> 
     </span>
    </p>
   </div>
   <div class='ocr_carea' id='block_1_116' title="bbox 2012 5619 3527 5706">
    <p class='ocr_par' dir='ltr' id='par_1_116' title="bbox 2012 5619 3527 5706">
     <span class='ocr_line' id='line_1_116' title="bbox 2012 5619 3527 5706; baseline -0.01 -18"><span class='ocrx_word' id='word_1_845' title='bbox 2012 5634 2078 5688; x_wconf 82' lang='lat' dir='ltr'><strong>ﬂi</strong></span> <span class='ocrx_word' id='word_1_846' title='bbox 2136 5633 2305 5705; x_wconf 72' lang='lat' dir='ltr'><strong>igitur</strong></span> <span class='ocrx_word' id='word_1_847' title='bbox 2354 5634 2555 5706; x_wconf 83' lang='lat' dir='ltr'><strong>Asaphi</strong></span> <span class='ocrx_word' id='word_1_848' title='bbox 2616 5647 2845 5688; x_wconf 77' lang='lat' dir='ltr'><strong>numero</strong></span> <span class='ocrx_word' id='word_1_849' title='bbox 2910 5626 3188 5692; x_wconf 76' lang='lat' dir='ltr'><strong>undecim,</strong></span> <span class='ocrx_word' id='word_1_850' title='bbox 3247 5619 3527 5693; x_wconf 84' lang='lat' dir='ltr'><strong>conjuncti</strong></span> 
     </span>
    </p>
   </div>
   <div class='ocr_carea' id='block_1_117' title="bbox 1518 5788 2065 5853">
    <p class='ocr_par' dir='ltr' id='par_1_117' title="bbox 1518 5788 2065 5853">
     <span class='ocr_line' id='line_1_117' title="bbox 1518 5788 2065 5853; baseline -0.007 -6"><span class='ocrx_word' id='word_1_851' title='bbox 1518 5791 1563 5825; x_wconf 84' lang='lat'><strong>”</strong></span> <span class='ocrx_word' id='word_1_852' title='bbox 1593 5789 1740 5846; x_wconf 82' lang='lat' dir='ltr'><strong>Psal.</strong></span> <span class='ocrx_word' id='word_1_853' title='bbox 1774 5804 1982 5853; x_wconf 70' lang='lat' dir='ltr'><strong>LXXXII,</strong></span> <span class='ocrx_word' id='word_1_854' title='bbox 2013 5788 2065 5843; x_wconf 83' lang='lat' dir='ltr'><strong>l.</strong></span> 
     </span>
    </p>
   </div>
   <div class='ocr_carea' id='block_1_118' title="bbox 3453 334 3674 393">
    <p class='ocr_par' dir='ltr' id='par_1_118' title="bbox 3453 334 3674 393">
     <span class='ocr_line' id='line_1_118' title="bbox 3453 334 3674 393; baseline 0 -48"><span class='ocrx_word' id='word_1_855' title='bbox 3453 334 3561 393; x_wconf 56' lang='grc' dir='ltr'>ω</span> <span class='ocrx_word' id='word_1_856' title='bbox 3670 338 3674 345; x_wconf 87' lang='grc'>.</span> 
     </span>
    </p>
   </div>
  </div>
