4068 6514
680 315 786 373 835

1371 318 1632 375 EUSEBII
1669 315 2145 375 CESARIENSIS
2183 318 2331 376 OPP.
2373 319 2552 375 PARS
2590 319 2677 377 Ill.
2716 350 2787 363 —
2824 320 3235 379 EXEGETICA.

3784 331 3867 388 836

680 438 831 488 sunt.
867 429 1234 487 Duodecimus
1268 448 1395 486 vero
1424 440 1549 488 ante
1585 432 1855 503 psalmum
1892 449 1923 487 ι.
1949 433 2247 490 collocatus
2278 485 2286 497 ,

2278 442 2321 498 Α
2354 436 2419 489 ιϐ’
2442 435 2548 507 πρὸ
2569 436 2661 488 τοῦ
2690 434 2955 506 ν’ψαλμοῦ
2970 436 3373 491 κατατέτακται
3405 438 3471 491 δι’
3495 439 3555 510 ἢν
3584 440 3861 500 ἀποδεδώκα.

681 531 784 588 est,
820 522 891 575 ob
916 536 1138 575 causam
1179 536 1341 591 quam
1375 521 1527 575 illum
1557 524 1894 591 explicantes
1943 523 2249 578 attulimus.

684 612 881 668 Verum
912 623 1035 681 post
1066 612 1168 667 hoc
1201 613 1604 684 compendium,
1640 613 1877 682 primum
1921 624 2252 684 repetentes,

678 705 797 775 ejus
831 704 1155 759 sententiam
1183 705 1488 758 minutatim
1522 706 1951 774 explorabimus.

975 818 1028 871 i:
1074 815 1399 874 PSALMUS
1438 816 1683 873 ASAPH.
1726 819 1937 875 LXXII.

756 908 914 966 v’sns.
952 911 1065 965 1-5.
1110 911 1284 977 Quam
1319 912 1484 965 bomts
1520 912 1694 965 Israel
1723 912 1865 966 Deus
1908 912 1972 965 iis
2004 911 2094 982 qui
2125 911 2253 966 recti

677 1014 797 1056 sunt
824 1004 1015 1057 corde!
1042 1001 1223 1057 Tertia
1261 1018 1388 1073 pars
1416 1003 1537 1057 libri
1570 1002 1909 1057 Psalmorum
1942 1018 1972 1057 a
2003 1004 2253 1073 prarsenti

677 1095 886 1165 incipit,
920 1105 974 1149 et
1002 1097 1057 1148 in
1088 1111 1329 1149 Lxxxvm
1363 1095 1586 1159 desinit,
1624 1096 1697 1148 ita
1744 1104 1803 1149 ut
1839 1097 2080 1164 psalmos
2112 1111 2257 1149 com-

675 1186 948 1257 plectatur
1003 1184 1418 1256 septemdecim,
1465 1202 1699 1256 quorum
1754 1187 2006 1241 undecim
2059 1202 2255 1241 conse-

676 1286 907 1349 quenter
940 1278 1113 1348 ipsius
1136 1278 1315 1347 Asaph
1350 1287 1477 1333 sunt
1505 1298 1518 1333 :
1548 1280 1673 1332 hinc
1696 1278 1927 1333 ﬁliorum
1956 1280 2094 1333 Core
2120 1295 2255 1348 qua-

676 1378 827 1434 tuor,
853 1369 1074 1426 Davidis
1116 1387 1277 1435 unus,
1327 1383 1744 1441 postremusque
1794 1370 2039 1424 omnium
2078 1369 2253 1423 Etlian

676 1460 964 1518 Esdraitae.
1000 1461 1100 1517 Hie
1118 1479 1246 1518 vero
1275 1479 1436 1534 quem
1468 1470 1769 1517 tractamus
1796 1461 1997 1531 Asaphi
2027 1470 2133 1524 est,
2161 1459 2254 1530 qui

675 1554 941 1623 propheta
987 1553 1175 1608 Davidi
1215 1562 1526 1608 coaetaneus
1576 1552 1693 1607 erat
1730 1570 1743 1605 :
1774 1551 2127 1621 Psalmusque
2170 1551 2257 1603 in-

678 1642 976 1710 scribitur;
1029 1644 1159 1717 quia
1204 1644 1269 1698 ad
1311 1645 1515 1699 calcem
1573 1658 1697 1697 cum
1746 1643 2037 1713 impiorum
2074 1641 2256 1695 infau-

678 1744 820 1791 stum
846 1735 1072 1797 exitum,
1116 1743 1229 1787 tum
1260 1737 1474 1805 piorum
1503 1736 1558 1789 in
1584 1733 1695 1789 Deo
1734 1734 2077 1787 reconditum
2110 1732 2252 1803 opti-

676 1842 823 1880 mum
867 1826 1025 1880 linem
1059 1826 1461 1896 complectitur.
1498 1828 1629 1891 Quae
1657 1825 1744 1881 his
1786 1826 2070 1879 declarat:
2110 1824 2251 1891 Quia

674 1932 789 1970 ecce
823 1917 912 1986 qui
934 1916 1178 1986 elongant
1211 1934 1265 1969 se
1308 1934 1338 1969 a
1375 1926 1423 1970 te
1450 1916 1714 1981 peribunt,
1754 1915 2033 1983 perdidisti
2074 1931 2249 1970 omnes

673 2008 762 2079 qui
784 2008 1117 2077 fornicamur
1141 2008 1232 2062 abs
1261 2017 1327 2061 te.
1358 2006 1493 2061 Mihi
1526 2018 1699 2061 autent
1725 2008 1993 2061 adhaerere
2021 2007 2129 2061 Deo
2160 2007 2251 2061 bo-

676 2115 799 2154 num
841 2110 937 2154 est.
984 2100 1089 2154 lnit
1140 2110 1322 2154 autem
1365 2116 1395 2154 a
1437 2099 1707 2154 doctrinae
1744 2101 2049 2169 przeceptis,
2096 2100 2251 2168 queis

674 2190 968 2262 impiorum
1000 2194 1067 2247 ad
1105 2193 1377 2264 quoddam
1410 2202 1624 2264 tempus
1670 2192 1950 2249 felicitatis
1980 2196 2250 2247 rationem

674 2283 831 2339 affert
863 2303 875 2339 :
909 2285 1139 2353 hujusce
1179 2287 1379 2354 quippe
1423 2285 1501 2339 rei
1548 2300 1772 2342 causam
1800 2300 1921 2340 esse
1972 2286 2068 2347 ait,
2104 2285 2250 2355 quod

673 2373 819 2431 Deus
866 2376 1045 2432 bonus
1110 2376 1431 2446 patiensque
1482 2377 1575 2430 sit.
1622 2375 1864 2445 Idipsum
1915 2391 2047 2431 sane
2093 2376 2251 2430 docet

672 2464 894 2521 divinus
920 2466 1211 2535 Apostolus
1243 2465 1433 2520 dicens
1466 2486 1478 2520 :
1513 2466 1829 2520 Andwuias
1862 2464 2111 2519 bonitatis
2136 2467 2249 2536 ejus

671 2568 717 2610 et
753 2554 1174 2626 longanimitatis
1206 2559 1515 2622 contemnis,
1549 2558 1800 2628 ignorans
1840 2564 1977 2627 quod
2020 2559 2247 2613 clemen-

675 2651 749 2704 tia
787 2651 883 2705 Dei
927 2651 994 2704 ad
1045 2653 1404 2721 paenitentiam
1444 2662 1491 2706 te
1537 2651 1859 2706 adducit“?
1911 2661 1964 2707 et
2009 2653 2140 2707 alibi
2173 2653 2253 2707 di-

671 2754 819 2797 ctum
852 2752 935 2799 est
961 2763 973 2799 :
1012 2743 1150 2798 Deus
1168 2743 1337 2813 judex
1359 2745 1565 2814 justus,
1593 2745 1760 2799 bonus
1786 2755 1833 2799 et
1861 2746 2088 2813 patiens,
2114 2762 2251 2798 nun-

670 2833 798 2904 quid
838 2836 1091 2888 irascitur
1138 2850 1231 2903 per
1279 2836 1518 2905 singulos
1560 2836 1670 2889 dies
1694 2836 1779 2889 "1’
1820 2835 2019 2907 Utpote
2072 2837 2249 2893 bonus

671 2927 859 2998 igitur,
894 2928 1071 2983 Solem
1110 2946 1264 2984 suum
1304 2931 1436 2983 oriri
1461 2930 1591 2998 facit
1620 2946 1775 2997 super
1804 2930 1982 2999 justas
2016 2939 2066 2983 et
2107 2931 2249 3000 inju-

669 3030 800 3084 stas,
824 3030 873 3074 et
900 3021 1033 3089 pluit
1061 3037 1213 3089 super
1245 3024 1413 3075 malos
1444 3031 1492 3075 et
1521 3021 1681 3075 bonos
1704 3024 1771 3077 ⁸⁸.
1802 3020 1955 3076 Unde
1989 3020 2249 3076 Servator

2357 542 2454 596 μεν
2486 527 2664 579 αἰτίαν
2688 530 2813 590 τοὺς
2834 529 3035 591 τόπους
3056 529 3427 599 διηγούμενοι.
3472 532 3619 584 Ἀλλὰ
3638 535 3729 607 γὰρ
3760 541 3861 607 μετὰ

2354 621 2451 692 τὴν
2468 619 2671 673 τούτων
2693 621 2957 691 ἐπιτομὴν
2974 621 3092 693 φέρ’
3108 623 3537 689 ἐπαναλαϐόντες
3565 627 3659 679 ’τὸν
3677 635 3862 699 πρῶτον,

2353 712 2451 783 τὴν
2496 712 2636 765 κατᾶ
2670 714 2835 783 μέρος
2865 714 3029 765 αὑτοῦ
3062 713 3305 766 διάνοιαν
3350 714 3790 787 ὲπιθεωρήσωξιεν.

2748 829 3036 881 ΨΑΛΜΟΣ
3071 828 3155 899 τι)
3188 829 3386 880 ΑΣΑΦ.
3429 830 3544 882 OB'.

2437 918 2531 984 Ὠς
2566 919 2784 987 ἀγαθὸς
2816 918 2895 984 τῷ
2930 920 3164 988 Ἰσραὴλ
3213 923 3247 972 ό
3273 918 3439 984 Θεὸς,
3466 920 3583 985 τοῖς
3612 922 3780 976 eodem
3809 926 3861 993 τῇ

2356 1012 2567 1079 καρδίᾳ
2589 1012 2607 1063 ,⁷
2639 1011 2711 1063 Τὸ
2759 1013 2939 1082 τρίτον
2992 1012 3155 1083 μέρος
3189 1012 3291 1081 τῆς
3344 1012 3520 1081 βίϐλου
3559 1014 3654 1067 τῶν
3675 1016 3860 1085 Ψαλμιῖη

2356 1104 2579 1173 ἄρχεται
2608 1104 2704 1173 μὲν
2729 1104 2835 1156 ἀπὸ
2859 1103 2952 1157 τοῦ
2996 1104 3285 1174 παρόντος,
3316 1104 3625 1173 περαιοῦται
3644 1106 3691 1158 δὲ
3714 1110 3775 1170 εὶς
3798 1109 3859 1161 siit

2358 1201 2469 1264 πη’,
2520 1194 2594 1257 ὡς
2637 1197 2763 1257 τοὺς
2799 1196 3006 1257 πάντας
3058 1196 3335 1266 περιέχειν
3376 1196 3611 1265 ψαλμοὺς
3646 1197 3758 1249 ἑπτὰ
3795 1201 3858 1251 καὶ

2354 1285 2484 1339 δέκα
2507 1301 2519 1313 ·
2552 1280 2626 1340 ὧν
2656 1288 2850 1357 ἐφεξῆς
2884 1294 2951 1339 ια’
2975 1289 3303 1356 τυγχάνουσι
3330 1288 3424 1340 τοῦ
3458 1288 3617 1356 Ἀσάἶ)
3636 1306 3648 1318 ο
3670 1285 3765 1341 εἶτα
3784 1291 3858 1342 τῶν

2357 1378 2488 1429 υἱῶν
2547 1378 2690 1448 Κορὲ
2733 1378 2795 1439 δ’,
2848 1377 3069 1430 καὶτοῦ
3128 1377 3294 1430 ama
3345 1374 3446 1440 εἷς,
3502 1379 3589 1432 καὶ
3643 1379 3856 1434 Alliensi

2368 1470 2679 1540 Ἐσδραίτου
2726 1469 3052 1532 τελευταῖος.
3094 1470 3152 1521 Ὀ
3199 1471 3384 1539 μέντοι
3428 1471 3560 1539 μετᾶ
3600 1474 3758 1540 χεῖρας
3790 1471 3855 1523 τοῦ

2367 1560 2538 1630 Ἀσάφ
2564 1561 2866 1633 (προφήτης
2886 1562 2939 1614 δὲ
2960 1558 3026 1633 ἦν
3051 1558 3205 1624 οὗτος
3230 1562 3581 1632 σνγχρονὶσας
3602 1561 3669 1631 τῷ
3704 1563 3852 1633 Assii).

2363 1651 2608 1722 Ψαλμὸς
2650 1653 2746 1722 μὲν
2776 1652 3201 1724 ἐπιγέγραπται,
3228 1653 3318 1705 διὰ
3344 1654 3402 1705 τὸ
3433 1654 3685 1723 περιέχειν
3705 1654 3777 1705 ἐπὶ
3796 1652 3855 1706 τέ-

2354 1739 2435 1793 λει
2465 1740 2572 1793 τῶν
2613 1739 2787 1808 λόγων
2831 1740 2942 1792 τῶν
2985 1741 3084 1811 μὲν
3125 1741 3339 1794 ἀσεϐῶν
3386 1741 3488 1811 τὴν
3529 1743 3850 1813 καταστροφὴν,

2352 1830 2460 1885 τῶν
2486 1832 2529 1883 δ’
2562 1830 2799 1883 εὐσεϐῶν
2828 1831 2886 1883 τὸ
2920 1831 3070 1901 ποιρά
3094 1830 3171 1900 τῷ
3194 1831 3316 1901 Θεῷ
3349 1832 3737 1901 τεταμιευμένον
3758 1835 3854 1898 ἁγα-

2355 1920 2444 1973 θὸν
2478 1920 2627 1983 τέλος
2648 1938 2662 1950 ·
2704 1919 2739 1973 ἃ
2783 1918 2847 1990 δὴ
2901 1921 3137 1990 παρίστη
3169 1920 3376 1989 λέγων·
3411 1922 3525 1973 Ὀτι
3570 1920 3685 1975 ἰδοὺ
3714 1924 3756 1974 oi
3779 1938 3853 1990 μα-

2352 2012 2674 2078 κρύνοντες
2706 2010 2957 2077 ἑαυτοὺς
2994 2010 3111 2064 ἀπὸ
3155 2012 3273 2065 (τοῦ
3300 2012 3666 2073 ἀπολοῦνται,
3688 2012 3848 2075 ἐξωλόο

2352 2104 2614 2169 θρευσιις
2654 2100 2852 2157 πάντα
2899 2102 3005 2155 τὸν
3041 2105 3415 2169 πομθεύοντα
3448 2103 3557 2156 ἀπὸ
3594 2103 3710 2155 σοῦ.
3741 2102 3846 2170 Ἐμοὶ

2352 2193 2418 2246 δὲ
2440 2194 2506 2245 τὸ
2541 2192 3038 2260 προσκολλᾶσθαι
3070 2191 3147 2257 τῷ
3180 2191 3305 2257 Θεῷ
3334 2194 3715 2264 ἀγαθόνὲστιν
3735 2209 3746 2222 ·
3778 2193 3846 2259 ἂρ-

2351 2305 2505 2357 χεται
2534 2287 2577 2339 δ’
2624 2286 2733 2337 ἀπὸ
2776 2284 3113 2355 δογματικῆς
3152 2284 3521 2349 διδασκαλίας,
3548 2284 3610 2336 δι’
3642 2280 3701 2355 ἧς
3720 2282 3848 2336 αἰτίαν

2351 2377 2639 2431 ἀποδίδωσι
2678 2377 2778 2446 τῆς
2820 2377 2927 2429 τῶν
2959 2375 3169 2430 ἀσεϐῶν
3217 2380 3361 2430 κατά
3404 2392 3547 2437 τινας
3579 2376 3761 2443 καιροὺς
3784 2374 3845 2425 εὑ-

2352 2470 2616 2540 πραγίας’
2651 2470 2710 2522 τὸ
2747 2470 2853 2539 γὰρ
2886 2468 3089 2536 ἀγαθὸν
3129 2465 3269 2521 εἶναι
3312 2469 3407 2522 καὶ
3451 2465 3755 2538 μακρὸθυμον
3783 2462 3847 2514 τὸν

2349 2562 2501 2623 Θεὸν,
2539 2561 2695 2614 τοῦτό
2740 2579 2903 2633 φησιν
2938 2561 3198 2633 ὑπάρχειν
3246 2561 3435 2613 αἴτιον.
3472 2562 3532 2611 '0
3574 2559 3629 2628 δὴ
3668 2555 3843 2609 διδάσκει

2352 2654 2443 2706 καὶ
2468 2656 2496 2705 ὁ
2530 2654 2671 2715 θεῖος
2717 2650 3033 2712 Ἀπόστολος
3058 2650 3229 2717 λέγων
3256 2666 3269 2679 ·
3307 2651 3374 2703 Ἦ
3398 2648 3495 2701 τοῦ
3531 2648 3751 2699 πλούτου
3769 2641 3844 2709 τῆς

2348 2746 2761 2812 χρηστότητος
2789 2739 2976 2795 αὑτοῦ
3021 2739 3119 2791 καὶ
3161 2737 3273 2805 τῆς
3314 2738 3690 2807 μακροθυμίας
3721 2746 3842 2785 κατα-

2350 2834 2609 2904 φρονεῖς,
2646 2832 2899 2903 ἀγνοῶν,
2944 2833 3031 2885 ὅτι
3066 2831 3131 2885 τὸ
3182 2832 3457 2901 χρηστὸν
3496 2828 3592 2881 τοῦ
3638 2824 3755 2879 Θεοῦ
3780 2825 3840 2885 sl;

2343 2923 2665 2994 μετάνοιάν
2704 2940 2774 2976 σε
2815 2924 2972 2991 ﬁrst;
3040 2923 3134 2976 κοιλ⁵
3178 2923 3415 2993 ἀλλαχοῦ
3464 2926 3517 2974 δε
3567 2918 3765 2990 εἴρηται·
3797 2914 3838 2964 '0

2352 3019 2497 3081 Θεὸς
2531 3016 2736 3085 κριτὴς
2770 3015 2999 3079 δίκαιος
3041 3014 3137 3066 καὶ
3164 3016 3383 3082 ἀγαθὸς
3418 3014 3506 3065 καὶ
3542 3010 3838 3080 μυκρόθιεμες

670 3111 812 3165 hanc
864 3114 1189 3167 sententiam
1234 3112 1301 3167 de
1348 3112 1510 3167 Patre
1557 3113 1785 3183 protulit
1823 3132 1836 3167 :
1874 3112 2044 3165 Nemo
2081 3112 2276 3184 bonus,

2228 3129 2244 3165 ς
2273 3141 2313 3198 C
2344 3104 2429 3173 μὴ
2461 3104 2646 3173 ὀργὴν
2679 3103 2916 3173 ἐπάγων
2947 3105 3071 3159 καθ’
3100 3103 3369 3171 ἑκάστην
3388 3101 3602 3171 ἡμέραν
3662 3097 3729 3156 Ὡς
3744 3096 3834 3198 ἀξι-

669 3204 774 3258 nisi
809 3220 942 3258 unus
980 3204 1118 3258 Deus
1149 3205 1213 3260 "'.
1265 3204 1422 3269 Quod
1474 3205 1520 3258 si
1562 3204 1630 3257 de
1673 3202 1811 3257 Filio
1863 3203 2241 3273 perquisieris,

667 3290 977 3359 comperies
1013 3306 1120 3360 qua
1150 3293 1366 3345 ratione
1395 3300 1449 3345 et
1479 3292 1594 3360 ipse
1626 3293 1804 3346 bonus
1838 3293 1943 3355 sit;
1978 3293 2105 3361 quia
2137 3293 2247 3346 sci-

669 3378 797 3431 licet
835 3379 1093 3447 splendor
1132 3387 1216 3433 est
1260 3380 1400 3432 lucis
1451 3380 1817 3449 sempiternas,
1868 3389 1921 3433 et
1963 3381 2242 3449 speculum

669 3470 790 3523 sine
834 3471 1045 3523 macula
1077 3479 1319 3540 paterna:
1370 3470 1614 3533 virtutis,
1662 3478 1715 3526 et
1751 3471 1928 3541 imago
1982 3471 2245 3525 bonitatis

668 3560 817 3615 illius
839 3562 905 3616 ’⁸.
937 3560 1084 3616 Talis
1122 3562 1307 3632 itaque
1352 3561 1495 3616 Dens
1528 3570 1643 3627 est;
1678 3562 1773 3617 sed
1814 3563 1945 3616 illud
1980 3578 2089 3617 non
2125 3578 2244 3617 om-

666 3653 831 3709 nibus
864 3662 1089 3721 notum;
1122 3670 1312 3710 verum
1338 3655 1441 3709 soli
1471 3652 1679 3715 lsraeli,
1722 3654 1841 3708 viro
1872 3654 2081 3709 scilicet
2114 3670 2243 3725 per-

665 3745 872 3814 spicaci
912 3752 967 3800 et
1019 3744 1427 3801 internoscendi
1474 3748 1526 3799 vi
1568 3746 1816 3815 praadito,
1867 3746 2083 3814 qualem
2140 3747 2244 3802 sub

667 3836 782 3892 haec
809 3838 1050 3892 declarat
1081 3838 1167 3892 his
1205 3839 1408 3902 verbis,
1450 3838 1605 3891 rectis
1634 3838 1809 3891 corde.
1860 3838 1965 3903 Qui
1997 3839 2140 3894 enim
2187 3840 2245 3895 in

665 3934 849 3981 mente
890 3928 1025 3981 nihil
1054 3935 1364 3981 tortuosum
1397 3926 1593 3989 habet,
1638 3926 1732 3980 sed
1761 3936 1908 3980 recta
1939 3935 1992 3980 et
2029 3927 2243 3981 sincera

662 4018 997 4087 cogitatione
1058 4018 1415 4087 providentia:
1472 4017 1743 4071 rationem
1796 4019 2239 4087 contemplatur,

666 4108 784 4177 ipse
836 4110 1047 4163 scilicet
1102 4108 1267 4164 Israel
1317 4109 1503 4173 fuerit,
1547 4109 1637 4163 cui
1682 4108 1827 4162 Deus
1884 4110 2061 4165 bonus
2119 4125 2242 4165 esse

664 4201 1034 4267 cognoscitur,
1086 4201 1215 4269 quia
1262 4204 1332 4254 ob
1388 4201 1647 4255 bonitatis
1696 4200 2073 4255 excellentiam
2124 4217 2242 4255 om-

664 4305 763 4344 nes
817 4291 1034 4345 tolerat.
1108 4290 1211 4347 Sed
1277 4290 1419 4346 Deus
1470 4290 1691 4361 quidem
1755 4291 2070 4359 huiusmodi
2132 4303 2235 4346 est.

664 4380 776 4452 Ego
846 4397 977 4437 vero
1038 4384 1200 4437 homo
1268 4384 1360 4454 qui
1434 4382 1650 4437 veritati
1726 4384 1965 4448 studeo,
2042 4384 2239 4439 mentis

2350 3195 2440 3259 θὸς
2497 3194 2627 3261 γοῦν
2668 3194 2985 3249 ἀνατέλλει
3037 3194 3143 3246 τὸν
3197 3194 3377 3261 ἥλιον
3422 3191 3594 3246 αὑτοῦ
3649 3186 3725 3239 ἐπὶ
3777 3182 3834 3233 ει-

2348 3289 2555 3349 καίους
2607 3284 2703 3335 καὶ
2754 3285 3018 3349 ἀδίκους,
3076 3284 3173 3335 καὶ
3206 3284 3417 3351 βρέχει
3476 3282 3561 3335 ἐπὶ
3608 3272 3835 3341 πονηροὺς

2348 3375 2445 3426 καὶ
2495 3376 2773 3443 ἀγαθούς.
2810 3375 2999 3428 Ἔνθεν
3033 3377 3124 3427 καὶ
3174 3377 3201 3425 ὁ
3248 3375 3439 3445 Σωτὴρ
3484 3374 3593 3442 ὅρον
3637 3368 3738 3435 περὶ
3770 3361 3833 3414 ’τιῦ

2352 3467 2563 3537 Πατρὸς
2598 3467 2885 3536 ἐξήνεγκεν
2923 3464 3120 3517 εἰπών·
3162 3465 3372 3530 Οὐδεὶς
3402 3462 3605 3533 ἀγαθὸς
3627 3461 3671 3512 εὶ
3696 3455 3757 3524 μὴ
3776 3448 3833 3515 εἷς

2348 3561 2380 3611 ό
2419 3559 2584 3623 Θεός.
2618 3558 2734 3610 Κᾶν
2769 3556 3027 3629 ἐξετάζῃς
3061 3558 3187 3627 περὶ
3217 3557 3313 3609 τοῦ
3340 3554 3486 3617 Υἰοῦ,
3518 3553 3706 3623 μαθήσῃ
3730 3549 3831 3599 ὅπως

2347 3653 2463 3704 ἐστὶ
2510 3652 2603 3704 καὶ
2650 3650 2811 3713 αὐτὸς
2849 3650 3083 3717 ἀγαθός’
3139 3649 3373 3719 ἐπείπερ
3414 3641 3715 3711 ἀπαύτασμὰ
3754 3640 3830 3689 ἐστι

2347 3745 2522 3814 φωτὸς
2552 3744 2720 3797 ἀϊδίου
2755 3743 2849 3796 καὶ
2882 3743 3143 3813 ἔσοπτρον
3177 3742 3503 3812 ἀκηλίδωτον
3540 3736 3627 3805 τῆς
3654 3732 3728 3785 τοῦ
3754 3729 3825 3781 Πα-

2344 3836 2471 3906 τρὸς
2518 3834 2816 3904 ἐνεργείας,
2865 3835 2958 3885 καὶ
2999 3832 3157 3885 εἰκὼν
3196 3832 3297 3902 τῆς
3354 3830 3661 3899 ἀγαθὸτητος
3696 3816 3822 3876 αὑτΰῦ-

2345 3927 2594 3989 Τοιοῦτος
2629 3927 2724 3997 μὲν
2766 3922 2858 3978 οὖν
2906 3929 2932 3978 ὁ
2960 3925 3090 3987 Θεὸς
3124 3924 3393 3993 πέλευκεν·
3444 3922 3676 3989 ἔγνωσται
3784 3908 3824 3959 οὗ

2345 4022 2528 4083 πᾶσιν,
2558 4019 2694 4073 ἀλλά
2726 4020 2870 4089 μόνῳ
2894 4019 2969 4088 τῷ
3002 4018 3238 4087 Ἰσραὴλ,
3283 4017 3359 4087 τῷ
3397 4010 3659 4085 διορατικῷ
3684 4000 3824 4071 δηλαδὴ

2344 4112 2435 4164 καὶ
2468 4109 2751 4179 γνωστικῷ
2777 4109 2950 4178 ἀνδρὶ,
2977 4109 3034 4160 ὃν
3067 4108 3130 4179 δὴ
3164 4108 3455 4177 παρίστησι
3481 4102 3720 4156 συνάπτων
3738 4089 3822 4157 έξῆἱ

2344 4204 2437 4256 καὶ
2468 4202 2659 4270 λέγων,
2705 4200 2828 4266 τοῖς
2870 4200 3070 4255 εὐθέσι
3118 4199 3189 4266 τῇ
3224 4198 3455 4268 καρδίᾳ.
3495 4195 3545 4247 Ὀ
3580 4190 3669 4259 γὰρ
3708 4180 3822 4255 μηδὲν

2345 4295 2554 4348 σκολιὸν
2598 4293 2932 4364 κεκτημένος
2978 4295 3033 4345 ὲν
3076 4295 3141 4362 τῇ
3187 4290 3380 4344 ἑαυτοῦ
3420 4288 3575 4357 ψυχῇ,
3618 4271 3823 4364 λογισμιί

2342 4386 2397 4440 δὲ
2427 4387 2604 4459 ὀρθοῖς
2632 4361 2937 4438 ἐπιϐάλλων
2962 4361 3194 4453 τοῖς
3226 4382 3474 4453 προνοίας
3505 4377 3675 4443 λόγοις.
3704 4361 3816 4459 αξτξί

666 4487 799 4529 mea!
860 4475 1210 4531 stoliditatem
1272 4490 1491 4531 enarro.
1542 4473 1755 4528 Etenim
1808 4474 2061 4530 ﬁrmitate
2118 4490 2272 4544 meai

2214 4490 2236 4528 ἢ
2270 4492 2313 4545 ι)
2344 4477 2409 4529 ἂν
2438 4448 2520 4547 ειη
2554 4448 2595 4529 ὀί
2628 4476 2863 4546 Ἰσραὴλ,
2889 4468 2933 4542 ᾧ
2971 4477 3061 4527 καὶ
3092 4448 3353 4541 ἔγνωσται
3383 4468 3570 4539 ἀγαθὸς
3596 4463 3659 4515 ῶν
3688 4448 3820 4509 όθεδς

662 4576 716 4620 et
768 4583 1001 4637 gressu,
1049 4569 1165 4623 sive
1209 4577 1266 4621 ut
1321 4567 1692 4636 metaphorice
1743 4566 1977 4635 loquar,
2042 4567 2236 4622 anima:

663 4659 894 4729 pedibus
954 4675 1007 4715 et
1067 4660 1259 4715 fulcris
1326 4668 1633 4714 commotus
1692 4674 1829 4729 pene
1899 4669 1953 4713 et
2010 4674 2235 4713 eversus

664 4766 783 4805 sum
834 4766 864 4805 a
918 4768 1013 4822 spe
1052 4768 1171 4807 mea
1213 4754 1267 4807 in
1310 4752 1419 4807 Deo
1462 4754 1740 4823 reposita;
1784 4752 1950 4822 idque
2000 4752 2072 4807 ob
2114 4766 2236 4821 pro-

662 4856 853 4911 speras
882 4843 1166 4899 atheoruin
1198 4845 1599 4916 impiorumque
1646 4860 1756 4900 res.
1794 4841 1996 4899 Verum
2028 4843 2081 4897 id
2110 4843 2234 4912 qui-

662 4933 784 4987 dem
814 4949 949 5004 pene
978 4951 1269 5005 perpessus
1299 4952 1451 5003 sum;
1489 4947 1543 4991 at
1578 4938 1670 4992 Dei
1714 4937 1889 5007 gratia
1922 4950 2232 4990 concussus

663 5036 775 5075 non
808 5021 926 5089 lui;
957 5040 1134 5095 neque
1162 5040 1194 5079 a
1223 5027 1315 5080 tali
1350 5028 1679 5098 cogitatione
1713 5035 2008 5097 superatus
2046 5046 2059 5080 :
2095 5026 2232 5081 alias

664 5127 792 5169 vero
816 5115 1124 5185 periissem,
1156 5124 1210 5171 et
1238 5117 1394 5174 effusi
1421 5128 1606 5175 essent
1637 5135 1861 5191 gressus
1889 5119 1993 5174 mei
2030 5137 2043 5173 :
2080 5134 2227 5183 nam,

660 5217 785 5271 pene
802 5205 958 5274 e/fusi
990 5216 1112 5260 sunt
1138 5223 1349 5277 gressus
1380 5211 1499 5272 mei,
1532 5209 1630 5266 sed
1686 5226 1799 5265 non
1844 5225 2036 5265 revera
2073 5209 2230 5264 ell‘usi

660 5304 810 5353 sunt.
840 5295 1124 5365 Quomodo
1154 5307 1335 5353 autem
1369 5316 1592 5370 gressus
1639 5302 1838 5357 animae
1880 5300 2229 5356 eli‘undantur

661 5388 951 5460 intelliges,
992 5389 1037 5444 si
1066 5388 1394 5459 perpendas,
1424 5406 1533 5461 qua
1573 5392 1785 5447 ratione
1816 5392 1974 5445 multi
2009 5392 2228 5461 pietatis

660 5480 1047 5535 exercitatione
1077 5480 1189 5550 jam
1216 5483 1477 5551 provecti,
1509 5481 1869 5551 temperantia
1899 5488 1953 5535 et
1978 5480 2229 5535 castitate

658 5572 919 5629 diuturno
955 5580 1202 5645 tempore
1234 5572 1526 5645 fulgentes,
1565 5573 1785 5629 demum
1818 5571 1885 5627 ad
1922 5573 2225 5628 molliorem

725 5728 771 5761 “
798 5725 955 5784 Rom.
986 5744 1048 5796 ll,
1069 5729 1122 5785 4.
1190 5732 1234 5765 ’⁸
1258 5728 1399 5787 Psal.
1425 5746 1523 5797 vit,
1572 5730 1655 5788 ιε.
1731 5729 1777 5761 ’⁸
1806 5726 1999 5783 Matth.
2025 5744 2078 5795 v,
2122 5728 2205 5785 ιδ.

2341 4564 2407 4617 δι’
2458 4565 2763 4637 ὑπερϐολήν
2816 4582 2874 4618 τε
2923 4564 3255 4633 ἀγαοὸτητος
3306 4564 3511 4616 πάντων
3557 4550 3818 4621 ἀνεχόμενος·

2354 4656 2492 4710 Ἀλλ’
2539 4658 2565 4709 ὁ
2623 4656 2720 4727 μὲν
2781 4656 2912 4717 Θεὸς
2962 4653 3218 4717 τοιοῦτος.
3292 4651 3429 4720 Ἐγὼ
3479 4648 3558 4706 δὲ*
3607 4639 3818 4733 beam;

2339 4749 2635 4820 φιλαλήθης
2697 4745 2833 4802 εἶναι
2894 4749 3096 4811 θέλων,
3152 4747 3251 4818 τὴν
3315 4738 3539 4815 ἐμαυτοῦ
3596 4733 3816 4814 διταουμαξ

2339 4839 2439 4909 τῆς
2490 4838 2668 4908 ψυχῆς
2696 4837 2945 4911 νωθρίαν.
2977 4835 3187 4907 Μικροῦ
3220 4834 3327 4906 γὰρ
3374 4834 3477 4885 δεῖν
3516 4827 3601 4895 τὴν
3638 4823 3813 4910 quorm

2342 4931 2528 4985 στάσιν
2558 4932 2650 4985 καὶ
2672 4930 2849 5000 βάσιν,
2874 4930 2985 4993 καὶ,
3015 4928 3088 4992 ὡς
3122 4927 3186 4981 ἂν
3211 4925 3353 4979 εἴποι
3378 4939 3458 4985 τις
3498 4912 3812 5003 μεταφοραωῇ

2338 5024 2461 5086 τοὺς
2490 5023 2587 5093 τῆς
2617 5022 2794 5092 ψυχῆς
2843 5021 3008 5084 πόδας
3036 5020 3129 5072 καὶ
3174 5020 3242 5071 τὰ
3287 5018 3570 5090 ἐρείσματα

2342 5132 2448 5183 πην
2482 5086 2667 5184 ὲκττῆἰς
2819 5113 2907 5167 τὸν
2933 5111 3064 5164 Θεὸν
3093 5086 3421 5173 ὲλπίδοςνδιά
3448 5104 3536 5165 τὰς
3566 5095 3656 5150 τῶν
3686 5086 3809 5184 ᾇθέων

2339 5177 2430 5259 καλ
2486 5177 2698 5257 ἀσεϐῶν
2748 5201 2954 5273 ἀνδρῶν
3008 5200 3329 5272 εὐπραγίας.
3390 5190 3535 5249 Ἀλλὰ
3588 5177 3709 5275 παρὰ
3734 5184 3810 5275 tu:

2335 5297 2465 5371 κρδν
2497 5297 2592 5367 μὲν
2614 5294 2754 5348 τοῦτ’
2786 5271 3011 5347 ἔπειθον⁸
3049 5271 3135 5347 διὰ
3186 5292 3241 5344 δὲ
3287 5291 3381 5359 τὴν
3423 5282 3509 5338 τοῦ
3546 5272 3669 5371 Θεοῦ.

2334 5350 2434 5442 oin:
2459 5350 2775 5458 ἐσαλεύθην,
2806 5385 2926 5439 οὐδὲ
2967 5350 3351 5456 κατεκράτησέ
3384 5395 3479 5449 μου
3513 5373 3539 5423 ὁ
3566 5350 3806 5458 προλεχθεῖξ

2334 5483 2589 5553 λογισμός
2613 5498 2625 5511 ⁸
2744 5481 2853 5553 γὰρ
2892 5480 2957 5534 ἂν
3005 5478 3318 5548 ἀπωλόμην,
3356 5472 3443 5528 καὶ
3474 5467 3626 5557 πᾷντα

2330 5528 3325 5641 ἔίαῖεῆῖιξτα’ξιέέξξοίπᾷῥῗεᾷῖίπξοὶ
3372 5561 3469 5629 γὰρ
3514 5542 3723 5616 ἐξεχύθη
3757 5528 3805 5580 τὰ

2305 5729 2323 5760 ⁷
2349 5725 2516 5785 Marc.
2550 5745 2601 5791 x,
2630 5726 2713 5781 18.
2791 5727 2835 5758 ’⁸
2874 5726 3000 5796 Sap.
3033 5742 3130 5788 γυ,
3164 5723 3266 5791 26;
3298 5721 3449 5775 Hebr.
3482 5730 3513 5771 ι,
3544 5708 3589 5762 3-
