4068 6556
285 311 394 368 837

1417 304 1931 369 COMMENTARIA
1973 306 2041 361 IN
2078 308 2404 365 PSALMOS
3456 313 3560 371 8‘58

286 426 619 500 διᾳϐἠματά
649 444 789 495 μου,
820 427 879 479 οὐ
911 428 1016 499 μὴν
1074 428 1323 499 ἐξεχύθη.
1362 430 1594 501 Νοήσεις
1637 431 1691 482 δὲ
1732 432 1875 494 ὅπως

1984 442 2152 484 vitam
2180 433 2360 486 allecti
2397 440 2449 487 et
2484 436 2724 503 prolapsi
2757 433 2898 497 sint;
2932 447 3045 488 sive
3076 433 3240 489 etiam
3281 434 3498 504 penitus
3531 453 3562 490 a

287 522 532 593 ἐκχεῖται
564 520 744 590 ψυχῆς
775 519 1109 591 διαδήματα,
1143 522 1557 592 ἐπιστήσας,ὼς
1593 522 1692 593 ήδη
1716 523 1878 586 τινὲς,

289 618 669 694 προκόψαντες
720 621 777 670 ἐν
823 619 1054 689 ἀσκήσει
1102 617 1430 680 θεοσεϐείας,
1462 618 1518 668 ἐν
1559 615 1883 689 σωφροσύνῃ

283 730 350 766 τε
382 713 475 766 καὶ
498 713 689 783 ἁγνείᾳ
732 711 1138 781 διαλάμψαντες
1189 712 1417 781 μακροῖς
1460 709 1689 780 χρόνοίς,
1728 708 1882 761 ὓστε-

289 807 383 877 ρόν
411 822 538 858 ποτε
581 804 934 875 ύπεσύρησαν
977 802 1299 875 χαυνότερον
1331 801 1625 871 βιώσαντες
1652 802 1747 854 καὶ
1776 802 1883 853 ὀλιο

285 897 606 968 σθήσαντες,
642 898 674 967 ἢ
721 896 1000 960 παντελῶς
1029 895 1353 958 ἐκπεσόντες
1392 893 1485 947 τοῦ
1517 894 1744 955 σκοποῦ,
1786 895 1882 947 καὶ

280 986 477 1059 ῶσπερ
535 988 793 1056 ναυάγιον
841 987 1109 1049 παθόντες
1152 986 1261 1039 τῶν
1301 985 1467 1039 πάλαι
1524 986 1880 1057 συνηγμένων

280 1080 469 1142 αὐτοῖς
501 1078 721 1146 ἀγαθῶν
756 1078 1027 1150 πράξεων.
1071 1078 1287 1131 Τούτων
1332 1077 1441 1148 γὰρ
1466 1078 1565 1130 οὐκ
1607 1078 1673 1129 ἂν
1704 1078 1884 1147 ἀμάρ-

278 1188 400 1234 τοις
439 1169 610 1223 εἰπὼν
658 1170 786 1231 τοὺς
820 1169 985 1234 πόδας
1029 1169 1126 1239 τῆς
1177 1169 1353 1239 ψυχῆς
1390 1167 1778 1221 σεσαλεῦιςθαι⁸
1817 1169 1878 1221 ού

283 1264 398 1335 μὴν
425 1262 560 1316 ἀλλὰ
616 1264 711 1315 καὶ
764 1261 919 1325 ὅλους
976 1261 1349 1323 πεπτωκέναι,
1381 1260 1449 1313 τά
1479 1277 1538 1312 τε
1565 1259 1879 1330 διαδήματα

277 1356 464 1410 αὐτῶν
510 1355 605 1409 καὶ
657 1354 756 1418 τὰς
790 1354 933 1408 κατὰ
981 1354 1115 1407 Θεὸν
1174 1353 1400 1425 πορείας
1443 1353 1541 1422 τὴν
1586 1354 1642 1404 ἐν
1683 1350 1879 1423 μακρῷ

276 1448 463 1519 χρόνῳ
495 1447 775 1518 προκοπήν
807 1445 1145 1517 ἁπορῥεῦσαι
1176 1446 1269 1498 καὶ
1315 1444 1665 1515 ὲκκεχῦσθαι.
1720 1442 1878 1497 Ἀλλὰ

276 1538 459 1592 ταῦτα
492 1541 592 1609 μὲν
632 1538 785 1608 παρὰ
825 1538 1038 1609 μικρὸν,
1074 1537 1260 1607 φησὶν,
1304 1536 1525 1596 ἔπαθον,
1561 1538 1619 1589 ού
1650 1535 1753 1607 μὴν
1780 1534 1875 1587 πέρ

276 1630 458 1685 πονθα
483 1630 569 1685 διὰ
596 1630 767 1684 τὸτοῦ
801 1630 936 1683 Θεοῦ
974 1630 1137 1693 ἔλεος.
1168 1629 1314 1700 Πλὴν
1345 1628 1575 1699 ῆμελλόν
1611 1645 1672 1697 γε
1701 1627 1874 1681 ταῦτα

277 1722 519 1793 πάσχειν
548 1721 637 1775 διὰ
671 1722 831 1792 ζῆλον
873 1722 932 1774 ὃν
979 1721 1205 1792 ἐζήλουν
1230 1722 1323 1773 ἐπὶ
1345 1723 1457 1783 τοῖς
1488 1721 1708 1790 ἀνόμοις
1730 1719 1870 1790 ὁρῶν

1985 540 2153 593 scopo
2185 524 2507 589 defecerint,
2534 534 2587 580 et
2615 526 2771 595 quasi
2804 524 3153 596 naufragium
3184 525 3237 579 in
3261 525 3420 580 bonis
3446 526 3560 594 jam

1985 618 2232 673 Collectis
2266 620 2523 687 operibus
2578 618 2828 674 fecerint.
2872 617 2981 673 Hos
3024 619 3071 673 si
3105 619 3335 688 pedibus
3368 618 3564 673 animae

1984 719 2291 765 commotos
2321 711 2561 778 dixeris;
2604 712 2712 765 imo
2743 727 2872 766 vero
2918 711 2963 765 si
3001 711 3220 780 penitus
3253 712 3561 781 prolapsos,

1984 808 2148 869 atque
2208 818 2432 871 gressus
2479 817 2692 867 eorum,
2735 803 3167 871 diuturnumque
3226 802 3281 855 in
3334 804 3419 856 via
3468 802 3565 858 Dei

1983 891 2288 961 profectum
2328 893 2613 946 vacillasse
2660 899 2715 946 et
2751 892 2982 946 effusura
3018 908 3140 947 esse
3188 890 3562 957 allirmaveris,

1980 984 2299 1053 neutiquam
2336 986 2580 1040 aberres.
2625 982 2729 1039 Sed
2769 986 2903 1048 lucc,
2944 985 3138 1054 inquit,
3175 981 3285 1038 fere
3327 984 3563 1053 pertuli;

1980 1091 2082 1130 nec
2104 1078 2303 1146 pertuli
2328 1088 2505 1132 tamen
2541 1094 2637 1147 per
2675 1078 3110 1132 misericordiam
3146 1076 3261 1132 Dei.
3294 1078 3564 1132 Cancrum

1979 1170 2116 1221 tanti
2140 1169 2271 1222 mihi
2304 1170 2532 1240 periculi
2569 1171 2623 1223 in
2651 1185 2817 1224 causa
2855 1170 2956 1223 fuit
2993 1172 3141 1226 zelus
3168 1186 3277 1241 quo
3344 1162 3581 1241 iniquo-7

1980 1277 2101 1314 rutn
2138 1276 2305 1316 causa
2346 1262 2709 1326 accendebar,
2749 1262 2877 1315 dum
2911 1264 3151 1317 viderem
3191 1278 3381 1333 pacem
3414 1266 3576 1334 ipso-.

1980 1368 2126 1414 rum,
2165 1369 2380 1408 necnon
2409 1368 2597 1410 eorum
2632 1354 2686 1406 in
2717 1352 2947 1419 divitiis,
2979 1354 3283 1422 voluptate,
3314 1354 3564 1407 domina-

1978 1451 2060 1510 tu,
2097 1445 2456 1515 dignitatibus
2492 1448 2832 1506 felicitatem.
2883 1450 3009 1505 Ilzec
3048 1450 3352 1521 respiciens
3395 1446 3567 1501 disse-

1978 1538 2169 1602 cabar,
2235 1540 2308 1593 ita
2364 1551 2420 1596 ut
2468 1558 2605 1612 pene
2655 1544 2711 1597 in
2771 1543 2969 1614 impias
3037 1544 3146 1597 labi
3201 1541 3566 1612 cogitationes

1977 1628 2321 1699 periclitarer
2363 1651 2374 1687 :
2415 1633 2467 1686 iu
2502 1651 2640 1705 quas
2681 1644 2888 1699 tamen,
2924 1635 3090 1690 rectis
3121 1634 3368 1689 firmatus
3404 1632 3567 1686 iusti-

1978 1720 2135 1782 tutis,
2174 1721 2339 1777 Deum
2376 1725 2580 1780 bonum
2635 1729 2931 1798 patientem
2978 1735 3032 1782 et
3081 1727 3406 1782 tolerantem
3440 1739 3571 1780 esse

272 1815 380 1885 τὴν
413 1817 634 1888 εἰρήνην
662 1814 842 1868 αὐτῶν
875 1815 971 1868 καὶ
1010 1815 1108 1885 τὴν
1142 1816 1199 1866 ἐν
1230 1812 1445 1883 πλούτῳ
1472 1814 1566 1865 καὶ
1588 1815 1787 1884 τρυφῇ,
1816 1812 1873 1865 ἕν

1977 1816 2488 1881 commonentibus,
2548 1820 2866 1887 neutiquam
2922 1818 3122 1873 decidi.
3196 1815 3563 1883 Quamobrem

270 1928 335 1964 τε
368 1913 563 1983 ἀρχαῖς
593 1912 685 1965 καὶ
737 1911 1043 1981 ἀξιώμασιν
1079 1907 1398 1980 εὐημερίαν.
1430 1908 1525 1971 Εἰς
1567 1906 1738 1960 ταῦτα
1764 1905 1874 1977 γὰρ

272 2003 506 2075 ἀφορῶν
534 2002 878 2073 διεπριόμην,
900 2001 975 2063 ὡς
1001 1997 1198 2071 μικροῦ
1228 1998 1337 2051 δεῖν
1359 1996 1697 2050 κινδυνεῦσαι
1722 2012 1878 2067 περι-

270 2097 471 2146 πεσεῖν
503 2094 684 2157 ἀθέοις
708 2093 984 2163 λογισμοῖς
1005 2110 1017 2121 ’
1046 2086 1127 2156 οἷς
1156 2090 1216 2144 οὐ
1248 2089 1642 2160 περιπέπτωκα
1668 2088 1874 2158 δόγμα-

271 2202 365 2238 σιν
426 2185 607 2256 όρθοῖς
663 2185 1131 2255 θεραπευόμενος,
1195 2184 1307 2244 τοῖς
1369 2180 1876 2249 ύπομιμνήσκουσιν

271 2275 490 2343 ἀγαθὸν
512 2272 651 2328 εἴναι
688 2278 774 2329 τὸν
819 2274 949 2327 Θεὸν
988 2274 1081 2327 καὶ
1112 2270 1433 2335 ἀνεξίκακον
1472 2270 1565 2323 καὶ
1600 2269 1875 2341 μακρόθυ-

276 2386 404 2439 μον.
442 2369 642 2439 Διόπερ
664 2368 1100 2437 ἐκπληττόμενος
1131 2365 1294 2419 αὑτοῦ
1332 2364 1426 2418 καὶ
1471 2362 1875 2432 ἀποθαυμάζων

270 2458 376 2529 τὴν
412 2459 714 2531 ὑπερϐολὴν
746 2460 844 2528 τῆς
875 2457 1230 2525 ἀγαθότητος,
1266 2452 1419 2507 εἷπον
1450 2453 1749 2524 ἀρχόμενος
1780 2451 1873 2505 τοῦ

271 2551 444 2618 λόγου
468 2569 481 2583 υ
508 2553 603 2617 Ὠς
626 2550 847 2620 ἀγαθὸς
864 2549 943 2614 τῷ
975 2546 1222 2616 Ἰσραὴλ
1256 2550 1289 2599 o’
1322 2544 1489 2610 Θεὸς,
1522 2544 1646 2609 τοῖς
1668 2543 1872 2597 εὑθέσι

274 2641 349 2711 τῇ
374 2641 609 2709 καρδίῃ.
655 2640 800 2693 Ἀντὶ
827 2639 881 2691 δὲ
911 2637 1023 2692 τοῖν
1072 2638 1163 2702 Ὠς
1188 2635 1441 2706 ἀγαθὸς,
1470 2636 1498 2688 ό
1554 2634 1867 2705 Σύμμαχος

1977 1904 2403 1973 praecellentiam
2463 1908 2727 1965 bonitatis
2776 1910 2951 1979 ipsius
2987 1909 3289 1974 demirans,
3342 1922 3405 1962 ac
3447 1916 3566 1961 stu-

1979 2010 2134 2065 pens,
2163 1997 2241 2052 sic
2274 2014 2582 2055 sermonem
2609 2017 2771 2057 orsus
2804 2019 2923 2057 sum
2952 2021 2966 2058 :
3002 2002 3175 2068 Quam
3203 1999 3367 2054 bonus
3392 1996 3567 2052 lsrael

1982 2086 2146 2153 Deus,
2183 2092 2337 2145 rectis
2367 2092 2564 2147 corde!
2614 2092 2719 2147 Pro
2744 2095 2837 2148 illo
2878 2101 3059 2148 autem
3096 2112 3109 2148 :
3142 2092 3314 2159 Quam
3361 2090 3560 2152 bonus;

1981 2176 2344 2249 Symmachus
2376 2203 2388 2238 :
2417 2183 2577 2250 Sane,
2605 2186 2802 2256 inquit,
2844 2203 2957 2240 vere
2986 2185 3150 2243 bonus
3178 2185 3317 2238 Deus
3345 2182 3561 2250 Israeli,

1976 2275 2123 2341 puris
2162 2276 2338 2330 corde.
2382 2275 2520 2342 Quis
2558 2293 2688 2332 vero
2718 2286 2865 2335 esset
2900 2280 3065 2335 lsrael
3090 2279 3176 2335 his
3204 2278 3403 2333 additis
3438 2293 3565 2334 ver-

1977 2367 2063 2421 bis
2114 2368 2437 2430 declaravit,
2467 2372 2615 2438 puris
2659 2373 2834 2426 corde.
2871 2371 2947 2426 llli
2985 2387 3221 2441 namque
3244 2387 3369 2426 vere
3395 2370 3563 2426 lsrael

1979 2458 2138 2518 sunt;
2175 2469 2347 2523 quare
2381 2469 2409 2507 a
2439 2453 2731 2511 Servatore
2755 2472 2974 2525 quoque
3000 2456 3207 2509 dictum
3242 2463 3327 2509 est
3357 2472 3370 2508 :
3408 2452 3564 2508 Beati

1976 2544 2172 2598 mundo
2225 2546 2402 2610 corde,
2456 2548 2705 2618 quoniam
2738 2550 2841 2618 ipsi
2878 2548 3043 2602 Deum
3073 2547 3381 2603 videbunt”
3419 2564 3434 2601 :
3482 2544 3564 2602 ls-

1977 2635 2091 2691 rael
2118 2647 2297 2694 autem
2317 2638 2493 2693 videns
2527 2638 2694 2693 Deum
2718 2641 3040 2710 explicatur.

275 2734 461 2801 Πλὴν
530 2733 735 2799 ὅντως,
777 2732 962 2803 φησὶν,
1012 2728 1237 2800 ἀγαθὸς
1278 2731 1309 2781 d
1352 2726 1498 2793 Θεὸς
1540 2726 1619 2793 τῷ
1657 2726 1917 2795 Ἰσραὴλ,
1958 2729 2084 2795 τοῖς
2114 2730 2397 2799 καθαροῖς
2432 2730 2547 2798 τὴν
2563 2732 2835 2800 καρδίαν.
2870 2734 3191 2805 Παρέστησε
3224 2740 3334 2805 γάρ
3356 2731 3440 2797 τίς
3474 2729 3562 2805 εἴη

274 2829 303 2879 ό
342 2826 588 2897 Ἰσραὴλ,
612 2823 949 2893 ἐπισυνάψας
972 2820 1065 2875 καὶ
1090 2819 1283 2881 εἰπὼν,
1314 2818 1438 2885 τοῖς
1506 2818 1789 2886 καθαροῖς
1813 2818 1929 2885 τὴν
1968 2820 2240 2889 καρδίαν.
2297 2819 2457 2877 Οὗτοι
2497 2826 2606 2896 γάρ
2643 2825 2782 2877 εἰσιν
2825 2828 2852 2877 ό
2896 2824 3147 2894 ἀληθινὸς
3208 2823 3454 2897 Ἰσραήλ⁹
3483 2822 3563 2876 διὸ

276 2917 504 2993 ἐλέγετο
532 2917 627 2971 καὶ
652 2915 757 2969 ὑπὸ
783 2914 875 2967 τοῦ
912 2912 1198 2982 Σωτῆρος’
1229 2909 1519 2977 Μακάριοι
1576 2913 1631 2963 oi
1685 2910 1931 2978 καθαροὶ
1964 2910 2037 2980 τῇ
2086 2913 2319 2981 καρδίᾳ,
2375 2914 2465 2967 ὄτι
2526 2919 2693 2971 αὐτοὶ
2734 2918 2843 2971 τὸν
2894 2916 3044 2969 Θεὸν
3090 2916 3374 2984 (iiber-mw
3416 2915 3564 2973 καὶὸ

290 3011 516 3083 Ἰσραὴλ
541 3010 595 3062 δὲ
628 3007 785 3076 ὀρῶν
819 3008 927 3060 τὸν
961 3006 1110 3059 Θεὸν
1139 3003 1518 3075 ἑρμηνεύεται.

348 3126 477 3178 Ὅτι
499 3126 609 3177 οὐκ
633 3123 803 3177 ἔστιν
838 3120 1169 3185 ἁνάνευσις
1206 3119 1275 3171 ἐν
1294 3116 1373 3183 τῷ
1395 3116 1629 3180 θανάτῳ
1648 3116 1867 3183 αὐτῶν,

2052 3118 2362 3183 Venari-9.
2385 3117 2527 3185 Quia
2557 3136 2658 3173 non
2687 3128 2766 3172 est
2794 3126 3057 3188 respectus
3090 3116 3248 3170 morti
3277 3132 3481 3180 eorum,
3512 3124 3563 3171 et

277 3219 381 3271 καὶ
419 3215 724 3284 στερέωμα
768 3215 838 3266 ἐν
877 3213 952 3282 τῇ
988 3211 1236 3282 μάστιγι
1275 3206 1492 3263 αὐτῶν.
1543 3210 1637 3263 Ἐν
1666 3210 1877 3275 κόποις

261 3306 611 3376 .drﬂpcbrzwr
642 3308 751 3360 οὐκ
802 3306 944 3371 εἰσὶ,
974 3305 1069 3359 καὶ
1106 3304 1256 3373 μετὰ
1303 3300 1630 3367 ἀνθρώπων
1664 3304 1736 3355 οὐ
1762 3318 1875 3370 μα-

276 3394 777 3465 στιγωθήσονται.
836 3394 938 3447 Διὰ
968 3393 1142 3446 τοῦτο
1198 3393 1533 3462 ἐκράτησεν
1572 3392 1795 3458 αὐτοὺς
1834 3392 1871 3458 ἠ

276 3486 666 3555 ὑπερηφανία
716 3488 803 3551 εις
846 3484 1039 3549 τέλος.
1090 3483 1177 3545 Ὠς
1209 3484 1266 3536 ἐν
1303 3484 1513 3555 ἱστορίᾳ
1542 3482 1874 3553 διεξέρχεται

278 3580 344 3636 τὰ
382 3577 695 3650 ταράξαντα
727 3575 893 3630 αὐτοῦ
927 3577 1025 3646 τὴν
1053 3575 1249 3647 ψυχὴν,
1288 3576 1375 3630 ἵνα
1407 3576 1646 3646 γνῶμεν,
1684 3578 1766 3629 ὅτι
1798 3574 1874 3646 μὴ

278 3674 379 3727 ἐπὶ
406 3675 622 3743 μικροῖς
644 3670 1011 3740 ἐσαλεύθησαν
1041 3668 1207 3722 αὐτοῦ
1243 3669 1291 3721 οἱ
1322 3668 1479 3733 πόδες
1507 3671 1633 3739 παρ’
1659 3668 1837 3735 ὀλίγον
1856 3684 1868 3696 ·

283 3765 424 3836 μηδὲ
467 3764 559 3816 ἐπὶ
579 3766 690 3826 τοῖς
723 3761 977 3831 τυχοῦσιν
1007 3758 1238 3830 ήμελλον
1270 3758 1462 3812 ἑαυτοῦ
1493 3758 1771 3828 ἐκχεῖσθαι
1804 3756 1874 3809 τὰ

278 3857 619 3927 διαδήματα.
664 3854 799 3907 Τίνα
828 3853 885 3905 δὲ
918 3848 1218 3923 ἧνταῦτα;
1254 3852 1316 3903 Οἱ
1364 3851 1579 3913 ἀσεϐεῖς
1630 3851 1724 3903 καὶ
1784 3849 1874 3902 τὸν

280 3947 419 4002 Θεὸν
448 3947 547 4000 οὐκ
578 3945 799 4008 εἰδότες,
830 3943 994 4005 οὕτω,
1030 3943 1216 4012 φησὶν,
1242 3943 1299 3996 ἐν
1330 3941 1618 4013 εὐσταθείᾳ
1648 3941 1763 4011 βίου
1777 3941 1873 3993 καὶ

280 4038 578 4111 θυμηδίαις
624 4037 849 4107 διῆγον,
910 4034 1005 4087 καὶ
1069 4032 1261 4103 μέχρις
1314 4032 1549 4103 ἐσχάτης
1615 4029 1873 4098 τελευτῆς

279 4129 555 4201 τοσαύτης
593 4127 873 4198 ἀπήλαυον
917 4126 1151 4198 τρυφῆς,
1182 4125 1258 4188 ὡς
1290 4126 1384 4179 mi.
1426 4122 1585 4176 πάνθ’
1632 4120 1873 4175 ὁντινοῦν

281 4222 546 4289 εὔξασθαι
572 4218 680 4273 τῶν
704 4219 833 4272 ἰσων
863 4218 1046 4280 αὐτοῖς
1077 4219 1279 4287 τυχεῖν,
1319 4213 1559 4287 ζηλῶταί
1593 4230 1652 4266 τε
1695 4212 1873 4266 αὐτῶν

282 4316 341 4369 οὺ
384 4313 544 4385 μόνον
598 4312 697 4382 τὴν
730 4310 894 4381 ζωὴν,
920 4308 1056 4363 ἀλλὰ
1084 4309 1176 4362 καὶ
1222 4306 1314 4359 τὸν
1356 4305 1607 4368 θάνατον,
1649 4304 1709 4356 ὃν
1750 4304 1871 4356 οὐδὲ

283 4404 726 4477 παραιτήσασθαι
743 4404 867 4474 ἐξῆν
889 4402 1009 4455 οὐδὲ
1025 4400 1297 4454 ἀπευκτὸν
1325 4395 1656 4469 ἡγήσασθαι.
1686 4395 1873 4459 Οῦτως

284 4500 387 4553 οὐκ
421 4493 489 4568 ἦν
546 4497 833 4558 άνάνευσις
868 4495 923 4547 ἐν
970 4492 1047 4563 τῷ
1079 4492 1292 4562 θανάτῳ
1327 4491 1526 4544 αὐτῶν.
1571 4489 1732 4542 Ἀλλὰ
1777 4490 1872 4542 καὶ
1906 4486 1949 4540 D

284 4595 331 4647 ει
368 4590 567 4661 συνέϐη
627 4589 756 4642 ποτέ
810 4589 1033 4659 μάστιγι
1066 4585 1159 4639 καὶ
1194 4584 1397 4655 πληγῇ,
1426 4582 1673 4636 τουτέστι
1714 4599 1870 4653 περι-

288 4685 475 4739 στάσει
521 4682 615 4735 καῖ
665 4682 919 4751 συμφορᾷ
961 4680 1276 4751 περιπεσεῖν
1315 4675 1494 4729 αὐτῶν
1549 4693 1691 4738 τινα,
1741 4668 1782 4743 ἢ
1815 4674 1873 4726 ἐν

286 4780 462 4840 νόσοις
495 4774 848 4843 ἐξετασθῆναι
878 4773 973 4825 καὶ
995 4770 1238 4843 ζημίαις,
1264 4770 1364 4823 οὐκ
1392 4765 1459 4840 ἦν
1498 4768 1783 4839 στερέωμα
1816 4769 1873 4819 ἐν

284 4874 351 4943 τῇ
384 4872 608 4941 μάστιγι
637 4867 837 4921 αὐτῶν.
876 4866 950 4917 Ut)
976 4864 1083 4934 γὰρ
1115 4863 1311 4933 στερεά
1344 4879 1426 4924 τις
1457 4856 1524 4931 ἦν
1548 4861 1641 4913 καὶ
1677 4860 1871 4929 ἐπίμο-

289 4979 374 5026 νος
395 4963 430 5033 ἡ
465 4962 583 5015 κατ’
619 4957 799 5014 αὐτῶν
829 4956 1008 5027 πληγή
1034 4972 1046 4984 ⁸
1083 4954 1305 5025 βραχεῖα
1332 4952 1389 5005 δέ
1410 4970 1491 5015 τις
1532 4952 1627 5005 καὶ
1660 4949 1719 5014 ἐξ
1751 4953 1871 5002 ἐπι-

290 5053 458 5123 πολῆς
486 5050 930 5124 παρατρέχουσα.
976 5046 1109 5100 Οὐδὲ
1141 5046 1199 5097 ἐν
1231 5044 1420 5105 κόποις
1458 5043 1514 5094 δὲ
1568 5039 1872 5113 ἀνθρώπων

293 5142 631 5216 ἐξητάζοντο,
660 5138 1063 5211 γεωπονοῦντες
1093 5137 1188 5189 καὶ
1207 5134 1303 5205 τὴν
1323 5132 1526 5204 τροφὴν
1548 5134 1655 5185 ἀπὸ
1675 5132 1872 5203 χειρῶν

291 5236 655 5309 ποριζόμενοι,
706 5231 865 5303 πενίᾳ
910 5246 970 5284 τε
1019 5227 1512 5300 κατατρυχόμενοι·
1565 5225 1872 5278 τούναντίον

292 5328 344 5383 δὲ
368 5328 582 5399 πλούτῳ
597 5325 1014 5397 περιρῥεόμενοι
1033 5316 1452 5391 καθηδυπάθουν
1474 5316 1867 5388 ἐντρυφῶντες,

290 5422 382 5475 καὶ
411 5420 574 5493 μηδὲν
603 5421 786 5489 ὅμοιον
824 5415 1120 5486 πάσχοντες
1151 5414 1264 5475 τοῖς
1308 5410 1511 5473 λοιποῖς
1565 5409 1869 5481 ἀνθρώποις

289 5515 397 5575 τοῖς
428 5508 839 5581 μαστιζομένοις
871 5504 1108 5574 ἑκάστης
1152 5502 1365 5572 ἡμέρας
1396 5500 1461 5553 δι’
1485 5500 1742 5554 ἐπιπόνου
1778 5504 1872 5556 καὶ

294 5602 564 5675 μοχθηροῦ
611 5601 747 5669 βίου.
799 5597 896 5652 Διὸ
923 5597 992 5651 ὲν
1030 5595 1193 5658 κόπῳ
1222 5590 1546 5660 ἀνθρώπων
1582 5594 1693 5646 οὐκ
1727 5594 1868 5654 eici,

350 5762 393 5795 "
427 5762 618 5819 Matth.
653 5779 703 5832 ν,
736 5762 791 5817 8.

1978 3214 2369 3283 ﬁrmamentum
2403 3213 2457 3266 in
2488 3212 2649 3283 plaga
2683 3214 2942 3282 ipsorum.
2977 3208 3044 3264 In
3076 3208 3350 3264 laboribus
3388 3207 3562 3262 homi-

1978 3323 2102 3359 num
2137 3323 2239 3359 non
2269 3315 2391 3359 sunt
2423 3314 2473 3358 et
2509 3321 2627 3358 cum
2654 3304 2953 3358 hominibus
2991 3320 3094 3356 non
3125 3299 3561 3371 ﬂagellabumur.

1979 3395 2106 3450 Ideo
2132 3398 2296 3449 tenuit
2318 3412 2403 3449 eos
2430 3394 2676 3463 superbia
2700 3396 2753 3447 in
2779 3394 2958 3462 finem.
2995 3390 3245 3446 Historia:
3277 3405 3426 3445 more
3444 3403 3564 3459 quae

1977 3487 2217 3541 animam
2269 3487 2493 3541 turbant
2540 3500 2696 3540 suam
2752 3492 2997 3549 enarrat,
3052 3492 3110 3537 ut
3159 3483 3402 3537 sciamus
3453 3496 3563 3535 non

1977 3595 2146 3651 parva
2178 3580 2245 3635 de
2278 3594 2447 3633 causa
2480 3593 2617 3647 pene
2651 3585 2958 3631 commotus
3004 3575 3125 3645 ejus
3161 3576 3348 3646 pedes,
3384 3588 3562 3643 neque

1976 3674 2048 3728 ob
2081 3688 2171 3727 res
2199 3672 2349 3741 parvi
2387 3672 2651 3726 momenti
2705 3685 2843 3740 pene
2893 3668 3094 3724 effusos
3125 3681 3350 3739 gressus
3386 3666 3562 3735 ipsius

1977 3764 2170 3821 fuisse.
2224 3765 2486 3830 Quaenam
2541 3764 2632 3817 illa
2685 3763 2883 3818 erant?
2920 3762 3099 3831 impii,
3153 3759 3351 3829 inquit,
3382 3766 3435 3813 et
3467 3758 3563 3828 qui

1978 3858 2148 3912 Deum
2179 3872 2289 3911 non
2321 3862 2541 3919 norant,
2574 3863 2687 3908 tam
2728 3854 2874 3909 felici
2909 3854 3031 3907 vita:
3062 3851 3319 3917 decursu,
3381 3858 3562 3918 tanta-

1976 3963 2084 4017 que
2142 3947 2422 4016 voluptate
2459 3944 2754 4014 degebant,
2818 3953 2871 3999 et
2908 3958 3083 4014 usque
3130 3941 3198 3996 ad
3253 3949 3562 3996 extremum

1974 4041 2101 4096 vitae
2149 4039 2379 4093 halitum
2434 4046 2513 4091 tot
2557 4036 2769 4092 deliciis
2793 4035 3138 4099 fruebantur,
3166 4041 3225 4088 ut
3256 4048 3416 4089 nemo
3446 4048 3556 4087 non

1976 4138 2189 4201 optaret
2234 4131 2385 4194 paria
2423 4130 2709 4199 consequi,
2740 4144 2803 4183 ac
2834 4143 2941 4182 non
2973 4127 3149 4181 solum
3184 4125 3306 4180 vita:
3338 4140 3558 4189 eorum,

1976 4222 2072 4278 sed
2108 4223 2274 4277 etiam
2327 4221 2488 4277 morti
2541 4221 2833 4285 invideret,
2900 4221 2995 4274 tali
3042 4220 3273 4283 scilicet,
3337 4216 3556 4288 qualem

1976 4316 2218 4371 abnuere
2248 4329 2311 4368 ac
2344 4314 2673 4369 horrendam
2720 4322 2914 4384 putare
2940 4310 3146 4367 nemini
3196 4311 3404 4365 liceret.
3466 4305 3558 4362 Sic

1976 4424 2086 4462 non
2134 4416 2256 4462 erat
2304 4415 2591 4478 respectus
2647 4405 2809 4460 morti
2865 4419 3075 4459 eorum.
3143 4399 3251 4457 Sed
3311 4402 3476 4456 etiam
3510 4399 3558 4455 si

1975 4500 2197 4569 quando
2227 4501 2571 4569 contingeret
2604 4513 2799 4553 eorum
2830 4497 3068 4565 aliquem
3127 4494 3180 4548 in
3238 4493 3448 4562 plagam
3506 4498 3561 4546 et

1980 4592 2278 4664 flagellum,
2315 4592 2570 4647 videlicet
2598 4592 2651 4644 in
2676 4604 2975 4644 {erumnam
3001 4596 3053 4641 et
3078 4586 3443 4642 calamitatem
3478 4584 3560 4637 iu-

1977 4682 2192 4748 cidere;
2230 4685 2344 4737 sive
2377 4682 2567 4735 morbo
2602 4680 2739 4733 allici
2770 4679 2854 4732 vel
2884 4677 3236 4737 detrimento,
3284 4690 3391 4729 non
3444 4684 3560 4728 erat

1977 4773 2381 4827 firmamentum
2434 4773 2486 4826 iu
2549 4772 2705 4842 plaga
2762 4770 3027 4840 ipsorum.
3067 4766 3185 4821 Non
3220 4768 3361 4821 enim
3398 4765 3557 4819 firma

1977 4880 2418 4936 permanensque
2449 4864 2576 4918 talis
2613 4863 2859 4934 ipsorum
2884 4861 3039 4931 plrga
3069 4866 3217 4925 erat;
3260 4858 3351 4913 sed
3378 4856 3559 4912 brevis

1977 4958 2436 5029 superficiemque
2477 4956 2708 5027 carptim
2750 4956 3044 5025 attingens.
3075 4953 3262 5024 Neque
3311 4952 3441 5007 item
3502 4950 3559 5006 in

1975 5051 2259 5106 laboribus
2313 5050 2595 5103 hominum
2643 5048 3025 5112 versabantur,
3056 5053 3259 5101 terram
3305 5043 3557 5111 colendo,

1975 5144 2061 5199 vel
2102 5143 2359 5198 manibus
2386 5143 2592 5196 victum
2627 5140 2905 5210 parando;
2948 5156 3056 5193 non
3082 5138 3342 5209 pauperie
3373 5136 3558 5191 afﬂicti

1975 5245 2167 5303 erant;
2194 5251 2380 5291 verum
2407 5250 2438 5290 e
2478 5234 2757 5289 contrario
2788 5233 2993 5303 divitiis
3033 5232 3337 5292 allluentcs,
3376 5229 3429 5283 in
3464 5228 3560 5283 de-

1975 5330 2135 5385 licias
2168 5328 2652 5399 immergebantur,
2684 5326 2932 5396 nihilque
2960 5323 3314 5395 patiebantur
3342 5330 3402 5375 ut
3434 5320 3559 5373 reli-

1975 5421 2069 5492 qui
2092 5420 2363 5485 homines,
2396 5420 2488 5490 qui
2528 5418 2772 5490 quotidie
2824 5417 3097 5472 laboriosa
3139 5424 3560 5480 atrumnosaque

1974 5510 2083 5564 vita
2142 5517 2509 5565 macerantur.
2572 5509 2753 5574 Quare
2801 5509 2855 5561 in
2919 5506 3097 5561 labore
3145 5504 3417 5559 hominum
3454 5516 3558 5554 non

1973 5612 2119 5669 sunt,
2149 5610 2197 5655 et
2222 5618 2339 5655 cum
2362 5600 2659 5655 hominibus
2694 5617 2795 5656 non
2830 5598 3265 5669 ﬂagellabantur.
3306 5592 3561 5666 Symma-
