4068 6510
327 296 428 357 υιι

1460 298 1975 361 'COMMENTARIA
2002 296 2072 360 ΙΝ
2107 299 2448 364 PSALMOS.

3476 305 3582 362 85%

330 422 419 475 τὸν
464 423 660 475 οἰκεῖον
698 422 883 492 χρόνον
928 424 1026 493 τῆς
1069 422 1214 494 ζωῆς
1256 423 1689 494 αποπληροῦσαι.
1754 425 1893 478 Οὕτιι

2015 445 2130 481 rum
2156 427 2193 480 ⁸.
2229 427 2377 482 Meus
2402 443 2531 497 ergo
2556 427 2788 497 populus
2822 426 2891 479 ab
2923 424 2990 479 iis
3021 422 3309 478 utilitatem
3343 422 3577 492 accepit.

326 514 571 568 λέῖεκταξ
616 532 740 578 που,
786 515 865 567 ὅτι
918 514 1227 583 ’Βκοιμήθιι
1263 514 1499 583 πλήρης
1540 515 1793 583 ἡμερῶν.
1848 517 1905 569 Ὀ

330 606 425 676 μὲν
470 602 565 658 οὖν
616 606 746 675 ἐμὸς
790 606 916 670 λαὸς
952 608 1016 659 ἐκ
1046 606 1255 660 τούτων
1294 606 1598 677 ὠφέληται·
1628 608 1683 661 οἵ
1706 624 1769 675 γε
1798 609 1905 679 μὴν

326 697 713 768 προλεχθέντες
743 697 960 760 ἀσεϐεῖς
1010 696 1105 750 καὶ
1144 696 1293 750 ἄθεοι
1319 696 1492 761 οὕτως
1529 698 1779 768 ἡσέὸουν,
1824 700 1905 764 ὡς

326 788 451 850 τοὺς
473 788 713 858 ὁρῶντας
764 788 1064 859 ἀμηχανεῖν
1107 788 1201 840 καὶ
1250 788 1456 857 λέγειν·
1494 789 1625 855 Πῶς
1676 790 1827 860 ἔγνω
1871 796 1905 845 ό

326 876 489 942 θεὸς,
541 878 638 931 καὶ
670 880 723 931 εἱ
755 879 887 931 ἐστι
924 877 1149 947 γνῶσις
1184 877 1357 943 ἐντῷ
1392 879 1677 948 ’Υψίστῳ;
1713 883 1761 934 εί
1796 882 1904 954 γάρ

324 971 471 1022 ἐστιν
500 972 558 1023 ἐν
603 970 682 1041 τῷ
739 971 981 1042 Ὑψίστῳ
1018 970 1239 1039 γνῶσις,
1290 972 1385 1026 καὶ
1420 974 1469 1025 εἰ
1495 973 1664 1026 ταῦτα
1709 977 1901 1046 ἐφορᾷ,

324 1060 419 1114 καὶ
479 1062 605 1124 τοὺς
655 1062 749 1115 ἐπὶ
800 1063 905 1132 γῆς
953 1064 1261 1128 ἐπισκοπεῖ,
1311 1064 1429 1127 πῶς
1483 1056 1629 1117 οὗτοι
1678 1065 1902 1119 τοιαῦτα

320 1146 553 1217 δρῶντες
608 1148 948 1218 εὐθηνοῦσιν,
1000 1150 1094 1203 καὶ
1147 1152 1228 1214 είς
1272 1152 1367 1205 τὸν
1409 1153 1581 1206 αίῶνα
1638 1155 1903 1225 κατέσχον

320 1237 583 1304 πλούτου;
612 1239 782 1308 Κάγὼ
820 1240 898 1304 δὲ,
918 1240 1090 1294 ταῦτα
1119 1241 1360 1313 θεωρῶν,
1385 1242 1760 1316 ἐθορυϐούμην
1790 1249 1903 1309 τοῖς

321 1328 618 1400 λογισμοῖς,
662 1328 741 1394 ῶς
780 1332 916 1403 πρὸς
957 1332 1196 1402 ἐμαυτὸν
1235 1334 1469 1387 ἐννοεῖν’
1505 1334 1750 1400 Μήποτε
1785 1336 1901 1406 ἆρα

313 1425 580 1491 ματαίως
604 1423 926 1479 ἐδικαίωσα
960 1425 1078 1493 τὴν
1125 1419 1376 1494 καρδίαν
1394 1444 1534 1495 μου,
1565 1428 1661 1480 καὶ
1692 1428 1900 1496 ἐνιψά-

312 1532 441 1582 μην
466 1515 537 1568 ἐν
568 1515 778 1581 ἀθώοις
798 1515 904 1582 τὰς
924 1516 1126 1585 χεῖράς
1143 1536 1264 1587 μου
1288 1558 1302 1580 ,
1339 1518 1436 1572 καὶ
1467 1518 1763 1589 ἐγενόμην
1796 1537 1899 1589 με·-

313 1608 766 1677 μαστιγωμένος
805 1607 959 1677 ὅλην
1009 1608 1128 1677 τὴν
1159 1610 1407 1678 ἡμέραν,
1452 1610 1549 1663 καί
1590 1614 1624 1664 ό
1647 1611 1898 1680 ἔλεγχός

307 1716 432 1765 μου
471 1702 558 1766 εἷς
622 1699 728 1765 τὰς
774 1702 1034 1767 πρωταςϐ
1064 1702 1127 1755 Εἰ
1169 1700 1280 1774 γὰρ
1313 1704 1424 1765 τοῖς
1477 1702 1551 1774 μὴ
1592 1701 1765 1756 ταῦτα
1799 1714 1898 1754 πε-

2013 519 2095 573 llli
2139 527 2268 573 v’ero
2303 520 2546 589 praedicti
2592 520 2742 588 impii
2775 528 2829 572 et
2854 518 2999 571 athei
3031 532 3098 571 eo
3130 530 3303 584 usque
3332 513 3583 582 impieta-

2008 612 2083 665 tis
2115 618 2505 681 proruperunt,
2558 616 2614 663 ut
2657 610 2750 679 qui
2802 608 3058 663 videbant
3092 613 3315 676 stupore
3341 603 3582 674 perculsi

2012 700 2257 755 dicerent
2299 721 2311 755 :
2359 701 2636 767 Quomodo
2667 701 2764 754 scit
2800 699 2958 759 Deus,
3006 707 3055 752 et
3089 699 3135 751 si
3164 706 3241 751 est
3273 693 3498 751 scientia
3526 696 3582 747 in

2011 790 2331 847 Altissimo?
2382 790 2517 845 Nam
2562 793 2606 847 si
2652 792 2707 845 in
2738 791 3025 845 Altissimo
3054 789 3280 844 scientia
3325 789 3579 848 exsistat,

2011 884 2167 953 isque
2211 885 2341 938 talia
2372 885 2577 950 videat,
2630 885 3045 953 terrigenasque
3088 888 3264 944 curet,
3300 893 3471 949 quare
3500 878 3581 931 illi

2004 977 2140 1029 talia
2178 977 2406 1033 edentes
2440 978 2682 1031 facinora
2707 992 2969 1046 prospere
2994 983 3182 1045 agunt,
3208 982 3263 1029 et
3301 974 3354 1027 in
3402 986 3579 1027 saecu-

2010 1066 2119 1118 lum
2157 1082 2331 1135 usque
2364 1066 2585 1121 divitias
2611 1066 2899 1121 obtinent?
2922 1064 3046 1119 Haec
3068 1080 3198 1119 vero
3230 1061 3581 1131 conspicatus

2006 1172 2130 1227 ego,
2152 1157 2579 1227 cogitationibus
2609 1158 2896 1220 turbabar,
2932 1157 3006 1210 ita
3040 1162 3116 1207 ‘ut
3151 1167 3316 1224 penes
3370 1166 3458 1205 me
3486 1165 3581 1205 co-

2006 1251 2258 1318 gitarem,
2292 1248 2564 1319 Numquid
2599 1250 2714 1303 sine
2739 1266 2900 1303 causa
2924 1248 3219 1317 justiﬁcavi
3264 1262 3356 1300 cor
3385 1261 3576 1306 meum,

2004 1349 2054 1392 et
2080 1339 2181 1391 favi
2212 1338 2347 1393 inter
2376 1341 2674 1394 innocentes
2718 1355 2904 1392 manus
2949 1355 3126 1403 meas,
3177 1347 3223 1390 et
3277 1337 3357 1404 fui
3402 1336 3581 1405 ﬂagel-

2008 1431 2151 1485 latus
2194 1442 2305 1485 tota
2334 1433 2444 1495 die,
2484 1444 2534 1486 et
2564 1434 2847 1503 castigatio
2896 1450 3011 1487 mea
3040 1434 3097 1485 in
3143 1433 3418 1484 matutinis
3442 1432 3466 1481 ?
3520 1429 3580 1483 Si

2004 1524 2151 1578 enim
2187 1524 2256 1580 iis
2289 1526 2382 1595 qui
2413 1526 2526 1580 huic
2551 1527 2774 1580 minime
2797 1534 3063 1596 peragunt
3100 1533 3250 1579 tanta
3283 1524 3415 1578 insit
3450 1539 3578 1593 pro—

2005 1616 2265 1685 speritas,
2324 1618 2378 1671 in
2420 1632 2620 1672 vanum
2648 1633 2776 1687 ergo
2800 1618 3009 1679 laboro,
3043 1613 3319 1685 superﬂue
3350 1613 3583 1683 iustitia:

2009 1708 2226 1771 studeo,
2270 1707 2475 1765 frustra
2528 1716 2583 1764 et
2606 1709 2890 1765 incassum
2932 1722 3128 1762 manus
3155 1714 3211 1762 et
3236 1713 3393 1761 actus
3428 1720 3581 1758 meos

313 1790 568 1861 ποιηκόσι
626 1791 859 1862 τοσαύτη
908 1792 1173 1864 πάρεστιν
1219 1793 1490 1864 εὐθυμία,
1543 1796 1624 1858 είς
1674 1795 1893 1865 μάταιον

2004 1800 2209 1872 iniquis
2240 1802 2500 1870 eperibus
2530 1816 2700 1871 puros
2737 1801 2988 1864 servavi;
3026 1799 3230 1853 frustra
3263 1797 3493 1867 jeiuniis
3525 1804 3580 1851 et

310 1878 424 1950 ἄρα
456 1878 566 1949 ἐγὼ
595 1880 791 1945 κοπιῶ,
812 1882 904 1935 καὶ
923 1883 1195 1954 περιττῶς
1210 1884 1526 1938 ἐσπούδακα
1550 1886 1899 1957 δικαιοσύνης

312 1973 731 2045 ἐπιμελόμενος·
752 1977 881 2047 εἰκῆ
905 1976 961 2029 δὲ
980 1977 1074 2029 καὶ
1088 1976 1263 2047 μάτην
1277 1977 1518 2046 ἐφύλαξα
1541 1995 1641 2049 μου
1658 1979 1755 2042 τὰς
1784 1981 1898 2050 χεῖρ-

310 2079 419 2132 ρας
431 2063 629 2127 καὶτὰς
641 2063 867 2137 πράξεις
879 2064 937 2130 ἐξ
956 2064 1155 2119 ἀδίκων
1172 2065 1365 2138 ἔργων’
1384 2067 1508 2137 εἰκῆ
1522 2069 1613 2121 καὶ
1627 2070 1898 2139 νηστείαις

304 2154 409 2205 καὶ
439 2156 831 2220 κακοπαθείαις
855 2155 1210 2228 κατατρύχων
1242 2160 1476 2231 ἐμαυτὸν
1503 2160 1595 2212 καὶ
1621 2161 1896 2231 μαστίζων

299 2245 493 2298 πᾶσαν
541 2246 755 2318 ἡμέραν
809 2248 1114 2301 διετέλεσα*
1164 2250 1286 2319 είκῆ
1320 2251 1413 2302 καὶ
1445 2251 1620 2321 μάτην
1644 2252 1889 2315 ἐπόνουν,

299 2334 428 2406 ἅμα
459 2339 524 2408 τῇ
558 2338 633 2409 ἕῳ
648 2340 1002 2411 ἀνιστάμενος
1029 2341 1121 2393 καὶ
1146 2342 1486 2411 ἐξαγορεύων
1516 2345 1574 2395 ἐν
1603 2346 1721 2406 ταῖς
1757 2346 1893 2415 πρὸς

297 2428 399 2479 τὸν
428 2428 564 2483 Θεὸν
590 2431 776 2501 εὐχαῖς
797 2432 895 2495 τὰς
920 2432 1156 2504 ἐμαυτοῦ
1181 2434 1459 2505 ἁμαρτίας
1489 2433 1893 2505 άποκλαόμενός

296 2535 364 2572 τε
418 2522 512 2574 καὶ⁵
554 2524 681 2586 τοὺς
740 2527 861 2577 κατ’
912 2525 1153 2596 ἐμαυτοῦ
1209 2526 1504 2597 προφέρων
1550 2526 1806 2597 ἐλέγχους
1834 2529 1891 2580 ἐν

296 2615 424 2677 ταῖς
459 2616 596 2685 πρὸς
620 2615 711 2669 τὸν
740 2616 871 2669 Θεὸν
902 2617 1347 2691 ἐξομολογήσεσι.
1380 2617 1547 2672 Ταῦτ’
1566 2615 1635 2690 ἦν
1666 2619 1703 2673 ἃ
1735 2618 1890 2673 ἐνθυ-

301 2705 599 2776 μούμενος,
624 2709 775 2779 παρὰ
812 2710 1006 2783 μικρὸν
1040 2710 1401 2782 ἐσαλευόμην.
1442 2711 1588 2764 Ἀντὶ
1607 2712 1665 2765 δὲ
1683 2711 1889 2766 τούτων

2006 1895 2269 1947 arumnis
2299 1908 2385 1946 me
2413 1891 2659 1963 quotidie
2687 1890 2953 1962 ﬂagellavi
2975 1899 3029 1945 et
3060 1889 3363 1954 maceravi;
3397 1888 3582 1942 incas-

2006 2000 2129 2040 sum
2157 1984 2424 2049 lahoravi,
2450 1999 2575 2038 cum
2598 1999 2799 2038 aurora
2827 1999 3058 2053 surgens
3075 1993 3127 2036 et
3154 1982 3210 2036 in
3237 1980 3579 2035 orationibus

1979 2074 2143 2143 .meis
2174 2083 2397 2144 peccata
2439 2090 2557 2129 mea
2586 2074 2857 2129 conﬁtens
2886 2088 2949 2126 ac
2987 2072 3299 2141 deplorans,
3327 2079 3490 2139 atque
3520 2069 3577 2123 in

2002 2165 2450 2222 confessionibus
2472 2166 2582 2222 Deo
2612 2167 2831 2221 emissis
2879 2164 3260 2219 accusationes
3286 2162 3577 2216 adversum

1999 2272 2086 2312 me
2114 2255 2415 2326 proferens.
2446 2256 2571 2311 Haec
2599 2266 2755 2312 erant
2784 2272 2905 2329 quae
2940 2256 3067 2309 dum
3099 2256 3395 2324 cogitarem
3440 2268 3578 2322 pene

1997 2349 2204 2404 eﬂusus
2235 2364 2379 2404 sum.
2418 2348 2524 2403 Pro
2560 2349 2670 2403 illis
2700 2364 2829 2403 vero
2862 2346 3225 2418 Symmachus
3270 2346 3351 2399 sic
3400 2342 3573 2398 inter-

1999 2449 2244 2511 pretatus
2278 2447 2364 2495 est
2386 2462 2399 2495 :
2436 2438 2712 2495 Fortassis
2746 2441 2912 2510 igitur
2929 2448 2978 2492 et
3007 2455 3098 2508 ego
3123 2438 3328 2509 frustra
3350 2434 3571 2504 purgaui

1996 2532 2232 2585 animum
2266 2548 2455 2597 meam,
2478 2543 2531 2586 et
2561 2532 2667 2585 lavi
2696 2533 2751 2585 in
2782 2532 3081 2585 innocentia
3112 2547 3301 2583 manus
3320 2544 3487 2591 meas,
3522 2538 3575 2582 et

1994 2624 2317 2692 perseveravi
2345 2622 2562 2678 delusus
2599 2623 2823 2695 singulis
2866 2622 3075 2689 diebus,
3122 2633 3171 2677 et
3226 2621 3568 2691 reprehensus

1996 2715 2219 2785 singulis
2254 2716 2553 2771 matutinis.

296 2800 328 2852 ὁ
383 2802 678 2873 Σύμμαχος
713 2804 902 2857 τοῦτον
930 2806 1241 2877 ἡρμήνευσε
1270 2805 1363 2859 τὸν
1398 2807 1599 2877 τρόπον
1625 2823 1641 2838 ⁸
1716 2808 1887 2873 Ἴσως
1926 2802 2040 2863 οὖν
2066 2810 2227 2878 κάγὼ
2242 2811 2441 2879 μάτην
2462 2810 2723 2878 ἐκάθαρα
2743 2808 2856 2877 τὴν
2868 2810 3080 2878 ψυχήν
3094 2826 3235 2877 μου,
3300 2807 3399 2859 καὶ
3451 2805 3570 2858 ἐνι-

297 2899 625 2965 πτόμηνέν
652 2899 1071 2969 ἀναμαρτησίᾳ
1142 2900 1251 2966 τὰς
1315 2900 1521 2969 χεῖράς
1543 2919 1684 2970 μου,
1749 2902 1847 2955 καὶ
1879 2902 2193 2958 διετέλεσα
2225 2906 2739 2975 μυκτηριζόμενος
2794 2905 2921 2958 καθ’
2976 2903 3246 2970 ἑκάστην
3288 2902 3558 2971 ἡμέραν,

298 2991 404 3045 καί
443 2994 841 3063 ἐλεγχόμενος
868 2995 996 3051 καθ’
1028 2995 1291 3051 ἕκαστον
1316 2996 1551 3065 ὄρθρον.

381 3105 449 3158 Et
494 3106 730 3175 ἔλεγον.
772 3108 1142 3178 Διηγήσομαι
1193 3108 1400 3176 οὕτως,
1437 3109 1566 3165 ἰδοὺ
1605 3108 1682 3179 τῇ
1719 3110 1893 3181 γενεᾷ

2071 3108 2238 3164 Vens.
2273 3109 2457 3163 lii-l7.
2490 3107 2549 3163 Si
2574 3108 2834 3170 dicebam,
2869 3094 3122 3161 Narrabo
3148 3064 3245 3170 sic,
3276 3122 3392 3159 erce
3415 3121 3571 3175 gene~

297 3195 429 3250 τῶν
464 3198 609 3251 υἱῶν
655 3213 775 3253 σου
823 3200 1242 3267 ήσυντέθεικα.
1276 3202 1388 3255 Καὶ
1438 3204 1748 3257 ὑπέλαϐον
1786 3204 1894 3258 τοῦ

283 3277 529 3359 ’γνῶναι
566 3289 762 3353 τοῦτο,
813 3293 999 3359 κόπος
1022 3293 1195 3347 ἐστὶν
1227 3292 1485 3349 ἐνώπιόν
1517 3313 1663 3365 μου’
1690 3296 1801 3362 ἕως
1820 3291 1891 3351 οὗ

296 3380 558 3435 εἰσέλθω
605 3383 693 3449 εἰς
730 3382 796 3436 τὸ
826 3383 1219 3453 ἀγιαστήριον
1255 3384 1362 3439 τοῦ
1393 3387 1561 3450 Θεοῦ,
1598 3388 1695 3441 καὶ
1724 3388 1893 3442 συνῶ

296 3478 395 3544 εὶς
420 3478 491 3530 τὰ
512 3478 744 3547 ἔσχατα
771 3478 987 3532 αὐτῶν.
1012 3480 1055 3531 Τ
1060 3480 1093 3532 ὰ
1124 3478 1488 3551 προλεχθέντα
1516 3483 1571 3533 ἐν
1586 3484 1699 3545 τοῖς
1723 3484 1892 3552 ἐμαυ-

296 3566 402 3622 τοῦ
450 3569 727 3639 λογισμοῖς
774 3570 1114 3642 ἐνεθυμήθην
1155 3572 1286 3624 αὐτὸ
1328 3573 1508 3643 μόνον,
1560 3574 1644 3641 ἐφ’
1668 3568 1749 3636 οἷς
1797 3574 1890 3627 καὶ

299 3660 643 3716 ἐκινδύνευον
669 3662 826 3716 σάλον
856 3663 1069 3725 παθεῖν,
1104 3664 1165 3716 οὐ
1204 3663 1310 3735 μὴν
1340 3666 1432 3717 καὶ
1455 3664 1778 3736 ἐξηγόρευον
1812 3668 1891 3730 ei;

299 3751 548 3824 ἐτέρους.
588 3754 651 3806 Εἰ
672 3753 781 3824 γὰρ
804 3752 996 3824 κρίνας
1028 3753 1169 3807 οὕτω
1202 3758 1418 3826 φρονεῖν
1450 3756 1547 3827 τὴν
1579 3755 1737 3809 ἄθεον
1756 3755 1889 3808 ταύ-

297 3866 405 3920 την
458 3847 801 3901 διδασκαλίαν
838 3848 1141 3920 προέφερον
1168 3850 1249 3912 είς
1276 3849 1527 3921 ἐτέρους·
1566 3848 1890 3920 παραϐάτης

301 3941 377 3994 ἂν
408 3940 668 4009 ἐγενόμην
692 3940 799 3992 τῶν
826 3940 1069 3995 εύσεδῶν
1099 3940 1404 4012 δογμάτων,
1441 3941 1532 3994 καὶ
1565 3942 1663 4004 τὰς
1690 3941 1889 4014 συνθή·

300 4049 411 4095 κας
444 4031 509 4084 ἂν
542 4030 815 4102 παρῆλθον
846 4034 945 4103 τῆς
965 4033 1158 4101 γενεᾶς
1185 4032 1293 4087 τῶν
1317 4032 1424 4087 σῶν
1453 4033 1677 4085 τέκνων.
1715 4034 1890 4087 Τέκνα

300 4122 416 4193 γάρ
452 4139 544 4175 σου
602 4123 694 4177 τοῦ
729 4123 863 4176 Θεοῦ
919 4124 1118 4187 πάντες
1167 4124 1456 4193 γεγόνασιν
1504 4127 1552 4177 οἱ
1602 4125 1746 4193 ἆγιοι
1796 4126 1890 4179 καὶ

303 4214 573 4282 θεοφιλεῖς
598 4214 808 4287 ἄνδρες.
844 4216 1008 4268 Γενεὰ
1030 4216 1086 4269 δὲ
1112 4215 1290 4269 αὐτῶν
1316 4217 1349 4287 ἡ
1378 4214 1439 4281 ἐξ
1466 4216 1644 4269 αὐτῶν
1672 4215 1887 4287 διαδοχὴ

301 4306 417 4359 τῶν
436 4306 629 4373 ἁγίων,
676 4300 752 4358 ὧν
788 4305 856 4358 τά
893 4305 1192 4377 μαθήματα
1231 4304 1414 4359 καὶτὰ
1447 4305 1694 4375 δόγματα
1720 4322 1889 4375 παρε-

305 4394 523 4465 χάραξα
573 4394 661 4456 ἂν,
713 4397 762 4448 εἰ
803 4396 1106 4467 προέφερον
1148 4398 1227 4459 είς
1267 4396 1487 4466 ἐτέρους
1533 4398 1657 4459 τοὺς
1691 4396 1887 4468 προλε-

305 4487 537 4558 χθέντας
572 4487 808 4558 ἐμαυτοῦ
842 4488 1153 4559 λογισμούς.
1205 4487 1365 4541 Ἀλλὰ
1396 4490 1488 4542 καὶ
1532 4490 1579 4541 εἰ
1629 4492 1887 4560 παρεῖχον

306 4580 547 4651 ἐμαυτὸν
576 4580 669 4633 τοῦ
701 4580 904 4649 γνῶναι
930 4580 1027 4643 τὰς
1060 4580 1258 4644 αἰτίας,
1289 4580 1357 4633 δι’
1392 4580 1459 4644 ἃς
1489 4583 1536 4633 οἱ
1573 4581 1888 4653 ἁμαρτωλοὶ

306 4670 536 4742 εὔθυμοι
560 4671 860 4726 διατελοῦσι
892 4673 985 4726 καὶ
1017 4674 1096 4734 είς
1116 4673 1207 4726 τὸν
1225 4671 1397 4725 αἰῶνα
1430 4672 1697 4744 κατέσχον
1726 4672 1889 4725 πλού-

304 4781 424 4827 του,
452 4765 501 4817 οἱ
526 4763 583 4816 δὲ
612 4764 809 4817 δίκαιοι
852 4763 1265 4816 ταπεινοῦνται·
1324 4762 1443 4815 οὐδέ
1481 4762 1623 4817 οὕτω
1654 4764 1886 4819 κατέλα-

306 4854 403 4906 60v
425 4854 491 4907 ἂν
525 4855 623 4918 τὰς
656 4856 1001 4926 ἀπορρήτους
1032 4854 1158 4926 περὶ
1192 4854 1397 4907 τούτων
1423 4854 1653 4926 κρίσεις,
1687 4856 1888 4919 κόπους

305 4948 363 5001 δέ
414 4947 607 5018 μόνους
659 4947 880 5017 ἐμαυτῷ
913 4948 1168 5017 συνῆγον,
1196 4948 1275 5011 εἰς
1314 4946 1550 5015 ἀπορίαν
1600 4947 1887 5017 ἐμπίπτων

308 5041 406 5092 καὶ
439 5041 518 5103 εἰς
539 5039 717 5111 ψυχῆς
749 5040 1015 5109 κάματον.
1040 5039 1132 5091 Διό
1162 5055 1294 5109 φησι
1315 5054 1328 5067 °
1364 5037 1474 5090 Καὶ
1506 5039 1559 5090 εὶ
1583 5039 1889 5092 ὑπέλαϐον

307 5128 415 5181 τοῦ
458 5127 673 5198 γνῶναι
721 5129 916 5194 τοῦτο,
959 5129 1148 5194 κόπος
1182 5128 1356 5181 ἐστίν
1380 5126 1639 5183 ἐνώπιόν
1665 5146 1817 5197 μου·
1852 5130 1886 5201 ἦ

308 5219 451 5275 κατά
480 5219 572 5273 τόν
605 5220 921 5291 Σύμμαχον,
951 5220 1061 5274 Καὶ
1090 5222 1143 5273 εί
1183 5218 1532 5289 ἐλογιζόμην
1572 5218 1890 5288 ἐπιγνῶναι

307 5314 487 5368 τοῦτο
508 5354 521 5375 ,
551 5315 776 5383 μόχθος
801 5315 1080 5383 ἐφαίνετό
1112 5330 1232 5383 μοι.
1278 5312 1475 5383 Διόπερ
1512 5312 1653 5383 ὁρῶν
1686 5313 1889 5368 ἀκατά-

307 5404 515 5478 ληπτον
549 5403 714 5459 οὖσαν
751 5406 1059 5477 ἀνθρώποις
1081 5407 1180 5476 τὴν
1212 5404 1417 5458 τούτων
1438 5403 1658 5471 γνῶσιν,
1677 5405 1892 5459 εύσεὸεῖ

310 5496 591 5567 χρώμενος
618 5496 880 5567 λογισμῷ,
913 5497 1231 5567 διενοούμην
1276 5495 1408 5567 παρ’
1444 5494 1664 5566 ἐμαυτῷ
1704 5500 1889 5569 κρεῖτο

310 5605 402 5643 τον
440 5586 577 5643 εἶναι
615 5590 829 5659 ἐπέχειν
860 5590 953 5642 καὶ
987 5588 1297 5659 ἐκδέχεσθαι
1329 5590 1435 5662 τὸν,
1467 5589 1767 5661 ἐπιτήδειον
1790 5591 1891 5661 τῆς

389 5743 402 5772 ¹
441 5741 575 5798 Gen.
617 5757 744 5805 xxv,
770 5740 822 5794 8.

596 5836 865 5894 PATROL.
914 5835 1028 5895 (in.
1072 5834 1305 5895 XXIII.

1998 3203 2261 3256 rationem
2294 3202 2530 3271 ﬁliorum
2561 3210 2773 3255 tuorum
2807 3199 3104 3269 reprobavi.
3143 3196 3213 3252 Et
3240 3198 3573 3267 suspicabar

1998 3309 2080 3347 me
2110 3308 2421 3362 cognoscere
2452 3292 2570 3354 hoc,
2605 3291 2756 3345 labor
2783 3300 2861 3345 est
2893 3302 3015 3344 ante
3050 3306 3160 3353 me;
3197 3289 3360 3343 donec
3381 3291 3571 3343 intrem

1996 3386 2051 3439 in
2095 3385 2466 3439 sanctuarium
2497 3382 2616 3449 Dei,
2649 3393 2700 3437 et
2744 3383 3039 3454 intelligam
3071 3383 3123 3435 in
3150 3381 3450 3435 novissimis
3483 3397 3575 3434 eo-

1994 3493 2135 3530 rum.
2166 3474 2432 3531 Przedicta
2458 3477 2513 3530 in
2538 3476 2962 3546 cogitationibus
2989 3484 3195 3530 tantum
3226 3477 3362 3531 meis
3385 3490 3575 3530 versa-

1995 3568 2143 3631 bam,
2177 3568 2323 3637 quod
2353 3567 2659 3637 periculum
2687 3575 2833 3622 esset
2856 3582 2924 3622 ne
2944 3582 3357 3631 commoverer;
3392 3582 3573 3635 neque

1994 3665 2179 3713 tamen
2222 3659 2343 3713 aliis
2386 3658 2732 3714 enarrabam.
2764 3656 2901 3711 Nam
2935 3658 2982 3711 si
3020 3658 3124 3711 hac
3169 3657 3405 3711 admisso
3451 3659 3573 3726 cpi—

1995 3751 2180 3815 nione,
2221 3750 2444 3821 impiam
2466 3748 2781 3819 hujusmodi
2811 3749 3118 3803 doctrinam
3147 3750 3267 3803 aliis
3297 3750 3571 3819 protulis-

1994 3857 2134 3903 sem.
2193 3850 2471 3898 temerata:
2493 3842 2597 3912 pia
2641 3840 2907 3896 doctrina:
2949 3854 3077 3895 reus
3111 3840 3336 3895 eﬂ'ectus
3366 3854 3569 3903 essem,

1994 3944 2160 4005 atque
2192 3943 2351 4006 pacta
2399 3935 2771 4007 generationis
2806 3934 3043 3988 ﬁliorum
3102 3942 3322 3989 tuorum
3366 3933 3571 3987 violas-

1994 4044 2131 4084 sem.
2166 4028 2369 4083 Omnes
2401 4028 2603 4099 quippe
2629 4028 2807 4082 sancti
2828 4042 2891 4081 ac
2916 4025 3011 4081 Dei
3047 4034 3295 4081 amantes
3315 4026 3441 4089 viri,
3467 4026 3567 4086 tui.

1994 4118 2162 4186 Deus,
2187 4119 2281 4173 lilii
2308 4127 2456 4174 sunt.
2483 4118 2779 4174 Generatio
2808 4127 2990 4173 autem
3030 4133 3245 4183 eorum,
3287 4119 3572 4172 successio

1994 4221 2311 4267 sanctorum
2366 4218 2473 4276 est,
2527 4224 2761 4280 quorum
2815 4208 3137 4278 disciplinas
3198 4216 3252 4259 et
3315 4207 3569 4276 dogmata

1994 4306 2413 4369 adulterassem,
2468 4304 2515 4359 si
2553 4302 2844 4374 praedictas
2873 4301 3237 4373 cogitationes
3269 4315 3420 4354 meas
3446 4298 3570 4353 aliis

1995 4395 2368 4466 protulissem.
2415 4395 2522 4449 Sed
2577 4397 2623 4451 si
2660 4396 2846 4449 animo
2874 4394 3201 4460 institissem
3251 4391 3319 4445 ad
3368 4405 3572 4460 cogno-

1993 4488 2257 4543 scendum
2289 4504 2412 4559 qua:
2442 4504 2609 4543 causa
2652 4490 2724 4543 sit
2778 4503 2879 4542 cur
2934 4495 3256 4556 peccatores
3308 4499 3570 4553 prospere

1992 4588 2179 4650 agant,
2212 4588 2266 4634 et
2287 4579 2343 4634 in
2375 4580 2635 4634 saeculum
2668 4580 2890 4634 divitias
2922 4578 3228 4638 obtineant,
3256 4574 3391 4643 justi
3424 4588 3556 4626 vero

1991 4673 2384 4738 humilientur;
2430 4688 2606 4742 neque
2642 4671 2716 4724 ita
2752 4684 2955 4723 arcana
2990 4668 3093 4721 hac
3138 4666 3207 4720 de
3257 4680 3320 4718 re
3358 4663 3567 4732 judicia

1992 4765 2405 4835 comperissem,
2442 4765 2538 4820 sed
2571 4765 2812 4817 laborem
2861 4761 3129 4815 duntaxat
3179 4757 3310 4811 mihi
3352 4757 3565 4810 intulis-

1993 4868 2107 4911 sem
2141 4875 2155 4911 :
2191 4840 2246 4909 in
2281 4856 2681 4911 dubitationem
2711 4854 2887 4909 solum
2920 4852 3198 4920 animique
3227 4848 3572 4917 defatigatio-

1992 4963 2115 5003 nem
2145 4948 2421 5020 dclapsus.
2457 4947 2823 5013 Quamobrem
2860 4946 2936 4998 ait
2997 4964 3009 4998 :
3062 4943 3125 4996 Et
3174 4944 3221 4996 si
3258 4938 3571 5010 suspicabar

1993 5058 2072 5095 me
2096 5057 2402 5111 cognoscere
2436 5040 2551 5104 huc,
2590 5039 2740 5093 labor
2778 5048 2854 5091 est
2909 5046 3030 5089 ante
3074 5051 3175 5089 me.
3213 5032 3339 5087 Sive
3371 5045 3569 5086 secun-

1991 5133 2121 5189 dum
2171 5129 2582 5203 Symmachum,
2631 5129 2691 5185 Si
2719 5129 2971 5199 putabam
3002 5143 3082 5181 me
3107 5139 3416 5197 cognoscere
3449 5122 3564 5179 hoc.

1993 5225 2145 5280 labor
2178 5224 2451 5279 videbatur
2482 5224 2634 5278 mihi.
2660 5224 3028 5289 Quamobrem
3066 5219 3257 5273 videns
3302 5230 3415 5271 rem
3446 5228 3568 5267 esse

1992 5317 2313 5372 hominibus
2363 5315 2995 5386 incomprehensibilem,
3048 5312 3139 5382 pio
3184 5323 3318 5364 usus
3348 5302 3568 5360 τειιίουὶ-

1993 5409 2108 5472 nio,
2146 5424 2361 5463 mecum
2395 5409 2715 5479 reputabam
2747 5408 2921 5463 satius
2951 5419 3073 5461 esse
3101 5410 3159 5456 ut
3194 5415 3283 5455 me
3316 5395 3567 5452 contine-

1992 5517 2130 5566 rem.
2156 5510 2319 5571 atque
2346 5509 2713 5572 opportunum
2751 5500 2877 5553 huic
2910 5494 3208 5569 cognitioni
3233 5499 3445 5559 tempus
3472 5501 3569 5541 ex-

1994 5604 2317 5665 spectarem.
2354 5592 2491 5651 lllud
2518 5605 2699 5651 autem
2736 5602 2875 5658 erat,
2935 5591 3108 5644 Donec
3144 5588 3331 5640 intrem
3361 5582 3413 5635 in
3439 5596 3569 5635 san-

3186 5821 3259 5883 l7
