  <div class='ocr_page' id='page_1' title='image "/cluster/home/n/w/nwhite01/storage/ocr_20150623/23/hvd.32044019207711/451.png"; bbox 0 0 4068 6528; ppageno 0'>
   <div class='ocr_carea' id='block_1_1' title="bbox 537 293 660 352">
    <p class='ocr_par' dir='ltr' id='par_1_1' title="bbox 537 293 660 352">
     <span class='ocr_line' id='line_1_1' title="bbox 537 293 660 352; baseline -0.041 0"><span class='ocrx_word' id='word_1_1' title='bbox 537 293 660 352; x_wconf 60' lang='grc' dir='ltr'>ιϐιδ</span> 
     </span>
    </p>
   </div>
   <div class='ocr_carea' id='block_1_2' title="bbox 1269 276 3150 348">
    <p class='ocr_par' dir='ltr' id='par_1_2' title="bbox 1269 276 3150 348">
     <span class='ocr_line' id='line_1_2' title="bbox 1269 276 3150 348; baseline -0.007 -2"><span class='ocrx_word' id='word_1_2' title='bbox 1269 289 1538 348; x_wconf 84' lang='lat' dir='ltr'><strong>EUSEBII</strong></span> <span class='ocrx_word' id='word_1_3' title='bbox 1574 285 2059 344; x_wconf 59' lang='lat' dir='ltr'><strong>CIESARlENSlS</strong></span> <span class='ocrx_word' id='word_1_4' title='bbox 2097 284 2249 344; x_wconf 82' lang='grc' dir='ltr'><strong>ΟΡΡ.</strong></span> <span class='ocrx_word' id='word_1_5' title='bbox 2290 282 2476 339; x_wconf 78' lang='lat' dir='ltr'><strong>PARS</strong></span> <span class='ocrx_word' id='word_1_6' title='bbox 2515 281 2598 338; x_wconf 93' lang='lat' dir='ltr'><strong>Ill.</strong></span> <span class='ocrx_word' id='word_1_7' title='bbox 2640 311 2710 321; x_wconf 90' lang='lat'><strong>-—</strong></span> <span class='ocrx_word' id='word_1_8' title='bbox 2742 276 3150 335; x_wconf 76' lang='lat' dir='ltr'><strong>EXEGETICA.</strong></span> 
     </span>
    </p>
   </div>
   <div class='ocr_carea' id='block_1_3' title="bbox 3669 284 3757 346">
    <p class='ocr_par' dir='ltr' id='par_1_3' title="bbox 3669 284 3757 346">
     <span class='ocr_line' id='line_1_3' title="bbox 3669 284 3757 346; baseline -0.023 0"><span class='ocrx_word' id='word_1_9' title='bbox 3669 284 3757 346; x_wconf 69' lang='grc' dir='ltr'><strong>ιιι</strong></span> 
     </span>
    </p>
   </div>
   <div class='ocr_carea' id='block_1_4' title="bbox 551 393 2139 482">
    <p class='ocr_par' dir='ltr' id='par_1_4' title="bbox 551 411 2122 482">
     <span class='ocr_line' id='line_1_4' title="bbox 551 411 2122 482; baseline -0.005 -12"><span class='ocrx_word' id='word_1_10' title='bbox 551 416 814 471; x_wconf 79' lang='lat' dir='ltr'><strong>ctuarium</strong></span> <span class='ocrx_word' id='word_1_11' title='bbox 851 415 966 477; x_wconf 89' lang='lat' dir='ltr'><strong>Dei,</strong></span> <span class='ocrx_word' id='word_1_12' title='bbox 1017 425 1065 470; x_wconf 85' lang='lat' dir='ltr'><strong>et</strong></span> <span class='ocrx_word' id='word_1_13' title='bbox 1116 414 1411 482; x_wconf 70' lang='lat' dir='ltr'><strong>intelligam</strong></span> <span class='ocrx_word' id='word_1_14' title='bbox 1463 415 1520 466; x_wconf 88' lang='lat' dir='ltr'><strong>in</strong></span> <span class='ocrx_word' id='word_1_15' title='bbox 1571 411 1870 467; x_wconf 74' lang='lat' dir='ltr'><strong>novissimis</strong></span> <span class='ocrx_word' id='word_1_16' title='bbox 1901 425 2122 472; x_wconf 86' lang='lat' dir='ltr'><strong>eorum;</strong></span> 
     </span>
    </p>
   </div>
   <div class='ocr_carea' id='block_1_5' title="bbox 2234 393 3759 482">
    <p class='ocr_par' dir='ltr' id='par_1_5' title="bbox 2234 393 3759 475">
     <span class='ocr_line' id='line_1_5' title="bbox 2234 393 3759 475; baseline -0.005 -13"><span class='ocrx_word' id='word_1_17' title='bbox 2234 409 2428 461; x_wconf 74' lang='grc' dir='ltr'>τούτων</span> <span class='ocrx_word' id='word_1_18' title='bbox 2465 405 2717 474; x_wconf 82' lang='grc' dir='ltr'>γνώσεως</span> <span class='ocrx_word' id='word_1_19' title='bbox 2737 403 2945 475; x_wconf 82' lang='grc' dir='ltr'>καιρόν.</span> <span class='ocrx_word' id='word_1_20' title='bbox 2971 394 3138 464; x_wconf 74' lang='grc' dir='ltr'>Οὗτος</span> <span class='ocrx_word' id='word_1_21' title='bbox 3159 399 3215 452; x_wconf 79' lang='grc' dir='ltr'><strong>δὲ</strong></span> <span class='ocrx_word' id='word_1_22' title='bbox 3246 393 3336 470; x_wconf 78' lang='grc' dir='ltr'>ἦν,</span> <span class='ocrx_word' id='word_1_23' title='bbox 3373 399 3519 465; x_wconf 69' lang='lat' dir='ltr'><strong>&quot;Etet;</strong></span> <span class='ocrx_word' id='word_1_24' title='bbox 3548 401 3759 460; x_wconf 68' lang='grc' dir='ltr'><strong>εἰσέλθω</strong></span> 
     </span>
    </p>
   </div>
   <div class='ocr_carea' id='block_1_6' title="bbox 552 503 2130 576">
    <p class='ocr_par' dir='ltr' id='par_1_6' title="bbox 552 503 2130 576">
     <span class='ocr_line' id='line_1_6' title="bbox 552 503 2130 576; baseline -0.006 -12"><span class='ocrx_word' id='word_1_25' title='bbox 552 509 670 564; x_wconf 81' lang='lat' dir='ltr'><strong>sive</strong></span> <span class='ocrx_word' id='word_1_26' title='bbox 697 507 996 564; x_wconf 88' lang='lat' dir='ltr'><strong>secundum</strong></span> <span class='ocrx_word' id='word_1_27' title='bbox 1030 505 1441 576; x_wconf 87' lang='lat' dir='ltr'><strong>Symmachum,</strong></span> <span class='ocrx_word' id='word_1_28' title='bbox 1488 503 1666 557; x_wconf 87' lang='lat' dir='ltr'><strong>Donec</strong></span> <span class='ocrx_word' id='word_1_29' title='bbox 1704 504 1893 556; x_wconf 89' lang='lat' dir='ltr'><strong>intrem</strong></span> <span class='ocrx_word' id='word_1_30' title='bbox 1927 503 1980 554; x_wconf 85' lang='lat' dir='ltr'><strong>in</strong></span> <span class='ocrx_word' id='word_1_31' title='bbox 2013 517 2130 554; x_wconf 90' lang='lat' dir='ltr'><strong>san-</strong></span> 
     </span>
    </p>
   </div>
   <div class='ocr_carea' id='block_1_7' title="bbox 553 595 2130 667">
    <p class='ocr_par' dir='ltr' id='par_1_7' title="bbox 553 595 2130 667">
     <span class='ocr_line' id='line_1_7' title="bbox 553 595 2130 667; baseline -0.004 -12"><span class='ocrx_word' id='word_1_32' title='bbox 553 602 764 656; x_wconf 78' lang='lat' dir='ltr'><strong>ctuaria</strong></span> <span class='ocrx_word' id='word_1_33' title='bbox 793 600 910 663; x_wconf 85' lang='lat' dir='ltr'><strong>Dei,</strong></span> <span class='ocrx_word' id='word_1_34' title='bbox 941 598 1234 667; x_wconf 75' lang='lat' dir='ltr'><strong>intelligam</strong></span> <span class='ocrx_word' id='word_1_35' title='bbox 1259 597 1550 651; x_wconf 83' lang='lat' dir='ltr'><strong>novissima</strong></span> <span class='ocrx_word' id='word_1_36' title='bbox 1595 612 1799 650; x_wconf 85' lang='lat' dir='ltr'><strong>eorum.</strong></span> <span class='ocrx_word' id='word_1_37' title='bbox 1852 596 1988 650; x_wconf 82' lang='lat' dir='ltr'><strong>Cum</strong></span> <span class='ocrx_word' id='word_1_38' title='bbox 2025 595 2130 650; x_wconf 87' lang='lat' dir='ltr'><strong>hoc</strong></span> 
     </span>
    </p>
   </div>
   <div class='ocr_carea' id='block_1_8' title="bbox 551 685 2131 759">
    <p class='ocr_par' dir='ltr' id='par_1_8' title="bbox 551 685 2131 759">
     <span class='ocr_line' id='line_1_8' title="bbox 551 685 2131 759; baseline -0.005 -12"><span class='ocrx_word' id='word_1_39' title='bbox 551 693 687 748; x_wconf 79' lang='lat' dir='ltr'><strong>mihi</strong></span> <span class='ocrx_word' id='word_1_40' title='bbox 740 690 1086 747; x_wconf 85' lang='lat' dir='ltr'><strong>commodum</strong></span> <span class='ocrx_word' id='word_1_41' title='bbox 1121 689 1381 759; x_wconf 80' lang='lat' dir='ltr'><strong>effugium</strong></span> <span class='ocrx_word' id='word_1_42' title='bbox 1434 687 1503 742; x_wconf 91' lang='lat' dir='ltr'><strong>ad</strong></span> <span class='ocrx_word' id='word_1_43' title='bbox 1537 687 1856 758; x_wconf 86' lang='lat' dir='ltr'><strong>quaestionis</strong></span> <span class='ocrx_word' id='word_1_44' title='bbox 1902 685 2131 743; x_wconf 83' lang='lat' dir='ltr'><strong>solutio-</strong></span> 
     </span>
    </p>
   </div>
   <div class='ocr_carea' id='block_1_9' title="bbox 552 777 2130 852">
    <p class='ocr_par' dir='ltr' id='par_1_9' title="bbox 552 777 2130 852">
     <span class='ocr_line' id='line_1_9' title="bbox 552 777 2130 852; baseline -0.003 -15"><span class='ocrx_word' id='word_1_45' title='bbox 552 799 677 840; x_wconf 89' lang='lat' dir='ltr'><strong>nem</strong></span> <span class='ocrx_word' id='word_1_46' title='bbox 714 782 1062 852; x_wconf 90' lang='lat' dir='ltr'><strong>reperissem,</strong></span> <span class='ocrx_word' id='word_1_47' title='bbox 1105 779 1360 834; x_wconf 79' lang='lat' dir='ltr'><strong>videlicet</strong></span> <span class='ocrx_word' id='word_1_48' title='bbox 1401 793 1527 832; x_wconf 82' lang='lat' dir='ltr'><strong>eum</strong></span> <span class='ocrx_word' id='word_1_49' title='bbox 1583 780 1650 832; x_wconf 90' lang='lat' dir='ltr'><strong>ad</strong></span> <span class='ocrx_word' id='word_1_50' title='bbox 1701 780 1827 833; x_wconf 70' lang='lat' dir='ltr'><strong>vitae</strong></span> <span class='ocrx_word' id='word_1_51' title='bbox 1884 777 2130 832; x_wconf 79' lang='lat' dir='ltr'><strong>mortalis</strong></span> 
     </span>
    </p>
   </div>
   <div class='ocr_carea' id='block_1_10' title="bbox 551 870 2130 944">
    <p class='ocr_par' dir='ltr' id='par_1_10' title="bbox 551 870 2130 944">
     <span class='ocr_line' id='line_1_10' title="bbox 551 870 2130 944; baseline -0.006 -13"><span class='ocrx_word' id='word_1_52' title='bbox 551 879 756 932; x_wconf 78' lang='lat' dir='ltr'><strong>exitum</strong></span> <span class='ocrx_word' id='word_1_53' title='bbox 808 881 862 929; x_wconf 84' lang='lat' dir='ltr'><strong>et</strong></span> <span class='ocrx_word' id='word_1_54' title='bbox 921 874 1230 944; x_wconf 79' lang='lat' dir='ltr'><strong>ingressum</strong></span> <span class='ocrx_word' id='word_1_55' title='bbox 1268 871 1322 925; x_wconf 90' lang='lat' dir='ltr'><strong>in</strong></span> <span class='ocrx_word' id='word_1_56' title='bbox 1362 873 1758 942; x_wconf 85' lang='lat' dir='ltr'><strong>promissiones</strong></span> <span class='ocrx_word' id='word_1_57' title='bbox 1806 871 1902 926; x_wconf 86' lang='lat' dir='ltr'><strong>Dei</strong></span> <span class='ocrx_word' id='word_1_58' title='bbox 1941 870 2130 926; x_wconf 89' lang='lat' dir='ltr'><strong>remit-</strong></span> 
     </span>
    </p>
   </div>
   <div class='ocr_carea' id='block_1_11' title="bbox 550 964 2128 1031">
    <p class='ocr_par' dir='ltr' id='par_1_11' title="bbox 550 964 2128 1031">
     <span class='ocr_line' id='line_1_11' title="bbox 550 964 2128 1031; baseline -0.002 -10"><span class='ocrx_word' id='word_1_59' title='bbox 550 966 739 1031; x_wconf 85' lang='lat' dir='ltr'><strong>tendo,</strong></span> <span class='ocrx_word' id='word_1_60' title='bbox 765 964 894 1020; x_wconf 89' lang='lat' dir='ltr'><strong>hinc</strong></span> <span class='ocrx_word' id='word_1_61' title='bbox 919 965 1357 1020; x_wconf 86' lang='lat' dir='ltr'><strong>curationem-ac</strong></span> <span class='ocrx_word' id='word_1_62' title='bbox 1376 965 1812 1020; x_wconf 74' lang='lat' dir='ltr'><strong>consolationem</strong></span> <span class='ocrx_word' id='word_1_63' title='bbox 1847 971 2128 1018; x_wconf 80' lang='lat' dir='ltr'><strong>mutuatus</strong></span> 
     </span>
    </p>
   </div>
   <div class='ocr_carea' id='block_1_12' title="bbox 548 1053 2130 1128">
    <p class='ocr_par' dir='ltr' id='par_1_12' title="bbox 548 1053 2130 1128">
     <span class='ocr_line' id='line_1_12' title="bbox 548 1053 2130 1128; baseline -0.004 -15"><span class='ocrx_word' id='word_1_64' title='bbox 548 1073 672 1114; x_wconf 90' lang='lat' dir='ltr'><strong>sum</strong></span> <span class='ocrx_word' id='word_1_65' title='bbox 706 1076 719 1112; x_wconf 92' lang='lat'><strong>:</strong></span> <span class='ocrx_word' id='word_1_66' title='bbox 757 1073 964 1128; x_wconf 81' lang='lat' dir='ltr'><strong>gnarus</strong></span> <span class='ocrx_word' id='word_1_67' title='bbox 1001 1071 1089 1111; x_wconf 89' lang='lat' dir='ltr'><strong>me</strong></span> <span class='ocrx_word' id='word_1_68' title='bbox 1137 1070 1262 1109; x_wconf 89' lang='lat' dir='ltr'><strong>cum</strong></span> <span class='ocrx_word' id='word_1_69' title='bbox 1312 1054 1454 1110; x_wconf 88' lang='lat' dir='ltr'><strong>istuc</strong></span> <span class='ocrx_word' id='word_1_70' title='bbox 1484 1054 1776 1118; x_wconf 81' lang='lat' dir='ltr'><strong>devenero,</strong></span> <span class='ocrx_word' id='word_1_71' title='bbox 1809 1053 2130 1124; x_wconf 69' lang='lat' dir='ltr'><strong>quazstionis</strong></span> 
     </span>
    </p>
   </div>
   <div class='ocr_carea' id='block_1_13' title="bbox 548 1142 2129 1215">
    <p class='ocr_par' dir='ltr' id='par_1_13' title="bbox 548 1142 2129 1215">
     <span class='ocr_line' id='line_1_13' title="bbox 548 1142 2129 1215; baseline -0.004 -13"><span class='ocrx_word' id='word_1_72' title='bbox 548 1149 817 1203; x_wconf 85' lang='lat' dir='ltr'><strong>rationem</strong></span> <span class='ocrx_word' id='word_1_73' title='bbox 851 1148 1282 1213; x_wconf 88' lang='lat' dir='ltr'><strong>intellecturum,</strong></span> <span class='ocrx_word' id='word_1_74' title='bbox 1307 1157 1470 1215; x_wconf 87' lang='lat' dir='ltr'><strong>atque</strong></span> <span class='ocrx_word' id='word_1_75' title='bbox 1506 1145 1798 1215; x_wconf 90' lang='lat' dir='ltr'><strong>impiorum</strong></span> <span class='ocrx_word' id='word_1_76' title='bbox 1829 1142 2129 1199; x_wconf 88' lang='lat' dir='ltr'><strong>novissima</strong></span> 
     </span>
    </p>
   </div>
   <div class='ocr_carea' id='block_1_14' title="bbox 549 1238 2131 1314">
    <p class='ocr_par' dir='ltr' id='par_1_14' title="bbox 549 1238 2131 1314">
     <span class='ocr_line' id='line_1_14' title="bbox 549 1238 2131 1314; baseline -0.006 -18"><span class='ocrx_word' id='word_1_77' title='bbox 549 1243 897 1314; x_wconf 80' lang='lat' dir='ltr'><strong>cogniturum</strong></span> <span class='ocrx_word' id='word_1_78' title='bbox 925 1256 1068 1296; x_wconf 88' lang='lat' dir='ltr'><strong>esse.</strong></span> <span class='ocrx_word' id='word_1_79' title='bbox 1094 1239 1213 1294; x_wconf 86' lang='lat' dir='ltr'><strong>Non</strong></span> <span class='ocrx_word' id='word_1_80' title='bbox 1233 1238 1489 1293; x_wconf 81' lang='lat' dir='ltr'><strong>convenit</strong></span> <span class='ocrx_word' id='word_1_81' title='bbox 1518 1239 1662 1292; x_wconf 90' lang='lat' dir='ltr'><strong>enim</strong></span> <span class='ocrx_word' id='word_1_82' title='bbox 1691 1248 2014 1308; x_wconf 78' lang='lat' dir='ltr'><strong>praesentem</strong></span> <span class='ocrx_word' id='word_1_83' title='bbox 2039 1249 2131 1287; x_wconf 85' lang='lat' dir='ltr'><strong>so-</strong></span> 
     </span>
    </p>
   </div>
   <div class='ocr_carea' id='block_1_15' title="bbox 550 1326 2129 1402">
    <p class='ocr_par' dir='ltr' id='par_1_15' title="bbox 550 1326 2129 1402">
     <span class='ocr_line' id='line_1_15' title="bbox 550 1326 2129 1402; baseline -0.004 -18"><span class='ocrx_word' id='word_1_84' title='bbox 550 1333 663 1388; x_wconf 88' lang='lat' dir='ltr'><strong>lum</strong></span> <span class='ocrx_word' id='word_1_85' title='bbox 695 1336 860 1388; x_wconf 88' lang='lat' dir='ltr'><strong>vitam</strong></span> <span class='ocrx_word' id='word_1_86' title='bbox 896 1343 949 1388; x_wconf 91' lang='lat' dir='ltr'><strong>et</strong></span> <span class='ocrx_word' id='word_1_87' title='bbox 982 1333 1317 1402; x_wconf 83' lang='lat' dir='ltr'><strong>voluptatem</strong></span> <span class='ocrx_word' id='word_1_88' title='bbox 1349 1329 1660 1402; x_wconf 83' lang='lat' dir='ltr'><strong>respicere;</strong></span> <span class='ocrx_word' id='word_1_89' title='bbox 1703 1330 1797 1385; x_wconf 88' lang='lat' dir='ltr'><strong>sed</strong></span> <span class='ocrx_word' id='word_1_90' title='bbox 1825 1326 2129 1382; x_wconf 85' lang='lat' dir='ltr'><strong>novissima</strong></span> 
     </span>
    </p>
   </div>
   <div class='ocr_carea' id='block_1_16' title="bbox 549 1424 1360 1483">
    <p class='ocr_par' dir='ltr' id='par_1_16' title="bbox 549 1424 1360 1483">
     <span class='ocr_line' id='line_1_16' title="bbox 549 1424 1360 1483; baseline -0.009 0"><span class='ocrx_word' id='word_1_91' title='bbox 549 1441 742 1483; x_wconf 87' lang='lat' dir='ltr'><strong>eorum</strong></span> <span class='ocrx_word' id='word_1_92' title='bbox 775 1424 1176 1483; x_wconf 88' lang='lat' dir='ltr'><strong>consideranda</strong></span> <span class='ocrx_word' id='word_1_93' title='bbox 1209 1432 1360 1479; x_wconf 86' lang='lat' dir='ltr'><strong>sunt.</strong></span> 
     </span>
    </p>
   </div>
   <div class='ocr_carea' id='block_1_17' title="bbox 623 1603 2129 1675">
    <p class='ocr_par' dir='ltr' id='par_1_17' title="bbox 623 1603 2129 1675">
     <span class='ocr_line' id='line_1_17' title="bbox 623 1603 2129 1675; baseline -0.008 -9"><span class='ocrx_word' id='word_1_94' title='bbox 623 1610 789 1666; x_wconf 75' lang='lat' dir='ltr'><strong>Vens.</strong></span> <span class='ocrx_word' id='word_1_95' title='bbox 854 1609 1044 1665; x_wconf 71' lang='lat'><strong>18-20.</strong></span> <span class='ocrx_word' id='word_1_96' title='bbox 1091 1609 1461 1663; x_wconf 75' lang='lat' dir='ltr'><strong>Verumtamen</strong></span> <span class='ocrx_word' id='word_1_97' title='bbox 1504 1616 1712 1675; x_wconf 77' lang='lat' dir='ltr'><strong>propter</strong></span> <span class='ocrx_word' id='word_1_98' title='bbox 1751 1603 1901 1658; x_wconf 89' lang='lat' dir='ltr'><strong>dolos</strong></span> <span class='ocrx_word' id='word_1_99' title='bbox 1948 1611 2129 1657; x_wconf 79' lang='lat' dir='ltr'><strong>eorum</strong></span> 
     </span>
    </p>
   </div>
   <div class='ocr_carea' id='block_1_18' title="bbox 550 1695 2124 1772">
    <p class='ocr_par' dir='ltr' id='par_1_18' title="bbox 550 1695 2124 1772">
     <span class='ocr_line' id='line_1_18' title="bbox 550 1695 2124 1772; baseline -0.005 -15"><span class='ocrx_word' id='word_1_100' title='bbox 550 1702 776 1772; x_wconf 73' lang='lat' dir='ltr'><strong>posuisti</strong></span> <span class='ocrx_word' id='word_1_101' title='bbox 827 1701 904 1755; x_wconf 86' lang='lat' dir='ltr'><strong>eis</strong></span> <span class='ocrx_word' id='word_1_102' title='bbox 947 1700 1133 1760; x_wconf 87' lang='lat' dir='ltr'><strong>mala;</strong></span> <span class='ocrx_word' id='word_1_103' title='bbox 1186 1697 1424 1768; x_wconf 85' lang='lat' dir='ltr'><strong>dejecisti</strong></span> <span class='ocrx_word' id='word_1_104' title='bbox 1476 1713 1562 1752; x_wconf 78' lang='lat' dir='ltr'><strong>eos</strong></span> <span class='ocrx_word' id='word_1_105' title='bbox 1597 1695 1724 1749; x_wconf 90' lang='lat' dir='ltr'><strong>dum</strong></span> <span class='ocrx_word' id='word_1_106' title='bbox 1754 1695 2124 1749; x_wconf 82' lang='lat' dir='ltr'><strong>allevarentur.</strong></span> 
     </span>
    </p>
   </div>
   <div class='ocr_carea' id='block_1_19' title="bbox 2233 487 3760 561">
    <p class='ocr_par' dir='ltr' id='par_1_19' title="bbox 2233 487 3760 561">
     <span class='ocr_line' id='line_1_19' title="bbox 2233 487 3760 561; baseline -0.001 -14"><span class='ocrx_word' id='word_1_107' title='bbox 2233 497 2321 559; x_wconf 78' lang='grc' dir='ltr'><strong>εις</strong></span> <span class='ocrx_word' id='word_1_108' title='bbox 2342 491 2731 561; x_wconf 70' lang='grc' dir='ltr'>ἀγιαστήμιον</span> <span class='ocrx_word' id='word_1_109' title='bbox 2749 491 2855 543; x_wconf 82' lang='grc' dir='ltr'>τοῦ</span> <span class='ocrx_word' id='word_1_110' title='bbox 2883 489 3052 552; x_wconf 82' lang='grc' dir='ltr'>Θεοῦ,</span> <span class='ocrx_word' id='word_1_111' title='bbox 3071 488 3163 540; x_wconf 72' lang='grc' dir='ltr'><strong>καὶ</strong></span> <span class='ocrx_word' id='word_1_112' title='bbox 3189 487 3360 541; x_wconf 72' lang='grc' dir='ltr'>συνῶ</span> <span class='ocrx_word' id='word_1_113' title='bbox 3386 491 3470 554; x_wconf 82' lang='grc' dir='ltr'>εὶς</span> <span class='ocrx_word' id='word_1_114' title='bbox 3494 489 3760 560; x_wconf 80' lang='grc' dir='ltr'>τὰὲσχατα</span> 
     </span>
    </p>
   </div>
   <div class='ocr_carea' id='block_1_20' title="bbox 2233 581 3760 655">
    <p class='ocr_par' dir='ltr' id='par_1_20' title="bbox 2233 581 3760 655">
     <span class='ocr_line' id='line_1_20' title="bbox 2233 581 3760 655; baseline -0.001 -16"><span class='ocrx_word' id='word_1_115' title='bbox 2233 585 2460 640; x_wconf 68' lang='grc' dir='ltr'>αὐτῶνθ</span> <span class='ocrx_word' id='word_1_116' title='bbox 2496 584 2551 655; x_wconf 75' lang='grc' dir='ltr'><strong>ἢ.</strong></span> <span class='ocrx_word' id='word_1_117' title='bbox 2580 582 2721 637; x_wconf 70' lang='grc' dir='ltr'>κατὰ</span> <span class='ocrx_word' id='word_1_118' title='bbox 2773 581 2863 636; x_wconf 81' lang='grc' dir='ltr'>τὸν</span> <span class='ocrx_word' id='word_1_119' title='bbox 2903 582 3216 652; x_wconf 78' lang='grc' dir='ltr'>Σύμμαχον,</span> <span class='ocrx_word' id='word_1_120' title='bbox 3251 581 3404 646; x_wconf 83' lang='grc' dir='ltr'>’Ἑως</span> <span class='ocrx_word' id='word_1_121' title='bbox 3445 581 3668 636; x_wconf 78' lang='grc' dir='ltr'><strong>εἰσέλθω</strong></span> <span class='ocrx_word' id='word_1_122' title='bbox 3691 588 3760 651; x_wconf 81' lang='grc' dir='ltr'><strong>εις</strong></span> 
     </span>
    </p>
   </div>
   <div class='ocr_carea' id='block_1_21' title="bbox 2234 667 3761 744">
    <p class='ocr_par' dir='ltr' id='par_1_21' title="bbox 2234 667 3761 744">
     <span class='ocr_line' id='line_1_21' title="bbox 2234 667 3761 744; baseline -0.003 -15"><span class='ocrx_word' id='word_1_123' title='bbox 2234 677 2306 728; x_wconf 84' lang='grc' dir='ltr'>τὰ</span> <span class='ocrx_word' id='word_1_124' title='bbox 2354 672 2690 744; x_wconf 78' lang='grc' dir='ltr'>ἀγιάσματα</span> <span class='ocrx_word' id='word_1_125' title='bbox 2732 669 2840 724; x_wconf 89' lang='grc' dir='ltr'>τοῦ</span> <span class='ocrx_word' id='word_1_126' title='bbox 2891 669 3061 733; x_wconf 83' lang='grc' dir='ltr'><strong>Θεοῦ,</strong></span> <span class='ocrx_word' id='word_1_127' title='bbox 3087 667 3428 723; x_wconf 85' lang='grc' dir='ltr'>συνετισθῶ</span> <span class='ocrx_word' id='word_1_128' title='bbox 3463 669 3531 723; x_wconf 84' lang='grc' dir='ltr'>τὰ</span> <span class='ocrx_word' id='word_1_129' title='bbox 3571 671 3761 739; x_wconf 75' lang='grc' dir='ltr'>ἔσχατα</span> 
     </span>
    </p>
   </div>
   <div class='ocr_carea' id='block_1_22' title="bbox 2233 759 3763 836">
    <p class='ocr_par' dir='ltr' id='par_1_22' title="bbox 2233 759 3763 836">
     <span class='ocr_line' id='line_1_22' title="bbox 2233 759 3763 836; baseline -0.003 -16"><span class='ocrx_word' id='word_1_130' title='bbox 2233 765 2450 821; x_wconf 85' lang='grc' dir='ltr'>αὐτῶν.</span> <span class='ocrx_word' id='word_1_131' title='bbox 2487 764 2704 836; x_wconf 79' lang='grc' dir='ltr'><strong>Ταύτην</strong></span> <span class='ocrx_word' id='word_1_132' title='bbox 2739 761 2795 815; x_wconf 81' lang='grc' dir='ltr'>δὲ</span> <span class='ocrx_word' id='word_1_133' title='bbox 2823 761 2997 832; x_wconf 83' lang='grc' dir='ltr'>καλὴν</span> <span class='ocrx_word' id='word_1_134' title='bbox 3029 759 3250 832; x_wconf 78' lang='grc' dir='ltr'><strong>ἐμαυτῷ</strong></span> <span class='ocrx_word' id='word_1_135' title='bbox 3289 759 3592 830; x_wconf 78' lang='grc' dir='ltr'>καταφυγὴν</span> <span class='ocrx_word' id='word_1_136' title='bbox 3621 761 3763 832; x_wconf 82' lang='grc' dir='ltr'>εὑρὼν</span> 
     </span>
    </p>
   </div>
   <div class='ocr_carea' id='block_1_23' title="bbox 2232 850 3764 928">
    <p class='ocr_par' dir='ltr' id='par_1_23' title="bbox 2232 850 3764 928">
     <span class='ocr_line' id='line_1_23' title="bbox 2232 850 3764 928; baseline -0.007 -16"><span class='ocrx_word' id='word_1_137' title='bbox 2232 858 2332 928; x_wconf 86' lang='grc' dir='ltr'><strong>τῆς</strong></span> <span class='ocrx_word' id='word_1_138' title='bbox 2351 857 2458 910; x_wconf 87' lang='grc' dir='ltr'><strong>τῶν</strong></span> <span class='ocrx_word' id='word_1_139' title='bbox 2480 854 2867 926; x_wconf 77' lang='grc' dir='ltr'><strong>ἀπορουμένων</strong></span> <span class='ocrx_word' id='word_1_140' title='bbox 2899 852 3126 916; x_wconf 77' lang='grc' dir='ltr'>λύσεως,</span> <span class='ocrx_word' id='word_1_141' title='bbox 3152 851 3251 923; x_wconf 82' lang='grc' dir='ltr'>τὴν</span> <span class='ocrx_word' id='word_1_142' title='bbox 3275 850 3578 922; x_wconf 75' lang='grc' dir='ltr'>ἀπαλλαγὴν</span> <span class='ocrx_word' id='word_1_143' title='bbox 3601 852 3764 924; x_wconf 74' lang='grc' dir='ltr'>δηλαδὴ</span> 
     </span>
    </p>
   </div>
   <div class='ocr_carea' id='block_1_24' title="bbox 2231 941 3761 1018">
    <p class='ocr_par' dir='ltr' id='par_1_24' title="bbox 2231 941 3761 1018">
     <span class='ocr_line' id='line_1_24' title="bbox 2231 941 3761 1018; baseline -0.009 -16"><span class='ocrx_word' id='word_1_144' title='bbox 2231 949 2325 1003; x_wconf 81' lang='grc' dir='ltr'>τοῦ</span> <span class='ocrx_word' id='word_1_145' title='bbox 2353 946 2549 1018; x_wconf 81' lang='grc' dir='ltr'>Θνητοῦ</span> <span class='ocrx_word' id='word_1_146' title='bbox 2579 946 2715 1017; x_wconf 82' lang='grc' dir='ltr'>βίου,</span> <span class='ocrx_word' id='word_1_147' title='bbox 2747 944 2845 998; x_wconf 71' lang='grc' dir='ltr'><strong>καὶ</strong></span> <span class='ocrx_word' id='word_1_148' title='bbox 2862 943 2959 1015; x_wconf 81' lang='grc' dir='ltr'>τὴν</span> <span class='ocrx_word' id='word_1_149' title='bbox 2987 941 3188 996; x_wconf 77' lang='grc' dir='ltr'><strong>εἴσοδον</strong></span> <span class='ocrx_word' id='word_1_150' title='bbox 3219 941 3320 1012; x_wconf 74' lang='grc' dir='ltr'>τὴν</span> <span class='ocrx_word' id='word_1_151' title='bbox 3342 941 3432 993; x_wconf 72' lang='grc' dir='ltr'>ἐπὶ</span> <span class='ocrx_word' id='word_1_152' title='bbox 3454 941 3544 1004; x_wconf 82' lang='grc' dir='ltr'>τὰς</span> <span class='ocrx_word' id='word_1_153' title='bbox 3568 942 3761 1011; x_wconf 60' lang='lat' dir='ltr'><strong>smne.</strong></span> 
     </span>
    </p>
   </div>
   <div class='ocr_carea' id='block_1_25' title="bbox 2231 1029 3762 1108">
    <p class='ocr_par' dir='ltr' id='par_1_25' title="bbox 2231 1029 3762 1108">
     <span class='ocr_line' id='line_1_25' title="bbox 2231 1029 3762 1108; baseline -0.005 -15"><span class='ocrx_word' id='word_1_154' title='bbox 2231 1041 2350 1105; x_wconf 79' lang='grc' dir='ltr'>λῐας</span> <span class='ocrx_word' id='word_1_155' title='bbox 2382 1040 2474 1093; x_wconf 74' lang='grc' dir='ltr'><strong>τοῦ</strong></span> <span class='ocrx_word' id='word_1_156' title='bbox 2505 1038 2665 1100; x_wconf 75' lang='grc' dir='ltr'>Θεοῦ,</span> <span class='ocrx_word' id='word_1_157' title='bbox 2693 1029 2988 1108; x_wconf 79' lang='grc' dir='ltr'>θεραπείας</span> <span class='ocrx_word' id='word_1_158' title='bbox 3007 1034 3304 1105; x_wconf 78' lang='grc' dir='ltr'>ἐτύγχανον</span> <span class='ocrx_word' id='word_1_159' title='bbox 3326 1035 3422 1087; x_wconf 73' lang='grc' dir='ltr'><strong>καὶ</strong></span> <span class='ocrx_word' id='word_1_160' title='bbox 3445 1033 3762 1104; x_wconf 75' lang='grc' dir='ltr'><strong>παραμυθίας⁹</strong></span> 
     </span>
    </p>
   </div>
   <div class='ocr_carea' id='block_1_26' title="bbox 2233 1124 3767 1198">
    <p class='ocr_par' dir='ltr' id='par_1_26' title="bbox 2233 1124 3767 1198">
     <span class='ocr_line' id='line_1_26' title="bbox 2233 1124 3767 1198; baseline -0.006 -12"><span class='ocrx_word' id='word_1_161' title='bbox 2233 1129 2290 1186; x_wconf 80' lang='grc' dir='ltr'>εὖ</span> <span class='ocrx_word' id='word_1_162' title='bbox 2318 1131 2492 1196; x_wconf 74' lang='grc' dir='ltr'>εἰδὼς,</span> <span class='ocrx_word' id='word_1_163' title='bbox 2535 1130 2610 1195; x_wconf 82' lang='grc' dir='ltr'>ὡς</span> <span class='ocrx_word' id='word_1_164' title='bbox 2651 1131 2828 1183; x_wconf 79' lang='grc' dir='ltr'>ἐκεῖσε</span> <span class='ocrx_word' id='word_1_165' title='bbox 2859 1127 3168 1198; x_wconf 84' lang='grc' dir='ltr'>γενόμενος,</span> <span class='ocrx_word' id='word_1_166' title='bbox 3221 1124 3632 1196; x_wconf 73' lang='grc' dir='ltr'>συναισϐἡσομαι</span> <span class='ocrx_word' id='word_1_167' title='bbox 3668 1125 3767 1188; x_wconf 72' lang='grc' dir='ltr'>τοὺς</span> 
     </span>
    </p>
   </div>
   <div class='ocr_carea' id='block_1_27' title="bbox 2231 1217 3767 1295">
    <p class='ocr_par' dir='ltr' id='par_1_27' title="bbox 2231 1217 3767 1295">
     <span class='ocr_line' id='line_1_27' title="bbox 2231 1217 3767 1295; baseline -0.007 -15"><span class='ocrx_word' id='word_1_168' title='bbox 2231 1227 2422 1295; x_wconf 83' lang='grc' dir='ltr'>λόγους</span> <span class='ocrx_word' id='word_1_169' title='bbox 2468 1223 2576 1277; x_wconf 85' lang='grc' dir='ltr'><strong>τῶν</strong></span> <span class='ocrx_word' id='word_1_170' title='bbox 2614 1222 2963 1292; x_wconf 80' lang='grc' dir='ltr'>ὲζητημένων</span> <span class='ocrx_word' id='word_1_171' title='bbox 2983 1261 2998 1286; x_wconf 94' lang='grc'><strong>,</strong></span> <span class='ocrx_word' id='word_1_172' title='bbox 3044 1217 3326 1290; x_wconf 79' lang='grc' dir='ltr'>γνώσομαι</span> <span class='ocrx_word' id='word_1_173' title='bbox 3376 1235 3435 1270; x_wconf 88' lang='grc' dir='ltr'><strong>τε</strong></span> <span class='ocrx_word' id='word_1_174' title='bbox 3487 1217 3550 1270; x_wconf 83' lang='grc' dir='ltr'>τὰ</span> <span class='ocrx_word' id='word_1_175' title='bbox 3604 1218 3767 1287; x_wconf 81' lang='grc' dir='ltr'>ἔσχατα</span> 
     </span>
    </p>
   </div>
   <div class='ocr_carea' id='block_1_28' title="bbox 2231 1305 3768 1384">
    <p class='ocr_par' dir='ltr' id='par_1_28' title="bbox 2231 1305 3768 1384">
     <span class='ocr_line' id='line_1_28' title="bbox 2231 1305 3768 1384; baseline -0.005 -16"><span class='ocrx_word' id='word_1_176' title='bbox 2231 1315 2339 1368; x_wconf 82' lang='grc' dir='ltr'><strong>τῶν</strong></span> <span class='ocrx_word' id='word_1_177' title='bbox 2393 1311 2628 1368; x_wconf 85' lang='grc' dir='ltr'>ἀσεϐῶν.</span> <span class='ocrx_word' id='word_1_178' title='bbox 2681 1313 2774 1384; x_wconf 80' lang='grc' dir='ltr'><strong>Μὴ</strong></span> <span class='ocrx_word' id='word_1_179' title='bbox 2826 1312 2934 1383; x_wconf 78' lang='grc' dir='ltr'>γὰρ</span> <span class='ocrx_word' id='word_1_180' title='bbox 2989 1311 3260 1382; x_wconf 84' lang='grc' dir='ltr'>προσήκει</span> <span class='ocrx_word' id='word_1_181' title='bbox 3318 1311 3397 1373; x_wconf 86' lang='grc' dir='ltr'>εἰς</span> <span class='ocrx_word' id='word_1_182' title='bbox 3437 1309 3524 1361; x_wconf 85' lang='grc' dir='ltr'><strong>τὸν</strong></span> <span class='ocrx_word' id='word_1_183' title='bbox 3565 1305 3768 1378; x_wconf 77' lang='grc' dir='ltr'>παρόντα</span> 
     </span>
    </p>
   </div>
   <div class='ocr_carea' id='block_1_29' title="bbox 2235 1400 3767 1476">
    <p class='ocr_par' dir='ltr' id='par_1_29' title="bbox 2235 1400 3767 1476">
     <span class='ocr_line' id='line_1_29' title="bbox 2235 1400 3767 1476; baseline -0.005 -17"><span class='ocrx_word' id='word_1_184' title='bbox 2235 1406 2393 1476; x_wconf 82' lang='grc' dir='ltr'>μόνον</span> <span class='ocrx_word' id='word_1_185' title='bbox 2439 1404 2793 1458; x_wconf 79' lang='grc' dir='ltr'>ἀποϐλέπειν⁹</span> <span class='ocrx_word' id='word_1_186' title='bbox 2817 1404 2931 1474; x_wconf 80' lang='grc' dir='ltr'>βίον</span> <span class='ocrx_word' id='word_1_187' title='bbox 2985 1403 3079 1457; x_wconf 80' lang='grc' dir='ltr'><strong>καὶ</strong></span> <span class='ocrx_word' id='word_1_188' title='bbox 3139 1404 3220 1468; x_wconf 76' lang='grc' dir='ltr'>εἰς</span> <span class='ocrx_word' id='word_1_189' title='bbox 3267 1404 3366 1474; x_wconf 85' lang='grc' dir='ltr'>τὴν</span> <span class='ocrx_word' id='word_1_190' title='bbox 3399 1400 3655 1472; x_wconf 76' lang='grc' dir='ltr'>παροῦσαν</span> <span class='ocrx_word' id='word_1_191' title='bbox 3691 1400 3767 1452; x_wconf 79' lang='grc' dir='ltr'><strong>αὖ·</strong></span> 
     </span>
    </p>
   </div>
   <div class='ocr_carea' id='block_1_30' title="bbox 2231 1489 3762 1566">
    <p class='ocr_par' dir='ltr' id='par_1_30' title="bbox 2231 1489 3762 1566">
     <span class='ocr_line' id='line_1_30' title="bbox 2231 1489 3762 1566; baseline -0.005 -19"><span class='ocrx_word' id='word_1_192' title='bbox 2231 1495 2338 1549; x_wconf 87' lang='grc' dir='ltr'><strong>τῶν</strong></span> <span class='ocrx_word' id='word_1_193' title='bbox 2368 1494 2600 1566; x_wconf 79' lang='grc' dir='ltr'>τρυφὴν,</span> <span class='ocrx_word' id='word_1_194' title='bbox 2625 1493 2763 1548; x_wconf 79' lang='grc' dir='ltr'>ἀλλὰ</span> <span class='ocrx_word' id='word_1_195' title='bbox 2792 1493 2891 1546; x_wconf 71' lang='grc' dir='ltr'>καὶ</span> <span class='ocrx_word' id='word_1_196' title='bbox 2921 1493 3002 1555; x_wconf 86' lang='grc' dir='ltr'>εἰς</span> <span class='ocrx_word' id='word_1_197' title='bbox 3032 1491 3101 1545; x_wconf 83' lang='grc' dir='ltr'>τὰ</span> <span class='ocrx_word' id='word_1_198' title='bbox 3141 1491 3346 1564; x_wconf 78' lang='grc' dir='ltr'>ἔσχατα</span> <span class='ocrx_word' id='word_1_199' title='bbox 3384 1489 3554 1543; x_wconf 84' lang='grc' dir='ltr'>αὑτῶν</span> <span class='ocrx_word' id='word_1_200' title='bbox 3576 1490 3762 1561; x_wconf 73' lang='grc' dir='ltr'>ἀφορᾷν.</span> 
     </span>
    </p>
   </div>
   <div class='ocr_carea' id='block_1_31' title="bbox 2301 1583 3766 1656">
    <p class='ocr_par' dir='ltr' id='par_1_31' title="bbox 2301 1583 3766 1656">
     <span class='ocr_line' id='line_1_31' title="bbox 2301 1583 3766 1656; baseline -0.005 -14"><span class='ocrx_word' id='word_1_201' title='bbox 2301 1587 2478 1656; x_wconf 75' lang='grc' dir='ltr'>Πλὴν</span> <span class='ocrx_word' id='word_1_202' title='bbox 2524 1586 2627 1641; x_wconf 83' lang='grc' dir='ltr'>διὰ</span> <span class='ocrx_word' id='word_1_203' title='bbox 2683 1587 2793 1653; x_wconf 82' lang='grc' dir='ltr'>τὰς</span> <span class='ocrx_word' id='word_1_204' title='bbox 2829 1586 3186 1654; x_wconf 79' lang='grc' dir='ltr'>δολιότητας</span> <span class='ocrx_word' id='word_1_205' title='bbox 3216 1583 3417 1638; x_wconf 79' lang='grc' dir='ltr'>αὐτῶν</span> <span class='ocrx_word' id='word_1_206' title='bbox 3444 1583 3576 1637; x_wconf 84' lang='grc' dir='ltr'><strong>ἔθου</strong></span> <span class='ocrx_word' id='word_1_207' title='bbox 3601 1584 3766 1649; x_wconf 78' lang='grc' dir='ltr'>αὐτοῖς</span> 
     </span>
    </p>
   </div>
   <div class='ocr_carea' id='block_1_32' title="bbox 2231 1671 3765 1743">
    <p class='ocr_par' dir='ltr' id='par_1_32' title="bbox 2231 1671 3765 1743">
     <span class='ocr_line' id='line_1_32' title="bbox 2231 1671 3765 1743; baseline -0.004 -12"><span class='ocrx_word' id='word_1_208' title='bbox 2231 1677 2415 1731; x_wconf 83' lang='grc' dir='ltr'><strong>κακά’</strong></span> <span class='ocrx_word' id='word_1_209' title='bbox 2470 1677 2793 1743; x_wconf 75' lang='grc' dir='ltr'>κατέϐαλες</span> <span class='ocrx_word' id='word_1_210' title='bbox 2823 1676 3046 1742; x_wconf 82' lang='grc' dir='ltr'>αὐτοὺς</span> <span class='ocrx_word' id='word_1_211' title='bbox 3079 1677 3150 1729; x_wconf 74' lang='grc' dir='ltr'>ἐν</span> <span class='ocrx_word' id='word_1_212' title='bbox 3186 1674 3268 1740; x_wconf 85' lang='grc' dir='ltr'>τῷ</span> <span class='ocrx_word' id='word_1_213' title='bbox 3294 1672 3626 1741; x_wconf 82' lang='grc' dir='ltr'>ἐπαρθῆναι.</span> <span class='ocrx_word' id='word_1_214' title='bbox 3663 1671 3765 1738; x_wconf 82' lang='grc' dir='ltr'>Πῶς</span> 
     </span>
    </p>
   </div>
   <div class='ocr_carea' id='block_1_33' title="bbox 553 1762 2139 1861">
    <p class='ocr_par' dir='ltr' id='par_1_33' title="bbox 553 1785 2131 1861">
     <span class='ocr_line' id='line_1_33' title="bbox 553 1785 2131 1861; baseline -0.006 -12"><span class='ocrx_word' id='word_1_215' title='bbox 553 1791 829 1861; x_wconf 83' lang='lat' dir='ltr'><strong>Quomodo</strong></span> <span class='ocrx_word' id='word_1_216' title='bbox 877 1791 1009 1859; x_wconf 72' lang='lat' dir='ltr'><strong>facti</strong></span> <span class='ocrx_word' id='word_1_217' title='bbox 1060 1799 1184 1844; x_wconf 85' lang='lat' dir='ltr'><strong>sunt</strong></span> <span class='ocrx_word' id='word_1_218' title='bbox 1216 1790 1270 1842; x_wconf 87' lang='lat' dir='ltr'><strong>in</strong></span> <span class='ocrx_word' id='word_1_219' title='bbox 1317 1789 1693 1844; x_wconf 71' lang='lat' dir='ltr'><strong>desolationem</strong></span> <span class='ocrx_word' id='word_1_220' title='bbox 1728 1787 1950 1842; x_wconf 85' lang='lat' dir='ltr'><strong>subito?</strong></span> <span class='ocrx_word' id='word_1_221' title='bbox 1987 1785 2131 1855; x_wconf 78' lang='lat' dir='ltr'><strong>defe-</strong></span> 
     </span>
    </p>
   </div>
   <div class='ocr_carea' id='block_1_34' title="bbox 2234 1762 3765 1861">
    <p class='ocr_par' dir='ltr' id='par_1_34' title="bbox 2234 1762 3765 1840">
     <span class='ocr_line' id='line_1_34' title="bbox 2234 1762 3765 1840; baseline -0.006 -16"><span class='ocrx_word' id='word_1_222' title='bbox 2234 1769 2510 1840; x_wconf 75' lang='grc' dir='ltr'>ὲγένοντο</span> <span class='ocrx_word' id='word_1_223' title='bbox 2556 1772 2643 1836; x_wconf 83' lang='grc' dir='ltr'>εἰς</span> <span class='ocrx_word' id='word_1_224' title='bbox 2669 1768 2972 1838; x_wconf 79' lang='grc' dir='ltr'>ἐρήμωσιν</span> <span class='ocrx_word' id='word_1_225' title='bbox 3006 1766 3295 1831; x_wconf 68' lang='grc' dir='ltr'>ἐξάπινας</span> <span class='ocrx_word' id='word_1_226' title='bbox 3325 1762 3614 1829; x_wconf 75' lang='grc' dir='ltr'>ἐξέλιπον,</span> <span class='ocrx_word' id='word_1_227' title='bbox 3640 1763 3765 1817; x_wconf 68' lang='grc' dir='ltr'><strong>ἀπώ-</strong></span> 
     </span>
    </p>
   </div>
   <div class='ocr_carea' id='block_1_35' title="bbox 551 1877 2131 1950">
    <p class='ocr_par' dir='ltr' id='par_1_35' title="bbox 551 1877 2131 1950">
     <span class='ocr_line' id='line_1_35' title="bbox 551 1877 2131 1950; baseline -0.005 -12"><span class='ocrx_word' id='word_1_228' title='bbox 551 1892 758 1948; x_wconf 78' lang='lat' dir='ltr'><strong>cerunt,</strong></span> <span class='ocrx_word' id='word_1_229' title='bbox 805 1882 1074 1950; x_wconf 84' lang='lat' dir='ltr'><strong>perierunt</strong></span> <span class='ocrx_word' id='word_1_230' title='bbox 1124 1888 1338 1949; x_wconf 84' lang='lat' dir='ltr'><strong>propter</strong></span> <span class='ocrx_word' id='word_1_231' title='bbox 1387 1877 1924 1934; x_wconf 87' lang='lat' dir='ltr'><strong>inconsiderationem</strong></span> <span class='ocrx_word' id='word_1_232' title='bbox 1978 1894 2131 1932; x_wconf 88' lang='lat' dir='ltr'><strong>suum</strong></span> 
     </span>
    </p>
   </div>
   <div class='ocr_carea' id='block_1_36' title="bbox 551 1969 2134 2044">
    <p class='ocr_par' dir='ltr' id='par_1_36' title="bbox 551 1969 2134 2044">
     <span class='ocr_line' id='line_1_36' title="bbox 551 1969 2134 2044; baseline -0.005 -14"><span class='ocrx_word' id='word_1_233' title='bbox 551 1976 689 2030; x_wconf 71' lang='lat' dir='ltr'><strong>velut</strong></span> <span class='ocrx_word' id='word_1_234' title='bbox 722 1975 988 2030; x_wconf 86' lang='lat' dir='ltr'><strong>somnium</strong></span> <span class='ocrx_word' id='word_1_235' title='bbox 1013 1973 1361 2044; x_wconf 77' lang='lat' dir='ltr'><strong>surgentium.</strong></span> <span class='ocrx_word' id='word_1_236' title='bbox 1390 1970 1592 2026; x_wconf 88' lang='lat' dir='ltr'><strong>Tribus</strong></span> <span class='ocrx_word' id='word_1_237' title='bbox 1623 1969 1881 2024; x_wconf 85' lang='lat' dir='ltr'><strong>admissis</strong></span> <span class='ocrx_word' id='word_1_238' title='bbox 1913 1969 1969 2024; x_wconf 92' lang='lat' dir='ltr'><strong>in</strong></span> <span class='ocrx_word' id='word_1_239' title='bbox 1991 1983 2134 2040; x_wconf 69' lang='lat' dir='ltr'><strong>qum-</strong></span> 
     </span>
    </p>
   </div>
   <div class='ocr_carea' id='block_1_37' title="bbox 552 2065 2134 2136">
    <p class='ocr_par' dir='ltr' id='par_1_37' title="bbox 552 2065 2134 2136">
     <span class='ocr_line' id='line_1_37' title="bbox 552 2065 2134 2136; baseline -0.004 -11"><span class='ocrx_word' id='word_1_240' title='bbox 552 2069 786 2126; x_wconf 81' lang='lat' dir='ltr'><strong>stionem</strong></span> <span class='ocrx_word' id='word_1_241' title='bbox 832 2067 1142 2124; x_wconf 80' lang='lat' dir='ltr'><strong>ratiociniis</strong></span> <span class='ocrx_word' id='word_1_242' title='bbox 1167 2108 1183 2132; x_wconf 92' lang='lat'><strong>,</strong></span> <span class='ocrx_word' id='word_1_243' title='bbox 1216 2065 1366 2120; x_wconf 84' lang='lat' dir='ltr'><strong>aliud</strong></span> <span class='ocrx_word' id='word_1_244' title='bbox 1398 2065 1623 2136; x_wconf 91' lang='lat' dir='ltr'><strong>impium</strong></span> <span class='ocrx_word' id='word_1_245' title='bbox 1652 2073 1706 2119; x_wconf 88' lang='lat' dir='ltr'><strong>et</strong></span> <span class='ocrx_word' id='word_1_246' title='bbox 1735 2065 1956 2118; x_wconf 86' lang='lat' dir='ltr'><strong>atheuln</strong></span> <span class='ocrx_word' id='word_1_247' title='bbox 2009 2077 2134 2118; x_wconf 86' lang='lat' dir='ltr'><strong>esse</strong></span> 
     </span>
    </p>
   </div>
   <div class='ocr_carea' id='block_1_38' title="bbox 550 2155 2135 2232">
    <p class='ocr_par' dir='ltr' id='par_1_38' title="bbox 550 2155 2135 2232">
     <span class='ocr_line' id='line_1_38' title="bbox 550 2155 2135 2232; baseline -0.006 -15"><span class='ocrx_word' id='word_1_248' title='bbox 550 2161 817 2232; x_wconf 75' lang='lat' dir='ltr'><strong>comperi,</strong></span> <span class='ocrx_word' id='word_1_249' title='bbox 869 2175 1062 2229; x_wconf 78' lang='lat' dir='ltr'><strong>nempe</strong></span> <span class='ocrx_word' id='word_1_250' title='bbox 1118 2158 1275 2222; x_wconf 86' lang='lat' dir='ltr'><strong>illud,</strong></span> <span class='ocrx_word' id='word_1_251' title='bbox 1330 2158 1471 2228; x_wconf 82' lang='lat' dir='ltr'><strong>Ergo</strong></span> <span class='ocrx_word' id='word_1_252' title='bbox 1509 2158 1622 2210; x_wconf 82' lang='lat' dir='ltr'><strong>sine</strong></span> <span class='ocrx_word' id='word_1_253' title='bbox 1650 2172 1816 2210; x_wconf 84' lang='lat' dir='ltr'><strong>causa</strong></span> <span class='ocrx_word' id='word_1_254' title='bbox 1837 2155 2135 2224; x_wconf 82' lang='lat' dir='ltr'><strong>justiﬁcaoi</strong></span> 
     </span>
    </p>
   </div>
   <div class='ocr_carea' id='block_1_39' title="bbox 553 2244 2136 2318">
    <p class='ocr_par' dir='ltr' id='par_1_39' title="bbox 553 2244 2136 2318">
     <span class='ocr_line' id='line_1_39' title="bbox 553 2244 2136 2318; baseline -0.004 -11"><span class='ocrx_word' id='word_1_255' title='bbox 553 2269 646 2307; x_wconf 80' lang='lat' dir='ltr'><strong>eor</strong></span> <span class='ocrx_word' id='word_1_256' title='bbox 675 2267 881 2315; x_wconf 80' lang='lat' dir='ltr'><strong>nicum;</strong></span> <span class='ocrx_word' id='word_1_257' title='bbox 912 2249 1060 2305; x_wconf 87' lang='lat' dir='ltr'><strong>aliud</strong></span> <span class='ocrx_word' id='word_1_258' title='bbox 1092 2263 1242 2315; x_wconf 83' lang='lat' dir='ltr'><strong>vero,</strong></span> <span class='ocrx_word' id='word_1_259' title='bbox 1277 2263 1472 2318; x_wconf 87' lang='lat' dir='ltr'><strong>nempe</strong></span> <span class='ocrx_word' id='word_1_260' title='bbox 1509 2247 1577 2302; x_wconf 85' lang='lat' dir='ltr'><strong>de</strong></span> <span class='ocrx_word' id='word_1_261' title='bbox 1611 2244 1958 2316; x_wconf 78' lang='lat' dir='ltr'><strong>intelligenda</strong></span> <span class='ocrx_word' id='word_1_262' title='bbox 1988 2260 2136 2314; x_wconf 65' lang='lat' dir='ltr'><strong>quae-</strong></span> 
     </span>
    </p>
   </div>
   <div class='ocr_carea' id='block_1_40' title="bbox 553 2337 2132 2414">
    <p class='ocr_par' dir='ltr' id='par_1_40' title="bbox 553 2337 2132 2414">
     <span class='ocr_line' id='line_1_40' title="bbox 553 2337 2132 2414; baseline -0.007 -13"><span class='ocrx_word' id='word_1_263' title='bbox 553 2347 754 2408; x_wconf 85' lang='lat' dir='ltr'><strong>stione,</strong></span> <span class='ocrx_word' id='word_1_264' title='bbox 789 2345 1008 2414; x_wconf 88' lang='lat' dir='ltr'><strong>plenum</strong></span> <span class='ocrx_word' id='word_1_265' title='bbox 1052 2341 1236 2396; x_wconf 86' lang='lat' dir='ltr'><strong>labore</strong></span> <span class='ocrx_word' id='word_1_266' title='bbox 1264 2347 1318 2395; x_wconf 91' lang='lat' dir='ltr'><strong>et</strong></span> <span class='ocrx_word' id='word_1_267' title='bbox 1349 2338 1744 2408; x_wconf 80' lang='lat' dir='ltr'><strong>defatigatione</strong></span> <span class='ocrx_word' id='word_1_268' title='bbox 1774 2337 2132 2406; x_wconf 78' lang='lat' dir='ltr'><strong>deprehendi,</strong></span> 
     </span>
    </p>
   </div>
   <div class='ocr_carea' id='block_1_41' title="bbox 553 2427 2132 2507">
    <p class='ocr_par' dir='ltr' id='par_1_41' title="bbox 553 2427 2132 2507">
     <span class='ocr_line' id='line_1_41' title="bbox 553 2427 2132 2507; baseline -0.007 -15"><span class='ocrx_word' id='word_1_269' title='bbox 553 2438 626 2492; x_wconf 84' lang='lat' dir='ltr'><strong>ob</strong></span> <span class='ocrx_word' id='word_1_270' title='bbox 674 2434 1104 2507; x_wconf 82' lang='lat' dir='ltr'><strong>profunditatem</strong></span> <span class='ocrx_word' id='word_1_271' title='bbox 1135 2433 1350 2488; x_wconf 77' lang='lat' dir='ltr'><strong>scilicet</strong></span> <span class='ocrx_word' id='word_1_272' title='bbox 1383 2429 1704 2503; x_wconf 85' lang='lat' dir='ltr'><strong>divitiarum</strong></span> <span class='ocrx_word' id='word_1_273' title='bbox 1737 2428 1981 2484; x_wconf 71' lang='lat' dir='ltr'><strong>scientia:</strong></span> <span class='ocrx_word' id='word_1_274' title='bbox 2017 2427 2132 2494; x_wconf 80' lang='lat' dir='ltr'><strong>Dei,</strong></span> 
     </span>
    </p>
   </div>
   <div class='ocr_carea' id='block_1_42' title="bbox 553 2521 2138 2599">
    <p class='ocr_par' dir='ltr' id='par_1_42' title="bbox 553 2521 2138 2599">
     <span class='ocr_line' id='line_1_42' title="bbox 553 2521 2138 2599; baseline -0.004 -16"><span class='ocrx_word' id='word_1_275' title='bbox 553 2537 608 2584; x_wconf 88' lang='lat' dir='ltr'><strong>et</strong></span> <span class='ocrx_word' id='word_1_276' title='bbox 629 2527 777 2599; x_wconf 83' lang='lat' dir='ltr'><strong>quod</strong></span> <span class='ocrx_word' id='word_1_277' title='bbox 795 2524 1375 2596; x_wconf 84' lang='lat' dir='ltr'><strong>incomprehensibilia</strong></span> <span class='ocrx_word' id='word_1_278' title='bbox 1394 2523 1505 2576; x_wconf 83' lang='lat' dir='ltr'><strong>sint</strong></span> <span class='ocrx_word' id='word_1_279' title='bbox 1523 2521 1728 2592; x_wconf 87' lang='lat' dir='ltr'><strong>judicia</strong></span> <span class='ocrx_word' id='word_1_280' title='bbox 1749 2521 1893 2585; x_wconf 88' lang='lat' dir='ltr'><strong>ejus,</strong></span> <span class='ocrx_word' id='word_1_281' title='bbox 1909 2532 1963 2576; x_wconf 91' lang='lat' dir='ltr'><strong>et</strong></span> <span class='ocrx_word' id='word_1_282' title='bbox 1989 2521 2138 2576; x_wconf 87' lang='lat' dir='ltr'><strong>inve-</strong></span> 
     </span>
    </p>
   </div>
   <div class='ocr_carea' id='block_1_43' title="bbox 553 2615 2137 2692">
    <p class='ocr_par' dir='ltr' id='par_1_43' title="bbox 553 2615 2137 2692">
     <span class='ocr_line' id='line_1_43' title="bbox 553 2615 2137 2692; baseline -0.007 -13"><span class='ocrx_word' id='word_1_283' title='bbox 553 2622 838 2692; x_wconf 75' lang='lat' dir='ltr'><strong>stigabiles</strong></span> <span class='ocrx_word' id='word_1_284' title='bbox 865 2620 968 2674; x_wconf 75' lang='lat' dir='ltr'><strong>via:</strong></span> <span class='ocrx_word' id='word_1_285' title='bbox 999 2619 1156 2688; x_wconf 88' lang='lat' dir='ltr'><strong>ejus;</strong></span> <span class='ocrx_word' id='word_1_286' title='bbox 1189 2619 1242 2672; x_wconf 93' lang='lat' dir='ltr'><strong>in</strong></span> <span class='ocrx_word' id='word_1_287' title='bbox 1267 2617 1427 2672; x_wconf 84' lang='lat' dir='ltr'><strong>tertio</strong></span> <span class='ocrx_word' id='word_1_288' title='bbox 1457 2623 1639 2671; x_wconf 88' lang='lat' dir='ltr'><strong>autem</strong></span> <span class='ocrx_word' id='word_1_289' title='bbox 1673 2616 1917 2681; x_wconf 80' lang='lat' dir='ltr'><strong>substiti,</strong></span> <span class='ocrx_word' id='word_1_290' title='bbox 1951 2630 2016 2668; x_wconf 87' lang='lat' dir='ltr'><strong>ac</strong></span> <span class='ocrx_word' id='word_1_291' title='bbox 2048 2615 2137 2669; x_wconf 85' lang='lat' dir='ltr'><strong>de-</strong></span> 
     </span>
    </p>
   </div>
   <div class='ocr_carea' id='block_1_44' title="bbox 553 2708 2137 2784">
    <p class='ocr_par' dir='ltr' id='par_1_44' title="bbox 553 2708 2137 2784">
     <span class='ocr_line' id='line_1_44' title="bbox 553 2708 2137 2784; baseline -0.006 -13"><span class='ocrx_word' id='word_1_292' title='bbox 553 2716 704 2773; x_wconf 82' lang='lat' dir='ltr'><strong>crevi</strong></span> <span class='ocrx_word' id='word_1_293' title='bbox 733 2712 965 2784; x_wconf 80' lang='lat' dir='ltr'><strong>gradum</strong></span> <span class='ocrx_word' id='word_1_294' title='bbox 999 2713 1196 2771; x_wconf 83' lang='lat' dir='ltr'><strong>sistere</strong></span> <span class='ocrx_word' id='word_1_295' title='bbox 1219 2719 1384 2781; x_wconf 85' lang='lat' dir='ltr'><strong>atque</strong></span> <span class='ocrx_word' id='word_1_296' title='bbox 1414 2715 1756 2780; x_wconf 77' lang='lat' dir='ltr'><strong>exspectare,</strong></span> <span class='ocrx_word' id='word_1_297' title='bbox 1780 2708 2137 2777; x_wconf 90' lang='lat' dir='ltr'><strong>omniumque</strong></span> 
     </span>
    </p>
   </div>
   <div class='ocr_carea' id='block_1_45' title="bbox 555 2798 2139 2868">
    <p class='ocr_par' dir='ltr' id='par_1_45' title="bbox 555 2798 2139 2868">
     <span class='ocr_line' id='line_1_45' title="bbox 555 2798 2139 2868; baseline -0.003 -10"><span class='ocrx_word' id='word_1_298' title='bbox 555 2803 715 2860; x_wconf 78' lang='lat' dir='ltr'><strong>finem</strong></span> <span class='ocrx_word' id='word_1_299' title='bbox 746 2801 1120 2858; x_wconf 83' lang='lat' dir='ltr'><strong>considerare.</strong></span> <span class='ocrx_word' id='word_1_300' title='bbox 1148 2801 1286 2855; x_wconf 82' lang='lat' dir='ltr'><strong>Cum</strong></span> <span class='ocrx_word' id='word_1_301' title='bbox 1320 2798 1452 2854; x_wconf 88' lang='lat' dir='ltr'><strong>huic</strong></span> <span class='ocrx_word' id='word_1_302' title='bbox 1475 2799 1795 2868; x_wconf 82' lang='lat' dir='ltr'><strong>cogitationi</strong></span> <span class='ocrx_word' id='word_1_303' title='bbox 1829 2798 2139 2868; x_wconf 82' lang='lat' dir='ltr'><strong>acquievis-</strong></span> 
     </span>
    </p>
   </div>
   <div class='ocr_carea' id='block_1_46' title="bbox 553 2889 2136 2973">
    <p class='ocr_par' dir='ltr' id='par_1_46' title="bbox 553 2889 2136 2973">
     <span class='ocr_line' id='line_1_46' title="bbox 553 2889 2136 2973; baseline -0.004 -21"><span class='ocrx_word' id='word_1_304' title='bbox 553 2911 692 2960; x_wconf 87' lang='lat' dir='ltr'><strong>sein,</strong></span> <span class='ocrx_word' id='word_1_305' title='bbox 728 2903 916 2966; x_wconf 85' lang='lat' dir='ltr'><strong>utpote</strong></span> <span class='ocrx_word' id='word_1_306' title='bbox 939 2909 1061 2964; x_wconf 78' lang='lat' dir='ltr'><strong>quae</strong></span> <span class='ocrx_word' id='word_1_307' title='bbox 1090 2894 1177 2963; x_wconf 83' lang='lat' dir='ltr'><strong>pia</strong></span> <span class='ocrx_word' id='word_1_308' title='bbox 1215 2907 1454 2962; x_wconf 89' lang='lat' dir='ltr'><strong>veraque</strong></span> <span class='ocrx_word' id='word_1_309' title='bbox 1477 2891 1571 2954; x_wconf 87' lang='lat' dir='ltr'><strong>sit,</strong></span> <span class='ocrx_word' id='word_1_310' title='bbox 1598 2907 1664 2946; x_wconf 82' lang='lat' dir='ltr'><strong>ex</strong></span> <span class='ocrx_word' id='word_1_311' title='bbox 1689 2889 1793 2945; x_wconf 86' lang='lat' dir='ltr'><strong>fide</strong></span> <span class='ocrx_word' id='word_1_312' title='bbox 1818 2889 2136 2973; x_wconf 58' lang='lat' dir='ltr'><strong>huiusmodi</strong></span> 
     </span>
    </p>
   </div>
   <div class='ocr_carea' id='block_1_47' title="bbox 553 2981 2134 3057">
    <p class='ocr_par' dir='ltr' id='par_1_47' title="bbox 553 2981 2134 3057">
     <span class='ocr_line' id='line_1_47' title="bbox 553 2981 2134 3057; baseline -0.006 -12"><span class='ocrx_word' id='word_1_313' title='bbox 553 2990 845 3045; x_wconf 86' lang='lat' dir='ltr'><strong>utilitatem</strong></span> <span class='ocrx_word' id='word_1_314' title='bbox 872 2987 1079 3057; x_wconf 87' lang='lat' dir='ltr'><strong>accepi.</strong></span> <span class='ocrx_word' id='word_1_315' title='bbox 1113 2984 1248 3039; x_wconf 83' lang='lat' dir='ltr'><strong>Nam</strong></span> <span class='ocrx_word' id='word_1_316' title='bbox 1286 2982 1492 3054; x_wconf 90' lang='lat' dir='ltr'><strong>Spiritu</strong></span> <span class='ocrx_word' id='word_1_317' title='bbox 1526 2991 1721 3039; x_wconf 90' lang='lat' dir='ltr'><strong>sancto</strong></span> <span class='ocrx_word' id='word_1_318' title='bbox 1753 2982 1967 3038; x_wconf 82' lang='lat' dir='ltr'><strong>amatus</strong></span> <span class='ocrx_word' id='word_1_319' title='bbox 2008 2981 2134 3036; x_wconf 91' lang='lat' dir='ltr'><strong>novi</strong></span> 
     </span>
    </p>
   </div>
   <div class='ocr_carea' id='block_1_48' title="bbox 552 3073 2135 3154">
    <p class='ocr_par' dir='ltr' id='par_1_48' title="bbox 552 3073 2135 3154">
     <span class='ocr_line' id='line_1_48' title="bbox 552 3073 2135 3154; baseline -0.006 -16"><span class='ocrx_word' id='word_1_320' title='bbox 552 3080 832 3154; x_wconf 89' lang='lat' dir='ltr'><strong>quomodo</strong></span> <span class='ocrx_word' id='word_1_321' title='bbox 855 3089 1078 3152; x_wconf 89' lang='lat' dir='ltr'><strong>propter</strong></span> <span class='ocrx_word' id='word_1_322' title='bbox 1107 3077 1264 3134; x_wconf 89' lang='lat' dir='ltr'><strong>dolos</strong></span> <span class='ocrx_word' id='word_1_323' title='bbox 1295 3091 1485 3131; x_wconf 90' lang='lat' dir='ltr'><strong>eorum</strong></span> <span class='ocrx_word' id='word_1_324' title='bbox 1537 3090 1646 3130; x_wconf 86' lang='lat' dir='ltr'><strong>non</strong></span> <span class='ocrx_word' id='word_1_325' title='bbox 1679 3075 1773 3130; x_wconf 89' lang='lat' dir='ltr'><strong>diu</strong></span> <span class='ocrx_word' id='word_1_326' title='bbox 1816 3082 2006 3145; x_wconf 87' lang='lat' dir='ltr'><strong>postea</strong></span> <span class='ocrx_word' id='word_1_327' title='bbox 2038 3073 2135 3128; x_wconf 83' lang='lat' dir='ltr'><strong>de-</strong></span> 
     </span>
    </p>
   </div>
   <div class='ocr_carea' id='block_1_49' title="bbox 549 3166 2136 3246">
    <p class='ocr_par' dir='ltr' id='par_1_49' title="bbox 549 3166 2136 3246">
     <span class='ocr_line' id='line_1_49' title="bbox 549 3166 2136 3246; baseline -0.008 -14"><span class='ocrx_word' id='word_1_328' title='bbox 549 3174 802 3246; x_wconf 76' lang='lat' dir='ltr'><strong>iecturus</strong></span> <span class='ocrx_word' id='word_1_329' title='bbox 829 3174 901 3229; x_wconf 89' lang='lat' dir='ltr'><strong>sit</strong></span> <span class='ocrx_word' id='word_1_330' title='bbox 933 3188 1030 3228; x_wconf 88' lang='lat' dir='ltr'><strong>eos</strong></span> <span class='ocrx_word' id='word_1_331' title='bbox 1065 3169 1226 3232; x_wconf 81' lang='lat' dir='ltr'><strong>hens,</strong></span> <span class='ocrx_word' id='word_1_332' title='bbox 1280 3175 1570 3238; x_wconf 84' lang='lat' dir='ltr'><strong>postquam</strong></span> <span class='ocrx_word' id='word_1_333' title='bbox 1606 3166 1735 3222; x_wconf 88' lang='lat' dir='ltr'><strong>elati</strong></span> <span class='ocrx_word' id='word_1_334' title='bbox 1774 3167 1828 3220; x_wconf 93' lang='lat' dir='ltr'><strong>in</strong></span> <span class='ocrx_word' id='word_1_335' title='bbox 1875 3166 2136 3222; x_wconf 87' lang='lat' dir='ltr'><strong>sublime-</strong></span> 
     </span>
    </p>
   </div>
   <div class='ocr_carea' id='block_1_50' title="bbox 554 3257 2137 3340">
    <p class='ocr_par' dir='ltr' id='par_1_50' title="bbox 554 3257 2137 3340">
     <span class='ocr_line' id='line_1_50' title="bbox 554 3257 2137 3340; baseline -0.009 -15"><span class='ocrx_word' id='word_1_336' title='bbox 554 3283 664 3340; x_wconf 87' lang='lat' dir='ltr'><strong>que</strong></span> <span class='ocrx_word' id='word_1_337' title='bbox 687 3267 864 3322; x_wconf 80' lang='lat' dir='ltr'><strong>evecti</strong></span> <span class='ocrx_word' id='word_1_338' title='bbox 906 3266 1141 3320; x_wconf 88' lang='lat' dir='ltr'><strong>fuerant.</strong></span> <span class='ocrx_word' id='word_1_339' title='bbox 1176 3261 1291 3315; x_wconf 88' lang='lat' dir='ltr'><strong>Sub</strong></span> <span class='ocrx_word' id='word_1_340' title='bbox 1320 3260 1434 3314; x_wconf 70' lang='lat' dir='ltr'><strong>haec</strong></span> <span class='ocrx_word' id='word_1_341' title='bbox 1468 3267 1650 3314; x_wconf 89' lang='lat' dir='ltr'><strong>autem</strong></span> <span class='ocrx_word' id='word_1_342' title='bbox 1678 3257 2040 3322; x_wconf 87' lang='lat' dir='ltr'><strong>illuminatus,</strong></span> <span class='ocrx_word' id='word_1_343' title='bbox 2072 3272 2137 3312; x_wconf 87' lang='lat' dir='ltr'><strong>ac</strong></span> 
     </span>
    </p>
   </div>
   <div class='ocr_carea' id='block_1_51' title="bbox 553 3350 2136 3433">
    <p class='ocr_par' dir='ltr' id='par_1_51' title="bbox 553 3350 2136 3433">
     <span class='ocr_line' id='line_1_51' title="bbox 553 3350 2136 3433; baseline -0.007 -18"><span class='ocrx_word' id='word_1_344' title='bbox 553 3358 876 3433; x_wconf 83' lang='lat' dir='ltr'><strong>prophetica</strong></span> <span class='ocrx_word' id='word_1_345' title='bbox 909 3357 1110 3412; x_wconf 88' lang='lat' dir='ltr'><strong>virtute</strong></span> <span class='ocrx_word' id='word_1_346' title='bbox 1131 3354 1346 3407; x_wconf 89' lang='lat' dir='ltr'><strong>ruinam</strong></span> <span class='ocrx_word' id='word_1_347' title='bbox 1372 3353 1528 3422; x_wconf 86' lang='lat' dir='ltr'><strong>ipsos</strong></span> <span class='ocrx_word' id='word_1_348' title='bbox 1559 3350 1614 3404; x_wconf 91' lang='lat' dir='ltr'><strong>in</strong></span> <span class='ocrx_word' id='word_1_349' title='bbox 1644 3350 1750 3405; x_wconf 85' lang='lat' dir='ltr'><strong>fine</strong></span> <span class='ocrx_word' id='word_1_350' title='bbox 1779 3359 2136 3421; x_wconf 80' lang='lat' dir='ltr'><strong>exceptuan</strong></span> 
     </span>
    </p>
   </div>
   <div class='ocr_carea' id='block_1_52' title="bbox 555 3439 2139 3525">
    <p class='ocr_par' dir='ltr' id='par_1_52' title="bbox 555 3439 2139 3525">
     <span class='ocr_line' id='line_1_52' title="bbox 555 3439 2139 3525; baseline -0.007 -18"><span class='ocrx_word' id='word_1_351' title='bbox 555 3452 924 3525; x_wconf 87' lang='lat' dir='ltr'><strong>prospiciens,</strong></span> <span class='ocrx_word' id='word_1_352' title='bbox 961 3449 1087 3518; x_wconf 85' lang='lat' dir='ltr'><strong>jure</strong></span> <span class='ocrx_word' id='word_1_353' title='bbox 1117 3448 1279 3501; x_wconf 87' lang='lat' dir='ltr'><strong>dico:</strong></span> <span class='ocrx_word' id='word_1_354' title='bbox 1315 3442 1589 3511; x_wconf 85' lang='lat' dir='ltr'><strong>Quomodo</strong></span> <span class='ocrx_word' id='word_1_355' title='bbox 1631 3443 1764 3512; x_wconf 78' lang='lat' dir='ltr'><strong>facti</strong></span> <span class='ocrx_word' id='word_1_356' title='bbox 1793 3453 1916 3496; x_wconf 85' lang='lat' dir='ltr'><strong>sunt</strong></span> <span class='ocrx_word' id='word_1_357' title='bbox 1947 3443 2003 3497; x_wconf 90' lang='lat' dir='ltr'><strong>in</strong></span> <span class='ocrx_word' id='word_1_358' title='bbox 2045 3439 2139 3496; x_wconf 84' lang='lat' dir='ltr'><strong>de-</strong></span> 
     </span>
    </p>
   </div>
   <div class='ocr_carea' id='block_1_53' title="bbox 553 3535 2139 3608">
    <p class='ocr_par' dir='ltr' id='par_1_53' title="bbox 553 3535 2139 3608">
     <span class='ocr_line' id='line_1_53' title="bbox 553 3535 2139 3608; baseline -0.008 -8"><span class='ocrx_word' id='word_1_359' title='bbox 553 3544 874 3600; x_wconf 79' lang='lat' dir='ltr'><strong>solationem</strong></span> <span class='ocrx_word' id='word_1_360' title='bbox 906 3541 1128 3596; x_wconf 85' lang='lat' dir='ltr'><strong>subito?</strong></span> <span class='ocrx_word' id='word_1_361' title='bbox 1159 3539 1481 3608; x_wconf 77' lang='lat' dir='ltr'><strong>defecerunt,</strong></span> <span class='ocrx_word' id='word_1_362' title='bbox 1509 3539 1779 3608; x_wconf 86' lang='lat' dir='ltr'><strong>perierunt</strong></span> <span class='ocrx_word' id='word_1_363' title='bbox 1814 3546 2025 3604; x_wconf 81' lang='lat' dir='ltr'><strong>propter</strong></span> <span class='ocrx_word' id='word_1_364' title='bbox 2063 3535 2139 3588; x_wconf 89' lang='lat' dir='ltr'><strong>in-</strong></span> 
     </span>
    </p>
   </div>
   <div class='ocr_carea' id='block_1_54' title="bbox 555 3629 2140 3696">
    <p class='ocr_par' dir='ltr' id='par_1_54' title="bbox 555 3629 2140 3696">
     <span class='ocr_line' id='line_1_54' title="bbox 555 3629 2140 3696; baseline -0.008 -4"><span class='ocrx_word' id='word_1_365' title='bbox 555 3635 1031 3692; x_wconf 85' lang='lat' dir='ltr'><strong>eonsiderationem</strong></span> <span class='ocrx_word' id='word_1_366' title='bbox 1076 3649 1252 3696; x_wconf 85' lang='lat' dir='ltr'><strong>suum,</strong></span> <span class='ocrx_word' id='word_1_367' title='bbox 1312 3633 1442 3686; x_wconf 81' lang='lat' dir='ltr'><strong>facti</strong></span> <span class='ocrx_word' id='word_1_368' title='bbox 1476 3639 1605 3688; x_wconf 91' lang='lat' dir='ltr'><strong>sunt</strong></span> <span class='ocrx_word' id='word_1_369' title='bbox 1652 3633 1782 3685; x_wconf 87' lang='lat' dir='ltr'><strong>item</strong></span> <span class='ocrx_word' id='word_1_370' title='bbox 1826 3629 1966 3684; x_wconf 84' lang='lat' dir='ltr'><strong>velut</strong></span> <span class='ocrx_word' id='word_1_371' title='bbox 1997 3643 2140 3682; x_wconf 64' lang='lat' dir='ltr'><strong>soni-</strong></span> 
     </span>
    </p>
   </div>
   <div class='ocr_carea' id='block_1_55' title="bbox 558 3720 2138 3800">
    <p class='ocr_par' dir='ltr' id='par_1_55' title="bbox 558 3720 2138 3800">
     <span class='ocr_line' id='line_1_55' title="bbox 558 3720 2138 3800; baseline -0.007 -15"><span class='ocrx_word' id='word_1_372' title='bbox 558 3731 710 3800; x_wconf 57' lang='lat' dir='ltr'><strong>niung</strong></span> <span class='ocrx_word' id='word_1_373' title='bbox 739 3728 1038 3800; x_wconf 80' lang='lat' dir='ltr'><strong>surgentis.</strong></span> <span class='ocrx_word' id='word_1_374' title='bbox 1075 3727 1210 3779; x_wconf 87' lang='lat' dir='ltr'><strong>Dum</strong></span> <span class='ocrx_word' id='word_1_375' title='bbox 1243 3727 1369 3795; x_wconf 90' lang='lat' dir='ltr'><strong>quis</strong></span> <span class='ocrx_word' id='word_1_376' title='bbox 1392 3726 1540 3781; x_wconf 89' lang='lat' dir='ltr'><strong>enim</strong></span> <span class='ocrx_word' id='word_1_377' title='bbox 1569 3725 1625 3780; x_wconf 89' lang='lat' dir='ltr'><strong>in</strong></span> <span class='ocrx_word' id='word_1_378' title='bbox 1653 3723 1866 3780; x_wconf 90' lang='lat' dir='ltr'><strong>somnis</strong></span> <span class='ocrx_word' id='word_1_379' title='bbox 1889 3720 2138 3793; x_wconf 72' lang='lat' dir='ltr'><strong>quaedam</strong></span> 
     </span>
    </p>
   </div>
   <div class='ocr_carea' id='block_1_56' title="bbox 553 3796 2142 3891">
    <p class='ocr_par' dir='ltr' id='par_1_56' title="bbox 553 3796 2142 3891">
     <span class='ocr_line' id='line_1_56' title="bbox 553 3796 2142 3891; baseline -0.008 -16"><span class='ocrx_word' id='word_1_380' title='bbox 553 3796 910 3891; x_wconf 59' lang='lat' dir='ltr'><strong>imaginatur,</strong></span> <span class='ocrx_word' id='word_1_381' title='bbox 964 3815 1168 3874; x_wconf 86' lang='lat' dir='ltr'><strong>somnii</strong></span> <span class='ocrx_word' id='word_1_382' title='bbox 1203 3815 1494 3884; x_wconf 86' lang='lat' dir='ltr'><strong>phantasia</strong></span> <span class='ocrx_word' id='word_1_383' title='bbox 1525 3815 1811 3884; x_wconf 88' lang='lat' dir='ltr'><strong>deceptus,</strong></span> <span class='ocrx_word' id='word_1_384' title='bbox 1869 3827 1930 3868; x_wconf 89' lang='lat' dir='ltr'><strong>se</strong></span> <span class='ocrx_word' id='word_1_385' title='bbox 1984 3816 2142 3880; x_wconf 90' lang='lat' dir='ltr'><strong>putat</strong></span> 
     </span>
    </p>
   </div>
   <div class='ocr_carea' id='block_1_57' title="bbox 556 3911 2144 3984">
    <p class='ocr_par' dir='ltr' id='par_1_57' title="bbox 556 3911 2144 3984">
     <span class='ocr_line' id='line_1_57' title="bbox 556 3911 2144 3984; baseline -0.004 -17"><span class='ocrx_word' id='word_1_386' title='bbox 556 3911 768 3984; x_wconf 85' lang='lat' dir='ltr'><strong>aliquid</strong></span> <span class='ocrx_word' id='word_1_387' title='bbox 790 3926 989 3983; x_wconf 68' lang='lat' dir='ltr'><strong>agere;</strong></span> <span class='ocrx_word' id='word_1_388' title='bbox 1022 3917 1383 3982; x_wconf 80' lang='lat' dir='ltr'><strong>experrectus</strong></span> <span class='ocrx_word' id='word_1_389' title='bbox 1415 3923 1548 3964; x_wconf 90' lang='lat' dir='ltr'><strong>vero</strong></span> <span class='ocrx_word' id='word_1_390' title='bbox 1576 3923 1702 3963; x_wconf 93' lang='lat' dir='ltr'><strong>cum</strong></span> <span class='ocrx_word' id='word_1_391' title='bbox 1729 3915 1832 3970; x_wconf 86' lang='lat' dir='ltr'><strong>est,</strong></span> <span class='ocrx_word' id='word_1_392' title='bbox 1876 3919 2144 3963; x_wconf 79' lang='lat' dir='ltr'><strong>excusso-</strong></span> 
     </span>
    </p>
   </div>
   <div class='ocr_carea' id='block_1_58' title="bbox 555 3995 2142 4078">
    <p class='ocr_par' dir='ltr' id='par_1_58' title="bbox 555 3995 2142 4078">
     <span class='ocr_line' id='line_1_58' title="bbox 555 3995 2142 4078; baseline -0.008 -15"><span class='ocrx_word' id='word_1_393' title='bbox 555 4022 666 4078; x_wconf 84' lang='lat' dir='ltr'><strong>que</strong></span> <span class='ocrx_word' id='word_1_394' title='bbox 695 4019 912 4069; x_wconf 84' lang='lat' dir='ltr'><strong>somno,</strong></span> <span class='ocrx_word' id='word_1_395' title='bbox 947 4011 1259 4058; x_wconf 89' lang='lat' dir='ltr'><strong>commenta</strong></span> <span class='ocrx_word' id='word_1_396' title='bbox 1313 4002 1498 4057; x_wconf 90' lang='lat' dir='ltr'><strong>omnia</strong></span> <span class='ocrx_word' id='word_1_397' title='bbox 1549 4001 1873 4057; x_wconf 87' lang='lat' dir='ltr'><strong>abscedunt.</strong></span> <span class='ocrx_word' id='word_1_398' title='bbox 1908 3995 2002 4052; x_wconf 90' lang='lat' dir='ltr'><strong>Sic</strong></span> <span class='ocrx_word' id='word_1_399' title='bbox 2038 3997 2142 4051; x_wconf 84' lang='lat' dir='ltr'><strong>ini-</strong></span> 
     </span>
    </p>
   </div>
   <div class='ocr_carea' id='block_1_59' title="bbox 559 4088 2138 4170">
    <p class='ocr_par' dir='ltr' id='par_1_59' title="bbox 559 4088 2138 4170">
     <span class='ocr_line' id='line_1_59' title="bbox 559 4088 2138 4170; baseline -0.006 -18"><span class='ocrx_word' id='word_1_400' title='bbox 559 4099 777 4170; x_wconf 90' lang='lat' dir='ltr'><strong>piorum</strong></span> <span class='ocrx_word' id='word_1_401' title='bbox 807 4097 864 4155; x_wconf 79' lang='lat' dir='ltr'><strong>in</strong></span> <span class='ocrx_word' id='word_1_402' title='bbox 894 4097 996 4151; x_wconf 88' lang='lat' dir='ltr'><strong>hac</strong></span> <span class='ocrx_word' id='word_1_403' title='bbox 1028 4097 1138 4150; x_wconf 90' lang='lat' dir='ltr'><strong>vita</strong></span> <span class='ocrx_word' id='word_1_404' title='bbox 1171 4095 1550 4151; x_wconf 83' lang='lat' dir='ltr'><strong>commentitia</strong></span> <span class='ocrx_word' id='word_1_405' title='bbox 1595 4093 1851 4155; x_wconf 87' lang='lat' dir='ltr'><strong>felicitas,</strong></span> <span class='ocrx_word' id='word_1_406' title='bbox 1909 4088 2138 4154; x_wconf 66' lang='lat' dir='ltr'><strong>divitiae,</strong></span> 
     </span>
    </p>
   </div>
   <div class='ocr_carea' id='block_1_60' title="bbox 562 4182 2142 4260">
    <p class='ocr_par' dir='ltr' id='par_1_60' title="bbox 562 4182 2142 4260">
     <span class='ocr_line' id='line_1_60' title="bbox 562 4182 2142 4260; baseline -0.007 -15"><span class='ocrx_word' id='word_1_407' title='bbox 562 4188 842 4260; x_wconf 66' lang='lat' dir='ltr'><strong>superbia,</strong></span> <span class='ocrx_word' id='word_1_408' title='bbox 879 4190 1040 4243; x_wconf 81' lang='lat' dir='ltr'><strong>tinem</strong></span> <span class='ocrx_word' id='word_1_409' title='bbox 1076 4187 1382 4243; x_wconf 86' lang='lat' dir='ltr'><strong>sortientur</strong></span> <span class='ocrx_word' id='word_1_410' title='bbox 1434 4186 1669 4241; x_wconf 89' lang='lat' dir='ltr'><strong>similem</strong></span> <span class='ocrx_word' id='word_1_411' title='bbox 1713 4182 2142 4248; x_wconf 86' lang='lat' dir='ltr'><strong>somniantibus,</strong></span> 
     </span>
    </p>
   </div>
   <div class='ocr_carea' id='block_1_61' title="bbox 559 4277 2142 4354">
    <p class='ocr_par' dir='ltr' id='par_1_61' title="bbox 559 4277 2142 4354">
     <span class='ocr_line' id='line_1_61' title="bbox 559 4277 2142 4354; baseline -0.003 -19"><span class='ocrx_word' id='word_1_412' title='bbox 559 4284 652 4352; x_wconf 91' lang='lat' dir='ltr'><strong>qui</strong></span> <span class='ocrx_word' id='word_1_413' title='bbox 695 4289 884 4354; x_wconf 86' lang='lat' dir='ltr'><strong>postea</strong></span> <span class='ocrx_word' id='word_1_414' title='bbox 918 4280 1250 4352; x_wconf 79' lang='lat' dir='ltr'><strong>experrecti.</strong></span> <span class='ocrx_word' id='word_1_415' title='bbox 1275 4279 1483 4334; x_wconf 88' lang='lat' dir='ltr'><strong>nullam</strong></span> <span class='ocrx_word' id='word_1_416' title='bbox 1520 4294 1634 4334; x_wconf 88' lang='lat' dir='ltr'><strong>rem</strong></span> <span class='ocrx_word' id='word_1_417' title='bbox 1665 4293 1858 4334; x_wconf 87' lang='lat' dir='ltr'><strong>earum</strong></span> <span class='ocrx_word' id='word_1_418' title='bbox 1889 4291 2028 4348; x_wconf 88' lang='lat' dir='ltr'><strong>quas</strong></span> <span class='ocrx_word' id='word_1_419' title='bbox 2059 4277 2142 4330; x_wconf 89' lang='lat' dir='ltr'><strong>vi-</strong></span> 
     </span>
    </p>
   </div>
   <div class='ocr_carea' id='block_1_62' title="bbox 560 4369 2146 4442">
    <p class='ocr_par' dir='ltr' id='par_1_62' title="bbox 560 4369 2146 4442">
     <span class='ocr_line' id='line_1_62' title="bbox 560 4369 2146 4442; baseline -0.001 -16"><span class='ocrx_word' id='word_1_420' title='bbox 560 4373 693 4426; x_wconf 85' lang='lat' dir='ltr'><strong>dere</strong></span> <span class='ocrx_word' id='word_1_421' title='bbox 735 4387 796 4426; x_wconf 91' lang='lat' dir='ltr'><strong>se</strong></span> <span class='ocrx_word' id='word_1_422' title='bbox 824 4386 889 4426; x_wconf 90' lang='lat' dir='ltr'><strong>ac</strong></span> <span class='ocrx_word' id='word_1_423' title='bbox 917 4378 1105 4426; x_wconf 88' lang='lat' dir='ltr'><strong>tenere</strong></span> <span class='ocrx_word' id='word_1_424' title='bbox 1135 4370 1529 4442; x_wconf 84' lang='lat' dir='ltr'><strong>epinabantur,</strong></span> <span class='ocrx_word' id='word_1_425' title='bbox 1583 4384 1696 4440; x_wconf 74' lang='lat' dir='ltr'><strong>prae</strong></span> <span class='ocrx_word' id='word_1_426' title='bbox 1733 4369 1984 4425; x_wconf 89' lang='lat' dir='ltr'><strong>manibus</strong></span> <span class='ocrx_word' id='word_1_427' title='bbox 2014 4370 2146 4424; x_wconf 87' lang='lat' dir='ltr'><strong>reti-</strong></span> 
     </span>
    </p>
   </div>
   <div class='ocr_carea' id='block_1_63' title="bbox 561 4461 2224 4538">
    <p class='ocr_par' dir='ltr' id='par_1_63' title="bbox 561 4461 2224 4538">
     <span class='ocr_line' id='line_1_63' title="bbox 561 4461 2224 4538; baseline 0 -21"><span class='ocrx_word' id='word_1_428' title='bbox 561 4471 716 4519; x_wconf 88' lang='lat' dir='ltr'><strong>nent.</strong></span> <span class='ocrx_word' id='word_1_429' title='bbox 754 4461 1070 4518; x_wconf 86' lang='lat' dir='ltr'><strong>Secundum</strong></span> <span class='ocrx_word' id='word_1_430' title='bbox 1105 4461 1496 4535; x_wconf 85' lang='lat' dir='ltr'><strong>Symmachum</strong></span> <span class='ocrx_word' id='word_1_431' title='bbox 1529 4469 1736 4528; x_wconf 90' lang='lat' dir='ltr'><strong>autem,</strong></span> <span class='ocrx_word' id='word_1_432' title='bbox 1770 4461 1920 4516; x_wconf 89' lang='lat' dir='ltr'><strong>illius</strong></span> <span class='ocrx_word' id='word_1_433' title='bbox 1971 4461 2093 4516; x_wconf 91' lang='lat' dir='ltr'><strong>loco</strong></span> <span class='ocrx_word' id='word_1_434' title='bbox 2123 4481 2137 4517; x_wconf 89' lang='lat'><strong>:</strong></span> <span class='ocrx_word' id='word_1_435' title='bbox 2167 4474 2224 4538; x_wconf 78' lang='lat' dir='ltr'><strong><em>D</em></strong></span> 
     </span>
    </p>
   </div>
   <div class='ocr_carea' id='block_1_64' title="bbox 572 4555 2139 4626">
    <p class='ocr_par' dir='ltr' id='par_1_64' title="bbox 572 4555 2139 4626">
     <span class='ocr_line' id='line_1_64' title="bbox 572 4555 2139 4626; baseline 0.001 -17"><span class='ocrx_word' id='word_1_436' title='bbox 572 4555 946 4612; x_wconf 72' lang='lat' dir='ltr'><strong>Verumtamen</strong></span> <span class='ocrx_word' id='word_1_437' title='bbox 972 4567 1188 4626; x_wconf 86' lang='lat' dir='ltr'><strong>propter</strong></span> <span class='ocrx_word' id='word_1_438' title='bbox 1217 4555 1369 4611; x_wconf 88' lang='lat' dir='ltr'><strong>dolos</strong></span> <span class='ocrx_word' id='word_1_439' title='bbox 1395 4556 1621 4624; x_wconf 79' lang='lat' dir='ltr'><strong>posuisti</strong></span> <span class='ocrx_word' id='word_1_440' title='bbox 1645 4555 1742 4621; x_wconf 90' lang='lat' dir='ltr'><strong>eis,</strong></span> <span class='ocrx_word' id='word_1_441' title='bbox 1777 4555 1860 4610; x_wconf 87' lang='lat' dir='ltr'><strong>sic</strong></span> <span class='ocrx_word' id='word_1_442' title='bbox 1892 4555 2096 4611; x_wconf 85' lang='lat' dir='ltr'><strong>dicitur</strong></span> <span class='ocrx_word' id='word_1_443' title='bbox 2124 4575 2139 4610; x_wconf 84' lang='lat'><strong>:</strong></span> 
     </span>
    </p>
   </div>
   <div class='ocr_carea' id='block_1_65' title="bbox 576 4647 2147 4719">
    <p class='ocr_par' dir='ltr' id='par_1_65' title="bbox 576 4647 2147 4719">
     <span class='ocr_line' id='line_1_65' title="bbox 576 4647 2147 4719; baseline -0.003 -15"><span class='ocrx_word' id='word_1_444' title='bbox 576 4649 700 4705; x_wconf 88' lang='lat' dir='ltr'><strong>Vere</strong></span> <span class='ocrx_word' id='word_1_445' title='bbox 734 4651 788 4704; x_wconf 89' lang='lat' dir='ltr'><strong>in</strong></span> <span class='ocrx_word' id='word_1_446' title='bbox 813 4649 966 4718; x_wconf 86' lang='lat' dir='ltr'><strong>lapsu</strong></span> <span class='ocrx_word' id='word_1_447' title='bbox 1008 4650 1238 4719; x_wconf 85' lang='lat' dir='ltr'><strong>posuisti</strong></span> <span class='ocrx_word' id='word_1_448' title='bbox 1260 4665 1370 4710; x_wconf 87' lang='lat' dir='ltr'><strong>eos,</strong></span> <span class='ocrx_word' id='word_1_449' title='bbox 1413 4647 1654 4716; x_wconf 85' lang='lat' dir='ltr'><strong>dejecisti</strong></span> <span class='ocrx_word' id='word_1_450' title='bbox 1681 4663 1769 4701; x_wconf 87' lang='lat' dir='ltr'><strong>eos</strong></span> <span class='ocrx_word' id='word_1_451' title='bbox 1806 4647 1860 4700; x_wconf 91' lang='lat' dir='ltr'><strong>in</strong></span> <span class='ocrx_word' id='word_1_452' title='bbox 1889 4647 2147 4715; x_wconf 85' lang='lat' dir='ltr'><strong>perditio-</strong></span> 
     </span>
    </p>
   </div>
   <div class='ocr_carea' id='block_1_66' title="bbox 562 4740 2146 4810">
    <p class='ocr_par' dir='ltr' id='par_1_66' title="bbox 562 4740 2146 4810">
     <span class='ocr_line' id='line_1_66' title="bbox 562 4740 2146 4810; baseline -0.003 -14"><span class='ocrx_word' id='word_1_453' title='bbox 562 4760 652 4796; x_wconf 88' lang='lat' dir='ltr'><strong>nes</strong></span> <span class='ocrx_word' id='word_1_454' title='bbox 687 4759 706 4797; x_wconf 90' lang='lat'><strong><em>:</em></strong></span> <span class='ocrx_word' id='word_1_455' title='bbox 745 4741 919 4796; x_wconf 86' lang='lat' dir='ltr'><strong>subito</strong></span> <span class='ocrx_word' id='word_1_456' title='bbox 949 4741 1273 4810; x_wconf 76' lang='lat' dir='ltr'><strong>defecerunt,</strong></span> <span class='ocrx_word' id='word_1_457' title='bbox 1333 4740 1632 4808; x_wconf 88' lang='lat' dir='ltr'><strong>consumpti</strong></span> <span class='ocrx_word' id='word_1_458' title='bbox 1683 4748 1831 4802; x_wconf 87' lang='lat' dir='ltr'><strong>sunt,</strong></span> <span class='ocrx_word' id='word_1_459' title='bbox 1869 4756 1931 4792; x_wconf 85' lang='lat' dir='ltr'><strong>ac</strong></span> <span class='ocrx_word' id='word_1_460' title='bbox 1962 4740 2010 4792; x_wconf 86' lang='lat' dir='ltr'><strong>si</strong></span> <span class='ocrx_word' id='word_1_461' title='bbox 2041 4755 2146 4793; x_wconf 88' lang='lat' dir='ltr'><strong>non</strong></span> 
     </span>
    </p>
   </div>
   <div class='ocr_carea' id='block_1_67' title="bbox 561 4830 2146 4904">
    <p class='ocr_par' dir='ltr' id='par_1_67' title="bbox 561 4830 2146 4904">
     <span class='ocr_line' id='line_1_67' title="bbox 561 4830 2146 4904; baseline -0.003 -15"><span class='ocrx_word' id='word_1_462' title='bbox 561 4835 912 4898; x_wconf 75' lang='lat' dir='ltr'><strong>exstitissent,</strong></span> <span class='ocrx_word' id='word_1_463' title='bbox 945 4835 1100 4904; x_wconf 87' lang='lat' dir='ltr'><strong>quasi</strong></span> <span class='ocrx_word' id='word_1_464' title='bbox 1121 4836 1386 4888; x_wconf 84' lang='lat' dir='ltr'><strong>somnium</strong></span> <span class='ocrx_word' id='word_1_465' title='bbox 1420 4831 1818 4902; x_wconf 75' lang='lat' dir='ltr'><strong>expergiscenti.</strong></span> <span class='ocrx_word' id='word_1_466' title='bbox 1843 4830 1982 4886; x_wconf 80' lang='lat' dir='ltr'><strong>Huic</strong></span> <span class='ocrx_word' id='word_1_467' title='bbox 2015 4844 2146 4887; x_wconf 92' lang='lat' dir='ltr'><strong>vero</strong></span> 
     </span>
    </p>
   </div>
   <div class='ocr_carea' id='block_1_68' title="bbox 560 4921 2146 4990">
    <p class='ocr_par' dir='ltr' id='par_1_68' title="bbox 560 4921 2146 4990">
     <span class='ocr_line' id='line_1_68' title="bbox 560 4921 2146 4990; baseline -0.001 -13"><span class='ocrx_word' id='word_1_468' title='bbox 560 4922 710 4986; x_wconf 84' lang='lat' dir='ltr'><strong>voci,</strong></span> <span class='ocrx_word' id='word_1_469' title='bbox 751 4933 981 4990; x_wconf 89' lang='lat' dir='ltr'><strong>repente,</strong></span> <span class='ocrx_word' id='word_1_470' title='bbox 1043 4931 1099 4977; x_wconf 83' lang='lat' dir='ltr'><strong>et</strong></span> <span class='ocrx_word' id='word_1_471' title='bbox 1159 4924 1356 4988; x_wconf 85' lang='lat' dir='ltr'><strong>subito,</strong></span> <span class='ocrx_word' id='word_1_472' title='bbox 1403 4921 1546 4976; x_wconf 88' lang='lat' dir='ltr'><strong>hanc</strong></span> <span class='ocrx_word' id='word_1_473' title='bbox 1602 4921 1907 4976; x_wconf 82' lang='lat' dir='ltr'><strong>Servaloris</strong></span> <span class='ocrx_word' id='word_1_474' title='bbox 1954 4935 2146 4977; x_wconf 74' lang='lat' dir='ltr'><strong>vocem</strong></span> 
     </span>
    </p>
   </div>
   <div class='ocr_carea' id='block_1_69' title="bbox 565 5010 2149 5086">
    <p class='ocr_par' dir='ltr' id='par_1_69' title="bbox 565 5010 2149 5086">
     <span class='ocr_line' id='line_1_69' title="bbox 565 5010 2149 5086; baseline -0.003 -16"><span class='ocrx_word' id='word_1_475' title='bbox 565 5018 820 5074; x_wconf 81' lang='lat' dir='ltr'><strong>conferas</strong></span> <span class='ocrx_word' id='word_1_476' title='bbox 841 5037 852 5071; x_wconf 94' lang='lat'>:</span> <span class='ocrx_word' id='word_1_477' title='bbox 873 5020 894 5048; x_wconf 84' lang='grc'>²</span> <span class='ocrx_word' id='word_1_478' title='bbox 910 5017 1157 5086; x_wconf 84' lang='lat' dir='ltr'><strong>Vigilate,</strong></span> <span class='ocrx_word' id='word_1_479' title='bbox 1189 5017 1317 5086; x_wconf 85' lang='lat' dir='ltr'><strong>quia</strong></span> <span class='ocrx_word' id='word_1_480' title='bbox 1347 5015 1559 5069; x_wconf 87' lang='lat' dir='ltr'><strong>nescitis</strong></span> <span class='ocrx_word' id='word_1_481' title='bbox 1581 5029 1686 5082; x_wconf 87' lang='lat' dir='ltr'><strong>qua</strong></span> <span class='ocrx_word' id='word_1_482' title='bbox 1711 5013 1793 5066; x_wconf 86' lang='lat' dir='ltr'><strong>die</strong></span> <span class='ocrx_word' id='word_1_483' title='bbox 1813 5022 1862 5067; x_wconf 93' lang='lat' dir='ltr'><strong>et</strong></span> <span class='ocrx_word' id='word_1_484' title='bbox 1890 5012 2022 5066; x_wconf 85' lang='lat' dir='ltr'><strong>hora</strong></span> <span class='ocrx_word' id='word_1_485' title='bbox 2043 5010 2149 5067; x_wconf 80' lang='lat' dir='ltr'><strong>Do-</strong></span> 
     </span>
    </p>
   </div>
   <div class='ocr_carea' id='block_1_70' title="bbox 564 5105 2147 5173">
    <p class='ocr_par' dir='ltr' id='par_1_70' title="bbox 564 5105 2147 5173">
     <span class='ocr_line' id='line_1_70' title="bbox 564 5105 2147 5173; baseline -0.005 -5"><span class='ocrx_word' id='word_1_486' title='bbox 564 5113 738 5168; x_wconf 83' lang='lat' dir='ltr'><strong>minus</strong></span> <span class='ocrx_word' id='word_1_487' title='bbox 777 5121 942 5166; x_wconf 80' lang='lat' dir='ltr'><strong>vester</strong></span> <span class='ocrx_word' id='word_1_488' title='bbox 990 5111 1188 5173; x_wconf 84' lang='lat' dir='ltr'><strong>veniet;</strong></span> <span class='ocrx_word' id='word_1_489' title='bbox 1241 5124 1306 5162; x_wconf 89' lang='lat' dir='ltr'><strong>ac</strong></span> <span class='ocrx_word' id='word_1_490' title='bbox 1355 5121 1577 5163; x_wconf 88' lang='lat' dir='ltr'><strong>rursum</strong></span> <span class='ocrx_word' id='word_1_491' title='bbox 1615 5124 1630 5161; x_wconf 90' lang='lat'><strong>:</strong></span> <span class='ocrx_word' id='word_1_492' title='bbox 1671 5105 1850 5161; x_wconf 85' lang='lat' dir='ltr'><strong>Veniet</strong></span> <span class='ocrx_word' id='word_1_493' title='bbox 1886 5105 2147 5160; x_wconf 86' lang='lat' dir='ltr'><strong>Dominus</strong></span> 
     </span>
    </p>
   </div>
   <div class='ocr_carea' id='block_1_71' title="bbox 564 5199 2151 5278">
    <p class='ocr_par' dir='ltr' id='par_1_71' title="bbox 564 5199 2151 5278">
     <span class='ocr_line' id='line_1_71' title="bbox 564 5199 2151 5278; baseline -0.006 -17"><span class='ocrx_word' id='word_1_494' title='bbox 564 5206 679 5278; x_wconf 84' lang='lat' dir='ltr'><strong>ejus</strong></span> <span class='ocrx_word' id='word_1_495' title='bbox 710 5206 765 5258; x_wconf 90' lang='lat' dir='ltr'><strong>in</strong></span> <span class='ocrx_word' id='word_1_496' title='bbox 794 5204 880 5258; x_wconf 83' lang='lat' dir='ltr'><strong>die</strong></span> <span class='ocrx_word' id='word_1_497' title='bbox 909 5219 1014 5273; x_wconf 83' lang='lat' dir='ltr'><strong>qua</strong></span> <span class='ocrx_word' id='word_1_498' title='bbox 1055 5217 1158 5254; x_wconf 91' lang='lat' dir='ltr'><strong>non</strong></span> <span class='ocrx_word' id='word_1_499' title='bbox 1189 5209 1481 5270; x_wconf 72' lang='lat' dir='ltr'><strong>exspectat,</strong></span> <span class='ocrx_word' id='word_1_500' title='bbox 1532 5208 1582 5254; x_wconf 89' lang='lat' dir='ltr'><strong>et</strong></span> <span class='ocrx_word' id='word_1_501' title='bbox 1639 5199 1695 5252; x_wconf 89' lang='lat' dir='ltr'><strong>in</strong></span> <span class='ocrx_word' id='word_1_502' title='bbox 1738 5199 1871 5253; x_wconf 86' lang='lat' dir='ltr'><strong>hora</strong></span> <span class='ocrx_word' id='word_1_503' title='bbox 1908 5216 2012 5270; x_wconf 86' lang='lat' dir='ltr'><strong>qua</strong></span> <span class='ocrx_word' id='word_1_504' title='bbox 2044 5215 2151 5254; x_wconf 89' lang='lat' dir='ltr'><strong>non</strong></span> 
     </span>
    </p>
   </div>
   <div class='ocr_carea' id='block_1_72' title="bbox 563 5296 774 5354">
    <p class='ocr_par' dir='ltr' id='par_1_72' title="bbox 563 5296 774 5354">
     <span class='ocr_line' id='line_1_72' title="bbox 563 5296 774 5354; baseline -0.024 0"><span class='ocrx_word' id='word_1_505' title='bbox 563 5297 706 5354; x_wconf 73' lang='lat' dir='ltr'><strong>novit</strong></span> <span class='ocrx_word' id='word_1_506' title='bbox 732 5296 774 5350; x_wconf 89' lang='grc'><strong>³.</strong></span> 
     </span>
    </p>
   </div>
   <div class='ocr_carea' id='block_1_73' title="bbox 637 5469 2150 5543">
    <p class='ocr_par' dir='ltr' id='par_1_73' title="bbox 637 5469 2150 5543">
     <span class='ocr_line' id='line_1_73' title="bbox 637 5469 2150 5543; baseline -0.005 -13"><span class='ocrx_word' id='word_1_507' title='bbox 637 5474 884 5537; x_wconf 62' lang='lat' dir='ltr'><strong>Domine,</strong></span> <span class='ocrx_word' id='word_1_508' title='bbox 913 5475 968 5529; x_wconf 89' lang='lat' dir='ltr'><strong>in</strong></span> <span class='ocrx_word' id='word_1_509' title='bbox 995 5474 1207 5528; x_wconf 85' lang='lat' dir='ltr'><strong>civitate</strong></span> <span class='ocrx_word' id='word_1_510' title='bbox 1237 5482 1330 5527; x_wconf 89' lang='lat' dir='ltr'><strong>tua</strong></span> <span class='ocrx_word' id='word_1_511' title='bbox 1369 5473 1657 5543; x_wconf 84' lang='lat' dir='ltr'><strong>imaginem</strong></span> <span class='ocrx_word' id='word_1_512' title='bbox 1691 5471 1928 5541; x_wconf 83' lang='lat' dir='ltr'><strong>ipsorum</strong></span> <span class='ocrx_word' id='word_1_513' title='bbox 1969 5469 2037 5524; x_wconf 81' lang='lat' dir='ltr'><strong>ad</strong></span> <span class='ocrx_word' id='word_1_514' title='bbox 2067 5469 2150 5523; x_wconf 86' lang='lat' dir='ltr'><strong>ni-</strong></span> 
     </span>
    </p>
   </div>
   <div class='ocr_carea' id='block_1_74' title="bbox 566 5560 2146 5636">
    <p class='ocr_par' dir='ltr' id='par_1_74' title="bbox 566 5560 2146 5636">
     <span class='ocr_line' id='line_1_74' title="bbox 566 5560 2146 5636; baseline -0.001 -21"><span class='ocrx_word' id='word_1_515' title='bbox 566 5565 732 5617; x_wconf 73' lang='lat' dir='ltr'><strong>tntum</strong></span> <span class='ocrx_word' id='word_1_516' title='bbox 764 5565 986 5636; x_wconf 85' lang='lat' dir='ltr'><strong>rediges.</strong></span> <span class='ocrx_word' id='word_1_517' title='bbox 1020 5561 1286 5634; x_wconf 86' lang='lat' dir='ltr'><strong>Superius</strong></span> <span class='ocrx_word' id='word_1_518' title='bbox 1335 5562 1579 5628; x_wconf 88' lang='lat' dir='ltr'><strong>dicebat,</strong></span> <span class='ocrx_word' id='word_1_519' title='bbox 1632 5561 1810 5618; x_wconf 87' lang='lat' dir='ltr'><strong>Donec</strong></span> <span class='ocrx_word' id='word_1_520' title='bbox 1849 5563 2041 5616; x_wconf 74' lang='lat' dir='ltr'><strong>inirem</strong></span> <span class='ocrx_word' id='word_1_521' title='bbox 2088 5560 2146 5614; x_wconf 89' lang='lat' dir='ltr'><strong>in</strong></span> 
     </span>
    </p>
   </div>
   <div class='ocr_carea' id='block_1_75' title="bbox 639 5739 1570 5810">
    <p class='ocr_par' dir='ltr' id='par_1_75' title="bbox 639 5739 1570 5810">
     <span class='ocr_line' id='line_1_75' title="bbox 639 5739 1570 5810; baseline -0.002 -13"><span class='ocrx_word' id='word_1_522' title='bbox 639 5743 660 5774; x_wconf 81' lang='lat'>&#39;</span> <span class='ocrx_word' id='word_1_523' title='bbox 693 5742 880 5798; x_wconf 79' lang='lat' dir='ltr'><strong>Matth.</strong></span> <span class='ocrx_word' id='word_1_524' title='bbox 920 5759 1068 5810; x_wconf 63' lang='lat' dir='ltr'><strong>XXIV,</strong></span> <span class='ocrx_word' id='word_1_525' title='bbox 1096 5741 1181 5796; x_wconf 67' lang='grc'><strong>42.</strong></span> <span class='ocrx_word' id='word_1_526' title='bbox 1264 5743 1282 5774; x_wconf 83' lang='grc'><em>⁸</em></span> <span class='ocrx_word' id='word_1_527' title='bbox 1317 5741 1448 5796; x_wconf 85' lang='lat' dir='ltr'><strong>ibid.</strong></span> <span class='ocrx_word' id='word_1_528' title='bbox 1478 5739 1570 5795; x_wconf 78' lang='lat'><strong>50.</strong></span> 
     </span>
    </p>
   </div>
   <div class='ocr_carea' id='block_1_76' title="bbox 2233 1854 3766 1929">
    <p class='ocr_par' dir='ltr' id='par_1_76' title="bbox 2233 1854 3766 1929">
     <span class='ocr_line' id='line_1_76' title="bbox 2233 1854 3766 1929; baseline -0.007 -13"><span class='ocrx_word' id='word_1_529' title='bbox 2233 1866 2418 1916; x_wconf 79' lang='grc' dir='ltr'>λοντο</span> <span class='ocrx_word' id='word_1_530' title='bbox 2467 1861 2565 1915; x_wconf 82' lang='grc' dir='ltr'>διὰ</span> <span class='ocrx_word' id='word_1_531' title='bbox 2610 1861 2726 1929; x_wconf 81' lang='grc' dir='ltr'>τὴν</span> <span class='ocrx_word' id='word_1_532' title='bbox 2756 1858 3051 1914; x_wconf 79' lang='grc' dir='ltr'>ἀϐουλίαν</span> <span class='ocrx_word' id='word_1_533' title='bbox 3087 1855 3292 1910; x_wconf 79' lang='grc' dir='ltr'>αὐτῶν</span> <span class='ocrx_word' id='word_1_534' title='bbox 3343 1854 3483 1908; x_wconf 81' lang='grc' dir='ltr'><strong>ὡσεὶ</strong></span> <span class='ocrx_word' id='word_1_535' title='bbox 3525 1854 3766 1907; x_wconf 73' lang='grc' dir='ltr'>ἐνύπνιον</span> 
     </span>
    </p>
   </div>
   <div class='ocr_carea' id='block_1_77' title="bbox 2235 1942 3764 2022">
    <p class='ocr_par' dir='ltr' id='par_1_77' title="bbox 2235 1942 3764 2022">
     <span class='ocr_line' id='line_1_77' title="bbox 2235 1942 3764 2022; baseline -0.009 -15"><span class='ocrx_word' id='word_1_536' title='bbox 2235 1951 2712 2022; x_wconf 78' lang='grc' dir='ltr'>ἐξεγειρομένων.</span> <span class='ocrx_word' id='word_1_537' title='bbox 2743 1949 2904 2020; x_wconf 76' lang='grc' dir='ltr'>Τρισὶ</span> <span class='ocrx_word' id='word_1_538' title='bbox 2937 1948 3218 2017; x_wconf 84' lang='grc' dir='ltr'>λογισμοῖς</span> <span class='ocrx_word' id='word_1_539' title='bbox 3262 1943 3529 1998; x_wconf 76' lang='grc' dir='ltr'>ἐπιϐαλὼν</span> <span class='ocrx_word' id='word_1_540' title='bbox 3551 1942 3764 2012; x_wconf 73' lang='grc' dir='ltr'>περὶτῶν</span> 
     </span>
    </p>
   </div>
   <div class='ocr_carea' id='block_1_78' title="bbox 2234 2036 3766 2119">
    <p class='ocr_par' dir='ltr' id='par_1_78' title="bbox 2234 2036 3766 2119">
     <span class='ocr_line' id='line_1_78' title="bbox 2234 2036 3766 2119; baseline -0.008 -18"><span class='ocrx_word' id='word_1_541' title='bbox 2234 2046 2607 2119; x_wconf 79' lang='grc' dir='ltr'>ὲζητημένων,</span> <span class='ocrx_word' id='word_1_542' title='bbox 2636 2045 2726 2098; x_wconf 85' lang='grc' dir='ltr'><strong>τὸν</strong></span> <span class='ocrx_word' id='word_1_543' title='bbox 2763 2043 2862 2115; x_wconf 87' lang='grc' dir='ltr'>μὲν</span> <span class='ocrx_word' id='word_1_544' title='bbox 2888 2041 3074 2113; x_wconf 81' lang='grc' dir='ltr'>ἑώρων</span> <span class='ocrx_word' id='word_1_545' title='bbox 3103 2040 3280 2110; x_wconf 82' lang='grc' dir='ltr'>ἀσεϐῆ</span> <span class='ocrx_word' id='word_1_546' title='bbox 3311 2040 3405 2093; x_wconf 76' lang='grc' dir='ltr'>καὶ</span> <span class='ocrx_word' id='word_1_547' title='bbox 3429 2038 3574 2092; x_wconf 81' lang='grc' dir='ltr'>ἄθεον</span> <span class='ocrx_word' id='word_1_548' title='bbox 3596 2037 3672 2090; x_wconf 75' lang='grc' dir='ltr'><strong>τὸν</strong></span> <span class='ocrx_word' id='word_1_549' title='bbox 3700 2036 3766 2089; x_wconf 78' lang='grc' dir='ltr'><strong>λέ-</strong></span> 
     </span>
    </p>
   </div>
   <div class='ocr_carea' id='block_1_79' title="bbox 2233 2129 3763 2210">
    <p class='ocr_par' dir='ltr' id='par_1_79' title="bbox 2233 2129 3763 2210">
     <span class='ocr_line' id='line_1_79' title="bbox 2233 2129 3763 2210; baseline -0.008 -17"><span class='ocrx_word' id='word_1_550' title='bbox 2233 2157 2398 2210; x_wconf 86' lang='grc' dir='ltr'>γοντα</span> <span class='ocrx_word' id='word_1_551' title='bbox 2417 2156 2430 2169; x_wconf 73' lang='grc' dir='ltr'><strong>ο</strong></span> <span class='ocrx_word' id='word_1_552' title='bbox 2471 2139 2611 2207; x_wconf 80' lang='grc' dir='ltr'><strong>Ἄρα</strong></span> <span class='ocrx_word' id='word_1_553' title='bbox 2639 2136 2902 2206; x_wconf 86' lang='grc' dir='ltr'><strong>ματαίως</strong></span> <span class='ocrx_word' id='word_1_554' title='bbox 2921 2133 3246 2188; x_wconf 79' lang='grc' dir='ltr'><strong>ἐδικαίωσα</strong></span> <span class='ocrx_word' id='word_1_555' title='bbox 3269 2130 3385 2199; x_wconf 77' lang='grc' dir='ltr'><strong>τὴν</strong></span> <span class='ocrx_word' id='word_1_556' title='bbox 3411 2129 3643 2200; x_wconf 78' lang='grc' dir='ltr'>καρδίαν</span> <span class='ocrx_word' id='word_1_557' title='bbox 3655 2144 3763 2198; x_wconf 83' lang='grc' dir='ltr'>μου·</span> 
     </span>
    </p>
   </div>
   <div class='ocr_carea' id='block_1_80' title="bbox 2232 2224 3767 2301">
    <p class='ocr_par' dir='ltr' id='par_1_80' title="bbox 2232 2224 3767 2301">
     <span class='ocr_line' id='line_1_80' title="bbox 2232 2224 3767 2301; baseline -0.008 -15"><span class='ocrx_word' id='word_1_558' title='bbox 2232 2232 2324 2288; x_wconf 80' lang='grc' dir='ltr'>τὸν</span> <span class='ocrx_word' id='word_1_559' title='bbox 2352 2232 2409 2286; x_wconf 87' lang='grc' dir='ltr'>δὲ</span> <span class='ocrx_word' id='word_1_560' title='bbox 2442 2231 2541 2301; x_wconf 86' lang='grc' dir='ltr'><strong>τῆς</strong></span> <span class='ocrx_word' id='word_1_561' title='bbox 2574 2229 2779 2284; x_wconf 78' lang='grc' dir='ltr'>τούτων</span> <span class='ocrx_word' id='word_1_562' title='bbox 2799 2227 3176 2300; x_wconf 79' lang='grc' dir='ltr'>καταλήψεως,</span> <span class='ocrx_word' id='word_1_563' title='bbox 3195 2225 3613 2297; x_wconf 78' lang='grc' dir='ltr'>πεπληρωμένον</span> <span class='ocrx_word' id='word_1_564' title='bbox 3635 2224 3767 2275; x_wconf 75' lang='grc' dir='ltr'>κόπου</span> 
     </span>
    </p>
   </div>
   <div class='ocr_carea' id='block_1_81' title="bbox 2233 2311 3766 2391">
    <p class='ocr_par' dir='ltr' id='par_1_81' title="bbox 2233 2311 3766 2391">
     <span class='ocr_line' id='line_1_81' title="bbox 2233 2311 3766 2391; baseline -0.009 -13"><span class='ocrx_word' id='word_1_565' title='bbox 2233 2325 2327 2378; x_wconf 77' lang='grc' dir='ltr'><strong>καὶ</strong></span> <span class='ocrx_word' id='word_1_566' title='bbox 2352 2325 2522 2377; x_wconf 76' lang='grc' dir='ltr'>πόνου·</span> <span class='ocrx_word' id='word_1_567' title='bbox 2551 2321 2639 2376; x_wconf 85' lang='grc' dir='ltr'>διὰ</span> <span class='ocrx_word' id='word_1_568' title='bbox 2669 2321 2736 2375; x_wconf 78' lang='grc' dir='ltr'>τὰ</span> <span class='ocrx_word' id='word_1_569' title='bbox 2768 2319 2906 2391; x_wconf 74' lang='grc' dir='ltr'><strong>βάθη</strong></span> <span class='ocrx_word' id='word_1_570' title='bbox 2931 2320 3026 2373; x_wconf 82' lang='grc' dir='ltr'>τοῦ</span> <span class='ocrx_word' id='word_1_571' title='bbox 3052 2319 3289 2372; x_wconf 83' lang='grc' dir='ltr'>πλούτου</span> <span class='ocrx_word' id='word_1_572' title='bbox 3316 2317 3414 2387; x_wconf 85' lang='grc' dir='ltr'><strong>τῆς</strong></span> <span class='ocrx_word' id='word_1_573' title='bbox 3443 2314 3671 2384; x_wconf 84' lang='grc' dir='ltr'>γνώσεως</span> <span class='ocrx_word' id='word_1_574' title='bbox 3694 2311 3766 2365; x_wconf 72' lang='grc' dir='ltr'>τοῦ</span> 
     </span>
    </p>
   </div>
   <div class='ocr_carea' id='block_1_82' title="bbox 2233 2406 3768 2484">
    <p class='ocr_par' dir='ltr' id='par_1_82' title="bbox 2233 2406 3768 2484">
     <span class='ocr_line' id='line_1_82' title="bbox 2233 2406 3768 2484; baseline -0.008 -14"><span class='ocrx_word' id='word_1_575' title='bbox 2233 2415 2392 2482; x_wconf 80' lang='grc' dir='ltr'>Θεοῦ,</span> <span class='ocrx_word' id='word_1_576' title='bbox 2425 2416 2520 2470; x_wconf 73' lang='grc' dir='ltr'><strong>καὶ</strong></span> <span class='ocrx_word' id='word_1_577' title='bbox 2544 2415 2633 2470; x_wconf 84' lang='grc' dir='ltr'>διὰ</span> <span class='ocrx_word' id='word_1_578' title='bbox 2669 2414 2731 2469; x_wconf 72' lang='grc' dir='ltr'>τὸ</span> <span class='ocrx_word' id='word_1_579' title='bbox 2756 2412 3154 2484; x_wconf 82' lang='grc' dir='ltr'>ἁνεξερεὺνητα</span> <span class='ocrx_word' id='word_1_580' title='bbox 3182 2409 3324 2464; x_wconf 75' lang='grc' dir='ltr'>εἶναι</span> <span class='ocrx_word' id='word_1_581' title='bbox 3363 2409 3431 2462; x_wconf 82' lang='grc' dir='ltr'>τὰ</span> <span class='ocrx_word' id='word_1_582' title='bbox 3459 2408 3675 2481; x_wconf 74' lang='grc' dir='ltr'>κρίματα</span> <span class='ocrx_word' id='word_1_583' title='bbox 3695 2406 3768 2459; x_wconf 79' lang='grc' dir='ltr'>αὑ-</span> 
     </span>
    </p>
   </div>
   <div class='ocr_carea' id='block_1_83' title="bbox 2232 2497 3769 2578">
    <p class='ocr_par' dir='ltr' id='par_1_83' title="bbox 2232 2497 3769 2578">
     <span class='ocr_line' id='line_1_83' title="bbox 2232 2497 3769 2578; baseline -0.007 -16"><span class='ocrx_word' id='word_1_584' title='bbox 2232 2508 2348 2574; x_wconf 80' lang='grc' dir='ltr'>τοῦ,</span> <span class='ocrx_word' id='word_1_585' title='bbox 2403 2509 2498 2561; x_wconf 59' lang='grc' dir='ltr'><strong>καὶ⁸</strong></span> <span class='ocrx_word' id='word_1_586' title='bbox 2553 2505 2992 2578; x_wconf 86' lang='grc' dir='ltr'>ἀνεξιχνιάστους</span> <span class='ocrx_word' id='word_1_587' title='bbox 3026 2503 3127 2567; x_wconf 82' lang='grc' dir='ltr'>τὰς</span> <span class='ocrx_word' id='word_1_588' title='bbox 3175 2504 3333 2566; x_wconf 77' lang='grc' dir='ltr'>ὁδοὺς</span> <span class='ocrx_word' id='word_1_589' title='bbox 3374 2500 3563 2556; x_wconf 85' lang='grc' dir='ltr'>αὑτοῦ·</span> <span class='ocrx_word' id='word_1_590' title='bbox 3596 2499 3672 2552; x_wconf 75' lang='grc' dir='ltr'><strong>ἐπὶ</strong></span> <span class='ocrx_word' id='word_1_591' title='bbox 3700 2497 3769 2552; x_wconf 75' lang='grc' dir='ltr'>τὸν</span> 
     </span>
    </p>
   </div>
   <div class='ocr_carea' id='block_1_84' title="bbox 2232 2590 3768 2677">
    <p class='ocr_par' dir='ltr' id='par_1_84' title="bbox 2232 2590 3768 2677">
     <span class='ocr_line' id='line_1_84' title="bbox 2232 2590 3768 2677; baseline -0.009 -22"><span class='ocrx_word' id='word_1_592' title='bbox 2232 2601 2413 2677; x_wconf 78' lang='grc' dir='ltr'>τρίτον</span> <span class='ocrx_word' id='word_1_593' title='bbox 2436 2596 2529 2655; x_wconf 80' lang='grc' dir='ltr'><strong>οὖν</strong></span> <span class='ocrx_word' id='word_1_594' title='bbox 2548 2599 2710 2671; x_wconf 72' lang='grc' dir='ltr'>ἔστην</span> <span class='ocrx_word' id='word_1_595' title='bbox 2729 2598 2922 2670; x_wconf 82' lang='grc' dir='ltr'>κρίνας</span> <span class='ocrx_word' id='word_1_596' title='bbox 2947 2597 3167 2667; x_wconf 81' lang='grc' dir='ltr'><strong>ἐπέχειν</strong></span> <span class='ocrx_word' id='word_1_597' title='bbox 3198 2596 3302 2668; x_wconf 78' lang='grc' dir='ltr'>μὲν</span> <span class='ocrx_word' id='word_1_598' title='bbox 3332 2595 3486 2658; x_wconf 81' lang='grc' dir='ltr'>τέως,</span> <span class='ocrx_word' id='word_1_599' title='bbox 3507 2590 3768 2663; x_wconf 72' lang='grc' dir='ltr'>περιμένειν</span> 
     </span>
    </p>
   </div>
   <div class='ocr_carea' id='block_1_85' title="bbox 2233 2683 3768 2765">
    <p class='ocr_par' dir='ltr' id='par_1_85' title="bbox 2233 2683 3768 2765">
     <span class='ocr_line' id='line_1_85' title="bbox 2233 2683 3768 2765; baseline -0.012 -15"><span class='ocrx_word' id='word_1_600' title='bbox 2233 2696 2290 2750; x_wconf 79' lang='grc' dir='ltr'>δὲ</span> <span class='ocrx_word' id='word_1_601' title='bbox 2316 2693 2410 2750; x_wconf 76' lang='grc' dir='ltr'>καὶ</span> <span class='ocrx_word' id='word_1_602' title='bbox 2445 2694 2655 2765; x_wconf 79' lang='grc' dir='ltr'>ἀφορᾷν</span> <span class='ocrx_word' id='word_1_603' title='bbox 2687 2693 2768 2756; x_wconf 84' lang='grc' dir='ltr'>εἰς</span> <span class='ocrx_word' id='word_1_604' title='bbox 2800 2690 2864 2744; x_wconf 82' lang='grc' dir='ltr'><strong>τὸ</strong></span> <span class='ocrx_word' id='word_1_605' title='bbox 2892 2690 3113 2744; x_wconf 87' lang='grc' dir='ltr'>πάντων</span> <span class='ocrx_word' id='word_1_606' title='bbox 3150 2689 3328 2752; x_wconf 83' lang='grc' dir='ltr'>τέλος.</span> <span class='ocrx_word' id='word_1_607' title='bbox 3367 2685 3545 2756; x_wconf 80' lang='grc' dir='ltr'><strong>Τούτῳ</strong></span> <span class='ocrx_word' id='word_1_608' title='bbox 3573 2683 3612 2736; x_wconf 82' lang='grc' dir='ltr'>δ’</span> <span class='ocrx_word' id='word_1_609' title='bbox 3641 2684 3768 2752; x_wconf 78' lang='grc' dir='ltr'>ἐμπι-</span> 
     </span>
    </p>
   </div>
   <div class='ocr_carea' id='block_1_86' title="bbox 2237 2775 3765 2856">
    <p class='ocr_par' dir='ltr' id='par_1_86' title="bbox 2237 2775 3765 2856">
     <span class='ocr_line' id='line_1_86' title="bbox 2237 2775 3765 2856; baseline -0.009 -14"><span class='ocrx_word' id='word_1_610' title='bbox 2237 2787 2468 2851; x_wconf 84' lang='grc' dir='ltr'>στεύσας</span> <span class='ocrx_word' id='word_1_611' title='bbox 2505 2785 2742 2856; x_wconf 77' lang='grc' dir='ltr'>ἐμαυτὸν</span> <span class='ocrx_word' id='word_1_612' title='bbox 2783 2782 2864 2854; x_wconf 81' lang='grc' dir='ltr'>τῷ</span> <span class='ocrx_word' id='word_1_613' title='bbox 2901 2781 3145 2853; x_wconf 83' lang='grc' dir='ltr'>λογισμῷ</span> <span class='ocrx_word' id='word_1_614' title='bbox 3175 2781 3394 2834; x_wconf 76' lang='grc' dir='ltr'>εὐσεϐεῖ</span> <span class='ocrx_word' id='word_1_615' title='bbox 3430 2780 3537 2832; x_wconf 70' lang='grc' dir='ltr'>ὄντι</span> <span class='ocrx_word' id='word_1_616' title='bbox 3563 2777 3644 2830; x_wconf 71' lang='grc' dir='ltr'><strong>καὶ</strong></span> <span class='ocrx_word' id='word_1_617' title='bbox 3666 2775 3765 2844; x_wconf 81' lang='grc' dir='ltr'><strong>ἀλη-</strong></span> 
     </span>
    </p>
   </div>
   <div class='ocr_carea' id='block_1_87' title="bbox 2236 2866 3766 2952">
    <p class='ocr_par' dir='ltr' id='par_1_87' title="bbox 2236 2866 3766 2952">
     <span class='ocr_line' id='line_1_87' title="bbox 2236 2866 3766 2952; baseline -0.008 -18"><span class='ocrx_word' id='word_1_618' title='bbox 2236 2881 2341 2944; x_wconf 86' lang='grc' dir='ltr'>θεῖ,</span> <span class='ocrx_word' id='word_1_619' title='bbox 2375 2879 2434 2946; x_wconf 76' lang='grc' dir='ltr'>ἐξ</span> <span class='ocrx_word' id='word_1_620' title='bbox 2460 2880 2630 2949; x_wconf 75' lang='grc' dir='ltr'>αὐτῆς</span> <span class='ocrx_word' id='word_1_621' title='bbox 2657 2875 2886 2952; x_wconf 74' lang='grc' dir='ltr'>ὠνάμην</span> <span class='ocrx_word' id='word_1_622' title='bbox 2927 2875 3029 2945; x_wconf 87' lang='grc' dir='ltr'><strong>τῆς</strong></span> <span class='ocrx_word' id='word_1_623' title='bbox 3079 2874 3340 2938; x_wconf 80' lang='grc' dir='ltr'>πίστεως.</span> <span class='ocrx_word' id='word_1_624' title='bbox 3375 2874 3574 2943; x_wconf 81' lang='grc' dir='ltr'>Ἐγνων</span> <span class='ocrx_word' id='word_1_625' title='bbox 3601 2870 3690 2940; x_wconf 81' lang='grc' dir='ltr'>γὰρ</span> <span class='ocrx_word' id='word_1_626' title='bbox 3725 2866 3766 2931; x_wconf 75' lang='grc' dir='ltr'>ἐξ</span> 
     </span>
    </p>
   </div>
   <div class='ocr_carea' id='block_1_88' title="bbox 2237 2959 3767 3045">
    <p class='ocr_par' dir='ltr' id='par_1_88' title="bbox 2237 2959 3767 3045">
     <span class='ocr_line' id='line_1_88' title="bbox 2237 2959 3767 3045; baseline -0.011 -16"><span class='ocrx_word' id='word_1_627' title='bbox 2237 2973 2508 3045; x_wconf 85' lang='grc' dir='ltr'>ὑποϐολῆς</span> <span class='ocrx_word' id='word_1_628' title='bbox 2550 2971 2645 3026; x_wconf 79' lang='grc' dir='ltr'>τοῦ</span> <span class='ocrx_word' id='word_1_629' title='bbox 2701 2966 3045 3041; x_wconf 73' lang='grc' dir='ltr'>προφητικοῦ</span> <span class='ocrx_word' id='word_1_630' title='bbox 3101 2963 3440 3038; x_wconf 75' lang='grc' dir='ltr'>Πνεῦματος,</span> <span class='ocrx_word' id='word_1_631' title='bbox 3482 2963 3551 3028; x_wconf 83' lang='grc' dir='ltr'>ὡς</span> <span class='ocrx_word' id='word_1_632' title='bbox 3577 2960 3653 3014; x_wconf 77' lang='grc' dir='ltr'>διὰ</span> <span class='ocrx_word' id='word_1_633' title='bbox 3691 2959 3767 3018; x_wconf 67' lang='grc' dir='ltr'>τὰς</span> 
     </span>
    </p>
   </div>
   <div class='ocr_carea' id='block_1_89' title="bbox 2236 3049 3768 3136">
    <p class='ocr_par' dir='ltr' id='par_1_89' title="bbox 2236 3049 3768 3136">
     <span class='ocr_line' id='line_1_89' title="bbox 2236 3049 3768 3136; baseline -0.012 -16"><span class='ocrx_word' id='word_1_634' title='bbox 2236 3066 2546 3136; x_wconf 82' lang='grc' dir='ltr'>δολιότητας</span> <span class='ocrx_word' id='word_1_635' title='bbox 2575 3064 2756 3119; x_wconf 88' lang='grc' dir='ltr'>αὑτῶν</span> <span class='ocrx_word' id='word_1_636' title='bbox 2779 3059 3079 3117; x_wconf 83' lang='grc' dir='ltr'>καταϐαλεῖ</span> <span class='ocrx_word' id='word_1_637' title='bbox 3101 3059 3304 3122; x_wconf 80' lang='grc' dir='ltr'>αὐτοὺς</span> <span class='ocrx_word' id='word_1_638' title='bbox 3331 3058 3430 3111; x_wconf 85' lang='grc' dir='ltr'><strong>οὑκ</strong></span> <span class='ocrx_word' id='word_1_639' title='bbox 3455 3057 3531 3116; x_wconf 70' lang='grc' dir='ltr'>εἰς</span> <span class='ocrx_word' id='word_1_640' title='bbox 3557 3049 3768 3126; x_wconf 80' lang='grc' dir='ltr'>μακρὸνὸ</span> 
     </span>
    </p>
   </div>
   <div class='ocr_carea' id='block_1_90' title="bbox 2239 3141 3762 3230">
    <p class='ocr_par' dir='ltr' id='par_1_90' title="bbox 2239 3141 3762 3230">
     <span class='ocr_line' id='line_1_90' title="bbox 2239 3141 3762 3230; baseline -0.012 -18"><span class='ocrx_word' id='word_1_641' title='bbox 2239 3159 2393 3224; x_wconf 83' lang='grc' dir='ltr'>Θεὸς,</span> <span class='ocrx_word' id='word_1_642' title='bbox 2425 3156 2563 3230; x_wconf 84' lang='grc' dir='ltr'>μετὰ</span> <span class='ocrx_word' id='word_1_643' title='bbox 2596 3155 2656 3210; x_wconf 71' lang='grc' dir='ltr'><strong>τδ</strong></span> <span class='ocrx_word' id='word_1_644' title='bbox 2692 3154 2998 3225; x_wconf 72' lang='grc' dir='ltr'>ἐπαρθῆναι</span> <span class='ocrx_word' id='word_1_645' title='bbox 3028 3152 3122 3205; x_wconf 76' lang='grc' dir='ltr'>καὶ</span> <span class='ocrx_word' id='word_1_646' title='bbox 3155 3149 3457 3221; x_wconf 77' lang='grc' dir='ltr'>ὑψωθῆναι.</span> <span class='ocrx_word' id='word_1_647' title='bbox 3484 3141 3604 3200; x_wconf 77' lang='grc' dir='ltr'>Εἶτα</span> <span class='ocrx_word' id='word_1_648' title='bbox 3633 3159 3762 3212; x_wconf 74' lang='grc' dir='ltr'>φωτι-</span> 
     </span>
    </p>
   </div>
   <div class='ocr_carea' id='block_1_91' title="bbox 2241 3233 3766 3319">
    <p class='ocr_par' dir='ltr' id='par_1_91' title="bbox 2241 3233 3766 3319">
     <span class='ocr_line' id='line_1_91' title="bbox 2241 3233 3766 3319; baseline -0.012 -15"><span class='ocrx_word' id='word_1_649' title='bbox 2241 3251 2408 3313; x_wconf 76' lang='grc' dir='ltr'>σθεὶς,</span> <span class='ocrx_word' id='word_1_650' title='bbox 2438 3248 2533 3302; x_wconf 75' lang='grc' dir='ltr'><strong>καὶ</strong></span> <span class='ocrx_word' id='word_1_651' title='bbox 2559 3247 2654 3319; x_wconf 82' lang='grc' dir='ltr'><strong>τὴν</strong></span> <span class='ocrx_word' id='word_1_652' title='bbox 2687 3246 2893 3300; x_wconf 84' lang='grc' dir='ltr'>πτῶσιν</span> <span class='ocrx_word' id='word_1_653' title='bbox 2932 3244 3113 3300; x_wconf 87' lang='grc' dir='ltr'>αὑτῶν</span> <span class='ocrx_word' id='word_1_654' title='bbox 3142 3242 3242 3313; x_wconf 85' lang='grc' dir='ltr'><strong>τὴν</strong></span> <span class='ocrx_word' id='word_1_655' title='bbox 3282 3243 3376 3294; x_wconf 70' lang='grc' dir='ltr'>ἐπὶ</span> <span class='ocrx_word' id='word_1_656' title='bbox 3413 3239 3549 3294; x_wconf 81' lang='grc' dir='ltr'>τέλει</span> <span class='ocrx_word' id='word_1_657' title='bbox 3578 3233 3766 3302; x_wconf 75' lang='grc' dir='ltr'>καταλη-</span> 
     </span>
    </p>
   </div>
   <div class='ocr_carea' id='block_1_92' title="bbox 2237 3326 3768 3414">
    <p class='ocr_par' dir='ltr' id='par_1_92' title="bbox 2237 3326 3768 3414">
     <span class='ocr_line' id='line_1_92' title="bbox 2237 3326 3768 3414; baseline -0.01 -19"><span class='ocrx_word' id='word_1_658' title='bbox 2237 3342 2481 3414; x_wconf 81' lang='grc' dir='ltr'>ψομένην</span> <span class='ocrx_word' id='word_1_659' title='bbox 2510 3339 2706 3404; x_wconf 83' lang='grc' dir='ltr'>αὑτοὺς</span> <span class='ocrx_word' id='word_1_660' title='bbox 2736 3339 3048 3412; x_wconf 79' lang='grc' dir='ltr'>προφητικῇ</span> <span class='ocrx_word' id='word_1_661' title='bbox 3082 3335 3315 3408; x_wconf 84' lang='grc' dir='ltr'>δυνάμει</span> <span class='ocrx_word' id='word_1_662' title='bbox 3345 3326 3768 3394; x_wconf 74' lang='grc' dir='ltr'>συνιδὼν,εἰκ6τως</span> 
     </span>
    </p>
   </div>
   <div class='ocr_carea' id='block_1_93' title="bbox 2240 3416 3770 3505">
    <p class='ocr_par' dir='ltr' id='par_1_93' title="bbox 2240 3416 3770 3505">
     <span class='ocr_line' id='line_1_93' title="bbox 2240 3416 3770 3505; baseline -0.022 -2"><span class='ocrx_word' id='word_1_663' title='bbox 2240 3433 2411 3505; x_wconf 69' lang='grc' dir='ltr'>φημίο</span> <span class='ocrx_word' id='word_1_664' title='bbox 2441 3429 2575 3498; x_wconf 78' lang='grc' dir='ltr'><strong>Πῶς</strong></span> <span class='ocrx_word' id='word_1_665' title='bbox 2598 3430 2880 3501; x_wconf 77' lang='grc' dir='ltr'>ἐγένοντο</span> <span class='ocrx_word' id='word_1_666' title='bbox 2916 3433 3005 3496; x_wconf 79' lang='grc' dir='ltr'><strong>εις</strong></span> <span class='ocrx_word' id='word_1_667' title='bbox 3048 3427 3357 3498; x_wconf 79' lang='grc' dir='ltr'><strong>ἐρήμωσιν</strong></span> <span class='ocrx_word' id='word_1_668' title='bbox 3381 3423 3646 3490; x_wconf 69' lang='grc' dir='ltr'>ἐξάπινας</span> <span class='ocrx_word' id='word_1_669' title='bbox 3674 3416 3770 3480; x_wconf 69' lang='grc' dir='ltr'><strong>ἐξι-</strong></span> 
     </span>
    </p>
   </div>
   <div class='ocr_carea' id='block_1_94' title="bbox 2239 3507 3769 3591">
    <p class='ocr_par' dir='ltr' id='par_1_94' title="bbox 2239 3507 3769 3591">
     <span class='ocr_line' id='line_1_94' title="bbox 2239 3507 3769 3591; baseline -0.01 -10"><span class='ocrx_word' id='word_1_670' title='bbox 2239 3531 2443 3589; x_wconf 76' lang='grc' dir='ltr'>λιπον,</span> <span class='ocrx_word' id='word_1_671' title='bbox 2475 3517 2791 3578; x_wconf 74' lang='grc' dir='ltr'>ἀπώλοντο</span> <span class='ocrx_word' id='word_1_672' title='bbox 2823 3521 2923 3577; x_wconf 84' lang='grc' dir='ltr'>διὰ</span> <span class='ocrx_word' id='word_1_673' title='bbox 2945 3519 3060 3591; x_wconf 78' lang='grc' dir='ltr'>τὴν</span> <span class='ocrx_word' id='word_1_674' title='bbox 3091 3520 3390 3575; x_wconf 71' lang='grc' dir='ltr'>ἀϐουλίαν</span> <span class='ocrx_word' id='word_1_675' title='bbox 3413 3513 3615 3578; x_wconf 83' lang='grc' dir='ltr'>αὐτῶν,</span> <span class='ocrx_word' id='word_1_676' title='bbox 3647 3507 3769 3579; x_wconf 77' lang='grc' dir='ltr'>γεγό-</span> 
     </span>
    </p>
   </div>
   <div class='ocr_carea' id='block_1_95' title="bbox 2240 3600 3769 3686">
    <p class='ocr_par' dir='ltr' id='par_1_95' title="bbox 2240 3600 3769 3686">
     <span class='ocr_line' id='line_1_95' title="bbox 2240 3600 3769 3686; baseline -0.005 -14"><span class='ocrx_word' id='word_1_677' title='bbox 2240 3619 2364 3673; x_wconf 87' lang='grc' dir='ltr'>νασί</span> <span class='ocrx_word' id='word_1_678' title='bbox 2391 3636 2450 3672; x_wconf 86' lang='grc' dir='ltr'><strong>τε</strong></span> <span class='ocrx_word' id='word_1_679' title='bbox 2471 3617 2613 3671; x_wconf 76' lang='grc' dir='ltr'><strong>ὡσεὶ</strong></span> <span class='ocrx_word' id='word_1_680' title='bbox 2639 3617 2929 3671; x_wconf 82' lang='grc' dir='ltr'>ἐνύπνιον</span> <span class='ocrx_word' id='word_1_681' title='bbox 2944 3614 3400 3686; x_wconf 76' lang='grc' dir='ltr'>ὲξεγηγερμένου.</span> <span class='ocrx_word' id='word_1_682' title='bbox 3435 3610 3566 3671; x_wconf 85' lang='grc' dir='ltr'>Ἕως</span> <span class='ocrx_word' id='word_1_683' title='bbox 3587 3614 3669 3677; x_wconf 72' lang='grc' dir='ltr'>μὲν</span> <span class='ocrx_word' id='word_1_684' title='bbox 3688 3600 3769 3670; x_wconf 74' lang='grc' dir='ltr'><strong>γάρ</strong></span> 
     </span>
    </p>
   </div>
   <div class='ocr_carea' id='block_1_96' title="bbox 2241 3695 3769 3783">
    <p class='ocr_par' dir='ltr' id='par_1_96' title="bbox 2241 3695 3769 3783">
     <span class='ocr_line' id='line_1_96' title="bbox 2241 3695 3769 3783; baseline -0.01 -20"><span class='ocrx_word' id='word_1_685' title='bbox 2241 3727 2324 3774; x_wconf 87' lang='grc' dir='ltr'><strong>τις</strong></span> <span class='ocrx_word' id='word_1_686' title='bbox 2384 3709 2719 3780; x_wconf 80' lang='grc' dir='ltr'>φαντάζεται</span> <span class='ocrx_word' id='word_1_687' title='bbox 2755 3707 3093 3783; x_wconf 83' lang='grc' dir='ltr'>ὀνειρώττων</span> <span class='ocrx_word' id='word_1_688' title='bbox 3131 3708 3190 3760; x_wconf 82' lang='grc' dir='ltr'><strong>ἐν</strong></span> <span class='ocrx_word' id='word_1_689' title='bbox 3223 3708 3338 3770; x_wconf 85' lang='grc' dir='ltr'>τοῖς</span> <span class='ocrx_word' id='word_1_690' title='bbox 3379 3704 3574 3767; x_wconf 78' lang='grc' dir='ltr'>ὕπνοις,</span> <span class='ocrx_word' id='word_1_691' title='bbox 3597 3695 3769 3752; x_wconf 57' lang='lat' dir='ltr'><strong>Sexti“</strong></span> 
     </span>
    </p>
   </div>
   <div class='ocr_carea' id='block_1_97' title="bbox 2243 3784 3766 3873">
    <p class='ocr_par' dir='ltr' id='par_1_97' title="bbox 2243 3784 3766 3873">
     <span class='ocr_line' id='line_1_97' title="bbox 2243 3784 3766 3873; baseline -0.009 -19"><span class='ocrx_word' id='word_1_692' title='bbox 2243 3801 2504 3873; x_wconf 82' lang='grc' dir='ltr'>πράττειν</span> <span class='ocrx_word' id='word_1_693' title='bbox 2563 3797 2921 3871; x_wconf 76' lang='grc' dir='ltr'>ἀπατώμενος</span> <span class='ocrx_word' id='word_1_694' title='bbox 2965 3801 3032 3871; x_wconf 81' lang='grc' dir='ltr'>τῇ</span> <span class='ocrx_word' id='word_1_695' title='bbox 3077 3799 3172 3853; x_wconf 82' lang='grc' dir='ltr'>τοῦ</span> <span class='ocrx_word' id='word_1_696' title='bbox 3219 3797 3472 3852; x_wconf 67' lang='grc' dir='ltr'>ἑνυπνίου</span> <span class='ocrx_word' id='word_1_697' title='bbox 3512 3784 3766 3864; x_wconf 66' lang='grc' dir='ltr'>φαντασίᾳο</span> 
     </span>
    </p>
   </div>
   <div class='ocr_carea' id='block_1_98' title="bbox 2243 3876 3769 3964">
    <p class='ocr_par' dir='ltr' id='par_1_98' title="bbox 2243 3876 3769 3964">
     <span class='ocr_line' id='line_1_98' title="bbox 2243 3876 3769 3964; baseline -0.003 -18"><span class='ocrx_word' id='word_1_698' title='bbox 2243 3895 2461 3948; x_wconf 72' lang='grc' dir='ltr'>ἐπειδὰν</span> <span class='ocrx_word' id='word_1_699' title='bbox 2514 3894 2571 3947; x_wconf 84' lang='grc' dir='ltr'>δὲ</span> <span class='ocrx_word' id='word_1_700' title='bbox 2626 3892 2878 3964; x_wconf 76' lang='grc' dir='ltr'>διεγερθῇ</span> <span class='ocrx_word' id='word_1_701' title='bbox 2911 3895 3003 3945; x_wconf 83' lang='grc' dir='ltr'><strong>τὸν</strong></span> <span class='ocrx_word' id='word_1_702' title='bbox 3053 3891 3226 3945; x_wconf 77' lang='grc' dir='ltr'>ὕπνον</span> <span class='ocrx_word' id='word_1_703' title='bbox 3265 3886 3688 3960; x_wconf 69' lang='grc' dir='ltr'>νποτριψάμενοςι</span> <span class='ocrx_word' id='word_1_704' title='bbox 3713 3876 3769 3929; x_wconf 74' lang='grc' dir='ltr'><strong>σι’</strong></span> 
     </span>
    </p>
   </div>
   <div class='ocr_carea' id='block_1_99' title="bbox 2244 3970 3769 4057">
    <p class='ocr_par' dir='ltr' id='par_1_99' title="bbox 2244 3970 3769 4057">
     <span class='ocr_line' id='line_1_99' title="bbox 2244 3970 3769 4057; baseline -0.012 -18"><span class='ocrx_word' id='word_1_705' title='bbox 2244 4003 2400 4057; x_wconf 86' lang='grc' dir='ltr'>χεται</span> <span class='ocrx_word' id='word_1_706' title='bbox 2431 3984 2579 4056; x_wconf 85' lang='grc' dir='ltr'>αὑτῷ</span> <span class='ocrx_word' id='word_1_707' title='bbox 2606 3985 2672 4038; x_wconf 84' lang='grc' dir='ltr'>τὰ</span> <span class='ocrx_word' id='word_1_708' title='bbox 2697 3983 2796 4054; x_wconf 76' lang='grc' dir='ltr'><strong>τῆς</strong></span> <span class='ocrx_word' id='word_1_709' title='bbox 2826 3991 3148 4053; x_wconf 79' lang='grc' dir='ltr'>φαντασιας.</span> <span class='ocrx_word' id='word_1_710' title='bbox 3189 3981 3349 4036; x_wconf 70' lang='grc' dir='ltr'>Οὕτω</span> <span class='ocrx_word' id='word_1_711' title='bbox 3379 3976 3544 4034; x_wconf 78' lang='grc' dir='ltr'>δὲκαὶ</span> <span class='ocrx_word' id='word_1_712' title='bbox 3573 3972 3665 4025; x_wconf 77' lang='grc' dir='ltr'><strong>τῶν</strong></span> <span class='ocrx_word' id='word_1_713' title='bbox 3680 3970 3769 4057; x_wconf 38' lang='lat' dir='ltr'><strong>asse</strong></span> 
     </span>
    </p>
   </div>
   <div class='ocr_carea' id='block_1_100' title="bbox 2245 4055 3769 4148">
    <p class='ocr_par' dir='ltr' id='par_1_100' title="bbox 2245 4055 3769 4148">
     <span class='ocr_line' id='line_1_100' title="bbox 2245 4055 3769 4148; baseline 0.005 -19"><span class='ocrx_word' id='word_1_714' title='bbox 2245 4055 2357 4130; x_wconf 87' lang='grc' dir='ltr'><strong>ϐῶν</strong></span> <span class='ocrx_word' id='word_1_715' title='bbox 2406 4078 2439 4148; x_wconf 83' lang='grc' dir='ltr'>ἡ</span> <span class='ocrx_word' id='word_1_716' title='bbox 2480 4055 2575 4129; x_wconf 75' lang='grc' dir='ltr'>τοῦ</span> <span class='ocrx_word' id='word_1_717' title='bbox 2621 4074 2888 4146; x_wconf 74' lang='grc' dir='ltr'>παρόντος</span> <span class='ocrx_word' id='word_1_718' title='bbox 2926 4070 3041 4143; x_wconf 79' lang='grc' dir='ltr'>βίου</span> <span class='ocrx_word' id='word_1_719' title='bbox 3075 4071 3313 4126; x_wconf 78' lang='grc' dir='ltr'>δοκοῦσα</span> <span class='ocrx_word' id='word_1_720' title='bbox 3354 4063 3632 4138; x_wconf 75' lang='grc' dir='ltr'>εὐπρατεία</span> <span class='ocrx_word' id='word_1_721' title='bbox 3652 4055 3769 4148; x_wconf 20' lang='grc' dir='ltr'><strong>καὶίδ</strong></span> 
     </span>
    </p>
   </div>
   <div class='ocr_carea' id='block_1_101' title="bbox 2247 4147 3769 4239">
    <p class='ocr_par' dir='ltr' id='par_1_101' title="bbox 2247 4147 3769 4239">
     <span class='ocr_line' id='line_1_101' title="bbox 2247 4147 3769 4239; baseline -0.009 -18"><span class='ocrx_word' id='word_1_722' title='bbox 2247 4167 2475 4232; x_wconf 84' lang='grc' dir='ltr'>πλοῦτος</span> <span class='ocrx_word' id='word_1_723' title='bbox 2507 4167 2602 4221; x_wconf 76' lang='grc' dir='ltr'>καὶ</span> <span class='ocrx_word' id='word_1_724' title='bbox 2631 4168 2665 4239; x_wconf 80' lang='grc' dir='ltr'>ἠ</span> <span class='ocrx_word' id='word_1_725' title='bbox 2699 4166 3047 4237; x_wconf 81' lang='grc' dir='ltr'>ὑπερηφανία</span> <span class='ocrx_word' id='word_1_726' title='bbox 3088 4166 3278 4236; x_wconf 83' lang='grc' dir='ltr'>ὅμοιον</span> <span class='ocrx_word' id='word_1_727' title='bbox 3327 4163 3436 4228; x_wconf 77' lang='grc' dir='ltr'>ἕξει</span> <span class='ocrx_word' id='word_1_728' title='bbox 3457 4159 3513 4212; x_wconf 78' lang='grc' dir='ltr'><strong>τὸ</strong></span> <span class='ocrx_word' id='word_1_729' title='bbox 3542 4154 3670 4214; x_wconf 81' lang='grc' dir='ltr'>τέλος</span> <span class='ocrx_word' id='word_1_730' title='bbox 3685 4147 3769 4207; x_wconf 80' lang='grc' dir='ltr'>τοῖς</span> 
     </span>
    </p>
   </div>
   <div class='ocr_carea' id='block_1_102' title="bbox 2245 4248 3768 4332">
    <p class='ocr_par' dir='ltr' id='par_1_102' title="bbox 2245 4248 3768 4332">
     <span class='ocr_line' id='line_1_102' title="bbox 2245 4248 3768 4332; baseline -0.006 -18"><span class='ocrx_word' id='word_1_731' title='bbox 2245 4260 2622 4332; x_wconf 82' lang='grc' dir='ltr'>ὀνειρώττουσι</span> <span class='ocrx_word' id='word_1_732' title='bbox 2657 4259 2751 4312; x_wconf 75' lang='grc' dir='ltr'>καὶ</span> <span class='ocrx_word' id='word_1_733' title='bbox 2776 4257 3277 4327; x_wconf 74' lang='grc' dir='ltr'>ὲνυπνιαζομένοις,</span> <span class='ocrx_word' id='word_1_734' title='bbox 3321 4255 3504 4308; x_wconf 73' lang='grc' dir='ltr'>ἔπειτα</span> <span class='ocrx_word' id='word_1_735' title='bbox 3534 4248 3768 4314; x_wconf 81' lang='grc' dir='ltr'>διεγρητ⁰⁴</span> 
     </span>
    </p>
   </div>
   <div class='ocr_carea' id='block_1_103' title="bbox 2251 4333 3770 4424">
    <p class='ocr_par' dir='ltr' id='par_1_103' title="bbox 2251 4333 3770 4424">
     <span class='ocr_line' id='line_1_103' title="bbox 2251 4333 3770 4424; baseline -0.018 -18"><span class='ocrx_word' id='word_1_736' title='bbox 2251 4352 2402 4424; x_wconf 83' lang='grc' dir='ltr'>ροῦσι</span> <span class='ocrx_word' id='word_1_737' title='bbox 2440 4355 2534 4406; x_wconf 74' lang='grc' dir='ltr'><strong>καὶ</strong></span> <span class='ocrx_word' id='word_1_738' title='bbox 2561 4350 2788 4423; x_wconf 82' lang='grc' dir='ltr'>μηδενὸς</span> <span class='ocrx_word' id='word_1_739' title='bbox 2819 4341 2894 4404; x_wconf 80' lang='grc' dir='ltr'>ὧν</span> <span class='ocrx_word' id='word_1_740' title='bbox 2924 4349 3142 4403; x_wconf 69' lang='grc' dir='ltr'>ἐδόκουν</span> <span class='ocrx_word' id='word_1_741' title='bbox 3175 4349 3309 4419; x_wconf 80' lang='grc' dir='ltr'>ὁρᾷν</span> <span class='ocrx_word' id='word_1_742' title='bbox 3345 4363 3404 4410; x_wconf 77' lang='grc' dir='ltr'><strong>τε</strong></span> <span class='ocrx_word' id='word_1_743' title='bbox 3437 4341 3524 4396; x_wconf 77' lang='grc' dir='ltr'><strong>καὶ</strong></span> <span class='ocrx_word' id='word_1_744' title='bbox 3572 4333 3770 4402; x_wconf 72' lang='grc' dir='ltr'>κατέχειν</span> 
     </span>
    </p>
   </div>
   <div class='ocr_carea' id='block_1_104' title="bbox 2245 4428 3769 4514">
    <p class='ocr_par' dir='ltr' id='par_1_104' title="bbox 2245 4428 3769 4514">
     <span class='ocr_line' id='line_1_104' title="bbox 2245 4428 3769 4514; baseline -0.009 -17"><span class='ocrx_word' id='word_1_745' title='bbox 2245 4447 2365 4507; x_wconf 88' lang='grc' dir='ltr'>ταῖς</span> <span class='ocrx_word' id='word_1_746' title='bbox 2397 4441 2583 4514; x_wconf 70' lang='grc' dir='ltr'>χερσὶν</span> <span class='ocrx_word' id='word_1_747' title='bbox 2642 4439 3086 4513; x_wconf 82' lang='grc' dir='ltr'>ὲπειλημμένοις.</span> <span class='ocrx_word' id='word_1_748' title='bbox 3121 4438 3282 4492; x_wconf 78' lang='grc' dir='ltr'>Κατὰ</span> <span class='ocrx_word' id='word_1_749' title='bbox 3312 4437 3368 4491; x_wconf 80' lang='grc' dir='ltr'>δὲ</span> <span class='ocrx_word' id='word_1_750' title='bbox 3389 4434 3477 4489; x_wconf 78' lang='grc' dir='ltr'><strong>τὸν</strong></span> <span class='ocrx_word' id='word_1_751' title='bbox 3506 4428 3769 4514; x_wconf 51' lang='lat' dir='ltr'><strong>aspirans</strong></span> 
     </span>
    </p>
   </div>
   <div class='ocr_carea' id='block_1_105' title="bbox 2247 4510 3768 4601">
    <p class='ocr_par' dir='ltr' id='par_1_105' title="bbox 2247 4510 3768 4601">
     <span class='ocr_line' id='line_1_105' title="bbox 2247 4510 3768 4601; baseline -0.016 -11"><span class='ocrx_word' id='word_1_752' title='bbox 2247 4537 2363 4590; x_wconf 79' lang='grc' dir='ltr'><strong>ἀντῖ</strong></span> <span class='ocrx_word' id='word_1_753' title='bbox 2398 4510 2526 4599; x_wconf 63' lang='grc' dir='ltr'>τοῦ,</span> <span class='ocrx_word' id='word_1_754' title='bbox 2552 4533 2726 4601; x_wconf 80' lang='grc' dir='ltr'><strong>Πλὴν</strong></span> <span class='ocrx_word' id='word_1_755' title='bbox 2765 4510 2865 4588; x_wconf 85' lang='grc' dir='ltr'>διὰ</span> <span class='ocrx_word' id='word_1_756' title='bbox 2887 4510 3015 4599; x_wconf 37' lang='grc' dir='ltr'>-τὰς</span> <span class='ocrx_word' id='word_1_757' title='bbox 3046 4531 3403 4598; x_wconf 75' lang='grc' dir='ltr'>δολιότητας</span> <span class='ocrx_word' id='word_1_758' title='bbox 3429 4525 3562 4580; x_wconf 79' lang='grc' dir='ltr'><strong>ἔθου</strong></span> <span class='ocrx_word' id='word_1_759' title='bbox 3588 4510 3768 4574; x_wconf 78' lang='grc' dir='ltr'>αὐτοῖς.</span> 
     </span>
    </p>
   </div>
   <div class='ocr_carea' id='block_1_106' title="bbox 2245 4603 3769 4698">
    <p class='ocr_par' dir='ltr' id='par_1_106' title="bbox 2245 4603 3769 4698">
     <span class='ocr_line' id='line_1_106' title="bbox 2245 4603 3769 4698; baseline -0.02 -16"><span class='ocrx_word' id='word_1_760' title='bbox 2245 4627 2434 4681; x_wconf 79' lang='grc' dir='ltr'>τοῦτον</span> <span class='ocrx_word' id='word_1_761' title='bbox 2453 4626 2642 4698; x_wconf 79' lang='grc' dir='ltr'>εἴρηκε</span> <span class='ocrx_word' id='word_1_762' title='bbox 2661 4624 2752 4678; x_wconf 78' lang='grc' dir='ltr'><strong>τὸν</strong></span> <span class='ocrx_word' id='word_1_763' title='bbox 2767 4627 2969 4697; x_wconf 86' lang='grc' dir='ltr'>τρόπον</span> <span class='ocrx_word' id='word_1_764' title='bbox 2990 4642 3003 4654; x_wconf 91' lang='grc'><strong>·</strong></span> <span class='ocrx_word' id='word_1_765' title='bbox 3027 4625 3246 4688; x_wconf 84' lang='grc' dir='ltr'>Ὄντως</span> <span class='ocrx_word' id='word_1_766' title='bbox 3272 4623 3343 4675; x_wconf 86' lang='grc' dir='ltr'>ὲν</span> <span class='ocrx_word' id='word_1_767' title='bbox 3370 4617 3577 4677; x_wconf 68' lang='grc' dir='ltr'><strong>όλίσθῳ</strong></span> <span class='ocrx_word' id='word_1_768' title='bbox 3596 4603 3769 4698; x_wconf 60' lang='grc' dir='ltr'>ἔταξας</span> 
     </span>
    </p>
   </div>
   <div class='ocr_carea' id='block_1_107' title="bbox 2247 4689 3768 4788">
    <p class='ocr_par' dir='ltr' id='par_1_107' title="bbox 2247 4689 3768 4788">
     <span class='ocr_line' id='line_1_107' title="bbox 2247 4689 3768 4788; baseline -0.014 -11"><span class='ocrx_word' id='word_1_769' title='bbox 2247 4722 2491 4788; x_wconf 84' lang='grc' dir='ltr'>αὐτοὺς,</span> <span class='ocrx_word' id='word_1_770' title='bbox 2509 4689 2846 4787; x_wconf 46' lang='grc' dir='ltr'>’κατέϐαλε-’ς</span> <span class='ocrx_word' id='word_1_771' title='bbox 2867 4717 3090 4786; x_wconf 85' lang='grc' dir='ltr'>αὐτοὺς</span> <span class='ocrx_word' id='word_1_772' title='bbox 3115 4718 3202 4782; x_wconf 80' lang='grc' dir='ltr'><strong>εις</strong></span> <span class='ocrx_word' id='word_1_773' title='bbox 3223 4706 3587 4786; x_wconf 69' lang='grc' dir='ltr'>ἀφανισμοὺς</span> <span class='ocrx_word' id='word_1_774' title='bbox 3604 4718 3616 4732; x_wconf 79' lang='grc'><strong><em>⁸</em></strong></span> <span class='ocrx_word' id='word_1_775' title='bbox 3645 4689 3768 4758; x_wconf 74' lang='grc' dir='ltr'><strong>ἐξαί⁶</strong></span> 
     </span>
    </p>
   </div>
   <div class='ocr_carea' id='block_1_108' title="bbox 2248 4793 3765 4886">
    <p class='ocr_par' dir='ltr' id='par_1_108' title="bbox 2248 4793 3765 4886">
     <span class='ocr_line' id='line_1_108' title="bbox 2248 4793 3765 4886; baseline -0.025 -13"><span class='ocrx_word' id='word_1_776' title='bbox 2248 4834 2406 4886; x_wconf 71' lang='grc' dir='ltr'>φνης</span> <span class='ocrx_word' id='word_1_777' title='bbox 2433 4813 2741 4879; x_wconf 76' lang='grc' dir='ltr'>ἐξέλιπον,</span> <span class='ocrx_word' id='word_1_778' title='bbox 2757 4794 3165 4881; x_wconf 80' lang='grc' dir='ltr'><strong>ἀνηλώθησαν</strong></span> <span class='ocrx_word' id='word_1_779' title='bbox 3185 4809 3268 4875; x_wconf 89' lang='grc' dir='ltr'>ὠς</span> <span class='ocrx_word' id='word_1_780' title='bbox 3292 4808 3403 4875; x_wconf 84' lang='grc' dir='ltr'>οὐχ</span> <span class='ocrx_word' id='word_1_781' title='bbox 3427 4793 3765 4886; x_wconf 43' lang='grc' dir='ltr'>ὐπὰρξαντεςζ</span> 
     </span>
    </p>
   </div>
   <div class='ocr_carea' id='block_1_109' title="bbox 2247 4872 3768 4981">
    <p class='ocr_par' dir='ltr' id='par_1_109' title="bbox 2247 4872 3768 4981">
     <span class='ocr_line' id='line_1_109' title="bbox 2247 4872 3768 4981; baseline -0.009 -20"><span class='ocrx_word' id='word_1_782' title='bbox 2247 4872 2328 4974; x_wconf 66' lang='grc' dir='ltr'><strong>ῶς</strong></span> <span class='ocrx_word' id='word_1_783' title='bbox 2355 4872 2597 4974; x_wconf 48' lang='lat' dir='ltr'><strong>dre;me</strong></span> <span class='ocrx_word' id='word_1_784' title='bbox 2628 4872 3044 4971; x_wconf 69' lang='grc' dir='ltr'>ἐξοπνίσαντι.</span> <span class='ocrx_word' id='word_1_785' title='bbox 3079 4902 3173 4965; x_wconf 78' lang='grc' dir='ltr'><strong>Εἰς</strong></span> <span class='ocrx_word' id='word_1_786' title='bbox 3198 4872 3256 4954; x_wconf 62' lang='grc' dir='ltr'><strong>δέ</strong></span> <span class='ocrx_word' id='word_1_787' title='bbox 3285 4872 3671 4981; x_wconf 47' lang='grc' dir='ltr'>τδ,’ἐξαίφνηςν</span> 
     </span>
    </p>
   </div>
   <div class='ocr_carea' id='block_1_110' title="bbox 2251 4976 3770 5070">
    <p class='ocr_par' dir='ltr' id='par_1_110' title="bbox 2251 4976 3770 5070">
     <span class='ocr_line' id='line_1_110' title="bbox 2251 4976 3770 5070; baseline -0.015 -16"><span class='ocrx_word' id='word_1_788' title='bbox 2251 5000 2332 5064; x_wconf 87' lang='grc' dir='ltr'><strong>τὸ,</strong></span> <span class='ocrx_word' id='word_1_789' title='bbox 2365 4998 2644 5064; x_wconf 77' lang='grc' dir='ltr'>ἐξάπινα,</span> <span class='ocrx_word' id='word_1_790' title='bbox 2677 4997 3020 5070; x_wconf 81' lang='grc' dir='ltr'>παραθήσεις</span> <span class='ocrx_word' id='word_1_791' title='bbox 3055 4994 3154 5066; x_wconf 83' lang='grc' dir='ltr'><strong>τὴν</strong></span> <span class='ocrx_word' id='word_1_792' title='bbox 3181 4993 3444 5063; x_wconf 78' lang='grc' dir='ltr'>σωτήριον</span> <span class='ocrx_word' id='word_1_793' title='bbox 3501 4976 3659 5070; x_wconf 58' lang='grc' dir='ltr'>φωνὴγ</span> 
     </span>
    </p>
   </div>
   <div class='ocr_carea' id='block_1_111' title="bbox 2252 5061 3770 5162">
    <p class='ocr_par' dir='ltr' id='par_1_111' title="bbox 2252 5061 3770 5162">
     <span class='ocr_line' id='line_1_111' title="bbox 2252 5061 3770 5162; baseline -0.019 -14"><span class='ocrx_word' id='word_1_794' title='bbox 2252 5061 2517 5160; x_wconf 75' lang='grc' dir='ltr'>λέγουσαν</span> <span class='ocrx_word' id='word_1_795' title='bbox 2537 5111 2550 5123; x_wconf 89' lang='grc'>·</span> <span class='ocrx_word' id='word_1_796' title='bbox 2581 5061 2956 5162; x_wconf 59' lang='grc' dir='ltr'>Γρηγορεῖτε,</span> <span class='ocrx_word' id='word_1_797' title='bbox 2991 5061 3215 5141; x_wconf 83' lang='grc' dir='ltr'><strong>ὅτιούκ</strong></span> <span class='ocrx_word' id='word_1_798' title='bbox 3249 5061 3445 5137; x_wconf 82' lang='grc' dir='ltr'>οἴδατε</span> <span class='ocrx_word' id='word_1_799' title='bbox 3471 5072 3597 5137; x_wconf 75' lang='grc' dir='ltr'>ποίᾳ</span> <span class='ocrx_word' id='word_1_800' title='bbox 3623 5061 3770 5162; x_wconf 44' lang='grc' dir='ltr'><strong>τψξςι</strong></span> 
     </span>
    </p>
   </div>
   <div class='ocr_carea' id='block_1_112' title="bbox 2253 5150 3768 5254">
    <p class='ocr_par' dir='ltr' id='par_1_112' title="bbox 2253 5150 3768 5254">
     <span class='ocr_line' id='line_1_112' title="bbox 2253 5150 3768 5254; baseline 0.011 -15"><span class='ocrx_word' id='word_1_801' title='bbox 2253 5150 2352 5240; x_wconf 78' lang='grc' dir='ltr'><strong>καί</strong></span> <span class='ocrx_word' id='word_1_802' title='bbox 2374 5183 2496 5254; x_wconf 78' lang='grc' dir='ltr'><strong>ὥρᾳ</strong></span> <span class='ocrx_word' id='word_1_803' title='bbox 2523 5187 2556 5240; x_wconf 85' lang='grc' dir='ltr'>ό</span> <span class='ocrx_word' id='word_1_804' title='bbox 2589 5150 2801 5252; x_wconf 61' lang='grc' dir='ltr'><strong>ιξύρἰοέ</strong></span> <span class='ocrx_word' id='word_1_805' title='bbox 2835 5150 3005 5250; x_wconf 63' lang='grc' dir='ltr'>ὑμῶν</span> <span class='ocrx_word' id='word_1_806' title='bbox 3035 5179 3301 5248; x_wconf 77' lang='grc' dir='ltr'>ἔρχεται·</span> <span class='ocrx_word' id='word_1_807' title='bbox 3324 5173 3416 5228; x_wconf 54' lang='grc' dir='ltr'><strong>καὶ</strong></span> <span class='ocrx_word' id='word_1_808' title='bbox 3449 5150 3768 5254; x_wconf 38' lang='grc' dir='ltr'><strong>πάλιψᾚεῗ</strong></span> 
     </span>
    </p>
   </div>
   <div class='ocr_carea' id='block_1_113' title="bbox 2255 5239 3768 5348">
    <p class='ocr_par' dir='ltr' id='par_1_113' title="bbox 2255 5239 3768 5348">
     <span class='ocr_line' id='line_1_113' title="bbox 2255 5239 3768 5348; baseline -0.022 -14"><span class='ocrx_word' id='word_1_809' title='bbox 2255 5239 2304 5334; x_wconf 10' lang='grc' dir='ltr'><strong>όν</strong></span> <span class='ocrx_word' id='word_1_810' title='bbox 2322 5239 2536 5348; x_wconf 58' lang='grc' dir='ltr'>Κύριος</span> <span class='ocrx_word' id='word_1_811' title='bbox 2571 5239 2756 5332; x_wconf 61' lang='grc' dir='ltr'>αὑτοῦ</span> <span class='ocrx_word' id='word_1_812' title='bbox 2775 5239 3081 5344; x_wconf 49' lang='grc' dir='ltr'><strong>,ἐν-ἠμέρᾷ</strong></span> <span class='ocrx_word' id='word_1_813' title='bbox 3176 5270 3248 5324; x_wconf 87' lang='grc' dir='ltr'>οὐ</span> <span class='ocrx_word' id='word_1_814' title='bbox 3278 5255 3587 5338; x_wconf 79' lang='grc' dir='ltr'>προσδοκᾷ,</span> <span class='ocrx_word' id='word_1_815' title='bbox 3610 5245 3690 5304; x_wconf 73' lang='grc' dir='ltr'><strong>καὶ</strong></span> <span class='ocrx_word' id='word_1_816' title='bbox 3716 5239 3768 5292; x_wconf 71' lang='grc' dir='ltr'><strong>ἐν</strong></span> 
     </span>
    </p>
   </div>
   <div class='ocr_carea' id='block_1_114' title="bbox 2254 5367 2872 5444">
    <p class='ocr_par' dir='ltr' id='par_1_114' title="bbox 2254 5367 2872 5444">
     <span class='ocr_line' id='line_1_114' title="bbox 2254 5367 2872 5444; baseline -0.01 -18"><span class='ocrx_word' id='word_1_817' title='bbox 2254 5372 2378 5441; x_wconf 81' lang='grc' dir='ltr'><strong>ὥρᾳ</strong></span> <span class='ocrx_word' id='word_1_818' title='bbox 2405 5367 2444 5444; x_wconf 79' lang='grc' dir='ltr'><em>ᾗ</em></span> <span class='ocrx_word' id='word_1_819' title='bbox 2477 5373 2548 5426; x_wconf 84' lang='grc' dir='ltr'>οὐ</span> <span class='ocrx_word' id='word_1_820' title='bbox 2568 5369 2872 5442; x_wconf 78' lang='grc' dir='ltr'>γινώσκει.</span> 
     </span>
    </p>
   </div>
   <div class='ocr_carea' id='block_1_115' title="bbox 2331 5427 3768 5532">
    <p class='ocr_par' dir='ltr' id='par_1_115' title="bbox 2331 5427 3768 5532">
     <span class='ocr_line' id='line_1_115' title="bbox 2331 5427 3768 5532; baseline 0.009 -14"><span class='ocrx_word' id='word_1_821' title='bbox 2331 5427 2527 5532; x_wconf 38' lang='lat' dir='ltr'><strong>trdits,</strong></span> <span class='ocrx_word' id='word_1_822' title='bbox 2555 5427 2624 5517; x_wconf 69' lang='grc' dir='ltr'>έν</span> <span class='ocrx_word' id='word_1_823' title='bbox 2655 5459 2730 5529; x_wconf 79' lang='grc' dir='ltr'>τῇ</span> <span class='ocrx_word' id='word_1_824' title='bbox 2752 5462 2925 5515; x_wconf 75' lang='grc' dir='ltr'>πόλει</span> <span class='ocrx_word' id='word_1_825' title='bbox 2940 5472 3058 5512; x_wconf 91' lang='grc' dir='ltr'><strong>σου</strong></span> <span class='ocrx_word' id='word_1_826' title='bbox 3083 5452 3199 5524; x_wconf 67' lang='grc' dir='ltr'><strong>τὴν</strong></span> <span class='ocrx_word' id='word_1_827' title='bbox 3222 5450 3421 5508; x_wconf 58' lang='grc' dir='ltr'><strong>εἰκόνα</strong></span> <span class='ocrx_word' id='word_1_828' title='bbox 3445 5427 3768 5532; x_wconf 31' lang='lat' dir='ltr'><strong>“mit”?</strong></span> 
     </span>
    </p>
   </div>
   <div class='ocr_carea' id='block_1_116' title="bbox 2258 5513 3770 5624">
    <p class='ocr_par' dir='ltr' id='par_1_116' title="bbox 2258 5513 3770 5624">
     <span class='ocr_line' id='line_1_116' title="bbox 2258 5513 3770 5624; baseline -0.021 -11"><span class='ocrx_word' id='word_1_829' title='bbox 2258 5513 2889 5624; x_wconf 47' lang='grc' dir='ltr'><strong>θεν-ἧὲέιξίᾏνξηέρω</strong></span> <span class='ocrx_word' id='word_1_830' title='bbox 2917 5550 3015 5622; x_wconf 82' lang='grc' dir='ltr'><strong>μὲν</strong></span> <span class='ocrx_word' id='word_1_831' title='bbox 3047 5513 3231 5616; x_wconf 70' lang='grc' dir='ltr'>ἔλεγεν</span> <span class='ocrx_word' id='word_1_832' title='bbox 3248 5585 3263 5612; x_wconf 83' lang='lat'><strong>,</strong></span> <span class='ocrx_word' id='word_1_833' title='bbox 3295 5544 3444 5602; x_wconf 84' lang='grc' dir='ltr'>Ἕως</span> <span class='ocrx_word' id='word_1_834' title='bbox 3468 5524 3683 5589; x_wconf 71' lang='grc' dir='ltr'><strong>εἰσέλθω</strong></span> <span class='ocrx_word' id='word_1_835' title='bbox 3704 5513 3770 5577; x_wconf 62' lang='grc' dir='ltr'><strong>εἷς</strong></span> 
     </span>
    </p>
   </div>
  </div>
