4068 6528
306 328 413 386 διε

1448 321 1950 381 εοιιιιεΝτΑιιιΑ
1988 322 2056 377 IN
2096 316 2429 407 PSALMOS.

3452 288 3558 371 8&6

303 451 367 507 τὸ
391 450 782 520 ἀγιαστήριον
798 451 904 504 τοῦ
928 449 1096 505 Θεοῦο
1123 448 1214 502 νῦν
1240 448 1295 501 δὲ
1322 450 1374 502 τί
1406 447 1522 501 ποτ’
1542 444 1609 517 ἦν
1628 448 1687 501 τὸ
1718 449 1875 514 ἁγια-

1982 448 2347 500 sauctu'arium
2369 446 2498 505 Dei;
2534 460 2681 499 nunc
2697 458 2826 498 vero
2848 441 3124 512 quodnam
3152 442 3222 495 sit
3241 439 3560 507 ltujusmmli

305 546 521 617 στήριον
543 543 781 597 διδάσκει
816 542 1006 611 λέγων’
1024 544 1216 611 Κύριε,
1241 542 1310 593 ἐν
1331 539 1404 607 τῇ
1426 540 1732 593 πόλειεσου
1766 538 1880 605 τὴν

302 636 501 690 εικόνα
525 634 725 688 αὐτῶν
748 633 1196 698 ἑξουδενὼσεις.
1231 631 1419 685 Ἔνθεν
1448 631 1669 693 εἰκότως
1696 632 1724 681 6
1741 630 1881 693 θεῖος

316 723 653 788 ’Δπόστολος,
673 726 827 779 πόλιν
845 724 1094 796 οὐράνιον
1113 723 1246 776 Θεοῦ
1265 722 1423 785 είδὼς
1442 721 1642 789 ἔλεγεν·
1659 724 1881 787 Προσε-

298 818 646 886 ληλύθαμεν
674 816 826 871 Σιὼν
852 806 993 885 ὄρει·
1014 816 1110 869 καί
1148 816 1319 868 πόλει
1356 812 1503 867 Θεοῦ
1541 812 1754 877 ζῶντος
1786 812 1879 865 Ἰε-

294 908 617 980 ρουσαλὴμ
646 908 997 977 ἐπουρανίῳσ
1030 907 1124 960 καὶ
1155 904 1332 960 πάλινο
1368 902 1513 960 Ἡδὲ
1543 901 1881 970 ἇνωἹερου-

298 1000 508 1069 mlius
544 1000 829 1068 ἐλευθέρα
873 1000 1025 1053 ἐστί.
1074 998 1290 1067 Ταύτην
1323 992 1415 1049 οῦν
1465 997 1559 1048 καὶ
1610 996 1639 1048 6
1691 993 1881 1063 παρὼν

301 1094 593 1165 Προφήτης
618 1092 715 1164 τὴν
743 1093 897 1146 πόλιν
918 1092 1011 1145 τοῦ
1034 1090 1168 1144 Θεοῦ
1194 1089 1444 1159 σημαίνει
1465 1088 1658 1157 λέγων’
1682 1088 1877 1155 Κύριε,

298 1188 369 1240 ἐν
391 1186 466 1256 τῇ
486 1190 657 1241 πόλει
695 1201 811 1241 σου
853 1187 965 1253 τὴν
992 1188 1195 1240 εἰκόνα
1215 1183 1412 1239 αὐτῶν
1432 1182 1877 1247 ἐξουδενώσεις.

299 1280 363 1333 El
390 1281 487 1349 μὲν
514 1279 621 1349 γὰρ
646 1276 809 1352 ἦσαν,
838 1280 1003 1349 φησὶ,
1050 1276 1382 1347 φυλάξαντες
1415 1275 1511 1347 τὴν
1546 1275 1642 1346 σὴν
1676 1275 1877 1340 εἰκόνα,

297 1371 524 1434 εἰκότως
556 1371 650 1425 καὶ
692 1371 789 1442 τῆς
837 1371 935 1441 σῆς
981 1371 1188 1433 πόλεως
1222 1366 1574 1440 κατηξιοῦντο
1602 1385 1615 1398 ο
1671 1368 1791 1419 ἐπεὶ
1820 1360 1880 1419 δὲ

294 1458 604 1526 ἄνθρωπος
628 1459 698 1512 ἐν
726 1458 863 1527 τιμῇ
893 1457 977 1511 ὢν
1004 1461 1074 1513 οὐ
1100 1458 1355 1526 συνῆκε,
1386 1456 1879 1525 παρεσυνεϐλήθη

293 1550 421 1617 τοῖς
452 1552 699 1620 κτήνεσι
736 1552 860 1618 τοῖς
902 1552 1201 1620 ἀνοήτοις,
1238 1552 1335 1605 καί
1361 1552 1625 1621 ὡμοιώθη
1655 1550 1878 1616 αὐτοῖς,

292 1639 571 1709 ἀναλόγως
601 1645 659 1693 τε
686 1644 751 1712 τῇ
777 1641 969 1695 ἑαυτοῦ
1034 1641 1199 1712 κακίᾳ
1238 1640 1427 1696 ἑαυτὸν
1461 1640 1883 1711 μετεμόρφωσεν

291 1732 379 1795 είς
409 1732 601 1804 ἀγρίου
626 1731 792 1804 θηρὸς
823 1733 1022 1804 τρόπον
1050 1751 1130 1796 τε,
1162 1734 1353 1801 γέγονέ
1374 1750 1431 1786 τε
1456 1734 1620 1796 ἵππος
1638 1732 1769 1803 θηλυ
1779 1750 1881 1803 μα-

290 1824 413 1895 νὴς,
444 1796 1061 1898 ηλύκοςάρπακτικὺς,
1110 1826 1142 1897 ἦ
1170 1796 1294 1894 ῦφις
1322 1828 1416 1879 καὶ
1438 1796 1705 1896 γέννημα.
1734 1796 1877 1895 ἐχιδ·
1912 1796 1955 1850 Β

288 1916 422 1979 νῶν,
459 1916 493 1987 ἢ
526 1916 653 1970 ἄλλο
694 1934 747 1970 τι
772 1916 981 1981 τούτοις
1028 1917 1427 1987 παραπλήσιον
1474 1916 1664 1971 τούτου
1715 1916 1875 1987 χάριν

286 2007 485 2081 ὥσπερ
534 2008 783 2080 κίϐδηλον
828 2011 1071 2081 νόμισμα
1111 2010 1207 2081 τὴν
1254 2009 1508 2081 τοιαύτην
1547 2008 1729 2062 εἰκόνα
1776 2010 1876 2080 τῆς

286 2101 492 2155 ἑαυτοῦ
528 2102 734 2167 πόλεως
760 2104 1087 2176 ἀπορρίπτει
1113 2104 1140 2156 6
1167 2101 1323 2165 Θεὸς,
1365 2101 1650 2167 ἐξουδενῶν
1682 2101 1871 2173 αὐτὴν,

282 2192 417 2246 οὐδὲ
460 2192 617 2260 ἀξίαν
661 2195 863 2267 κρίνων
904 2194 1010 2248 τῶν
1053 2195 1110 2247 ἐν
1160 2196 1227 2264 τῇ
1280 2193 1431 2247 πόλει
1459 2193 1624 2247 αὐτοῦ
1673 2194 1871 2263 μονῶν.

282 2282 495 2336 Πολλαὶ
542 2285 649 2356 γὰρ
703 2285 863 2355 μοναὶ
910 2286 1060 2355 παρὰ
1102 2282 1179 2354 τῷ
1204 2285 1397 2355 Πατρί·
1426 2283 1491 2337 δι’
1524 2285 1553 2337 ὃ
1594 2283 1869 2337 λέλεκται⁶

282 2376 488 2444 Κύριε,
515 2374 587 2428 ἐν
612 2373 687 2443 τῇ
710 2375 879 2427 πόλει
895 2389 1011 2427 σου
1037 2373 1151 2441 τὴν
1176 2374 1379 2427 εἰκόνα
1407 2373 1605 2426 αὐτῶν
1632 2373 1872 2437 ἐξουθε-

280 2467 523 2536 νήσεις.
584 2464 753 2518 Τοῦτο
796 2464 894 2535 μὲν
941 2460 1033 2517 οῦν
1074 2464 1425 2535 προφητικῶς
1462 2465 1490 2516 6
1534 2464 1704 2533 Ἀσάφ
1738 2465 1873 2517 ἀπε-

282 2558 584 2629 φθέγξατο,
616 2557 804 2627 ὦσπερ
837 2554 1175 2619 ἐπιθειάσας,
1209 2554 1384 2608 καὶτὸ
1410 2555 1602 2626 μέλλον
1632 2573 1872 2625 πεφωτι-

282 2651 515 2721 σμένοις
539 2648 717 2719 ψυχῆς
745 2647 1042 2719 ὀφθαλμοῖς
1080 2645 1425 2716 τεθεαμένος.
1466 2646 1576 2717 Τὴν
1603 2646 1659 2700 δὲ
1693 2648 1873 2700 αίτίαν

279 2742 356 2796 δι’
386 2741 455 2812 ἢν
496 2741 767 2813 ἐφωτίσθη
798 2739 895 2812 τὴν
939 2740 1093 2793 πόλιν
1119 2739 1212 2793 τοῦ
1241 2738 1378 2792 Θεοῦ
1415 2739 1665 2806 συνιδεῖν,
1702 2740 1869 2811 παρί-

284 2852 451 2907 στησι
478 2835 649 2904 λέγων
680 2834 827 2905 ἑξῆς

366 3019 495 3072 Ὀτι
526 3017 820 3085 ἐξεκαύθη
840 3018 878 3083 ἠ
898 3016 1111 3085 καρδία
1136 3033 1277 3085 μου,
1300 3016 1397 3069 καὶ
1437 3020 1491 3070 οἱ
1528 3019 1736 3087 νεφροί
1756 3036 1875 3087 μου

280 3108 729 3177 ἠλλοιιὶθησαν.
748 3107 962 3179 Ἐπειδὴ
976 3108 1082 3179 γὰρ
1099 3106 1290 3175 ζηλῶν
1305 3108 1574 3176 ἐζήλωσα
1590 3108 1669 3174 τῷ
1684 3113 1878 3179 Κυρίῳ

1988 539 2363 601 sanctuarium
2395 539 2589 594 edocet
2616 538 2703 593 his
2734 539 2935 597 verbis,
2969 534 3211 596 Domine,
3253 534 3303 585 in
3346 532 3562 585 civitate

1987 636 2079 679 tua
2108 628 2392 697 imaginem
2426 629 2661 696 ipsorum
2685 628 2752 681 ad
2779 628 3001 681 nihilum
3022 624 3245 694 rediges.
3271 622 3427 677 Unde
3448 636 3566 684 me-

1986 720 2093 772 rito
2124 718 2284 775 divus
2317 721 2633 790 Apostolus,
2664 721 2830 789 utqui
2863 721 3140 775 ccelestem
3164 716 3257 773 Dei
3281 716 3565 771 civitatem

1985 826 2192 880 nosset,
2229 815 2485 869 dicebat:
2521 814 2850 867 Accessimus
2873 814 2941 865 ad
2977 812 3105 867 Sion
3134 820 3381 871 montem,
3420 817 3469 862 et
3490 808 3567 860 ci-

1985 910 2197 963 vitalem
2235 907 2329 961 Dei
2379 904 2925 977 viventislerusalem
2978 903 3302 965 cwlestem‘;
3337 914 3402 953 ac
3439 912 3568 951 rur-

1985 1016 2138 1055 sum:
2160 999 2265 1054 Illa
2298 1015 2415 1053 vero
2436 1013 2552 1068 qua:
2584 1013 2795 1051 sursum
2807 997 2884 1050 'est
2901 994 3220 1057 Jerusalem,
3245 992 3411 1046 libera
3430 992 3567 1045 est“.

1985 1089 2138 1144 Hanc
2161 1090 2346 1159 itaque
2377 1088 2471 1144 Dei
2494 1088 2766 1142 civitatem
2793 1086 3063 1155 Propheta
3104 1084 3198 1155 qui
3234 1084 3345 1153 jam
3381 1080 3569 1152 loqui-

1982 1190 2074 1235 tur
2127 1181 2207 1236 sic
2260 1180 2503 1234 indicat:
2543 1179 2781 1243 Domine,
2823 1181 2875 1232 in
2925 1178 3133 1231 civitate
3162 1186 3251 1230 tua
3277 1176 3559 1245 imaginem

1983 1275 2220 1342 ipsorum
2248 1273 2315 1327 ad
2351 1272 2572 1327 nihilum
2611 1272 2831 1341 rediges.
2864 1270 2999 1324 Nam
3036 1270 3103 1337 si,
3129 1270 3326 1341 inquit,
3360 1268 3557 1339 imagi-

1984 1380 2109 1418 nem
2141 1366 2563 1417 COnservasse'nt
2615 1370 2788 1423 tuam,
2824 1359 3018 1413 merito
3051 1360 3272 1414 civitate
3332 1374 3555 1428 quoque

1983 1465 2077 1509 tua
2109 1454 2298 1520 donati
2329 1460 2516 1508 essent
2544 1472 2557 1505 :
2594 1459 2650 1505 at
2679 1451 2807 1521 quia
2839 1450 2992 1504 homo
3027 1467 3144 1504 cum
3174 1452 3228 1504 in
3255 1450 3452 1504 honore
3481 1466 3560 1503 es-

1984 1557 2081 1613 set,
2119 1564 2222 1616 non
2257 1546 2517 1601 intellexit
2565 1559 2583 1597 :
2636 1549 2978 1611 comparatus
3032 1553 3109 1598 est
3137 1544 3396 1612 jumentis
3426 1543 3557 1596 insi-

1984 1640 2264 1712 pientibus,
2311 1650 2358 1694 et
2402 1640 2593 1693 similis
2630 1638 2803 1707 factus
2852 1649 2928 1694 est
2974 1639 3085 1691 illis
3117 1640 3159 1702 ⁸,
3200 1648 3361 1707 atque
3394 1635 3557 1690 modo

1985 1738 2204 1791 malitiae
2259 1720 2372 1791 suae
2403 1736 2725 1805 congruenti
2755 1749 2879 1789 sese
2910 1735 2966 1787 in
2998 1734 3230 1803 agrestis
3262 1733 3389 1787 fera:
3434 1748 3557 1787 mo~

1983 1844 2099 1883 rem
2116 1828 2528 1892 transmutavit,
2571 1815 2860 1897 factusque
2888 1834 2972 1881 est
3003 1842 3177 1896 equus
3206 1826 3555 1890 emissarius,

1983 1931 2077 1976 aut
2105 1923 2267 1992 lupus
2299 1936 2491 1991 rapax,
2548 1929 2642 1974 aut
2692 1935 2918 1989 serpens
2948 1928 3001 1973 et
3038 1918 3292 1989 genimen
3340 1918 3557 1988 vipera-

1982 2029 2127 2078 rum,
2161 2014 2277 2069 sive
2314 2013 2450 2084 quid
2501 2012 2569 2068 iis
2604 2011 2825 2076 simile;
2886 2010 3010 2065 ideo
3066 2011 3229 2064 talem
3263 2010 3557 2080 imaginem

1981 2106 2138 2175 quasi
2187 2104 2557 2159 adulterinum
2598 2102 2874 2158 numisma
2925 2117 2991 2155 ex
3026 2102 3245 2156 civitate
3279 2117 3378 2156 sua
3412 2084 3556 2155 Deus

1982 2197 2189 2266 abiicit,
2223 2197 2291 2250 ad
2334 2197 2565 2251 nihilum
2600 2196 2818 2265 redigit,
2864 2209 3038 2263 neque
3074 2192 3293 2264 dignam
3346 2191 3559 2260 judicat

1982 2291 2089 2344 illis
2123 2288 2365 2359 civitatis
2398 2303 2510 2342 sua:
2544 2287 2943 2341 mansionibus.
2992 2284 3126 2338 Nam
3161 2284 3306 2354 apud
3337 2283 3553 2336 Patrem

1982 2379 2297 2432 mansiones
2321 2377 2505 2431 multa:
2532 2374 2679 2431 sunt.
2709 2376 2887 2441 Quare
2914 2375 3122 2429 dictum
3154 2382 3239 2429 est
3272 2393 3283 2426 :
3311 2372 3555 2434 Domine,

1979 2468 2033 2521 in
2066 2470 2278 2522 civitate
2310 2477 2403 2520 tua
2436 2468 2721 2537 imaginem
2774 2468 3007 2535 ipsorum
3045 2465 3114 2517 ad
3158 2464 3381 2518 nihilum
3417 2462 3560 2516 redi-

1978 2576 2088 2631 ges.
2125 2558 2237 2614 Hoc
2268 2559 2450 2629 itaque
2475 2556 2793 2627 prophetice
2816 2556 2999 2625 Asaph
3020 2553 3176 2624 quasi
3218 2552 3429 2606 amatus
3449 2550 3561 2603 Nu-

1980 2653 2147 2717 mine,
2175 2665 2241 2705 ac
2282 2649 2606 2714 illuminatis
2646 2648 2848 2704 mentis
2888 2647 3064 2703 oculis
3096 2646 3280 2700 futura
3307 2652 3559 2697 contem-

1982 2747 2183 2816 platus,
2216 2744 2433 2798 locutus
2468 2750 2577 2797 est.
2604 2741 2841 2796 Causam
2881 2756 3012 2795 vero
3063 2755 3163 2793 cur
3214 2736 3559 2790 illuminatus

1985 2836 2057 2892 sit
2086 2836 2153 2890 ad
2184 2835 2464 2891 civitatem
2501 2833 2591 2889 Dei
2620 2830 3069 2902 conspiciendam
3098 2844 3225 2883 mox
3268 2826 3445 2897 aperit
3473 2824 3558 2877 di-

1985 2943 2116 2982 cens
2150 2946 2163 2981 2

2055 3017 2222 3074 Vens.
2274 3018 2466 3072 ει-εὶι.
2511 3017 2651 3083 Quia
2681 3016 3075 3084 inﬂammatum
3132 3022 3213 3066 est
3238 3028 3330 3065 cor
3364 2998 3557 3073 meum,

1986 3123 2036 3167 et
2064 3129 2211 3167 renes
2240 3112 2340 3165 mei
2362 3109 2673 3164 commutati
2711 3118 2855 3161 sunt.
2888 3106 3025 3172 Quia
3062 3105 3207 3160 enim
3252 3105 3363 3158 zelo
3392 3104 3558 3158 τειαυὶ

282 3198 433 3253 κατὰ
446 3199 533 3251 τὸν
550 3200 831 3269 προφήτην
853 3197 1060 3260 Ἠλίαν,
1078 3197 1397 3269 ὲξειλκόμην
1408 3216 1467 3251 τε
1478 3202 1588 3263 τοῖς
1604 3205 1879 3273 λογισμοῖς

1984 3205 2210 3261 Domino
2236 3243 2251 3267 ,
2286 3202 2588 3259 secundum
2635 3200 2807 3257 Etiam
2836 3197 3156 3269 prophetam
3185 3198 3228 3261 ",
3273 3200 3561 3268 cogitatio-

280 3286 434 3360 ὁρῶν
446 3286 659 3349 ἀσεϐεῖς
680 3285 1134 3357 εὐθυμουμένους
1151 3287 1286 3340 ἀλλὰ
1305 3289 1398 3342 καὶ
1419 3289 1735 3363 ὲπυρούμην
1754 3295 1881 3356 τοὺς

282 3376 525 3448 νεφροὺς
546 3377 639 3429 καὶ
654 3375 722 3428 τὰ
745 3374 883 3446 βάθη
907 3377 976 3430 τὰ
1002 3375 1207 3447 κρύφια
1219 3377 1319 3447 τῆς
1330 3379 1571 3448 ἐμαυτοῦ
1589 3380 1787 3453 ψυχῆς·
1810 3382 1876 3436 δι’

281 3470 312 3523 ὃ
336 3470 435 3523 καὶ
457 3469 658 3538 ἔλεγον,
692 3468 812 3522 Ὅτι
838 3467 1109 3533 ἐζήλωσα
1138 3468 1239 3522 ἐπὶ
1272 3469 1396 3536 τοῖς
1421 3472 1688 3541 ἀνόμοις,
1722 3473 1881 3542 εἰρή-

280 3579 410 3631 νην
435 3559 798 3630 ἁμαρτωλῶν
825 3560 1073 3628 θεωρῶν·
1110 3559 1299 3614 τούτου
1328 3560 1486 3633 χάριν
1502 3562 1743 3633 ἠξιώθην
1769 3582 1879 3634 φω-

284 3653 543 3726 τισθῆναι
575 3652 679 3706 ὑπὸ
703 3654 796 3706 τοῦ
826 3652 1141 3723 Πνεῦματος
1173 3654 1267 3707 καὶ
1305 3654 1404 3724 τὴν
1439 3655 1592 3708 πόλιν
1626 3656 1753 3710 ίδεῖν
1784 3656 1879 3709 τοῦ

282 3746 451 3810 Θεοῦ,
494 3745 619 3809 τούς
662 3761 721 3797 τε
754 3744 937 3809 ἀξίους
987 3745 1157 3816 αὐτῆς
1193 3746 1288 3798 καὶ
1329 3747 1453 3810 τοὺς
1501 3748 1598 3819 μή.
1643 3750 1787 3803 Ἀντὶ
1824 3750 1882 3803 δὲ

281 3839 385 3895 τοῦ
405 3880 420 3903 ,
438 3839 765 3908 Ἐξεκαύθη
801 3838 839 3905 ἡ
872 3838 1085 3906 καρδία
1106 3855 1225 3907 μου
1245 3876 1259 3901 ,
1290 3839 1320 3891 6
1351 3838 1664 3910 Σύμμαχος,
1694 3844 1878 3895 Συνε-

282 3932 600 3998 στέλλετο,
643 3932 825 4002 φησὶν,
856 3930 895 3998 ἡ
930 3930 1141 3999 καρδία
1156 3949 1275 3999 μου
1295 3970 1311 3995 ,
1338 3932 1435 3986 καὶ
1452 3932 1625 3998 ἐντὸς
1645 3933 1763 3987 τῶν
1786 3951 1880 3989 νε..

283 4023 457 4094 φρῶν
480 4041 602 4093 μου
648 4022 1003 4091 διελεγόμην
1040 4022 1389 4092 ἀντιλέγων.
1420 4021 1533 4076 Εἶθ’
1575 4024 1703 4096 ἑξῆς
1730 4025 1881 4097 εἴρη..

285 4132 405 4169 ται·
446 4116 555 4169 Καὶ
598 4114 714 4185 ἐγώ
755 4113 1257 4182 ἐξουθενημένος,
1309 4114 1406 4168 καί
1452 4118 1564 4169 οὐκ
1609 4115 1820 4187 ἔγνων·
1851 4119 1879 4171 ὃ

284 4209 355 4279 δὴ
380 4207 710 4278 σαφέστερον
733 4207 1079 4277 ήρμήνευσεν
1102 4208 1130 4258 6
1159 4206 1454 4277 Σύμμαχος
1472 4206 1663 4275 εἰπὼν,
1681 4212 1880 4278 Ἦμην

285 4300 360 4353 δὲ
387 4298 812 4368 ἀνεπιστήμων
841 4298 939 4351 καὶ
965 4296 1051 4367 μὴ
1092 4299 1281 4365 εἰδῶς’
1310 4300 1403 4353 καὶ
1433 4300 1611 4354 πάλιν·
1645 4303 1879 4368 Κτηνώ-

285 4391 403 4458 δης
419 4390 712 4459 ἐγενήθην
729 4390 887 4456 παρὰ
912 4390 1035 4443 σοί·
1065 4390 1098 4461 ἢ
1127 4391 1266 4444 κατὰ
1285 4391 1377 4444 τὸν
1404 4391 1716 4463 Σύμμαχον,
1734 4396 1880 4460 Κτη-

1982 3299 2252 3368 uibusque
2273 3295 2601 3351 detrahebar
2620 3308 2744 3349 cum
2770 3305 3050 3350 cernerem
3077 3292 3273 3362 impios
3299 3305 3560 3360 prospere

1983 3376 2180 3460 agere:
2213 3388 2323 3441 imo
2347 3386 2512 3463 etiam
2546 3399 2707 3439 rencs
2751 3386 2858 3439 mei
2890 3398 3106 3438 necnon
3147 3380 3419 3453 profunda
3463 3394 3560 3433 oc-
3622 3454 3628 3461 .

1981 3486 2237 3552 cultaque
2281 3480 2476 3535 animae
2525 3494 2660 3534 mea:
2706 3478 3041 3544 urebantur;
3106 3476 3229 3530 ideo
3283 3475 3556 3537 dicebam,

1984 3575 2124 3641 Quia
2149 3573 2314 3627 zelavi
2340 3586 2497 3639 super
2526 3570 2754 3639 iniquos,
2788 3584 2970 3637 pacem
2998 3576 3333 3637 peccatorum
3356 3565 3555 3618 videns.

1982 3662 2163 3729 Quare
2194 3674 2519 3717 concessum
2546 3658 2677 3711 mihi
2721 3656 2821 3712 fuit
2854 3666 2913 3711 ut
2953 3658 3295 3721 illuminarer
3320 3670 3351 3708 a
3377 3654 3555 3723 Spiri-

1980 3762 2039 3809 tu
2094 3763 2150 3809 et
2179 3753 2418 3808 viderem
2446 3753 2723 3807 civitatem
2774 3749 2888 3815 Dei,
2934 3764 3144 3805 necnon
3177 3764 3272 3804 eos
3319 3748 3414 3818 qui
3464 3747 3556 3801 illa

1984 3849 2101 3903 sive
2132 3846 2305 3917 digni,
2339 3845 2455 3900 sive
2486 3843 2693 3915 indigni
2725 3851 2873 3897 sunt.
2907 3840 3014 3896 Pro
3055 3841 3149 3895 illo
3194 3849 3399 3903 autem,
3461 3838 3558 3893 In-

1981 3940 2318 4010 ﬂammatum
2346 3946 2424 3991 est
2466 3952 2559 3989 cor
2591 3951 2785 3999 meum,
2819 3932 3203 4005 Symmachus,
3262 3932 3556 3988 Contralte-

1982 4031 2158 4095 batur,
2190 4029 2388 4099 inquit,
2417 4043 2509 4081 cor
2544 4042 2737 4088 meum,
2766 4034 2815 4079 et
2854 4025 2998 4078 intra
3030 4042 3178 4078 renes
3206 4041 3344 4077 meos
3384 4026 3557 4077 ratio-

1981 4122 2203 4177 cinabar
2235 4119 2621 4174 contradicens.
2654 4116 2861 4172 Deinde
2890 4116 3093 4171 dicitur
3118 4136 3130 4170 ε
3154 4116 3221 4170 Et
3243 4132 3334 4187 ego
3375 4116 3444 4169 ad
3475 4117 3557 4169 ni-

1980 4217 2149 4271 hilum
2185 4214 2428 4269 redactus
2459 4229 2601 4274 sum,
2632 4221 2680 4267 et
2702 4212 2931 4275 nescivi;
2961 4212 3108 4281 quod
3143 4212 3350 4265 clarius
3386 4212 3558 4264 inter-

1983 4316 2228 4380 pretatus
2270 4305 2634 4379 Symmachus
2687 4315 2772 4360 est
2815 4304 3028 4367 dicens,
3069 4304 3231 4356 liram
3270 4304 3470 4357 inscius
3507 4311 3558 4357 et

1980 4421 2084 4458 non
2112 4418 2444 4473 cognoscens.
2478 4399 2713 4456 Rursum
2750 4418 2763 4453 :
2800 4396 2868 4451 Ut
2888 4398 3185 4466 jumentum
3233 4396 3406 4464 factus
3440 4411 3559 4448 sum

285 4482 492 4547 νωδῶς
520 4481 832 4537 διετέλεσα
868 4481 1027 4551 παρὰ
1061 4483 1183 4536 σοί.
1214 4484 1320 4537 Kal
1363 4484 1496 4553 ἐγὼ,
1532 4485 1715 4556 φησὶν,
1754 4485 1879 4539 δια-

1982 4501 2120 4569 apud
2155 4508 2232 4561 te;
2264 4496 2380 4554 sive
2411 4494 2714 4551 secundum
2748 4490 3156 4562 Symmachum,
3193 4488 3433 4541 Jumenti
3476 4488 3558 4539 in-

286 4574 518 4640 παντὸς
548 4573 697 4644 μετὰ
725 4573 860 4628 σοῦ’
890 4573 1029 4628 κατὰ
1045 4574 1103 4627 δὲ
1130 4575 1220 4627 τὸν
1248 4575 1563 4645 Σύμμαχον,
1596 4577 1707 4630 Καὶ
1737 4591 1880 4631 συν-

284 4669 453 4737 ἠμην
496 4682 596 4722 σοι
639 4668 983 4734 διαπαντός.
1025 4668 1087 4721 El
1146 4668 1253 4740 γάρ
1299 4668 1391 4722 κα)⁵
1430 4668 1501 4722 τὰ
1545 4668 1777 4738 μάλιστα
1810 4671 1872 4722 ού

290 4762 511 4830 συνείην
542 4761 671 4831 πρὶν
696 4760 1027 4830 φωτισθῆναι
1055 4760 1149 4812 καὶ
1180 4760 1383 4828 γνῶναι
1404 4760 1474 4814 τὰ
1500 4762 1628 4830 περὶ
1650 4765 1749 4833 τῆς
1772 4763 1872 4833 σῆς

291 4850 499 4913 πόλεως
524 4850 841 4921 λελεγμένα,
869 4851 963 4903 καὶ
988 4851 1056 4904 τὰ
1088 4851 1339 4922 περὶτῆς
1371 4853 1578 4917 εἰκόνος
1608 4852 1717 4907 τῶν
1746 4854 1872 4905 ἀσε-

290 4942 422 4996 ϐῶν·
457 4943 551 4995 καὶ
594 4943 642 4994 εί
670 4941 827 5012 δίκην
860 4942 1057 5009 ἀλόγου
1102 4943 1334 5013 κτήνους
1359 4944 1636 4997 διετέλεσα
1675 4945 1870 5014 πρότε-

293 5054 387 5108 ρον
414 5037 769 5107 ἀνοηταίνων,
794 5037 886 5088 καὶ
916 5035 989 5108 μὴ
1016 5036 1310 5106 δυνάμενος
1333 5037 1609 5089 ἐπιϐαλεῖν
1635 5041 1745 5101 τοῖς
1776 5039 1873 5108 τῆς

291 5132 391 5201 σῆς
424 5129 678 5200 προνοίας
713 5129 910 5196 λόγοιςσ
955 5130 1105 5200 ὅμως
1139 5131 1240 5182 οὐκ
1276 5130 1735 5200 ἀπελιμπανόμην
1776 5148 1870 5184 σου

290 5221 385 5275 τοῦ
405 5221 565 5284 Θεοῦ,
594 5222 715 5275 οὐδὲ
739 5222 1027 5285 ἐξέπιπτον
1041 5223 1136 5293 τῆς
1166 5222 1258 5274 ἐπὶ
1281 5223 1340 5274 σὲ
1364 5221 1598 5284 ἐλπίδος,
1626 5224 1755 5292 συνή
1765 5239 1873 5292 μην

291 5314 345 5367 δέ
375 5332 456 5367 σοι
494 5314 817 5377 διαπαντός·
862 5315 956 5366 καὶ
988 5314 1132 5367 τοῦτ’
1167 5315 1436 5386 ἔπραττον
1467 5315 1567 5366 οὐκ
1609 5314 1667 5379 ἐξ
1706 5316 1876 5383 ἐμαυ-

293 5404 388 5458 τοῦ
412 5406 712 5476 δυνάμεως,
736 5406 852 5458 ἀλλ’
880 5408 944 5458 ἐκ
963 5406 1064 5476 τῆς
1087 5407 1185 5477 σῆς
1214 5407 1455 5477 χάριτος.
1481 5408 1552 5460 Σὺ
1582 5407 1688 5477 γὰρ
1712 5408 1874 5471 αὐτὸς

294 5501 358 5568 τῇ
384 5498 581 5552 σαυτοῦ
610 5499 1014 5571 φιλανθρωπίᾳ,
1041 5504 1139 5570 τῆς
1174 5502 1313 5570 ἐμῆς
1344 5500 1523 5563 δεξιᾶς
1552 5501 1731 5570 χειρὸς
1756 5504 1875 5553 ἐπι-

296 5585 590 5658 λαϐόμενος
613 5629 627 5653 ,
660 5590 901 5658 συνεῖχες
934 5591 1028 5643 καὶ
1056 5582 1360 5660 δίεκράτεις
1394 5590 1529 5661 πρὸς
1558 5590 1618 5643 τὸ
1661 5590 1735 5660 μὴ
1759 5590 1874 5643 δια-

366 5762 389 5795 δ
412 5761 578 5819 Hebr.
612 5779 707 5831 xu,
735 5761 824 5816 2‘2.

1979 4596 2096 4640 star
2135 4594 2373 4639 versatus
2402 4599 2518 4638 sum
2546 4583 2684 4650 apud
2720 4591 2786 4636 te.
2834 4580 2902 4633 Et
2944 4595 3056 4649 ego,
3104 4578 3303 4648 inquit,
3358 4592 3559 4645 semper

1981 4687 2182 4738 tecum;
2213 4675 2514 4731 secundum
2533 4673 2920 4744 Symmachum
2948 4680 3149 4734 autem,
3178 4668 3244 4721 Et
3264 4685 3369 4721 una
3389 4662 3556 4721 tecum

1974 4785 2122 4823 eram
2145 4783 2367 4835 semper.
2392 4764 2507 4820 Etsi
2531 4765 2675 4819 enim
2712 4779 2822 4816 non
2848 4762 3211 4831 intelligebam
3237 4760 3556 4829 priusquam

1976 4860 2315 4914 illuminarer
2336 4872 2401 4912 ac
2442 4872 2507 4911 ea
2534 4869 2921 4925 cognoscerem
2944 4870 3065 4924 quae
3099 4854 3165 4908 de
3189 4853 3415 4907 civitate
3439 4860 3553 4916 tua,

1980 4967 2194 5007 necnon
2207 4966 2271 5005 ea
2297 4964 2420 5021 quae
2443 4949 2511 5004 de
2542 4949 2779 5017 imagine
2802 4949 3092 5017 impiorum
3122 4947 3267 5001 dicta
3302 4954 3463 5009 sunt;
3491 4962 3556 4999 ac

1977 5043 2196 5097 etiamsi
2222 5043 2396 5096 instar
2410 5041 2553 5095 bruti
2570 5040 2799 5108 jumenti
2825 5041 2975 5110 prius
2996 5040 3267 5109 degerem,
3289 5039 3557 5108 insipiens

1977 5145 2079 5184 nec
2101 5130 2451 5200 providentia:
2474 5139 2580 5185 tuae
2602 5130 2864 5185 rationem
2884 5129 3147 5198 attingere
3168 5129 3356 5183 valens
3376 5145 3391 5192 ;
3412 5136 3556 5180 alta-

1981 5239 2104 5278 men
2127 5225 2224 5279 abs
2238 5231 2309 5287 te,
2331 5223 2492 5285 Deus,
2522 5240 2631 5279 non
2649 5224 2961 5284 deserebat.
2992 5237 3170 5291 neque
3196 5222 3293 5275 abs
3317 5236 3413 5289 spe
3436 5235 3555 5272 mea

1983 5316 2036 5368 iu
2061 5328 2111 5370 te
2140 5317 2379 5386 reposita
2403 5316 2743 5377 cxcidebam,
2768 5316 2975 5385 tibique
2996 5330 3209 5383 semper
3230 5313 3480 5366 aderam:
3501 5319 3555 5364 et

1984 5405 2085 5461 hoc
2132 5408 2358 5477 agebam
2410 5422 2521 5461 non
2564 5422 2683 5461 mea
2728 5406 2945 5469 virtute,
2982 5405 3076 5460 sed
3109 5404 3281 5474 gratia
3322 5409 3435 5454 tua.
3473 5399 3554 5452 Tu

1981 5517 2218 5572 namque
2240 5502 2580 5555 humanitate
2602 5509 2716 5560 tua,
2741 5506 2955 5568 arrepta
2980 5511 3140 5551 manu
3166 5495 3387 5547 dextera
3409 5506 3550 5548 mea.

1981 5610 2068 5648 me
2102 5594 2388 5649 detinebas
2419 5594 2896 5663 astringebasque,
2930 5598 3004 5662 ut.
3031 5603 3098 5643 ne
3145 5585 3559 5642 cﬂ‘underentur

928 5762 948 5794 ⁵
978 5762 1153 5818 Galat.
1190 5779 1259 5827 iv,
1292 5762 1381 5818 26.
1462 5766 1480 5793 ⁸
1510 5761 1652 5818 Psal.
1682 5778 1849 5817 sunt
1872 5804 1884 5827 ,
1921 5763 2011 5817 2|.
2087 5766 2105 5795 ⁷
2132 5765 2172 5820 ιι
2202 5765 2330 5837 Reg.
2367 5782 2479 5830 XIX,
2516 5764 2605 5821 10.
