4068 6518
565 302 673 356 8H

1243 302 1511 361 EUSEBII
1553 301 2039 358 CESARlENSIS
2077 299 2228 359 OPP.
2271 301 2454 356 PARS
2491 299 2581 358 Ill.
2621 327 2694 351 η·-
2731 297 3141 357 EXEGETICA.
3693 306 3778 364 848

565 424 794 495 vestigia
826 439 966 491 mea,
993 440 1172 496 neque
1200 425 1366 496 pedes
1399 432 1750 478 moverentur
1776 438 1807 477 a
1835 437 1954 478 mea
1993 421 2135 493 apud

2242 421 2452 492 χεῖσθαί
2484 439 2586 491 μου
2628 420 2696 474 τὰ
2729 421 3062 492 διαδήματα,
3100 421 3230 492 μηδὲ
3257 440 3384 486 τους
3403 425 3557 489 πόδας
3587 445 3676 498 μου
3703 449 3758 483 σα

563 523 619 570 te
643 516 896 572 statione.
924 515 1268 587 Quapropter
1293 516 1420 569 dico
1456 533 1468 568 :
1511 513 1748 568 Tenuisti
1775 528 1987 566 manum
2008 510 2139 564 dea:-

564 617 732 664 teram
775 625 966 664 meam.
995 608 1200 663 Bonam
1229 609 1431 680 quippe
1455 607 1732 663 dexteram
1771 605 1969 668 habui,
1997 619 2132 675 pra)-

561 701 798 755 validam
833 709 886 754 et
917 705 1224 770 paternam,
1257 699 1482 754 dextera
1512 699 1698 753 omnia
1728 705 1780 751 et
1811 697 1909 763 tibi
1937 698 2138 767 placita

2239 513 2491 568 λεύεσθαι
2513 515 2612 585 τῆς
2632 513 2784 584 παρὰ
2811 516 2893 568 σοὶ
2919 514 3180 578 στάσεως.
3211 516 3304 568 Διό
3341 533 3499 588 φημι·
3542 520 3759 588 Ἑκράτη

2239 620 2358 670 σας
2388 604 2500 672 τῆς
2522 604 2712 674 χειρὸς
2763 603 2874 673 τῆς
2907 603 3108 671 δεξιᾶς
3141 623 3280 674 μου.
3318 603 3476 676 Εἶχον
3504 608 3604 680 γὰρ
3639 611 3780 683 καλὴν

2238 695 2437 762 δεξιὰν,
2473 697 2788 769 ἐρρωμένην
2817 697 2909 752 καὶ
2939 697 3208 769 πατρικὴν
3237 697 3340 767 (Ι),
3375 699 3444 752 τὰ
3479 699 3617 763 δεξιὰ
3635 702 3780 754 πάντα

558 797 911 860 peragentem
955 805 1171 859 :quare
1219 798 1436 860 arrepta
1502 791 1616 854 illa,
1660 790 1716 842 in
1750 789 2016 844 voluntate
2045 803 2138 843 tua

558 880 830 935 deduxisti
860 895 976 944 me;
1010 880 1126 935 sive
1145 883 1448 936 secundum
1477 879 1889 952 Symmachum,
1915 883 2138 936 consilio

559 981 648 1025 tuo
677 970 881 1026 duxisti
904 987 1004 1035 me,
1048 987 1077 1026 a
1123 972 1343 1027 mortali
1373 989 1457 1027 me
1488 976 1596 1026 vita
1633 972 1949 1038 traducens,
1985 981 2039 1028 et
2069 974 2137 1028 ad

557 1061 915 1131 tranquillum
949 1070 1240 1132 tutumque
1274 1061 1481 1132 requiei
1535 1069 1641 1115 tua:
1692 1069 1911 1130 portum
1965 1059 2138 1115 dedu-

558 1167 724 1218 cens;
761 1153 836 1206 ita
866 1159 926 1207 ut
959 1154 1006 1209 si
1029 1152 1314 1208 dexteram
1345 1167 1518 1207 meam
1555 1167 1664 1206 non
1695 1152 1993 1218 tenuisses,
2019 1151 2134 1221 jam

556 1245 686 1298 olim
739 1245 900 1315 quasi
948 1261 978 1298 a
1033 1252 1279 1300 torrente
1312 1245 1596 1314 abreptus,
1629 1244 1970 1314 pedibusque
2005 1244 2137 1299 sub-

553 1353 771 1401 versus,
810 1337 866 1391 iu
917 1346 1220 1392 extremam
1270 1337 1570 1407 perniciem
1623 1337 1881 1406 delapsus
1930 1351 2132 1391 essem.

553 1427 713 1483 Nune
746 1444 878 1484 vero
915 1440 971 1483 tu
1004 1429 1119 1498 ipse
1149 1430 1366 1483 tenuisti
1394 1445 1610 1482 ntauum
1641 1429 1915 1482 dexteram
1941 1443 2132 1492 meam,

553 1529 603 1572 et
635 1520 688 1572 in
719 1519 988 1574 voluntate
1021 1531 1113 1573 tua
1146 1519 1418 1574 deduxisti
1453 1536 1531 1573 me
1572 1535 1589 1572 :
1639 1533 1703 1574 ac
1751 1520 1973 1575 demum
2011 1525 2136 1590 post

553 1624 888 1670 memoratas
943 1615 1271 1668 tentationes
1340 1620 1395 1668 et
1465 1620 1818 1682 tempestates
1894 1611 2134 1666 animam

2238 1635 2372 1689 μου,
2400 1619 2498 1672 καὶ
2525 1619 2595 1671 ἐν
2619 1616 2692 1685 τῇ
2708 1616 2912 1685 βουλῇ
2941 1633 3056 1672 σου
3078 1617 3403 1686 ὡδήγησάς
3417 1636 3511 1688 με.
3538 1620 3638 1672 Καὶ
3660 1621 3780 1684 τέλος

554 1708 940 1777 perturbantes
979 1722 1180 1768 meam,
1229 1705 1347 1760 sine
1377 1703 1623 1772 periculo
1652 1718 1749 1773 per
1781 1701 1904 1757 vitae
1936 1701 2134 1757 ﬂuctus

2241 1709 2380 1780 μετὰ
2405 1711 2528 1773 τοὺς
2553 1708 2889 1779 δηλωθέντας
2915 1711 3252 1781 πειρασμούς
3279 1712 3376 1764 καὶ
3397 1712 3521 1774 τούς
3551 1712 3782 1782 χειμῶνας

554 1797 852 1853 deductum
887 1814 1003 1851 cum
1025 1799 1200 1870 gloria
1233 1797 1513 1864 suscepisti
1546 1813 1648 1860 me,
1679 1795 1815 1849 nihil
1852 1795 1908 1848 in
1935 1802 2015 1849 tot
2045 1809 2135 1847 ea-

2238 1777 2363 1866 τούς
2387 1777 2896 1874 ἀναθορυϐήσαντάς
2931 1777 3034 1873 μού
3071 1777 3170 1873 την
3201 1801 3384 1874 ψυχὴν
3403 1844 3418 1868 ,
3447 1777 3695 1872 διαγαγιὺν
3727 1822 3777 1874 με

555 1895 710 1950 sibus
773 1895 901 1948 mali
963 1907 1304 1965 perpessum.
1363 1891 1679 1946 Secundum
1745 1887 2134 1960 Symmachum

2238 1893 2535 1958 ἀκινδύνως
2574 1894 2644 1946 τὰ
2679 1895 2772 1947 τοῦ
2815 1893 2930 1964 βίου
2955 1894 3230 1965 ῥεύματα,
3249 1896 3404 1964 μετὰ
3434 1895 3608 1963 δόξης
3637 1913 3780 1964 apoc—

555 1996 760 2053 autem,
800 1985 1092 2053 Postremo,
1128 1985 1222 2053 ait,
1246 1984 1509 2039 Itonorme
1537 1982 1754 2050 excepit.

2238 1985 2458 2038 ελάϐου
2473 2003 2570 2054 με,
2596 1985 2759 2057 μηδὲν
2781 1986 3090 2039 πεπονθότα
3107 1986 3212 2038 ὐπὸ
3225 1986 3337 2038 τῶν
3359 1986 3634 2040 τοσούτων.
3653 1987 3777 2040 Κατά

2235 2077 2295 2131 δὲ
2328 2078 2420 2131 τὸν
2458 2078 2772 2151 Σύμμαχον,
2809 2081 3124 2148 Ὕστερον,
3166 2080 3324 2150 φησὶ,
3355 2078 3493 2148 τιμὴ
3521 2078 3780 2143 διεδέξατὸ

2232 2185 2329 2236 με.

2314 2283 2376 2338 Tt
2406 2281 2517 2352 γάρ
2562 2301 2662 2353 μοι
2707 2283 2959 2353 ὑπάρχει
2989 2285 3058 2337 ἐν
3102 2283 3182 2349 τῷ
3224 2283 3481 2353 οὐρανῷ,
3530 2283 3620 2336 καί
3651 2283 3779 2350 παρὰ

2238 2374 2354 2429 σοῦ
2392 2376 2449 2429 τι
2480 2374 2752 2442 ἠθέλησα
2776 2375 2873 2428 ἐπὶ
2899 2373 3008 2442 τῆς
3040 2374 3188 2444 γῆςς
3232 2375 3299 2428 Ἦ
3327 2376 3394 2446 σὴ
3424 2374 3764 2445 φιλανθρωπία,

2239 2467 2394 2538 φησὶ,
2429 2467 2522 2520 καὶ
2555 2466 2615 2519 τὸ
2651 2466 2742 2519 σὺν
2773 2466 2920 2530 ἐλεος
2961 2469 3055 2519 καὶ
3088 2469 3119 2539 ὴ
3152 2467 3316 2538 χάρις
3349 2468 3560 2521 πάντων
3595 2482 3671 2536 μοι
3692 2463 3776 2517 τῶν

2237 2558 2459 2628 ἀγαθῶν
2499 2559 2723 2629 γέγονεν
2754 2559 2920 2613 αἰτία.
2959 2559 3038 2629 Τῇ
3081 2559 3190 2631 γὰρ
3241 2558 3441 2614 σαυτοῦ
3481 2557 3774 2630 χρησάμενος

2237 2651 2584 2726 ἀγαθωσύνῃ,
2609 2651 2950 2720 ἐκράτησας
2972 2651 3079 2720 τῆς
3101 2652 3300 2722 χειρὸς
3322 2651 3432 2720 τῆς
3456 2648 3641 2714 δεξιᾶς
3661 2665 3773 2716 μου.

2237 2743 2332 2796 καὶ
2373 2742 2637 2806 διέσωσάς
2684 2760 2786 2812 με,
2830 2742 2970 2796 ὥστε
3017 2743 3090 2815 μὴ
3121 2742 3446 2813 σαλευθῆναι
3475 2741 3592 2803 τούς
3619 2738 3770 2800 πόδας.

2241 2837 2375 2907 μηδὲ
2406 2835 2724 2907 διαχυθῆναι
2755 2853 2855 2906 μου
2879 2835 2948 2890 τὰ
2977 2835 3313 2908 διαδήματα.
3365 2835 3523 2889 Ἀλλὰ
3545 2833 3628 2886 καὶ
3655 2828 3773 2900 μετὰ

2241 791 2334 844 καὶ
2347 791 2415 844 τά
2436 807 2520 843 σοι
2541 790 2746 861 ἀρεστὰ
2779 791 3146 863 πράττουσαν·
3175 791 3240 844 δι’
3264 791 3294 843 δ
3320 791 3690 864 ἐπιλαϐόμενος
3702 795 3779 848 αὐ-

2238 886 2356 957 τῆς,
2386 883 2460 952 τῇ
2477 883 2682 953 ,βουλῇ
2706 902 2822 938 σου
2862 883 3182 952 ὡδήγησάς
3213 899 3310 952 με’
3349 884 3383 954 ἢ
3411 884 3549 938 κατὰ
3569 885 3650 938 τὸν
3664 886 3782 956 Σύμ-

2241 995 2436 1050 μαχον,
2466 977 2540 1046 τῇ
2561 978 2898 1047 συμϐουλίᾳ
2937 993 3056 1031 σου
3091 975 3416 1045 ὡδήγησάς
3441 994 3515 1046 με
3534 1017 3548 1042 ,
3576 977 3656 1031 τὸν
3681 976 3781 1051 θνη.

2237 1069 2330 1123 τὸν
2351 1067 2763 1138 διαπορθμεύων
2787 1065 2920 1136 βίον,
2958 1066 3050 1119 καὶ
3077 1067 3158 1129 είς
3178 1064 3354 1120 εὐδιον
3382 1067 3477 1119 καὶ
3503 1067 3696 1138 ἀσφαλῆ
3716 1068 3781 1120 λι-

2243 1163 2376 1233 μένα
2402 1163 2502 1232 τῆς
2537 1161 2686 1233 παρὰ
2716 1162 2800 1214 σοὶ
2834 1159 3193 1224 ἀναπαύσεως
3216 1159 3571 1232 χειραγωγῶν
3597 1177 3676 1228 με’
3705 1161 3782 1226 ὡς,

2239 1255 2294 1308 εἴ
2309 1271 2372 1323 γε
2401 1253 2474 1325 μὴ
2502 1255 2600 1324 τῆς
2628 1253 2809 1318 δεξιᾶς
2832 1253 2929 1324 τῆς
2955 1253 3096 1324 ἐμῆς
3121 1253 3508 1324 κεκρατήκεις,
3532 1253 3684 1306 πάλαι
3711 1253 3782 1315 ἂν,

2238 1345 2429 1416 ὥσπερ
2485 1345 2589 1399 ὐπὸ
2641 1346 2944 1417 χειμάρρου
3002 1334 3412 1416 κατασύροντος
3467 1348 3783 1417 περιτραπεὶς

2238 1437 2363 1499 τοὺς
2386 1437 2486 1506 τῆς
2510 1437 2685 1507 ψυχῆς
2706 1437 2895 1500 πόδας,
2914 1435 3168 1507 πτώματι
3193 1437 3555 1508 περιέπιπτον
3577 1439 3776 1510 ἐξαισίῳ.

2238 1527 2352 1581 Νῦν
2373 1528 2430 1580 δὲ
2461 1527 2524 1580 σύ
2553 1528 2715 1591 αὐτὸς
2739 1526 3076 1595 ἐκράτησας
3109 1527 3222 1596 τῆς
3250 1528 3452 1598 χειρὸς
3481 1527 3584 1597 τῆς
3616 1527 3784 1598 δεξιᾶς

625 2276 795 2331 Vsus.
827 2274 1024 2329 95-28.
1071 2271 1211 2339 Quid
1229 2272 1366 2325 enim
1404 2271 1530 2322 mihi
1563 2279 1638 2325 est
1672 2269 1726 2322 in
1760 2268 1911 2333 caelo,
1943 2277 1990 2321 et
2023 2284 2054 2321 a
2087 2275 2137 2320 te

555 2370 679 2441 quid
707 2368 846 2423 volui
886 2381 1040 2434 super
1069 2366 1307 2418 terram?
1337 2361 1512 2421 Tuus.
1559 2362 1758 2432 inquit,
1806 2376 1934 2434 erga
1965 2361 2137 2416 homi-

559 2477 658 2520 nes
683 2476 860 2526 amor,
884 2456 1262 2513 misericordia
1298 2456 1422 2510 item
1455 2462 1509 2507 et
1545 2455 1716 2523 gratia
1748 2461 1861 2519 tua,
1889 2453 2136 2508 omnium

558 2555 692 2610 mihi
745 2554 1016 2608 bonorum
1066 2563 1233 2604 causa
1281 2547 1402 2601 l‘uit.
1467 2545 1583 2599 'I'ua
1638 2545 1841 2615 quippe
1897 2545 2136 2599 bonitate

555 2662 712 2710 usus,
752 2643 965 2698 tenuisti
1008 2657 1221 2694 manum
1276 2639 1552 2694 dexteram
1587 2654 1780 2702 meam,
1813 2645 1868 2692 el
1900 2637 2134 2692 servasti

555 2754 663 2802 me,
688 2737 760 2790 lta
790 2743 850 2790 ut
884 2749 983 2790 nec
1021 2733 1187 2804 pedes
1220 2732 1327 2786 mei
1359 2738 1730 2794 moverentur,
1774 2745 1875 2785 nec
1909 2743 2135 2800 gressus

555 2831 662 2886 mei
688 2829 1124 2886 ell‘underentur.
1153 2826 1258 2881 Sed
1283 2826 1447 2881 etiam
1481 2841 1599 2878 cum
1646 2825 1819 2896 gloria
1858 2825 2136 2894 suscepisti

554 2939 671 2976 me:
709 2921 969 2991 quoniam
1003 2918 1109 2973 hoc
1133 2917 1229 2972 tibi
1261 2926 1448 2986 utpote
1469 2917 1612 2970 bono
1647 2916 1759 2971 Deo
1789 2916 1967 2984 inest;
2000 2915 2133 2969 mihi

2238 2925 2419 2994 δόξης
2443 2924 2824 2995 προσελάὄου
2839 2941 2918 2994 με
2935 2940 2947 2953 ·
2997 2926 3296 2999 ἐπειδήπερ
3319 2928 3402 2980 σοὶ
3422 2925 3569 2978 τοῦτο
3585 2923 3650 2985 ὡς
3665 2923 3772 2988 ἀγασ

550 3017 694 3071 enim
719 3014 852 3068 nihil
881 3013 934 3068 in
966 3012 1108 3066 CtBlO
1135 3018 1254 3076 est;
1294 3021 1471 3079 neque
1501 3017 1560 3064 ut
1603 3009 1786 3064 debita
1837 3011 1972 3064 mihi
2019 3010 2134 3064 haec

2239 3017 2314 3089 θῷ
2339 3017 2458 3089 Θεῷ
2489 3018 2751 3089 πάρεστιν
2770 3033 2783 3047 ’
2812 3018 2934 3088 ἐμοὶ
2960 3017 3068 3090 γὰρ
3095 3019 3248 3071 οὐδὲν
3276 3019 3508 3091 ὑπάρχει
3536 3019 3586 3070 ἐν
3609 3014 3673 3084 τῷ
3698 3011 3772 3064 οὐν

553 3113 911 3164 aceesserunt
935 3126 947 3160 :
975 3106 1160 3161 nullus
1195 3121 1328 3160 sane
1363 3107 1498 3161 mihi
1531 3106 1586 3160 in
1618 3105 1760 3158 caelo
1793 3112 1899 3170 est,
1936 3105 2042 3159 nisi
2073 3114 2128 3157 tu

2238 3109 2386 3180 ρανῷ
2410 3150 2425 3174 ,
2474 3109 2594 3162 οὐδὲ
2641 3107 2781 3161 κατὰ
2830 3107 3052 3178 ὀφειλὴν
3082 3125 3170 3178 μοι
3212 3109 3388 3162 ταῦτα
3419 3107 3651 3176 γέγονεν’
3680 3099 3773 3155 ἀλλ’

549 3197 725 3256 solus.
777 3198 961 3265 Quare
1007 3197 1148 3251 nihil
1201 3198 1255 3252 in
1293 3207 1441 3253 terra
1471 3197 1620 3253 volui
1653 3197 1752 3251 abs
1779 3206 1830 3251 te
1858 3197 2129 3260 obtinere,

2238 3200 2359 3254 οὐδὲ
2385 3200 2498 3253 ἔστι
2531 3200 2620 3271 μοί
2649 3217 2732 3263 τις
2755 3198 2912 3263 ἄλλος
2943 3202 2999 3252 ἐν
3023 3198 3100 3269 τῷ
3126 3199 3342 3271 οὐρανῷ
3369 3199 3401 3270 ἢ
3435 3201 3496 3252 σὺ
3527 3195 3681 3268 μόνος.
3708 3193 3771 3244 Δι’

548 3306 728 3360 neque
759 3289 942 3359 Optavi
968 3287 1229 3342 mortales
1260 3286 1545 3357 ﬂuxasque
1575 3303 1665 3343 res
1691 3287 1977 3356 consequi.
2003 3285 2134 3342 Jure

2238 3294 2265 3347 ὂ
2292 3293 2444 3346 οὐδὲν
2485 3294 2577 3346 ἐπὶ
2607 3293 2706 3364 τῆς
2745 3294 2849 3364 γῆς
2893 3294 3131 3365 ἠθέλησα
3165 3293 3318 3364 παρὰ
3367 3292 3460 3344 σού
3494 3285 3767 3361 κτήσασθαι.

511 3429 518 3437 .
551 3391 735 3436 autem
773 3381 907 3434 nihil
941 3387 1048 3433 ate
1071 3379 1218 3433 volui
1259 3379 1313 3432 in
1340 3387 1508 3443 terra,
1541 3379 1670 3449 quia
1693 3378 1946 3434 cwlcstes
1977 3394 2134 3432 man-

2238 3384 2357 3437 οὐδέ
2385 3383 2638 3456 ηὐξάμην
2665 3388 2850 3454 τυχεῖν
2881 3384 3092 3455 θνητῶν
3125 3385 3216 3437 καὶ
3248 3367 3762 3455 ἐπικήρωνπραγμά·

551 3474 735 3529 siones
767 3480 1134 3543 peroptarem,
1150 3478 1204 3525 et
1227 3470 1368 3524 bona
1392 3471 1483 3524 illa
1507 3469 1769 3540 consequi
1790 3477 2120 3539 expeterem.

2238 3495 2364 3531 των.
2386 3477 2626 3541 Εἰκότως
2645 3477 2700 3530 δὲ
2725 3477 2876 3531 οὐδὲν
2900 3479 3050 3550 παρὰ
3074 3477 3164 3531 σοῦ
3190 3476 3431 3548 ἠθέλησα
3451 3475 3538 3528 ἐπὶ
3557 3473 3642 3541 τῆς
3661 3469 3766 3538 γῆς·

550 3563 678 3619 Ideo
711 3563 1082 3624 tabescebam,
1116 3561 1398 3630 vitamque
1443 3561 1812 3625 macerabant,
1849 3574 1946 3614 eor
1994 3559 2133 3612 allii-

2238 3568 2333 3634 τὰς
2354 3570 2462 3640 γὰρ
2485 3571 2542 3622 ἐν
2569 3568 2782 3639 οὐρανῷ
2807 3568 3032 3623 ἐπόθουν
3054 3569 3360 3641 διατριϐὰς,
3385 3567 3478 3622 καὶ
3499 3565 3596 3618 τῶν
3618 3559 3764 3615 αὐτόθι

547 3659 766 3732 gebam,
798 3659 927 3730 quia
969 3667 1023 3714 te
1052 3659 1223 3714 Deum
1255 3659 1311 3712 in
1340 3659 1456 3728 spei
1503 3674 1638 3713 mea:
1684 3657 1990 3727 portionem
2027 3673 2130 3727 p0-

2238 3660 2455 3730 ἀγαθῶν
2489 3662 2670 3730 τυχεῖν
2702 3660 2971 3732 ηὐχόμην.
3026 3663 3101 3712 Δι’
3136 3660 3164 3712 δ
3195 3661 3494 3732 κατέτηκω
3519 3657 3601 3710 τὸν
3628 3656 3763 3723 ἐμαυ-

549 3767 790 3808 sueram.
831 3751 1199 3817 Quamobrem
1246 3749 1370 3804 dico
1398 3769 1411 3803 :
1442 3749 1640 3819 Defecit
1672 3766 1796 3803 caro
1830 3766 1940 3802 mea
1969 3760 2018 3803 et
2041 3765 2132 3802 cor

2238 3752 2328 3805 τοῦ
2363 3751 2506 3822 βίον,
2544 3752 2640 3804 καὶ
2666 3751 2766 3823 τὴν
2799 3753 2890 3803 ἐπὶ
2922 3750 3027 3820 γῆς
3060 3750 3201 3821 ζωὴν
3231 3751 3584 3820 κατέτρυχον,
3612 3744 3694 3812 τήν
3717 3753 3761 3791 τε

548 3860 760 3907 meum;
799 3843 940 3898 Deus
990 3842 1166 3896 cordis
1201 3841 1303 3894 mei
1331 3851 1382 3896 et
1414 3856 1538 3910 pars
1573 3856 1690 3894 mea
1722 3840 1862 3895 Deus
1892 3841 1946 3894 in
1977 3851 2131 3894 wter-

2238 3844 2461 3916 καρδίαν
2490 3850 2599 3915 μου
2617 3842 2969 3907 κατεπόνουν,
3003 3843 3059 3895 σέ
3089 3843 3246 3912 μόνον
3268 3841 3362 3896 τὸν
3381 3841 3506 3894 Θεὸν
3524 3841 3611 3908 τῆς
3629 3836 3763 3903 ἐμαυο

546 3955 694 3992 itum.
728 3936 869 4003 Quia
899 3953 1014 3990 ecce
1044 3938 1133 4007 qui
1161 3937 1523 4004 elongautsea
1549 3945 1616 3998 te,
1647 3933 1924 4002 peribunt:
1955 3933 2131 4002 perdi-

2238 3935 2326 3988 τοῦ
2362 3933 2574 3998 ἐλπίδος
2607 3934 2801 4004 μερίδα
2827 3932 3126 4004 τιθέμενος.
3181 3931 3346 3986 Ὅθεν
3374 3929 3538 4001 φημί·
3581 3922 3759 3988 Ἐξέλι-

547 4031 678 4084 disti
709 4046 888 4083 omnes
907 4031 998 4099 qui
1025 4031 1363 4098 fornicamur
1383 4027 1476 4081 abs
1501 4038 1567 4081 te.
1589 4025 1724 4080 Mihi
1746 4038 1921 4081 autem
1950 4027 2132 4080 adlue-

2238 4041 2350 4080 πεν
2393 4027 2432 4094 ἡ
2479 4024 2636 4093 σάρξ
2678 4043 2798 4094 μου
2837 4024 2934 4078 καὶ
2969 4025 3006 4091 ἡ
3044 4023 3259 4092 καρδιά
3285 4039 3435 4093 μου’
3469 4023 3500 4074 ό
3533 4015 3658 4079 Θεὸς
3678 4008 3760 4075 τῆς

551 4133 664 4171 rere
698 4117 802 4170 Deo
839 4117 1034 4170 bonum
1061 4127 1160 4183 est,
1192 4132 1382 4186 ponere
1417 4119 1473 4168 in
1508 4116 1734 4169 Domino
1755 4131 1895 4184 spem
1921 4134 2128 4182 meam;

2238 4116 2482 4186 καρδίας
2508 4135 2648 4186 μου,
2675 4116 2772 4169 καὶ
2808 4117 2846 4184 ἡ
2882 4116 3051 4185 μερίς
3065 4132 3183 4184 μου
3201 4118 3232 4168 ό
3265 4114 3409 4180 Θεὸς
3433 4115 3514 4177 είς
3539 4108 3632 4162 τὸν
3655 4099 3760 4155 αἰῶ-

549 4220 610 4264 ut
645 4211 958 4264 annuntiem
991 4226 1171 4263 omnes
1197 4208 1382 4262 laudes
1418 4218 1537 4261 tuas
1565 4209 1619 4262 in
1636 4211 1802 4278 portis
1832 4210 2128 4278 ﬁlinion.

2238 4224 2329 4263 να.
2387 4209 2514 4261 Ὅτι
2551 4205 2681 4260 ἰδοὺ
2737 4209 2791 4260 οἱ
2818 4207 3228 4276 μακρύνοντες
3261 4202 3509 4268 ἑαυτοὺς
3531 4196 3635 4254 ἀπὸ
3669 4186 3760 4246 σοῦ

552 4303 820 4374 Superius
857 4302 1078 4371 quidem
1117 4301 1368 4356 dicebam
1398 4321 1410 4355 :
1450 4300 1516 4354 Et
1553 4318 1647 4371 ego
1692 4318 1894 4371 semper
1922 4312 2128 4366 tecum;

2238 4299 2602 4355 ἀπολοῦνται
2618 4317 2632 4330 ·
2649 4298 3102 4366 ἑξωλόθρευσας
3122 4297 3319 4350 πάντα
3333 4296 3437 4350 τὸν
3450 4287 3756 4360 πορθμεύοντα

545 4397 663 4450 sive
685 4395 987 4450 secundum
1015 4393 1426 4465 Symmachum,
1455 4393 1520 4447 Et
1543 4412 1636 4464 ego
1662 4412 1767 4448 una
1796 4405 1963 4448 tecum
1979 4412 2127 4449 eram

2238 4392 2353 4445 ἀπὸ
2384 4390 2520 4445 σοῦ.
2553 4392 2709 4461 Ἐμοὶ
2737 4391 2806 4444 δὲ
2827 4390 2892 4445 τὸ
2914 4388 3410 4459 προσκολλᾶσθαι
3437 4384 3513 4451 τῷ
3536 4383 3642 4446 ϐαρ
3655 4375 3758 4443 ἀπα·

545 4505 786 4558 semper;
821 4489 1079 4544 nimirum
1110 4489 1235 4552 ﬁde,
1269 4489 1553 4544 voluntate
1587 4500 1642 4544 et
1680 4488 1974 4544 dilectione
2001 4505 2129 4560 erga

2238 4487 2345 4540 θόν
2371 4486 2522 4548 ἐστι,
2558 4486 2819 4540 τίθεσθαι
2844 4485 2914 4538 ἐν
2943 4483 3022 4551 τῷ
3043 4485 3241 4553 Κυρίῳ
3275 4483 3389 4552 τὴν
3439 4473 3631 4532 ἐλπίδα
3647 4483 3755 4565 μσξιν

545 4593 598 4635 tn
619 4597 739 4635 mea
767 4602 779 4636 :
809 4598 957 4637 nunc
1001 4589 1182 4636 autem
1227 4597 1450 4636 causam
1495 4588 1682 4651 aperte
1713 4580 1931 4651 profero
1964 4596 2135 4652 quare

2238 4576 2343 4631 τοῦ
2387 4577 2726 4646 ἐξαγγεῖλαι
2776 4576 2978 4643 πάσας
3013 4577 3121 4642 τὰς
3148 4577 3410 4640 αἱνέσεις
3437 4588 3544 4626 σου
3569 4567 3629 4618 ἐν
3660 4574 3757 4618 τως

547 4689 658 4728 una
697 4683 879 4728 tecum
929 4689 1145 4744 semper
1175 4673 1393 4736 fuerim,
1427 4680 1589 4742 teque
1621 4673 1927 4743 portionem
1954 4688 2131 4727 meam

2238 4670 2457 4735 πύλαις
2490 4667 2598 4734 τῆς
2622 4669 2911 4739 θυγατρὸς
2943 4668 3115 4722 Σιών.
3168 4667 3445 4736 ’Δνωτέρω
3477 4662 3566 4732 μὲν
3593 4656 3754 4719 ελεγονν

549 4766 850 4834 posuerim.
884 4766 1135 4820 Sciebam
1169 4767 1338 4831 enim,
1367 4781 1431 4819 ac
1457 4767 1616 4833 plane
1651 4779 1976 4836 persuasum
1998 4761 2133 4817 mihi

2238 4761 2343 4816 Καὶ
2372 4760 2486 4830 ἐγὼ
2520 4761 2845 4826 διαπαντὸς
2872 4759 3023 4830 μετὰ
3053 4761 3196 4814 σοῦ·
3231 4760 3265 4831 ἦ
3302 4760 3440 4813 κατὰ
3464 4756 3548 4807 τὸν
3576 4748 3756 4816 Σύμμα’

513 4843 526 4868 ”
547 4864 687 4919 erat,
721 4857 978 4926 quoniam
1015 4857 1120 4922 Qui
1142 4857 1390 4926 elongaut
1419 4873 1474 4910 se
1494 4873 1526 4907 a
1559 4866 1628 4922 te,
1655 4856 1896 4924 peribunt
1925 4869 2135 4925 :quarc

2238 4872 2350 4924 χον,
2385 4855 2492 4908 Καὶ
2529 4854 2816 4924 Cvr-ri]th
2836 4871 2932 4910 σοι
2962 4854 3318 4919 διαπαντός·
3348 4854 3410 4921 τῇ
3447 4849 3608 4900 πίστει
3629 4836 3755 4926 δηλςς

549 4961 659 5001 nou
707 4961 794 5000 me
827 4947 925 5002 abs
953 4955 1006 5000 te
1037 4949 1242 5009 amovi,
1275 4936 1491 5002 etiamsi
1547 4946 1868 5000 oeconomia:
1899 4952 2006 4999 tua:
2043 4960 2133 4998 ra-

2238 4921 2298 5017 δὴ
2329 4947 2423 5000 καὶ
2457 4949 2522 5018 τῇ
2560 4921 2877 5018 προαιρέσει
2909 4947 3002 5000 καὶ
3027 4950 3094 5018 τῇ
3121 4945 3256 5016 πρὸς
3291 4946 3350 4997 σέ
3378 4941 3578 5009 ἀγάπῃο
3600 4921 3752 4985 ait-vitii

549 5039 755 5091 tionem
788 5038 1123 5106 ignorarem,
1177 5038 1273 5093 sed
1324 5054 1434 5092 una
1475 5047 1655 5093 tecum
1687 5053 1837 5093 eram
1890 5053 2129 5107 semper.

2238 5040 2329 5092 καὶ
2354 5039 2449 5109 τὴν
2479 5040 2658 5092 αἰτίαν
2687 5039 2987 5110 καθίστημι
3010 5038 3268 5108 φανερὰν,
3291 5037 3356 5089 δι’
3378 5035 3441 5103 ἦν
3464 5028 3751 5110 σδνὴμηνᾉσοί

553 5130 688 5185 Sese
722 5144 886 5200 porro
941 5145 970 5183 a
1019 5129 1131 5184 Deo
1174 5141 1428 5185 amovent
1485 5138 1757 5200 quotquot
1793 5131 2034 5199 peccatis
2079 5139 2133 5185 et

2238 5108 2528 5194 διαπαντὸς
2548 5170 2563 5195 ,
2596 5131 2691 5184 καὶ
2716 5131 2773 5183 σὲ
2811 5108 3002 5201 μερίδα
3035 5129 3290 5199 ἐτιθέμην
3316 5120 3557 5198 ἐμαυτοῦ.
3609 5108 3752 5180 ’ῌδειν

551 5223 730 5277 atheis
761 5223 1054 5293 impiisque
1091 5221 1515 5292 cogitationibus
1540 5237 1599 5277 se
1628 5221 1736 5276 Deo
1758 5222 1966 5278 alienos
1995 5237 2133 5276 con-

2238 5223 2363 5293 γὰρ,
2384 5223 2478 5275 καὶ
2508 5222 2753 5295 ἀκριϐῶς
2785 5223 3149 5294 ἐπεπείσμην,
3179 5223 3259 5274 ὃτι
3307 5222 3368 5272 Οἱ
3406 5208 3753 5286 μακρύνοντες

552 5316 786 5370 stituunt
840 5334 853 5367 :
909 5314 1001 5383 qui
1053 5320 1262 5383 quanto
1311 5313 1530 5383 longius
1585 5313 1654 5367 ab
1704 5328 1770 5368 eo
1817 5312 2130 5376 discedunt,

2238 5315 2488 5381 ἑαυτοὺς
2508 5315 2628 5369 ἀπὸ
2653 5314 2769 5368 σοῦ
2799 5315 3167 5368 ἀπολοῦνται
3185 5329 3196 5341 ·
3228 5312 3294 5365 δι’
3321 5311 3348 5364 ὂ
3379 5309 3473 5361 οὐκ
3500 5298 3752 5392 ὲμάξρυνῗν

552 5417 702 5464 tanto
741 5407 1002 5478 perniciei
1039 5405 1401 5475 propinquius
1429 5405 1736 5469 accedunt;
1772 5414 1829 5459 ut
1855 5404 1973 5460 vice
2007 5420 2131 5460 ver-

2238 5407 2493 5476 ἐμαυτὸν,
2530 5406 2734 5477 καίπερ
2764 5406 2972 5476 ἀγνοῶν
3001 5408 3124 5469 τοὺς
3153 5405 3340 5474 λόγους
3365 5403 3457 5470 τῆς
3488 5397 3574 5463 τῆς
3593 5387 3751 5478 διοικἿξ

549 5517 632 5564 sa,
669 5499 780 5554 Deo
808 5499 1115 5569 conjuncti,
1147 5511 1273 5552 cum
1301 5497 1408 5552 vita
1459 5497 1810 5566 copulantur,
1841 5505 1896 5550 et
1945 5512 1974 5549 a
2007 5511 2132 5566 per-

2240 5466 2376 5562 σεως
2402 5539 2416 5564 ,
2447 5466 2582 5554 ἀλλὰ
2621 5466 2871 5571 συνήμην
2902 5517 2981 5552 σοι
3013 5466 3331 5561 διαπαντόςί
3378 5466 3754 5571 Μακρύνουσιδξ

551 5595 692 5650 nieie
726 5611 785 5650 se
818 5602 1092 5648 amovent.
1119 5589 1272 5648 Finis
1296 5607 1458 5662 porro
1487 5605 1677 5646 eorum
1705 5590 1798 5660 qui
1831 5606 1861 5644 a
1884 5589 1994 5645 Deo
2016 5589 2132 5646 dis-

2239 5554 2467 5656 ἐαυτούς
2494 5593 2542 5645 oi
2568 5595 2688 5658 ταῖς
2720 5554 2900 5646 αὐτδὸν
2930 5593 3222 5663 ἁμαρτίαις
3258 5589 3347 5644 καὶ
3376 5585 3477 5646 τοῖς
3501 5574 3653 5634 ἀθέοις
3677 5554 3750 5614 καὶ

625 5749 699 5818 (ί)
735 5747 834 5804 Ms.
875 5749 1181 5819 πρακτικήν
