4068 6552
286 403 388 460 ειθ

1412 403 1921 463 COMMENTARIA
1959 408 2026 464 IN
2067 410 2409 470 PSALMOS.
2481 477 2494 490 ,

3437 414 3543 470 850

286 519 504 580 ἀσεϐέσι
551 519 831 590 λογισμοῖς
874 519 1186 590 ἀλλοτρίους
1229 519 1454 586 ἑαυτοὺς
1495 522 1862 589 καθιστῶντες

1985 527 2188 593 :eduut,
2225 539 2310 585 est
2355 531 2630 596 interitus,
2669 539 2856 602 utpote
2877 531 2972 602 qui
3000 546 3031 586 a
3085 529 3196 586 Deo
3243 545 3342 586 ceu
3378 529 3548 584 forni-

287 613 382 669 τοῐὶ
409 612 544 667 Θεοῦ
565 630 578 644 °
613 614 808 676 οἵτινες
849 613 958 682 ὃσῳ
995 613 1328 685 πορρωτάτω
1359 613 1524 668 αὐτοῦ
1559 615 1861 687 γίγνονται,

286 706 524 776 τοσούτῳ
550 707 615 777 τῇ
646 703 891 775 ἀπωλείᾳ
922 704 1340 774 πλησιάζουσιν·
1363 704 1439 770 ὡς
1469 705 1723 778 ἔμπαλιν,
1743 725 1865 762 συν-

286 798 581 869 ἀπτόμενοι
628 797 707 868 τῷ
751 796 890 867 Θεῷ,
924 800 988 868 τῇ
1022 798 1119 868 μὲν
1143 799 1254 870 ζωῇ
1283 801 1661 864 συνάπτονται,
1685 800 1783 871 τῆς
1809 800 1868 854 δὲ

288 887 564 950 ἀπωλείας
593 885 980 958 μακρύνονται.
1015 886 1178 950 Τέλος
1197 887 1253 940 δὲ
1281 887 1390 942 τῶν
1413 889 1634 952 ἑαυτοὺς
1662 906 1866 961 μακρυ-

287 980 487 1035 νὸντων
506 978 724 1050 ὄλεθρος
748 979 1028 1049 τυγχάνει,
1057 979 1150 1032 ἆτε
1173 979 1237 1050 δὴ
1262 980 1740 1052 ἐκπορνευσάντων
1761 982 1870 1035 ἀπὺ

289 1071 383 1126 τοῦ
416 1068 574 1124 Θεοῦ.
623 1068 686 1125 Ὀ
717 1071 815 1141 μὲν
840 1067 933 1123 οὖν
965 1071 1098 1134 Θεὸς
1129 1070 1319 1124 οὐδένα
1355 1071 1621 1144 μακρύνει
1648 1071 1866 1137 ἐαυτοῦ,

1969 621 2077 675 cati
2107 620 2331 679 fuerint.
2363 622 2508 680 Deus
2538 639 2774 694 namque
2803 623 3077 679 neminem
3103 630 3340 687 amovet,
3368 637 3545 692 neque

1970 711 2071 768 abs
2100 727 2160 768 se
2188 715 2442 785 repellit;
2493 717 2590 773 sed
2642 717 2878 788 quisque
2925 731 3047 772 sese
3097 715 3333 770 alienum
3369 728 3400 766 a
3436 713 3546 768 Deo

1971 798 2124 867 facit,
2155 799 2284 856 dum
2311 819 2409 858 ceu
2444 803 2768 870 fornicatur,
2802 804 3154 874 animamque
3201 818 3358 859 suam
3387 801 3544 858 dedi-

1970 890 2149 946 titiam
2183 893 2422 951 inimicis
2451 895 2545 952 Dei
2573 896 2762 952 tradit.
2785 895 2889 963 Qui
2915 911 3046 952 vero
3078 897 3302 967 proprio
3332 896 3546 952 delectu

1973 998 2095 1039 sese
2130 994 2408 1051 amovent,
2443 988 2668 1043 exitium
2705 989 2810 1043 sibi
2849 988 3152 1044 attrahunt.
3185 987 3258 1043 lis
3293 1004 3423 1043 vero
3450 989 3546 1058 qui

1972 1089 2095 1129 sese
2128 1076 2388 1144 perniciei
2412 1077 2762 1145 dediderunt,
2795 1078 2940 1136 Deus
2971 1078 3118 1150 quod
3170 1087 3424 1152 superest
3455 1079 3552 1132 ad-

288 1164 408 1217 οὐδὲ
434 1162 762 1217 ἀπωθεῖταιο
788 1161 903 1215 ἀλλ’
929 1162 1158 1226 ἕκαστος
1186 1163 1378 1217 ἑαυτὸν
1406 1164 1756 1236 ἀπαλλοτριοῖ
1775 1165 1869 1219 τοῦ

1985 1164 2111 1228 licit.
2148 1165 2287 1231 Quid
2332 1167 2464 1221 illud
2516 1170 2639 1224 est?
2667 1167 2981 1234 Perdidisti,
3023 1169 3218 1241 inquit,
3254 1187 3430 1226 omnes
3461 1170 3552 1240 qui

287 1255 446 1321 Θεοῦ,
473 1247 818 1327 ἐκπορνεύων
864 1256 958 1309 καὶ
981 1255 1078 1326 τὴν
1106 1255 1300 1308 ἑαυτοῦ
1327 1255 1502 1328 ψυχὴν
1526 1256 1738 1310 ἔκδοτον
1768 1275 1874 1311 πα-

294 1348 538 1419 ραδιδοὺς
565 1350 676 1411 τοῖς
706 1347 799 1400 τοῦ
826 1347 961 1401 Θεοῦ
990 1347 1272 1411 ἐναντίοις.
1325 1349 1388 1400 Oi
1419 1349 1475 1401 δὲ
1508 1347 1874 1420 μακρύνοντες

291 1438 519 1502 ἑαυτοὺς
541 1439 600 1502 ἐξ
618 1438 824 1502 οἰκείας
850 1439 1222 1510 προαιρέσεως
1243 1437 1582 1493 ἐπισπῶνται
1603 1438 1725 1492 καθ’
1750 1440 1874 1492 ἐαυ-

289 1531 400 1584 τῶν
420 1531 519 1602 τὴν
543 1529 835 1585 ἀπώλειαν.
868 1529 1102 1593 Τούτους
1127 1528 1183 1581 δὲ
1211 1531 1276 1600 τῇ
1299 1528 1544 1600 ἀπωλείᾳ
1563 1527 1872 1582 οίκειωθέν-

287 1639 393 1686 τας
422 1623 450 1675 ὁ
479 1622 610 1686 Θεὸς
640 1621 802 1686 αὐτὸς
827 1621 887 1674 τὸ
916 1621 1042 1693 ἑξῆς
1073 1620 1363 1692 διατίθησι.
1398 1620 1462 1673 Τί
1490 1621 1546 1674 δέ
1580 1617 1648 1692 ἦν
1679 1619 1872 1686 τοῦτο;

304 1712 810 1781 Ἐξωλόθρευσας,
839 1713 970 1784 φησι
987 1752 1002 1775 ,
1025 1711 1220 1766 πάντα
1237 1713 1344 1766 τὸν
1363 1714 1734 1781 πορνεύοντα
1757 1715 1874 1769 ἀπὸ

1972 1256 2310 1325 fornicamur
2335 1257 2428 1314 abs
2464 1269 2530 1314 te.
2558 1260 2885 1317 Fornicatur
2914 1277 2946 1316 a
2980 1261 3111 1328 Deo,
3143 1265 3235 1334 qui
3259 1272 3551 1334 postquam

1973 1351 2041 1405 ad
2071 1367 2194 1407 eum
2229 1353 2458 1424 propius
2483 1363 2820 1420 accesserat,
2843 1357 2912 1412 ab
2935 1357 3056 1428 ipso
3084 1358 3278 1428 procul
3321 1359 3549 1414 recedit.

1974 1439 2093 1511 Ipse
2128 1458 2362 1513 namque
2385 1444 2678 1500 humanam
2701 1447 2940 1502 animam
2961 1448 3319 1519 desponsare,
3349 1457 3404 1502 et
3427 1465 3555 1520 pro-

1975 1531 2090 1600 pria
2126 1534 2337 1588 semina
2377 1535 2430 1589 in
2489 1536 2634 1589 illam
2678 1536 2864 1606 jacere
2914 1555 3022 1592 non
3062 1538 3424 1610 dedignatur;
3463 1541 3555 1594 illa

1974 1639 2106 1679 vero
2130 1626 2395 1683 recedens
2423 1628 2491 1682 ab
2532 1644 2618 1694 eo,
2654 1643 2887 1700 seseque
2937 1631 3059 1686 aliis
3111 1631 3411 1688 admovens
3461 1634 3556 1703 qui

1979 1715 2241 1771 fornicari
2281 1732 2407 1772 cum
2449 1735 2512 1773 ea
2546 1720 2795 1791 cupiunt,
2831 1721 3088 1793 malignis
3112 1722 3322 1777 scilicet
3348 1722 3558 1792 spiriti-

286 1805 432 1860 σοῦ.
477 1805 736 1886 Πορνεύει
767 1806 823 1858 δέ
850 1805 958 1858 ἀπὸ
985 1803 1080 1858 τοῦ
1109 1804 1243 1857 Θεοῦ
1265 1806 1294 1858 ὁ
1326 1804 1464 1875 μετά
1489 1805 1551 1858 τὸ
1580 1805 1876 1876 πλησιάσαι

1985 1807 2100 1869 bus,
2129 1814 2182 1862 et
2205 1808 2436 1878 impuris
2466 1811 2837 1874 daemonibus,
2875 1819 2969 1865 aut
3001 1812 3182 1882 impiis
3211 1812 3561 1882 cogitationi-

288 1897 444 1970 αὐτῷ
473 1897 754 1969 μακρύνας
781 1897 992 1952 ἑαυτόν.
1046 1895 1216 1959 Δύτὸς
1245 1897 1343 1968 μὲν
1371 1896 1482 1970 γὰρ
1513 1899 1607 1952 καὶ
1633 1897 1876 1969 νυμφεύ-

1985 1901 2102 1961 bus,
2151 1899 2268 1955 sive
2299 1900 2458 1956 fmdis
2502 1901 2844 1971 impurisque
2877 1901 3237 1967 facinoribus,
3280 1903 3405 1973 jure
3443 1917 3561 1972 per-

287 1992 450 2045 εσθαι
468 1993 568 2046 οὐκ
585 1989 806 2054 ἀπαξιοῖ
819 1991 918 2062 τὴν
933 1989 1278 2061 ἀνθρωπίνην
1296 1989 1494 2060 ψυχὴν,
1514 1991 1606 2044 καὶ
1621 1990 1690 2044 τὰ
1705 1993 1877 2044 οίκεῖα

1985 1993 2140 2048 uiciei
2172 1992 2422 2047 traditur.
2463 1991 2645 2060 Quare
2675 1993 2881 2048 dictum
2912 2002 3032 2048 est:
3062 1993 3359 2049 Perdidisti
3380 2009 3556 2048 omnes

289 2081 588 2151 σπέρματα
617 2083 674 2132 ἐν
703 2081 837 2150 αὐτῇ
869 2078 1299 2132 καταϐάλλεσθαι
1317 2096 1331 2111 ο
1382 2082 1415 2151 ἡ
1443 2080 1498 2133 δέ
1529 2079 1879 2154 μακρύνουσα

280 2170 495 2242 ἑαυτὴν
515 2171 608 2225 καὶ
632 2171 837 2243 ἑτέροις
864 2169 1177 2242 παρέχουσα
1202 2172 1315 2233 τοῖς
1339 2172 1766 2242 καταπορνεύειν
1790 2171 1880 2224 αύ-

282 2262 394 2333 τὴν
427 2261 703 2326 ἐθέλουσι,
753 2260 1025 2333 πνεύμασι
1058 2264 1312 2332 πονηροῖς
1343 2263 1436 2316 καὶ
1465 2263 1714 2334 δαίμοσιν
1745 2264 1880 2317 ἀκα-

284 2352 535 2426 θάρτοις,
565 2353 597 2424 ἢ
633 2352 912 2424 λογισμοῖς
942 2353 1122 2416 ἀθέοις
1152 2355 1246 2407 καὶ
1274 2354 1550 2419 ἀσεϐέσιν,
1583 2355 1615 2424 ἢ
1649 2355 1878 2427 πράξεσι

288 2447 522 2516 μιαραῖς
542 2446 637 2497 καὶ
660 2444 1011 2514 ἀκαθάρτοις,
1028 2447 1251 2507 είκότως
1271 2445 1477 2517 ὀλέθρῳ
1499 2446 1875 2516 παραδίδοται.

280 2534 385 2590 Διδ
407 2534 688 2589 λέλεκται·
726 2535 1204 2604 Ἐξωλόθρευσας
1224 2535 1421 2589 πάντα
1443 2537 1546 2590 τὸν
1563 2539 1881 2605 πορνεύον-

284 2643 367 2680 ra
393 2626 513 2682 ἀπὸ
533 2627 670 2689 σοῦ.
718 2626 880 2680 Ἀλλά
902 2626 1012 2698 γὰρ
1042 2627 1215 2681 ταῦτα
1242 2627 1400 2691 εἰδὼς
1428 2627 1560 2697 ἐγὼ,
1593 2629 1689 2683 κα)⁵
1720 2631 1880 2701 ἀκρι-

283 2719 406 2784 ϐῶς
431 2719 794 2791 πεπεισμένος
827 2721 1074 2790 περὶτῆς
1105 2721 1206 2792 σῆς
1225 2721 1443 2784 δικαίας
1465 2722 1700 2791 κρίσεως
1720 2763 1735 2782 ,
1782 2722 1880 2794 τὴν

287 2812 544 2866 ἐναντίαν
576 2810 799 2883 εἱλόμην
819 2814 929 2875 τοῖς
960 2811 1199 2875 ἀσεϐέσι,
1223 2813 1426 2886 καίπερ
1457 2814 1530 2885 μὴ
1553 2813 1690 2867 νοῶν
1718 2814 1786 2867 τά
1812 2813 1882 2866 σὰ

291 2905 578 2976 μυστήρια
599 2921 613 2935 ·
647 2903 782 2959 ἀλλά
816 2904 910 2956 καὶ
950 2905 1230 2976 κτηνώδης
1266 2906 1555 2978 γενόμενος
1596 2907 1746 2978 παρὰ
1778 2907 1880 2972 σοὶ,

282 2999 447 3070 ὅμως
471 3002 600 3070 συνή
610 3015 716 3069 μην
741 3015 823 3051 σοι
853 2998 1160 3061 διαπαντός.
1191 2999 1355 3052 Οὐδὲν
1379 2999 1489 3070 γὰρ
1516 2999 1640 3070 ἐμοὶ
1668 2998 1882 3053 κάλλιον

286 3091 548 3160 ἐφαίνετο
571 3089 665 3143 τοῦ
688 3089 1123 3161 προσκολλᾶσθαί
1141 3107 1222 3142 σοι
1247 3089 1324 3160 τῷ
1341 3089 1458 3161 ἐμῷ
1479 3089 1619 3161 Θεῷ,
1641 3091 1734 3143 καὶ
1761 3088 1885 3143 ταῦ-

286 3199 367 3236 τα
389 3183 657 3254 αἱρεῖσθαι
689 3183 829 3252 ἅπερ
881 3182 1049 3246 αὐτὸς
1077 3182 1282 3255 ὥρισας
1303 3183 1399 3237 καὶ
1420 3185 1690 3237 ἑνετείλω.
1726 3183 1883 3237 Οὕτω

290 3275 409 3346 γὰρ
495 3241 873 3344 κολλώμειίος
895 3274 975 3340 τῷ
1001 3241 1196 3343 [ivpqu
1221 3241 1292 3329 ea}
1318 3276 1557 3346 πνεῦμά
1575 3277 1726 3331 ἐστι.
1762 3277 1883 3330 Διό·
1911 3241 1953 3300 c

292 3384 406 3438 περ
434 3369 557 3438 ἐμοὶ
579 3367 730 3420 οὐδὲν
757 3366 973 3420 κάλλιον
993 3367 1114 3420 οὐδέ
1142 3369 1388 3439 κρεῖττον
1412 3369 1766 3438 κατεφαίνετο
1789 3368 1883 3422 τοῦ

293 3457 736 3528 προσκολλᾶσθαί
764 3475 864 3511 σοι.
901 3459 993 3511 Διό
1015 3475 1176 3529 φημι,
1202 3461 1284 3512 ὅτι
1319 3461 1478 3528 Ἐμοὶ
1500 3461 1568 3514 τὸ
1594 3465 1886 3530 προσκολο

289 3551 523 3606 λᾶσθαι
555 3550 634 3616 τῷ
661 3549 782 3616 Θεῷ
807 3552 1032 3621 ἀγαθόν
1054 3551 1242 3606 ἐστιν.
1267 3553 1330 3605 Εἰ
1361 3553 1471 3624 γὰρ
1491 3552 1665 3616 οὐδεὶς
1683 3552 1887 3621 ἀγαθὸς

293 3647 347 3698 εί
383 3645 457 3715 μὴ
488 3639 569 3706 εἷς
598 3645 628 3695 ὁ
659 3644 792 3706 Θεὸς
811 3683 825 3706 ,
864 3642 1028 3696 πόθεν
1061 3643 1128 3696 ἂν
1159 3643 1368 3710 γένοιτο
1401 3645 1572 3716 ἑτέρῳ
1601 3662 1654 3697 τι
1685 3645 1887 3713 ἀγαθὸν

296 3739 330 3808 ἦ
356 3739 424 3789 ἐκ
444 3735 538 3788 τοῦ
570 3735 1006 3808 προσκολλᾶσθαι
1031 3734 1178 3805 αὐτῷ
1198 3752 1213 3799 ;
1235 3736 1345 3789 Καὶ
1363 3737 1464 3806 ήδη
1491 3737 1589 3807 μὲν
1608 3736 1889 3810 ἀπήλαυον

294 3821 508 3886 παντὸς
538 3823 774 3892 ἀγαθοῦ,
829 3821 1170 3894 κολλώμενος
1215 3824 1313 3878 καὶ
1365 3825 1765 3896 συναπτόμενος
1814 3826 1890 3898 τῷ

295 3915 424 3986 Θεῷ
442 3933 456 3946 ’
502 3915 640 3969 ὥστε
665 3916 841 3985 λέγειν
859 3933 874 3947 ο
923 3913 1252 3982 Ἐκολλήθη
1281 3915 1473 3969 ὁπ’σω
1501 3932 1618 3971 σου
1653 3918 1690 3983 ἡ
1721 3917 1891 3987 ψυχή

292 4026 440 4079 μου.
501 4009 610 4062 Καὶ
648 4011 727 4071 είς
766 4008 858 4061 τὸν
913 4007 1173 4078 μέλλοντα
1201 4007 1258 4062 δὲ
1304 4007 1494 4080 χρόνον
1523 4008 1735 4078 ἀγαθὰς
1763 4009 1893 4063 ὑπέ-

297 4117 515 4173 γραφον
535 4101 753 4164 ἐλπίδας
775 4098 1017 4170 ἐμαυτῷ.
1052 4099 1179 4152 Ἕτε
1190 4099 1280 4171 ρόν
1311 4117 1370 4153 τε
1391 4099 1550 4154 τοῦτο
1570 4101 1773 4169 ἀγαθόν
1801 4118 1891 4172 μοι

297 4190 374 4266 ἦν
393 4234 406 4258 ,
435 4194 496 4246 τὸ
526 4195 789 4248 τίθεσθαι
828 4193 898 4246 ἐν
930 4192 1127 4260 Κυρίῳ
1159 4191 1274 4260 τὴν
1304 4192 1523 4246 ἐλπίδα
1548 4209 1689 4262 μου.
1725 4193 1890 4257 Τέλος

300 4285 416 4356 γάρ
451 4303 538 4357 μοι
563 4287 661 4358 τῆς
691 4287 872 4358 πάσης
898 4287 1113 4351 ἐλπίδος
1141 4283 1208 4360 ἦν
1236 4288 1298 4340 τδ
1317 4288 1656 4358 ἐξαγγεῖλαι
1685 4287 1889 4355 πάσας

300 4379 413 4443 τὰς
455 4378 718 4445 αὶνέσεις
757 4395 874 4434 σου
912 4381 983 4434 ἐν
1021 4379 1150 4448 ταῖς
1189 4382 1411 4448 πύλαις
1451 4379 1564 4449 τῆς
1599 4380 1888 4450 θυγατρὸς

301 4471 479 4526 Σιών.
528 4471 900 4537 Καταξιωθεὶς
925 4472 1033 4544 γὰρ
1062 4473 1163 4544 τῆς
1195 4475 1274 4537 είς
1307 4473 1406 4545 τὴν
1445 4473 1598 4526 πόλιν
1632 4490 1725 4526 σου
1755 4472 1890 4525 εἰσό-

1978 2086 2068 2156 qui
2099 2085 2434 2154 fornicamur
2458 2084 2551 2138 abs
2585 2095 2650 2140 te.
2687 2084 2890 2141 Verum
2913 2101 3012 2157 ego
3035 2087 3149 2142 lucc
3168 2086 3336 2157 probe
3353 2086 3555 2147 sciens,

1980 2191 2044 2230 ac
2077 2176 2235 2246 plane
2268 2176 2335 2230 de
2361 2176 2514 2246 justo
2539 2175 2749 2244 judicio
2777 2186 2870 2229 tuo
2901 2191 3227 2244 persuasus,
3265 2175 3558 2228 adversam

1980 2267 2164 2337 impiis
2180 2267 2314 2338 elegi
2341 2269 2504 2332 viam,
2530 2266 2745 2321 etiamsi
2769 2266 3024 2336 mysteria
3051 2275 3140 2319 tua
3161 2281 3270 2320 non
3291 2264 3561 2334 intellige-

1980 2375 2126 2428 rem;
2147 2358 2242 2415 sed
2258 2367 2312 2415 et
2340 2359 2594 2429 quamvis
2613 2358 2994 2427 utjumentum
3016 2357 3193 2413 factus
3217 2373 3392 2414 essem
3414 2355 3559 2426 apud

1981 2460 2053 2516 te,
2074 2459 2310 2506 attamen
2341 2467 2447 2506 una
2468 2460 2648 2506 tecum
2666 2465 2814 2505 eram
2836 2465 3072 2520 semper.
3098 2449 3240 2504 Nihil
3266 2449 3411 2504 enim
3434 2449 3558 2519 pul-

1980 2543 2167 2614 chrius
2202 2543 2330 2596 mihi
2381 2542 2672 2596 videbatur
2722 2557 2866 2608 esse,
2913 2555 3076 2612 quam
3134 2541 3230 2596 tibi
3281 2540 3390 2596 Deo
3440 2556 3562 2595 meo

1980 2637 2281 2696 adhaerere,
2315 2633 2517 2704 illaque
2562 2634 2789 2703 diligere
2825 2649 2946 2703 quae
2983 2643 3037 2687 tu
3070 2633 3290 2704 jussisti
3327 2647 3390 2686 ac
3420 2647 3560 2701 prae-

1982 2725 2192 2797 cepisti.
2220 2724 2294 2778 Ita
2321 2725 2466 2780 enim
2504 2725 2592 2794 qui
2631 2723 2863 2776 adlueret
2897 2722 3124 2776 Domino
3174 2739 3307 2775 unus
3340 2721 3561 2787 spiritus

1982 2829 2056 2874 est
2083 2820 2124 2874 ⁸.
2155 2819 2282 2873 Ideo
2326 2817 2462 2871 nihil
2506 2815 2636 2869 mihi
2674 2815 2976 2884 pulchrius,
3016 2813 3150 2866 nihil
3183 2811 3378 2866 melius
3409 2810 3558 2863 vide»

1983 2913 2166 2973 batur,
2197 2923 2362 2981 quam
2396 2907 2674 2962 adhaerere
2706 2906 2825 2960 tibi.
2875 2905 3218 2974 Quapropter
3242 2902 3390 2963 dico,
3427 2899 3563 2954 lli/ii

1984 3003 2255 3058 adhwrere
2284 3001 2389 3054 Deo
2423 3000 2614 3053 bonum
2639 3007 2736 3052 est.
2782 2996 2916 3052 Nam
2948 2996 2995 3052 si
3046 3010 3209 3051 nemo
3245 2995 3425 3049 bonus
3455 2993 3564 3048 nisi

1986 3109 2131 3148 unus
2180 3092 2346 3151 Deus.
2399 3089 2674 3146 undenam
2734 3088 2828 3142 alii
2888 3089 3129 3158 cuipiam
3177 3086 3306 3140 boui
3357 3085 3566 3155 aliquid

1988 3183 2290 3246 advenerit,
2319 3183 2425 3236 nisi
2476 3196 2540 3236 ex
2589 3196 2653 3234 eo
2686 3179 2830 3250 quod
2861 3177 2974 3233 Deo
3019 3175 3330 3232 adhaereat?
3362 3175 3424 3229 Et
3449 3176 3564 3245 jam

1986 3275 2205 3347 quidem
2227 3273 2375 3328 omni
2406 3272 2628 3328 fruebar
2658 3276 2822 3334 bono,
2851 3271 3134 3326 adhaarens
3156 3277 3209 3324 et
3236 3268 3566 3337 conjunctus

1989 3368 2138 3435 Deo;
2178 3369 2253 3422 ita
2286 3375 2342 3421 ut
2363 3368 2602 3422 dicerem
2636 3384 2647 3419 :
2688 3363 2926 3418 Adhaesit
2956 3364 3138 3416 anima
3167 3378 3284 3415 mea
3304 3370 3423 3430 post
3455 3371 3502 3413 te
3523 3363 3565 3413 ³.

1987 3459 2230 3528 Itemque
2282 3457 2349 3511 ad
2405 3456 2646 3511 futurum
2703 3455 2963 3512 saeculum
3013 3454 3214 3508 bonam
3251 3453 3381 3506 mihi
3415 3465 3568 3521 spem

1990 3552 2246 3620 ascripsi.
2281 3551 2348 3604 Et
2377 3565 2510 3606 sane
2547 3548 2693 3604 aliud
2718 3562 2935 3618 quoque
2958 3545 3090 3600 mihi
3119 3545 3323 3599 bonum
3353 3543 3565 3602 aderat,

1991 3643 2223 3708 scilicet,
2273 3657 2463 3710 ponere
2507 3641 2561 3693 in
2608 3639 2835 3693 Domino
2882 3653 3023 3705 spem
3058 3651 3248 3689 meam.
3278 3631 3411 3686 Nam
3442 3630 3567 3684 linis

1991 3737 2172 3792 omnis
2205 3733 2323 3805 spei
2369 3733 2504 3788 mihi
2546 3739 2685 3799 erat,
2723 3742 2779 3784 ut
2810 3730 3120 3785 annuutiem
3154 3743 3332 3780 omnes
3387 3722 3571 3777 laudes

1993 3839 2112 3882 tuas
2142 3829 2195 3881 in
2219 3827 2388 3896 portis
2422 3825 2550 3896 ﬁliae
2574 3822 2722 3879 Sion.
2756 3820 3039 3892 Siquidem
3073 3821 3324 3888 ingressu
3355 3816 3408 3869 in
3442 3814 3572 3870 civi-

1990 3925 2158 3973 tatem
2193 3923 2344 3971 tuam
2374 3915 2650 3985 dignatus,
2692 3913 2759 3968 de
2792 3926 2900 3984 qua
2946 3909 3201 3979 superius
3233 3905 3523 3962 dicebatur
3555 3922 3569 3959 :

1991 4009 2236 4072 Domine,
2289 4009 2345 4062 in
2377 4008 2588 4061 civitate
2623 4018 2714 4059 tua
2744 4004 3032 4074 imaginem
3061 4002 3298 4070 ipsorum
3331 3997 3399 4052 ad
3433 3995 3572 4050 nihi-

1995 4099 2104 4153 lum
2132 4098 2370 4170 rediges;
2392 4111 2516 4151 cum
2541 4096 2705 4151 etiam
2730 4095 2797 4149 ad
2822 4093 3075 4148 caelestes
3100 4098 3287 4162 portas
3315 4102 3576 4143 conscen-

1996 4193 2193 4256 derim,
2217 4197 2309 4246 tua
2343 4204 2473 4260 erga
2503 4203 2591 4242 me
2623 4186 2885 4242 beneficia
2932 4184 3188 4240 omnibus
3240 4179 3569 4251 praedicabo.

1997 4285 2100 4342 Ubi
2134 4281 2763 4353 constitutuspromissa
2791 4291 3100 4348 consequar
3127 4285 3238 4342 tua,
3281 4290 3398 4344 qua:
3449 4288 3577 4325 ocu-

1997 4379 2079 4432 lus
2110 4394 2212 4432 nou
2247 4377 2398 4441 vidit,
2432 4391 2523 4429 nec
2555 4373 2702 4427 auris
2733 4369 2958 4432 audivit,
2991 4385 3080 4422 nec
3113 4368 3167 4421 in
3212 4383 3302 4420 cor
3348 4364 3577 4419 hominis

2001 4469 2348 4526 ascenderunt
2374 4469 2437 4523 ¹⁰.
2487 4463 2641 4520 Talia
2686 4466 2889 4536 quippe
2920 4461 3066 4518 Deus
3098 4459 3422 4531 praeparavit
3451 4455 3580 4508 dili-

299 4562 418 4624 δθυ,
455 4562 584 4634 περὶ
607 4559 676 4635 ἦς
698 4562 954 4636 ἀνωτέρω
983 4563 1198 4632 ἐλέγετο
1217 4580 1230 4593 ·
1260 4564 1437 4631 Κύριε
1455 4602 1470 4626 ,
1513 4561 1584 4615 ἐν
1613 4560 1686 4630 τῇ
1719 4564 1883 4616 πόλει

1998 4561 2238 4633 gentibus
2272 4577 2346 4615 se.

300 4667 423 4708 σου
457 4653 571 4721 τὴν
590 4657 794 4708 εἰκόνα
813 4655 1010 4709 αὐτῶν
1034 4652 1483 4720 ἐξουθενώσεις,
1514 4653 1608 4708 καὶ
1641 4656 1763 4717 ταῖς
1788 4653 1983 4718 πύλαις
2026 4657 2148 4718 ταῖς
2182 4653 2528 4726 ἐπουρανίοις
2577 4649 2776 4713 ἐπιϐὰς
2805 4694 2821 4718 ,

2890 4644 3220 4718 ἀνακηρύξω
3289 4640 3403 4702 τοῖς
3446 4637 3581 4688 πᾶσι

298 4747 403 4810 τὰς
428 4747 509 4809 είς
532 4746 632 4818 ἐμέ
666 4764 760 4800 σου
781 4746 1117 4818 εὐεργεσίας.
1153 4748 1319 4800 Ἔνθα
1348 4747 1638 4816 γενόμενος
1662 4746 1757 4799 καὶ
1815 4746 1925 4799 τῷν
1962 4722 2334 4816 ἐπαγγελιῶν
2374 4762 2468 4797 σου
2510 4743 2805 4812 τεύξομαι,
2843 4739 2917 4804 ἂς
2948 4735 3254 4806 ὀφθαλμὸς
3286 4732 3397 4784 οὐκ
3437 4722 3580 4826 εἷδξν

300 4839 400 4893 καὶ
425 4835 535 4904 οὖς
547 4841 656 4894 οὐκ
683 4839 925 4909 ἤκουσε,
945 4839 1045 4895 καὶ
1063 4840 1426 4909 ἐπὶκαρδίαν
1443 4840 1756 4908 ἀνθρώπου
1773 4841 1884 4894 οὐκ
1921 4841 2124 4896 ἀνέϐη.
2163 4839 2400 4895 Τοιαῦτα
2425 4837 2533 4910 γὰρ
2556 4837 2884 4904 ἡτοίμασεν
2907 4836 2938 4886 o'
2964 4830 3113 4896 Θεὸς¹
3166 4828 3290 4893 τοῖς
3356 4823 3586 4892 ἀγαπῶ·

298 4945 408 4984 σιν
435 4933 641 4987 αὐτόν.

378 5045 470 5116 Μὴ
506 5046 755 5116 κείμενον
785 5047 839 5100 δέ
869 5049 926 5100 ἐν
950 5047 1028 5118 τῷ
1071 5046 1363 5118 Ἐϐραῖκῷ,
1403 5047 1538 5118 μηδὲ
1597 5048 1750 5120 παρά
1781 5052 1894 5112 τοῖς

303 5139 516 5202 λοιποῖς
536 5141 597 5213 ἐρ
604 5145 894 5212 μηνευταῖς
917 5141 976 5194 τὸ
995 5141 1064 5195 ἐν
1087 5141 1215 5207 ταῖς
1230 5142 1450 5207 πύλαις
1470 5141 1581 5209 τῆς
1603 5143 1893 5212 θυγατρὸς

305 5231 480 5295 Σιὼν.
519 5233 668 5304 παρά
705 5234 886 5304 μόνοις
909 5233 966 5286 δὲ
993 5236 1106 5297 τοῖς
1145 5233 1542 5303 Ἑϐδομήκοντα
1572 5233 1894 5304 φερόμενον,

305 5322 618 5386 ὠϐέλισται,
647 5323 735 5377 διὰ
762 5325 822 5377 τὸ
852 5326 945 5378 καὶ
969 5325 1218 5396 περιττὸν
1248 5319 1406 5378 εἶναι.
1443 5325 1516 5377 Τὸ
1541 5323 1650 5395 γὰρ
1678 5323 1894 5378 πάντων

307 5415 515 5485 ἀγαθὸν
554 5415 704 5480 τέλος
751 5417 834 5470 ἐπ’
870 5417 1040 5487 αὐτὴν
1077 5417 1197 5486 ἄγει
1239 5418 1338 5488 τὴν
1373 5417 1694 5488 ἐπουράνιον
1732 5413 1892 5481 Σιὼν,

306 5508 367 5578 ἤι’
386 5527 432 5572 ις
473 5504 541 5578 ἦν
570 5511 603 5579 ἡ
643 5509 1008 5580 ἀποδεδομένη
1030 5509 1123 5562 τοῦ
1163 5509 1294 5562 Θεοῦ
1330 5512 1388 5563 ἐν
1426 5511 1674 5582 οὐρανοῖς
1706 5509 1860 5572 πόλις
1881 5551 1894 5573 ,

309 5600 580 5672 θυγατρὸς
610 5601 747 5655 Σιὼν
774 5601 1068 5672 νοουμένης
1094 5601 1194 5671 τῆς
1215 5604 1343 5674 παρ’
1372 5604 1505 5674 ἡμῖν
1547 5600 1892 5672 Ἐκκλησίας.

309 5693 387 5758 ὼς
413 5693 503 5747 διὰ
536 5693 744 5746 πολλῶν
776 5694 1052 5760 ἀποδεῖξαι
1081 5695 1278 5766 ῥᾴδιον.

375 5849 396 5881 ⁸
427 5848 444 5902 l
472 5849 600 5905 Cor.
633 5866 706 5914 vi,
743 5849 825 5903 l7.
905 5853 923 5879 ο
958 5848 1104 5904 Psal.
1145 5865 1279 5917 an,
1305 5849 1358 5905 9.
1440 5849 1483 5881 ¹⁰
1515 5847 1532 5901 I
1562 5849 1688 5904 Cor.
1724 5862 1784 5914 ιι,
1811 5848 1862 5902 9.

2081 5045 2220 5100 Cum
2253 5049 2434 5098 autem
2488 5039 2646 5104 illud,
2679 5041 2734 5092 in
2760 5037 2926 5106 portis
2985 5034 3112 5104 [iure
3136 5029 3284 5096 Sion,
3318 5045 3495 5099 neque
3529 5044 3584 5082 ιιι

2001 5135 2290 5199 Ilebraico,
2323 5149 2500 5203 neque
2549 5131 2692 5201 apud
2748 5130 2989 5198 reliquos
3027 5121 3578 5192 interpretesjawat,

2002 5228 2097 5284 sed
2115 5226 2259 5298 apud
2279 5226 2427 5282 solos
2445 5222 2802 5294 Septuaginta
2828 5219 3156 5288 Iuterpretes
3175 5215 3404 5275 feratur,
3423 5209 3581 5265 obclo

2003 5325 2246 5381 notatur,
2294 5317 2424 5388 quia
2470 5313 2805 5384 superfluum
2847 5318 2951 5366 est.
3006 5308 3188 5363 Bonus
3218 5305 3420 5375 quippe
3463 5315 3581 5353 om-

2004 5411 2153 5466 nium
2190 5410 2314 5466 finis
2367 5409 2435 5464 ad
2467 5410 2640 5480 ipsam
2672 5405 2805 5461 Sion
2838 5405 3116 5459 caelestem
3151 5398 3320 5460 ducit,
3352 5409 3471 5464 quae
3497 5398 3583 5444 est

2003 5506 2091 5560 illa
2112 5505 2226 5574 jam
2264 5502 2468 5557 tradita
2501 5500 2694 5556 civitas
2717 5498 2811 5553 Dei
2850 5499 2907 5553 in
2929 5494 3104 5551 cmlis.
3143 5490 3279 5544 Nam
3302 5487 3410 5542 lilia
3448 5483 3579 5574 Siuu

2003 5573 2246 5652 Ecclesia
2287 5601 2475 5652 nostra
2498 5609 2622 5651 esse
2655 5589 3001 5662 intelligitur,
3033 5580 3377 5655 ut.pluribus
3418 5573 3581 5630 facile

2003 5700 2088 5749 est
2116 5690 2496 5763 comprobare.
