4068 6528
618 413 719 469 851

830 531 884 585 ι.
926 529 1418 589 lNTELLECTUS‘
1450 533 1698 590 ASAPH.
1741 508 1983 602 Lxxm;

554 634 560 642 ’
610 630 624 704 ί
692 640 907 711 thuid,
942 642 1106 708 Deus,
1156 645 1399 714 repulisti
1449 647 1730 717 inﬁnem,
1762 648 1933 703 iratus
1978 657 2057 702 est
2086 647 2191 713 ,Iu-

614 751 706 791 ror
738 736 881 791 'tuus
916 746 1073 807 super
1126 755 1247 793 oves
1300 756 1512 809 pascua:
1566 745 1715 797 tute?
1776 741 1856 795 Ad
1919 740 2189 796 dictorum

614 827 1025 897 intelligentiam
1078 844 1179 884 nos
1206 829 1410 884 excitat
1460 838 1514 885 et
1551 831 1747 887 invitat
1778 833 2002 903 spiritus
2060 849 2191 904 pro—

612 919 881 988 pheticus.
953 918 1058 985 Qui
1102 937 1279 989 neque
1320 924 1591 992 psalmum
1654 925 1722 980 de
1771 941 1944 992 more,
2011 942 2188 997 neque

609 1010 1119 1089 eanticum,pneque
1148 1012 1435 1083 hymnum,
1468 1030 1647 1086 neque
1672 1016 1801 1089 quid
1830 1017 2008 1072 simile
2031 1019 2085 1073 in
2118 1019 2188 1073 ti-

608 1105 725 1160 tulo
759 1087 1047 1173 indicavit,
1087 1108 1215 1176 quia
1260 1108 1440 1164 tristia
1473 1087 1851 1165 enuntiantur.
1891 1110 1994 1167 Ubi
2034 1113 2187 1167 vide-

607 1203 701 1249 tnr
731 1198 1062 1266 supplicatio
1094 1201 1385 1268 contineri,
1410 1201 1478 1257 de
1501 1215 1612 1271 qua
1644 1201 1863 1258 divinus
1886 1204 2185 1274 Apostolus

607 1274 880 1359 pracepta
914 1291 1100 1356 dabat,
1152 1294 1343 1349 dicens
1381 1301 1634 1363 oportere
1680 1310 1781 1350 nos
1810 1310 2000 1351 omnes
2023 1297 2183 1351 emit-

608 1392 723 1438 tere
756 1384 1190 1448 obsecrationes,
1237 1400 1451 1456 preces,
1496 1387 1945 1458 supplicationes,
1977 1391 2182 1461 gratia--

607 1488 731 1530 rum
774 1479 1018 1535 actiones
1048 1481 1114 1532 ¹¹.
1147 1478 1245 1535 Hic
1295 1481 1478 1552 itaque
1508 1496 1691 1537 sermo
1735 1481 1902 1537 Deum
1951 1484 2183 1554 alloqui-

607 1559 911 1635 tur,'atque
942 1567 1126 1623 futura
1143 1576 1216 1621 .ut
1241 1568 1355 1638 jam
1388 1569 1663 1638 praeterita
1688 1570 2004 1640 prophetice
2028 1587 2183 1627 enar-

606 1666 716 1723 rat,
758 1668 1089 1729 postremam
1130 1661 1256 1715 item
1286 1658 1757 1732 Jerosolymorum
1816 1662 2179 1732 obsidionem,

604 1760 878 1820 quaaapost
905 1752 1198 1808 salutarem
1222 1750 1531 1809 Adventum
1565 1767 1594 1805 a
1626 1751 1889 1810 Romanis
1919 1753 2059 1812 facta
2074 1764 2179 1823 est,

607 1841 902 1912 signiﬁcat.
939 1844 1005 1898 Et
1056 1845 1170 1900 haec
1214 1859 1339 1899 cum
1377 1845 1623 1900 nendum
1662 1848 1996 1903 constitutus
2029 1849 2181 1904 locus

1295 413 1567 470 EUSEBII
1605 414 2087 472 CESARIENSIS
2125 416 2274 474 OPP.
2318 416 2498 472 PARS
2535 416 2617 472 Ill.
2640 448 2711 458 —
2749 414 3156 472 EXEGETICA.
3723 419 3802 476 852

2213 545 2267 601 Δ

2630 536 2977 589 amasso}:
3008 535 3094 605 ro
3138 532 3345 586 ’Asso.
3393 533 3516 588 or'.

2377 648 2549 703 Ἰνατί
2567 687 2581 711 ,
2612 650 2646 701 ὀ
2680 646 2842 713 Θεὸς,
2876 645 3097 700 ἀπώσω
3155 648 3239 711 εις
3274 646 3449 712 τέλος
3470 685 3484 707 ,
3520 644 3743 715 ὠργίσθη
3777 653 3801 702 ό

2296 741 2482 810 θυμός
2513 754 2630 793 σου
2658 738 2755 792 ἐπὶ
2785 739 3046 806 πρόϐατα
3074 735 3262 806 νομῆς
3287 752 3404 790 σου
3420 754 3439 801 ;
3467 737 3700 808 Διεγείρει
3729 737 3802 809 μιν

2296 832 2442 902 ἡμᾶς
2468 830 2562 884 καὶ
2590 832 2848 901 παρορμᾷ
2872 829 2963 882 ἐπὶ
2990 828 3087 900 τὴν
3111 828 3218 881 τῶν
3240 828 3539 899 λεγομένων
3563 828 3741 881 σύνεσιν
3757 832 3803 883 τὸ

2297 922 2514 993 πνεῦμα
2558 921 2619 975 τὸ
2667 920 3019 991 προφητικόν.
3077 918 3214 974 Οὔτε
3243 920 3301 973 δέ
3332 919 3537 989 ψαλμὸν
3567 920 3801 991 ἐπιγράφει

2296 1015 2561 1086 συνήθως,
2595 1014 2718 1067 οὔτε
2748 1012 2888 1084 ᾠδὴν
2906 1052 2922 1078 ,
2956 1010 3079 1066 οὔτε
3108 1010 3295 1081 ὕμνον,
3326 1011 3448 1064 οὐδέ
3473 1030 3522 1065 τι
3551 1012 3645 1065 τῶν
3666 1030 3800 1083 παραυ

2293 1105 2553 1175 πλησίων,
2580 1105 2667 1158 διὰ.
2686 1105 2746 1157 τὸ
2771 1102 3087 1175 σκυθρωπὸν
3106 1100 3215 1155 τῶν
3236 1101 3711 1171 ἀπαγγελλομένων.
3736 1102 3799 1153 Ἕν

2291 1194 2372 1264 οἷς
2397 1199 2542 1253 δοκεῖ
2571 1196 2803 1262 ἔντευξις
2832 1194 3209 1267 περιέχεσθαι,
3243 1193 3373 1263 περὶ
3401 1188 3468 1265 ἦς
3488 1195 3515 1246 6
3539 1191 3662 1248 θεῖος
3684 1192 3799 1245 Ἀπό-

2294 1291 2478 1355 στολος
2502 1288 2853 1350 διεκελεύετο,
2873 1288 2980 1341 δεῖν
3003 1287 3174 1355 λέγων
3192 1285 3401 1348 πάντας
3421 1287 3561 1356 ἡμᾶς
3586 1284 3798 1337 ποιεῖσθαι

2290 1382 2532 1454 δεήσεις,
2563 1379 2898 1451 προσευχὰς,
2928 1378 3214 1443 ἐντεύξεις,
3242 1377 3597 1447 εὐχαριστίας.
3628 1377 3797 1444 Ἐντυγ-

2289 1473 2441 1543 χάνει
2474 1472 2602 1539 γοῦν
2628 1472 2656 1523 6
2685 1471 2840 1540 λόγος
2863 1470 2942 1539 τῷ
2953 1468 3093 1540 Θεῷ,
3124 1468 3474 1541 προφητικῶς
3503 1466 3568 1519 τὰ
3594 1466 3798 1537 μέλλοντα

2287 1564 2362 1628 ὡς
2395 1563 2761 1634 παρῳχηκότα
2792 1561 3034 1626 διεξιὼν,
3070 1560 3163 1614 καὶ
3189 1560 3288 1631 τὴν
3321 1557 3548 1628 ἐσχάτην
3576 1557 3797 1628 σημαίνων

2289 1656 2603 1730 πολιορκίαν
2630 1655 2729 1725 τῆς
2758 1654 3109 1729 Ἰερουσαλὴμ
3134 1653 3231 1726 τὴν
3259 1652 3365 1705 ὑπὸ
3401 1651 3663 1721 Ῥωμαίων
3686 1666 3797 1718 γενο-

2292 1749 2458 1820 μένην
2489 1747 2626 1820 μετά
2653 1748 2751 1819 τὴν
2781 1749 3042 1820 σωτήριον
3060 1745 3393 1819 Παρουσίαν.
3420 1744 3525 1797 Καὶ
3547 1741 3694 1795 ταῦτα
3718 1759 3794 1813 μη-

2288 1841 2345 1895 δὲ
2377 1840 2669 1903 συστάντος
2689 1858 2775 1894 πω
2802 1838 2895 1892 τοῦ
2918 1840 3082 1895 τόπου
3108 1838 3507 1910 προαναφωνεῖ.
3541 1835 3593 1889 '0
3618 1834 3699 1905 μὲν
3715 1834 3793 1903 γὰρ

605 1940 773 1998 esset,
792 1940 1142 2005 praenuntiat.
1179 1938 1387 1995 Etenim
1402 1940 1611 2010 Asaph,
1646 1942 1741 2012 qui
1764 1941 1880 1997 haec
1909 1942 2174 1998 vaticina-

2215 1924 2251 1978 Β
2292 1934 2487 2003 Ἀσὰφ,
2515 1934 2583 1987 δι’
2607 1929 2667 1988 οὗ
2692 1935 2862 1989 ταῦτα
2891 1933 3294 2004 προεφήτεύετο
3313 1972 3328 1997 ,
3353 1932 3629 2003 σύγχρονος
3649 1927 3791 1996 γέγονε

602 2018 716 2085 tur.
750 2029 976 2097 zequalis
1024 2030 1213 2085 Davidi
1265 2040 1418 2098 erat;
1452 2031 1714 2089 Salomon
1755 2049 1887 2089 vero
1919 2041 2044 2105 post
2075 2033 2180 2088 Da—

603 2118 747 2179 vidis
767 2130 1020 2185 mortem,
1061 2125 1319 2195 templum
1353 2126 1649 2180 exstruxit.
1679 2124 1816 2180 Cum
1844 2134 2023 2179 autem
2045 2124 2183 2180 duas

604 2211 713 2266 loci
746 2215 1081 2269 vastationes
1111 2215 1476 2285 praevidisset,
1510 2217 1749 2286 priorem
1777 2216 1988 2272 scilicet
2017 2230 2048 2268 a
2075 2214 2183 2269 Ba-

604 2303 864 2373 byloniis,
895 2312 949 2359 et
980 2306 1276 2361 secundam
1307 2322 1337 2359 a
1380 2305 1645 2363 Romanis
1682 2306 1915 2373 factam;
1943 2306 2179 2377 priorem

602 2394 826 2465 quidem
861 2397 915 2449 in
959 2411 1121 2450 uxrx
1158 2398 1392 2466 psalmo,
1428 2405 1483 2453 et
1531 2398 1589 2452 in
1633 2414 1820 2452 Lxxxu
1872 2398 2176 2469 signiﬁcat;

604 2487 966 2555 posteriorem
997 2503 1128 2541 vero
1158 2490 1213 2541 in
1251 2489 1507 2556 pnesenti
1552 2488 1860 2560 prophetia,
1888 2505 2053 2560 quam
2097 2491 2177 2546 sic

605 2578 862 2633 orditur:
911 2578 1128 2650 thuid,
1176 2579 1351 2648 Deus,
1390 2581 1631 2650 repuliin
1680 2582 1736 2635 in
1789 2583 1970 2651 ﬁnem,
2004 2584 2176 2637 iratus

601 2681 681 2740 est
713 2671 864 2740 {uror
892 2682 1013 2726 tuus
1049 2690 1204 2743 super
1250 2690 1366 2728 oves
1412 2689 1622 2742 pascua:
1654 2678 1799 2730 tute?
1830 2674 2174 2731 Postremum

602 2776 842 2830 namque
896 2771 950 2815 et
995 2763 1266 2834 integrum
1321 2764 1541 2819 illorum
1577 2764 1852 2819 excidium
1909 2781 2020 2820 non
2068 2767 2176 2821 alio

598 2862 849 2922 tempore
890 2853 1011 2917 fuit,
1049 2870 1212 2924 quam
1242 2871 1364 2910 cum
1401 2855 1661 2911 Servator
1688 2866 1743 2911 et
1780 2855 2045 2912 Dominus
2083 2873 2177 2914 no-

601 2952 715 2999 ster
744 2946 1072 2998 sententiam
1111 2955 1302 3000 contra
1346 2947 1470 3001 illos
1511 2949 1632 3003 tulit
1661 2948 1889 3005 dicens:
1925 2948 2057 3005 Ecce
2086 2967 2172 3005 re-

601 3034 867 3103 linquetur
902 3036 1047 3089 vobis
1091 3035 1278 3090 domus
1313 3048 1484 3091 vestra
1530 3038 1739 3094 deserta
1763 3040 1824 3095 “.
1863 3041 1943 3097 Ac
1972 3057 2174 3098 conse-

598 3136 832 3197 quenter
864 3143 1021 3182 sacer
1066 3126 1362 3198 Apostolus
1410 3139 1533 3200 post
1574 3147 1757 3187 rerum
1794 3134 2001 3188 exitum
2035 3134 2174 3189 dixit

600 3218 667 3272 de
718 3219 827 3273 illis
873 3220 1123 3275 scribens
1150 3240 1161 3273 :
1192 3220 1434 3275 Pervenit
1479 3222 1547 3275 ad
1588 3241 1675 3278 eos
1715 3227 1797 3277 ira
1841 3226 1892 3278 in
1926 3226 2167 3294 ﬁnem”.

599 3308 701 3362 Hic
740 3324 871 3364 vero
920 3311 1184 3379 prepbeta
1235 3313 1545 3367 minutatim
1599 3331 1683 3378 ea,
1724 3333 1846 3387 qua:
1886 3317 2014 3371 huic
2053 3318 2173 3372 loco

598 3399 858 3457 Romana:
885 3403 1192 3459 obsidionis
1226 3413 1470 3476 tempore
1520 3410 1889 3480 contigerunt,
1931 3411 2174 3466 declarat

598 3495 686 3549 his
713 3495 895 3550 verbis
927 3518 938 3550 :
974 3496 1143 3562 Quasi
1161 3500 1213 3549 in
1248 3498 1382 3552 silva
1425 3499 1689 3569 lignorum
1715 3504 1988 3557 securibus
2031 3506 2176 3558 exci-

598 3587 788 3640 derunt
812 3587 1013 3656 januus
1035 3588 1148 3657 ejus
1192 3590 1246 3642 in
1313 3590 1579 3659 idipsum,
1612 3592 1863 3648 videlicet
1899 3593 2175 3667 Jerosoly—

598 3693 700 3732 ma:
723 3694 738 3741 ;
759 3694 811 3729 ιη
843 3680 1015 3731 securi
1043 3687 1091 3731 et
1125 3680 1273 3733 ascia
1314 3680 1612 3749 dejecerunt
1652 3698 1787 3736 eam.
1824 3682 2173 3741 Incenderunt

598 3767 715 3835 igne
744 3768 1105 3820 sanctuarium
1141 3777 1320 3829 tuum;
1352 3771 1405 3822 in
1433 3781 1573 3824 terra
1600 3773 1897 3841 polluerunt
1926 3775 2173 3830 taberna-

596 3856 773 3907 culum
810 3858 1035 3910 nominis
1081 3858 1178 3913 tui.
1209 3858 1365 3923 Quod
1411 3860 1457 3914 si
1485 3862 1608 3930 quis
1638 3862 1835 3918 dixerit
1858 3864 1972 3919 haec
2009 3865 2172 3920 etiam

594 3956 840 4017 tempore
884 3948 1306 4021 Babyloniorum
1342 3960 1494 4022 gesta
1525 3970 1670 4019 esse,
1716 3956 1969 4012 advertas
2013 3959 2172 4019 velim

594 4055 717 4108 quae
752 4051 1078 4109 sequuntur,
1105 4043 1268 4111 Signa
1303 4055 1484 4097 nostra
1514 4061 1617 4099 non
1649 4046 1896 4112 vidimus,
1920 4049 2040 4117 jam
2071 4066 2173 4102 non

593 4140 671 4183 est
704 4132 974 4197 prop/tela,
1013 4143 1060 4187 et
1097 4152 1188 4187 uos
1218 4152 1319 4189 non
1355 4146 1625 4205 cognoscet
1661 4140 1907 4205 amplius.
1936 4139 2070 4193 Nam
2099 4140 2174 4195 si-

594 4236 698 4288 gna
741 4222 853 4275 haec
882 4234 1038 4277 erant
1072 4224 1237 4279 Deum
1272 4228 1544 4295 inspicere
1584 4236 1637 4281 et
1670 4230 2171 4288 curareJudaieant

595 4323 829 4378 gentem,
855 4328 976 4367 cum
1005 4315 1138 4384 ipsis
1162 4318 1455 4385 prophetas
1484 4318 1636 4373 daret
1664 4338 1675 4372 :
1710 4321 1980 4390 siquidem
2005 4322 2172 4378 etiam

594 4418 719 4457 cum
752 4407 893 4459 male
916 4422 974 4461 se
1001 4416 1275 4477 gererent,
1310 4409 1603 4479 pr0phetas
1635 4412 1769 4481 ipsis
1798 4428 1899 4467 ceu
1930 4415 2173 4470 medicos

593 4502 648 4549 et
683 4507 993 4554 servatores
1022 4502 1413 4555 constituebat.
1448 4500 1538 4556 Sic
1587 4504 1641 4556 in
1675 4506 1851 4573 prima
1884 4506 2173 4563 obsidione

2285 2025 2362 2097 τῷ
2392 2027 2580 2081 Δαυῖδ·
2628 2025 2877 2096 Σολομὼν
2905 2026 2961 2079 δὲ
2989 2025 3126 2096 μετὰ
3155 2024 3257 2097 τὴν
3289 2023 3383 2077 τοῦ
3415 2021 3567 2075 Δαυῒδ
3592 2019 3793 2087 τελευτὴν

2284 2119 2553 2190 οἰκοδομεῖ
2578 2118 2671 2173 τὸν
2706 2117 2861 2172 νεών.
2924 2117 3027 2171 Δύο
3054 2116 3110 2170 δὲ
3144 2114 3437 2187 πορθήσεις
3466 2110 3791 2184 προθεωρήσας

2282 2208 2377 2263 τοῦ
2398 2209 2585 2275 τόπου,
2622 2211 2719 2280 τήν
2746 2226 2805 2262 τε
2834 2207 3102 2279 προτέραν
3122 2206 3223 2277 τὴν
3247 2206 3355 2259 ὑπὸ
3378 2202 3697 2256 Βαϐυλωνίων
3720 2215 3788 2266 γε·

2282 2302 2513 2374 νομένην
2538 2342 2554 2367 ,
2606 2301 2700 2355 καὶ
2725 2300 2821 2371 τὴν
2851 2299 3106 2371 δευτέραν
3136 2298 3237 2369 τὴν
3266 2296 3371 2351 ὑπὸ
3409 2294 3691 2364 Ῥωμαίων·
3718 2290 3790 2359 τὴν

2284 2396 2382 2465 μὲν
2403 2393 2625 2465 πρώτην
2650 2392 2739 2446 διὰ
2777 2390 2869 2445 τοῦ
2894 2391 2968 2444 οθ¹
3015 2388 3229 2462 ψαλμοῦ
3266 2389 3513 2460 σημαίνει
3533 2379 3787 2439 καὶδιὰτοῦ

2281 2485 2400 2553 π6’,
2430 2485 2527 2557 τὴν
2559 2486 2615 2539 δὲ
2631 2484 2865 2555 ὑστάτην
2890 2482 2976 2537 διὰ
3002 2485 3100 2554 τῆς
3123 2481 3264 2553 μετὰ
3292 2484 3477 2553 χεῖρας
3497 2476 3786 2551 προφητείας.

2278 2573 2346 2651 ἦς
2372 2578 2676 2649 ἀπάρχεται
2710 2577 2881 2645 λέγων
2905 2594 2918 2607 ’
2966 2576 3140 2630 Ἰνατί
3158 2617 3173 2642 ,
3225 2578 3259 2629 ὁ
3308 2575 3483 2639 Θεὸς,
3518 2571 3704 2626 ἀπώσω
3726 2569 3788 2666 είς

2278 2669 2483 2735 τέλος,
2511 2668 2769 2736 ὠργίσθη
2801 2671 2835 2721 ὁ
2873 2668 3057 2737 θυμός
3097 2682 3213 2721 σου
3244 2666 3345 2720 ἐπὶ
3376 2665 3621 2734 πρόϐατα
3643 2665 3788 2727 νομης

2279 2774 2431 2823 σ’ουὶ
2474 2760 2637 2823 Τέλος
2668 2759 2776 2833 γὰρ
2809 2760 2987 2823 αὐτοῖς
3023 2757 3320 2822 παντελοῦς
3350 2753 3683 2814 ἀποπτὼσεως
3706 2748 3785 2801 οὐδ’

2277 2852 2462 2906 ἄλλοτε
2492 2854 2734 2920 γέγονεν,
2765 2853 2799 2923 ἢ
2830 2853 2917 2905 ὅτε
2944 2854 2971 2905 ὁ
2998 2852 3186 2923 Σωτὴρ
3213 2852 3311 2905 καὶ⁸
3342 2849 3537 2919 Κύριος
3563 2843 3693 2915 ἡμῶν
3713 2839 3784 2911 τὴν

2276 2948 2395 3001 κατ’
2418 2946 2594 2999 αὐτῶν
2625 2944 2955 3015 ἐξηνέγκατο
2986 2945 3259 3013 ἀπόφασιν
3288 2941 3452 2997 εἰπών
3470 2958 3483 2971 ’
3523 2937 3648 2993 Ἰδοὺ
3669 2936 3785 3001 ἀξιῶ

2274 3056 2368 3094 ται
2390 3038 2530 3108 ὑμῖν
2558 3042 2590 3092 d
2615 3033 2779 3104 οἶκος
2809 3036 2977 3107 ὑμῶν
3007 3038 3243 3106 ἕρημος.
3299 3029 3394 3099 Οἷς
3422 3030 3692 3089 ἀκολούθως
3718 3022 3785 3077 καὶ

2272 3134 2301 3185 6
2329 3131 2468 3202 ἱερὸς
2497 3130 2811 3195 Ἀπόστολος
2848 3130 2983 3201 μετὰ
3009 3131 3107 3201 τὴν
3130 3129 3238 3181 τῶν
3271 3127 3593 3199 πραγμάτων
3617 3118 3784 3173 ἔκϐασιν

2276 3222 2502 3293 γράφων
2527 3221 2657 3292 περὶ
2683 3221 2862 3275 αὐτῶν
2884 3220 3065 3290 ἐλεγεν
3089 3237 3102 3249 ·
3142 3221 3411 3288 "Eponae
3434 3215 3497 3269 δὲ
3513 3215 3596 3267 ἐπ’
3616 3207 3784 3269 αὐτοὺς

2201 3273 2245 3332 C
2514 3273 2818 3380 elotétloc.
2875 3273 2994 3366 Καὶ.
3010 3311 3152 3365 κατὰ
3377 3310 3430 3363 δὲ
3460 3307 3524 3361 τὰ
3551 3304 3657 3371 ἑξῆς
3685 3315 3783 3367 συμ-

2278 3407 2448 3461 ϐάντα
2488 3406 2567 3476 τῷ
2608 3406 2760 3477 τόπῳ
2802 3407 2895 3459 ἐπὶ
2933 3406 3032 3475 τῆς
3066 3404 3173 3457 τῶν
3211 3402 3497 3474 Ῥωμαίων
3531 3392 3781 3463 πολιορκίας

2275 3498 2600 3570 παρίστησιν
2626 3500 2654 3552 6
2690 3496 2878 3569 παρὼν
2906 3498 3209 3568 προφήτης,
3245 3496 3304 3548 ἐν
3328 3490 3407 3557 οἷς
3430 3504 3603 3562 φησιν·
3639 3480 3783 3581 QC.“

2275 3590 2475 3660 δρυμῷ
2504 3590 2705 3654 ξύλων
2753 3590 2988 3654 ἀξίναις
3024 3588 3262 3656 ἔκοψαν
3293 3587 3398 3651 τὰς
3431 3584 3597 3649 θιίοας
3620 3578 3780 3638 αὐτῆς.

2275 3684 2431 3754 δῆλον
2452 3684 2497 3736 δ’
2519 3684 2600 3736 ὅτι
2628 3683 2724 3754 τῆς
2752 3680 3123 3752 Ἰερουσαλὴμ,
3151 3679 3251 3732 ἐπὶ
3267 3678 3335 3732 τό
3353 3675 3512 3738 αὐτὸ,
3540 3672 3599 3725 ἐν
3617 3666 3780 3721 πέλυκι

2275 3776 2374 3830 καὶ
2412 3774 2783 3842 λαξευτηρίῳ
2812 3771 3178 3840 κατέρῤαξαν
3198 3768 3410 3834 αὐτὴν.
3455 3760 3781 3825 Ἐνεπύρισαν

2273 3866 2342 3918 ἐν
2364 3865 2504 3932 πυρὶ
2532 3865 2598 3917 τὸ
2620 3862 3008 3933 ἀγιαστήριόν
3030 3876 3167 3927 σου,
3192 3863 3280 3924 εὶς
3298 3859 3411 3927 τὴν
3432 3855 3539 3926 γῆν
3556 3847 3780 3913 £6366“)-

2275 3972 2397 4010 σαν
2418 3957 2480 4009 τὸ
2501 3955 2789 4025 σκήνωμα
2813 3953 2917 4007 τοῦ
2945 3954 3235 4021 ὀνόματός
3257 3969 3392 4006 σου.
3433 3950 3491 4002 Εἰ
3514 3947 3565 4000 δέ
3582 3943 3702 4008 λέγοι
3718 3950 3777 3994 τις

2273 4048 2446 4102 ταῦτα
2480 4048 2574 4101 καὶ
2607 4047 2697 4099 ἐπὶ
2724 4045 2832 4099 τῶν
2860 4046 3063 4115 χρόνων
3096 4043 3205 4096 τῶν
3238 4038 3579 4097 Βαϐυλωνίων
3613 4026 3778 4128 γεγονέ-

2273 4158 2383 4203 ναι,
2414 4137 2739 4211 προσεκτέον
2760 4139 2872 4200 τοῖς
2895 4136 3042 4207 ἐξῆς,
3073 4136 3138 4189 δι’
3159 4129 3234 4190 ὧν
3256 4136 3496 4207 εἴρηται·
3531 4129 3596 4183 Τὰ
3613 4132 3775 4211 οήμδτίξι

2273 4231 2441 4300 ἡμῶν
2460 4206 2575 4285 ⁷οὐκ
2602 4229 2859 4297 εἴδομεν,
2885 4229 2994 4281 οὐκ
3015 4228 3187 4281 ἔστιν
3210 4226 3300 4279 ἔτι
3314 4206 3623 4294 προφήτης,
3643 4212 3714 4265 καλ
3734 4206 3777 4270 ἦ-

2268 4322 2388 4393 μᾶς
2418 4325 2489 4377 οὐ
2518 4321 2807 4391 γνώσεται
2831 4320 2939 4374 ἔτι.
2989 4322 3197 4391 Σημεῖα
3227 4320 3335 4391 γὰρ
3365 4315 3429 4389 ἦν
3462 4314 3546 4368 τοῦ
3582 4309 3655 4363 τὸν
3680 4300 3775 4354 Θεὸν

2274 4417 2474 4486 ἐφορᾷν
2501 4415 2592 4468 καὶ
2614 4416 2929 4467 ἐπισκοπεῖν
2960 4411 3019 4465 τὸ
3052 4411 3319 4464 Ἰουδαίων
3342 4409 3485 4467 ἔθνος
3502 4404 3555 4456 τὸ
3576 4395 3775 4468 παρέχειν

2273 4509 2455 4570 αὐτοῖς
2469 4506 2753 4578 προφήτας
2770 4523 2781 4535 ·
2805 4505 2925 4557 ἐπεὶ
2944 4505 3036 4557 καὶ
3049 4505 3137 4557 ὅτε
3154 4502 3337 4565 κακῶς
3353 4502 3617 4571 ἔπραττον,
3632 4488 3772 4549 ὥσπερ

593 4603 853 4660 magnum
902 4590 992 4646 Dei
1038 4593 1358 4663 prophetam
1400 4594 1693 4650 Jeremiam
1746 4598 2078 4664 habuerunt,
2116 4612 2170 4656 et

2201 4615 2245 4669 Ῑ)
2278 4600 2491 4669 ἰατροὺς
2524 4599 2616 4652 καὶ
2652 4598 2901 4669 σωτῆρας
2946 4598 3127 4659 αὐτοῖς
3170 4597 3296 4659 τοὺς
3322 4595 3585 4666 προφήτας
3609 4580 3773 4669 ἐφίστηί

594 4678 846 4747 Baruch;
891 4686 1024 4754 quin
1062 4686 1241 4739 etiam.
1262 4688 1460 4742 mulier
1502 4690 1749 4758 quaedam
1776 4692 1997 4746 nomine
2034 4692 2170 4748 Olda

590 4773 785 4827 eodem
827 4783 1073 4846 tempore
1103 4778 1469 4848 prophetavit.
1506 4780 1562 4834 ln
1597 4785 1714 4850 ipsa
1746 4799 1965 4853 quoque
1995 4784 2138 4854 Baby

592 4866 867 4919 loniorum
900 4869 1124 4937 regione
1156 4872 1386 4924 aderant
1424 4871 1560 4941 ipsis
1591 4872 1843 4928 Ezechiel
1874 4882 1925 4928 et
1954 4874 2162 4933 Daniel.

588 4958 836 5024 praeclari
867 4974 929 5010 ac
979 4962 1264 5029 conspicui
1298 4963 1593 5032 prophetae.
1648 4962 1887 5032 Postque
1934 4965 2168 5019 reditum

588 5062 655 5098 ex
687 5047 1028 5114 captivitate,
1061 5053 1401 5119 teu'iporibus
1417 5052 1543 5121 Cyri
1573 5060 1629 5106 et
1666 5052 1833 5117 Darii,
1874 5053 2171 5109 Zacharias

587 5146 641 5190 et
692 5138 924 5207 Aggazus
978 5141 1253 5208 propheta:
1302 5144 1414 5195 noti
1451 5151 1629 5198 erant.
1674 5142 1958 5208 Quomodo
2006 5145 2171 5213 igitur

588 5229 698 5285 illis
721 5230 1060 5299 temporibus
1093 5233 1269 5300 aptari
1301 5233 1475 5301 possit
1505 5235 1617 5287 haec
1651 5236 1955 5304 prophetia,
2000 5235 2168 5305 Signa

586 5334 769 5377 nostra
794 5341 895 5376 non
926 5324 1175 5389 vidimus,
1199 5336 1247 5379 et
1268 5326 1386 5394 jam
1424 5344 1528 5380 non
1557 5337 1635 5380 est
1667 5330 1941 5397 prop/tela,
1979 5339 2028 5382 el
2072 5346 2165 5383 nos

586 5432 692 5470 non
731 5426 1004 5485 cognoscet
1042 5416 1313 5483 amplius?
1347 5416 1547 5471 Verum
1592 5418 1707 5471 haec
1764 5418 1923 5473 liuent
1973 5416 2165 5475 sortita

585 5516 716 5561 sunt
764 5514 886 5575 post
920 5506 1223 5560 Salvatoris
1273 5508 1590 5570 adventum,
1624 5516 1678 5562 et
1720 5520 2007 5580 postquam
2051 5526 2165 5563 me-

584 5608 826 5653 moratas
848 5614 1011 5653 voces
1042 5600 1157 5668 ipse
1180 5600 1480 5668 protulerat
1505 5618 1518 5653 :
1546 5615 1652 5653 non
1684 5600 1775 5653 diu
1803 5603 1944 5655 enim
1978 5610 2164 5671 postea

584 5690 951 5759 irrumpentes
981 5690 1210 5745 Romani
1243 5694 1421 5746 locum
1443 5693 1782 5747 deleverunt.
1818 5694 1971 5758 Quod
1996 5695 2161 5748 etiam

658 5846 698 5876 “
739 5845 757 5897 l
790 5846 928 5901 Tim.
967 5863 1038 5905 ll.
1080 5849 1124 5902 l.
1208 5852 1249 5880 ¹²
1288 5848 1422 5905 Luc.
1461 5867 1591 5915 xm,
1628 5850 1711 5905 55.

2272 4689 2427 4741 Οὕτω
2456 4689 2585 4758 γοῦν
2612 4690 2704 4741 ἐπὶ
2726 4690 2821 4758 τῆς
2850 4687 3076 4759 πρώτης
3104 4687 3410 4757 πολιορκίας
3434 4684 3517 4736 τὸν
3547 4676 3773 4767 Pila?

2273 4778 2404 4833 Θεοῦ
2429 4753 2713 4849 π-ροφήτην
2742 4753 2805 4831 Ἰε
2816 4796 2871 4849 ρε
2882 4753 3006 4848 μίαν
3030 4753 3195 4847 εἶχον,
3218 4753 3311 4830 καὶ
3332 4777 3417 4853 τὸν
3440 4767 3653 4841 Βαροὺχ“
3674 4753 3773 4811 ἀλλὰ

2273 4870 2366 4923 καὶ
2398 4871 2534 4939 γυνή
2572 4887 2655 4932 τις
2696 4869 2847 4922 Ὀλδᾶ
2875 4868 3111 4938 τούνομα
3143 4868 3281 4921 κατὰ
3308 4869 3428 4929 τοὺς
3454 4860 3626 4918 αὐτοὺς
3652 4855 3772 4919 ἐπρίν

2273 4964 2470 5032 φήτευε
2496 4962 2717 5031 χρόνους
2740 4978 2751 4992 ’
2780 4963 2837 5013 ὲν
2856 4964 2989 5033 αὐτῇ
3005 4980 3060 5014 τε
3080 4965 3145 5031 τῇ
3172 4958 3510 5014 Βαϐυλωνίων
3527 4950 3658 5023 χώρᾳ
3679 4956 3771 4995 συνο

2280 5053 2345 5122 ἦν
2398 5053 2581 5115 αὐτοῖς
2617 5052 2864 5123 Ἐζεκιὴλ
2894 5054 2987 5105 καὶ
3013 5052 3209 5122 Δανιὴλ
3240 5053 3489 5121 ἐπίσημοι
3520 5043 3600 5096 καὶ
3626 5039 3771 5100 διαφα-

2276 5146 2387 5207 νεῖς
2424 5145 2696 5215 προφῆται
2722 5161 2736 5175 ·
2766 5146 2860 5196 καὶ
2896 5145 3031 5215 μετά
3058 5146 3156 5216 τὴν
3190 5145 3395 5198 ἐκεῖθεν
3418 5135 3643 5194 ἐπάνοδον
3666 5125 3769 5179 κατά

2274 5238 2400 5300 τοὺς
2428 5237 2610 5309 Κύρου
2644 5238 2739 5290 καὶ
2770 5240 2994 5308 Δαρείου
3024 5243 3264 5310 χρόνους,
3298 5234 3552 5307 Ζαχαρίας
3572 5226 3650 5281 καὶ
3681 5221 3768 5282 Ἀῒν

2273 5332 2426 5396 γαῖος
2449 5331 2721 5398 προφῆται
2742 5330 3113 5402 ἐγνωρίζοντο.
3139 5331 3259 5394 Πῶς
3279 5326 3368 5383 οὖν
3388 5324 3487 5380 οἷόν
3505 5340 3555 5375 τε
3570 5316 3626 5389 ἦν
3645 5316 3769 5413 έὲξρέ

2276 5420 2458 5491 μύζειν
2494 5423 2607 5485 τοῖς
2644 5423 2763 5474 τότε
2812 5422 3021 5493 χρόνοις
3068 5423 3163 5494 τήν
3202 5422 3469 5493 παροῦσαν
3500 5411 3767 5501 προφητείξιν

2274 5513 2588 5581 φάσκουσαν
2605 5531 2617 5542 °
2660 5515 2735 5569 Τὰ
2760 5516 2976 5584 σημεῖα
3002 5514 3167 5583 ’ἡμῶν
3189 5517 3299 5567 οὐκ
3324 5511 3559 5601 εἷδῳῖςν’
3582 5497 3657 5552 καὶ

2270 5605 2440 5657 ἔστιν
2470 5604 2555 5657 ἔτι
2586 5604 2896 5673 προφήτης
2923 5647 2936 5668 ,
2974 5605 3071 5659 καὶ
3099 5604 3255 5672 ἡμᾶς
3290 5606 3359 5655 οὺ
3395 5596 3645 5668 γνώσεταί
3672 5589 3762 5655 εῖέέ

2284 5695 2441 5749 Ἀλλὰ
2472 5696 2575 5767 γὰρ
2602 5697 2771 5750 ταῦτα
2800 5698 2983 5761 τέλους
3017 5698 3272 5766 ἐτύγχανε
3300 5694 3429 5765 μετὰ
3452 5688 3537 5758 τὴν
3560 5675 3759 5745 συπῆρί⁰“

1796 5850 1837 5882 ¹³
1878 5849 1896 5903 l
1933 5848 2124 5906 Thess.
2166 5868 2222 5919 ιι,
2266 5852 2342 5908 l6.
