4068 6526
341 391 448 447 855

1440 390 1946 448 COMMENTARIA
1986 390 2054 446 IN
2093 390 2411 448 PSALMOS

3469 381 3579 434 854

342 507 654 577 ΙΙαρουσίαν
685 508 892 572 καὶτὰς
918 508 1304 581 προλεχθείσας
1338 510 1503 565 αὐτοῦ
1537 511 1720 580 φωνὰς
1739 551 1754 576 ,
1791 509 1902 582 μεθ’

2015 510 2132 580 ipse
2160 507 2419 564 Servatur
2444 505 2628 560 futura
2663 501 2974 558 vaticinans
3007 499 3334 571 significavit
3361 513 3456 568 per
3485 514 3582 568 pa-

339 597 404 664 ἃς
450 601 554 654 οὐκ
596 603 676 665 είς
719 602 927 673 μακρὸν
966 603 1284 668 ἐπιστάντες
1325 603 1581 675 Ῥωμαῖοι
1612 602 1703 656 τὸν
1747 604 1912 657 τόπον

341 689 629 758 ἠφάνισαν.
662 692 726 744 Ὃ
746 689 810 761 δὴ
837 691 930 744 καὶ
951 689 1108 755 αὐτὸς
1133 689 1317 762 ἐδήλου
1345 690 1615 756 θεσπίζων
1633 691 1695 742 τὸ
1721 690 1913 762 μέλλον

339 779 368 828 6
389 776 579 848 Σωτὴρ
606 775 693 830 διὰ
721 777 1036 849 παραϐολῆς
1059 779 1157 850 τῆς
1177 777 1350 842 οὕτως
1376 779 1606 850 ἐχούσης
1627 795 1640 809 ·
1681 779 1911 850 Ὡμοιώ-

340 871 412 935 θη
457 868 496 935 ἠ
539 869 824 932 ,ϐασιλεία
867 868 987 922 τῶν
1028 869 1300 938 οὐρανῶν
1324 871 1610 939 ἀνθρώπῳ
1639 870 1907 937 βασιλεῖ,

338 959 507 1026 ὅστις
532 961 780 1029 ἐποίησε
805 961 1029 1031 νόμους
1049 961 1127 1027 τῷ
1151 963 1256 1028 υἱῷ
1274 963 1460 1018 αὐτοῦ
1475 979 1490 994 ·
1519 964 1617 1018 καὶ
1638 963 1912 1033 ἀπέστει-

336 1054 409 1105 .18
430 1051 572 1117 τοὺς
585 1051 802 1106 ἑαυτοῦ
813 1051 1074 1117 δούλους
1085 1052 1336 1107 καλέσαι
1353 1052 1912 1122 τοὺςικεκλημένους

337 1144 422 1208 εἰς
432 1141 574 1208 τοὺς
584 1141 827 1212 γάμουςο
847 1146 899 1196 ol
910 1143 1098 1198 δὲοὺκ
1110 1144 1556 1213 ἤθελονὲλθεῐν.
1573 1145 1766 1199 Πάλιν
1774 1144 1912 1200 ἀπέ-

334 1235 576 1286 στειλεν
593 1234 832 1302 ἐτέρους
850 1251 864 1265 ’
885 1239 939 1290 ol
963 1234 1050 1299 δὲ,
1076 1235 1226 1304 πρὸς
1246 1236 1311 1289 τὸ
1336 1236 1422 1306 μὴ
1447 1234 1699 1304 θελῆσαι
1721 1237 1931 1290 ἁπαν-,

333 1321 538 1392 τῆσαι,
561 1325 647 1378 ἐτι
671 1325 769 1379 καὶ
792 1326 1175 1394 διαλαϐόντες
1202 1326 1343 1394 τοὺς
1373 1327 1632 1394 δούλους
1656 1328 1910 1396 ὕϐρισαν

331 1416 431 1468 καὶ
447 1416 821 1472 ἀπέκτειναν.
841 1413 934 1483 Οἷς
949 1419 1190 1490 ἐπιλέγει
1208 1437 1221 1451 ’
1253 1422 1305 1474 '0
1321 1420 1389 1473 δὲ
1402 1421 1723 1488 βασιλεὺς,
1738 1422 1909 1476 ἀκού-

331 1522 470 1573 σας,
493 1508 776 1579 ὠργίσθη,
800 1511 900 1565 καὶ
920 1512 1161 1582 πέμψας
1178 1513 1251 1567 τὰ
1270 1516 1680 1584 στρατεύματα
1697 1517 1906 1581 αὐτοῦ,

329 1598 609 1655 ἀπώλεσε
631 1602 772 1669 τοὺς
793 1604 996 1673 φονεῖς
1019 1605 1312 1671 ἐκείνους,
1343 1605 1442 1660 καὶ
1466 1605 1581 1675 τὴν
1600 1607 1780 1660 πόλιν
1804 1609 1908 1662 αὐ-

328 1690 452 1744 τῶν
470 1691 787 1762 ἐνέπρησε.
848 1695 1029 1750 Ταῦτα
1051 1699 1080 1750 6
1106 1696 1297 1769 Σωτὴρ
1325 1698 1384 1752 ἐν
1404 1697 1552 1769 αὑτῷ
1576 1697 1653 1769 τῷ
1677 1699 1809 1772 ἱερῷ
1828 1698 1907 1753 ἔτι

326 1783 452 1836 τότε
477 1787 769 1840 συνεστῶτι
803 1789 1212 1860 ἀναγέγραπται
1243 1790 1512 1862 εἰρηκώς·
1545 1790 1582 1844 ὃ.
1610 1794 1705 1846 καὶ
1737 1791 1906 1864 ἐπλη-

2013 603 2258 658 rabolam
2292 602 2454 656 istam
2485 597 2714 654 :Simile
2736 596 2936 668 factum
2967 603 3046 650 est
3083 608 3297 664 regnum
3332 591 3583 646 caelorum

2011 693 2210 746 homini
2237 692 2367 762 regi,
2398 691 2486 760 qui
2516 690 2638 758 fecit
2669 689 2882 757 nuptias
2908 686 3021 756 filio
3047 701 3144 740 suo
3169 693 3255 738 :et
3291 683 3437 736 misit
3468 698 3584 736 ser-

2012 800 2100 839 vos
2140 800 2261 838 suos
2295 791 2352 834 ut
2391 791 2633 836 vocarent
2675 780 2924 834 inuitatos
2959 775 3028 830 ad
3067 775 3279 843 nuptias
3304 788 3324 828 :
3346 770 3428 826 illi
3463 786 3582 827 vero

2011 875 2293 929 noluerunt
2325 874 2516 928 venire.
2557 871 2758 926 Iterum
2787 869 2931 922 misit
2964 867 3104 921 alios‘
3124 866 3245 920 :illi
3287 880 3405 920 vero
3446 878 3585 932 pm-

2013 975 2250 1036 terquam
2283 966 2421 1035 quod
2451 965 2731 1019 noluerunt
2773 964 2966 1027 venire,
2989 963 3149 1015 etiam
3189 969 3369 1029 captos
3409 975 3583 1014 servos

2010 1058 2338 1113 contumeliis
2369 1059 2676 1126 affuerunt,
2709 1065 2760 1108 et
2796 1053 3095 1109 occiderunt
3115 1053 3182 1105 “.
3220 1052 3433 1118 Quibus
3459 1051 3584 1106 sub-

2009 1151 2088 1205 dit
2117 1168 2132 1206 :
2160 1149 2272 1203 Rex
2301 1159 2498 1214 autem,
2520 1147 2762 1213 audiens,
2789 1148 2960 1201 iratus
2985 1154 3082 1210 est,
3107 1154 3177 1211 et,
3195 1144 3374 1198 missis
3391 1142 3587 1197 exerci-

2013 1241 2153 1295 tibus
2196 1241 2308 1295 suis
2328 1280 2343 1304 ,
2368 1239 2596 1309 perdidit
2620 1239 2911 1292 homicidas
2943 1236 3087 1300 illos,
3118 1245 3168 1290 et
3203 1236 3467 1290 civitatem
3493 1249 3582 1287 eo-

2011 1349 2130 1386 rum
2173 1331 2441 1387 succendit
2465 1333 2532 1386 ¹⁸.
2566 1330 2694 1386 Haec
2727 1328 3062 1384 Salvatorem
3114 1328 3170 1382 in
3218 1330 3338 1397 ipso
3381 1325 3583 1395 templo

2009 1424 2188 1480 adhuc
2227 1425 2561 1480 consistente
2590 1423 2794 1477 dixisse
2843 1421 3140 1476 scribitur:
3172 1433 3294 1489 quae
3341 1433 3448 1472 non
3488 1417 3583 1470 diu

2010 1508 2197 1585 postea
2228 1515 2451 1586 impleta
2486 1521 2644 1578 sunt,
2676 1512 3014 1583 Vespasiano
3033 1521 3089 1567 et
3122 1511 3246 1564 Tito
3276 1510 3454 1564 locum
3489 1507 3586 1562 ob-

2009 1605 2315 1662 sidentibus
2343 1625 2358 1662 :
2387 1621 2624 1677 quorum
2654 1615 2895 1673 tempore
2921 1604 3104 1658 nullus
3132 1601 3396 1672 propheta
3438 1598 3580 1669 apud

2009 1695 2133 1750 illos
2172 1694 2350 1752 fuisse
2396 1704 2676 1749 narratur.
2712 1692 3062 1748 Obsidionem
3115 1691 3300 1761 itaque
3339 1703 3581 1758 praesens

2008 1786 2251 1857 psalmus
2300 1785 2572 1857 signiﬁcat
2602 1805 2616 1840 :
2646 1800 2814 1855 quare
2844 1785 2901 1839 in
2942 1782 3211 1854 principio
3255 1781 3428 1836 dicit:
3476 1777 3576 1832 Ut-

329 1874 490 1946 ροῦτο
502 1877 600 1931 οὐκ
621 1879 700 1941 είς
721 1879 950 1950 μακρὸν,
972 1879 1384 1935 Οὐεσπασιανοῦ
1407 1881 1671 1935 καὶΤίτου
1691 1882 1902 1955 πολιορ-

2007 1878 2153 1949 quid,
2201 1877 2366 1944 Deus,
2405 1878 2649 1947 repulisti
2691 1877 2746 1930 in
2787 1876 2986 1946 ﬁnem?
3036 1873 3177 1928 Hinc
3224 1886 3353 1928 vero
3392 1870 3581 1924 mirari

324 1969 614 2040 κησάντων
644 1969 735 2024 τὸν
755 1970 936 2024 τόπον·
970 1971 1092 2025 καθ’
1119 1970 1212 2036 οὓς
1240 1971 1532 2044 προφητῶν
1559 1973 1731 2035 οὐδεὶς
1760 1989 1910 2042 γεγο-

323 2057 436 2122 νὼς
463 2060 753 2130 ἱστορεῖται
776 2061 1027 2131 γενέσθαι
1051 2063 1191 2116 κατὰ
1207 2062 1450 2126 τούτους.
1484 2062 1784 2134 Τοιγαροῦν
1808 2081 1906 2116 πο-

323 2147 574 2220 λιορκίαν
608 2151 638 2203 ό
682 2151 820 2223 μετὰ
852 2155 1040 2224 χεῖρας
1083 2153 1382 2226 παρίστησι
1411 2152 1594 2224 λόγος·
1629 2155 1709 2208 διό
1741 2172 1904 2226 φησιν

320 2239 632 2310 ἀρχόμενος
649 2259 662 2274 ·
689 2243 822 2298 Ἵνα
842 2244 918 2309 τί,
941 2247 974 2299 ό
997 2246 1158 2310 Θεὸς,
1179 2244 1399 2300 ἀπώσω
1415 2247 1504 2312 είς
1524 2243 1727 2313 τέλος;
1750 2248 1905 2300 Ἔστι

318 2323 385 2376 δὲ
412 2326 477 2378 ἐκ
513 2327 717 2382 τούτων
747 2329 846 2400 τὴν
883 2331 1083 2403 ἀρετὴν
1109 2333 1496 2404 ἀποθαυμάσαι
1527 2337 1626 2405 τῆς
1649 2335 1902 2389 θεοπνεύ-

322 2430 454 2466 στου
473 2415 714 2487 Γραφῆς,
740 2417 816 2480 ὡς
839 2418 907 2472 τὰ
929 2422 1159 2491 μακροῖς
1186 2419 1413 2492 ὕστερον
1437 2421 1751 2493 πραχθέντα
1779 2421 1903 2493 χρό-

319 2521 439 2569 νοις
474 2507 781 2578 προγνώσει
833 2508 952 2581 θείᾳ
1007 2511 1322 2583 προείληφε.
1381 2512 1455 2566 Τὸ
1481 2513 1572 2577 δέ,
1620 2515 1818 2579 ’1νατί,
1868 2518 1902 2569 ό

323 2596 506 2662 Θεὸς,
536 2598 756 2653 ἀπώσω
783 2602 869 2667 εἰς
897 2602 1100 2668 τέλος,
1136 2603 1348 2676 εἴρηται
1368 2642 1382 2668 ,
1421 2604 1607 2675 ἐπειδὴ
1643 2605 1900 2670 πολλάκις

318 2688 601 2765 ἀσεϐείαις
634 2692 728 2745 καὶ
761 2693 1162 2764 πλημμελείαις
1186 2697 1249 2749 τὸ
1295 2696 1558 2751 Ἰουδαίων
1585 2697 1738 2762 ἔθνος
1765 2699 1898 2752 ὑπο-

321 2778 522 2834 πίπτον
547 2783 858 2854 παρεδίδοτο
884 2787 996 2850 τοῖς
1020 2785 1316 2857 περιοίκοις
1345 2787 1659 2858 ἀλλοφύλοις
1691 2788 1894 2842 ἔθνεσιο

320 2874 421 2927 καὶ
453 2873 595 2930 ’ποτέ
637 2877 736 2948 μὲν
772 2877 967 2942 αὐτοὺς
994 2878 1280 2933 Μωαϐῖται
1313 2879 1617 2951 ἐχειροῦντο
1639 2921 1653 2944 ,
1686 2882 1814 2934 ποτέ
1843 2881 1899 2934 δέ

335 2964 680 3035 Ἀμμανῖται,
706 2968 799 3021 καὶ
824 2967 1011 3022 ἄλλοτε
1036 2969 1091 3022 δὲ
1118 2969 1456 3040 Μαδιηναῖοι.
1503 2967 1614 3026 Εἶτ’
1644 2971 1897 3042 ἐπιστρέ-

321 3073 443 3124 φων
479 3057 674 3121 αὐτοὺς
717 3058 1088 3130 ἀνελάμϐανεν
1125 3061 1154 3113 6
1198 3061 1358 3126 Θεόςο
1426 3061 1518 3115 καὶ
1559 3061 1696 3132 μετὰ
1724 3063 1897 3116 ταῦτα

317 3144 486 3199 πάλιν
506 3147 952 3218 παρανομοῦντας
968 3149 1252 3219 παρεδίδου
1271 3149 1546 3221 πολεμίοις
1562 3150 1785 3222 ἑτέροις,
1806 3151 1896 3204 κα)⁵

317 3233 481 3301 αὖθις
505 3239 795 3293 ἀνεκτᾶτοο
824 3240 1078 3294 οὐδέποτε
1107 3240 1162 3293 δὲ
1195 3243 1392 3306 αὐτοὺς
1419 3243 1688 3296 ἀπωθεῖτο
1710 3245 1790 3306 είς
1811 3243 1902 3296 τέ-
1928 3231 1970 3290 C

315 3328 413 3392 λος
430 3369 446 3394 ,
489 3331 624 3402 πρὸς
651 3331 856 3403 βραχὺν
887 3332 945 3386 δέ
972 3349 1092 3386 τινα
1119 3333 1308 3405 καιρὸν
1331 3335 1675 3407 ἐπιστρέφων
1704 3334 1896 3406 ἐνῆγεν

316 3422 404 3484 εἰς
434 3422 724 3492 σωτηρίαν.
761 3424 914 3478 Μετὰ
941 3424 998 3477 δὲ
1025 3424 1085 3477 τὸ
1110 3425 1251 3478 κατὰ
1280 3426 1374 3479 τοῦ
1410 3427 1660 3497 Σωτῆρος
1693 3425 1895 3498 τολμη-

317 3515 414 3569 θὲν
443 3515 623 3578 αὐτοῖς
649 3517 780 3584 ἄγος
804 3515 1071 3586 ἔφθασεν
1097 3519 1182 3582 είς
1208 3517 1430 3583 αὐτοὺς
1457 3518 1494 3585 ή
1523 3519 1666 3588 ὀργὴ
1695 3520 1784 3583 εις
1808 3515 1899 3571 τέ-

316 3610 451 3673 λος,
465 3607 604 3661 κατὰ
631 3608 728 3679 τὴν
757 3608 1114 3681 ἀποστολικὴν
1134 3608 1374 3680 Γραφὴν,
1395 3608 1470 3672 ὡς
1490 3608 1550 3673 ἐξ
1570 3609 1773 3663 ἐκείνου
1804 3610 1898 3663 καὶ

315 3700 402 3762 είς
422 3699 578 3769 δεῦρο
597 3699 786 3771 μηκέτ’
807 3702 1010 3772 ἐπᾶραι
1030 3700 1270 3771 κεφαλὴν
1293 3700 1507 3763 αὐτούς.
1541 3702 1606 3753 '0
1621 3701 1685 3772 δὴ
1705 3700 1898 3772 σημαί-

314 3807 486 3843 νουσα
516 3792 548 3859 ή
583 3791 887 3862 προφητεία
944 3791 1139 3862 φησίν’
1201 3791 1393 3856 Ἰνατί,
1421 3795 1454 3846 ὁ
1475 3792 1611 3857 Θεὸς
1635 3831 1651 3855 ,
1679 3792 1898 3846 ἀπώσω

313 3883 408 3945 είς
437 3880 646 3946 τέλος;
669 3883 1102 3953 Σεσιωπημένως
1133 3883 1189 3936 δὲ
1211 3885 1238 3936 ό
1266 3883 1424 3952 λόγος
1451 3883 1538 3936 διὰ
1561 3883 1660 3955 τῆς
1688 3885 1897 3956 ἐρωτή-

317 3989 458 4036 σεως
475 3973 692 4044 ᾐνίξατο
715 3974 812 4045 τὴν
827 3975 964 4028 κατὰ
980 3975 1070 4028 τοῦ
1087 3976 1339 4046 Σωτῆρος
1361 3977 1393 4045 ἡ
1401 3974 1516 4045 μῶν
1537 3974 1753 4047 πρᾶξιν,
1779 3975 1896 4047 μεθ’

313 4065 386 4135 ἢν
417 4066 513 4118 καί
536 4066 617 4129 εἰς
643 4066 795 4130 τέλος
815 4066 1218 4139 ἀπεϐλήθησαν.
1253 4066 1419 4120 Τοῦτο
1446 4067 1502 4119 δέ
1531 4067 1623 4120 καὶ
1654 4069 1681 4120 6
1707 4067 1898 4138 Σωτὴρ

313 4158 481 4223 αὐτὸς
511 4159 746 4230 παρίστη
777 4159 979 4228 λέγων’
1016 4159 1282 4225 Ποσάκις
1309 4159 1582 4228 ἠθέλησα
1606 4161 1896 4214 ἐπισυνα-

313 4252 520 4322 γαγεῖν
548 4252 621 4306 τὰ
662 4253 842 4307 τέκνα
881 4268 997 4308 σου
1021 4293 1036 4318 ,
1071 4252 1142 4307 ὃν
1167 4253 1389 4322 τρόπον
1415 4253 1578 4321 ὄρνις
1611 4252 1900 4307 ἐπισυνά-

312 4362 406 4414 γει
436 4345 506 4399 τὰ
531 4348 754 4399 νοσσία
784 4344 902 4399 ὑπὸ
930 4346 1036 4410 τὰς
1063 4347 1378 4414 πτέρυγας,
1416 4347 1514 4401 καὶ
1536 4347 1646 4399 οὐκ
1680 4344 1896 4414 ἠθελή-

312 4452 498 4500 σατε;
533 4437 688 4492 Ἰδοὺ
718 4438 948 4506 ἀφίεται
971 4436 1114 4505 ὑμῖν
1133 4439 1165 4490 ὀ
1185 4436 1349 4503 οἶκος
1367 4435 1533 4507 ὑμῶν
1552 4437 1791 4505 ἕρημος.
1825 4437 1899 4490 Τὸ

313 4527 455 4602 γὰρ,
484 4530 749 4596 Ποσάκις
777 4529 1068 4598 ἠθέλησα,
1093 4528 1242 4600 δηλοῖ
1269 4529 1370 4600 τὴν
1393 4527 1587 4600 μακρῷ
1607 4529 1784 4600 χρόνῳ
1815 4530 1900 4582 ἐν-

2014 1970 2162 2026 subit
2188 1969 2454 2025 divinitus
2501 1969 2779 2039 inspirata:
2833 1967 3129 2036 Scriptura:
3157 1964 3435 2026 virtutem,
3462 1977 3585 2032 qua:

2012 2061 2288 2117 diuturnis
2315 2068 2504 2130 postea
2533 2059 2872 2129 temporibus
2895 2063 3048 2128 gesta
3085 2054 3268 2110 divina
3294 2052 3584 2124 prmscien-

2015 2154 2088 2208 tia
2122 2153 2436 2208 antevertit.
2465 2150 2605 2206 Illud
2644 2158 2848 2211 autem,
2913 2146 3130 2220 (liquid,
3158 2146 3318 2208 Deus.
3343 2144 3582 2213 repulisti

2015 2245 2068 2298 in
2097 2245 2277 2313 ﬁnem,
2297 2241 2506 2298 dictum
2538 2251 2646 2306 est,
2683 2243 2809 2310 quia
2834 2238 3061 2295 Judaica
3094 2253 3229 2308 gens
3257 2237 3316 2291 in
3335 2235 3585 2305 impieta-

2012 2344 2095 2392 tes
2141 2344 2197 2391 et
2250 2335 2307 2389 in
2365 2334 2576 2391 scelera
2622 2332 2906 2394 decidens,
2965 2329 3213 2384 finitimis
3261 2326 3582 2396 alienigenis

2007 2424 2265 2496 gentibus
2305 2423 2450 2478 tradi
2490 2422 2736 2489 solebat;
2775 2428 2832 2475 et
2868 2419 3030 2474 modo
3067 2418 3288 2488 quidem
3333 2415 3583 2470 Moabita:

2009 2515 2334 2585 subigebant
2367 2513 2537 2578 illam,
2567 2511 2727 2566 modo
2748 2509 3094 2572 Ammonitai,
3130 2506 3293 2562 modo
3316 2504 3581 2558 Madiani-

2009 2613 2096 2663 tae.
2129 2604 2333 2660 Deinde
2372 2610 2555 2659 autem
2590 2602 2658 2657 ad
2689 2601 2899 2671 frugem
2942 2614 3206 2655 revocans
3236 2597 3402 2658 Deus,
3443 2594 3582 2664 ipsis

2007 2697 2488 2767 patrocinabatur;
2531 2693 2766 2751 subinde
2814 2684 2944 2748 vero
2980 2692 3402 2764 przevaricantes
3457 2686 3580 2740 aliis

2007 2789 2247 2844 inimicis
2278 2787 2548 2852 tradebat,
2599 2802 2663 2841 ac
2710 2801 2906 2840 rursus
2950 2785 3005 2837 in
3038 2782 3329 2853 pristinum
3373 2785 3580 2833 statum

2006 2881 2332 2936 restituebat
2360 2899 2374 2934 :
2398 2887 2452 2935 et
2484 2892 2763 2946 nunquam
2798 2878 2852 2929 in
2888 2875 3049 2928 linem
3080 2888 3256 2942 usque
3284 2869 3579 2939 abjiciebat

2006 2973 2152 3036 illos,
2179 2972 2273 3027 sed
2309 2972 2457 3027 brevi
2491 2980 2617 3041 post
2647 2977 2894 3038 tempore
2919 2970 2974 3021 in
3006 2967 3235 3022 salutem
3265 2961 3574 3018 revocabat.

2005 3062 2074 3116 At
2110 3070 2232 3133 post
2262 3069 2535 3132 patratum
2573 3062 2642 3116 ab
2678 3061 2760 3115 eis
2788 3066 2982 3113 contra
3017 3056 3362 3110 Servatorem
3411 3067 3572 3106 exsc—

2005 3152 2269 3208 crandum
2295 3151 2529 3217 facinus,
2559 3150 2784 3218 pervenit
2813 3147 2880 3202 ad
2912 3165 2999 3202 eos
3029 3148 3114 3200 ira
3141 3146 3193 3198 in
3223 3147 3379 3214 finem
3402 3143 3467 3206 ‘°,
3501 3157 3580 3196 sc-

2004 3245 2245 3300 cunduni
2276 3243 2631 3314 apostolicam
2667 3243 3040 3311 Scripturam;
3075 3239 3146 3292 ita
3175 3246 3233 3291 ut
3264 3242 3388 3306 post
3426 3233 3574 3287 illam

2005 3336 2373 3390 calamitatem
2421 3350 2531 3390 non
2570 3335 2836 3388 hactenus
2883 3339 3047 3402 caput
3091 3330 3406 3386 extulerint.
3447 3325 3579 3392 Quae

2007 3427 2320 3496 signiﬁcans
2349 3425 2632 3496 prophetia
2667 3423 2798 3478 dicit
2830 3443 2842 3478 :
2875 3421 3095 3491 thuid,
3145 3421 3306 3484 Deus,
3341 3415 3580 3486 repuliin

2006 3522 2061 3574 in
2099 3521 2297 3590 ﬁnem?
2326 3517 2431 3574 Per
2474 3517 2958 3588 interrogationem
3001 3529 3132 3568 vero
3179 3512 3480 3566 admissum
3524 3509 3580 3562 in

2008 3610 2352 3665 Servatorem
2410 3618 2660 3664 nostrmn
2719 3606 2930 3661 facinus
2987 3604 3411 3665 subindicatur,
3468 3614 3580 3669 quo

2005 3711 2230 3774 peracto
2253 3702 2307 3755 in
2340 3700 2500 3754 linem
2541 3699 2740 3768 abjecti
2772 3707 2918 3753 sunt.
2956 3697 3012 3751 ld
3044 3711 3176 3751 sane
3210 3695 3327 3763 ipse
3359 3707 3580 3762 quoque

2009 3793 2266 3850 Servator
2301 3793 2543 3848 declarat
2577 3791 2804 3845 dicens:
2839 3790 3053 3856 Quoties
3086 3788 3227 3842 volui
3268 3801 3582 3856 congregare

2007 3887 2149 3956 filios
2183 3896 2322 3950 tuos,
2365 3881 2808 3954 quemadmodum
2855 3880 3060 3951 gallina
3097 3887 3376 3949 congregat
3405 3876 3581 3945 pullos

2007 3996 2132 4034 suos
2174 3978 2270 4034 sub
2319 3977 2459 4040 alas,
2503 3983 2553 4029 et
2607 3974 2893 4029 noluistis?
2926 3971 3055 4026 Ecce
3087 3972 3410 4041 relinquetur
3438 3969 3579 4023 vobis

2005 4073 2192 4124 domus
2235 4079 2408 4124 vestra
2448 4067 2656 4123 deserta
2683 4067 2745 4122 ¹⁷,
2778 4064 2913 4118 illud
2954 4065 3122 4122 enim.
3153 4063 3368 4128 Quoties
3415 4063 3579 4128 volui,

2008 4164 2212 4218 indicat
2265 4161 2609 4216 tolerantiam
2652 4159 2798 4211 illam
2847 4156 3109 4210 diuturno
3155 4163 3401 4223 tempore
3444 4154 3582 4224 ipsis

2006 4254 2336 4320 exhibitam;
2388 4251 2523 4306 illud
2555 4265 2706 4314 vero,
2746 4258 2796 4304 et
2841 4248 3109 4311 noluistis,
3145 4252 3476 4316 postremam
3511 4241 3581 4296 il-

2007 4344 2182 4397 lorum
2216 4341 2577 4413 abjectionem
2603 4340 2894 4411 significat,
2917 4339 3136 4410 quando
3168 4338 3342 4392 iratus
3379 4343 3462 4391 est
3492 4333 3580 4388 fu-

2007 4453 2099 4492 ror
2147 4437 2268 4507 ejus
2295 4451 2460 4506 super
2502 4435 2625 4490 illas
2655 4449 2778 4504 quae
2819 4433 2948 4486 olim
2999 4438 3157 4488 erant
3201 4446 3331 4485 oves
3365 4443 3582 4498 pascua:

2006 4530 2145 4596 ejus.
2160 4529 2366 4584 Deinde
2382 4544 2509 4584 vero
2532 4528 2858 4598 supplicatio
2881 4526 3150 4582 emittitur
3170 4524 3257 4580 his
3285 4523 3467 4577 verbis
3492 4541 3583 4575 :—

310 4588 560 4676 δοθεῖσαν
593 4588 774 4686 αὐτοῖς
794 4588 1200 4693 μακροθυμίαν’
1233 4620 1293 4675 τὸ
1318 4588 1524 4684 δέξκαί
1681 4588 1897 4688 ἠθελή-

2007 4588 2148 4677 V-sns
2191 4622 2245 4675 2.
2278 4621 2483 4676 Mentor
2509 4588 2618 4675 esid
2640 4588 2943 4691 -Synagogrc
2968 4627 3092 4681 tuas,
3121 4632 3282 4682 quam
3302 4613 3581 4682 possedisti

312 4728 464 4766 σατε
483 4752 498 4776 ,
545 4711 949 4785 παραστατικὸν
982 4712 1047 4766 ἂν
1079 4713 1286 4781 γένοιτο
1315 4712 1412 4782 τῆς
1445 4713 1680 4783 ὑστάτης
1717 4711 1894 4767 αὐτῶν

313 4801 612 4872 ἀποϐολῆς,
635 4803 723 4855 ὅτε
745 4804 838 4854 καὶ
865 4802 1108 4874 ὠργίσθη
1139 4803 1168 4854 6
1196 4803 1366 4872 θυμὸς
1391 4801 1554 4854 αὐτοῦ
1579 4803 1671 4855 ἐπὶ
1697 4801 1768 4855 τὰ
1790 4802 1895 4855 πά-

311 4895 405 4948 λαι
434 4895 701 4964 γενόμενα
728 4893 976 4965 πρόϐατα
1004 4893 1173 4964 νομῆς
1202 4891 1385 4945 αὐτοῦ.
1433 4891 1663 4961 Ἑξῆςδέ
1685 4894 1714 4946 6
1738 4892 1894 4962 λόγος

316 4981 600 5052 ἱκετηρίαν
629 4981 894 5052 προσάγει
915 4980 1089 5048 λέγων
1107 4996 1121 5011 ο
1149 4979 1461 5048 Μνήσθητι
1485 4979 1594 5048 τῆς
1618 4995 1890 5052 συναγω-

312 5073 430 5143 τῆς
473 5089 610 5137 σου,
633 5069 708 5142 ἧς
732 5073 968 5141 ἐκτήσω
994 5073 1096 5126 ἀπ’
1125 5070 1336 5140 ἀρχῆς.
1373 5071 1585 5142 Σφόδρα
1615 5071 1672 5125 δὲ
1698 5073 1897 5127 καταλ-

311 5164 492 5236 λήλως
529 5165 848 5234 συναγωγῆς
877 5163 1250 5235 ἐμνημόνευσε
1269 5201 1284 5228 ,
1320 5163 1414 5216 καὶ
1454 5163 1670 5234 πρῶτον
1711 5166 1895 5236 κτῆμα

311 5256 408 5310 τοῦ
443 5257 578 5310 Θεοῦ
607 5275 774 5329 φησιν
808 5255 977 5328 αὐτὴν
1010 5256 1289 5326 γεγονέναι
1315 5272 1328 5285 ·
1360 5255 1455 5309 ἅτε
1487 5254 1641 5319 εἰδὼς
1672 5257 1767 5310 καὶ
1794 5258 1894 5327 τὴν

316 5348 393 5419 μὴ
421 5348 480 5415 ἐξ
507 5349 698 5420 ἀρχῆς,
721 5348 834 5402 ἀλλ’
866 5347 1090 5418 ὕστερον
1119 5344 1256 5417 μετὰ
1282 5346 1381 5418 τὴν
1402 5347 1720 5400 ἀπόπτωσιν
1747 5350 1891 5403 ἐκεί-

311 5459 411 5512 νης
441 5440 501 5507 ἐξ
543 5440 800 5495 ἁπάντων
841 5439 950 5492 τῶν
986 5439 1154 5493 ἐθνῶν
1189 5439 1498 5493 ὑποστᾶσαν
1540 5440 1886 5514 Ἐκκλησίαν.

314 5526 423 5596 Ἦς
443 5533 538 5586 καὶ
561 5536 618 5587 ἐν
637 5531 845 5604 ἑτέροις
875 5531 1200 5602 μνημονεύει
1219 5532 1390 5601 λέγων
1411 5548 1424 5560 ·
1463 5532 1560 5584 Ἐν
1571 5531 1741 5600 μέσῳ
1773 5535 1894 5588 Ἐκ-

317 5625 578 5690 κλησίας
607 5624 856 5693 ὑμνήσω
883 5639 957 5677 σε
977 5640 992 5654 ο
1030 5623 1121 5676 καὶ
1149 5624 1310 5678 πάλιν
1336 5638 1348 5653 ·
1393 5624 1894 5695 Εὺηγγελισὰιιην

1105 5739 1146 5769 ¹⁵
1187 5738 1316 5793 ibid.
1357 5738 1405 5792 7.

993 5809 1036 5839 ¹⁰
1078 5807 1219 5862 Psal.
1262 5825 1348 5862 XXI
1373 5849 1387 5874 ,
1419 5808 1507 5863 26.

390 5737 432 5768 ¹’⁶
473 5736 664 5792 Matth.
702 5754 847 5799 mi,
879 5737 992 5793 2-6.

319 5810 360 5840 ¹⁹
404 5807 544 5863 Psal.
586 5824 790 5874 xxxix,
829 5810 911 5864 10.

1515 5739 1556 5769 ”
1596 5737 1612 5791 l
1653 5738 1827 5797 Thess
1887 5758 1959 5810 Ii,
2011 5744 2093 5799 16.

2002 4716 2068 4769 ab
2089 4714 2255 4768 initio.
2279 4713 2583 4768 Admodum
2601 4720 2965 4781 congruenter
2987 4707 3328 4779 Synagogam
3347 4720 3581 4783 comme-

2002 4811 2178 4860 morat
2205 4803 2389 4872 aitque
2416 4804 2561 4856 illam
2583 4804 2810 4872 primam
2843 4801 2937 4857 Dei
2955 4799 3358 4871 possessionem
3372 4797 3543 4852 fuisse
3563 4815 3576 4862 ;

2001 4905 2184 4967 utpote
2219 4897 2312 4966 qui
2350 4904 2536 4950 nosset
2579 4894 2906 4960 Ecclesiam,
2945 4910 3012 4948 ex
3042 4892 3296 4948 omnibus
3327 4891 3581 4961 gentibus

1999 4991 2374 5055 constitutam,
2406 5003 2528 5059 quae
2571 5003 2680 5042 non
2711 4989 2781 5042 ab
2819 4988 2998 5053 initio,
3037 4986 3135 5042 sed
3177 4994 3300 5058 post
3333 4983 3580 5055 Synago-

2003 5099 2083 5153 gas
2119 5083 2335 5138 ruinam
2383 5081 2614 5136 exstitit.
2657 5079 2830 5148 Cujus
2874 5078 3134 5134 Ecclesia:
3157 5079 3293 5132 alias
3333 5076 3581 5134 meminit

2000 5170 2230 5226 dicens:
2266 5169 2334 5224 In
2383 5169 2554 5224 medio
2599 5168 2849 5223 Ecclesia:
2899 5167 3129 5221 laudabo
3176 5179 3224 5222 te
3247 5166 3321 5232 ¹⁸;
3357 5173 3411 5220 et
3456 5179 3581 5218 rur-

1998 5277 2095 5317 sus
2125 5279 2138 5315 :
2167 5261 2492 5315 Annuntiavi
2518 5261 2790 5330 justitiam
2819 5260 2873 5313 in
2907 5257 3147 5312 Ecclesia
3192 5273 3386 5326 magna
3405 5257 3484 5318 ¹⁹;
3515 5270 3579 5309 ac

1998 5353 2197 5408 iterum
2222 5370 2234 5405 :
2258 5350 2413 5419 Apud
2437 5361 2486 5405 te
2513 5351 2631 5405 laus
2665 5367 2780 5404 mea
2809 5351 2862 5403 in
2888 5349 3128 5405 Ecclesia
3165 5363 3358 5418 magna
3381 5347 3447 5398 ²⁰.
3481 5343 3578 5399 Vc-

2000 5459 2119 5498 rum
2155 5457 2264 5498 non
2293 5443 2420 5497 talis
2454 5443 2544 5497 illa
2578 5443 2705 5497 olim
2739 5441 3024 5512 Synagoga
3057 5449 3176 5494 erat
3212 5459 3225 5492 :
3261 5438 3349 5490 illa
3375 5437 3578 5506 quippe

2001 5534 2124 5590 ideo
2155 5534 2238 5588 sic
2282 5534 2584 5589 vocabatur
2613 5533 2757 5603 quod
2811 5546 2922 5586 uno
2961 5533 3016 5587 in
3063 5532 3182 5584 loco
3213 5543 3576 5599 congregare-

2001 5637 2120 5694 tur;
2155 5627 2271 5682 lucc
2311 5642 2438 5682 vero
2467 5624 2888 5696 praecellentiam
2923 5623 3205 5677 electionis
3249 5636 3361 5676 sua:
3396 5619 3573 5674 decla-

2191 5743 2229 5775 ¹⁷
2274 5742 2461 5796 Matth.
2510 5759 2680 5807 xxiii,
2717 5741 2783 5796 57
2807 5781 2820 5805 ,
2859 5740 2946 5793 38.
3054 5739 3098 5769 ¹⁸
3133 5737 3273 5792 Psal.
3315 5751 3406 5790 xxi
3430 5775 3444 5801 ,
3480 5735 3570 5791 23.
