4004 6550
243 399 341 457 857

1362 385 1863 457 COMMENTARIA
1902 396 1967 453 lN
2005 395 2342 454 PSALMOS.

3367 400 3475 458 858

244 518 522 584 κύρω-αν,
561 515 693 585 φησι
714 556 728 578 ,
759 514 827 569 ἐν
852 514 992 583 πυρὶ
1023 515 1083 568 τὸ
1112 515 1496 584 ἁγιαστήριόν
1527 530 1675 580 σου,
1712 515 1810 569 καὶ

1916 515 2044 569 tiam
2089 529 2282 569 eorum
2330 528 2451 583 qua:
2499 528 2666 583 supra
2714 513 2863 569 dicta
2924 523 3051 571 sunt
3090 518 3283 586 aperit.
3340 517 3480 584 Quia

244 611 327 674 sic
350 606 467 675 τὴν
499 607 615 677 γῆν
644 607 1025 674 ἐϐεϐήλωσαν
1058 607 1122 659 τὸ
1151 606 1435 676 σκήνωμα
1464 606 1570 659 τοῦ
1597 608 1810 675 ὀνόμα-

245 700 341 765 τός
367 712 505 752 σου.
561 691 712 766 Ἑνῷ
737 698 1075 769 διερμηνεύει
1105 699 1200 768 τὴν
1230 698 1467 751 διάνοιαν
1496 698 1587 750 τοῦ
1614 698 1813 750 ἀνωτέ-

246 808 323 861 ρω
350 789 693 860 λελεγμένου.
738 790 952 854 Ἐπειδὴ
976 788 1084 860 γὰρ
1108 790 1165 842 ὲν
1193 793 1303 853 τοῖς
1333 790 1638 861 ἔμπροσθεν
1664 791 1811 861 εἴρηα

243 899 300 933 το
320 899 334 911 ο
374 884 541 948 Ὄρος
577 879 729 933 Σιὼν·
756 879 929 933 τοῦτο
959 879 991 933 ὃ
1033 881 1501 948 κατεσκήνωσας
1528 883 1595 935 ἐν
1620 875 1808 948 αὐτῷ’

240 975 391 1035 ὅπως
436 972 851 1039 κατεσκήνωσεν
895 972 953 1023 ὲν
987 970 1136 1041 αὐτῷ
1184 972 1434 1039 διασαφεῖ
1463 972 1556 1025 νῦν
1602 975 1810 1043 φήσας·

247 1062 315 1116 Τὸ
344 1062 633 1131 σκήνωμα
664 1062 769 1114 τοῦ
799 1062 1087 1130 ὀνόματός
1119 1077 1234 1116 σου
1259 1080 1271 1093 °
1304 1064 1571 1134 Σκήνωμα
1603 1065 1710 1136 γὰρ
1745 1061 1813 1134 ἦν

240 1153 267 1203 ό
292 1152 452 1215 τόπος
472 1152 571 1204 οὐκ
592 1150 754 1203 αὑτοῦ
779 1149 868 1202 τοῦ
891 1148 1047 1213 Θεοῦ,
1066 1150 1201 1203 ἀλλὰ
1222 1150 1313 1203 τοῦ
1332 1150 1593 1220 ὀνόματος
1615 1150 1779 1203 αὑτοῦ
1795 1168 1807 1179 ·

240 1242 487 1292 Δυσωπεί
516 1240 570 1291 δὲ
600 1241 682 1308 ἐφ’
707 1240 951 1317 ἑκάστῳ,
988 1240 1323 1310 προστιθείς
1386 1240 1474 1292 Ἐν
1503 1239 1652 1309 μέσῳ
1683 1239 1810 1309 γὰρ,

240 1330 396 1399 φησι,
428 1331 527 1400 τῆς
543 1332 735 1402 ἑορτῆς
761 1347 854 1382 σου
885 1330 944 1384 τὸ
971 1330 1322 1401 ἁγιαστήριόν
1354 1348 1445 1383 σου
1473 1331 1566 1383 κα)⁸
1592 1330 1651 1382 τὸ
1684 1330 1813 1400 σκή-

238 1440 397 1493 νωμα
427 1422 527 1474 τοῦ
544 1422 800 1492 ὀνόματός
832 1439 943 1474 σου.
972 1421 1053 1474 Τά
1079 1422 1186 1493 γὰρ
1212 1421 1433 1475 τοιαῦτα
1465 1422 1813 1492 δυσωπητικὰ

235 1510 305 1584 ἦν
339 1515 434 1567 καὶ
479 1512 735 1585 ἐγερτικὰ
771 1513 863 1565 ἐπὶ
898 1512 1175 1584 ἐκδίκησιν
1215 1513 1323 1565 τῶν
1376 1512 1809 1584 τετολμημένων,

234 1606 325 1672 ἐφ’
356 1604 424 1675 ῆν
459 1606 720 1675 παρορμᾷ
757 1604 885 1675 ἑξῆς
918 1604 1089 1673 λέγων
1110 1621 1121 1634 ·
1177 1606 1444 1673 Ἔπαρον
1474 1605 1580 1672 τὰς
1610 1604 1809 1673 χεῖράς

232 1712 355 1749 σου
383 1696 481 1749 ἐπὶ
512 1699 618 1763 τὰς
644 1699 1057 1766 ὑπερηφανίας
1084 1697 1281 1752 αὐτῶν
1309 1701 1395 1764 εἰς
1425 1699 1598 1765 τέλος
1619 1717 1630 1729 ⁸
1669 1701 1810 1755 κατὰ

231 1787 289 1838 δὲ
312 1786 410 1840 τὸν
438 1787 761 1858 Σύμμαχονο
797 1788 865 1841 Τὸ
892 1790 1128 1857 ὕψωμα,
1158 1790 1308 1860 φησὶ,
1333 1790 1449 1869 τῶν
1470 1790 1670 1843 ποδῶν
1693 1808 1812 1845 σου

1912 605 2057 661 enim
2090 604 2242 673 prius
2273 603 2387 658 haec
2419 603 2635 660 locutus
2662 614 2804 672 erat,
2842 604 3075 661 Montem
3104 606 3232 662 Sion
3262 609 3397 662 hunc
3424 609 3482 663 in

1912 711 2011 766 qua
2041 695 2329 758 habitasti;
2375 696 2651 764 quomodo
2686 695 2740 751 in
2786 710 2853 751 eo
2896 697 3222 753 habitaverit
3251 698 3362 767 jam
3396 697 3484 753 de-

1913 785 2086 839 clarat
2120 784 2329 849 dicens,
2356 783 2777 839 Tabernaculum
2808 788 3037 840 nominis
3072 789 3169 840 tui.
3201 786 3483 841 Taberna-

1912 877 2095 931 culum
2126 877 2332 947 quippe
2362 878 2518 934 locus
2552 885 2690 942 erat,
2722 894 2833 933 non
2864 880 3041 949 ipsius
3080 878 3196 943 Dei,
3243 879 3338 935 sed
3382 894 3485 931 no-

1912 969 2078 1023 minis
2109 968 2249 1038 ejus.
2284 970 2345 1021 ln
2390 969 2621 1039 singulis
2655 978 2837 1025 autem
2864 973 3224 1042 conqueritur
3252 971 3484 1040 adjectis

1914 1060 2002 1117 bis
2053 1061 2236 1115 verbis
2275 1079 2288 1113 :
2324 1059 2383 1131 lp
2436 1061 2639 1126 medio,
2697 1061 2896 1131 inquit,
2954 1063 3321 1118 solemnitatis
3378 1069 3486 1117 tua:

1913 1150 2288 1205 sanctuarium
2337 1160 2493 1205 tuum
2537 1159 2592 1206 et
2638 1152 3051 1208 tabernaculum
3093 1154 3333 1226 nominis
3380 1154 3480 1205 tui.

1911 1241 2046 1297 Nam
2080 1242 2164 1296 hae
2197 1242 2555 1312 querimonia:
2595 1250 2725 1298 sunt
2773 1244 2842 1298 ad
2888 1244 3234 1299 excitandam
3272 1242 3483 1297 facinoa

1911 1349 2032 1388 rum
2067 1333 2350 1397 ultionem,
2380 1334 2450 1388 ad
2484 1349 2644 1403 quam
2674 1334 2777 1388 sub
2806 1334 2920 1388 haec
2945 1344 3206 1402 provocat
3247 1333 3436 1387 dicens
3463 1346 3479 1380 :

1910 1426 2051 1480 Leva
2098 1443 2288 1481 manus
2319 1435 2439 1479 tuas
2467 1426 2523 1479 in
2555 1424 2831 1493 superbius
2861 1442 3045 1479 eorum
3076 1427 3131 1478 in
3168 1425 3362 1494 ﬁnem;
3397 1437 3482 1477 sed

1912 1516 2149 1571 cundum
2186 1515 2571 1586 Symmachum
2602 1530 2730 1569 vero
2772 1535 2785 1569 :
2833 1514 3132 1578 Exaltatio,
3168 1515 3266 1577 ait,
3292 1512 3487 1582 pedum

1914 1618 2121 1662 tuorum
2150 1608 2216 1660 de
2249 1606 2419 1661 medio
2443 1607 2657 1661 sublata
2686 1616 2761 1660 est
2788 1607 2856 1659 ad
2882 1608 3180 1661 victoriam.
3212 1604 3487 1660 Exaltatio

1913 1706 2093 1753 autem
2126 1697 2321 1767 pedum
2346 1699 2487 1768 ejus,
2524 1698 2786 1767 templum
2812 1706 2928 1753 erat
2956 1698 3210 1769 precibus
3238 1696 3484 1752 destina-

1912 1798 2049 1844 tum.
2092 1789 2321 1844 Gloriati
2353 1797 2482 1845 sunt
2508 1790 2600 1859 qui
2630 1789 2862 1845 oderunt
2900 1788 3067 1844 Deum
3096 1790 3151 1844 in
3182 1787 3363 1842 medio
3394 1801 3484 1841 so-

228 1878 543 1945 ἡφανίσθη
578 1881 666 1945 είς
697 1880 883 1944 νῖκος.
938 1880 1181 1949 ’Υψωμα
1208 1880 1262 1932 δὲ
1302 1878 1407 1932 τῶν
1439 1881 1610 1933 ποδῶν
1642 1882 1806 1935 αὐτοῦ

1916 1880 2210 1935 lemnitatis
2239 1879 2381 1949 ejus,
2426 1887 2481 1935 et
2519 1882 2716 1936 merito
2742 1880 2983 1950 quidem.
3014 1880 3152 1946 Quia
3188 1880 3333 1933 enim
3379 1877 3494 1948 ipsi,

226 1971 256 2020 ὁ
281 1968 419 2034 νεὼς
447 1966 514 2040 ἦν
544 1971 572 2022 ό
603 1971 909 2041 εὐκτήριος.
966 1972 1425 2043 Ἐνεκαυχήσαντο
1452 1974 1498 2024 οί
1532 1971 1813 2042 μισοῦντες

227 2061 335 2130 τὴν
357 2060 488 2113 Θεὸν
516 2063 573 2112 ὲν
597 2061 744 2130 μέσῳ
769 2062 867 2132 τῆς
900 2062 1093 2132 ἑορτῆς
1116 2062 1277 2115 αὐτοῦ
1309 2064 1551 2126 εἰκότως,
1594 2064 1813 2134 Ἐπειδὴ

225 2150 347 2218 γὰρ
366 2151 518 2203 αὐτοὶ
538 2152 787 2221 πρότεροι
804 2152 895 2205 τὸν
924 2152 1085 2205 τόπον
1110 2154 1380 2216 οἰκοῦντες
1401 2154 1591 2218 ἀθέους
1613 2156 1815 2225 ἤραντο

226 2244 427 2313 χεῖρας
459 2242 596 2295 κατὰ
620 2243 713 2295 τοῦ
744 2243 978 2313 Χριστοῦ
1008 2243 1102 2296 τοῦ
1135 2244 1270 2297 Θεοῦ
1296 2245 1354 2297 ἐν
1389 2245 1539 2316 μέσῳ
1576 2246 1671 2316 τῆς
1695 2248 1814 2317 ἑορ-

224 2335 333 2403 τῆς
356 2332 541 2394 αὑτοῦ,
566 2334 713 2403 βοαῖς
736 2352 791 2387 τε
817 2335 994 2398 ἀθέοις
1024 2336 1116 2388 καὶ
1134 2336 1382 2403 ἐναγέσιν
1407 2338 1725 2408 ἐχρήσαντο,
1752 2339 1809 2390 ἐν

224 2425 371 2494 αὐτῇ
404 2426 468 2493 τῇ
500 2423 591 2475 τοῦ
628 2423 820 2492 Πάσχα
853 2423 1032 2494 ἡμέρᾳ
1063 2424 1123 2476 τὸ
1156 2419 1291 2493 αἷμα
1325 2425 1489 2478 αὑτοῦ
1523 2425 1643 2478 καθ’
1675 2426 1806 2477 ἑαυ-

224 2515 344 2567 τῶν
371 2515 462 2568 καὶ
490 2514 627 2567 κατὰ
651 2515 758 2567 τῶν
791 2515 933 2568 ίδίων
964 2515 1169 2569 τέκνων
1196 2516 1637 2587 ὲξαιτησάμενοι·
1669 2518 1811 2570 είκό-

225 2624 341 2670 τως
380 2608 438 2660 ὲν
484 2606 632 2676 μέσῳ
682 2606 779 2675 τῆς
814 2607 1008 2678 ἑορτῆς
1042 2606 1229 2678 μετῄει
1258 2608 1455 2670 αὐτοὺς
1498 2610 1531 2678 ἡ
1567 2608 1632 2661 ὲκ
1674 2607 1810 2661 Θεοῦ

224 2702 371 2771 ὀργή
393 2716 406 2729 ·
439 2699 514 2762 ὼς
542 2699 635 2771 καὶ
661 2698 852 2767 ἑτέραν
883 2699 1217 2769 προφητείαν
1247 2698 1581 2769 πληροῦσθαι
1607 2701 1687 2764 είς
1714 2701 1811 2753 αὑ-

1915 1974 2076 2043 primi
2102 1974 2282 2028 locum
2310 1972 2632 2036 incolentes,
2668 1973 2723 2025 in
2754 1972 2932 2025 medio
2963 1970 3327 2033 soletnnitatis
3365 1969 3485 2038 ejus

1914 2064 2112 2136 impias
2145 2076 2342 2121 contra
2382 2065 2662 2119 Christum
2696 2063 2791 2116 Dei
2838 2064 3080 2118 extulere
3110 2077 3326 2121 manus,
3368 2060 3485 2114 cla-

1915 2158 2270 2229 moribusque
2308 2156 2491 2226 impiis
2520 2163 2574 2211 et
2606 2154 2833 2210 nefariis
2865 2156 2977 2217 usi,
3008 2156 3060 2208 in
3108 2155 3226 2223 ipso
3264 2151 3487 2206 Pascha:

1914 2249 2001 2303 die
2044 2249 2365 2319 sanguinem
2398 2247 2519 2316 ejus
2554 2262 2719 2317 super
2758 2262 2816 2301 sc
2863 2256 2919 2301 et
2968 2262 3134 2315 super
3170 2246 3311 2299 ﬁlios
3355 2260 3495 2299 suos

1913 2339 2357 2408 expeticrunt“;
2392 2338 2517 2407 jure
2568 2337 2622 2391 in
2655 2336 2834 2391 medio
2874 2335 3237 2389 solemnitatis
3268 2333 3488 2388 invade-

1911 2430 2003 2484 bat
2043 2445 2138 2484 eos
2184 2429 2265 2483 ira
2312 2426 2447 2494 Dei;
2483 2429 2556 2481 ita
2604 2435 2666 2480 ut
2712 2426 2814 2479 alia
2869 2425 3153 2496 pmphetia
3196 2424 3488 2494 impleatur

1910 2537 2016 2591 qua
2048 2522 2114 2576 de
2146 2522 2253 2576 illis
2283 2521 2486 2575 dicitur
2520 2538 2532 2573 :
2564 2517 2629 2571 Et
2664 2528 2964 2572 convertam
3005 2517 3365 2572 solemnitates
3401 2528 3486 2569 υθ-

1910 2622 2049 2667 stras
2104 2614 2161 2667 in
2198 2614 2417 2679 luctum,
2482 2618 2531 2665 et
2582 2609 2913 2665 celebritates
2967 2618 3166 2663 vestras
3222 2608 3277 2661 in
3332 2605 3487 2676 pias:-

1910 2714 2052 2758 ctum
2068 2705 2135 2757 ³⁸.

223 2793 360 2854 τοὺς
384 2832 398 2853 ,
432 2789 498 2842 δι’
538 2786 604 2862 ἦς
636 2789 847 2862 εἴρητο·
886 2790 995 2844 Καὶ
1036 2790 1428 2861 μεταστρέψαι
1458 2792 1564 2857 τὰς
1598 2790 1803 2859 ἑορτὰς
1838 2795 2005 2863 ὑμῶν
2046 2797 2133 2861 εἰς
2178 2793 2396 2860 πένθος
2418 2833 2435 2858 ,
2483 2793 2580 2847 καὶ
2647 2792 2753 2858 τὰς
2781 2791 3141 2860 πανηγύρεις
3180 2787 3344 2859 ὑμῶν
3402 2786 3489 2851 εις

224 2880 475 2950 θρῆνον.

304 2991 503 3048 Εἶπαν
526 2996 597 3049 ἐν
624 2995 695 3063 τῇ
717 2997 929 3064 καρδίᾳ
958 2996 1155 3051 αὐτῶν
1172 3000 1231 3051 αἱ
1261 2998 1600 3068 συγγένειαι
1621 2999 1821 3052 αὐτων

224 3086 331 3139 ἐπὶ
357 3087 420 3139 τὸ
446 3088 594 3140 αὐτό
615 3106 627 3118 ·
650 3088 1135 3155 Καταπαύσωμεν
1165 3088 1271 3153 τὰς
1300 3088 1509 3155 ἑορτὰς
1536 3088 1641 3141 τοῦ
1668 3088 1816 3143 Θεοῦ

1998 2996 2160 3051 Vens.
2186 2995 2238 3057 8,
2258 2996 2311 3050 9.
2336 2994 2591 3048 Dixerunt
2604 3009 2659 3047 ιη
2674 2991 2831 3046 corde
2849 3007 2943 3045 suo
2961 2993 3295 3061 cognationes
3308 3008 3488 3046 eorum

1924 3088 2103 3150 simul,
2122 3087 2398 3152 Quiescere
2411 3087 2673 3156 faciamus
2697 3083 2808 3137 dies
2833 3082 2994 3151 festos
3018 3082 3115 3137 Dei
3132 3090 3339 3137 aterra.
3364 3082 3490 3139 Haec

224 3176 355 3230 ἀπὸ
386 3176 496 3244 τῆς
520 3176 648 3247 γῆς.
712 3178 790 3230 Τὰ
818 3176 1179 3248 προλεχθέντα
1207 3179 1383 3230 πάντα
1410 3177 1659 3231 δυσσεϐεῖ
1687 3196 1812 3231 σκο-

1916 3187 2116 3250 omnia,
2142 3186 2338 3255 inquit,
2353 3184 2518 3246 impio
2538 3183 2772 3237 consilio
2790 3179 2994 3236 inimici
3017 3177 3093 3232 tui
3110 3177 3441 3247 peragebant
3473 3196 3485 3231 :

227 3268 344 3338 πῴ,
365 3270 519 3338 φησι,
547 3268 902 3339 διεπράξαντο
918 3271 966 3320 οἰ
997 3269 1179 3339 ἐχθροί
1204 3286 1295 3321 σου
1316 3286 1329 3299 ⁸
1353 3270 1413 3322 τό
1439 3288 1497 3322 τε
1524 3269 1631 3343 γὰρ
1658 3272 1810 3338 ἁγια-

228 3358 460 3431 στήριόν
497 3376 589 3411 σου
621 3360 965 3431 ἐνεπύρισαν,
999 3360 1092 3413 καὶ¹
1123 3360 1184 3413 τὸ
1215 3362 1476 3432 σκήνωμα
1500 3360 1592 3414 τοῦ
1616 3362 1815 3431 ὀνόμα-

225 3452 324 3514 τός
353 3468 447 3504 σου
478 3452 842 3522 ὲὸεόήλωσαν,
878 3453 970 3505 καὶ
996 3452 1066 3506 τὰ
1095 3453 1255 3505 λοιπὰ
1278 3455 1453 3507 πάντα
1480 3454 1837 3525 τετόλμηκα-α

229 3561 320 3596 σιν
338 3560 350 3572 '
370 3544 470 3596 οὐκ
491 3543 795 3613 ἀνθρώποις
813 3543 1273 3608 ἐπιϐουλεύοντες,
1289 3545 1406 3598 οὐδὲ
1425 3546 1588 3598 τόπον
1607 3546 1817 3616 πολιορ-

228 3638 352 3687 κεῖν
382 3634 701 3706 προθέμενοι
721 3652 733 3664 ⁸
762 3636 843 3687 σοὶ
863 3635 917 3687 δὲ
938 3634 1016 3706 τῷ
1044 3634 1160 3705 Θιῷ
1188 3634 1570 3705 πολεμοῦντες,
1596 3636 1690 3691 καὶ
1714 3636 1813 3699 τὰς

227 3724 430 3795 ἑορτάς
456 3741 547 3776 σου
571 3724 865 3778 καταλῦσαι
890 3724 1098 3776 διανοοῦ
1107 3741 1274 3793 μενοι.
1300 3725 1483 3779 Ταῦτα
1506 3726 1591 3789 δὲ,
1617 3728 1665 3779 εί
1716 3727 1813 3779 καὶ

230 3820 311 3887 μὴ
352 3816 580 3885 στόματι
615 3817 835 3869 ἐλάλουν
855 3857 870 3879 ,
914 3817 1051 3870 ἀλλὰ
1078 3820 1199 3881 ταῖς
1231 3818 1478 3890 καρδίαις
1511 3819 1691 3871 αὐτῶν
1722 3821 1815 3873 καὶ

228 3910 354 3969 ταῖς
376 3906 698 3977 ὲνθυμήσεσι
729 3908 1045 3976 ἐλογίζοντο.
1086 3909 1244 3962 Ἀλλὰ
1270 3909 1391 3961 τότε
1428 3910 1523 3979 μὲν
1556 3912 1604 3962 οἱ
1633 3910 1817 3980 ἐχθροὶ

229 3998 329 4051 τοῦ
361 3997 495 4051 Θεοῦ
526 3998 695 4051 ταῦτα
726 3997 1060 4067 λογιζόμενοι
1096 3998 1186 4050 τὸν
1224 3999 1389 4052 πάλαι
1420 3998 1497 4068 τῷ
1519 3999 1634 4069 Θεῷ
1668 4001 1818 4068 ἀφω-

235 4090 492 4162 ρισμένον
556 4089 710 4142 τόπον
756 4090 1058 4161 καθῄρουν·
1093 4091 1121 4142 ό
1155 4090 1209 4143 δὲ
1256 4091 1426 4161 μέγας
1470 4092 1561 4143 καὶ
1597 4090 1817 4155 δυνατὸς

229 4179 368 4242 Θεὸς
392 4180 501 4232 ἀνθ’
529 4179 645 4243 ἐνὸς
679 4180 888 4233 ἐκείνου
920 4180 1019 4243 τὰς
1059 4181 1152 4234 ἀπ’
1178 4181 1449 4234 ἀνατολῶν
1475 4181 1623 4251 ἡλίου
1656 4182 1817 4253 μέχρι

229 4271 455 4340 δυσμῶν
484 4270 603 4324 καθ’
636 4271 762 4342 ὅλης
789 4272 889 4341 τῆς
920 4274 1245 4345 οἰκουμένης
1277 4272 1568 4342 ἐκκλησίας
1598 4275 1653 4325 ὲν
1686 4276 1818 4327 πᾶσι

232 4362 461 4432 συνίστη
484 4366 592 4425 τοῖς
621 4362 817 4423 ἔθνεσι.
851 4366 960 4417 Καὶ
986 4366 1035 4418 οί
1064 4367 1161 4436 μὲν
1195 4364 1379 4436 ἐχθροί
1402 4383 1517 4429 σου,
1547 4368 1699 4435 φησὶ,
1724 4368 1818 4420 καὶ

232 4453 484 4523 πολέμιοι
529 4454 598 4507 τὰ
652 4455 858 4508 ἑαυτῶν
906 4459 1105 4527 σημεῖα
1142 4456 1341 4527 ἔθηκαν
1378 4458 1436 4511 ἐν
1484 4458 1672 4530 ὑψηλῷ
1726 4460 1819 4512 καὶ

232 4545 529 4614 ἐπισήμοις
552 4543 758 4609 τόποις,
786 4546 912 4615 παρ’
936 4546 1106 4609 αὐτὰς
1134 4546 1233 4609 τὰς
1258 4547 1496 4612 εἰσόδους
1519 4547 1612 4601 τοῦ
1638 4549 1783 4620 ἱεροῦ
1800 4566 1812 4579 ·
1850 4530 1892 4584 Ῑ)

230 4633 309 4697 ὡς
339 4633 405 4687 ἂν
446 4635 641 4700 πάντες
669 4637 716 4688 οἱ
746 4636 964 4700 διιόντες
1003 4637 1172 4709 ὁρῷεν
1209 4637 1388 4690 αὐτῶν
1413 4638 1481 4691 τὰ
1506 4640 1815 4709 νικητήρια·

241 4730 397 4798 ἡμεῖς
429 4727 506 4790 δὲ,
541 4720 615 4779 ὧν
664 4729 727 4779 ὲκ
759 4726 1051 4799 προσώπου
1093 4729 1366 4799 ἰκετήριος
1414 4728 1546 4799 εὐχὴ
1579 4725 1824 4799 ἀναπέμ-

238 4836 423 4881 πεται,
453 4820 527 4873 Τὰ
564 4820 786 4888 σημεῖα
827 4819 996 4888 ’ἡμῶν
1031 4822 1140 4874 οὐκ
1171 4820 1428 4895 εξδομεν.
1473 4820 1594 4883 Πῶς
1629 4820 1685 4873 δὲ
1722 4820 1822 4874 οὐκ

236 4908 450 4978 εἴδομεν
482 4907 636 4978 ἡμῶν
682 4908 747 4961 τὰ
793 4911 1024 4978 σημεῖα,
1062 4910 1174 4961 ἀλλ’
1216 4910 1338 4961 ἐπεὶ
1383 4913 1493 4962 οὐκ
1528 4908 1699 4961 ἔστιν
1735 4910 1823 4962 ἔτι

236 4997 568 5069 προφήτης,
601 4999 697 5051 καὶ
742 5000 899 5067 ἡμᾶς
940 5001 1011 5053 οὺ
1044 5003 1333 5069 γνώσεται
1362 5001 1485 5063 ἔτι;
1516 5000 1690 5054 Πάλαι
1724 5000 1822 5069 μὲν

236 5090 350 5161 γὰρ
381 5090 501 5142 καθ’
539 5090 766 5143 ’ἑκαστον
801 5092 989 5161 καιρὸν
1036 5092 1128 5143 καὶ
1166 5092 1308 5143 κατὰ
1339 5090 1529 5161 γενεὰς
1559 5091 1652 5143 καὶ
1682 5089 1821 5144 κατὰ

233 5179 487 5250 διαδοχὰς
525 5180 630 5232 τῶν
672 5180 953 5253 ἡμετέρων
986 5182 1254 5253 πατέρων,
1285 5182 1558 5253 προφῆται
1588 5181 1821 5251 συνῆσαν

239 5273 422 5336 αὐτοῖς
436 5273 907 5343 πολιορκουμένοις
935 5274 1025 5326 καὶ
1042 5277 1120 5337 εἰς
1146 5274 1521 5345 αἰχμαλωσίαν
1544 5274 1823 5341 ἀπαγομέ-

263 5381 382 5426 οιςο
419 5365 553 5435 ὅπερ
581 5361 647 5435 ῆν
691 5364 945 5435 μέγιστον
990 5364 1189 5435 δεῖγμα
1227 5367 1319 5419 καὶ
1363 5367 1585 5435 σημεῖον
1624 5364 1715 5417 τοῦ
1747 5366 1822 5436 μὴ

261 5457 639 5520 ινεπισκόπους
691 5458 889 5520 αὐτοὺς
928 5458 1221 5529 ὑπάρχειν⁹
1264 5461 1297 5528 ἡ
1327 5458 1457 5526 γοῦν
1491 5457 1821 5529 προνοητικὴ

270 5544 348 5599 ῶν
384 5546 519 5599 ὅλων
556 5546 803 5617 δύναμις,
850 5548 1038 5621 ὥσπερ
1075 5550 1288 5619 ἰατροὺς
1327 5552 1384 5602 ὲν
1419 5552 1535 5612 ταῖς
1568 5549 1821 5618 ἐσχάταις

247 5644 544 5712 ςυμφοραίς
597 5642 721 5705 τοὺς
777 5643 1059 5714 προφήτας
1112 5641 1190 5712 τῷ
1229 5644 1348 5695 τότε
1398 5642 1511 5711 λαῷ
1556 5641 1816 5712 καθίστη·

312 5799 356 5833 ⁸⁵
396 5798 587 5859 llatth.
622 5816 764 5856 um
790 5840 803 5864 ,
837 5800 925 5855 25.
1006 5801 1049 5831 ⁷⁸
1088 5798 1252 5853 Amos
1297 5813 1421 5863 vui,
1460 5797 1524 5853 i0

1912 3293 2036 3331 nam
2058 3278 2453 3339 sanctuarium,
2488 3275 2686 3345 inquit,
2723 3282 2876 3327 tuum
2911 3269 3293 3331 incenderunt,
3325 3277 3378 3323 et
3408 3276 3490 3321 ta-

1913 3371 2270 3426 bernaculum
2351 3369 2589 3424 nominis
2640 3366 2720 3421 tui
2804 3364 3204 3436 profanarum,
3266 3370 3490 3414 cauera—

1911 3479 2018 3532 que
2072 3462 2255 3517 omnia
2322 3460 2441 3517 ausi
2496 3468 2669 3522 sunt,
2728 3473 2839 3511 non
2903 3453 3216 3510 hominibus
3258 3450 3491 3506 insidias

1913 3562 2227 3616 struentes,
2286 3568 2396 3607 non
2467 3552 2647 3605 locum
2706 3549 2884 3616 ipsum
2948 3545 3201 3600 obsidere
3279 3550 3488 3597 tantum

1913 3646 1969 3700 in
2028 3645 2209 3698 animo
2270 3644 2574 3704 habentes;
2628 3639 2720 3693 sed
2791 3639 2890 3692 tibi
2948 3636 3059 3690 Deo
3108 3635 3310 3690 bellum
3371 3647 3490 3686 mo-

1912 3744 2123 3800 ventes,
2163 3743 2218 3791 et
2251 3734 2390 3791 festa
2430 3740 2521 3787 tua
2556 3732 2768 3788 solvere
2799 3729 3127 3799 cogitantes.
3161 3725 3289 3780 Hmc
3323 3737 3490 3794 porro

1914 3826 2130 3882 etiamsi
2190 3840 2300 3880 non
2354 3839 2450 3878 ore
2502 3821 2854 3892 proferrent,
2904 3817 2999 3872 sed
3064 3814 3231 3870 corde
3276 3819 3488 3867 mente-

1915 3929 2023 3984 que
2045 3910 2585 3983 eogitabantﬂerum
2618 3909 2695 3963 illi
2732 3908 2825 3963 Dei
2856 3908 3044 3961 hostes
3078 3904 3211 3958 talia
3244 3904 3492 3973 cogitan-

1916 4013 1999 4061 tes
2034 4005 2211 4059 locum
2249 4004 2379 4058 olim
2421 4002 2532 4057 Dco
2562 4001 2803 4055 dicatum
2846 3997 3062 4053 excidio
3092 3994 3437 4049 tradiderunt
3473 4010 3488 4047 :

1917 4112 2149 4166 magnus
2194 4102 2376 4149 autem
2426 4094 2516 4148 ille
2564 4101 2866 4162 potensque
2908 4087 3071 4150 Deus,
3113 4101 3212 4157 pro
3248 4099 3360 4139 uno
3399 4085 3494 4138 illo

1917 4185 2060 4249 loco,
2083 4184 2151 4239 ab
2178 4185 2389 4238 oriente
2412 4183 2527 4237 sole
2560 4196 2734 4250 usque
2766 4178 2835 4234 ad
2867 4192 3124 4234 occasum
3148 4190 3245 4245 per
3272 4172 3496 4229 univer-

1922 4292 2042 4331 sum
2079 4276 2266 4330 orbem
2296 4273 2559 4330 ecclesias
2586 4272 2691 4327 sibi
2727 4287 2822 4341 per
2853 4285 3044 4324 omnes
3076 4276 3266 4338 gentes
3286 4265 3495 4320 consti~

1920 4368 2043 4422 luit.
2091 4367 2158 4420 Et
2207 4382 2336 4421 vero
2376 4364 2607 4430 inimici,
2641 4363 2837 4432 inquit,
2871 4369 2925 4418 et
2971 4362 3156 4415 hostes
3208 4358 3285 4412 tui
3338 4356 3495 4426 signa

1921 4473 2020 4513 sua
2059 4458 2113 4511 in
2164 4456 2273 4511 alto
2308 4462 2363 4510 et
2405 4455 2460 4508 in
2506 4452 2820 4522 conspicuis
2874 4452 3011 4505 locis
3051 4454 3374 4519 posuerunt,
3425 4444 3496 4497 aii

1922 4549 2071 4616 ipsas
2100 4563 2275 4616 usque
2314 4545 2500 4614 templi
2535 4545 2757 4608 valvas,
2798 4551 2859 4596 ut
2889 4556 3081 4595 omnes
3128 4538 3221 4608 qui
3267 4543 3493 4606 praeter-

1923 4639 2097 4703 ibant,
2130 4638 2376 4692 victoriae
2409 4636 2625 4690 illorum
2670 4633 2916 4704 symbola
2948 4630 3360 4699 conspicerent;
3391 4642 3494 4680 nos

1922 4739 2125 4793 autem,
2156 4746 2224 4785 ex
2263 4744 2496 4799 quorum
2522 4742 2754 4797 persona
2788 4724 2966 4779 oratio
3000 4721 3270 4784 funditur,
3325 4716 3494 4788 Signa

1922 4833 2106 4876 nostra
2129 4837 2233 4875 non
2264 4819 2509 4873 vidimus.
2536 4816 2821 4884 Quomodo
2855 4815 3009 4884 signa
3048 4818 3239 4865 nostra
3272 4825 3382 4863 non
3413 4808 3493 4862 vi-

1922 4915 2124 4977 dimus,
2162 4911 2269 4968 nisi
2301 4911 2431 4981 quia
2467 4910 2587 4978 jam
2630 4925 2731 4963 non
2756 4916 2832 4960 est
2864 4904 3135 4974 propheta,
3165 4910 3214 4955 et
3260 4917 3353 4954 nos
3388 4916 3493 4953 non

1923 5012 2195 5075 cognoscet
2234 5002 2506 5075 amplius?
2541 4997 2681 5053 Olim
2710 4996 2929 5067 quidem
2966 4992 3196 5063 singulis
3237 4988 3491 5059 tempori.

1922 5100 2047 5160 bus,
2079 5098 2132 5149 in
2182 5091 2627 5166 generationibus
2681 5097 2735 5144 et
2787 5084 3233 5143 successionibus
3280 5088 3494 5152 patrum

1923 5195 2264 5251 nostrorum,
2297 5184 2574 5254 prophetae
2598 5182 2733 5253 ipsis
2766 5179 3013 5235 obsessis
3035 5185 3091 5233 et
3120 5177 3175 5231 in
3204 5175 3494 5245 captivita-

1925 5285 2033 5333 tem
2065 5278 2205 5331 actis
2233 5276 2461 5330 aderant
2498 5294 2511 5329 :
2539 5274 2684 5344 quod
2720 5273 3016 5327 maximum
3057 5277 3177 5325 erat
3206 5282 3497 5338 argumen-

1924 5377 2037 5422 tum
2082 5376 2136 5424 et
2185 5369 2425 5439 signum,
2458 5382 2554 5421 cos
2598 5381 2707 5419 non
2743 5362 3082 5433 providentia
3113 5361 3369 5415 exclusos
3399 5363 3493 5411 tua

1925 5460 2128 5528 fuisse;
2156 5461 2330 5516 virtus
2357 5460 2501 5515 enim
2542 5459 2632 5512 illa
2661 5456 2930 5511 universis
2965 5452 3276 5524 providens,
3314 5450 3368 5504 in
3398 5462 3499 5504 cx-

1925 5554 2114 5609 tremis
2145 5551 2550 5607 calamitatibus
2601 5550 2895 5620 prophetas
2947 5562 3046 5601 ceu
3094 5543 3334 5598 medicos
3385 5537 3494 5608 ipsi

1924 5647 2051 5703 olim
2086 5646 2284 5718 populo
2313 5643 2679 5699 constituebat
2711 5659 2723 5695 :
2755 5650 2807 5693 ct
2851 5639 2975 5693 hth
3005 5642 3161 5692 erant
3188 5632 3278 5688 Dei
3314 5630 3488 5701 signa.
