4004 6522
568 380 679 439 859

1248 384 1515 443 EUSEBll
1553 384 2028 456 CAESARIENSIS
2066 388 2219 446 OPP.
2262 389 2442 447 PARS
2479 389 2565 447 ΙΙΙ.
2596 421 2667 432 -
2707 388 3117 447 EXEGETICA.
3682 402 3765 461 θαι

573 497 734 554 Nunc
774 506 953 554 autem
997 512 1122 554 cum
1152 501 1424 572 praedicta
1449 500 1505 557 in
1532 517 1635 558 nos
1664 518 1828 574 opere
1851 503 2146 573 perﬁciun-

2249 507 2539 561 καὶταῦτα
2577 502 2647 580 ἧι
2676 507 2772 562 τοῦ
2805 506 2939 561 Θεοῦ
2971 507 3039 562 τά
3073 510 3289 579 σημεῖα.
3324 509 3437 565 Νῦν
3474 511 3525 566 δὲ
3554 516 3624 577 εἰς
3648 519 3764 587 ἡμᾶς

573 597 689 657 tur,
747 590 915 663 Signa
939 601 1123 646 nostra
1148 608 1253 647 non
1282 593 1506 650 vidimus
1533 611 1553 650 :
1582 610 1754 666 quare
1788 596 1910 665 jam
1940 612 2045 651 non
2070 608 2147 652 est

474 722 475 725 η
571 682 846 752 propheta,
888 690 940 738 et
972 698 1068 737 nos
1104 699 1209 737 non
1237 693 1511 755 cognoscet
1537 686 1785 755 amplius.
1810 684 1948 741 Nam
1986 686 2034 741 si
2080 686 2147 742 ad

571 777 737 833 breve
757 776 934 832 solum
954 783 1174 847 tempus
1195 778 1474 849 prophetae
1496 776 1829 833 defecissent
1850 818 1864 841 ,
1891 784 1945 833 et
1960 788 2147 848 postea

568 878 753 923 tamen
802 866 1211 938 apparuissent,
1240 883 1584 940 nequaquam
1632 868 1840 923 dictum
1890 876 2059 933 esset,
2098 877 2147 924 et

569 975 665 1012 nos
722 976 828 1013 non
874 968 1151 1031 cognoscet
1212 961 1459 1030 amplius.
1523 959 1643 1016 Iam
1684 976 1815 1017 vero
1858 961 1986 1030 quia
2025 972 2149 1030 post

566 1049 817 1119 ipsorum
860 1049 914 1105 in
952 1046 1302 1106 Servatorem
1346 1065 1534 1116 ausus,
1571 1051 2008 1121 irrumpentibus
2038 1049 2148 1105 Ro-

567 1141 770 1207 manis,
800 1142 1095 1219 locumque
1136 1159 1168 1198 a
1213 1142 1570 1198 fundamento
1599 1142 1967 1206 diruentibus,
2006 1157 2143 1197 nus-

568 1247 737 1303 quam
778 1233 1059 1305 propheta:
1099 1235 1343 1291 obsessis
1382 1235 1634 1298 aderant,
1705 1233 1802 1290 sed
1849 1248 2028 1303 neque
2061 1249 2148 1289 se-

567 1327 758 1398 quenti
785 1335 1033 1399 tempore
1062 1329 1377 1395 adfuerunt,
1404 1343 1507 1383 nec
1528 1343 1769 1399 unquam
1800 1336 1992 1399 postea
2021 1344 2145 1384 sur—

566 1420 774 1475 recturi
804 1431 966 1490 sunt;
995 1421 1305 1477 admirabili
1335 1420 1497 1475 modo
1531 1421 1820 1491 prophetia
1854 1427 2147 1490 postquam

566 1510 803 1579 (Ixerat,
831 1511 959 1567 lam
998 1530 1102 1567 non
1131 1522 1210 1568 est
1252 1514 1525 1583 propheta,
1551 1513 1781 1579 addidit,
1814 1521 1865 1567 et
1908 1530 2005 1568 nos
2045 1530 2149 1567 non

567 1612 843 1673 cognoscet
876 1604 1128 1675 amplius.
1175 1604 1335 1671 Quod
1389 1619 1524 1660 sane
1564 1620 1674 1659 non
1724 1604 2146 1677 Babyloniorum

566 1700 845 1764 tempore,
879 1709 1056 1765 neque
1099 1693 1375 1765 superiori
1425 1708 1542 1750 aevo
1587 1694 1697 1749 dici
1747 1702 1979 1765 poterat.
2011 1692 2146 1747 Nam

2249 600 2506 670 γινόμενα
2528 600 2618 653 ὅτε
2639 601 2706 654 τά
2728 600 3092 672 προλεχθέντα
3119 601 3184 653 δι’
3204 601 3381 675 ἔργων
3396 607 3567 675 χωρεῖ,
3594 608 3658 661 Τὰ
3675 624 3763 679 οη-

2243 692 2384 763 μεῒα
2412 692 2580 763 ἡμῶν
2605 695 2716 748 οὐκ
2755 693 3024 763 εῑὸομενο
3051 693 3117 747 δι’
3152 694 3181 747 ὃ
3207 697 3319 749 οὐκ
3359 695 3523 750 ἔστιν
3550 696 3628 751 ἔτι
3651 716 3757 769 προ-

2248 784 2464 855 φήτης,
2496 785 2595 839 καί
2624 784 2782 855 ἡμᾶς
2806 788 2878 839 οὐ
2898 784 3187 856 γνώσεται
3208 785 3316 839 ἔτι.
3341 788 3404 840 Εἰ
3430 789 3523 859 μὲν
3544 789 3639 863 γὰρ
3660 792 3766 863 πρὸς

2249 878 2437 950 καιρὸν
2466 878 2668 950 βραχὺν
2694 877 2928 933 διέλιπον
2949 880 2999 932 οἰ
3029 879 3324 950 προφῆται,
3349 876 3462 935 εἶτα
3490 883 3612 952 μετὰ
3630 884 3768 939 ταῦτα

2249 970 2411 1024 πάλιν
2454 970 2830 1040 ἀνεφάνησαν,
2875 971 2977 1024 οὐκ
3021 970 3086 1024 ἂν
3128 971 3368 1039 ἐλέγετο,
3416 974 3509 1026 καί
3549 973 3684 1043 ἡμᾶς
3714 980 3768 1031 οὐ

2250 1062 2536 1131 γνώσεται
2566 1061 2680 1115 su-
2720 1063 2813 1116 νῦν
2841 1062 2898 1116 δὲ
2929 1062 3115 1133 ἐπειδὴ
3156 1063 3296 1134 μετά
3324 1064 3391 1117 τά
3421 1066 3554 1118 κατὰ
3582 1067 3661 1119 τοῦ
3684 1069 3769 1121 Σω-

2247 1155 2415 1226 τῆρος
2443 1155 2780 1225 τολμηθέντα
2809 1156 3011 1220 αὐτοῖς,
3057 1157 3341 1227 Ῥωμαίων
3372 1158 3677 1212 ἐπιστάντων
3700 1162 3771 1214 καὶ

2247 1246 2339 1300 τὸν
2364 1246 2528 1300 τόπον
2556 1248 2619 1301 ὲκ
2646 1247 2861 1320 βάθρων
2895 1249 2992 1320 ὲρη
3002 1249 3317 1318 μωσάντων,
3343 1250 3570 1321 οὐδαμοῦ
3601 1253 3767 1323 προφῆ-

2247 1355 2337 1392 ται
2369 1339 2623 1411 παρῆσαν
2653 1342 2765 1403 τοῖς
2803 1339 3274 1410 πολιορκουμένοις
3294 1358 3309 1371 ο
3347 1341 3459 1394 ἀλλ’
3487 1342 3595 1395 οὐδὲ
3620 1344 3668 1395 ὲν
3686 1346 3768 1407 toi;

2253 1431 2391 1501 μετά
2414 1430 2587 1486 ταῦτα
2611 1432 2824 1504 χρόνοις
2846 1432 3131 1501 γεγόνασιν
3146 1470 3159 1495 ,
3202 1432 3309 1485 οὐδ’
3330 1433 3554 1504 ἤμελλον
3578 1434 3770 1498 εἰσαῦθίς

2250 1538 2379 1573 ποτε
2425 1521 2852 1594 ἀναστήσεσθαι·
2909 1521 3236 1593 θαυμαστῶς
3290 1526 3323 1593 ἡ
3377 1524 3656 1595 πρόρρησις
3699 1526 3771 1595 φή»

2252 1631 2410 1677 σασα,
2441 1615 2563 1667 Οὐκ
2591 1615 2762 1668 ἐστιν
2782 1616 2867 1668 ἐτι
2896 1614 3224 1684 προφήτης,
3248 1616 3515 1686 ἐπήγαγε,
3544 1618 3629 1671 καί
3650 1618 3769 1687 ἡμᾶς

2249 1706 2321 1759 οὐ
2368 1703 2657 1773 γνώσεται
2683 1705 2792 1762 ἔτι.
2835 1705 2956 1758 Ὅτι
3008 1704 3123 1759 οὔτ’
3169 1706 3268 1760 ἐπὶ
3319 1705 3427 1759 τῶν
3476 1707 3771 1760 Βαϐυλωνίων

566 1785 802 1857 singulis
825 1787 883 1842 in
915 1787 1364 1859 generationibus
1397 1801 1568 1859 penes
1592 1787 1719 1843 illos
1753 1787 2146 1858 prophetarum

2249 1798 2455 1868 χρόνων
2487 1797 2724 1869 ἥρμοττε
2753 1797 3027 1866 λέγεσθαι,
3055 1796 3168 1851 οὓτ’
3194 1799 3288 1851 ἐπὶ
3310 1797 3419 1851 τῶν
3444 1800 3768 1869 παλαιοτέρων.

566 1878 849 1935 successio
879 1877 1088 1948 tloruit,
1114 1885 1171 1935 et
1190 1893 1367 1951 usque
1406 1878 1476 1935 ad
1504 1877 1770 1935 Joannem
1823 1876 2144 1950 prophetam

2252 1864 2681 1960 ιίικμαςεηῆοῦν
2734 1864 2853 1942 καθ’
2901 1890 3137 1960 ἑκάστην
3184 1890 3379 1959 γενεὰν
3420 1892 3542 1959 παρ’
3572 1864 3720 1953 αὐτόῖς
3750 1892 3771 1961 ἦ

566 1972 891 2042 permansit.

635 2164 805 2222 Vsus.
846 2167 934 2230 10,
962 2166 1050 2223 Η.
1086 2168 1385 2239 Usquequo,
1415 2166 1579 2233 Deus,
1610 2167 1931 2237 improperat
1962 2165 2145 2219 inimi-

568 2261 888 2325 cus,irritst
919 2260 1262 2316 adversarius
1310 2277 1499 2315 nomen
1534 2269 1682 2313 tuum
1734 2260 1791 2313 in
1843 2259 2043 2329 ﬁnem?
2084 2256 2143 2312 In

566 2351 824 2423 praesenti
865 2352 1154 2423 prophetia
1201 2350 1359 2418 illud,
1394 2352 1451 2406 in
1481 2352 1659 2422 ﬁnem,
1701 2350 2024 2421 plerumque
2059 2349 2146 2404 di-

565 2451 715 2497 ctum
738 2443 861 2498 fuit.
892 2444 952 2498 In
982 2443 1254 2514 principio
1282 2457 1521 2514 namque
1566 2443 1887 2498 dicebatur:
1926 2440 2143 2512 thuid,

568 2534 733 2601 Deus,
757 2536 1000 2607 repulisti
1039 2537 1095 2591 in
1123 2537 1281 2606 ﬁnem
1303 2540 1328 2592 ?
1356 2535 1563 2591 Deinde
1587 2551 1716 2591 vero
1744 2554 1757 2590 :
1788 2534 1924 2589 Leva
1955 2551 2143 2590 naanus

569 2638 690 2683 tuas
723 2629 778 2682 in
807 2627 1081 2699 superbius
1111 2629 1166 2683 in
1194 2629 1389 2699 ﬁnem;
1422 2628 1584 2683 tertio
1622 2646 1635 2683 :
1672 2625 1865 2681 Irritat
1895 2626 2145 2681 adversa-

567 2722 681 2775 rius
735 2738 923 2776 nomen
974 2730 1121 2774 tuum
1166 2721 1221 2775 in
1269 2721 1463 2790 ﬁnem;
1519 2735 1849 2791 rursumque
1894 2739 1907 2776 :
1947 2718 2142 2790 thuid

568 2812 761 2867 avertis
789 2830 1004 2867 manum
1040 2821 1185 2865 tuam
1211 2822 1260 2867 et
1290 2812 1561 2867 dexteram
1593 2825 1740 2867 tuam
1762 2813 1825 2867 de
1853 2812 2023 2867 medio
2062 2815 2140 2869 si--

568 2920 638 2957 nu
669 2914 758 2958 tuo
788 2906 844 2959 in
868 2906 1067 2974 ﬁnem?
1093 2904 1262 2970 Queis
1296 2913 1574 2974 postrema
1608 2904 1713 2959 loci
1741 2905 1956 2961 obsidio
1972 2906 2144 2976 signi-

568 2994 781 3051 ﬁcatur.
814 2995 951 3051 Cum
975 3004 1157 3052 autem
1189 3004 1546 3066 percontatur
1565 3003 1619 3051 et
1641 2997 1775 3052 dicit
1798 3017 1813 3053 :
1844 2995 2139 3069 Usquequo,

571 3086 729 3153 Deus,
753 3089 1124 3159 improperabit
1145 3089 1388 3144 inimicus
1404 3089 1657 3146 ?cdoceri
1680 3091 1832 3161 cupit
1857 3106 2143 3162 quousque

569 3177 756 3234 isthmc
780 3181 1175 3250 perdurabunt,
1214 3189 1270 3236 et
1313 3195 1561 3251 quaenam
1602 3182 1864 3251 temporis
1901 3183 2140 3237 circum~

569 3270 795 3340 scriptio
817 3271 942 3339 erit,
978 3279 1034 3327 et
1062 3250 1352 3342 usquequo
1385 3272 1627 3327 irritabit
1670 3250 2021 3328 adversarius
2047 3287 2147 3327 no-
2173 3250 2215 3305 (ἶ

571 3376 693 3415 men
716 3369 893 3425 tuum,
924 3378 1054 3417 num
1091 3364 1218 3417 talia
1244 3364 1453 3435 agendo
1474 3365 1529 3419 in
1576 3364 1734 3419 linem
1766 3372 2147 3434 perseveratu-

570 3468 667 3507 rus
689 3452 781 3507 sit.
812 3442 1228 3523 Consequenter
1250 3455 1443 3509 horum
1476 3470 1697 3510 causam
1732 3455 2008 3525 precando
2037 3456 2146 3511 sci-

571 3544 803 3597 scitatur
845 3543 976 3598 dum
1013 3544 1147 3598 dicit
1180 3562 1193 3599 :
1227 3543 1421 3615 thuid
1447 3545 1640 3599 avertis
1670 3562 1885 3599 manum
1923 3556 2068 3600 tuam
2101 3555 2151 3600 et

571 3635 844 3688 dexteram
891 3644 1036 3689 tuam
1083 3634 1148 3689 de
1180 3636 1351 3693 medio
1397 3638 1518 3692 sinu
1568 3646 1656 3691 tuo
1704 3636 1759 3691 in
1797 3636 2153 3706 ﬁnemHimc

570 3740 736 3795 porro
755 3725 885 3780 dicti
916 3728 1191 3781 sententia
1225 3736 1312 3783 est
1345 3747 1359 3784 :
1399 3729 1555 3783 sinus
1586 3727 1681 3783 Dei
1724 3728 1883 3784 bonis
1913 3729 2152 3799 repletus

570 3826 675 3880 est,
712 3832 882 3887 quare
932 3818 1141 3874 dictum
1190 3828 1274 3875 est
1312 3840 1327 3876 :
1364 3819 1672 3893 Unigenitns
1717 3820 1917 3888 Filius,
1948 3824 2038 3895 qui
2075 3833 2153 3878 est

571 3907 625 3959 in
657 3909 776 3961 sinu
821 3908 1160 3979 Patris,ipse
1203 3913 1473 3965 enarravit
1504 3913 1573 3968 “.
1599 3911 1665 3966 Et
1689 3920 1775 3968 est
1804 3913 1893 3967 hic
1918 3927 2153 3971 arcanus

574 4001 818 4058 Paterna:
859 4003 1167 4061 divinitatis
1216 4006 1532 4071 thesaurus,
1573 4016 1628 4064 et
1662 4008 1945 4077 plenitudo
1982 4008 2154 4065 bono-

574 4109 696 4147 rum
746 4096 1014 4160 omnium,
1078 4096 1227 4151 unde
1285 4099 1583 4167 gratiarum
1631 4099 1773 4154 dona
1830 4100 1899 4154 iis
1940 4102 2033 4171 qui
2095 4117 2156 4156 se

572 4184 723 4254 digni
748 4193 875 4240 sunt
910 4186 1162 4255 largitur.
1197 4185 1467 4252 Quoniam
1512 4188 1679 4259 igitur
1709 4188 1776 4244 de
1809 4190 1988 4245 medio
2028 4190 2153 4245 sinu

574 4276 716 4331 dona
747 4277 1043 4345 gratiarum
1091 4278 1275 4347 dignis
1320 4286 1532 4348 erogat,
1564 4294 1627 4334 ac
1671 4280 1952 4335 dexteram
1996 4296 2151 4336 suam

574 4365 632 4418 in
686 4364 807 4419 illos
850 4366 1112 4433 extendit,
1146 4368 1215 4422 ab
1262 4368 1503 4439 indignis
1533 4385 1663 4424 vero
1692 4371 1972 4427 dexteram
1997 4388 2151 4428 suam

577 4455 792 4517 avertit,
826 4455 1067 4526 nihilque
1100 4473 1165 4511 ex
1189 4458 1350 4512 bonis
1373 4460 1428 4513 in
1463 4468 1765 4515 memorato
1793 4462 1915 4516 sinu
1945 4478 2046 4518 suo
2071 4479 2155 4518 re-

2243 1979 2351 2035 τῶν
2379 1980 2674 2053 προφητῶν
2699 1980 2935 2052 διαδοχὴ.
2964 1981 2999 2050 ἢ
3029 1980 3125 2034 καὶ
3149 1980 3405 2053 διήρκεσε
3432 1982 3611 2053 μέχρις
3631 1980 3769 2034 Ἰωάν-

2242 2090 2334 2126 νου
2366 2071 2458 2125 τοῦ
2498 2073 2799 2144 προφήτου.

2314 2166 2462 2231 Ἕως
2490 2165 2655 2228 πότε,
2688 2167 2721 2218 ό
2753 2162 2919 2230 Θεὸς.
2944 2162 3211 2223 ὀνειδίζει
3240 2166 3274 2216 ό
3311 2162 3537 2232 ἐχθρὸς,
3568 2162 3771 2231 παροξύ-

2240 2274 2331 2311 νει
2364 2256 2725 2323 ὑπεναντίος
2748 2256 2815 2310 τὸ
2846 2254 3035 2325 ὄνομά
3056 2271 3173 2310 σου
3204 2257 3295 2321 εις
3326 2254 3533 2319 τέλος;
3559 2252 3771 2322 Πολλάκις

2243 2348 2459 2421 εἴρηται
2498 2347 2586 2401 διὰ
2611 2347 2711 2419 τῆς
2741 2347 2878 2419 μετά
2919 2350 3107 2419 χεῖρας
3140 2347 3476 2418 προφητείας
3506 2347 3577 2412 τὸ,
3609 2349 3681 2412 εἰς
3703 2346 3769 2399 τέ-

2242 2444 2372 2507 λος.
2431 2440 2520 2494 Ἐν
2561 2440 2704 2511 ἀρχῇ
2756 2440 2853 2511 μὲν
2904 2440 3012 2510 ’(ἁρ
3060 2438 3308 2509 ἐλέγετοο
3357 2440 3541 2504 Ἰνατί,
3586 2442 3614 2494 ὁ
3645 2437 3768 2503 Θεὸς.

2242 2531 2461 2587 ἀπώσω
2483 2535 2571 2599 εὶς
2600 2531 2806 2598 τέλος;
2852 2527 2952 2585 εἶθ’
2995 2531 3121 2602 ἑξῆς
3141 2548 3155 2562 σ
3204 2534 3467 2602 Ἔπαρον
3492 2531 3588 2597 τὰς
3616 2528 3770 2600 χεῖράς

2244 2640 2361 2681 σου
2391 2624 2489 2678 ἐπὶ
2529 2625 2635 2691 τὰς
2675 2626 3089 2695 ὑπερηφανίας
3132 2626 3220 2691 εἷς
3259 2624 3465 2691 τέλος·
3494 2623 3577 2677 καὶ
3601 2622 3765 2692 τρίτον·

2247 2718 2573 2788 Ποροξύνει
2614 2722 2646 2772 d
2677 2719 3035 2785 ὑπεναντίος
3067 2717 3132 2771 τό
3157 2715 3345 2786 ὄνομά
3376 2732 3488 2771 σου
3513 2718 3591 2781 εἰς
3607 2714 3763 2778 τέλος⁸

2246 2811 2340 2864 καὶ
2365 2806 2520 2873 αὖθις
2536 2828 2549 2841 ·
2593 2809 2768 2863 Ἱνατί
2796 2807 3199 2878 ἀποστρέφεις
3224 2809 3341 2876 τὴν
3395 2805 3553 2877 χεῖρά
3576 2819 3672 2859 σου
3694 2802 3765 2856 κά

2243 2902 2359 2970 τὴν
2374 2902 2581 2967 δεξιάν
2594 2916 2711 2956 σου
2724 2902 2791 2955 ἐκ
2804 2901 3002 2970 μέσου
3016 2900 3124 2955 τοῦ
3140 2902 3376 2956 κόλπου
3389 2919 3501 2955 σου
3516 2901 3594 2963 εἰς
3608 2896 3768 2959 nitor;

2243 2997 2310 3051 δι’
2338 2990 2411 3048 ὧν
2444 2999 2472 3050 ὁ
2503 2995 2661 3063 λόγος
2691 2994 2789 3066 τὴν
2818 2994 3134 3048 τελευταίαν
3180 2994 3491 3065 πολιορκίαν
3532 2990 3614 3044 τοῦ
3642 2989 3765 3041 τόπου

2247 3088 2523 3160 σημαίνει.
2562 3086 2968 3157 Πυνθανόμενος
3002 3086 3058 3140 δὲ
3098 3088 3193 3140 καὶ
3232 3085 3438 3155 λέγων·
3472 3085 3611 3148 Ἕως
3643 3083 3766 3140 τότε.

2247 3180 2279 3231 ό
2341 3176 2505 3243 Θεὸς,
2550 3175 2790 3230 ὀνειδιεῖ
2818 3179 2851 3229 ό
2880 3176 3133 3245 ἐχθρός;
3180 3175 3489 3246 διδαχθῆναι
3537 3173 3667 3226 ποθεί
3693 3172 3768 3229 ἓως

2250 3265 2379 3317 πότε
2426 3264 2577 3318 ταῦτ’
2616 3264 2791 3329 ἔσται,
2842 3266 2939 3318 καὶ
2982 3265 3066 3328 τίς
3118 3264 3272 3318 ἔσται
3310 3267 3343 3331 ἠ
3381 3261 3662 3336 περιγραφὴ
3698 3258 3767 3311 τοῦ

2250 3358 2463 3427 χρόνου,
2483 3360 2572 3412 καὶ
2592 3358 2753 3429 μέχρι
2787 3357 2930 3422 τίνος
2962 3357 3255 3428 παροξύνει
3276 3359 3353 3429 (1)
3376 3360 3405 3410 ὁ
3429 3355 3704 3416 ὑπεναντίος
3724 3351 3767 3403 τι

2251 3449 2421 3519 ὄνομά
2455 3467 2568 3512 σου,
2600 3451 2693 3503 καὶ
2726 3451 2773 3502 εἰ
2811 3449 3051 3521 διαμένει
3083 3452 3163 3514 είς
3186 3449 3340 3514 τέλος
3369 3449 3519 3503 τοῦτο
3551 3447 3766 3519 πράττων.

2252 3536 2362 3593 Εἶτ’
2390 3540 2695 3606 ἀκολούθως
2727 3540 3054 3597 πυνθάνεται
3081 3541 3178 3612 τὴν
3204 3540 3411 3594 τούτων
3433 3540 3596 3594 αἰτίαν
3618 3534 3763 3600 ἀξιιῖιψ

2251 3631 2334 3685 διό
2362 3647 2524 3699 φησιν
2544 3648 2556 3661 ο
2605 3630 2778 3683 Ἶνατί
2811 3631 3207 3699 ἀποστρέφεις
3235 3630 3350 3699 τὴν
3405 3629 3559 3699 χεῷά
3581 3644 3677 3681 σου
3698 3623 3767 3675 καὶ

2253 3722 2368 3790 τὴν
2393 3721 2599 3786 δεξιάν
2617 3736 2734 3775 σου
2774 3722 2844 3775 ὲκ
2880 3722 3075 3792 μέσου
3108 3723 3212 3776 τοῦ
3241 3724 3471 3777 κόλπου
3492 3739 3597 3775 σου
3617 3722 3687 3785 εἰς
3705 3715 3768 3769 τέ-

2252 3819 2404 3881 λος;
2442 3815 2505 3867 Ἦ
2538 3814 2593 3867 δὲ
2623 3815 2717 3867 τοῦ
2762 3814 2919 3882 λόγου
2952 3814 3157 3868 διάνοια
3188 3814 3379 3868 τοῦτον
3413 3814 3518 3884 ἔχει
3552 3812 3630 3864 τὸν
3650 3806 3765 3861 νοῦν·

2255 3910 2283 3961 ὁ
2306 3908 2502 3971 κόλπος
2527 3907 2619 3960 τοῦ
2652 3907 2786 3960 Θεοῦ
2811 3907 3030 3976 ἀγαθῶν
3060 3910 3172 3960 ἐστι
3200 3908 3431 3980 πλήρης,
3454 3906 3530 3959 διὸ
3550 3904 3764 3957 λέλεκται·

2254 4000 2601 4071 Μονογενὴς
2630 3999 2761 4066 Υἱὸς
2787 4003 2819 4053 ό
2846 4000 2932 4053 ὢν
2957 4002 3043 4065 εἰς
3070 3999 3178 4052 τὸν
3197 4001 3428 4054 κόλπον
3452 3998 3548 4052 τοῦ
3574 3995 3766 4062 Πατρός,

2255 4093 2484 4158 ἐκεῖνος
2510 4091 2872 4161 ἐξηγήσατο.
2910 4092 3019 4144 Καὶ
3045 4091 3190 4144 ἔστιν
3223 4092 3525 4165 ἀπόρρητος
3550 4083 3677 4148 οὗτος
3699 4084 3767 4151 τῆς

2264 4185 2549 4255 Πατρικῆς
2566 4183 2818 4252 θεότητος
2850 4180 3120 4255 θησαυρὸς
3145 4184 3240 4237 καὶ
3268 4184 3529 4253 πλήρωμα
3549 4178 3642 4231 τῶν
3667 4176 3764 4239 ἀγα⁴

2256 4271 2362 4323 θῶν
2392 4272 2665 4335 ἁπάντων,
2688 4269 2745 4337 ἐξ
2772 4265 2847 4323 ὧν
2878 4271 3057 4324 δίδωσι
3092 4272 3159 4325 τὰ
3188 4272 3496 4343 χαρίσματα
3519 4271 3616 4329 τοῖς
3641 4261 3767 4328 ἀξίοις

2254 4362 2441 4416 αὑτοῦ.
2478 4363 2630 4415 Ἐπεὶ
2671 4362 2851 4416 τοίνυν
2886 4364 2948 4416 ὲκ
2989 4364 3153 4433 μέσου
3197 4364 3293 4416 τοῦ
3339 4363 3531 4416 κόλπου
3566 4358 3624 4411 τὰ
3652 4351 3767 4425 χερί·

2257 4473 2439 4525 σματα
2468 4457 2581 4518 τοῖς
2631 4454 2801 4519 ἀξίοις
2831 4456 3083 4527 δωρεῖται
3128 4457 3383 4509 ἐκτείνων
3411 4456 3487 4518 εἰς
3511 4452 3676 4511 αὐτοὺς
3698 4445 3767 4512 τὴν

574 4544 814 4603 conditis
860 4546 994 4617 ipsis
1044 4548 1343 4619 elargitur;
1371 4551 1495 4621 jure
1544 4552 1881 4619 sciscitatur,
1913 4555 2147 4613 dicens:

2257 4543 2449 4596 ἑαυτοῦ
2476 4543 2677 4610 δεξιὰν,
2708 4544 2817 4598 ἀπὸ
2843 4545 2900 4597 δὲ
2927 4546 3033 4597 τῶν
3065 4543 3139 4615 μὴ
3178 4544 3344 4609 ἀξίων
3381 4540 3673 4610 ἀποστρέφει
3696 4534 3767 4603 τὴν

579 4635 775 4708 thuid
817 4640 1006 4692 avertis
1056 4657 1271 4694 manum
1325 4651 1469 4696 tuam
1531 4654 1584 4698 et
1622 4646 1893 4702 dexteram
1926 4659 2071 4703 tuam
2092 4653 2151 4705 de

2257 4638 2413 4706 Χεῖρα
2452 4636 2548 4705 τὴν
2579 4633 2779 4700 δεξιὰν,
2813 4635 2976 4706 μηδὲν
3022 4635 3199 4690 αὐτῶν
3246 4636 3355 4689 τῶν
3386 4638 3441 4689 ὲν
3478 4630 3609 4701 αὐτῷ
3642 4628 3769 4697 δηλω-

575 4729 747 4782 medio
779 4730 897 4783 sinu
932 4740 1019 4783 tuo
1054 4732 1108 4785 in
1136 4733 1337 4801 ﬁnem?
1366 4734 1715 4807 Rursumque
1757 4740 1811 4794 id
1856 4740 2066 4810 adjicit,
2097 4744 2152 4796 in

577 4820 757 4889 ﬁnem,
789 4822 1132 4892 signiﬁcans,
1165 4826 1221 4879 in
1247 4825 1409 4882 ﬁnem
1443 4828 1578 4898 ipsis
1609 4830 1847 4886 dexterae
1870 4832 1965 4888 Dei
1996 4849 2152 4888 aver-

578 4912 787 4965 sionem
824 4912 1061 4967 futuram
1090 4932 1233 4972 esse.
1280 4916 1715 4991 lnterrogatione
1740 4930 1920 4978 autem
1952 4940 2052 4980 nos
2082 4926 2151 4980 ad

576 5014 800 5055 causam
824 5004 1244 5073 perquirendam
1282 5009 1514 5078 invitat;
1555 5020 1615 5066 ut
1644 5029 1955 5083 qumramus
1983 5032 2152 5085 quare

576 5089 658 5144 illi
686 5091 740 5145 in
772 5091 933 5147 ﬁnem
965 5094 1163 5165 abiecti
1188 5099 1321 5152 sint.
1348 5098 1482 5155 Nam
1519 5102 1566 5157 si
1600 5104 1727 5172 quis
1745 5121 1840 5159 eos
1867 5106 1934 5161 de
1954 5122 2148 5177 pecca-

577 5188 635 5235 to
661 5189 717 5236 et
754 5182 1039 5254 iniquitate
1082 5186 1437 5257 incusaverit,
1469 5200 1525 5246 at
1562 5195 1767 5251 scimus
1787 5197 1915 5250 olim
1953 5197 2151 5252 similia

577 5288 704 5328 cum
735 5272 993 5331 fecissent
1014 5293 1121 5333 non
1147 5279 1202 5334 in
1233 5280 1392 5336 ﬁnem
1419 5284 1665 5353 abjectos
1692 5286 1864 5343 fuisse
1893 5307 1907 5342 :
1941 5287 2152 5343 inﬁnita

597 5366 777 5436 guippe
816 5374 871 5421 et
901 5368 1114 5423 nefaria
1158 5386 1351 5426 eorum
1383 5389 1570 5444 opera,
1603 5377 1891 5442 adulteria,
1926 5378 2153 5433 idolola-

577 5458 756 5520 triam,
810 5459 1199 5530 prOphetarum
1246 5464 1423 5519 caedes
1482 5477 1806 5523 enumerant
1848 5471 2150 5540 prophetici

578 5563 890 5617 sermones;
920 5550 1015 5606 sed
1050 5568 1330 5622 nunquam
1378 5556 1431 5609 in
1467 5556 1629 5611 ﬁnem
1681 5559 1929 5615 derelicti
1974 5572 2099 5616 sunt
2134 5582 2145 5615 :

574 5637 854 5757 ΔριῖιΡΙιειιε
886 5655 1105 5709 quoque
1147 5644 1279 5713 ipsis
1305 5686 1319 5709 ,
1345 5646 1446 5703 etsi
1484 5646 1611 5701 talia
1662 5650 2026 5718 patrantibus,
2056 5652 2151 5705 ad-

728 5727 886 5777 Joan.
924 5744 941 5777 ι
964 5770 978 5777 -
1014 5730 1103 5777 18-

568 5734 569 5737 ‘
646 5730 692 5757 "
728 5730 886 5782 Joan.
924 5744 979 5795 t,
1014 5730 1103 5785 18.

2255 4728 2402 4781 θέντι
2458 4727 2641 4797 κόλπῳ
2700 4728 3142 4798 τεταμιευμένων
3195 4728 3413 4797 ἀγαθῶν
3464 4725 3765 4796 δωρούμενος·

2255 4818 2477 4883 εἰκότως
2553 4819 2891 4873 πυνθάνεται-
2928 4818 3127 4886 λέγων’
3196 4819 3369 4872 Ἱνατί
3439 4812 3769 4880 ἀποστρέφεις

2252 4908 2371 4976 τὴν
2392 4910 2560 4979 χεῖρά
2590 4926 2706 4963 σου
2737 4910 2830 4964 καὶ
2858 4909 2973 4977 τὴν
3012 4910 3220 4974 δεξιάν
3259 4926 3376 4964 σου
3410 4910 3475 4962 ἐκ
3500 4907 3667 4976 μέσου
3692 4895 3768 4951 τοῦ

2253 5004 2484 5057 κόλπου
2526 5018 2641 5055 σου
2685 5006 2771 5068 εἰς
2811 5004 3018 5069 τέλος
3052 5004 3162 5055 Καὶ
3208 5003 3367 5055 πάλιν
3404 4996 3684 5071 προστίθησι
3710 4987 3765 5043 τδρ

2253 5098 2340 5160 εἰς
2379 5094 2574 5160 τέλος,
2612 5096 2911 5166 σημαίνων.
2952 5094 3028 5157 ὡς
3071 5095 3386 5166 ἀποστροφὴ
3423 5094 3514 5162 τῆς
3551 5087 3632 5141 τοῦ
3665 5080 3764 5135 Θεοῦ

2254 5186 2431 5251 δεξιᾶς
2466 5188 2544 5249 εἰς
2568 5186 2718 5250 τέλος
2750 5186 2899 5240 ἔσται
2944 5188 3144 5250 αὐτοῖς.
3182 5187 3279 5239 Διά
3307 5186 3361 5239 δὲ
3392 5184 3485 5253 τῆς
3510 5180 3763 5253 ἐρωτήσεως

2256 5278 2349 5331 ἐπὶ
2389 5277 2486 5349 τὴν
2528 5277 2752 5347 ζήτησιν
2799 5277 2897 5347 τῆς
2943 5278 3120 5341 αἰτίας
3165 5279 3310 5349 ἡμᾶς
3353 5273 3604 5342 διεγείρει,
3632 5260 3760 5326 ὡςᾶν

2256 5363 2482 5439 ζητήσαι
2494 5385 2591 5438 μεν
2620 5367 2670 5419 τί
2703 5369 2762 5420 τὸ
2798 5368 2966 5421 αἴτιον
2997 5369 3284 5440 γεγένηται
3310 5366 3401 5421 τοῦ
3438 5367 3510 5426 είς
3541 5360 3664 5418 τέλος
3690 5350 3759 5403 αὺ⁴

2255 5461 2382 5521 τοὺς
2414 5458 2807 5529 ἀποϐληθῆναι.
2849 5460 2911 5511 Εἰ
2959 5459 3058 5529 μὲν
3086 5460 3196 5529 γάρ
3233 5457 3491 5528 ἁμαρτίας
3521 5451 3601 5504 καὶ
3624 5457 3758 5529 παρφ-

2258 5549 2447 5619 νομίας
2480 5548 2782 5601 αἰτιάσαιτό
2816 5565 2915 5611 τις,
2944 5546 3078 5598 ἀλλὰ
3116 5549 3208 5600 καὶ
3235 5546 3394 5598 πάλαι
3425 5539 3621 5594 τοιαῦτα
3654 5525 3758 5598 πρά-

2260 5639 2454 5706 ξαντας
2479 5639 2672 5701 αὐτοὺς
2701 5638 2940 5709 ἕγνωμεν
2964 5638 3052 5691 καὶ
3077 5637 3149 5708 μὴ
3180 5622 3511 5692 ἀπωσθέντας
3532 5630 3597 5689 εἰς
3619 5620 3756 5678 τέλος

647 5817 901 5891 (l)Forte
920 5820 1198 5893 legendum
1223 5826 1528 5900 παροξυνεῖ,
1550 5838 1602 5888 et
1632 5846 1778 5900 mox,
1818 5832 2081 5905 διαμενεῖ.
2113 5835 2268 5893 Eon.
