4004 6558
294 407 393 464 861

1414 407 1917 467 COMMENTARIA
1957 412 2025 471 ΙΝ
2061 413 2403 472 PSALMOS.

3413 407 3520 466 802

298 524 519 601 μυρίους
546 525 654 597 γὰρ
673 524 960 597 ἀθεμίτους
992 525 1217 598 πράξεις
1244 528 1484 599 μοιχείας
1509 546 1567 582 τε
1596 530 1690 584 καὶ
1722 530 1861 583 εἰδω-

1970 540 2145 596 erant,
2181 536 2495 605 angelorum
2529 533 2787 597 visiones,
2821 531 3058 605 Spiritus
3084 530 3258 588 sancti
3286 544 3529 601 praesen-

294 618 626 690 λολατρείας,
669 618 962 690 προφητῶν
1006 636 1066 672 τε
1119 620 1426 691 ἀναιρέσεις
1474 621 1865 690 καταλέγουσιν

292 710 471 765 αὐτῶν
493 710 544 762 οἱ
568 709 893 781 προφητικοὶ
923 709 1068 779 λόγοι
1087 727 1100 740 ·
1144 709 1258 763 ἀλλ’
1290 710 1351 765 οὑ
1398 709 1615 764 πώποτε
1639 713 1865 780 ἐγκατε-

293 801 588 871 λείφθησαν
631 803 708 868 είς
754 800 922 864 τέλος.
978 801 1221 871 Συνῆσαν
1275 800 1332 854 δὲ
1390 802 1611 868 αὐτοῖς,
1664 806 1864 876 καίπερ

292 890 513 944 τοιαῦτα
531 889 877 961 πράττουσιν,
907 890 956 951 οἱ
984 889 1290 960 προφῆταν
1327 890 1603 959 ἐγίγνοντο
1642 892 1697 944 δέ
1736 893 1863 964 παρ’

292 983 473 1045 αὐτοῖς
503 982 596 1035 καὶ
618 980 861 1050 ἀγγέλων
882 982 1210 1051 ἐπιφάνειαι,
1233 982 1326 1036 καὶ
1359 983 1672 1053 Πνεῦματος
1704 984 1861 1052 ἁγίου

1970 624 2066 680 tia.
2101 625 2255 692 Quod
2285 641 2415 697 ergo
2457 634 2667 680 tantum
2712 632 2825 679 tam
2861 624 3163 679 inauditum
3196 622 3407 676 facinus
3435 633 3533 674 eo-

1968 732 2113 781 rum,
2147 724 2206 771 ut
2258 718 2313 772 in
2360 717 2521 773 tinem
2566 716 2894 787 abjiciantur
2945 724 3001 772 et
3054 715 3276 770 dextera
3314 712 3409 769 Dei
3465 710 3535 768 ab

1968 807 2049 864 eis
2087 816 2364 863 avertatur
2413 809 2468 862 in
2516 808 2733 863 linem?
2788 808 2915 866 Haec
2970 823 3135 877 porro
3192 805 3382 860 dicens
3438 803 3535 858 ad-

1968 896 2198 953 missum
2238 900 2306 955 ab
2327 900 2409 955 eis
2431 900 2487 953 in
2519 899 2802 956 Christum
2830 898 2925 955 Dei
2957 898 3171 952 facinus
3193 895 3362 951 tacite
3401 892 3534 948 sub-

1969 988 2194 1044 indicat.

291 1075 580 1146 παρουσία.
606 1075 671 1127 Τί
705 1075 880 1129 τοίνυν
905 1076 965 1129 τὸ
1003 1075 1170 1140 ξένον,
1209 1076 1303 1129 καὶ
1344 1078 1397 1130 τί
1433 1077 1685 1132 τοσοῦτον
1748 1081 1930 1146 αὐτοῖς
1963 1084 2307 1166 τετόλμηται,
2352 1084 2429 1149 ὡς
2470 1086 2550 1149 είς
2594 1085 2746 1149 τέλος
2797 1085 2993 1148 αὐτοὺς
3036 1083 3388 1154 ἀπωσθῆναι,
3443 1078 3538 1133 καὶ

289 1169 387 1236 τὴν
425 1165 602 1229 δεξιὰν
624 1167 719 1218 τοῦ
748 1166 883 1219 Θεοῦ
914 1167 1321 1238 ἀποστραφῆναι
1352 1169 1548 1233 αὐτοὺς
1602 1171 1680 1233 εἰς
1716 1170 1898 1238 τέλος;
1934 1173 2119 1243 Λέγων
2149 1165 2207 1229 δὲ
2243 1175 2435 1241 ταῦτα,
2496 1176 2788 1231 αἰνίττεται
2834 1176 3255 1247 σεσιωπημένως
3293 1171 3355 1225 τὸ
3398 1186 3539 1242 πρα-

288 1256 417 1326 χθὲν
438 1256 619 1319 αὐτοῖς
645 1256 785 1309 κατά
807 1254 901 1309 τοῦ
926 1258 1161 1328 Χριστοῦ
1193 1257 1288 1311 τοῦ
1313 1259 1448 1313 Θεοῦ
1467 1260 1635 1333 τόλμη
1645 1279 1739 1331 μα.

371 1374 426 1427 '0
459 1374 528 1427 δὲ
574 1374 718 1441 Θεὸς
755 1375 1247 1446 βασαεὺςήμῶν
1287 1378 1401 1446 πρὸ
1439 1378 1651 1445 αίῶνος
1677 1380 1868 1450 εἰργά-

2038 1374 2204 1432 Vens.
2234 1376 2423 1430 12-18.
2482 1375 2622 1430 Deus
2651 1385 2825 1429 autem
2862 1391 2954 1429 rea:
2998 1384 3176 1429 noster
3216 1384 3338 1429 ante
3369 1392 3537 1429 mcu-

288 1477 443 1520 σατο
471 1465 773 1532 σωτηρίαν
794 1465 863 1518 ἐν
884 1464 1048 1531 μέσῳ
1076 1466 1188 1535 τῆς
1220 1467 1352 1537 τῆς.
1382 1468 1611 1523 Διελθὼν
1639 1470 1705 1522 τά
1735 1487 1861 1541 προ-

1969 1470 2079 1523 lum
2113 1479 2356 1537 operatus
2386 1477 2461 1521 est
2495 1475 2718 1523 salutem
2747 1469 2801 1521 in
2831 1466 3001 1522 medio
3035 1477 3210 1522 terrm.
3235 1466 3533 1537 Postquam

285 1552 608 1624 λελεγμένα,
644 1555 1086 1626 ἐπαναλαμϐάνει
1131 1558 1257 1622 τοὺς
1297 1558 1425 1629 περὶ
1472 1559 1573 1629 τῆς
1612 1560 1861 1631 προνοίας

1966 1561 2224 1631 pmdicta
2256 1561 2548 1623 recensuit,
2572 1574 2857 1615 sermones
2901 1559 2969 1614 de
3006 1559 3347 1629 providentia
3389 1576 3535 1613 resn-

284 1643 498 1713 λόγους,
528 1646 622 1699 καὶ
664 1644 765 1716 τῆς
814 1647 1097 1717 δυνάμεως
1127 1647 1221 1700 τοῦ
1263 1648 1398 1701 Θεοῦ
1438 1650 1732 1722 παρίστησι
1766 1650 1861 1715 τὰς

1967 1650 2085 1716 mit,
2116 1658 2279 1718 atque
2305 1649 2521 1703 virtutis
2544 1647 2638 1703 Dei
2672 1648 2910 1719 ingentia
2931 1663 3093 1717 opera
3116 1648 3379 1711 declarat,
3417 1649 3537 1718 pias

286 1735 708 1807 μεγαλουργίας,
736 1737 1007 1809 εὐκαίρως
1038 1738 1281 1802 εὐσεϐεῖς
1310 1741 1631 1811 προϊέμενος
1658 1743 1861 1811 φωνὰς,

272 1826 363 1907 κὼς
402 1816 480 1880 ’ἂν
522 1829 598 1899 μή
651 1845 735 1891 τις
781 1829 1041 1899 νομίσειε,
1075 1831 1164 1885 διὰ
1210 1831 1271 1884 τὺ
1318 1831 1391 1903 μὴ
1434 1834 1635 1904 ἐφορᾷν
1679 1834 1862 1897 αὐτὸν,

285 1918 425 1987 μηδὲ
471 1919 779 1973 ἐπιστατεῖν
801 1922 916 1983 τοῖς
960 1922 1094 1974 πᾶσι
1132 1920 1201 1975 τά
1244 1922 1605 1993 προλεχθέντα
1636 1928 1863 1997 γεγενῆο

284 2006 436 2061 σθαι.
464 2008 559 2061 Διό
585 2025 779 2079 φησιν’
816 2011 879 2063 Ei
920 2009 1216 2064 καὶταῦτα
1259 2011 1445 2065 τοῦτον
1484 2014 1730 2086 ἐπράχθη
1775 2015 1865 2069 τὸν

278 2098 519 2168 τρόπον’
549 2099 662 2153 ἀλλ’
686 2100 835 2169 ὅμως
872 2101 1231 2173 πεπείσμεθα,
1258 2103 1342 2155 ὅτι
1376 2104 1440 2157 σὺ
1472 2104 1502 2156 ό
1525 2105 1655 2169 Θεὸς
1688 2106 1862 2177 ἡμῶν,

276 2187 347 2240 ὃν
371 2189 465 2241 καὶ
501 2189 721 2259 βασιλέα
747 2190 903 2262 ἡμῶν
927 2188 1068 2245 εἶναι
1104 2193 1460 2266 γνωρίζομεν,
1504 2196 1681 2266 κρίσει
1712 2198 1866 2269 βασι-

275 2276 411 2348 λικῇ
462 2280 555 2331 καὶ
605 2280 725 2351 θείᾳ
762 2282 939 2334 πάντα
986 2284 1286 2354 οίκονομεῖς
1340 2284 1434 2338 ἐπὶ
1485 2288 1728 2359 σωτηρίᾳ
1758 2289 1867 2343 τῶν

272 2369 448 2423 ὅλων⁹
492 2368 555 2423 '0
586 2370 695 2441 γὰρ
755 2371 899 2437 Θεὸς
946 2372 1137 2441 ἡμῶν,
1179 2374 1480 2441 ,ϐασιλεὺς
1533 2376 1702 2445 ήμῶν
1752 2381 1866 2447 πρὸ

273 2459 498 2526 αἰῶνος
540 2460 858 2530 εἰργάσατο
909 2464 1209 2530 σωτηρίαν
1255 2465 1324 2518 ἐν
1355 2465 1524 2533 μέσῳ
1578 2466 1687 2535 τῆς
1730 2467 1862 2536 γῆς.

262 2551 438 2629 ζ’Ὠστ’
470 2553 519 2604 εἰ
570 2552 665 2604 καὶ
704 2554 762 2604 ὲν
799 2554 899 2623 μιᾷ
930 2554 1103 2624 γωνίᾳ
1151 2554 1255 2625 γῆς
1295 2556 1519 2609 τοιαῦτα
1559 2558 1865 2629 πραχθῆναι

261 2615 711 2725 Ϊσυγκεχώρηκας
743 2615 830 2696 διά
872 2615 995 2709 τοῦς
1034 2615 1326 2718 οίκήτορας
1368 2648 1463 2701 τοῦ
1507 2615 1707 2702 τόπου,Σ
1752 2615 1864 2704 ἀλλ’

260 2733 431 2821 ⁸ὅμως
465 2734 825 2805 πεπείσμεθα,
850 2736 932 2789 ὅτι
965 2738 1087 2801 τοὺς
1111 2738 1230 2792 καθ’
1260 2738 1387 2808 ὅλης
1408 2739 1509 2809 τῆς
1538 2740 1859 2813 οἰκουμένης

262 2824 570 2888 οἰκοῦντας
608 2825 926 2897 ἀνθρώπους
977 2830 1244 2899 σωτηρίας
1266 2830 1535 2899 ἀξιώσεις,
1566 2833 1656 2885 τὸν
1676 2832 1863 2886 ἐαυτοῦ

260 2916 518 2987 φΧριστὺν
543 2919 763 2989 ἐγείρας
788 2920 992 2973 ἅπασιν
1016 2920 1323 2991 ἀνθρώποις
1360 2923 1605 2994 Σωτῆρα.
1642 2924 1749 2976 Καί
1777 2942 1865 2994 μοι

259 2998 430 3090 ξδοκεί
452 3008 518 3061 δι’
545 3009 663 3072 ἐνὸς
694 3008 787 3062 τοῦ
823 3009 961 3080 μετά
994 3014 1182 3083 χεῖρας
1218 3014 1397 3083 στίχου
1423 3013 1609 3085 ὥσπερ
1634 3015 1867 3069 ἀνταπό-

273 3098 428 3152 δοσιν
471 3101 737 3154 ποιεῖσθαι
782 3102 889 3154 τῶν
932 3104 1395 3175 ἐπηπορημὲνωνο
1442 3106 1562 3158 ἀντὶ
1602 3106 1709 3177 γὰρ
1759 3108 1866 3160 τῶν

1966 1749 2272 1811 opportune
2311 1754 2475 1796 voces
2503 1738 2825 1808 proferens:
2862 1755 2930 1794 ne
2972 1739 3098 1808 quis
3148 1747 3361 1808 putaret
3415 1739 3538 1795 ideo

1963 1831 2077 1901 jam
2108 1839 2407 1887 memorata
2456 1838 2606 1901 gesta
2657 1830 2846 1894 fuisse,
2889 1830 3034 1900 quod
3087 1829 3229 1886 Deus
3282 1833 3536 1886 universa

1966 1937 2077 1977 non
2104 1931 2281 1992 curet,
2311 1923 2489 1990 iisque
2514 1939 2623 1978 non
2650 1923 2953 1992 provideat.
2990 1920 3355 1987 Quamobrem
3406 1923 3481 1975 ait
3516 1940 3531 1976 :

1965 2012 2081 2069 Etsi
2124 2014 2238 2069 haec
2278 2014 2375 2068 tali
2424 2014 2585 2068 modo
2616 2022 2767 2085 gesta
2820 2014 2949 2079 sint,
2982 2029 3301 2085 persuasum
3352 2021 3535 2069 tamen

1965 2107 2125 2163 nobis
2166 2114 2272 2169 est,
2312 2114 2366 2163 te
2414 2106 2583 2161 Dnem
2639 2115 2909 2171 nostrum,
2960 2121 3119 2176 quem
3174 2121 3357 2176 regem
3409 2105 3534 2159 item

1964 2207 2216 2254 nostrum
2251 2212 2373 2253 esse
2404 2198 2634 2261 scimus,
2656 2196 2865 2266 judicio
2887 2197 3039 2266 regio
3066 2212 3129 2251 ac
3150 2197 3335 2250 divino
3353 2194 3536 2249 omnia

1967 2291 2033 2346 ad
2062 2292 2441 2345 universorqu
2470 2289 2701 2345 salutem
2728 2296 3032 2358 temperare
3065 2307 3078 2342 :
3106 2303 3230 2340 nam
3280 2286 3420 2339 Deus
3444 2302 3537 2339 no-

1964 2385 2073 2430 ster
2094 2390 2186 2429 rex
2216 2386 2393 2428 noster
2426 2382 2547 2427 ante
2574 2373 2827 2426 sarculum
2857 2381 3101 2440 operatus
3122 2380 3199 2425 est
3228 2370 3454 2426 salutem
3480 2369 3537 2422 in

1965 2467 2135 2521 medio
2159 2476 2332 2520 terrae.
2364 2464 2443 2518 lta
2476 2472 2533 2518 ut
2561 2464 2775 2519 etiamsi
2811 2463 2998 2518 isthaec
3022 2463 3077 2517 in
3104 2477 3213 2516 uno
3245 2470 3406 2517 terrae
3439 2476 3537 2515 an-

1965 2557 2092 2626 gulo
2127 2555 2263 2611 είῙίρί
2293 2556 2605 2626 permiseris
2638 2570 2826 2609 eorum
2861 2570 3027 2610 causa
3049 2554 3143 2623 qui
3173 2553 3349 2608 locum
3392 2554 3539 2607 inco-

1965 2648 2143 2703 lebant
2164 2688 2178 2712 ,
2211 2662 2536 2718 persuasum
2580 2654 2761 2701 tamen
2805 2646 3105 2703 habeamus
3134 2654 3187 2700 te
3217 2661 3409 2700 omnes
3436 2653 3539 2699 ter-

1965 2755 2080 2793 ram
2129 2741 2428 2793 incolentes
2480 2738 2733 2793 homines
2775 2739 2948 2793 salute
3006 2738 3358 2807 dignaturum
3385 2779 3401 2802 ,
3438 2737 3535 2806 qui

1964 2827 2238 2883 Christum
2276 2837 2428 2881 tuum
2462 2828 2713 2882 excitasti
2746 2827 2988 2880 omnium
3019 2826 3301 2879 hominum
3335 2823 3535 2879 Serva-

1968 2930 2160 2975 torem.
2186 2919 2523 2989 Videturque
2558 2918 2691 2971 mihi
2725 2918 2827 2971 hoc
2854 2932 2965 2971 uno
2996 2932 3179 2980 versu,
3206 2916 3363 2984 quasi
3388 2931 3537 2985 quaa-

1966 3012 2205 3066 stionum
2235 3010 2560 3065 solutionem
2586 3010 2831 3080 praeberi.
2879 3007 3011 3061 Nam
3052 3024 3241 3063 eorum
3272 3008 3390 3062 vice
3417 3024 3539 3078 quas

1965 3111 2157 3158 contra
2190 3101 2511 3172 praedictum
2549 3103 2726 3155 locum
2757 3106 3064 3171 perpetrata
3089 3106 3238 3162 sunt,
3272 3097 3437 3160 Deus,
3460 3101 3539 3153 in-

258 3191 709 3275 ἱσυμὸεῢηκὸτων
756 3194 897 3247 κατὰ
924 3195 1017 3248 τοῦ
1049 3196 1375 3266 δηλωθέντος
1419 3199 1607 3262 τόπου,
1638 3201 1861 3270 ἐργάσε-

1966 3194 2106 3263 quit,
2143 3193 2459 3262 operabitur
2482 3191 2711 3247 salutem
2747 3192 2799 3244 in
2829 3190 3007 3245 medio
3048 3196 3226 3244 terrae.
3284 3187 3359 3243 De
3387 3205 3538 3245 more

272 3301 394 3347 ται,
423 3282 607 3352 φησὶν,
639 3286 667 3336 ὁ
698 3284 828 3347 Θεὸς
872 3286 1142 3357 σωτηρίαν
1175 3287 1233 3339 ἐν
1261 3288 1411 3359 μέσῳ
1434 3290 1532 3359 τῆς
1564 3290 1687 3359 γῆς,
1726 3291 1859 3343 Συν-

256 3371 431 3445 νήθως
455 3373 510 3425 δὲ
540 3373 634 3425 καὶ
669 3372 762 3426 νῦν
793 3374 860 3427 τὰ
896 3375 1125 3445 ἐσόμενα
1170 3376 1246 3439 ὡς
1277 3380 1640 3450 παρῳχηκότα
1673 3380 1860 3433 θεσπί-

274 3465 381 3527 ζει.
428 3460 559 3516 Εἶτα
588 3464 826 3518 διδάσκει
850 3465 976 3536 ἑξῆς
1012 3467 1201 3530 ὁποίας
1227 3468 1326 3539 ἤδη
1361 3470 1526 3524 πάλαι
1551 3471 1810 3545 πρότερον
1834 3475 1862 3525 ὁ

273 3556 417 3619 θεὸς
442 3557 840 3626 κατειργάσατο
873 3558 1309 3631 θαυματουργίας
1339 3560 1510 3629 λέγων
1529 3580 1541 3592 ·
1580 3564 1662 3617 Σὺ
1692 3566 1863 3633 ἐκρα-

272 3648 543 3713 τιιίωσας
571 3649 640 3701 ἐν
664 3648 737 3717 τῇ
769 3649 1014 3719 δυνάμει
1041 3668 1158 3705 σου
1200 3652 1312 3721 τὴν
1337 3654 1677 3712 θάλασσαν.
1726 3659 1863 3712 Ἀντὶ

273 3738 337 3791 δὲ
369 3738 483 3801 τοῦ,
524 3740 606 3792 Σὺ
652 3740 721 3792 δὲ
752 3742 1176 3808 ἑκρατιιίωσας,
1218 3745 1245 3795 ὁ
1280 3744 1590 3815 Σύμμαχος,
1626 3747 1709 3800 Σὺ
1746 3748 1863 3800 διε-

273 3828 591 3895 σκέδασας
640 3830 715 3897 τῇ
767 3833 939 3900 ἰσχύϊ
982 3848 1098 3887 σου
1143 3833 1255 3900 τὴν
1302 3835 1640 3901 θάλασσαν,
1678 3840 1862 3909 ἡρμή-

272 3938 456 3975 νευσε.
489 3922 595 3975 Καί
629 3940 720 3993 μοι
761 3924 908 3977 δοκεῖ
948 3925 1036 3979 διὰ
1087 3927 1288 3980 τούτων
1316 3926 1392 3989 ὡς
1417 3929 1551 3998 πρὸς
1580 3929 1679 3999 τὴν
1716 3932 1862 3983 ἱστο-

279 4014 409 4078 ρίαν
466 4014 747 4083 σημαίνειν
768 4018 866 4086 τὴν
910 4016 1002 4069 ἐπὶ
1072 4018 1315 4081 Μωσέως
1362 4019 1657 4090 γενομένην
1698 4020 1864 4073 δίοδον

272 4103 377 4156 τοῦ
406 4103 535 4156 λαοῦ
560 4105 648 4157 διὰ
686 4105 784 4173 τῆς
821 4106 1084 4177 Ἐρυθρᾶς
1115 4108 1405 4179 θαλάσσης.
1451 4110 1541 4162 Διὸ
1590 4112 1730 4165 κατά
1767 4114 1863 4182 μὲν

274 4195 375 4247 τὸν
414 4194 707 4264 Σύμμαχον
750 4197 987 4268 εἴρηται,
1021 4198 1105 4251 Σὺ
1143 4198 1542 4265 διεσκέδασας
1580 4200 1655 4267 τῇ
1700 4203 1867 4268 ίσχύτ

272 4301 399 4340 σου
438 4292 549 4353 τὴν
580 4291 930 4343 θάλασσαν’
967 4291 1104 4345 κατά
1157 4292 1213 4346 δέ
1259 4292 1347 4345 τὸν
1384 4292 1734 4357 Θεοδοτίωνα,
1778 4294 1863 4349 Σὺ

274 4378 609 4445 διέστησας
660 4381 731 4433 ἐν
765 4380 837 4448 τῇ
898 4382 1147 4451 δυνάμει
1192 4398 1310 4437 σου
1362 4383 1476 4451 τὴν
1521 4384 1861 4441 θάλασσαν.

278 4465 413 4523 Ritu
462 4472 586 4533 τοὺς
633 4471 965 4539 Αἰγυπτίους
1014 4474 1108 4526 καὶ
1155 4474 1246 4527 τὸν
1296 4473 1493 4545 Φαραὼ
1538 4475 1863 4529 αἰνίττεσθαί

1966 3293 2145 3339 autem
2176 3284 2265 3337 hic
2285 3283 2466 3349 futura
2493 3282 2677 3352 ntjam
2707 3281 2977 3351 praeterita
3010 3281 3354 3334 vaticinatur.
3377 3280 3539 3335 Dein-

1962 3374 2030 3429 de
2065 3390 2193 3429 vero
2222 3374 2400 3437 docet,
2427 3374 2609 3444 qualia
2652 3372 2767 3441 jam
2806 3372 2932 3426 olim
2964 3372 3207 3443 prodigia
3240 3371 3382 3426 Dens
3400 3387 3535 3441 ope-

1962 3473 2117 3520 ratus
2148 3466 2239 3528 sit,
2276 3466 2356 3520 sic
2381 3466 2649 3534 loquens:
2687 3463 2765 3518 Tu
2796 3463 3127 3532 conﬁrmasti
3149 3464 3203 3516 in
3228 3465 3417 3517 virtute
3442 3472 3535 3517 tua

1964 3575 2130 3613 mare.
2165 3557 2271 3611 Pro
2304 3558 2396 3610 illo
2429 3565 2635 3618 autem,
2675 3567 2731 3609 tu
2764 3557 3113 3624 conﬁrmasti,
3152 3554 3533 3627 Symmachus,

1966 3649 2045 3701 Tu
2080 3648 2356 3715 dissipasti
2396 3649 2587 3701 virtute
2622 3655 2713 3699 tua
2766 3663 2948 3709 mare,
2988 3647 3375 3716 interpretatus
3427 3655 3531 3702 est.

1964 3736 2030 3789 Et
2062 3738 2192 3790 mihi
2248 3737 2469 3805 quidem
2521 3737 2739 3791 videtur
2775 3736 3033 3791 historice
3071 3737 3313 3791 indicare
3352 3738 3535 3807 populi

1963 3844 2060 3897 per
2076 3843 2223 3882 mare
2246 3827 2493 3881 Rubrum
2521 3828 2659 3881 duce
2694 3827 2875 3898 Moyse
2902 3816 3214 3883 transitum.
3239 3827 3418 3893 Quare
3450 3845 3537 3884 se-

1964 3919 2203 3972 cundum
2240 3917 2624 3988 Symmachum
2651 3917 2852 3972 dicitur
2884 3937 2895 3971 :
2930 3918 3009 3972 Tu
3046 3919 3322 3987 dissipasti
3346 3920 3536 3973 virtute

1965 4019 2057 4062 tua
2086 4023 2265 4064 mare:
2291 4008 2593 4062 secundum
2622 4006 3052 4061 Theodotionem
3095 4024 3252 4064 vero:
3285 4008 3362 4060 Tu
3399 4007 3537 4060 divi-

1963 4101 2081 4153 sisti
2124 4100 2181 4153 in
2229 4101 2463 4168 potentia
2527 4110 2617 4151 tua
2675 4116 2841 4152 mare.
2893 4099 3096 4153 Deinde
3149 4098 3436 4169 Egyptios
3482 4106 3536 4152 et

1965 4190 2305 4245 Pharaonem
2358 4192 2686 4245 adumbrare
2736 4191 2868 4245 mihi
2910 4189 3147 4256 videtur,
3169 4190 3406 4246 dicens:
3458 4190 3535 4245 Tu

1964 4285 2259 4338 contrivisti
2280 4285 2457 4352 capita
2501 4284 2791 4337 draconum
2821 4284 2875 4336 in
2908 4300 3067 4351 aqua.
3113 4282 3191 4337 Tu
3236 4284 3533 4353 confregisti

1964 4376 2138 4445 capita
2162 4376 2431 4430 draconis.
2460 4374 2565 4429 Per
2593 4376 2886 4431 draconem
2921 4376 3130 4431 scilicet
3172 4375 3534 4439 Pharaonem,

1964 4481 2060 4535 per
2106 4467 2284 4536 capita
2315 4481 2446 4521 vero
2492 4467 2632 4535 ejus,
2669 4468 2941 4536 principes
2974 4468 3067 4535 qui
3116 4467 3219 4520 sub
3259 4482 3325 4520 eo
3379 4474 3537 4521 erart

276 4574 373 4626 μοι
414 4557 560 4610 ἁκεῖ
606 4558 855 4625 φάσκωνο
906 4558 988 4613 Σὺ
1031 4559 1401 4628 συνέτριψας
1448 4560 1554 4626 τὰς
1595 4561 1861 4630 κεφαλὰς

1969 4558 2317 4625 subindieat;
2352 4558 2466 4613 sive
2501 4573 2597 4628 per
2628 4560 2917 4621 dracones,
2961 4556 3275 4627 Egyptios;
3308 4572 3404 4625 per
3440 4571 3537 4609 ca-

272 4644 399 4701 τὼν·
421 4647 763 4715 δρακόντων
793 4649 891 4701 ἐπὶ
923 4650 1026 4703 τοῦ
1064 4650 1316 4716 ὒδατοςυ
1355 4650 1436 4704 σὺ
1475 4651 1863 4719 συνέθλασας

271 4738 385 4803 τὴς
438 4738 706 4807 κεφαλὰς
747 4739 851 4793 τοῦ
896 4739 1253 4809 δριὶκοντοςο
1305 4742 1571 4813 δράκοντα
1624 4745 1722 4815 μὲν
1771 4744 1863 4797 τὸν

271 4828 495 4899 Φαραὼ,
536 4829 775 4897 κεεξαλάς
806 4830 862 4881 δὲ
906 4830 1069 4883 αὑτοῦ
1121 4833 1247 4893 τοὺς
1281 4833 1371 4884 ὑπ’
1404 4835 1565 4887 αὑτὸν
1598 4835 1863 4905 ἄρχοντας

272 4919 679 4987 αἰνιττόμενος·
718 4920 751 4989 ἦ
799 4921 1098 4989 δράκοντας
1143 4923 1269 4985 τοὺς
1308 4924 1654 4992 Αἰγυπτίους,
1694 4943 1862 4993 κεφα-

273 5010 372 5075 λὰς
411 5011 469 5063 δὲ
512 5010 688 5064 αὐτῶν
728 5012 854 5074 τοὺς
886 5014 1176 5080 τριστάτας
1222 5017 1317 5068 καὶ
1361 5017 1487 5076 τοὺς
1528 5018 1859 5086 ἡγουμένους

273 5101 458 5154 αὐτῶν
510 5102 808 5171 ὀνομάζων.
865 5103 937 5155 Τὸ
980 5104 1071 5167 δὲ,
1106 5105 1371 5171 Ἕδωκας
1419 5107 1608 5160 αὑτὸν
1648 5107 1860 5177 ,ϐρῶμα

273 5192 438 5257 λαοῖς
474 5192 596 5257 τοῖς
618 5194 910 5259 Αἰθίοψιν,
943 5194 1085 5248 εἴποι
1120 5196 1185 5250 ἄν
1208 5214 1291 5259 τις
1327 5197 1397 5250 τά
1428 5196 1598 5268 νεκρὰ
1633 5197 1859 5269 σώματα

274 5283 475 5347 αὐτῶν,
508 5283 879 5355 ἐκϐρασθέντα
922 5286 1019 5355 τῆς
1055 5286 1345 5357 θαλάσσης,
1384 5287 1547 5359 βορὰν
1578 5290 1857 5357 γεγονέναι

274 5378 385 5439 τοῖς
437 5378 705 5438 πετεινοῖς
752 5375 844 5428 τοῦ
897 5377 1147 5447 οὐρανοῦ.
1192 5380 1335 5432 Ἀντὶ
1376 5378 1433 5431 δὲ
1465 5379 1578 5445 τοῦ,
1611 5380 1734 5447 τοῖς
1761 5385 1857 5436 Al-

276 5466 551 5535 θίοψιν,’ό
593 5468 693 5538 μὲν
730 5467 977 5530 Ἀκύλας,
1019 5469 1143 5535 τοῖς
1181 5470 1688 5542 ἐξελευσομένας,
1731 5474 1759 5526 ό
1799 5474 1855 5526 δὲ

276 5560 584 5619 Θεοδοτίων,
625 5557 704 5623 τῷ
746 5559 1003 5629 ἐσχάτῳ,
1040 5561 1132 5614 καὶ
1172 5563 1199 5633 ἡ
1248 5564 1469 5635 πέμπτη
1518 5564 1746 5629 ἐκδοσις,
1776 5564 1856 5630 τῷ

271 5650 704 5716 ἐξεληλυθότι,
761 5652 1129 5722 ἡρμήνευσαν.
1181 5654 1302 5707 Τῶν
1355 5656 1455 5725 μὲν
1502 5660 1568 5728 τῇ
1621 5657 1857 5729 Ἐρυθρᾷ

273 5738 515 5810 θαλάσσῃ
570 5742 1092 5797 καταποντωθέντων
1150 5747 1529 5816 μνημονεύσας
1585 5750 1614 5801 ό
1675 5748 1849 5818 λόγος,

272 5828 397 5901 ἑξῆς
453 5832 547 5886 καὶ
580 5833 690 5887 τῶν
738 5834 873 5903 μετὰ
924 5836 1093 5891 ταῦτα
1140 5840 1540 5911 πεπραγμένων
1594 5840 1851 5913 ἀναφέρει

1963 4650 2073 4719 pita
2101 4663 2226 4701 vero
2244 4663 2455 4711 eorum,
2489 4647 2760 4717 principes
2800 4656 2854 4702 et
2895 4647 3061 4701 duces
3102 4661 3292 4700 eorum
3326 4644 3536 4716 signiﬁ-

1962 4749 2070 4795 cat.
2102 4741 2232 4794 lllud
2260 4748 2461 4801 autem,
2499 4738 2703 4792 Dedisti
2731 4754 2849 4791 cum
2887 4754 3059 4791 escam
3093 4737 3300 4806 populis
3324 4738 3536 4796 [Ethio-

1960 4832 2137 4900 pibns,
2161 4833 2243 4887 sic
2269 4831 2505 4901 explicet
2544 4830 2839 4899 quispiam,
2868 4830 3011 4898 quod
3039 4844 3301 4885 cadavera
3345 4847 3532 4888 eorum

1962 4921 2029 4973 ad
2082 4922 2237 4975 littus
2266 4920 2436 4975 maris
2471 4920 2675 4989 rejecta
2706 4919 2761 4973 in
2814 4934 2999 4974 escam
3048 4922 3360 4977 volatilibus
3408 4925 3532 4978 caeli

1962 5008 2184 5064 fuerint.
2218 5009 2327 5064 Pro
2358 5010 2452 5064 illo
2477 5018 2681 5074 autem,
2714 5008 3077 5079 Ai'thiopibus,
3105 5014 3332 5082 Aquila,
3363 5031 3534 5085 egres-

1960 5102 2140 5165 suris;
2171 5100 2492 5166 Theodotio,
2518 5101 2839 5165 novissimo;
2872 5103 3061 5172 quinta
3094 5105 3282 5169 editio,
3305 5122 3530 5176 egressa,

1961 5196 2301 5266 interpretati
2331 5203 2480 5250 sunt.
2518 5194 2808 5265 Postquam
2842 5209 3031 5249 eorum
3060 5198 3152 5266 qui
3186 5199 3238 5251 in
3266 5198 3403 5251 mari
3424 5195 3533 5251 Ru-

1958 5287 2059 5343 bro
2082 5287 2315 5342 demersi
2358 5293 2487 5341 sunt
2517 5288 2720 5341 mentio
2749 5288 2888 5343 facta
2918 5297 3022 5350 est,
3050 5288 3153 5341 sub
3197 5287 3309 5341 haec
3340 5301 3529 5340 eorum

1957 5397 2079 5450 qua:
2103 5388 2290 5449 postea
2320 5387 2473 5449 gesta
2505 5387 2632 5433 sunt
2666 5380 2985 5433 memoriam
3025 5378 3265 5441 refricat,
3297 5378 3525 5433 dicens:

1961 5473 2041 5527 Tu
2091 5472 2342 5540 dirapisti
2387 5472 2557 5541 fontes
2595 5481 2644 5525 et
2669 5478 2945 5526 torrentes.
2977 5469 3094 5525 Non
3122 5471 3265 5525 enim
3315 5467 3529 5539 Moyses

1956 5572 2075 5619 erat
2107 5566 2196 5633 qui
2223 5573 2431 5634 petram
2458 5564 2608 5634 virga
2638 5566 2970 5633 percutiens,
2992 5578 3059 5618 ex
3081 5562 3171 5615 illa
3199 5560 3387 5615 eduxit
3407 5558 3527 5615 fon-

1958 5667 2040 5712 tes
2073 5666 2125 5711 ct
2160 5666 2459 5723 torrentes;
2500 5658 2596 5713 sed
2640 5665 2720 5720 tu,
2756 5656 2932 5719 «Deus,
2966 5670 3111 5717 eras,
3141 5654 3233 5724 qui
3278 5653 3392 5708 haec
3429 5668 3526 5725 per

1962 5749 2199 5820 Moysen:
2249 5750 2511 5803 miracula
2541 5749 2815 5819 patrabas.
2852 5747 3008 5813 Quod
3056 5746 3273 5801 additur
3318 5753 3520 5810 autem,

1961 5819 2282 5897 Τιιίδίεέαειὶι
2314 5842 2502 5910 ﬁ'urios
2548 5839 2761 5906 Etham,
2790 5840 2855 5895 ad
2886 5838 3176 5894 Iordanem
3228 5839 3521 5898 releratur.
