4004 6534
571 354 682 416 863

571 474 734 538 Quam
772 468 864 524 ﬁlii
910 467 1077 525 Israel
1111 476 1234 538 post
1282 467 1486 537 Moysis
1531 465 1946 532 mortem,duce
1991 461 2144 525 Jesu,

567 563 904 620 exsiccatum
953 561 1182 632 pedibus
1229 563 1587 615 transierunt.
1615 557 1712 612 Est
1745 563 1924 611 autem
1974 553 2146 624 ﬁgura

569 655 894 726 pcrileptica,
940 670 1064 726 qua:
1113 670 1213 725 pro
1258 654 1526 724 singulari
1577 649 1844 722 pluralem
1903 645 2143 702 adhibet.

569 746 765 800 Etbam
812 761 943 802 vero
991 746 1212 816 Aquila,
1253 745 1450 800 solidos
1500 742 1730 812 ﬂuvios;
1784 738 2147 810 Symmachus

568 844 774 902 autem,
797 838 1067 907 antiquos,
1087 817 1288 891 edidit.
1323 835 1450 891 Haec
1475 834 1696 905 quidem
1723 830 2023 887 secundum
2055 829 2147 883 lit-

565 936 740 982 teram
767 926 912 981 dicta
945 927 1075 982 sint.
1111 927 1342 996 Tropice
1371 933 1551 981 autem
1578 922 1851 994 loquendo
1890 922 2004 976 hate
2027 920 2146 974 loca

566 1017 766 1074 referet
798 1020 1072 1090 quispiam
1103 1019 1170 1074 ad
1205 1018 1450 1073 occultas
1478 1025 1532 1073 et
1563 1016 1864 1070 invisibiles
1890 1014 2142 1077 virtutes,

561 1108 817 1181 dicetque
837 1125 931 1166 eas
963 1127 1089 1167 esse
1123 1111 1417 1174 dracones,
1452 1117 1510 1164 ut
1541 1110 1630 1165 hic
1662 1116 1959 1175 vocantur;
1993 1122 2145 1163 mare

562 1206 746 1256 autem
788 1203 1000 1273 tropice
1044 1211 1349 1274 sumptum,
1378 1218 1568 1258 eorum
1599 1219 1722 1259 esse
1764 1201 2096 1256 domicilium
2126 1219 2142 1268 ;

564 1294 962 1364 perdraconem
981 1312 1110 1352 vero
1123 1297 1290 1352 multa
1307 1296 1489 1367 capita
1509 1295 1820 1358 habentem,
1842 1295 2141 1366 principem

562 1385 928 1456 malignorum
974 1389 1267 1459 spirituum
1318 1387 1589 1442 indicari:
1639 1387 1704 1441 ad
1737 1403 1898 1456 quem
1943 1386 2144 1442 dixerit

561 1477 834 1549 quispiam
867 1479 981 1534 ha'c
1014 1480 1290 1550 pertinere
1323 1500 1337 1535 :
1383 1479 1460 1533 Tu
1493 1480 1989 1550 confregisticapita
2017 1478 2143 1532 dra-

559 1569 733 1632 conis,
764 1567 959 1624 dedisti
995 1587 1113 1624 eum
1140 1586 1314 1624 escam
1353 1569 1562 1638 populis
1599 1566 1957 1638 xEthiopibus.
1987 1567 2144 1634 Qua:-

560 1669 647 1714 ret
677 1659 818 1716 idem
841 1661 1063 1730 quinam
1097 1660 1383 1732 Ethiopes
1412 1660 1685 1732 allegoria:
1719 1675 1870 1716 more
1917 1659 2139 1725 fuerint,

558 1752 815 1822 dicetque
841 1767 937 1808 eos
961 1768 1084 1808 esse
1111 1752 1204 1823 qui
1239 1753 1422 1808 anima
1461 1760 1590 1808 sunt
1617 1753 1792 1823 nigra,
1825 1766 2006 1822 quosa
2029 1766 2142 1806 me-

557 1851 773 1898 morato
803 1844 1046 1899 dracone
1080 1843 1292 1899 comedi
1324 1846 1421 1911 ait,
1441 1844 1740 1913 eademque
1784 1841 2139 1914 pr0portione

556 1947 666 1998 qua
715 1931 752 1986 ii
797 1934 892 2004 qui
940 1936 1203 1992 salutaris
1234 1935 1400 1992 Verbi
1443 1951 1645 1991 carnes
1681 1933 2018 1990 comedunt:
2051 1932 2139 1988 his

556 2032 962 2093 consequenter
987 2024 1167 2081 fontes
1193 2026 1443 2097 diruptos
1472 2025 1529 2081 in
1572 2033 1847 2080 torrentes
1877 2031 1931 2079 et
1957 2023 2138 2080 sicca-

555 2118 644 2167 tos
693 2111 908 2178 ﬁuvios,
942 2117 1156 2186 tropico
1190 2116 1317 2172 item
1367 2132 1519 2172 more
1563 2116 1835 2188 explicare
1883 2113 2137 2169 tentabil.

556 2200 662 2256 Sed
695 2219 795 2260 nos
821 2213 1108 2277 postquam
1141 2223 1205 2263 ea
1248 2207 1314 2262 ad
1340 2208 1575 2262 litteram
1596 2205 2034 2278 explauavimus,
2069 2203 2137 2260 ad

553 2301 751 2349 czetera
783 2307 1151 2354 transeamus.
1183 2299 1319 2355 Cum
1345 2299 1680 2355 declarasset
1710 2297 1972 2370 propheta
2000 2311 2137 2368 qua-

554 2385 627 2439 lia
673 2387 938 2443 miracula
993 2389 1138 2446 Deus
1169 2401 1297 2445 ante
1347 2391 1544 2446 saecula
1588 2406 1682 2445 rex
1733 2389 1990 2454 ediderit,
2019 2388 2136 2444 haec

551 2477 715 2531 etiam
746 2479 932 2550 adjicit
960 2501 972 2537 :
1009 2482 1153 2537 Tuus
1184 2493 1259 2536 est
1289 2483 1421 2548 dies,
1445 2493 1494 2538 et
1527 2492 1619 2536 tua
1642 2492 1718 2538 est
1751 2498 1876 2537 nox.
1904 2480 2131 2536 Tantam

550 2570 754 2640 quippe
812 2588 994 2626 rerum
1049 2576 1406 2631 mulationem
1458 2583 1515 2630 tu
1574 2576 1728 2631 solus
1781 2575 2134 2644 omnipotens

549 2670 810 2730 opt-ratus
853 2680 933 2720 es.
979 2665 1447 2733 Quemadmodum
1499 2669 1644 2724 enim
1677 2667 1832 2722 ﬁrma
1881 2674 2034 2737 petra
2076 2666 2129 2721 in

551 2752 774 2808 ﬂuidam
812 2759 1099 2812 materiam
1133 2775 1424 2825 conversa,
1465 2759 1642 2815 fontes
1672 2767 1726 2814 et
1752 2766 2027 2827 torrentes
2063 2774 2126 2814 ex

549 2846 667 2916 ipsa
697 2847 949 2913 effecisti,
985 2866 1050 2905 ac
1081 2868 1304 2907 rursum
1348 2851 1642 2906 ﬂuviorum
1685 2851 1896 2906 alveum
1930 2867 1960 2904 e
1996 2866 2130 2904 cou-

547 2937 720 2992 trario
768 2941 1086 3005 exsiccasti,
1134 2942 1208 2995 ita
1243 2948 1297 2997 et
1341 2941 1483 2997 diem
1517 2941 1784 2997 arbitratu
1812 2948 1906 2994 tuo
1941 2941 1995 2994 in
2029 2955 2130 2996 no-

547 3040 689 3084 rtem
713 3033 912 3099 vertis,
941 3041 1104 3103 atque
1126 3049 1345 3089 rursum
1380 3043 1597 3089 noctem
1624 3033 1680 3088 in
1705 3033 1849 3088 diem
1882 3048 2127 3088 commu-

546 3130 662 3176 tas:
700 3121 818 3193 ipse
864 3123 1156 3179 luminaria
1198 3134 1253 3181 et
1278 3132 1426 3180 astra
1462 3123 1516 3179 in
1546 3125 1687 3180 ccelo
1726 3125 1911 3180 lucere
1947 3123 2122 3178 fecisti
2151 3143 2197 3206 ρ

541 3214 655 3279 eis;
685 3215 783 3270 soli
814 3231 1037 3271 cursum
1075 3233 1236 3272 suum
1271 3217 1588 3289 assignasti,
1629 3216 1993 3287 omnibusque
2016 3226 2127 3272 ter-

545 3305 728 3361 minos
767 3309 1122 3374 constituisti,
1171 3291 1226 3364 ei
1276 3310 1436 3379 quasi
1483 3308 1720 3365 conﬁnia
1773 3308 2124 3374 distribuisti,

547 3399 788 3468 annique
823 3406 1182 3469 tempestates
1222 3417 1320 3471 per
1349 3417 1513 3458 omne
1559 3402 1818 3458 saeculum
1860 3402 2042 3458 varias
2070 3401 2126 3456 in

543 3489 819 3547 scctioncs
852 3491 1108 3548 divisisti.
1143 3490 1424 3562 Siquidem
1448 3510 1572 3548 cum
1597 3509 1765 3547 unum
1792 3493 1863 3548 sit
1889 3502 2122 3563 tempus,

543 3597 653 3648 una
695 3589 750 3637 et
774 3582 966 3638 eadem
996 3585 1148 3640 orbis
1190 3586 1483 3652 revolutio,
1507 3593 1588 3651 tu,
1619 3584 1784 3648 Deus,
1817 3586 1908 3656 qui
1942 3586 2124 3639 omnia

543 3680 739 3741 potes,
783 3675 953 3728 variis
1005 3675 1464 3731 conversionibus
1517 3683 1690 3731 totum
1745 3674 2120 3731 distribuisti:

540 3769 787 3819 aestatem
820 3766 934 3820 veri
961 3765 1216 3836 junxisti.
1243 3782 1360 3822 eam
1392 3775 1660 3822 autumno
1687 3767 2125 3836 circumscripsi-

542 3856 635 3918 sti,
668 3857 918 3928 byemem
947 3873 1074 3913 vere
1099 3859 1408 3914 terininasti
1436 3879 1447 3914 :
1480 3858 1595 3913 haec
1627 3858 1827 3929 quippe
1851 3858 2037 3913 omnia
2065 3865 2122 3911 tu

543 3947 817 4003 formasti.
851 3949 1120 4014 Quoniam
1173 3951 1335 4021 igitur
1366 3961 1446 4014 tu,
1475 3953 1568 4023 qui
1598 3967 1627 4004 a
1667 3953 1868 4006 sarculo
1897 3958 1951 4005 ct
1997 3957 2124 4006 ante

541 4041 802 4094 saxulum
846 4056 940 4095 rex
989 4053 1172 4098 noster
1207 4045 1440 4108 es,ialia
1490 4043 1753 4096 miracula
1786 4052 1841 4097 et
1879 4041 2123 4113 prodigia

539 4131 724 4195 edere,
753 4142 918 4204 atque
971 4141 1068 4190 tuo
1113 4143 1249 4191 nutu
1301 4135 1597 4189 constituta
1623 4149 1690 4189 ex
1741 4133 2034 4188 contrariis
2065 4133 2122 4188 in

539 4225 820 4279 contraria
846 4234 1060 4282 vertere
1092 4227 1272 4290 soles;
1305 4227 1502 4281 merito
1541 4225 1654 4294 jam
1707 4224 2123 4295 supplicationi-

537 4314 644 4371 bus
665 4332 876 4373 annuas
910 4317 1116 4372 nostris
1162 4332 1462 4388 rogamus:
1495 4324 1550 4371 et
1578 4332 1778 4370 memor
1820 4325 1931 4370 esto
1963 4315 2121 4385 hujus

539 4407 664 4477 (pro
688 4408 779 4462 illo
806 4409 986 4478 hujus,
1008 4407 1390 4480 Symmachus,
1409 4409 1540 4472 lucc,
1561 4409 1952 4478 interpretatus
1972 4406 2078 4476 est)
2103 4422 2117 4470 ;

1243 350 1510 408 EUSEBII
1552 345 2025 406 CzESARlENSlS
2061 345 2213 402 OPP.
2254 344 2434 400 PARS
2470 343 2558 401 lll.
2600 339 3110 400 —.EXEGETICA.

3673 347 3754 405 εει

2176 464 2218 520 Α
2245 462 2345 532 τὴν
2394 462 2612 532 μνήμην
2644 460 2818 528 λέγων
2836 477 2849 489 ·
2887 459 2969 512 Σὺ
2999 456 3305 526 διέρῤηξας
3333 457 3514 528 πηγὰς
3541 461 3626 515 καὶ
3665 484 3754 533 χει.

2243 550 2526 620 μὰρῤους.
2555 551 2630 603 υύ
2677 551 2785 622 γὰρ
2831 550 3066 620 Μωσῆς,
3118 550 3299 620 φησὶν,
3346 547 3412 622 ἦν
3444 553 3470 605 6
3502 556 3560 623 τῇ
3614 555 3754 628 ῥάϐδῳ

2245 642 2421 712 τύψας
2461 643 2560 715 τὴν
2602 643 2807 714 πέτραν
2859 643 2953 695 καὶ
2995 641 3274 711 ἐξαγαγὼν
3316 642 3373 708 ἐξ
3415 645 3568 714 αὐτῆς
3611 649 3755 718 πηγὰς

2247 737 2342 788 καλ⁹
2373 735 2735 808 χειμάρρους·
2773 735 2909 789 ἀλλὰ
2940 736 3003 788 σὺ
3041 730 3204 806 ἦσθα,
3235 735 3425 800 όθεὸς,
3456 737 3482 790 6
3514 739 3659 793 ταῦτα
3687 741 3754 796 διὰ

2254 822 2498 886 Μωσέως
2556 822 3015 893 παραδοξοποιῶν.
3052 825 3161 878 Kal
3190 825 3249 879 τὸ
3269 828 3619 899 ἐπιλεγόμενον
3640 831 3685 884 δὲ
3711 835 3755 888 ὲν

2244 912 2342 984 τῷ,
2369 915 2452 969 Σὺ
2481 915 2778 984 ἐξήρανας
2812 917 3114 987 ποταμοὺς
3155 919 3348 989 Ἠθὰμ.
3393 921 3676 994 ἀναφέροιτο
3705 924 3754 978 6v

2246 1005 2339 1058 ἐπὶ
2376 1005 2466 1059 τὸν
2504 1008 2791 1079 Ἰορδάνην,
2837 1008 2896 1062 ὃν
2945 1009 3382 1082 ἀποξηρανθέντα
3425 1013 3612 1085 διῆλθον
3658 1019 3756 1072 uoci.

2249 1096 2387 1168 μετὰ
2415 1098 2514 1170 τὴν
2540 1100 2780 1164 Μωσέως
2824 1101 3078 1174 τελευτὴν
3109 1106 3156 1156 οἱ
3191 1105 3292 1156 υἱοὶ
3325 1103 3544 1177 Ἰσραὴλ,
3564 1109 3754 1179 ἡγουμέ-

2245 1206 2336 1243 νου
2364 1189 2542 1244 αὐτῶν
2586 1191 2782 1266 Ἰησού.
2823 1193 2978 1248 Ἐστι
3010 1194 3066 1247 δὲ
3094 1198 3121 1250 6
3149 1197 3347 1268 τρόπος
3372 1203 3753 1267 περιληπτικός,

2243 1282 2365 1335 ἀντὶ
2396 1282 2488 1336 τοῦ
2523 1284 2703 1338 ἑνικοῦ
2739 1285 3115 1358 πληθυντικῶς
3148 1291 3605 1361 προενηνεγμένος.
3635 1293 3693 1345 Τὸ
3715 1296 3755 1348 δὲ

2256 1373 2455 1443 Ἠθάμ,
2487 1376 2516 1428 6
2565 1377 2663 1447 μὲν
2697 1377 2930 1442 Ἀκύλας
2977 1380 3263 1449 στερεοὺς
3307 1383 3592 1450 ποταμοὺς
3619 1384 3756 1455 ἡρμή-

2243 1481 2451 1530 νευσεν,
2482 1469 2510 1522 6
2540 1467 2597 1520 δὲ
2623 1469 2915 1541 Σύμμαχος
2941 1469 3250 1539 ἀρχαίους,
3284 1473 3390 1526 Καὶ
3418 1473 3576 1528 ταῦτα
3601 1476 3681 1544 μὲν
3701 1477 3757 1542 ὡς

2243 1557 2379 1628 πρὸς
2409 1557 2506 1629 τὴν
2545 1559 2691 1627 λέξιν
2725 1561 2980 1633 εἰρήσθω.
3008 1561 3296 1633 Τροπικῶς
3334 1565 3379 1617 δ’
3414 1565 3476 1620 ἄν
3511 1582 3586 1630 τις
3607 1568 3756 1620 ﬁatﬁa-

2242 1648 2348 1702 λὼν
2375 1652 2486 1714 τοῖς
2511 1651 2697 1716 τόποις
2733 1654 2933 1707 ἀνοίσει
2975 1654 3147 1708 ταῦτα
3185 1656 3278 1708 ἐπὶ
3305 1656 3549 1727 δυνάμεις
3581 1659 3756 1726 ἀφανεῖς

2241 1741 2336 1792 καὶ
2360 1740 2644 1812 άοράτους,
2672 1743 2840 1808 αὐτάς
2860 1739 2997 1798 εἷναι
3023 1745 3194 1812 λέγων
3221 1745 3347 1809 τοὺς
3369 1746 3637 1818 δράκοντας
3663 1748 3754 1812 τοὺς

2242 1833 2475 1888 ἐνταῦθα
2510 1836 2958 1908 ὠνομασμένους·
3011 1837 3287 1893 θάλασσάν
3335 1858 3394 1893 τε
3437 1842 3677 1913 τροπικῶς
3712 1843 3755 1895 τὸ

2237 1927 2442 1981 τούτων
2472 1929 2803 2002 οἰκητήριον,
2845 1932 3006 1986 αὐτόν
3036 1949 3093 1985 τε
3141 1933 3233 1986 τὸν
3263 1933 3492 2006 ἄρχοντα
3522 1935 3614 1988 τῶν
3634 1951 3755 2008 πονη-

2241 2018 2349 2090 ρῶν
2393 2021 2716 2091 πνευμάτων
2770 2024 3128 2094 σημαίνεσθαι
3177 2025 3268 2079 διὰ
3312 2027 3405 2079 τοῦ
3444 2029 3754 2100 πολυκεφάλου

2170 1806 2212 1862 Β

2237 2109 2529 2182 δράκοντος
2547 2129 2559 2140 ⁸
2601 2113 2728 2184 περὶ
2755 2108 2816 2167 οὗ
2848 2115 3035 2186 φήσειέ
3060 2134 3140 2180 τις
3173 2117 3420 2189 εἰρῆσθαι
3447 2119 3522 2182 τὸ,
3549 2119 3618 2173 Σὺ
3641 2137 3754 2173 cur-

2236 2201 2500 2267 έθλασας
2525 2200 2631 2269 τὰς
2654 2206 2921 2273 κεφαλὰς
2943 2206 3048 2260 τοῦ
3086 2206 3434 2277 δράκοντος,
3460 2209 3657 2277 ἔδωκας
3679 2213 3754 2266 αὐ-

2236 2290 2342 2345 τόν
2357 2292 2570 2361 βρῶμα
2600 2294 2772 2360 λαοῖς
2795 2295 2920 2363 τοῖς
2945 2297 3104 2352 Almo
3115 2301 3200 2367 ψι.
3243 2301 3471 2372 Ζητήσει
3496 2302 3547 2355 δὲ
3574 2304 3599 2356 6
3624 2302 3755 2356 τοιοῦ-

2235 2400 2324 2447 τος
2351 2385 2444 2438 καὶ
2477 2386 2629 2450 τινάς
2654 2386 2917 2451 Αἰθίοπας
2959 2389 3034 2461 (Ι)
3075 2391 3261 2462 νόμοις
3309 2392 3630 2463 ἀλληγορίας,
3663 2395 3754 2457 cci;

2239 2474 2338 2540 τὰς
2370 2477 2548 2547 ψυχάς
2580 2479 3070 2552 μεμελανωμένους
3102 2484 3329 2552 φάσκων
3357 2479 3508 2538 εἶναι’
3530 2485 3610 2549 οὓς
3628 2486 3754 2537 δὲκαὶ

2233 2564 2434 2619 ἐσθίειν
2482 2569 2598 2639 ἐρεῖ
2638 2570 2728 2623 τὸν
2776 2571 3140 2644 προλεχϐἑντα
3194 2574 3492 2645 δράκοντα,
3535 2576 3755 2644 ἀναλόγως

2232 2660 2342 2722 τοῖς
2369 2659 2604 2714 ἐσθίουσι
2635 2662 2728 2716 τοῦ
2765 2665 3031 2736 σωτηρίου
3075 2665 3250 2735 Λόγου
3286 2667 3384 2731 τάς
3416 2669 3630 2739 σάρκας
3660 2668 3755 2720 ἁκο-

2231 2748 2434 2814 λούθως
2465 2751 2522 2805 δὲ
2565 2753 2775 2818 τούτοις
2816 2757 2908 2809 καὶ
2953 2758 3137 2829 πηγὰς
3185 2760 3527 2830 ῥηγνυμένας
3571 2762 3638 2823 εἰς
3673 2777 3753 2829 χει-

2234 2841 2478 2914 μάρρους
2510 2845 2605 2899 καὶ
2638 2851 2916 2919 ποταμοὺς
2963 2850 3495 2924 ἀποξηραινομένους
3536 2852 3751 2924 τροπικῶς

2229 2933 2519 2988 ἀποδοῦναι
2568 2939 2912 3010 πειράσεται.
2958 2942 3096 2995 Ἀλλ’
3131 2944 3313 3014 ἡμεῖς,
3356 2944 3486 3015 πρὸς
3529 2944 3651 3012 λέξιν
3682 2944 3752 3014 τὴν

2228 3024 2466 3083 διάνοιαν
2511 3029 2944 3096 ἀποδεδωκότες,
2993 3035 3087 3087 ἐπὶ
3136 3034 3204 3088 τά
3256 3038 3382 3108 ἑξῆς
3424 3036 3748 3106 διασηαὸμεθα.

2229 3119 2595 3193 Παραστήσας
2637 3123 2667 3175 6
2713 3125 3002 3198 προφήτης
3040 3129 3199 3181 όποία
3239 3129 3516 3202 εἴργασται
3556 3130 3754 3200 Θαύματα

2227 3211 2256 3263 6
2301 3211 2408 3279 πρὸ
2452 3212 2661 3268 αἰώνων
2701 3215 2952 3285 βασιλεὺς
2978 3215 3130 3282 Θεὸς,
3170 3218 3253 3272 ἔτι
3300 3223 3395 3274 καὶ
3437 3220 3595 3274 ταῦτα
3624 3235 3751 3290 πωσ-

2225 3299 2408 3371 τίθησι
2436 3301 2639 3369 λέγων’
2668 3303 2752 3371 Σή
2789 3305 2962 3358 ἐστιν
2995 3307 3034 3372 ἠ
3081 3305 3296 3376 ἡμέρα,
3321 3309 3414 3362 καὶ
3442 3307 3530 3376 ’σή
3568 3305 3752 3372 ἐστινή

2227 3392 2362 3456 νύξ.
2395 3393 2506 3465 Τὴν
2531 3394 2639 3466 γάρ
2667 3395 2937 3466 τοσαύτην
2977 3396 3088 3450 τῶν
3132 3399 3476 3470 πραγμάτων
3513 3397 3754 3470 μεταϐολὴν

2229 3487 2293 3539 σὺ
2332 3486 2490 3557 μόνος
2523 3488 2551 3539 ὀ
2580 3487 2986 3560 παντοδύναμος
3019 3489 3282 3560 εἰργάσω.
3315 3492 3403 3555 Ὠς
3430 3490 3532 3563 γὰρ
3562 3491 3646 3562 τὴν
3668 3505 3754 3542 στε-

2229 3577 2447 3648 ρέμνιον
2471 3578 2674 3650 πέτραν
2696 3581 2774 3643 εἰς
2793 3581 3024 3653 ῥευστὴν
3047 3582 3238 3636 οὐσίαν
3267 3582 3596 3654 μεταϐαλὼν,
3616 3580 3754 3651 πηγὰς

2227 3667 2320 3720 καὶ
2347 3669 2676 3740 χειμάῤῥους
2717 3670 2776 3737 ἐξ
2820 3671 2990 3742 αὐτῆς
3015 3672 3280 3744 εἰργάσω,
3303 3676 3397 3727 καὶ
3455 3671 3687 3728 ἀνάπαλιν
3706 3669 3754 3722 τά

2225 3762 2332 3816 τῶν
2370 3764 2629 3835 ποταμῶν
2666 3763 2908 3835 ῥεύματα
2961 3767 3042 3828 εἰς
3077 3767 3137 3819 τὸ
3184 3766 3425 3820 ἐναντίον
3468 3765 3752 3834 καταστήσας

2227 3855 2528 3928 ἐξήραναςο
2560 3857 2703 3912 οὕτω
2756 3860 2848 3912 καὶ
2890 3858 2988 3931 τὴν
3031 3859 3248 3932 ἡμέραν
3291 3861 3379 3915 ὅτε
3418 3861 3579 3924 Θέλεις
3611 3871 3751 3911 νυκττρ

2228 3950 2417 4011 ποιεῖς,
2449 3947 2684 4018 ἔμπαλίν
2716 3967 2776 4002 τε
2821 3948 2917 4021 τὴν
2956 3949 3127 4004 νύκτα
3171 3953 3527 4022 μετατρέπεις
3562 3953 3633 4012 εἰς
3653 3945 3752 4018 ἡμέ-

2227 4053 2357 4107 ρανο
2400 4038 2560 4101 αὐτὸς
2590 4038 2685 4092 καὶ
2728 4043 3018 4113 εςωστῆρας
3053 4044 3110 4095 ἐν
3147 4042 3366 4115 οὐρανῷ
3417 4040 3751 4113 κατηστέριπις

2223 4130 2427 4193 αὐτοῖς,
2456 4131 2548 4183 καὶ
2574 4131 2710 4202 ἡλίῳ
2731 4131 2974 4199 διέταξας
2995 4133 3248 4205 δρόμους,
3281 4136 3438 4207 ὅρους
3461 4152 3516 4188 τε
3539 4132 3607 4204 τῷ
3632 4127 3751 4183 παντὶ

2223 4221 2610 4294 νομοθετήσας,
2638 4223 2826 4296 ὥσπερ
2868 4224 3152 4297 μεθορίους
3181 4225 3382 4290 διεῖλας
3408 4226 3495 4278 τὸν
3517 4223 3750 4294 σύμπαντα

2223 4315 2395 4369 αἰῶνα
2449 4315 2932 4388 κατακερματίσας
2983 4318 3058 4382 εἰς
3102 4317 3335 4390 διάφορα
3381 4320 3625 4390 τμήματα

2222 4404 2317 4461 τοῦ
2365 4407 2562 4471 παντὸς
2593 4407 2842 4462 ἐνιαυτοῦ
2903 4409 3146 4482 καιρούς.
3185 4411 3337 4475 Ἑνὸς
3368 4410 3474 4481 γάρ
3515 4410 3645 4470 ὄντος
3681 4399 3748 4456 τοῦ

539 4515 937 4571 precamurque
980 4508 1039 4554 ut
1085 4501 1352 4555 malorum
1405 4517 1527 4572 quae.
1585 4501 1745 4555 nobis
1799 4500 2119 4555 acciderunt

2231 4499 2436 4570 χρόνου,
2474 4501 2684 4572 καὶτῆς
2731 4500 2825 4554 τοῦ
2868 4502 3066 4567 παντὸς
3099 4503 3516 4575 άνακυκλήσεως
3545 4501 3655 4572 μιᾶς
3684 4494 3751 4549 καὶ

538 4592 898 4648 mutationem
931 4591 1154 4647 eﬁicias.
1200 4591 1305 4648 Pro
1352 4594 1444 4647 illo
1494 4602 1697 4654 autem,
1731 4591 2122 4661 Tufabricatus

534 4698 589 4738 es
622 4701 873 4738 auroram
905 4696 954 4738 ct
976 4684 1164 4750 solem,
1189 4687 1407 4756 Aquila,
1435 4686 1512 4740 Tu
1535 4686 1852 4756 pra’parasti
1882 4685 2115 4738 lumina-

2229 4591 2329 4661 τῆς
2361 4591 2528 4663 αὐτῆς
2565 4591 2752 4664 οὔσης,
2794 4593 2858 4647 σὺ
2903 4595 2932 4648 ό
2969 4594 3143 4649 πάντα
3169 4595 3396 4660 δυνατὸς
3421 4595 3544 4657 Θεὸς
3573 4590 3751 4664 τροπαῖς

2221 4682 2495 4752 διαφόροις
2531 4681 2730 4745 διεῖλας
2768 4683 2831 4736 τὸ
2871 4684 2999 4748 πᾶν,
3049 4684 3205 4756 Θέρος
3247 4686 3348 4758 μὲν
3379 4685 3496 4757 ἔαρι
3539 4679 3749 4749 συνάψας.

537 4788 592 4827 re
617 4783 667 4827 et
690 4777 875 4838 solem,
909 4774 1297 4845 interpretatus
1330 4787 1434 4833 est.

2231 4774 2387 4845 τούτῳ
2406 4775 2462 4828 δὲ
2486 4774 2803 4847 μετόπωρον
2835 4776 3199 4848 περιγράψας,
3218 4776 3461 4849 χειμῶνά
3480 4792 3533 4828 τε
3555 4771 3753 4842 περιορί-

536 4881 634 4927 ea;
658 4865 776 4936 ἔαρι
796 4882 808 4892 ·
851 4868 1028 4922 πάντα
1054 4869 1163 4942 γάρ
1181 4870 1348 4924 ταῦτα
1385 4872 1448 4924 σὺ
1474 4870 1732 4933 ἔπλασας.
1765 4870 1918 4923 Ἐπεὶ
1941 4870 2119 4922 τοίνυν
2162 4871 2224 4922 σὺ
2253 4871 2280 4921 6
2307 4867 2366 4932 ἐξ
2386 4867 2578 4931 αἰῶνος
2606 4869 2700 4921 καὶ
2726 4867 2830 4939 πρὸ
2853 4868 3047 4933 αἰῶνος
3088 4869 3341 4939 βασιλεὺς
3379 4869 3528 4940 ἡμῶν
3572 4861 3755 4918 τοιαῦτα

533 4957 783 5028 πέφυκας
810 4960 1199 5033 μεγαλουργεῖν
1229 4964 1323 5017 καὶ
1347 4963 1810 5034 παραδοξοποιεῖν,
1851 4961 2204 5033 μεταϐάλλειν
2228 4978 2286 5014 τε
2319 4963 2384 5014 ὲκ
2409 4959 2518 5015 τῶν
2542 4959 2798 5014 ἐναντίων
2835 4963 2916 5024 εἰς
2954 4962 3020 5014 τά
3047 4962 3266 5017 ἐναντία
3297 4962 3365 5015 τά
3429 4961 3503 5031 τῷ
3566 4956 3633 5026 σῷ
3663 4968 3753 5003 νευ-

535 5065 663 5119 ματι
691 5053 1096 5123 παριστάμενα*
1122 5056 1342 5120 εἰκότως
1360 5052 1747 5120 άντιόολούμεν
1806 5055 1900 5108 καὶ
1921 5053 2016 5108 νῦν
2055 5056 2176 5116 ταῖς
2214 5053 2506 5125 ἡμετέραις
2553 5052 2855 5124 ἱκετηρίαις
2890 5053 3191 5117 ἐπινεῦσαι,
3235 5049 3535 5125 μνησθῆναί
3565 5065 3615 5102 τε
3651 5036 3752 5098 ταύ-

531 5160 630 5215 της
663 5143 805 5212 (άντὶ
830 5143 886 5198 δὲ
916 5145 1030 5206 τοῦ,
1065 5149 1307 5215 ταύτης,
1339 5147 1528 5201 ταῦτα
1585 5148 1614 5201 6
1680 5147 1977 5217 Σύμμαχος
2013 5145 2380 5218 ήρμήνευσεν)
2411 5162 2425 5176 ο
2481 5146 2628 5210 ὅπως
2678 5145 2774 5199 καὶ
2821 5145 2906 5215 ἐφ’
2951 5146 3108 5216 ήμῶν
3165 5145 3465 5217 μεταϐολὴν
3513 5140 3749 5211 ποιήσειας

530 5234 636 5288 τῶν
678 5237 1204 5307 προκαταλαϐόντων
1245 5242 1392 5313 ἡμᾶς
1431 5241 1638 5295 κακῶν.
1694 5241 1841 5294 Ἀντὶ
1896 5241 1955 5294 δὲ
2004 5239 2116 5303 τοῦ,
2193 5240 2277 5295 Σὺ
2312 5241 2646 5310 κατηρτίσω
2681 5240 2913 5311 φαῦσιν
2960 5242 3058 5295 καὶ
3115 5242 3312 5311 ἣλιον,
3361 5244 3390 5297 6
3427 5238 3653 5300 Ἀκύλας,
3687 5228 3747 5286 Σὺ

531 5328 863 5397 ἡτοίμασας
892 5333 1176 5402 φωστῆρα
1203 5336 1301 5389 καὶ
1333 5334 1514 5402 ἣλιον
1545 5337 1911 5407 ήρμήνευσεν.

601 5419 766 5479 Vsus.
795 5424 881 5491 18,
904 5427 1096 5484 19-21.
1118 5430 1374 5482 Inimicus
1393 5430 1768 5498 improperavit
1793 5430 2042 5494 Domino,
2059 5441 2110 5484 et

527 5513 751 5579 populus
779 5515 1032 5584 insipiens
1066 5520 1303 5573 incitavit
1333 5536 1521 5573 nomen
1571 5530 1744 5578 tuum.
1786 5519 1869 5574 Ne
1924 5521 2109 5574 tradas

527 5604 710 5659 bestiis
742 5608 982 5661 animam
1020 5611 1353 5678 conﬁtentem
1387 5611 1499 5664 tibi.
1535 5608 1688 5666 Talia
1728 5622 1857 5667 sunt
1890 5612 2110 5667 inenar-

529 5695 718 5750 rabilis
769 5697 988 5755 virtutis
1021 5710 1127 5754 tua:
1159 5718 1346 5770 opera,
1384 5703 1564 5772 qualia
1614 5702 1951 5758 declaratum
2000 5709 2105 5756 est.

508 5785 736 5869 'Hurum
766 5799 824 5843 ut
846 5789 899 5843 in
923 5793 1096 5846 nostri
1127 5794 1355 5853 gratiam
1382 5797 1688 5852 recorderis
1711 5797 2104 5866 supplicamus.

608 5909 684 5979 (Ι)
723 5910 804 5965 An
837 5911 1123 5982 legendum
1158 5933 1299 5980 τινες
1337 5919 1806 5984 Αἰθίοπεςῖἰῧυιτ.

2297 5421 2542 5493 Ἐχθρὸς
2565 5419 2840 5474 ὠνείδισε
2882 5418 2963 5486 τῷ
3009 5421 3221 5490 Κυρίῳ,
3261 5421 3364 5475 καὶ
3402 5421 3552 5488 λαός
3583 5417 3746 5488 ἄφρων·

2213 5514 2526 5584 παρώξυνε
2569 5513 2634 5566 τὸ
2678 5511 2864 5581 ὄνομά
2904 5529 3041 5568 σου.
3085 5513 3181 5581 Μὴ
3216 5511 3490 5581 παραὸῷς
3530 5510 3638 5575 τοῖς
3667 5511 3744 5572 θη·

2206 5609 2362 5677 pinu;
2399 5603 2612 5675 ψυχὴν
2651 5603 3214 5675 ἑξομολογουμένην
3240 5621 3362 5660 σοι.
3420 5605 3498 5660 Τὰ
3546 5603 3634 5675 μὲν
3668 5597 3744 5667 τῆς

2216 5700 2312 5768 σῆς
2373 5697 2749 5768 άνεκερράστου
2813 5697 3095 5768 δυνάμεως
3159 5699 3293 5772 ἔργα
3352 5698 3563 5753 τοιαῦτά
3614 5708 3740 5752 τινα.

2211 5789 2370 5841 ὁποῖα
2415 5786 2705 5859 δεδήλωται
2746 5789 3018 5861 τυγχάνει.
3049 5791 3261 5844 Τούτων
3301 5790 3355 5844 δέ
3396 5806 3450 5842 σε
3487 5782 3741 5858 μνησθῆναι
