4004 6530
253 301 356 358 865

1391 305 1894 362 COMMENTARIA
1935 307 2000 361 IN
2038 305 2380 364 I’SALMOS.

3405 308 3532 366 866‘

250 423 341 480 καὶ
362 423 447 492 ἐφ’
477 423 633 495 ήμῶν
663 425 995 497 ἱκετεύομεν.
1033 427 1251 499 Ἐπειδὴ
1295 428 1388 481 καὶ
1423 428 1517 482 νῦν
1553 431 1604 483 οἱ
1650 429 1827 501 ἐχθροὶ

1935 429 2073 495 Quia
2096 431 2207 498 jam
2241 430 2447 484 inimici
2497 429 2794 500 hostesque
2829 428 3022 493 nostri,
3067 443 3176 484 non
3221 426 3380 483 nobis
3420 427 3510 482 dc-

251 514 341 569 καὶ
374 514 424 566 oi
457 513 728 586 πολέμιοι,
775 516 874 586 οὐχ
919 518 1066 588 ἡμᾶς
1115 518 1241 581 τοὺς
1293 518 1697 590 πολεμηθέντας
1739 520 1834 572 καὶ

251 606 590 677 ὑποχειρίους
609 609 794 672 αὐτοῖς
812 609 1153 680 γενομένους,
1171 609 1304 663 ἀλλά
1336 611 1395 663 σὲ
1415 611 1504 663 τὸν
1525 609 1656 664 Θεὸν
1683 611 1834 682 ήμῶν

247 696 585 762 ὀνειδίζουσι·
623 699 716 754 καὶ
750 700 878 764 λαὸς
897 701 1084 772 ἄφρων
1109 701 1138 753 ὁ
1175 702 1233 754 σὲ
1261 702 1351 754 τὸν
1385 701 1516 755 Θεὸν
1552 703 1625 775 μὴ
1655 702 1858 769 εἰδὼς,η

247 791 337 844 ἐπὶ
358 790 579 861 δαίμοσι
610 791 666 845 δὲ
699 794 794 845 καὶ
841 792 1087 864 πολυθέῳ
1109 792 1286 865 πλάνῃ
1325 792 1697 864 καυχώμενος,
1735 795 1834 866 οὐχ

245 885 410 954 ἡμᾶς,
446 884 582 937 ἀλλά
615 884 674 939 σέ
722 885 900 940 καὶτὸ
926 886 1016 939 σὸν
1045 886 1216 957 ὄνομα
1255 886 1608 958 παρώξυνεν·
1645 883 1705 943 οὗ
1733 888 1833 958 χά-

246 989 328 1045 ριν
384 973 615 1043 δεόμεθα
653 975 744 1028 καὶ
781 973 1166 1046 ἀντιϐολοῦμεν
1188 1016 1203 1040 ,
1251 976 1324 1048 μὴ
1368 976 1615 1040 ἐκδότους
1652 995 1833 1050 παρα-

238 1064 421 1120 δοῦναι
446 1069 562 1130 τοῖς
589 1068 820 1139 ἀπηνέσι
847 1067 912 1139 θη
922 1069 1009 1140 ρσὶ
1031 1069 1130 1132 τὰς
1153 1068 1330 1139 ψυχὰς
1355 1068 1465 1123 τῶν
1489 1069 1834 1140 ἐξομολογου-

242 1159 419 1229 μένων
463 1177 567 1223 σοι,
605 1160 739 1232 μηδὲ
786 1159 956 1232 λήθην
1001 1161 1327 1232 ποιήσασθαι
1355 1163 1435 1225 εἰς
1463 1161 1524 1215 τὸ
1550 1163 1830 1227 παντελὲς,

240 1247 317 1319 μὴ
350 1247 484 1319 βορά
501 1247 788 1320 γενώμεθα
811 1248 1017 1320 Θηρίων
1043 1247 1222 1320 ψυχὰς
1252 1248 1452 1301 ἐσθίειν
1475 1249 1795 1318 πεφυκότων
1815 1265 1831 1281 ο

235 1339 422 1394 ὁποῖαί
467 1341 604 1394 εἰσιν
648 1342 706 1395 αἱ
749 1340 1120 1411 ἀντικείμεναι
1166 1339 1443 1412 δυνάμεις,
1479 1341 1534 1392 αἱ
1576 1338 1687 1391 τῶν
1737 1338 1834 1407 ψυο

236 1429 348 1500 χῶν
396 1430 504 1484 τῶν
551 1430 906 1502 ἀνθρωπίνων
950 1429 1226 1484 ἐπίϐουλοι
1282 1447 1342 1484 τε
1405 1431 1500 1484 καὶ
1545 1429 1828 1501 πολέμιον

233 1520 374 1574 ἀλλά
397 1521 504 1592 γὰρ
533 1522 864 1589 ἐπιϐλεψον
883 1524 971 1588 εἰς
985 1522 1100 1589 τὴν
1114 1521 1552 1589 διαθήκηνσου,
1573 1522 1667 1576 καὶ
1697 1523 1832 1593 μνή-

232 1611 394 1681 σθητι
434 1612 536 1682 τῆς
574 1613 848 1685 συνθήκης
881 1630 996 1680 σου,
1035 1614 1105 1666 δι’
1130 1610 1199 1687 ἦς
1238 1613 1544 1685 ηὐδόκησας
1578 1615 1748 1668 σῶσαι
1770 1615 1830 1668 τὸ

226 1702 343 1755 τῶν
365 1703 669 1775 ἀνθρώπων
693 1705 869 1772 γένος,
900 1705 1091 1776 καινὴν
1127 1704 1388 1775 διαθήκην
1412 1705 1592 1784 αὐτοῖς
1616 1705 1706 1758 διά
1732 1705 1826 1759 τοῦ

1935 522 2153 577 bellatis
2200 522 2416 592 sibique
2450 521 2736 591 subjectis,
2767 519 2860 576 sed
2898 521 2998 584 tibi
3030 521 3144 577 Deo
3184 528 3376 576 nostro
3407 520 3510 573 im-

1934 619 2228 683 properant
2257 633 2269 667 :
2299 620 2352 667 et
2376 613 2611 683 populus
2642 611 2928 683 insipiens,
2954 613 3047 682 qui
3076 620 3130 666 te
3159 609 3326 664 Deum
3362 609 3508 680 igno-

1935 712 2040 769 rat,
2074 704 2520 774 daemonibusque
2567 717 2633 759 ac
2673 705 2966 759 multorum
3009 703 3294 761 numinum
3321 713 3524 755 errore

1933 795 2219 867 gloriatur,
2239 811 2349 850 non
2384 811 2505 860 nos,
2534 794 2629 850 sed
2659 803 2710 850 te
2739 803 2793 852 et
2823 810 3022 850 nomen
3047 802 3200 849 tuum
3238 791 3505 856 incitavit;

1935 889 2056 942 ideo
2085 888 2460 957 supplicamus
2487 895 2541 942 et
2576 902 2835 958 rogamus
2855 927 2870 952 ,
2906 901 2976 941 ne
3010 885 3222 939 animas
3251 881 3511 938 conﬁten—

1936 982 2067 1033 tium
2096 979 2196 1033 tibi
2232 979 2566 1034 immanibus
2604 978 2738 1034 feris
2768 977 3052 1034 dedititias
3090 975 3297 1038 tradas,
3333 989 3511 1044 neque

1933 1085 2035 1125 nos
2073 1071 2125 1124 in
2151 1080 2470 1140 perpetuum
2495 1071 2860 1132 obliviscaris,
2889 1085 2960 1124 ne
2985 1069 3282 1124 bestiarum
3300 1066 3512 1120 animas

1931 1161 2199 1217 devorare
2261 1162 2548 1216 solitarum
2599 1176 2726 1217 esca
2772 1162 3070 1216 evadamus
3103 1180 3115 1214 :
3145 1159 3336 1230 quales
3382 1166 3512 1211 sunt

1931 1250 2258 1304 adversariae
2293 1258 2592 1320 potestates
2614 1289 2629 1314 ,
2661 1266 2783 1320 qua:
2817 1251 3075 1306 humanis
3105 1249 3395 1304 animabus
3427 1248 3514 1301 in-

1931 1342 2206 1398 sidiaulur
2250 1357 2314 1396 ac
2350 1343 2551 1398 bellum
2583 1343 2827 1398 inferunt
2863 1364 2874 1398 :
2901 1344 2996 1398 sed
3041 1345 3238 1412 respice
3267 1343 3318 1395 iu
3345 1351 3512 1395 testa-

1931 1443 2164 1486 mentum
2198 1442 2366 1495 tuum,
2397 1441 2452 1489 et
2487 1449 2699 1489 memor
2731 1444 2851 1489 esto
2874 1435 3020 1504 pacti
3047 1434 3150 1498 tui,
3183 1448 3292 1502 quo
3320 1431 3514 1485 huma-

1930 1540 2060 1578 num
2094 1541 2266 1594 genus
2301 1527 2510 1582 salvum
2545 1527 2726 1582 facere
2757 1527 2855 1586 tibi
2878 1528 3232 1597 complacuit,
3257 1541 3380 1580 cum
3408 1538 3510 1578 no-

1928 1630 2057 1668 vum
2086 1615 2222 1685 ipsis
2267 1624 2653 1672 testamentum
2701 1633 2798 1688 per
2827 1618 3102 1672 Christum
3138 1625 3290 1670 tuum
3313 1613 3515 1684 elargi-

1929 1715 2019 1763 tus
2050 1723 2130 1762 es.
2153 1707 2378 1762 Etiamsi
2409 1709 2553 1763 enim
2575 1710 2796 1779 quidam
2824 1719 2973 1776 sunt,
2997 1717 3179 1764 mente
3207 1707 3510 1770 obscur-ali,

227 1792 472 1864 Χριστοῦ
511 1811 603 1847 σου
641 1795 1039 1868 δεδωρημένος.
1083 1797 1146 1849 Εἰ
1194 1795 1304 1866 γάρ
1343 1798 1439 1849 καὶ
1481 1797 1548 1849 τά
1595 1797 1827 1867 μάλιστα

1930 1800 2021 1868 qui
2067 1799 2223 1853 domo
2263 1802 2604 1871 iniquitatum
2651 1802 2842 1871 repleti
2899 1811 3056 1865 sunt,
3088 1817 3190 1856 nec
3229 1800 3511 1856 Christum

225 1886 492 1954 γεγόνασί
529 1905 674 1951 τινες
717 1889 1087 1962 ἐσκοτωμένοι
1131 1890 1230 1962 τὴν
1271 1891 1512 1944 διάνοιαν
1557 1891 1652 1946 καὶ
1685 1891 1829 1958 οἴκῳ

223 1979 494 2048 ἀνομιῶν
520 1981 958 2054 πεπληρωμένοι,
1003 1982 1077 2053 μὴ
1101 1982 1535 2054 παραδεξάμενοι
1570 1983 1662 2035 τὸν
1692 1982 1843 2051 Χρι-’

221 2069 360 2121 στόν
406 2086 520 2132 σου,
564 2070 698 2124 ἀλλὰ
744 2072 808 2125 σὺ
845 2071 920 2135 ὼς
965 2072 1346 2144 φιλάνθρωπος
1393 2073 1523 2136 Θεὸς
1560 2071 1669 2125 τῶν
1719 2071 1829 2125 σῶν

218 2160 468 2229 πτωχῶν
511 2161 584 2232 μὴ
623 2163 976 2234 ἀποστραφῇς
1010 2165 1110 2229 τὰς
1151 2165 1450 2238 ἱκετηρίας.
1486 2164 1644 2228 Τίνες
1675 2163 1720 2218 δ’
1762 2165 1828 2218 ἂν

217 2245 344 2302 εἷεν
375 2253 425 2303 οι
460 2254 665 2322 πτωχοὶ
687 2255 736 2306 οἱ
782 2254 952 2308 ταῦτα
1002 2257 1141 2328 ὑπὲρ
1182 2257 1381 2320 παντὸς
1421 2257 1703 2326 εὐχόμενοι
1732 2254 1827 2308 τοῦ

217 2339 382 2402 λαοῦ,
411 2341 527 2394 ἀλλ’
555 2344 604 2395 οἱ
631 2343 723 2396 τοῦ
749 2344 1002 2416 Σωτῆρος
1031 2349 1063 2417 ή
1072 2346 1187 2417 μῶν
1212 2348 1450 2418 μαθηταὶ
1479 2348 1572 2399 καὶ
1596 2346 1828 2400 ἀπόστο-

219 2429 308 2484 λοι
371 2433 506 2504 πρὸς
556 2433 650 2496 οὓς
701 2435 954 2502 ἐλέγετο·
1007 2436 1298 2506 Μακάριοι
1358 2441 1412 2491 οἱ
1469 2438 1690 2506 πτωχοὶ
1745 2436 1828 2502 τῷ

219 2525 542 2594 πνεύματι,
575 2525 663 2577 ὅτι
701 2527 955 2596 ὑμετέρα
985 2529 1157 2582 ἐστὶν
1190 2530 1544 2597 ήζβασιλεία
1580 2528 1698 2582 τῶν
1721 2530 1824 2583 οὺ·-

213 2614 464 2684 ρανῶν;
485 2617 704 2682 Τούτοις
730 2618 836 2691 γὰρ
860 2617 955 2674 καὶ
983 2619 1214 2683 Ἡσαΐας
1241 2620 1540 2692 ἐμαρτύρει
1567 2622 1632 2675 ἐκ
1659 2637 1826 2690 προσ-

221 2712 384 2765 ῶπου
413 2711 588 2781 λέγων
625 2713 720 2768 τοῦ
760 2713 1024 2786 Χριστοῦ⁸
1061 2714 1302 2785 Πνεῦμα
1330 2718 1550 2784 Κυρίου
1583 2716 1674 2768 ἐπ’
1700 2715 1823 2784 ἐμὲ,

221 2803 302 2862 οὗ
347 2807 581 2858 εἵνεκεν
626 2805 834 2876 ἐχρισέ
883 2823 980 2876 με,
1021 2809 1525 2878 εὐαγγελίσασθαι
1571 2807 1827 2874 πτωχοῖς

219 2897 574 2954 ἀπέσταλκέ
600 2915 696 2968 με.
735 2893 892 2952 Οὗτοι
927 2899 1074 2968 γοῦν.
1106 2899 1476 2971 ὑπερηύχοντο
1503 2899 1596 2952 τοῦ
1627 2899 1828 2962 παντὸς

217 2988 382 3050 λαοῦ,
423 2989 704 3059 μονονουχὶ
737 2989 1007 3060 φήσαντες
1034 2990 1102 3044 ἂν
1133 2992 1182 3043 οἱ
1213 2991 1413 3055 πάντες
1444 2992 1596 3045 αὐτοὶ
1628 2991 1828 3060 ὁμοίως

218 3081 430 3150 Παύλῳ
454 3080 516 3134 τό
535 3097 550 3111 ⁶
572 3081 865 3150 Ηῠχόμην
885 3081 1152 3152 ἀνάθεμα
1174 3080 1326 3136 εἶναι
1356 3083 1507 3151 ὑπὲρ
1526 3083 1642 3136 τῶν
1660 3083 1827 3137 ἀδελο

1926 1901 2080 1946 tuum
2113 1893 2420 1962 recipiunt;
2454 1901 2507 1946 at
2535 1901 2591 1946 tu
2617 1901 2803 1963 utpote
2835 1893 2978 1949 Deus
3001 1894 3246 1949 clemens
3272 1893 3510 1947 homini-

1927 1983 2052 2044 bus,
2078 1999 2378 2054 pauperum
2405 1992 2623 2039 tuorum
2653 1985 3082 2055 supplicationes
3111 2001 3179 2040 ne
3217 1984 3508 2040 averseris.

1927 2073 2162 2142 Quinam
2201 2091 2332 2132 vero
2375 2091 2647 2146 pauperes
2681 2084 2830 2140 sunt,
2867 2078 2958 2147 qui
2991 2093 3091 2146 pro
3131 2077 3389 2132 universo
3421 2090 3512 2146 po-

1927 2167 2058 2236 pulo
2075 2166 2204 2220 talia
2232 2173 2549 2236 precantur,
2577 2166 2684 2222 nisi
2703 2167 2958 2237 discipuli
2991 2167 3302 2222 Servatoris
3333 2164 3509 2222 nostri

1926 2265 1982 2313 et
2019 2258 2274 2328 apostoli,
2303 2257 2505 2326 quibus
2535 2258 2820 2315 dicebatur
2852 2279 2863 2313 :
2898 2260 3053 2314 Beati
3082 2277 3336 2330 pauperes
3359 2261 3510 2328 spiri-

1927 2356 2006 2410 tu,
2035 2349 2286 2417 quoniam
2315 2357 2546 2402 uestrum
2595 2358 2673 2402 est
2719 2365 2938 2418 regnum
2989 2352 3238 2404 calorum
3267 2351 3311 2383 "
3333 2351 3356 2403 ’ἒ
3383 2348 3511 2404 Haec

1925 2439 2074 2493 enim
2110 2437 2280 2493 Isaias
2304 2453 2386 2493 ‘ex
2417 2455 2653 2509 persona
2683 2438 2890 2495 Christi
2914 2442 3315 2496 testiﬁcabatur
3346 2459 3360 2495 :
3394 2441 3514 2509 Spi-

1925 2533 2062 2584 ritus
2087 2530 2304 2585 Domini
2327 2547 2484 2600 super
2499 2548 2600 2596 me,
2619 2547 2678 2586 eo
2696 2531 2835 2602 quod
2864 2535 3075 2587 unxerit
3106 2549 3220 2594 me;
3247 2533 3512 2603 evangeli-

1926 2638 2050 2676 zare
2077 2621 2394 2690 pauperibus
2433 2623 2578 2676 misit
2604 2638 2686 2677 me
2707 2623 2772 2676 ’⁸.
2802 2621 2868 2676 IIi
2895 2623 3081 2693 itaque
3119 2639 3218 2694 pro
3250 2624 3512 2679 universo

1924 2717 2128 2786 populo
2158 2715 2548 2786 precabantur,
2583 2714 2726 2770 idem
2763 2715 2876 2769 fere
2913 2715 3160 2771 dicentes
3188 2716 3336 2785 quod
3367 2715 3504 2770 Pau-

1925 2810 2059 2862 lus:
2111 2807 2373 2876 Optabam
2411 2806 2692 2860 anathema
2733 2822 2846 2860 esse
2894 2822 2990 2875 pro
3046 2806 3304 2875 fratribus
3357 2807 3508 2869 meis,

1927 2900 2165 2970 cognatis
2189 2899 2316 2952 meis
2335 2897 2618 2952 secundum
2648 2913 2882 2961 carnem,
2900 2899 2990 2968 qui
3015 2909 3138 2952 sunt
3159 2896 3425 2952 Israelita:
3439 2899 3507 2949 ”.

1926 2989 2037 3060 Ipsi
2061 3005 2281 3060 quoque
2307 2988 2586 3060 propheta:
2622 2989 2739 3050 Dei,
2773 2991 2866 3059 qui
2898 2997 3122 3060 propter
3160 2989 3340 3059 ipsum
3379 3003 3514 3060 pau-

1928 3097 2086 3152 peres
2113 3088 2293 3140 erant.
2330 3081 2443 3134 haec
2483 3095 2582 3150 pro
2615 3087 2728 3134 tota
2755 3089 2917 3150 gente
2950 3080 3338 3152 precabantur.

217 3175 360 3246 ςοῶν
383 3193 523 3246 μου,
553 3175 672 3229 τῶν
704 3176 1015 3246 συγγενῶν
1028 3195 1149 3247 μου
1207 3177 1355 3232 κατὰ
1417 3177 1632 3246 σάρκα,
1659 3177 1877 3244 οἵτινές
1912 3179 2072 3231 εἰσιν
2122 3176 2504 3245 Ἰσραηλῖται.
2546 3175 2657 3230 Καὶ
2706 3175 2859 3230 αὐτοὶ
2906 3175 2963 3230 δὲ
3013 3178 3063 3229 οἱ
3101 3176 3378 3247 προφῆται
3412 3175 3510 3231 τοῦ

216 3267 388 3332 Θεοῦ,
419 3267 484 3321 δι’
517 3269 679 3322 αὐτὸν
707 3270 1097 3342 πτωχεύοντες,
1139 3271 1293 3326 ταῦθ’
1319 3272 1458 3344 ὑπὲρ
1487 3271 1578 3325 τοῦ
1619 3272 1818 3335 παντὸς
1857 3271 2206 3325 καθικέτευον
2230 3271 2435 3334 ἔθνους.

318 3361 607 3427 Ἀνάστα,
662 3367 695 3417 ό
756 3365 923 3431 Θεὸς,
975 3365 1233 3419 δίκασον
1287 3365 1402 3434 τὴν
1450 3365 1630 3435 δίκην
1685 3383 1821 3431 σου,

2001 3363 2166 3420 Vens.
2191 3364 2374 3419 22-25.
2419 3363 2679 3434 Exsurge,
2709 3363 2870 3426 Deus,
2883 3362 3071 3432 judico
3097 3378 3315 3417 causam
3340 3371 3508 3428 tuam,

219 3453 533 3525 μνήσθητι
558 3454 679 3509 τῶν
706 3457 1063 3526 ὀνειδισμῶν
1091 3472 1229 3522 σου,
1263 3459 1380 3514 τῶν
1407 3457 1525 3511 ὑπὸ
1560 3457 1823 3526 ἄφρονος

221 3548 390 3614 ὅλην
426 3543 830 3618 τδινλήμέραν.
864 3547 962 3616 Μὴ
1003 3548 1259 3615 ἐπιλάϐῃ
1309 3547 1419 3616 τῆς
1465 3546 1671 3616 φωνῆς
1708 3546 1826 3599 τῶν

219 3635 462 3707 ἐχθρῶν
499 3654 616 3692 σου
641 3677 656 3701 ,
698 3638 736 3705 ἡ
794 3640 1176 3708 ὑπερηφανία
1225 3637 1344 3691 τῶν
1377 3639 1724 3707 μισούντων
1751 3652 1826 3689 σε

221 3728 417 3796 ἀνέϐη
466 3728 815 3796 διαπαντόςζ
877 3729 1096 3802 Ἐπειδὴ
1136 3731 1235 3801 οὐχ
1298 3731 1459 3800 ἡμεῖς
1518 3727 1824 3800 ἠδικήμεθα

225 3819 370 3874 ἀλλά
403 3820 467 3874 σύ
489 3838 501 3850 ’
533 3822 592 3874 σέ
621 3821 731 3894 γὰρ
754 3821 1032 3876 ὠνείδισεν
1055 3824 1084 3876 ὁ
1108 3822 1322 3894 ἐχθρὸς,
1352 3823 1446 3875 καὶ
1473 3821 1599 3885 λαὸς
1631 3823 1825 3892 ἄφρων

221 3913 291 3966 τὸ
332 3913 424 3966 σὸν
465 3911 637 3983 ὄνομα
676 3913 996 3984 παρώξυνεο
1049 3913 1241 3967 τούτου
1279 3914 1436 3987 χάριν
1476 3911 1760 3983 ἀνάστηθι,
1795 3914 1824 3966 ὁ

224 4005 388 4068 Θεὸς,
420 4007 513 4058 καὶ
543 4006 767 4060 δίκασον
793 4005 892 4077 τὴν
929 4005 1085 4078 δίκην
1121 4024 1235 4059 σου.
1283 4005 1439 4060 Κατά
1467 4006 1524 4058 δὲ
1555 4004 1647 4059 τὸν
1675 4005 1822 4076 Σύμ-

227 4114 442 4168 μαχον*
486 4097 684 4164 Enim,
719 4101 751 4152 ὀ
800 4099 979 4164 Θεὸς,
1024 4099 1420 4168 προμάχησον
1468 4097 1577 4165 τῆς
1621 4095 1824 4167 μάχης

224 4207 371 4253 σου,
414 4191 511 4244 καὶ
559 4173 996 4260 μνημόνευσον
1052 4191 1158 4245 τοῦ
1210 4191 1484 4256 ὀνείδους
1513 4207 1629 4244 σου
1662 4190 1824 4257 παρὰ

224 4281 495 4352 ἄφρονος
522 4283 628 4337 τοῦ
652 4283 748 4336 διὰ
775 4285 980 4351 πάσης
1012 4283 1257 4352 ἡμέρας.
1292 4286 1349 4336 Μ
1357 4282 1389 4350 ὴ
1423 4280 1681 4350 ἐπιλάϐῃ
1713 4280 1824 4348 τῆς

225 4375 438 4447 φωνῆς
464 4375 582 4430 τῶν
603 4378 905 4446 πολεμίων
923 4391 1062 4438 σου,
1087 4376 1280 4445 ἤγουν
1298 4375 1373 4447 (I)
1393 4375 1509 4428 τῶν
1527 4375 1824 4443 ἀνθεστη-

228 4469 428 4520 κότων
456 4483 577 4530 σοι,
607 4467 821 4536 μέχρις
851 4463 922 4522 οὗ
946 4467 1377 4533 ἀναϐαίνοντος
1397 4466 1825 4532 άδιιιλει’πτως;

226 4560 343 4611 Και
372 4559 534 4628 μέχρι
552 4558 752 4612 τούτων
771 4559 984 4612 ἵσταται
1000 4561 1028 4611 ὁ
1045 4559 1200 4628 λόγος
1223 4557 1559 4631 παρακαλῶν
1581 4558 1672 4611 τὸν
1693 4559 1824 4611 Θεὸν

227 4648 581 4718 διαναστῆναι
612 4651 704 4703 καὶ
735 4651 950 4704 δικάσαι
978 4651 1076 4722 τὴν
1111 4651 1266 4721 δίκην
1297 4650 1486 4712 αὑτοῦ,
1516 4649 1822 4722 μνησθῆναί

1927 3473 2124 3510 memor
2152 3465 2263 3509 esto
2287 3455 2687 3525 opprobriorum
2717 3463 2949 3518 tuorum,
2980 3468 3160 3506 eorum
3190 3466 3308 3522 quw
3333 3450 3397 3504 ab
3425 3451 3510 3504 in-

1926 3548 2146 3617 sipiente
2175 3556 2297 3600 sunt
2329 3556 2442 3600 tota
2468 3546 2574 3600 die.
2611 3544 2694 3600 Ne
2726 3545 3057 3600 obliviscaris
3084 3561 3231 3600 voces
3263 3544 3512 3596 inimico-

1927 3657 2044 3692 rum
2077 3648 2311 3704 tuorum,
2345 3638 2594 3708 superbia
2615 3655 2795 3693 eorum
2826 3641 2918 3709 qui
2949 3648 2997 3692 te
3027 3638 3250 3692 oderunt
3273 3636 3512 3689 ascendit

1924 3748 2146 3799 semper.
2180 3731 2319 3797 Quia
2373 3747 2483 3784 non
2536 3746 2638 3786 nos
2695 3730 2894 3801 injuria
2944 3729 3124 3784 affecti
3172 3742 3385 3790 sumus,
3411 3727 3510 3782 sed

1927 3831 1984 3877 tu
2015 3841 2026 3876 :
2063 3838 2186 3877 nam
2213 3823 2313 3878 tibi
2350 3823 2609 3878 inimicus
2639 3821 3052 3893 improperavit,
3079 3828 3133 3876 et
3164 3821 3400 3892 populus
3426 3820 3512 3874 iu-

1926 3917 2135 3986 sipiens
2175 3915 2423 3970 incitavit
2456 3931 2652 3970 nomen
2688 3923 2876 3980 tuum;
2909 3914 3033 3969 ideo
3065 3927 3321 3981 exsurge,
3342 3909 3506 3974 Deus,

1925 4017 1980 4062 ct
2029 4007 2217 4078 judica
2267 4022 2494 4062 causam
2547 4017 2718 4062 tuam.
2753 4005 3068 4060 Secundum
3119 4002 3512 4074 Symmachum

1925 4109 2107 4155 autem
2147 4120 2158 4155 :
2197 4100 2319 4163 Sta,
2354 4099 2516 4163 Deus,
2548 4115 2818 4169 propugna
2850 4107 3112 4151 certamen
3142 4105 3314 4159 tuum,
3343 4105 3394 4148 et
3427 4110 3510 4148 re-

1925 4190 2147 4244 cordare
2176 4190 2442 4259 opprobrii
2476 4190 2552 4243 tui
2591 4189 2656 4242 ab
2692 4190 2970 4257 insipiente
2998 4204 3092 4257 per
3137 4194 3303 4240 totam
3349 4187 3506 4239 diem.

1928 4280 2010 4337 Ne
2045 4282 2376 4336 obliviscaris
2409 4297 2555 4336 voces
2587 4281 2923 4333 inimicorum
2951 4289 3184 4343 tuorum,
3216 4277 3271 4332 id
3297 4287 3395 4341 est,
3423 4295 3511 4332 eo-

1925 4390 2043 4426 rum
2074 4374 2163 4442 qui
2201 4373 2298 4425 tibi
2344 4372 2629 4425 obsistunt.
2667 4370 2944 4442 Usquequo
2980 4368 3261 4424 ascendent
3310 4367 3510 4422 indesi-

1925 4464 2146 4518 nenter?
2181 4462 2245 4515 Et
2276 4463 2383 4515 huc
2418 4461 2621 4517 desinit
2649 4476 2855 4525 sermo,
2881 4459 3052 4515 Deum
3086 4474 3290 4529 rogans
3323 4467 3383 4512 ut
3410 4475 3511 4512 ex-

1925 4564 2113 4625 surgat
2158 4563 2212 4608 et
2250 4553 2460 4622 judicct
2504 4568 2728 4608 causam
2767 4545 2921 4607 suam
2953 4551 3384 4618 recordeturque
3413 4564 3510 4616 op-

1925 4646 2132 4716 probrii
2165 4646 2234 4697 ab
2263 4643 2652 4714 insipientibus
2679 4644 2838 4707 illati,
2878 4657 3055 4711 neque
3086 4641 3349 4695 oblivioni
3397 4649 3511 4692 tra-

231 4757 294 4792 τε
331 4738 423 4792 τοῦ
453 4740 765 4812 ὀνειδισμοῦ,
804 4741 911 4795 τῶν
945 4729 1228 4812 ἀφ’ρόνων,
1271 4743 1405 4814 μηδέ
1456 4743 1593 4813 λήθῃ
1639 4757 1818 4813 παρα-

1927 4741 2015 4795 dat
2043 4755 2205 4794 voces
2233 4737 2582 4792 inimicorum
2611 4753 2675 4792 ac
2698 4736 3008 4806 superbiam
3033 4749 3224 4789 eorum
3249 4733 3341 4803 qui
3366 4749 3512 4789 sem-

233 4831 422 4884 δοῦναι
449 4831 549 4895 τὰς
577 4834 762 4900 φωνὰς
789 4833 896 4886 τῶν
930 4833 1140 4905 ἐχθρῶν
1174 4835 1267 4887 καὶ
1312 4834 1413 4897 τάς
1441 4833 1821 4905 ὑπερηφανίας

231 4921 346 4975 τῶν
385 4921 674 4987 διαπαντὸς
720 4925 1116 4997 ἐπαιρομένων.
1174 4927 1248 4978 Οὐ
1309 4926 1415 4997 μὴν
1458 4927 1821 4995 ἐπισυνῆπται

234 5014 448 5078 τούτοις
479 5015 604 5086 ἑξῆς
639 5019 974 5088 χρηστοτέρα
998 5035 1081 5081 τις
1112 5017 1424 5089 ἀπόκρισις,
1453 5017 1572 5070 οὐδέ
1599 5016 1821 5084 ἀγαθῶν

236 5107 543 5176 ἐπαγγελία
601 5113 712 5174 τοῖς
756 5109 1060 5180 δεηθεῖσιν,
1112 5111 1249 5181 ὅπερ
1287 5110 1435 5163 ἔστιν
1483 5111 1568 5179 ἐφ’
1619 5110 1820 5180 ἐτέρων

236 5199 441 5270 εὑρεῖν.
473 5201 668 5271 Διόπερ
701 5202 1001 5272 ἀρχόμενος
1029 5204 1057 5255 δ
1084 5201 1237 5270 λόγος
1263 5201 1526 5272 ἀπωσμὸν
1563 5203 1643 5264 εἰς
1671 5200 1822 5264 τέλος

240 5290 498 5344 ἐθέσπισε
523 5295 635 5356 τοῖς
662 5293 1028 5365 δηλουμένοις,
1059 5295 1152 5347 καὶ
1180 5294 1246 5347 δι’
1273 5294 1394 5346 ὅλου
1416 5294 1496 5354 τὸ,
1519 5295 1604 5358 εἱς
1625 5292 1820 5357 τέλος,

241 5381 420 5451 ἐπῆγε
448 5387 516 5454 τῇ
546 5383 655 5437 τῶν
697 5384 1037 5456 σκυθρωπῶν
1068 5387 1391 5458 προρῤήσει.
1420 5385 1610 5438 Ἔνθεν
1643 5383 1825 5456 ὁρμώ-

246 5491 410 5543 μενος
454 5476 548 5528 καὶ
584 5478 612 5529 ὁ
655 5477 796 5540 θεῖος
841 5477 1182 5540 Ἀπόστολος,
1226 5477 1452 5547 γράφων
1493 5476 1621 5547 περὶ
1646 5474 1825 5528 αὐτῶν

246 5568 400 5639 ειεγε
438 5573 497 5624 τὸ
523 5615 537 5638 ,
580 5574 848 5642 Ἐφθασε
881 5573 950 5626 δὲ
977 5577 1063 5639 εις
1102 5573 1324 5639 αὐτοὺς
1359 5573 1397 5640 ἡ
1430 5571 1575 5642 ὀργὴ
1608 5574 1694 5638 εἰς
1719 5571 1911 5638 τέλος.

1926 4848 2023 4902 per
2054 4831 2414 4885 extolluntur.
2451 4829 2635 4900 Neque
2664 4837 2846 4884 tamen
2901 4827 2988 4882 his
3042 4828 3185 4882 bona
3222 4827 3510 4896 responsio

1925 4921 2204 4990 adjicitur,
2227 4935 2403 4990 neque
2431 4920 2736 4974 orationem
2767 4919 3035 4974 bonorum
3063 4919 3356 4988 promissio
3381 4931 3512 4972 cono

1925 5013 2189 5082 sequitur,
2216 5011 2362 5082 quod
2390 5012 2512 5067 aliis
2545 5011 2598 5066 in
2627 5011 2853 5081 psalmis
2884 5011 3124 5080 reperire
3149 5018 3252 5066 est.
3280 5009 3406 5064 Ideo
3439 5010 3509 5064 ab

1923 5105 2150 5161 exordio
2184 5105 2542 5175 ahjectionem
2577 5113 2890 5176 perpetuam
2925 5103 3241 5157 memoratis
3276 5101 3510 5155 homini-

1928 5198 2034 5252 bus
2067 5197 2494 5258 vaticinabatur,
2529 5204 2585 5252 et
2619 5197 2672 5250 in
2709 5203 2824 5250 toto
2849 5196 3060 5264 psalmo
3086 5195 3324 5249 tristium
3364 5208 3508 5264 pra:-

1929 5291 2158 5346 dictioni
2209 5291 2364 5358 illud,
2400 5292 2454 5345 in
2508 5292 2685 5360 ﬁnem,
2733 5290 2996 5346 subdidit.
3035 5287 3172 5343 IIinc
3221 5286 3509 5342 occasione

1929 5394 2086 5454 capta
2124 5385 2344 5440 divinus
2371 5385 2685 5456 Apostolus,
2722 5385 2789 5440 de
2819 5383 3014 5439 iisdem
3050 5381 3302 5438 scribens
3327 5379 3505 5435 dixit:

1932 5474 2180 5530 Pervenit
2202 5486 2379 5531 autem
2413 5476 2481 5530 ad
2512 5494 2600 5532 eos
2623 5479 2709 5532 ira
2745 5477 2798 5531 in
2824 5477 2981 5547 ﬁnem
2997 5475 3064 5531 ⁸ο.

319 5682 362 5712 ’⁷
407 5680 594 5736 Matth.
630 5699 694 5746 ν,
729 5684 782 5738 5.
858 5684 904 5715 ’⁸
947 5681 1051 5740 Isa.
1093 5699 1215 5752 ιλιι,
1254 5685 1304 5739 I.
1381 5685 1426 5715 "
1467 5681 1623 5737 Rom.
1659 5699 1746 5748 Ix,
1777 5681 1827 5745 5,

2000 5685 2044 5716 ³⁸
2087 5685 2103 5739 Ι
2140 5685 2332 5744 Thess.
2372 5703 2449 5754 II,
2492 5689 2577 5742 I6.

322 5775 400 5840 (Ii
442 5773 600 5829 Forte
625 5777 779 5845 ἤχου,
