  <div class='ocr_page' id='page_1' title='image "/cluster/home/n/w/nwhite01/storage/ocr_20150623/23/hvd.32044019207711/463.png"; bbox 0 0 4004 6558; ppageno 0'>
   <div class='ocr_carea' id='block_1_1' title="bbox 555 299 662 359">
    <p class='ocr_par' dir='ltr' id='par_1_1' title="bbox 555 299 662 359">
     <span class='ocr_line' id='line_1_1' title="bbox 555 299 662 359; baseline -0.037 0"><span class='ocrx_word' id='word_1_1' title='bbox 555 299 662 359; x_wconf 72' lang='lat'><strong><em>887</em></strong></span> 
     </span>
    </p>
   </div>
   <div class='ocr_carea' id='block_1_2' title="bbox 644 410 2051 481">
    <p class='ocr_par' dir='ltr' id='par_1_2' title="bbox 644 410 2051 481">
     <span class='ocr_line' id='line_1_2' title="bbox 644 410 2051 481; baseline -0.002 -10"><span class='ocrx_word' id='word_1_2' title='bbox 644 413 699 471; x_wconf 65' lang='grc'><strong><em>9.</em></strong></span> <span class='ocrx_word' id='word_1_3' title='bbox 731 410 798 469; x_wconf 83' lang='grc' dir='ltr'><strong><em>ΙΝ</em></strong></span> <span class='ocrx_word' id='word_1_4' title='bbox 838 413 1069 480; x_wconf 76' lang='lat' dir='ltr'><strong><em>FINEM,</em></strong></span> <span class='ocrx_word' id='word_1_5' title='bbox 1111 413 1200 468; x_wconf 85' lang='lat' dir='ltr'><strong><em>NE</em></strong></span> <span class='ocrx_word' id='word_1_6' title='bbox 1238 414 1685 481; x_wconf 81' lang='lat' dir='ltr'><strong><em>CORRUMPAS,</em></strong></span> <span class='ocrx_word' id='word_1_7' title='bbox 1723 412 2051 470; x_wconf 79' lang='lat' dir='ltr'><strong><em>PSALMUS</em></strong></span> 
     </span>
    </p>
   </div>
   <div class='ocr_carea' id='block_1_3' title="bbox 1087 483 1610 540">
    <p class='ocr_par' dir='ltr' id='par_1_3' title="bbox 1087 483 1610 540">
     <span class='ocr_line' id='line_1_3' title="bbox 1087 483 1610 540; baseline 0.006 -3"><span class='ocrx_word' id='word_1_8' title='bbox 1087 483 1334 538; x_wconf 79' lang='lat' dir='ltr'><strong><em>ASAPH.</em></strong></span> <span class='ocrx_word' id='word_1_9' title='bbox 1379 484 1610 540; x_wconf 80' lang='lat' dir='ltr'><strong><em>LXXIV.</em></strong></span> 
     </span>
    </p>
   </div>
   <div class='ocr_carea' id='block_1_4' title="bbox 625 595 2207 667">
    <p class='ocr_par' dir='ltr' id='par_1_4' title="bbox 625 595 2207 667">
     <span class='ocr_line' id='line_1_4' title="bbox 625 595 2207 667; baseline -0.002 -14"><span class='ocrx_word' id='word_1_10' title='bbox 625 595 792 653; x_wconf 57' lang='lat' dir='ltr'><strong><em>Vens.</em></strong></span> <span class='ocrx_word' id='word_1_11' title='bbox 822 599 878 653; x_wconf 74' lang='grc'><strong><em>2.</em></strong></span> <span class='ocrx_word' id='word_1_12' title='bbox 917 597 1299 665; x_wconf 76' lang='lat' dir='ltr'><strong><em>Conﬁtebimur</em></strong></span> <span class='ocrx_word' id='word_1_13' title='bbox 1361 599 1479 663; x_wconf 89' lang='lat' dir='ltr'><strong><em>tibi,</em></strong></span> <span class='ocrx_word' id='word_1_14' title='bbox 1537 597 1702 664; x_wconf 88' lang='lat' dir='ltr'><strong><em>Deus,</em></strong></span> <span class='ocrx_word' id='word_1_15' title='bbox 1760 598 2125 667; x_wconf 85' lang='lat' dir='ltr'><strong><em>confitebimur</em></strong></span> <span class='ocrx_word' id='word_1_16' title='bbox 2159 601 2207 659; x_wconf 77' lang='grc' dir='ltr'>Α</span> 
     </span>
    </p>
   </div>
   <div class='ocr_carea' id='block_1_5' title="bbox 557 689 2127 760">
    <p class='ocr_par' dir='ltr' id='par_1_5' title="bbox 557 689 2127 760">
     <span class='ocr_line' id='line_1_5' title="bbox 557 689 2127 760; baseline 0 -17"><span class='ocrx_word' id='word_1_17' title='bbox 557 689 674 752; x_wconf 84' lang='lat' dir='ltr'><strong><em>tibi,</em></strong></span> <span class='ocrx_word' id='word_1_18' title='bbox 709 700 758 743; x_wconf 88' lang='lat' dir='ltr'><strong><em>et</em></strong></span> <span class='ocrx_word' id='word_1_19' title='bbox 803 691 1157 745; x_wconf 84' lang='lat' dir='ltr'><strong><em>invocabimus</em></strong></span> <span class='ocrx_word' id='word_1_20' title='bbox 1189 709 1375 746; x_wconf 81' lang='lat' dir='ltr'><strong><em>nomen</em></strong></span> <span class='ocrx_word' id='word_1_21' title='bbox 1419 704 1587 746; x_wconf 81' lang='lat' dir='ltr'><strong><em>tuum.</em></strong></span> <span class='ocrx_word' id='word_1_22' title='bbox 1618 691 1726 745; x_wconf 85' lang='lat' dir='ltr'><strong><em>Pro</em></strong></span> <span class='ocrx_word' id='word_1_23' title='bbox 1760 692 1851 747; x_wconf 90' lang='lat' dir='ltr'><strong><em>illo</em></strong></span> <span class='ocrx_word' id='word_1_24' title='bbox 1888 711 1901 745; x_wconf 89' lang='lat'><strong>:</strong></span> <span class='ocrx_word' id='word_1_25' title='bbox 1939 690 2005 744; x_wconf 90' lang='lat' dir='ltr'><strong><em>In</em></strong></span> <span class='ocrx_word' id='word_1_26' title='bbox 2060 691 2127 760; x_wconf 79' lang='lat' dir='ltr'><strong><em>ﬁ-</em></strong></span> 
     </span>
    </p>
   </div>
   <div class='ocr_carea' id='block_1_6' title="bbox 556 784 2122 855">
    <p class='ocr_par' dir='ltr' id='par_1_6' title="bbox 556 784 2122 855">
     <span class='ocr_line' id='line_1_6' title="bbox 556 784 2122 855; baseline 0 -18"><span class='ocrx_word' id='word_1_27' title='bbox 556 798 692 847; x_wconf 78' lang='lat' dir='ltr'><strong><em>nem,</em></strong></span> <span class='ocrx_word' id='word_1_28' title='bbox 726 799 788 835; x_wconf 89' lang='lat' dir='ltr'><strong><em>ne</em></strong></span> <span class='ocrx_word' id='word_1_29' title='bbox 818 799 1149 852; x_wconf 87' lang='lat' dir='ltr'><strong><em>corrumpas,</em></strong></span> <span class='ocrx_word' id='word_1_30' title='bbox 1181 784 1542 855; x_wconf 78' lang='lat' dir='ltr'><strong><em>Symmachus</em></strong></span> <span class='ocrx_word' id='word_1_31' title='bbox 1569 784 1648 839; x_wconf 91' lang='lat' dir='ltr'><strong><em>sic</em></strong></span> <span class='ocrx_word' id='word_1_32' title='bbox 1682 784 2075 854; x_wconf 77' lang='lat' dir='ltr'><strong><em>interpretatur</em></strong></span> <span class='ocrx_word' id='word_1_33' title='bbox 2108 800 2122 837; x_wconf 90' lang='lat'><strong>:</strong></span> 
     </span>
    </p>
   </div>
   <div class='ocr_carea' id='block_1_7' title="bbox 556 873 2128 947">
    <p class='ocr_par' dir='ltr' id='par_1_7' title="bbox 556 873 2128 947">
     <span class='ocr_line' id='line_1_7' title="bbox 556 873 2128 947; baseline 0.001 -21"><span class='ocrx_word' id='word_1_34' title='bbox 556 873 914 939; x_wconf 84' lang='lat' dir='ltr'><strong><em>Triumphalis</em></strong></span> <span class='ocrx_word' id='word_1_35' title='bbox 955 876 1018 929; x_wconf 87' lang='lat' dir='ltr'><strong><em>de</em></strong></span> <span class='ocrx_word' id='word_1_36' title='bbox 1048 877 1441 947; x_wconf 76' lang='lat' dir='ltr'><strong><em>incorruptione</em></strong></span> <span class='ocrx_word' id='word_1_37' title='bbox 1474 876 1712 945; x_wconf 88' lang='lat' dir='ltr'><strong><em>psalmus</em></strong></span> <span class='ocrx_word' id='word_1_38' title='bbox 1748 875 1963 945; x_wconf 81' lang='lat' dir='ltr'><strong><em>Asaphi.</em></strong></span> <span class='ocrx_word' id='word_1_39' title='bbox 1999 873 2128 929; x_wconf 90' lang='lat' dir='ltr'><strong><em>Ser-</em></strong></span> 
     </span>
    </p>
   </div>
   <div class='ocr_carea' id='block_1_8' title="bbox 551 964 2127 1047">
    <p class='ocr_par' dir='ltr' id='par_1_8' title="bbox 551 964 2127 1047">
     <span class='ocr_line' id='line_1_8' title="bbox 551 964 2127 1047; baseline 0.002 -30"><span class='ocrx_word' id='word_1_40' title='bbox 551 978 642 1018; x_wconf 90' lang='lat' dir='ltr'><strong><em>mo</em></strong></span> <span class='ocrx_word' id='word_1_41' title='bbox 676 964 841 1034; x_wconf 93' lang='lat' dir='ltr'><strong><em>igitur</em></strong></span> <span class='ocrx_word' id='word_1_42' title='bbox 872 974 956 1020; x_wconf 90' lang='lat' dir='ltr'><strong><em>est</em></strong></span> <span class='ocrx_word' id='word_1_43' title='bbox 992 969 1060 1023; x_wconf 90' lang='lat' dir='ltr'><strong><em>de</em></strong></span> <span class='ocrx_word' id='word_1_44' title='bbox 1090 968 1520 1039; x_wconf 73' lang='lat' dir='ltr'><strong><em>incorruptione,</em></strong></span> <span class='ocrx_word' id='word_1_45' title='bbox 1549 984 1669 1038; x_wconf 65' lang='lat' dir='ltr'><strong><em>qua:</em></strong></span> <span class='ocrx_word' id='word_1_46' title='bbox 1689 968 1853 1038; x_wconf 88' lang='lat' dir='ltr'><strong><em>juslis</em></strong></span> <span class='ocrx_word' id='word_1_47' title='bbox 1876 968 2127 1047; x_wconf 83' lang='lat' dir='ltr'><strong><em>recondi—</em></strong></span> 
     </span>
    </p>
   </div>
   <div class='ocr_carea' id='block_1_9' title="bbox 550 1058 2129 1131">
    <p class='ocr_par' dir='ltr' id='par_1_9' title="bbox 550 1058 2129 1131">
     <span class='ocr_line' id='line_1_9' title="bbox 550 1058 2129 1131; baseline 0.002 -22"><span class='ocrx_word' id='word_1_48' title='bbox 550 1065 661 1120; x_wconf 90' lang='lat' dir='ltr'><strong><em>tur,</em></strong></span> <span class='ocrx_word' id='word_1_49' title='bbox 686 1058 889 1127; x_wconf 85' lang='lat' dir='ltr'><strong><em>quibus</em></strong></span> <span class='ocrx_word' id='word_1_50' title='bbox 914 1059 1077 1114; x_wconf 88' lang='lat' dir='ltr'><strong><em>etiam</em></strong></span> <span class='ocrx_word' id='word_1_51' title='bbox 1110 1061 1354 1115; x_wconf 75' lang='lat' dir='ltr'><strong><em>victoria:</em></strong></span> <span class='ocrx_word' id='word_1_52' title='bbox 1382 1061 1603 1131; x_wconf 60' lang='lat' dir='ltr'><strong><em>praemia</em></strong></span> <span class='ocrx_word' id='word_1_53' title='bbox 1634 1076 1733 1115; x_wconf 91' lang='lat' dir='ltr'><strong><em>ceu</em></strong></span> <span class='ocrx_word' id='word_1_54' title='bbox 1764 1060 1818 1114; x_wconf 89' lang='lat' dir='ltr'><strong><em>in</em></strong></span> <span class='ocrx_word' id='word_1_55' title='bbox 1854 1060 2129 1114; x_wconf 84' lang='lat' dir='ltr'><strong><em>thesauris</em></strong></span> 
     </span>
    </p>
   </div>
   <div class='ocr_carea' id='block_1_10' title="bbox 548 1150 2125 1222">
    <p class='ocr_par' dir='ltr' id='par_1_10' title="bbox 548 1150 2125 1222">
     <span class='ocr_line' id='line_1_10' title="bbox 548 1150 2125 1222; baseline 0.002 -20"><span class='ocrx_word' id='word_1_56' title='bbox 548 1150 792 1219; x_wconf 83' lang='lat' dir='ltr'><strong><em>reposita</em></strong></span> <span class='ocrx_word' id='word_1_57' title='bbox 823 1159 974 1207; x_wconf 91' lang='lat' dir='ltr'><strong><em>sunt.</em></strong></span> <span class='ocrx_word' id='word_1_58' title='bbox 1010 1152 1372 1218; x_wconf 86' lang='lat' dir='ltr'><strong><em>Quamobrem</em></strong></span> <span class='ocrx_word' id='word_1_59' title='bbox 1404 1153 1748 1222; x_wconf 82' lang='lat' dir='ltr'><strong><em>triumphalis</em></strong></span> <span class='ocrx_word' id='word_1_60' title='bbox 1788 1152 1968 1206; x_wconf 90' lang='lat' dir='ltr'><strong><em>dictus</em></strong></span> <span class='ocrx_word' id='word_1_61' title='bbox 1999 1160 2084 1207; x_wconf 91' lang='lat' dir='ltr'><strong><em>est</em></strong></span> <span class='ocrx_word' id='word_1_62' title='bbox 2113 1171 2125 1205; x_wconf 92' lang='lat'>:</span> 
     </span>
    </p>
   </div>
   <div class='ocr_carea' id='block_1_11' title="bbox 549 1242 2125 1313">
    <p class='ocr_par' dir='ltr' id='par_1_11' title="bbox 549 1242 2125 1313">
     <span class='ocr_line' id='line_1_11' title="bbox 549 1242 2125 1313; baseline 0.003 -23"><span class='ocrx_word' id='word_1_63' title='bbox 549 1254 651 1294; x_wconf 89' lang='lat' dir='ltr'><strong><em>nos</em></strong></span> <span class='ocrx_word' id='word_1_64' title='bbox 679 1251 860 1295; x_wconf 90' lang='lat' dir='ltr'><strong><em>autem</em></strong></span> <span class='ocrx_word' id='word_1_65' title='bbox 888 1243 1117 1297; x_wconf 85' lang='lat' dir='ltr'><strong><em>remittit</em></strong></span> <span class='ocrx_word' id='word_1_66' title='bbox 1151 1243 1204 1297; x_wconf 91' lang='lat' dir='ltr'><strong><em>in</em></strong></span> <span class='ocrx_word' id='word_1_67' title='bbox 1238 1243 1420 1308; x_wconf 85' lang='lat' dir='ltr'><strong><em>finem,</em></strong></span> <span class='ocrx_word' id='word_1_68' title='bbox 1455 1244 1521 1297; x_wconf 91' lang='lat' dir='ltr'><strong><em>de</em></strong></span> <span class='ocrx_word' id='word_1_69' title='bbox 1550 1258 1660 1313; x_wconf 90' lang='lat' dir='ltr'><strong><em>quo</em></strong></span> <span class='ocrx_word' id='word_1_70' title='bbox 1684 1243 1979 1311; x_wconf 83' lang='lat' dir='ltr'><strong><em>Apostolus</em></strong></span> <span class='ocrx_word' id='word_1_71' title='bbox 2011 1242 2088 1295; x_wconf 90' lang='lat' dir='ltr'><strong><em>ait</em></strong></span> <span class='ocrx_word' id='word_1_72' title='bbox 2114 1260 2125 1295; x_wconf 89' lang='lat'>:</span> 
     </span>
    </p>
   </div>
   <div class='ocr_carea' id='block_1_12' title="bbox 552 1328 2130 1404">
    <p class='ocr_par' dir='ltr' id='par_1_12' title="bbox 552 1328 2130 1404">
     <span class='ocr_line' id='line_1_12' title="bbox 552 1328 2130 1404; baseline 0.001 -21"><span class='ocrx_word' id='word_1_73' title='bbox 552 1328 755 1386; x_wconf 79' lang='lat' dir='ltr'><strong><em>Deinde</em></strong></span> <span class='ocrx_word' id='word_1_74' title='bbox 797 1334 943 1402; x_wconf 81' lang='lat' dir='ltr'><strong><em>ﬁnis,</em></strong></span> <span class='ocrx_word' id='word_1_75' title='bbox 979 1350 1099 1388; x_wconf 87' lang='lat' dir='ltr'><strong><em>cum</em></strong></span> <span class='ocrx_word' id='word_1_76' title='bbox 1145 1334 1428 1388; x_wconf 81' lang='lat' dir='ltr'><strong><em>tradiderit</em></strong></span> <span class='ocrx_word' id='word_1_77' title='bbox 1460 1351 1675 1404; x_wconf 86' lang='lat' dir='ltr'><strong><em>regnum</em></strong></span> <span class='ocrx_word' id='word_1_78' title='bbox 1713 1333 1821 1388; x_wconf 86' lang='lat' dir='ltr'><strong><em>Deo</em></strong></span> <span class='ocrx_word' id='word_1_79' title='bbox 1864 1343 1914 1387; x_wconf 91' lang='lat' dir='ltr'><strong><em>et</em></strong></span> <span class='ocrx_word' id='word_1_80' title='bbox 1954 1333 2130 1396; x_wconf 89' lang='lat' dir='ltr'><strong><em>Patri,</em></strong></span> 
     </span>
    </p>
   </div>
   <div class='ocr_carea' id='block_1_13' title="bbox 552 1423 2133 1493">
    <p class='ocr_par' dir='ltr' id='par_1_13' title="bbox 552 1423 2133 1493">
     <span class='ocr_line' id='line_1_13' title="bbox 552 1423 2133 1493; baseline 0 -18"><span class='ocrx_word' id='word_1_81' title='bbox 552 1438 672 1476; x_wconf 91' lang='lat' dir='ltr'><strong><em>cum</em></strong></span> <span class='ocrx_word' id='word_1_82' title='bbox 700 1423 1017 1477; x_wconf 76' lang='lat' dir='ltr'><strong><em>destruxerit</em></strong></span> <span class='ocrx_word' id='word_1_83' title='bbox 1042 1442 1246 1479; x_wconf 88' lang='lat' dir='ltr'><strong><em>omnem</em></strong></span> <span class='ocrx_word' id='word_1_84' title='bbox 1276 1425 1629 1493; x_wconf 83' lang='lat' dir='ltr'><strong><em>principatum</em></strong></span> <span class='ocrx_word' id='word_1_85' title='bbox 1660 1434 1711 1478; x_wconf 88' lang='lat' dir='ltr'><strong><em>et</em></strong></span> <span class='ocrx_word' id='word_1_86' title='bbox 1738 1433 2047 1493; x_wconf 89' lang='lat' dir='ltr'><strong><em>potestatem</em></strong></span> <span class='ocrx_word' id='word_1_87' title='bbox 2080 1432 2133 1476; x_wconf 84' lang='lat' dir='ltr'><strong><em>et</em></strong></span> 
     </span>
    </p>
   </div>
   <div class='ocr_carea' id='block_1_14' title="bbox 553 1515 2131 1586">
    <p class='ocr_par' dir='ltr' id='par_1_14' title="bbox 553 1515 2131 1586">
     <span class='ocr_line' id='line_1_14' title="bbox 553 1515 2131 1586; baseline -0.002 -17"><span class='ocrx_word' id='word_1_88' title='bbox 553 1516 816 1569; x_wconf 80' lang='lat' dir='ltr'><strong><em>uirtutem.</em></strong></span> <span class='ocrx_word' id='word_1_89' title='bbox 848 1515 1062 1585; x_wconf 85' lang='lat' dir='ltr'><strong><em>Oportet</em></strong></span> <span class='ocrx_word' id='word_1_90' title='bbox 1106 1518 1243 1571; x_wconf 88' lang='lat' dir='ltr'><strong><em>enim</em></strong></span> <span class='ocrx_word' id='word_1_91' title='bbox 1292 1518 1443 1569; x_wconf 89' lang='lat' dir='ltr'><strong><em>illum</em></strong></span> <span class='ocrx_word' id='word_1_92' title='bbox 1477 1533 1717 1586; x_wconf 90' lang='lat' dir='ltr'><strong><em>regnare,</em></strong></span> <span class='ocrx_word' id='word_1_93' title='bbox 1762 1516 1923 1569; x_wconf 91' lang='lat' dir='ltr'><strong><em>donec</em></strong></span> <span class='ocrx_word' id='word_1_94' title='bbox 1969 1522 2131 1582; x_wconf 84' lang='lat' dir='ltr'><strong><em>ponat</em></strong></span> 
     </span>
    </p>
   </div>
   <div class='ocr_carea' id='block_1_15' title="bbox 554 1608 2130 1678">
    <p class='ocr_par' dir='ltr' id='par_1_15' title="bbox 554 1608 2130 1678">
     <span class='ocr_line' id='line_1_15' title="bbox 554 1608 2130 1678; baseline -0.001 -18"><span class='ocrx_word' id='word_1_95' title='bbox 554 1623 730 1661; x_wconf 87' lang='lat' dir='ltr'><strong><em>omnes</em></strong></span> <span class='ocrx_word' id='word_1_96' title='bbox 766 1608 1004 1662; x_wconf 85' lang='lat' dir='ltr'><strong><em>inimicos</em></strong></span> <span class='ocrx_word' id='word_1_97' title='bbox 1037 1612 1132 1663; x_wconf 86' lang='lat' dir='ltr'><strong><em>sub</em></strong></span> <span class='ocrx_word' id='word_1_98' title='bbox 1160 1609 1377 1677; x_wconf 76' lang='lat' dir='ltr'><strong><em>pedibus</em></strong></span> <span class='ocrx_word' id='word_1_99' title='bbox 1416 1608 1550 1678; x_wconf 91' lang='lat' dir='ltr'><strong><em>ejus.</em></strong></span> <span class='ocrx_word' id='word_1_100' title='bbox 1586 1608 1889 1663; x_wconf 77' lang='lat' dir='ltr'><strong><em>Novissima</em></strong></span> <span class='ocrx_word' id='word_1_101' title='bbox 1914 1608 2130 1661; x_wconf 88' lang='lat' dir='ltr'><strong><em>inimica</em></strong></span> 
     </span>
    </p>
   </div>
   <div class='ocr_carea' id='block_1_16' title="bbox 553 1697 2129 1786">
    <p class='ocr_par' dir='ltr' id='par_1_16' title="bbox 553 1697 2129 1786">
     <span class='ocr_line' id='line_1_16' title="bbox 553 1697 2129 1786; baseline 0.003 -36"><span class='ocrx_word' id='word_1_102' title='bbox 553 1697 854 1753; x_wconf 86' lang='lat' dir='ltr'><strong><em>destruetur</em></strong></span> <span class='ocrx_word' id='word_1_103' title='bbox 887 1717 1026 1753; x_wconf 90' lang='lat' dir='ltr'><strong><em>mors</em></strong></span> <span class='ocrx_word' id='word_1_104' title='bbox 1047 1700 1116 1755; x_wconf 63' lang='lat'><strong><em>’1.</em></strong></span> <span class='ocrx_word' id='word_1_105' title='bbox 1150 1702 1207 1754; x_wconf 88' lang='lat' dir='ltr'><strong><em>In</em></strong></span> <span class='ocrx_word' id='word_1_106' title='bbox 1238 1701 1342 1756; x_wconf 82' lang='lat' dir='ltr'><strong><em>fine</em></strong></span> <span class='ocrx_word' id='word_1_107' title='bbox 1374 1702 1592 1771; x_wconf 86' lang='lat' dir='ltr'><strong><em>quippe,</em></strong></span> <span class='ocrx_word' id='word_1_108' title='bbox 1623 1708 1889 1786; x_wconf 66' lang='lat' dir='ltr'><strong><em>quotquot</em></strong></span> <span class='ocrx_word' id='word_1_109' title='bbox 1939 1701 1994 1754; x_wconf 90' lang='lat' dir='ltr'><strong><em>in</em></strong></span> <span class='ocrx_word' id='word_1_110' title='bbox 2026 1700 2129 1754; x_wconf 83' lang='lat' dir='ltr'><strong><em>hoc</em></strong></span> 
     </span>
    </p>
   </div>
   <div class='ocr_carea' id='block_1_17' title="bbox 1231 297 3721 378">
    <p class='ocr_par' dir='ltr' id='par_1_17' title="bbox 1231 297 3721 378">
     <span class='ocr_line' id='line_1_17' title="bbox 1231 297 3721 378; baseline 0.004 -23"><span class='ocrx_word' id='word_1_111' title='bbox 1231 299 1501 356; x_wconf 84' lang='lat' dir='ltr'><strong><em>EUSEBlI</em></strong></span> <span class='ocrx_word' id='word_1_112' title='bbox 1538 298 2013 357; x_wconf 67' lang='lat' dir='ltr'><strong><em>CIESABIENSIS</em></strong></span> <span class='ocrx_word' id='word_1_113' title='bbox 2048 297 2199 354; x_wconf 85' lang='lat' dir='ltr'><strong><em>OPP.</em></strong></span> <span class='ocrx_word' id='word_1_114' title='bbox 2245 297 2426 356; x_wconf 80' lang='lat' dir='ltr'><strong><em>PARS</em></strong></span> <span class='ocrx_word' id='word_1_115' title='bbox 2464 300 2551 357; x_wconf 88' lang='lat' dir='ltr'><strong><em>Ill.</em></strong></span> <span class='ocrx_word' id='word_1_116' title='bbox 2590 334 2658 342; x_wconf 96' lang='lat'><strong>—</strong></span> <span class='ocrx_word' id='word_1_117' title='bbox 2695 298 3104 359; x_wconf 77' lang='lat' dir='ltr'><strong><em>EXEGETICA.</em></strong></span> <span class='ocrx_word' id='word_1_118' title='bbox 3640 322 3721 378; x_wconf 77' lang='lat'><strong><em>363</em></strong></span> 
     </span>
    </p>
   </div>
   <div class='ocr_carea' id='block_1_18' title="bbox 2245 415 3722 505">
    <p class='ocr_par' dir='ltr' id='par_1_18' title="bbox 2245 415 3722 505">
     <span class='ocr_line' id='line_1_18' title="bbox 2245 415 3722 505; baseline 0.009 -36"><span class='ocrx_word' id='word_1_119' title='bbox 2245 416 2354 469; x_wconf 74' lang='grc' dir='ltr'><strong><em>ΕΙΣ</em></strong></span> <span class='ocrx_word' id='word_1_120' title='bbox 2390 415 2480 471; x_wconf 90' lang='lat' dir='ltr'><strong><em>T0</em></strong></span> <span class='ocrx_word' id='word_1_121' title='bbox 2514 417 2755 482; x_wconf 87' lang='grc' dir='ltr'>ΤΕΛΟΣ,</span> <span class='ocrx_word' id='word_1_122' title='bbox 2794 418 3350 505; x_wconf 48' lang='grc' dir='ltr'>ΜῌΑιέιφρειιᾞε,</span> <span class='ocrx_word' id='word_1_123' title='bbox 3386 422 3630 480; x_wconf 62' lang='lat' dir='ltr'><strong><em>munus</em></strong></span> <span class='ocrx_word' id='word_1_124' title='bbox 3657 434 3722 505; x_wconf 66' lang='grc' dir='ltr'>τᾳ</span> 
     </span>
    </p>
   </div>
   <div class='ocr_carea' id='block_1_19' title="bbox 2856 490 3206 543">
    <p class='ocr_par' dir='ltr' id='par_1_19' title="bbox 2856 490 3206 543">
     <span class='ocr_line' id='line_1_19' title="bbox 2856 490 3206 543; baseline -0.003 -1"><span class='ocrx_word' id='word_1_125' title='bbox 2856 490 3052 543; x_wconf 78' lang='grc' dir='ltr'><strong><em>ΑΣΑΦ.</em></strong></span> <span class='ocrx_word' id='word_1_126' title='bbox 3091 492 3206 541; x_wconf 74' lang='lat' dir='ltr'><strong><em>OA&#39;.</em></strong></span> 
     </span>
    </p>
   </div>
   <div class='ocr_carea' id='block_1_20' title="bbox 2318 598 3725 679">
    <p class='ocr_par' dir='ltr' id='par_1_20' title="bbox 2318 598 3725 679">
     <span class='ocr_line' id='line_1_20' title="bbox 2318 598 3725 679; baseline 0.013 -30"><span class='ocrx_word' id='word_1_127' title='bbox 2318 598 2910 669; x_wconf 75' lang='grc' dir='ltr'>Ἐξομολογησόμεθά</span> <span class='ocrx_word' id='word_1_128' title='bbox 2935 618 3032 655; x_wconf 91' lang='grc' dir='ltr'><strong><em>σοι</em></strong></span> <span class='ocrx_word' id='word_1_129' title='bbox 3051 641 3067 666; x_wconf 87' lang='grc'><strong><em>,</em></strong></span> <span class='ocrx_word' id='word_1_130' title='bbox 3100 605 3133 655; x_wconf 84' lang='grc' dir='ltr'><em>ὁ</em></span> <span class='ocrx_word' id='word_1_131' title='bbox 3163 603 3302 667; x_wconf 82' lang='grc' dir='ltr'><strong><em>Θεὸς</em></strong></span> <span class='ocrx_word' id='word_1_132' title='bbox 3318 644 3332 667; x_wconf 93' lang='grc'><strong><em>,</em></strong></span> <span class='ocrx_word' id='word_1_133' title='bbox 3359 604 3725 679; x_wconf 77' lang='grc' dir='ltr'>ἐξομολογησά-</span> 
     </span>
    </p>
   </div>
   <div class='ocr_carea' id='block_1_21' title="bbox 2230 686 3729 762">
    <p class='ocr_par' dir='ltr' id='par_1_21' title="bbox 2230 686 3729 762">
     <span class='ocr_line' id='line_1_21' title="bbox 2230 686 3729 762; baseline 0.011 -23"><span class='ocrx_word' id='word_1_134' title='bbox 2230 686 2383 757; x_wconf 79' lang='grc' dir='ltr'><strong><em>μεθά</em></strong></span> <span class='ocrx_word' id='word_1_135' title='bbox 2409 703 2529 751; x_wconf 88' lang='grc' dir='ltr'>σοι,</span> <span class='ocrx_word' id='word_1_136' title='bbox 2558 689 2658 743; x_wconf 80' lang='grc' dir='ltr'>καὶ</span> <span class='ocrx_word' id='word_1_137' title='bbox 2680 691 3157 760; x_wconf 80' lang='grc' dir='ltr'>ἑπικαλεσόμεθα</span> <span class='ocrx_word' id='word_1_138' title='bbox 3187 692 3250 744; x_wconf 87' lang='grc' dir='ltr'>τὸ</span> <span class='ocrx_word' id='word_1_139' title='bbox 3275 693 3447 762; x_wconf 75' lang='grc' dir='ltr'>ὄνομά</span> <span class='ocrx_word' id='word_1_140' title='bbox 3476 714 3591 752; x_wconf 89' lang='grc' dir='ltr'>σου.</span> <span class='ocrx_word' id='word_1_141' title='bbox 3620 702 3729 755; x_wconf 74' lang='grc' dir='ltr'>’Δντὶ</span> 
     </span>
    </p>
   </div>
   <div class='ocr_carea' id='block_1_22' title="bbox 2232 781 3728 862">
    <p class='ocr_par' dir='ltr' id='par_1_22' title="bbox 2232 781 3728 862">
     <span class='ocr_line' id='line_1_22' title="bbox 2232 781 3728 862; baseline 0.009 -19"><span class='ocrx_word' id='word_1_142' title='bbox 2232 781 2359 846; x_wconf 82' lang='grc' dir='ltr'>τοῦ,</span> <span class='ocrx_word' id='word_1_143' title='bbox 2395 784 2500 847; x_wconf 73' lang='grc' dir='ltr'><strong><em>Εἰς</em></strong></span> <span class='ocrx_word' id='word_1_144' title='bbox 2530 782 2594 835; x_wconf 83' lang='grc' dir='ltr'>τὸ</span> <span class='ocrx_word' id='word_1_145' title='bbox 2644 783 2840 848; x_wconf 72' lang='grc' dir='ltr'>τέλος,</span> <span class='ocrx_word' id='word_1_146' title='bbox 2874 782 2960 852; x_wconf 81' lang='grc' dir='ltr'><em>μὴ</em></span> <span class='ocrx_word' id='word_1_147' title='bbox 3007 783 3379 853; x_wconf 67' lang='grc' dir='ltr'>διαφθείρῃς,</span> <span class='ocrx_word' id='word_1_148' title='bbox 3413 788 3439 839; x_wconf 77' lang='grc' dir='ltr'>ὁ</span> <span class='ocrx_word' id='word_1_149' title='bbox 3479 788 3728 862; x_wconf 70' lang='grc' dir='ltr'><strong><em>Σύμμαχος,</em></strong></span> 
     </span>
    </p>
   </div>
   <div class='ocr_carea' id='block_1_23' title="bbox 2248 873 3729 957">
    <p class='ocr_par' dir='ltr' id='par_1_23' title="bbox 2248 873 3729 957">
     <span class='ocr_line' id='line_1_23' title="bbox 2248 873 3729 957; baseline 0.018 -32"><span class='ocrx_word' id='word_1_150' title='bbox 2248 874 2566 941; x_wconf 82' lang='grc' dir='ltr'>Ἐπινίκιος</span> <span class='ocrx_word' id='word_1_151' title='bbox 2598 876 2732 943; x_wconf 79' lang='grc' dir='ltr'>περὶ</span> <span class='ocrx_word' id='word_1_152' title='bbox 2771 873 3122 944; x_wconf 67' lang='grc' dir='ltr'>’ἀφθαρσίας</span> <span class='ocrx_word' id='word_1_153' title='bbox 3165 878 3397 946; x_wconf 65' lang='grc' dir='ltr'><strong><em>ψαλμὸς</em></strong></span> <span class='ocrx_word' id='word_1_154' title='bbox 3436 881 3531 934; x_wconf 77' lang='grc' dir='ltr'>τοῦ</span> <span class='ocrx_word' id='word_1_155' title='bbox 3574 883 3729 957; x_wconf 59' lang='grc' dir='ltr'><strong><em>Ἀσάφ,</em></strong></span> 
     </span>
    </p>
   </div>
   <div class='ocr_carea' id='block_1_24' title="bbox 2236 967 3731 1048">
    <p class='ocr_par' dir='ltr' id='par_1_24' title="bbox 2236 967 3731 1048">
     <span class='ocr_line' id='line_1_24' title="bbox 2236 967 3731 1048; baseline 0.009 -34"><span class='ocrx_word' id='word_1_156' title='bbox 2236 967 2606 1036; x_wconf 81' lang='grc' dir='ltr'>ήρμήνευσεν.</span> <span class='ocrx_word' id='word_1_157' title='bbox 2650 967 2862 1020; x_wconf 83' lang='grc' dir='ltr'>Οὐκοῦν</span> <span class='ocrx_word' id='word_1_158' title='bbox 2914 968 3041 1039; x_wconf 75' lang='grc' dir='ltr'>περὶ</span> <span class='ocrx_word' id='word_1_159' title='bbox 3091 967 3392 1040; x_wconf 77' lang='grc' dir='ltr'><strong><em>ἀφθαρσίας</em></strong></span> <span class='ocrx_word' id='word_1_160' title='bbox 3420 973 3445 1023; x_wconf 89' lang='lat'><strong><em>6</em></strong></span> <span class='ocrx_word' id='word_1_161' title='bbox 3495 972 3626 1041; x_wconf 81' lang='grc' dir='ltr'><strong><em>λόγος</em></strong></span> <span class='ocrx_word' id='word_1_162' title='bbox 3660 980 3731 1048; x_wconf 68' lang='grc' dir='ltr'>τῆς</span> 
     </span>
    </p>
   </div>
   <div class='ocr_carea' id='block_1_25' title="bbox 2236 1056 3730 1134">
    <p class='ocr_par' dir='ltr' id='par_1_25' title="bbox 2236 1056 3730 1134">
     <span class='ocr_line' id='line_1_25' title="bbox 2236 1056 3730 1134; baseline 0.007 -26"><span class='ocrx_word' id='word_1_163' title='bbox 2236 1060 2346 1119; x_wconf 84' lang='grc' dir='ltr'>τοῖς</span> <span class='ocrx_word' id='word_1_164' title='bbox 2374 1056 2603 1121; x_wconf 84' lang='grc' dir='ltr'>δικαίοις</span> <span class='ocrx_word' id='word_1_165' title='bbox 2625 1058 3015 1130; x_wconf 80' lang='grc' dir='ltr'><strong><em>ἀποκειμένης,</em></strong></span> <span class='ocrx_word' id='word_1_166' title='bbox 3042 1056 3122 1123; x_wconf 77' lang='grc' dir='ltr'>οἷς</span> <span class='ocrx_word' id='word_1_167' title='bbox 3150 1061 3244 1113; x_wconf 72' lang='grc' dir='ltr'>καὶ</span> <span class='ocrx_word' id='word_1_168' title='bbox 3270 1059 3334 1113; x_wconf 81' lang='grc' dir='ltr'>τὰ</span> <span class='ocrx_word' id='word_1_169' title='bbox 3357 1065 3447 1132; x_wconf 78' lang='grc' dir='ltr'>τῆς</span> <span class='ocrx_word' id='word_1_170' title='bbox 3476 1064 3607 1134; x_wconf 84' lang='grc' dir='ltr'>νίκης</span> <span class='ocrx_word' id='word_1_171' title='bbox 3630 1066 3730 1119; x_wconf 78' lang='grc' dir='ltr'>ἁπο-</span> 
     </span>
    </p>
   </div>
   <div class='ocr_carea' id='block_1_26' title="bbox 2235 1149 3727 1227">
    <p class='ocr_par' dir='ltr' id='par_1_26' title="bbox 2235 1149 3727 1227">
     <span class='ocr_line' id='line_1_26' title="bbox 2235 1149 3727 1227; baseline 0.007 -26"><span class='ocrx_word' id='word_1_172' title='bbox 2235 1149 2659 1220; x_wconf 83' lang='grc' dir='ltr'>τεθησαύρισται</span> <span class='ocrx_word' id='word_1_173' title='bbox 2696 1150 2942 1223; x_wconf 76' lang='grc' dir='ltr'>βραδεῖα.</span> <span class='ocrx_word' id='word_1_174' title='bbox 2990 1151 3081 1204; x_wconf 66' lang='grc' dir='ltr'>Διιδ</span> <span class='ocrx_word' id='word_1_175' title='bbox 3134 1153 3229 1205; x_wconf 78' lang='grc' dir='ltr'>καὶ</span> <span class='ocrx_word' id='word_1_176' title='bbox 3267 1154 3509 1218; x_wconf 81' lang='grc' dir='ltr'>ὲπινίκιος</span> <span class='ocrx_word' id='word_1_177' title='bbox 3539 1157 3727 1227; x_wconf 65' lang='grc' dir='ltr'>εἴρηταγ</span> 
     </span>
    </p>
   </div>
   <div class='ocr_carea' id='block_1_27' title="bbox 2238 1239 3731 1320">
    <p class='ocr_par' dir='ltr' id='par_1_27' title="bbox 2238 1239 3731 1320">
     <span class='ocr_line' id='line_1_27' title="bbox 2238 1239 3731 1320; baseline 0.007 -28"><span class='ocrx_word' id='word_1_178' title='bbox 2238 1239 2555 1311; x_wconf 83' lang='grc' dir='ltr'><strong><em>ἀναπέμπει</em></strong></span> <span class='ocrx_word' id='word_1_179' title='bbox 2596 1241 2653 1295; x_wconf 83' lang='grc' dir='ltr'>δὲ</span> <span class='ocrx_word' id='word_1_180' title='bbox 2683 1242 2831 1312; x_wconf 75' lang='grc' dir='ltr'><strong><em>ἡμᾶς</em></strong></span> <span class='ocrx_word' id='word_1_181' title='bbox 2858 1243 2953 1296; x_wconf 60' lang='grc' dir='ltr'><strong><em>καὶ¹</em></strong></span> <span class='ocrx_word' id='word_1_182' title='bbox 2980 1245 3061 1306; x_wconf 85' lang='grc' dir='ltr'><strong><em>είς</em></strong></span> <span class='ocrx_word' id='word_1_183' title='bbox 3097 1244 3159 1296; x_wconf 87' lang='grc' dir='ltr'>τὸ</span> <span class='ocrx_word' id='word_1_184' title='bbox 3184 1242 3352 1309; x_wconf 83' lang='grc' dir='ltr'><strong><em>τέλος,</em></strong></span> <span class='ocrx_word' id='word_1_185' title='bbox 3386 1248 3501 1317; x_wconf 75' lang='grc' dir='ltr'>περὶ</span> <span class='ocrx_word' id='word_1_186' title='bbox 3538 1243 3590 1300; x_wconf 75' lang='grc' dir='ltr'><strong><em>οῦ</em></strong></span> <span class='ocrx_word' id='word_1_187' title='bbox 3612 1268 3731 1320; x_wconf 70' lang='grc' dir='ltr'>φησιν</span> 
     </span>
    </p>
   </div>
   <div class='ocr_carea' id='block_1_28' title="bbox 2237 1328 3733 1409">
    <p class='ocr_par' dir='ltr' id='par_1_28' title="bbox 2237 1328 3733 1409">
     <span class='ocr_line' id='line_1_28' title="bbox 2237 1328 3733 1409; baseline 0.007 -28"><span class='ocrx_word' id='word_1_188' title='bbox 2237 1330 2265 1382; x_wconf 98' lang='lat'><strong><em>6</em></strong></span> <span class='ocrx_word' id='word_1_189' title='bbox 2308 1330 2625 1395; x_wconf 83' lang='grc' dir='ltr'>Ἀπόστολος</span> <span class='ocrx_word' id='word_1_190' title='bbox 2645 1348 2658 1362; x_wconf 88' lang='grc'><strong>·</strong></span> <span class='ocrx_word' id='word_1_191' title='bbox 2693 1328 2841 1385; x_wconf 74' lang='grc' dir='ltr'>Εἶτα</span> <span class='ocrx_word' id='word_1_192' title='bbox 2883 1332 2949 1386; x_wconf 82' lang='grc' dir='ltr'>τὸ</span> <span class='ocrx_word' id='word_1_193' title='bbox 2995 1332 3200 1399; x_wconf 66' lang='grc' dir='ltr'>τέλος,</span> <span class='ocrx_word' id='word_1_194' title='bbox 3233 1334 3373 1389; x_wconf 84' lang='grc' dir='ltr'>ὅταν</span> <span class='ocrx_word' id='word_1_195' title='bbox 3412 1339 3619 1405; x_wconf 70' lang='grc' dir='ltr'>παραδῷ</span> <span class='ocrx_word' id='word_1_196' title='bbox 3650 1340 3733 1409; x_wconf 76' lang='grc' dir='ltr'><strong><em>τὴν</em></strong></span> 
     </span>
    </p>
   </div>
   <div class='ocr_carea' id='block_1_29' title="bbox 2232 1419 3732 1498">
    <p class='ocr_par' dir='ltr' id='par_1_29' title="bbox 2232 1419 3732 1498">
     <span class='ocr_line' id='line_1_29' title="bbox 2232 1419 3732 1498; baseline 0.009 -27"><span class='ocrx_word' id='word_1_197' title='bbox 2232 1419 2562 1483; x_wconf 77' lang='grc' dir='ltr'>,Βασιλείαν</span> <span class='ocrx_word' id='word_1_198' title='bbox 2589 1419 2668 1485; x_wconf 85' lang='grc' dir='ltr'>τῷ</span> <span class='ocrx_word' id='word_1_199' title='bbox 2710 1421 2830 1487; x_wconf 85' lang='grc' dir='ltr'><strong><em>Θεῷ</em></strong></span> <span class='ocrx_word' id='word_1_200' title='bbox 2860 1423 2957 1476; x_wconf 79' lang='grc' dir='ltr'>καὶ</span> <span class='ocrx_word' id='word_1_201' title='bbox 3003 1424 3186 1492; x_wconf 64' lang='lat' dir='ltr'><strong><em>Harp!</em></strong></span> <span class='ocrx_word' id='word_1_202' title='bbox 3207 1466 3223 1491; x_wconf 91' lang='lat'><strong><em>,</em></strong></span> <span class='ocrx_word' id='word_1_203' title='bbox 3266 1425 3403 1479; x_wconf 82' lang='grc' dir='ltr'>ὅταν</span> <span class='ocrx_word' id='word_1_204' title='bbox 3454 1430 3732 1498; x_wconf 76' lang='grc' dir='ltr'><strong><em>καταργήσῃ</em></strong></span> 
     </span>
    </p>
   </div>
   <div class='ocr_carea' id='block_1_30' title="bbox 2236 1511 3728 1592">
    <p class='ocr_par' dir='ltr' id='par_1_30' title="bbox 2236 1511 3728 1592">
     <span class='ocr_line' id='line_1_30' title="bbox 2236 1511 3728 1592; baseline 0.007 -27"><span class='ocrx_word' id='word_1_205' title='bbox 2236 1511 2441 1566; x_wconf 75' lang='grc' dir='ltr'>πᾶσαν</span> <span class='ocrx_word' id='word_1_206' title='bbox 2473 1514 2672 1583; x_wconf 73' lang='grc' dir='ltr'><strong><em>ἀρχὴν</em></strong></span> <span class='ocrx_word' id='word_1_207' title='bbox 2705 1516 2801 1569; x_wconf 77' lang='grc' dir='ltr'>καὶ</span> <span class='ocrx_word' id='word_1_208' title='bbox 2833 1515 3040 1571; x_wconf 81' lang='grc' dir='ltr'>πᾶσαν</span> <span class='ocrx_word' id='word_1_209' title='bbox 3066 1518 3354 1582; x_wconf 74' lang='grc' dir='ltr'><strong><em>ἐξουσίαν</em></strong></span> <span class='ocrx_word' id='word_1_210' title='bbox 3390 1522 3477 1573; x_wconf 78' lang='grc' dir='ltr'>καὶ</span> <span class='ocrx_word' id='word_1_211' title='bbox 3514 1522 3728 1592; x_wconf 73' lang='grc' dir='ltr'><strong><em>δύναμιν.</em></strong></span> 
     </span>
    </p>
   </div>
   <div class='ocr_carea' id='block_1_31' title="bbox 2234 1604 3733 1682">
    <p class='ocr_par' dir='ltr' id='par_1_31' title="bbox 2234 1604 3733 1682">
     <span class='ocr_line' id='line_1_31' title="bbox 2234 1604 3733 1682; baseline 0.009 -26"><span class='ocrx_word' id='word_1_212' title='bbox 2234 1604 2333 1657; x_wconf 85' lang='grc' dir='ltr'><strong><em>Δεῖ</em></strong></span> <span class='ocrx_word' id='word_1_213' title='bbox 2357 1606 2468 1675; x_wconf 76' lang='grc' dir='ltr'>γὰρ</span> <span class='ocrx_word' id='word_1_214' title='bbox 2508 1607 2694 1661; x_wconf 80' lang='grc' dir='ltr'>αὐτὸν</span> <span class='ocrx_word' id='word_1_215' title='bbox 2748 1609 3117 1677; x_wconf 75' lang='grc' dir='ltr'><strong><em>βασιλεύειν,</em></strong></span> <span class='ocrx_word' id='word_1_216' title='bbox 3157 1611 3329 1681; x_wconf 81' lang='grc' dir='ltr'>ἄχρις</span> <span class='ocrx_word' id='word_1_217' title='bbox 3354 1609 3421 1668; x_wconf 82' lang='grc' dir='ltr'>οὗ</span> <span class='ocrx_word' id='word_1_218' title='bbox 3451 1613 3516 1681; x_wconf 78' lang='grc' dir='ltr'>θῇ</span> <span class='ocrx_word' id='word_1_219' title='bbox 3557 1615 3733 1682; x_wconf 77' lang='grc' dir='ltr'><em>πάντας</em></span> 
     </span>
    </p>
   </div>
   <div class='ocr_carea' id='block_1_32' title="bbox 2232 1695 3732 1773">
    <p class='ocr_par' dir='ltr' id='par_1_32' title="bbox 2232 1695 3732 1773">
     <span class='ocr_line' id='line_1_32' title="bbox 2232 1695 3732 1773; baseline 0.008 -26"><span class='ocrx_word' id='word_1_220' title='bbox 2232 1695 2374 1761; x_wconf 89' lang='grc' dir='ltr'>τοὺς</span> <span class='ocrx_word' id='word_1_221' title='bbox 2413 1697 2663 1765; x_wconf 83' lang='grc' dir='ltr'>ἐχθροὺς</span> <span class='ocrx_word' id='word_1_222' title='bbox 2696 1700 2815 1753; x_wconf 75' lang='grc' dir='ltr'><strong><em>ὑπὸ</em></strong></span> <span class='ocrx_word' id='word_1_223' title='bbox 2862 1700 3004 1766; x_wconf 83' lang='grc' dir='ltr'>τοὺς</span> <span class='ocrx_word' id='word_1_224' title='bbox 3041 1701 3234 1769; x_wconf 81' lang='grc' dir='ltr'><strong><em>πόδας</em></strong></span> <span class='ocrx_word' id='word_1_225' title='bbox 3280 1703 3473 1758; x_wconf 85' lang='grc' dir='ltr'>αὐτοῦ.</span> <span class='ocrx_word' id='word_1_226' title='bbox 3500 1707 3732 1773; x_wconf 81' lang='grc' dir='ltr'>Ἕσχατος</span> 
     </span>
    </p>
   </div>
   <div class='ocr_carea' id='block_1_33' title="bbox 554 1788 2128 1867">
    <p class='ocr_par' dir='ltr' id='par_1_33' title="bbox 554 1790 2128 1861">
     <span class='ocr_line' id='line_1_33' title="bbox 554 1790 2128 1861; baseline 0 -17"><span class='ocrx_word' id='word_1_227' title='bbox 554 1792 777 1853; x_wconf 58' lang='lat' dir='ltr'><strong><em>saeculo,</em></strong></span> <span class='ocrx_word' id='word_1_228' title='bbox 811 1791 866 1844; x_wconf 92' lang='lat' dir='ltr'><strong><em>in</em></strong></span> <span class='ocrx_word' id='word_1_229' title='bbox 901 1792 1046 1845; x_wconf 90' lang='lat' dir='ltr'><strong><em>bono</em></strong></span> <span class='ocrx_word' id='word_1_230' title='bbox 1075 1790 1389 1861; x_wconf 80' lang='lat' dir='ltr'><strong><em>ltujusmodi</em></strong></span> <span class='ocrx_word' id='word_1_231' title='bbox 1421 1792 1720 1847; x_wconf 81' lang='lat' dir='ltr'><strong><em>certamine</em></strong></span> <span class='ocrx_word' id='word_1_232' title='bbox 1750 1792 2018 1857; x_wconf 88' lang='lat' dir='ltr'><strong><em>vicerunt,</em></strong></span> <span class='ocrx_word' id='word_1_233' title='bbox 2047 1791 2128 1844; x_wconf 93' lang='lat' dir='ltr'><strong><em>in-</em></strong></span> 
     </span>
    </p>
   </div>
   <div class='ocr_carea' id='block_1_34' title="bbox 2226 1788 3731 1867">
    <p class='ocr_par' dir='ltr' id='par_1_34' title="bbox 2230 1788 3731 1867">
     <span class='ocr_line' id='line_1_34' title="bbox 2230 1788 3731 1867; baseline 0.007 -27"><span class='ocrx_word' id='word_1_234' title='bbox 2230 1788 2441 1857; x_wconf 80' lang='grc' dir='ltr'>ἐχθρός</span> <span class='ocrx_word' id='word_1_235' title='bbox 2473 1790 2845 1860; x_wconf 78' lang='grc' dir='ltr'><strong><em>καταργεῖται</em></strong></span> <span class='ocrx_word' id='word_1_236' title='bbox 2872 1794 2907 1845; x_wconf 85' lang='grc' dir='ltr'><em>ὁ</em></span> <span class='ocrx_word' id='word_1_237' title='bbox 2943 1792 3218 1861; x_wconf 83' lang='grc' dir='ltr'>θάνατος.</span> <span class='ocrx_word' id='word_1_238' title='bbox 3266 1795 3359 1857; x_wconf 88' lang='grc' dir='ltr'>Είς</span> <span class='ocrx_word' id='word_1_239' title='bbox 3396 1796 3555 1848; x_wconf 78' lang='grc' dir='ltr'>ἐκεῖνο</span> <span class='ocrx_word' id='word_1_240' title='bbox 3577 1798 3731 1867; x_wconf 76' lang='grc' dir='ltr'>γὰρτὸ</span> 
     </span>
    </p>
   </div>
   <div class='ocr_carea' id='block_1_35' title="bbox 553 1882 2123 1954">
    <p class='ocr_par' dir='ltr' id='par_1_35' title="bbox 553 1882 2123 1954">
     <span class='ocr_line' id='line_1_35' title="bbox 553 1882 2123 1954; baseline -0.001 -19"><span class='ocrx_word' id='word_1_241' title='bbox 553 1890 867 1951; x_wconf 85' lang='lat' dir='ltr'><strong><em>corruptam</em></strong></span> <span class='ocrx_word' id='word_1_242' title='bbox 919 1883 1088 1936; x_wconf 87' lang='lat' dir='ltr'><strong><em>vitam</em></strong></span> <span class='ocrx_word' id='word_1_243' title='bbox 1134 1891 1561 1954; x_wconf 86' lang='lat' dir='ltr'><strong><em>consequentur.</em></strong></span> <span class='ocrx_word' id='word_1_244' title='bbox 1606 1883 1763 1949; x_wconf 83' lang='lat' dir='ltr'><strong><em>Quod</em></strong></span> <span class='ocrx_word' id='word_1_245' title='bbox 1811 1884 1915 1939; x_wconf 88' lang='lat' dir='ltr'><strong><em>sub</em></strong></span> <span class='ocrx_word' id='word_1_246' title='bbox 1962 1882 2123 1936; x_wconf 82' lang='lat' dir='ltr'><strong><em>ﬁnem</em></strong></span> 
     </span>
    </p>
   </div>
   <div class='ocr_carea' id='block_1_36' title="bbox 553 1974 2126 2043">
    <p class='ocr_par' dir='ltr' id='par_1_36' title="bbox 553 1974 2126 2043">
     <span class='ocr_line' id='line_1_36' title="bbox 553 1974 2126 2043; baseline -0.001 -16"><span class='ocrx_word' id='word_1_247' title='bbox 553 1987 793 2041; x_wconf 62' lang='lat' dir='ltr'><strong><em>presens</em></strong></span> <span class='ocrx_word' id='word_1_248' title='bbox 815 1975 1057 2043; x_wconf 86' lang='lat' dir='ltr'><strong><em>psalmus</em></strong></span> <span class='ocrx_word' id='word_1_249' title='bbox 1083 1974 1321 2029; x_wconf 87' lang='lat' dir='ltr'><strong><em>declarat</em></strong></span> <span class='ocrx_word' id='word_1_250' title='bbox 1347 1975 1431 2029; x_wconf 86' lang='lat' dir='ltr'><strong><em>his</em></strong></span> <span class='ocrx_word' id='word_1_251' title='bbox 1461 1974 1638 2030; x_wconf 88' lang='lat' dir='ltr'><strong><em>verbis</em></strong></span> <span class='ocrx_word' id='word_1_252' title='bbox 1664 1994 1676 2029; x_wconf 91' lang='lat'>:</span> <span class='ocrx_word' id='word_1_253' title='bbox 1706 1974 1774 2028; x_wconf 85' lang='lat' dir='ltr'><strong><em>Et</em></strong></span> <span class='ocrx_word' id='word_1_254' title='bbox 1803 1976 1980 2027; x_wconf 82' lang='lat' dir='ltr'><strong><em>omnia</em></strong></span> <span class='ocrx_word' id='word_1_255' title='bbox 2006 1990 2126 2026; x_wconf 86' lang='lat' dir='ltr'><strong><em>cor—</em></strong></span> 
     </span>
    </p>
   </div>
   <div class='ocr_carea' id='block_1_37' title="bbox 553 2066 2127 2137">
    <p class='ocr_par' dir='ltr' id='par_1_37' title="bbox 553 2066 2127 2137">
     <span class='ocr_line' id='line_1_37' title="bbox 553 2066 2127 2137; baseline -0.001 -18"><span class='ocrx_word' id='word_1_256' title='bbox 553 2081 660 2119; x_wconf 87' lang='lat' dir='ltr'><strong><em>nua</em></strong></span> <span class='ocrx_word' id='word_1_257' title='bbox 684 2076 1014 2135; x_wconf 86' lang='lat' dir='ltr'><strong><em>peccatorum</em></strong></span> <span class='ocrx_word' id='word_1_258' title='bbox 1046 2068 1396 2137; x_wconf 84' lang='lat' dir='ltr'><strong><em>confringam,</em></strong></span> <span class='ocrx_word' id='word_1_259' title='bbox 1431 2076 1479 2119; x_wconf 91' lang='lat' dir='ltr'><strong><em>et</em></strong></span> <span class='ocrx_word' id='word_1_260' title='bbox 1524 2066 1899 2120; x_wconf 74' lang='lat' dir='ltr'><strong><em>exaltabuntur</em></strong></span> <span class='ocrx_word' id='word_1_261' title='bbox 1927 2080 2127 2118; x_wconf 87' lang='lat' dir='ltr'><strong><em>cornua</em></strong></span> 
     </span>
    </p>
   </div>
   <div class='ocr_carea' id='block_1_38' title="bbox 546 2157 2126 2228">
    <p class='ocr_par' dir='ltr' id='par_1_38' title="bbox 546 2157 2126 2228">
     <span class='ocr_line' id='line_1_38' title="bbox 546 2157 2126 2228; baseline -0.001 -16"><span class='ocrx_word' id='word_1_262' title='bbox 546 2159 704 2228; x_wconf 83' lang='lat' dir='ltr'><strong><em>justi.</em></strong></span> <span class='ocrx_word' id='word_1_263' title='bbox 740 2157 871 2211; x_wconf 90' lang='lat' dir='ltr'><strong><em>Nam</em></strong></span> <span class='ocrx_word' id='word_1_264' title='bbox 928 2174 1053 2212; x_wconf 88' lang='lat' dir='ltr'><strong><em>enm</em></strong></span> <span class='ocrx_word' id='word_1_265' title='bbox 1110 2157 1335 2228; x_wconf 89' lang='lat' dir='ltr'><strong><em>perinde</em></strong></span> <span class='ocrx_word' id='word_1_266' title='bbox 1384 2165 1548 2226; x_wconf 86' lang='lat' dir='ltr'><strong><em>atque</em></strong></span> <span class='ocrx_word' id='word_1_267' title='bbox 1579 2158 1872 2227; x_wconf 85' lang='lat' dir='ltr'><strong><em>Apostolus</em></strong></span> <span class='ocrx_word' id='word_1_268' title='bbox 1919 2171 2126 2212; x_wconf 87' lang='lat' dir='ltr'><strong><em>cornua</em></strong></span> 
     </span>
    </p>
   </div>
   <div class='ocr_carea' id='block_1_39' title="bbox 552 2245 2128 2319">
    <p class='ocr_par' dir='ltr' id='par_1_39' title="bbox 552 2245 2128 2319">
     <span class='ocr_line' id='line_1_39' title="bbox 552 2245 2128 2319; baseline -0.003 -14"><span class='ocrx_word' id='word_1_269' title='bbox 552 2249 944 2319; x_wconf 83' lang='lat' dir='ltr'><strong><em>confringenda</em></strong></span> <span class='ocrx_word' id='word_1_270' title='bbox 976 2265 1099 2305; x_wconf 90' lang='lat' dir='ltr'><strong><em>esse</em></strong></span> <span class='ocrx_word' id='word_1_271' title='bbox 1126 2249 1375 2315; x_wconf 85' lang='lat' dir='ltr'><strong><em>dixisset,</em></strong></span> <span class='ocrx_word' id='word_1_272' title='bbox 1405 2249 1612 2303; x_wconf 81' lang='lat' dir='ltr'><strong><em>addidit</em></strong></span> <span class='ocrx_word' id='word_1_273' title='bbox 1656 2247 1788 2302; x_wconf 90' lang='lat' dir='ltr'><strong><em>illud</em></strong></span> <span class='ocrx_word' id='word_1_274' title='bbox 1824 2264 1839 2301; x_wconf 87' lang='lat'><strong>;</strong></span> <span class='ocrx_word' id='word_1_275' title='bbox 1866 2245 1935 2299; x_wconf 88' lang='lat' dir='ltr'><strong><em>Et</em></strong></span> <span class='ocrx_word' id='word_1_276' title='bbox 1978 2248 2128 2301; x_wconf 74' lang='lat' dir='ltr'><strong><em>exal-</em></strong></span> 
     </span>
    </p>
   </div>
   <div class='ocr_carea' id='block_1_40' title="bbox 554 2337 2128 2409">
    <p class='ocr_par' dir='ltr' id='par_1_40' title="bbox 554 2337 2128 2409">
     <span class='ocr_line' id='line_1_40' title="bbox 554 2337 2128 2409; baseline -0.002 -16"><span class='ocrx_word' id='word_1_277' title='bbox 554 2340 806 2394; x_wconf 86' lang='lat' dir='ltr'><strong><em>tabuntur</em></strong></span> <span class='ocrx_word' id='word_1_278' title='bbox 839 2357 1039 2394; x_wconf 85' lang='lat' dir='ltr'><strong><em>cornua</em></strong></span> <span class='ocrx_word' id='word_1_279' title='bbox 1062 2340 1218 2409; x_wconf 86' lang='lat' dir='ltr'><strong><em>justi,</em></strong></span> <span class='ocrx_word' id='word_1_280' title='bbox 1251 2347 1413 2408; x_wconf 88' lang='lat' dir='ltr'><strong><em>atque</em></strong></span> <span class='ocrx_word' id='word_1_281' title='bbox 1436 2339 1539 2393; x_wconf 86' lang='lat' dir='ltr'><strong><em>hoc</em></strong></span> <span class='ocrx_word' id='word_1_282' title='bbox 1568 2337 1851 2408; x_wconf 60' lang='lat' dir='ltr'><strong><em>praesentis</em></strong></span> <span class='ocrx_word' id='word_1_283' title='bbox 1893 2337 2128 2407; x_wconf 88' lang='lat' dir='ltr'><strong><em>prophe-</em></strong></span> 
     </span>
    </p>
   </div>
   <div class='ocr_carea' id='block_1_41' title="bbox 552 2428 2128 2501">
    <p class='ocr_par' dir='ltr' id='par_1_41' title="bbox 552 2428 2128 2501">
     <span class='ocr_line' id='line_1_41' title="bbox 552 2428 2128 2501; baseline -0.004 -15"><span class='ocrx_word' id='word_1_284' title='bbox 552 2433 642 2486; x_wconf 66' lang='lat' dir='ltr'><strong><em>tiae</em></strong></span> <span class='ocrx_word' id='word_1_285' title='bbox 666 2432 1121 2501; x_wconf 89' lang='lat' dir='ltr'><strong><em>complementum</em></strong></span> <span class='ocrx_word' id='word_1_286' title='bbox 1153 2438 1258 2486; x_wconf 91' lang='lat' dir='ltr'><strong><em>est.</em></strong></span> <span class='ocrx_word' id='word_1_287' title='bbox 1296 2430 1476 2497; x_wconf 86' lang='lat' dir='ltr'><strong><em>Quare</em></strong></span> <span class='ocrx_word' id='word_1_288' title='bbox 1513 2440 1569 2484; x_wconf 92' lang='lat' dir='ltr'><strong><em>et</em></strong></span> <span class='ocrx_word' id='word_1_289' title='bbox 1599 2430 1841 2499; x_wconf 89' lang='lat' dir='ltr'><strong><em>psalmus</em></strong></span> <span class='ocrx_word' id='word_1_290' title='bbox 1869 2436 1923 2483; x_wconf 90' lang='lat' dir='ltr'><strong><em>et</em></strong></span> <span class='ocrx_word' id='word_1_291' title='bbox 1952 2428 2128 2482; x_wconf 87' lang='lat' dir='ltr'><strong><em>canti-</em></strong></span> 
     </span>
    </p>
   </div>
   <div class='ocr_carea' id='block_1_42' title="bbox 550 2518 2130 2590">
    <p class='ocr_par' dir='ltr' id='par_1_42' title="bbox 550 2518 2130 2590">
     <span class='ocr_line' id='line_1_42' title="bbox 550 2518 2130 2590; baseline -0.003 -16"><span class='ocrx_word' id='word_1_292' title='bbox 550 2536 676 2575; x_wconf 89' lang='lat' dir='ltr'><strong><em>cum</em></strong></span> <span class='ocrx_word' id='word_1_293' title='bbox 727 2521 891 2575; x_wconf 88' lang='lat' dir='ltr'><strong><em>simul</em></strong></span> <span class='ocrx_word' id='word_1_294' title='bbox 940 2527 1324 2590; x_wconf 90' lang='lat' dir='ltr'><strong><em>nuncupatur;</em></strong></span> <span class='ocrx_word' id='word_1_295' title='bbox 1374 2536 1440 2576; x_wconf 82' lang='lat' dir='ltr'><strong><em>ex</em></strong></span> <span class='ocrx_word' id='word_1_296' title='bbox 1477 2533 1711 2589; x_wconf 89' lang='lat' dir='ltr'><strong><em>persona</em></strong></span> <span class='ocrx_word' id='word_1_297' title='bbox 1740 2526 1921 2572; x_wconf 88' lang='lat' dir='ltr'><strong><em>autem</em></strong></span> <span class='ocrx_word' id='word_1_298' title='bbox 1952 2518 2130 2585; x_wconf 75' lang='lat' dir='ltr'><strong><em>justo-</em></strong></span> 
     </span>
    </p>
   </div>
   <div class='ocr_carea' id='block_1_43' title="bbox 552 2606 2125 2679">
    <p class='ocr_par' dir='ltr' id='par_1_43' title="bbox 552 2606 2125 2679">
     <span class='ocr_line' id='line_1_43' title="bbox 552 2606 2125 2679; baseline -0.003 -15"><span class='ocrx_word' id='word_1_299' title='bbox 552 2626 674 2665; x_wconf 87' lang='lat' dir='ltr'><strong><em>rum</em></strong></span> <span class='ocrx_word' id='word_1_300' title='bbox 705 2611 917 2666; x_wconf 88' lang='lat' dir='ltr'><strong><em>initium</em></strong></span> <span class='ocrx_word' id='word_1_301' title='bbox 967 2612 1119 2666; x_wconf 90' lang='lat' dir='ltr'><strong><em>ducit</em></strong></span> <span class='ocrx_word' id='word_1_302' title='bbox 1151 2612 1341 2667; x_wconf 85' lang='lat' dir='ltr'><strong><em>dicens</em></strong></span> <span class='ocrx_word' id='word_1_303' title='bbox 1374 2629 1386 2665; x_wconf 90' lang='lat'><strong>:</strong></span> <span class='ocrx_word' id='word_1_304' title='bbox 1420 2608 1797 2679; x_wconf 75' lang='lat' dir='ltr'><strong><em>Conﬁtebimur</em></strong></span> <span class='ocrx_word' id='word_1_305' title='bbox 1833 2606 2125 2671; x_wconf 86' lang='lat' dir='ltr'><strong><em>tibi,Deus,</em></strong></span> 
     </span>
    </p>
   </div>
   <div class='ocr_carea' id='block_1_44' title="bbox 550 2697 2129 2771">
    <p class='ocr_par' dir='ltr' id='par_1_44' title="bbox 550 2697 2129 2771">
     <span class='ocr_line' id='line_1_44' title="bbox 550 2697 2129 2771; baseline 0.001 -18"><span class='ocrx_word' id='word_1_306' title='bbox 550 2701 913 2771; x_wconf 83' lang='lat' dir='ltr'><strong><em>conﬁtebimur</em></strong></span> <span class='ocrx_word' id='word_1_307' title='bbox 938 2702 1051 2765; x_wconf 87' lang='lat' dir='ltr'><strong><em>tibi,</em></strong></span> <span class='ocrx_word' id='word_1_308' title='bbox 1080 2711 1129 2755; x_wconf 85' lang='lat' dir='ltr'><strong><em>et</em></strong></span> <span class='ocrx_word' id='word_1_309' title='bbox 1158 2701 1511 2756; x_wconf 82' lang='lat' dir='ltr'><strong><em>invocabimus</em></strong></span> <span class='ocrx_word' id='word_1_310' title='bbox 1557 2716 1746 2754; x_wconf 85' lang='lat' dir='ltr'><strong><em>nomen</em></strong></span> <span class='ocrx_word' id='word_1_311' title='bbox 1798 2710 1964 2754; x_wconf 89' lang='lat' dir='ltr'><strong><em>tuum.</em></strong></span> <span class='ocrx_word' id='word_1_312' title='bbox 1990 2697 2129 2767; x_wconf 85' lang='lat' dir='ltr'><strong><em>Ipsis</em></strong></span> 
     </span>
    </p>
   </div>
   <div class='ocr_carea' id='block_1_45' title="bbox 549 2791 2127 2862">
    <p class='ocr_par' dir='ltr' id='par_1_45' title="bbox 549 2791 2127 2862">
     <span class='ocr_line' id='line_1_45' title="bbox 549 2791 2127 2862; baseline -0.003 -15"><span class='ocrx_word' id='word_1_313' title='bbox 549 2808 785 2862; x_wconf 88' lang='lat' dir='ltr'><strong><em>namque</em></strong></span> <span class='ocrx_word' id='word_1_314' title='bbox 842 2794 975 2848; x_wconf 88' lang='lat' dir='ltr'><strong><em>solis</em></strong></span> <span class='ocrx_word' id='word_1_315' title='bbox 1030 2794 1285 2848; x_wconf 83' lang='lat' dir='ltr'><strong><em>convenit</em></strong></span> <span class='ocrx_word' id='word_1_316' title='bbox 1334 2791 1610 2847; x_wconf 82' lang='lat' dir='ltr'><strong><em>confessio</em></strong></span> <span class='ocrx_word' id='word_1_317' title='bbox 1654 2807 1779 2845; x_wconf 90' lang='lat' dir='ltr'><strong><em>cum</em></strong></span> <span class='ocrx_word' id='word_1_318' title='bbox 1832 2791 2127 2861; x_wconf 80' lang='lat' dir='ltr'><strong><em>gratiarum</em></strong></span> 
     </span>
    </p>
   </div>
   <div class='ocr_carea' id='block_1_46' title="bbox 549 2878 2130 2952">
    <p class='ocr_par' dir='ltr' id='par_1_46' title="bbox 549 2878 2130 2952">
     <span class='ocr_line' id='line_1_46' title="bbox 549 2878 2130 2952; baseline -0.001 -17"><span class='ocrx_word' id='word_1_319' title='bbox 549 2883 786 2949; x_wconf 87' lang='lat' dir='ltr'><strong><em>actione,</em></strong></span> <span class='ocrx_word' id='word_1_320' title='bbox 814 2897 921 2952; x_wconf 88' lang='lat' dir='ltr'><strong><em>qua</em></strong></span> <span class='ocrx_word' id='word_1_321' title='bbox 955 2880 1213 2937; x_wconf 82' lang='lat' dir='ltr'><strong><em>Servatur</em></strong></span> <span class='ocrx_word' id='word_1_322' title='bbox 1260 2882 1316 2935; x_wconf 92' lang='lat' dir='ltr'><strong><em>in</em></strong></span> <span class='ocrx_word' id='word_1_323' title='bbox 1348 2880 1657 2949; x_wconf 73' lang='lat' dir='ltr'><strong><em>Evangeliis</em></strong></span> <span class='ocrx_word' id='word_1_324' title='bbox 1710 2879 1857 2933; x_wconf 90' lang='lat' dir='ltr'><strong><em>Patri</em></strong></span> <span class='ocrx_word' id='word_1_325' title='bbox 1902 2878 2130 2933; x_wconf 85' lang='lat' dir='ltr'><strong><em>confite-</em></strong></span> 
     </span>
    </p>
   </div>
   <div class='ocr_carea' id='block_1_47' title="bbox 547 2969 2131 3043">
    <p class='ocr_par' dir='ltr' id='par_1_47' title="bbox 547 2969 2131 3043">
     <span class='ocr_line' id='line_1_47' title="bbox 547 2969 2131 3043; baseline -0.004 -15"><span class='ocrx_word' id='word_1_326' title='bbox 547 2973 710 3028; x_wconf 82' lang='lat' dir='ltr'><strong><em>batur</em></strong></span> <span class='ocrx_word' id='word_1_327' title='bbox 741 2974 932 3029; x_wconf 85' lang='lat' dir='ltr'><strong><em>dicens</em></strong></span> <span class='ocrx_word' id='word_1_328' title='bbox 958 2994 971 3029; x_wconf 90' lang='lat'><strong>:</strong></span> <span class='ocrx_word' id='word_1_329' title='bbox 1006 2974 1277 3043; x_wconf 78' lang='lat' dir='ltr'><strong><em>Confiteor</em></strong></span> <span class='ocrx_word' id='word_1_330' title='bbox 1311 2973 1428 3036; x_wconf 89' lang='lat' dir='ltr'><strong><em>tibi,</em></strong></span> <span class='ocrx_word' id='word_1_331' title='bbox 1461 2972 1645 3035; x_wconf 83' lang='lat' dir='ltr'><strong><em>Pater,</em></strong></span> <span class='ocrx_word' id='word_1_332' title='bbox 1677 2970 1900 3023; x_wconf 87' lang='lat' dir='ltr'><strong><em>Domine</em></strong></span> <span class='ocrx_word' id='word_1_333' title='bbox 1932 2969 2051 3023; x_wconf 73' lang='lat' dir='ltr'><strong><em>creti</em></strong></span> <span class='ocrx_word' id='word_1_334' title='bbox 2080 2977 2131 3023; x_wconf 91' lang='lat' dir='ltr'><strong><em>et</em></strong></span> 
     </span>
    </p>
   </div>
   <div class='ocr_carea' id='block_1_48' title="bbox 547 3062 2132 3127">
    <p class='ocr_par' dir='ltr' id='par_1_48' title="bbox 547 3062 2132 3127">
     <span class='ocr_line' id='line_1_48' title="bbox 547 3062 2132 3127; baseline -0.002 -8"><span class='ocrx_word' id='word_1_335' title='bbox 547 3075 703 3119; x_wconf 83' lang='lat' dir='ltr'><strong><em>terra:</em></strong></span> <span class='ocrx_word' id='word_1_336' title='bbox 718 3067 783 3120; x_wconf 81' lang='grc'><strong><em>³⁸.</em></strong></span> <span class='ocrx_word' id='word_1_337' title='bbox 821 3064 1006 3120; x_wconf 88' lang='lat' dir='ltr'><strong><em>Primo</em></strong></span> <span class='ocrx_word' id='word_1_338' title='bbox 1053 3074 1234 3120; x_wconf 87' lang='lat' dir='ltr'><strong><em>autem</em></strong></span> <span class='ocrx_word' id='word_1_339' title='bbox 1268 3065 1619 3127; x_wconf 84' lang='lat' dir='ltr'><strong><em>conﬁtentur,</em></strong></span> <span class='ocrx_word' id='word_1_340' title='bbox 1650 3062 1846 3117; x_wconf 89' lang='lat' dir='ltr'><strong><em>deinde</em></strong></span> <span class='ocrx_word' id='word_1_341' title='bbox 1874 3062 2132 3117; x_wconf 76' lang='lat' dir='ltr'><strong><em>invocant</em></strong></span> 
     </span>
    </p>
   </div>
   <div class='ocr_carea' id='block_1_49' title="bbox 2230 1880 3731 1956">
    <p class='ocr_par' dir='ltr' id='par_1_49' title="bbox 2230 1880 3731 1956">
     <span class='ocr_line' id='line_1_49' title="bbox 2230 1880 3731 1956; baseline 0.004 -21"><span class='ocrx_word' id='word_1_342' title='bbox 2230 1880 2382 1943; x_wconf 83' lang='grc' dir='ltr'>τέλος</span> <span class='ocrx_word' id='word_1_343' title='bbox 2401 1883 2448 1934; x_wconf 82' lang='grc' dir='ltr'><strong>οἱ</strong></span> <span class='ocrx_word' id='word_1_344' title='bbox 2486 1880 2628 1934; x_wconf 80' lang='grc' dir='ltr'>κατὰ</span> <span class='ocrx_word' id='word_1_345' title='bbox 2670 1882 2762 1935; x_wconf 81' lang='grc' dir='ltr'><strong><em>τὸν</em></strong></span> <span class='ocrx_word' id='word_1_346' title='bbox 2790 1883 3060 1937; x_wconf 79' lang='grc' dir='ltr'>ἐνεστῶτα</span> <span class='ocrx_word' id='word_1_347' title='bbox 3090 1885 3263 1939; x_wconf 88' lang='grc' dir='ltr'>αίῶνα</span> <span class='ocrx_word' id='word_1_348' title='bbox 3288 1885 3377 1939; x_wconf 85' lang='grc' dir='ltr'><strong><em>τὸν</em></strong></span> <span class='ocrx_word' id='word_1_349' title='bbox 3417 1886 3562 1940; x_wconf 80' lang='grc' dir='ltr'>καλὸν</span> <span class='ocrx_word' id='word_1_350' title='bbox 3594 1889 3731 1956; x_wconf 72' lang='grc' dir='ltr'>ἀγῶνα</span> 
     </span>
    </p>
   </div>
   <div class='ocr_carea' id='block_1_50' title="bbox 2231 1972 3734 2050">
    <p class='ocr_par' dir='ltr' id='par_1_50' title="bbox 2231 1972 3734 2050">
     <span class='ocr_line' id='line_1_50' title="bbox 2231 1972 3734 2050; baseline 0.005 -25"><span class='ocrx_word' id='word_1_351' title='bbox 2231 1972 2575 2044; x_wconf 79' lang='grc' dir='ltr'><strong><em>νενικηκότες</em></strong></span> <span class='ocrx_word' id='word_1_352' title='bbox 2625 1973 2723 2044; x_wconf 86' lang='grc' dir='ltr'>τῆς</span> <span class='ocrx_word' id='word_1_353' title='bbox 2780 1974 3058 2046; x_wconf 79' lang='grc' dir='ltr'><strong><em>ἀφθάρτου</em></strong></span> <span class='ocrx_word' id='word_1_354' title='bbox 3109 1974 3256 2045; x_wconf 80' lang='grc' dir='ltr'>ζωῆς</span> <span class='ocrx_word' id='word_1_355' title='bbox 3307 1977 3589 2042; x_wconf 76' lang='grc' dir='ltr'>τεύξονται·</span> <span class='ocrx_word' id='word_1_356' title='bbox 3631 1980 3653 2032; x_wconf 85' lang='grc' dir='ltr'>ὃ</span> <span class='ocrx_word' id='word_1_357' title='bbox 3688 1980 3734 2050; x_wconf 77' lang='grc' dir='ltr'>δὴ</span> 
     </span>
    </p>
   </div>
   <div class='ocr_carea' id='block_1_51' title="bbox 2232 2060 3735 2138">
    <p class='ocr_par' dir='ltr' id='par_1_51' title="bbox 2232 2060 3735 2138">
     <span class='ocr_line' id='line_1_51' title="bbox 2232 2060 3735 2138; baseline 0.006 -26"><span class='ocrx_word' id='word_1_358' title='bbox 2232 2060 2368 2131; x_wconf 88' lang='grc' dir='ltr'>πρὸς</span> <span class='ocrx_word' id='word_1_359' title='bbox 2394 2064 2507 2124; x_wconf 83' lang='grc' dir='ltr'>τοῖς</span> <span class='ocrx_word' id='word_1_360' title='bbox 2528 2061 2858 2126; x_wconf 82' lang='grc' dir='ltr'><strong><em>τελευταίοις</em></strong></span> <span class='ocrx_word' id='word_1_361' title='bbox 2893 2064 2987 2117; x_wconf 73' lang='grc' dir='ltr'><strong><em>καὶ</em></strong></span> <span class='ocrx_word' id='word_1_362' title='bbox 3015 2065 3043 2117; x_wconf 87' lang='lat'><strong><em>6</em></strong></span> <span class='ocrx_word' id='word_1_363' title='bbox 3073 2066 3210 2135; x_wconf 81' lang='grc' dir='ltr'>μετὰ</span> <span class='ocrx_word' id='word_1_364' title='bbox 3239 2067 3423 2136; x_wconf 86' lang='grc' dir='ltr'>χεῖρας</span> <span class='ocrx_word' id='word_1_365' title='bbox 3452 2066 3588 2135; x_wconf 80' lang='grc' dir='ltr'><strong><em>λόγος</em></strong></span> <span class='ocrx_word' id='word_1_366' title='bbox 3614 2070 3735 2138; x_wconf 72' lang='grc' dir='ltr'>παρί-</span> 
     </span>
    </p>
   </div>
   <div class='ocr_carea' id='block_1_52' title="bbox 2234 2151 3734 2227">
    <p class='ocr_par' dir='ltr' id='par_1_52' title="bbox 2234 2151 3734 2227">
     <span class='ocr_line' id='line_1_52' title="bbox 2234 2151 3734 2227; baseline 0.006 -25"><span class='ocrx_word' id='word_1_367' title='bbox 2234 2168 2392 2221; x_wconf 89' lang='grc' dir='ltr'>στησι</span> <span class='ocrx_word' id='word_1_368' title='bbox 2419 2151 2613 2219; x_wconf 77' lang='grc' dir='ltr'>λέγων’</span> <span class='ocrx_word' id='word_1_369' title='bbox 2627 2152 2734 2206; x_wconf 78' lang='grc' dir='ltr'><strong><em>Καὶ</em></strong></span> <span class='ocrx_word' id='word_1_370' title='bbox 2761 2152 2958 2205; x_wconf 79' lang='grc' dir='ltr'>πάντα</span> <span class='ocrx_word' id='word_1_371' title='bbox 2980 2154 3053 2207; x_wconf 84' lang='grc' dir='ltr'>τὰ</span> <span class='ocrx_word' id='word_1_372' title='bbox 3069 2153 3290 2223; x_wconf 79' lang='grc' dir='ltr'>κέρατα</span> <span class='ocrx_word' id='word_1_373' title='bbox 3311 2155 3422 2209; x_wconf 77' lang='grc' dir='ltr'>τῶν</span> <span class='ocrx_word' id='word_1_374' title='bbox 3446 2157 3734 2227; x_wconf 69' lang='grc' dir='ltr'>ἁμαρτωλῶν</span> 
     </span>
    </p>
   </div>
   <div class='ocr_carea' id='block_1_53' title="bbox 2232 2242 3733 2316">
    <p class='ocr_par' dir='ltr' id='par_1_53' title="bbox 2232 2242 3733 2316">
     <span class='ocr_line' id='line_1_53' title="bbox 2232 2242 3733 2316; baseline 0.002 -21"><span class='ocrx_word' id='word_1_375' title='bbox 2232 2242 2561 2299; x_wconf 73' lang='grc' dir='ltr'>συνθλάσω</span> <span class='ocrx_word' id='word_1_376' title='bbox 2583 2282 2597 2308; x_wconf 91' lang='grc'><strong><em>,</em></strong></span> <span class='ocrx_word' id='word_1_377' title='bbox 2639 2242 2739 2296; x_wconf 75' lang='grc' dir='ltr'>καὶ</span> <span class='ocrx_word' id='word_1_378' title='bbox 2783 2243 3165 2313; x_wconf 73' lang='grc' dir='ltr'><strong><em>ὑψωθήσεται</em></strong></span> <span class='ocrx_word' id='word_1_379' title='bbox 3209 2246 3283 2299; x_wconf 84' lang='grc' dir='ltr'>τὰ</span> <span class='ocrx_word' id='word_1_380' title='bbox 3332 2247 3530 2316; x_wconf 78' lang='grc' dir='ltr'>κέρατα</span> <span class='ocrx_word' id='word_1_381' title='bbox 3551 2248 3637 2301; x_wconf 81' lang='grc' dir='ltr'><strong><em>τοῦ</em></strong></span> <span class='ocrx_word' id='word_1_382' title='bbox 3673 2247 3733 2300; x_wconf 76' lang='grc' dir='ltr'>δι·</span> 
     </span>
    </p>
   </div>
   <div class='ocr_carea' id='block_1_54' title="bbox 2234 2332 3734 2410">
    <p class='ocr_par' dir='ltr' id='par_1_54' title="bbox 2234 2332 3734 2410">
     <span class='ocr_line' id='line_1_54' title="bbox 2234 2332 3734 2410; baseline 0.004 -25"><span class='ocrx_word' id='word_1_383' title='bbox 2234 2333 2428 2386; x_wconf 86' lang='grc' dir='ltr'>καίου.</span> <span class='ocrx_word' id='word_1_384' title='bbox 2454 2332 2767 2404; x_wconf 81' lang='grc' dir='ltr'>Συμφώνως</span> <span class='ocrx_word' id='word_1_385' title='bbox 2789 2334 2897 2405; x_wconf 82' lang='grc' dir='ltr'>γὰρ</span> <span class='ocrx_word' id='word_1_386' title='bbox 2920 2336 2998 2406; x_wconf 84' lang='grc' dir='ltr'>τῷ</span> <span class='ocrx_word' id='word_1_387' title='bbox 3036 2336 3341 2409; x_wconf 80' lang='grc' dir='ltr'>Ἀποστόλῳ</span> <span class='ocrx_word' id='word_1_388' title='bbox 3363 2339 3391 2390; x_wconf 90' lang='grc' dir='ltr'><strong><em>ό</em></strong></span> <span class='ocrx_word' id='word_1_389' title='bbox 3419 2337 3586 2410; x_wconf 86' lang='grc' dir='ltr'>παρὼν</span> <span class='ocrx_word' id='word_1_390' title='bbox 3620 2339 3734 2405; x_wconf 82' lang='grc' dir='ltr'>λόγος</span> 
     </span>
    </p>
   </div>
   <div class='ocr_carea' id='block_1_55' title="bbox 2236 2420 3734 2495">
    <p class='ocr_par' dir='ltr' id='par_1_55' title="bbox 2236 2420 3734 2495">
     <span class='ocr_line' id='line_1_55' title="bbox 2236 2420 3734 2495; baseline 0 -22"><span class='ocrx_word' id='word_1_391' title='bbox 2236 2420 2633 2493; x_wconf 83' lang='grc' dir='ltr'>κλασθήσεσθαι</span> <span class='ocrx_word' id='word_1_392' title='bbox 2661 2420 2730 2474; x_wconf 84' lang='grc' dir='ltr'>τὰ</span> <span class='ocrx_word' id='word_1_393' title='bbox 2751 2422 2959 2493; x_wconf 84' lang='grc' dir='ltr'>κέρατα</span> <span class='ocrx_word' id='word_1_394' title='bbox 2980 2422 3168 2487; x_wconf 77' lang='grc' dir='ltr'>εἰπὼν,</span> <span class='ocrx_word' id='word_1_395' title='bbox 3191 2426 3433 2495; x_wconf 76' lang='grc' dir='ltr'>ἐπήγαγε</span> <span class='ocrx_word' id='word_1_396' title='bbox 3450 2424 3522 2487; x_wconf 83' lang='grc' dir='ltr'><strong><em>τὸ,</em></strong></span> <span class='ocrx_word' id='word_1_397' title='bbox 3537 2423 3734 2492; x_wconf 65' lang='grc' dir='ltr'><strong><em>Ὑψωθή-</em></strong></span> 
     </span>
    </p>
   </div>
   <div class='ocr_carea' id='block_1_56' title="bbox 2234 2512 3733 2582">
    <p class='ocr_par' dir='ltr' id='par_1_56' title="bbox 2234 2512 3733 2582">
     <span class='ocr_line' id='line_1_56' title="bbox 2234 2512 3733 2582; baseline -0.001 -16"><span class='ocrx_word' id='word_1_398' title='bbox 2234 2527 2402 2566; x_wconf 89' lang='grc' dir='ltr'>σεται</span> <span class='ocrx_word' id='word_1_399' title='bbox 2430 2513 2504 2566; x_wconf 86' lang='grc' dir='ltr'>τὰ</span> <span class='ocrx_word' id='word_1_400' title='bbox 2524 2512 2743 2580; x_wconf 82' lang='grc' dir='ltr'>κέρατα</span> <span class='ocrx_word' id='word_1_401' title='bbox 2767 2512 2874 2566; x_wconf 85' lang='grc' dir='ltr'><strong><em>τοῦ</em></strong></span> <span class='ocrx_word' id='word_1_402' title='bbox 2899 2513 3159 2569; x_wconf 82' lang='grc' dir='ltr'><strong><em>δικαίου·</em></strong></span> <span class='ocrx_word' id='word_1_403' title='bbox 3201 2515 3297 2568; x_wconf 78' lang='grc' dir='ltr'><strong><em>καὶ</em></strong></span> <span class='ocrx_word' id='word_1_404' title='bbox 3322 2514 3457 2568; x_wconf 81' lang='grc' dir='ltr'>τοῦτ’</span> <span class='ocrx_word' id='word_1_405' title='bbox 3485 2514 3650 2568; x_wconf 77' lang='grc' dir='ltr'>ἔστιτὸ</span> <span class='ocrx_word' id='word_1_406' title='bbox 3666 2514 3733 2582; x_wconf 80' lang='grc' dir='ltr'>τῆς</span> 
     </span>
    </p>
   </div>
   <div class='ocr_carea' id='block_1_57' title="bbox 2235 2602 3735 2675">
    <p class='ocr_par' dir='ltr' id='par_1_57' title="bbox 2235 2602 3735 2675">
     <span class='ocr_line' id='line_1_57' title="bbox 2235 2602 3735 2675; baseline 0 -21"><span class='ocrx_word' id='word_1_407' title='bbox 2235 2602 2516 2674; x_wconf 85' lang='grc' dir='ltr'>παρούσης</span> <span class='ocrx_word' id='word_1_408' title='bbox 2543 2602 2881 2674; x_wconf 82' lang='grc' dir='ltr'>προφητείας</span> <span class='ocrx_word' id='word_1_409' title='bbox 2917 2604 3313 2675; x_wconf 81' lang='grc' dir='ltr'>συμπέρασμα.</span> <span class='ocrx_word' id='word_1_410' title='bbox 3344 2607 3432 2659; x_wconf 82' lang='grc' dir='ltr'>Διὸ</span> <span class='ocrx_word' id='word_1_411' title='bbox 3461 2607 3546 2659; x_wconf 75' lang='grc' dir='ltr'>καὶ</span> <span class='ocrx_word' id='word_1_412' title='bbox 3575 2603 3735 2674; x_wconf 69' lang='grc' dir='ltr'>ψαλμὺς</span> 
     </span>
    </p>
   </div>
   <div class='ocr_carea' id='block_1_58' title="bbox 2235 2694 3734 2771">
    <p class='ocr_par' dir='ltr' id='par_1_58' title="bbox 2235 2694 3734 2771">
     <span class='ocr_line' id='line_1_58' title="bbox 2235 2694 3734 2771; baseline -0.001 -23"><span class='ocrx_word' id='word_1_413' title='bbox 2235 2695 2329 2749; x_wconf 75' lang='grc' dir='ltr'>καὶ</span> <span class='ocrx_word' id='word_1_414' title='bbox 2364 2694 2474 2766; x_wconf 82' lang='grc' dir='ltr'><strong><em>ᾠδὴ</em></strong></span> <span class='ocrx_word' id='word_1_415' title='bbox 2513 2694 2655 2748; x_wconf 86' lang='grc' dir='ltr'>κατὰ</span> <span class='ocrx_word' id='word_1_416' title='bbox 2686 2695 2747 2747; x_wconf 87' lang='grc' dir='ltr'><strong><em>τὸ</em></strong></span> <span class='ocrx_word' id='word_1_417' title='bbox 2786 2696 2917 2749; x_wconf 82' lang='grc' dir='ltr'>αὐτὸ</span> <span class='ocrx_word' id='word_1_418' title='bbox 2954 2696 3271 2768; x_wconf 80' lang='grc' dir='ltr'>ὠνόμασται</span> <span class='ocrx_word' id='word_1_419' title='bbox 3292 2716 3305 2731; x_wconf 73' lang='grc' dir='ltr'><strong>ο</strong></span> <span class='ocrx_word' id='word_1_420' title='bbox 3338 2696 3672 2771; x_wconf 51' lang='grc' dir='ltr'>ὲκηπροσώπου</span> <span class='ocrx_word' id='word_1_421' title='bbox 3694 2694 3734 2746; x_wconf 82' lang='grc' dir='ltr'>δὲ</span> 
     </span>
    </p>
   </div>
   <div class='ocr_carea' id='block_1_59' title="bbox 2234 2786 3735 2861">
    <p class='ocr_par' dir='ltr' id='par_1_59' title="bbox 2234 2786 3735 2861">
     <span class='ocr_line' id='line_1_59' title="bbox 2234 2786 3735 2861; baseline 0.002 -22"><span class='ocrx_word' id='word_1_422' title='bbox 2234 2786 2342 2839; x_wconf 87' lang='grc' dir='ltr'>τῶν</span> <span class='ocrx_word' id='word_1_423' title='bbox 2373 2787 2596 2841; x_wconf 84' lang='grc' dir='ltr'>δικαίων</span> <span class='ocrx_word' id='word_1_424' title='bbox 2623 2789 2721 2860; x_wconf 83' lang='grc' dir='ltr'><strong><em>τὴν</em></strong></span> <span class='ocrx_word' id='word_1_425' title='bbox 2757 2789 3037 2861; x_wconf 79' lang='grc' dir='ltr'>καταρχὴν</span> <span class='ocrx_word' id='word_1_426' title='bbox 3062 2794 3294 2845; x_wconf 82' lang='grc' dir='ltr'>ποιεῖται</span> <span class='ocrx_word' id='word_1_427' title='bbox 3328 2792 3512 2847; x_wconf 78' lang='grc' dir='ltr'>εἰπών’</span> <span class='ocrx_word' id='word_1_428' title='bbox 3550 2791 3735 2859; x_wconf 70' lang='grc' dir='ltr'><strong><em>Ἐξομοι</em></strong></span> 
     </span>
    </p>
   </div>
   <div class='ocr_carea' id='block_1_60' title="bbox 2235 2877 3733 2954">
    <p class='ocr_par' dir='ltr' id='par_1_60' title="bbox 2235 2877 3733 2954">
     <span class='ocr_line' id='line_1_60' title="bbox 2235 2877 3733 2954; baseline 0.001 -24"><span class='ocrx_word' id='word_1_429' title='bbox 2235 2877 2614 2947; x_wconf 68' lang='grc' dir='ltr'>λογησόμεθά</span> <span class='ocrx_word' id='word_1_430' title='bbox 2638 2895 2759 2942; x_wconf 89' lang='grc' dir='ltr'>σοι,</span> <span class='ocrx_word' id='word_1_431' title='bbox 2791 2883 2826 2934; x_wconf 81' lang='grc' dir='ltr'><strong><em>ό</em></strong></span> <span class='ocrx_word' id='word_1_432' title='bbox 2871 2882 3036 2947; x_wconf 82' lang='grc' dir='ltr'><strong><em>Θεὸς,</em></strong></span> <span class='ocrx_word' id='word_1_433' title='bbox 3085 2880 3619 2954; x_wconf 73' lang='grc' dir='ltr'>ἐξομολογησάμεθά</span> <span class='ocrx_word' id='word_1_434' title='bbox 3646 2895 3733 2943; x_wconf 79' lang='grc' dir='ltr'>σοι,</span> 
     </span>
    </p>
   </div>
   <div class='ocr_carea' id='block_1_61' title="bbox 2236 2967 3735 3042">
    <p class='ocr_par' dir='ltr' id='par_1_61' title="bbox 2236 2967 3735 3042">
     <span class='ocr_line' id='line_1_61' title="bbox 2236 2967 3735 3042; baseline 0.004 -23"><span class='ocrx_word' id='word_1_435' title='bbox 2236 2967 2334 3020; x_wconf 79' lang='grc' dir='ltr'>καὶ</span> <span class='ocrx_word' id='word_1_436' title='bbox 2375 2968 2850 3039; x_wconf 78' lang='grc' dir='ltr'>ἐπικαλεσόμεθα</span> <span class='ocrx_word' id='word_1_437' title='bbox 2907 2972 2973 3025; x_wconf 87' lang='grc' dir='ltr'>τὸ</span> <span class='ocrx_word' id='word_1_438' title='bbox 3022 2972 3210 3042; x_wconf 73' lang='grc' dir='ltr'>ὄνομα</span> <span class='ocrx_word' id='word_1_439' title='bbox 3268 2992 3401 3029; x_wconf 89' lang='grc' dir='ltr'>σου.</span> <span class='ocrx_word' id='word_1_440' title='bbox 3450 2974 3620 3035; x_wconf 85' lang='grc' dir='ltr'>Μόνοις</span> <span class='ocrx_word' id='word_1_441' title='bbox 3658 2973 3735 3039; x_wconf 76' lang='grc' dir='ltr'>γὰρ</span> 
     </span>
    </p>
   </div>
   <div class='ocr_carea' id='block_1_62' title="bbox 2235 3059 3735 3139">
    <p class='ocr_par' dir='ltr' id='par_1_62' title="bbox 2235 3059 3735 3139">
     <span class='ocr_line' id='line_1_62' title="bbox 2235 3059 3735 3139; baseline 0.003 -28"><span class='ocrx_word' id='word_1_442' title='bbox 2235 3059 2417 3123; x_wconf 84' lang='grc' dir='ltr'>αὐτοῖς</span> <span class='ocrx_word' id='word_1_443' title='bbox 2444 3061 2641 3133; x_wconf 78' lang='grc' dir='ltr'>πρέπει</span> <span class='ocrx_word' id='word_1_444' title='bbox 2668 3062 2699 3133; x_wconf 83' lang='grc' dir='ltr'>ἡ</span> <span class='ocrx_word' id='word_1_445' title='bbox 2733 3063 3149 3136; x_wconf 74' lang='grc' dir='ltr'>εὐχαριπήριος</span> <span class='ocrx_word' id='word_1_446' title='bbox 3169 3064 3556 3139; x_wconf 77' lang='grc' dir='ltr'>ἐξομολόγησις,</span> <span class='ocrx_word' id='word_1_447' title='bbox 3578 3063 3659 3117; x_wconf 82' lang='grc' dir='ltr'><strong><em>καθ</em></strong></span> <span class='ocrx_word' id='word_1_448' title='bbox 3688 3063 3735 3132; x_wconf 76' lang='grc' dir='ltr'>ἦν</span> 
     </span>
    </p>
   </div>
   <div class='ocr_carea' id='block_1_63' title="bbox 544 3150 2128 3227">
    <p class='ocr_par' dir='ltr' id='par_1_63' title="bbox 544 3154 2128 3225">
     <span class='ocr_line' id='line_1_63' title="bbox 544 3154 2128 3225; baseline -0.001 -14"><span class='ocrx_word' id='word_1_449' title='bbox 544 3172 748 3211; x_wconf 86' lang='lat' dir='ltr'><strong><em>nomen</em></strong></span> <span class='ocrx_word' id='word_1_450' title='bbox 780 3158 920 3225; x_wconf 86' lang='lat' dir='ltr'><strong><em>ejus,</em></strong></span> <span class='ocrx_word' id='word_1_451' title='bbox 953 3172 1059 3225; x_wconf 90' lang='lat' dir='ltr'><strong><em>qua</em></strong></span> <span class='ocrx_word' id='word_1_452' title='bbox 1096 3157 1441 3211; x_wconf 82' lang='lat' dir='ltr'><strong><em>invocatione</em></strong></span> <span class='ocrx_word' id='word_1_453' title='bbox 1470 3156 1700 3210; x_wconf 86' lang='lat' dir='ltr'><strong><em>salutem</em></strong></span> <span class='ocrx_word' id='word_1_454' title='bbox 1734 3170 1763 3209; x_wconf 91' lang='lat' dir='ltr'><strong><em>a</em></strong></span> <span class='ocrx_word' id='word_1_455' title='bbox 1794 3154 1907 3208; x_wconf 88' lang='lat' dir='ltr'><strong><em>Deo</em></strong></span> <span class='ocrx_word' id='word_1_456' title='bbox 1934 3169 2128 3209; x_wconf 85' lang='lat' dir='ltr'><strong><em>conse-</em></strong></span> 
     </span>
    </p>
   </div>
   <div class='ocr_carea' id='block_1_64' title="bbox 2226 3150 3735 3227">
    <p class='ocr_par' dir='ltr' id='par_1_64' title="bbox 2238 3150 3735 3227">
     <span class='ocr_line' id='line_1_64' title="bbox 2238 3150 3735 3227; baseline 0.005 -25"><span class='ocrx_word' id='word_1_457' title='bbox 2238 3150 2331 3202; x_wconf 77' lang='grc' dir='ltr'><strong><em>καὶ</em></strong></span> <span class='ocrx_word' id='word_1_458' title='bbox 2359 3151 2388 3202; x_wconf 90' lang='lat'><strong><em>6</em></strong></span> <span class='ocrx_word' id='word_1_459' title='bbox 2414 3151 2605 3223; x_wconf 80' lang='grc' dir='ltr'>Σωτὴρ</span> <span class='ocrx_word' id='word_1_460' title='bbox 2637 3152 3028 3224; x_wconf 77' lang='grc' dir='ltr'>ἐξωμολογεῖτο</span> <span class='ocrx_word' id='word_1_461' title='bbox 3052 3157 3110 3209; x_wconf 83' lang='grc' dir='ltr'>ὲν</span> <span class='ocrx_word' id='word_1_462' title='bbox 3136 3158 3489 3227; x_wconf 79' lang='grc' dir='ltr'>Εὑαγγελίοις</span> <span class='ocrx_word' id='word_1_463' title='bbox 3526 3156 3638 3226; x_wconf 78' lang='grc' dir='ltr'>πρὸς</span> <span class='ocrx_word' id='word_1_464' title='bbox 3669 3153 3735 3205; x_wconf 77' lang='grc' dir='ltr'><strong><em>τὸν</em></strong></span> 
     </span>
    </p>
   </div>
   <div class='ocr_carea' id='block_1_65' title="bbox 542 3245 2124 3319">
    <p class='ocr_par' dir='ltr' id='par_1_65' title="bbox 542 3245 2124 3319">
     <span class='ocr_line' id='line_1_65' title="bbox 542 3245 2124 3319; baseline -0.001 -16"><span class='ocrx_word' id='word_1_465' title='bbox 542 3255 807 3319; x_wconf 87' lang='lat' dir='ltr'><strong><em>quentur,</em></strong></span> <span class='ocrx_word' id='word_1_466' title='bbox 839 3254 899 3300; x_wconf 88' lang='lat' dir='ltr'><strong><em>ut</em></strong></span> <span class='ocrx_word' id='word_1_467' title='bbox 930 3245 1033 3301; x_wconf 85' lang='lat' dir='ltr'><strong><em>fert</em></strong></span> <span class='ocrx_word' id='word_1_468' title='bbox 1063 3247 1269 3301; x_wconf 87' lang='lat' dir='ltr'><strong><em>dictum</em></strong></span> <span class='ocrx_word' id='word_1_469' title='bbox 1301 3246 1433 3299; x_wconf 89' lang='lat' dir='ltr'><strong><em>illud</em></strong></span> <span class='ocrx_word' id='word_1_470' title='bbox 1461 3264 1476 3301; x_wconf 90' lang='lat'><strong>:</strong></span> <span class='ocrx_word' id='word_1_471' title='bbox 1504 3245 1571 3298; x_wconf 83' lang='lat' dir='ltr'><strong><em>Et</em></strong></span> <span class='ocrx_word' id='word_1_472' title='bbox 1606 3246 1777 3299; x_wconf 91' lang='lat' dir='ltr'><strong><em>omnis</em></strong></span> <span class='ocrx_word' id='word_1_473' title='bbox 1828 3247 2124 3316; x_wconf 86' lang='lat' dir='ltr'><strong><em>quicunque</em></strong></span> 
     </span>
    </p>
   </div>
   <div class='ocr_carea' id='block_1_66' title="bbox 541 3335 2129 3401">
    <p class='ocr_par' dir='ltr' id='par_1_66' title="bbox 541 3335 2129 3401">
     <span class='ocr_line' id='line_1_66' title="bbox 541 3335 2129 3401; baseline 0.002 -11"><span class='ocrx_word' id='word_1_474' title='bbox 541 3339 861 3394; x_wconf 82' lang='lat' dir='ltr'><strong><em>invocaverit</em></strong></span> <span class='ocrx_word' id='word_1_475' title='bbox 894 3354 1080 3392; x_wconf 87' lang='lat' dir='ltr'><strong><em>nomen</em></strong></span> <span class='ocrx_word' id='word_1_476' title='bbox 1113 3337 1350 3401; x_wconf 87' lang='lat' dir='ltr'><strong><em>Domini,</em></strong></span> <span class='ocrx_word' id='word_1_477' title='bbox 1373 3338 1550 3391; x_wconf 83' lang='lat' dir='ltr'><strong><em>salvus</em></strong></span> <span class='ocrx_word' id='word_1_478' title='bbox 1583 3338 1682 3391; x_wconf 89' lang='lat' dir='ltr'><strong><em>erit</em></strong></span> <span class='ocrx_word' id='word_1_479' title='bbox 1705 3337 1773 3391; x_wconf 84' lang='grc'><strong><em>⁸³.</em></strong></span> <span class='ocrx_word' id='word_1_480' title='bbox 1792 3335 1980 3392; x_wconf 88' lang='lat' dir='ltr'><strong><em>Potest</em></strong></span> <span class='ocrx_word' id='word_1_481' title='bbox 2002 3338 2129 3393; x_wconf 76' lang='lat' dir='ltr'><strong><em>item</em></strong></span> 
     </span>
    </p>
   </div>
   <div class='ocr_carea' id='block_1_67' title="bbox 542 3428 2127 3499">
    <p class='ocr_par' dir='ltr' id='par_1_67' title="bbox 542 3428 2127 3499">
     <span class='ocr_line' id='line_1_67' title="bbox 542 3428 2127 3499; baseline 0 -15"><span class='ocrx_word' id='word_1_482' title='bbox 542 3429 634 3484; x_wconf 84' lang='lat' dir='ltr'><strong><em>hic</em></strong></span> <span class='ocrx_word' id='word_1_483' title='bbox 670 3444 853 3484; x_wconf 89' lang='lat' dir='ltr'><strong><em>sermo</em></strong></span> <span class='ocrx_word' id='word_1_484' title='bbox 894 3429 978 3483; x_wconf 70' lang='lat' dir='ltr'><strong><em>&#39;ad</em></strong></span> <span class='ocrx_word' id='word_1_485' title='bbox 1032 3428 1435 3483; x_wconf 88' lang='lat' dir='ltr'><strong><em>confessionem</em></strong></span> <span class='ocrx_word' id='word_1_486' title='bbox 1470 3428 1757 3483; x_wconf 89' lang='lat' dir='ltr'><strong><em>instituere</em></strong></span> <span class='ocrx_word' id='word_1_487' title='bbox 1788 3443 1905 3493; x_wconf 91' lang='lat' dir='ltr'><strong><em>eos,</em></strong></span> <span class='ocrx_word' id='word_1_488' title='bbox 1932 3429 2024 3499; x_wconf 90' lang='lat' dir='ltr'><strong><em>qui</em></strong></span> <span class='ocrx_word' id='word_1_489' title='bbox 2071 3429 2127 3484; x_wconf 91' lang='lat' dir='ltr'><strong><em>in</em></strong></span> 
     </span>
    </p>
   </div>
   <div class='ocr_carea' id='block_1_68' title="bbox 545 3518 2127 3592">
    <p class='ocr_par' dir='ltr' id='par_1_68' title="bbox 545 3518 2127 3592">
     <span class='ocr_line' id='line_1_68' title="bbox 545 3518 2127 3592; baseline -0.001 -17"><span class='ocrx_word' id='word_1_490' title='bbox 545 3521 873 3592; x_wconf 67' lang='lat' dir='ltr'><strong><em>praecedenti</em></strong></span> <span class='ocrx_word' id='word_1_491' title='bbox 920 3520 1135 3575; x_wconf 88' lang='lat' dir='ltr'><strong><em>ruinam</em></strong></span> <span class='ocrx_word' id='word_1_492' title='bbox 1189 3518 1672 3590; x_wconf 82' lang='lat' dir='ltr'><strong><em>Jcrosolymornm,</em></strong></span> <span class='ocrx_word' id='word_1_493' title='bbox 1700 3526 1756 3574; x_wconf 88' lang='lat' dir='ltr'><strong><em>et</em></strong></span> <span class='ocrx_word' id='word_1_494' title='bbox 1798 3526 2127 3591; x_wconf 86' lang='lat' dir='ltr'><strong><em>postremam</em></strong></span> 
     </span>
    </p>
   </div>
   <div class='ocr_carea' id='block_1_69' title="bbox 543 3610 2126 3682">
    <p class='ocr_par' dir='ltr' id='par_1_69' title="bbox 543 3610 2126 3682">
     <span class='ocr_line' id='line_1_69' title="bbox 543 3610 2126 3682; baseline -0.001 -15"><span class='ocrx_word' id='word_1_495' title='bbox 543 3613 666 3682; x_wconf 87' lang='lat' dir='ltr'><strong><em>ejus</em></strong></span> <span class='ocrx_word' id='word_1_496' title='bbox 712 3610 1053 3667; x_wconf 89' lang='lat' dir='ltr'><strong><em>obsidionem</em></strong></span> <span class='ocrx_word' id='word_1_497' title='bbox 1102 3610 1536 3680; x_wconf 78' lang='lat' dir='ltr'><strong><em>deploraverunt.</em></strong></span> <span class='ocrx_word' id='word_1_498' title='bbox 1568 3611 1703 3664; x_wconf 77' lang='lat' dir='ltr'><strong><em>Nam</em></strong></span> <span class='ocrx_word' id='word_1_499' title='bbox 1748 3613 1841 3680; x_wconf 87' lang='lat' dir='ltr'><strong><em>qui</em></strong></span> <span class='ocrx_word' id='word_1_500' title='bbox 1873 3610 2126 3680; x_wconf 83' lang='lat' dir='ltr'><strong><em>superius</em></strong></span> 
     </span>
    </p>
   </div>
   <div class='ocr_carea' id='block_1_70' title="bbox 543 3699 2124 3772">
    <p class='ocr_par' dir='ltr' id='par_1_70' title="bbox 543 3699 2124 3772">
     <span class='ocr_line' id='line_1_70' title="bbox 543 3699 2124 3772; baseline -0.003 -14"><span class='ocrx_word' id='word_1_501' title='bbox 543 3703 797 3759; x_wconf 79' lang='lat' dir='ltr'><strong><em>dixerant</em></strong></span> <span class='ocrx_word' id='word_1_502' title='bbox 848 3721 862 3758; x_wconf 87' lang='lat'><strong>:</strong></span> <span class='ocrx_word' id='word_1_503' title='bbox 911 3699 1127 3772; x_wconf 81' lang='lat' dir='ltr'><strong><em>thuid,</em></strong></span> <span class='ocrx_word' id='word_1_504' title='bbox 1162 3699 1325 3766; x_wconf 90' lang='lat' dir='ltr'><strong><em>Deus,</em></strong></span> <span class='ocrx_word' id='word_1_505' title='bbox 1361 3701 1601 3769; x_wconf 83' lang='lat' dir='ltr'><strong><em>repulisti</em></strong></span> <span class='ocrx_word' id='word_1_506' title='bbox 1634 3702 1689 3755; x_wconf 90' lang='lat' dir='ltr'><strong><em>in</em></strong></span> <span class='ocrx_word' id='word_1_507' title='bbox 1719 3702 1899 3771; x_wconf 78' lang='lat' dir='ltr'><strong><em>ﬁnem,</em></strong></span> <span class='ocrx_word' id='word_1_508' title='bbox 1953 3702 2124 3754; x_wconf 87' lang='lat' dir='ltr'><strong><em>iratus</em></strong></span> 
     </span>
    </p>
   </div>
   <div class='ocr_carea' id='block_1_71' title="bbox 542 3794 2121 3865">
    <p class='ocr_par' dir='ltr' id='par_1_71' title="bbox 542 3794 2121 3865">
     <span class='ocr_line' id='line_1_71' title="bbox 542 3794 2121 3865; baseline -0.003 -15"><span class='ocrx_word' id='word_1_509' title='bbox 542 3804 623 3850; x_wconf 87' lang='lat' dir='ltr'><strong><em>est</em></strong></span> <span class='ocrx_word' id='word_1_510' title='bbox 680 3795 832 3865; x_wconf 79' lang='lat' dir='ltr'><strong><em>[uror</em></strong></span> <span class='ocrx_word' id='word_1_511' title='bbox 866 3804 986 3848; x_wconf 83' lang='lat' dir='ltr'><strong><em>tuus</em></strong></span> <span class='ocrx_word' id='word_1_512' title='bbox 1009 3809 1163 3863; x_wconf 88' lang='lat' dir='ltr'><strong><em>super</em></strong></span> <span class='ocrx_word' id='word_1_513' title='bbox 1196 3810 1311 3847; x_wconf 88' lang='lat' dir='ltr'><strong><em>oves</em></strong></span> <span class='ocrx_word' id='word_1_514' title='bbox 1341 3809 1553 3861; x_wconf 61' lang='lat' dir='ltr'><strong><em>pascua’</em></strong></span> <span class='ocrx_word' id='word_1_515' title='bbox 1585 3794 1779 3847; x_wconf 71' lang='lat' dir='ltr'><strong><em>tum&quot;?</em></strong></span> <span class='ocrx_word' id='word_1_516' title='bbox 1806 3802 1861 3848; x_wconf 89' lang='lat' dir='ltr'><strong><em>et</em></strong></span> <span class='ocrx_word' id='word_1_517' title='bbox 1882 3800 2077 3848; x_wconf 62' lang='lat' dir='ltr'><strong><em>castera</em></strong></span> <span class='ocrx_word' id='word_1_518' title='bbox 2104 3812 2121 3861; x_wconf 87' lang='lat'><strong>;</strong></span> 
     </span>
    </p>
   </div>
   <div class='ocr_carea' id='block_1_72' title="bbox 544 3884 2123 3949">
    <p class='ocr_par' dir='ltr' id='par_1_72' title="bbox 544 3884 2123 3949">
     <span class='ocr_line' id='line_1_72' title="bbox 544 3884 2123 3949; baseline -0.004 -6"><span class='ocrx_word' id='word_1_519' title='bbox 544 3902 695 3943; x_wconf 87' lang='lat' dir='ltr'><strong><em>nunc</em></strong></span> <span class='ocrx_word' id='word_1_520' title='bbox 743 3887 1013 3942; x_wconf 90' lang='lat' dir='ltr'><strong><em>docentur</em></strong></span> <span class='ocrx_word' id='word_1_521' title='bbox 1066 3884 1317 3939; x_wconf 81' lang='lat' dir='ltr'><strong><em>conﬁteri</em></strong></span> <span class='ocrx_word' id='word_1_522' title='bbox 1352 3884 1485 3949; x_wconf 81' lang='lat' dir='ltr'><strong><em>Deo,</em></strong></span> <span class='ocrx_word' id='word_1_523' title='bbox 1516 3892 1572 3940; x_wconf 89' lang='lat' dir='ltr'><strong><em>et</em></strong></span> <span class='ocrx_word' id='word_1_524' title='bbox 1613 3884 1871 3939; x_wconf 89' lang='lat' dir='ltr'><strong><em>invocare</em></strong></span> <span class='ocrx_word' id='word_1_525' title='bbox 1922 3899 2123 3939; x_wconf 90' lang='lat' dir='ltr'><strong><em>nomen</em></strong></span> 
     </span>
    </p>
   </div>
   <div class='ocr_carea' id='block_1_73' title="bbox 542 3974 2127 4050">
    <p class='ocr_par' dir='ltr' id='par_1_73' title="bbox 542 3974 2127 4050">
     <span class='ocr_line' id='line_1_73' title="bbox 542 3974 2127 4050; baseline -0.002 -17"><span class='ocrx_word' id='word_1_526' title='bbox 542 3978 685 4050; x_wconf 86' lang='lat' dir='ltr'><strong><em>ejus.</em></strong></span> <span class='ocrx_word' id='word_1_527' title='bbox 722 3978 861 4044; x_wconf 90' lang='lat' dir='ltr'><strong><em>Quia</em></strong></span> <span class='ocrx_word' id='word_1_528' title='bbox 907 3993 1023 4044; x_wconf 57' lang='lat' dir='ltr'><strong><em>gero</em></strong></span> <span class='ocrx_word' id='word_1_529' title='bbox 1052 3975 1248 4045; x_wconf 83' lang='lat' dir='ltr'><strong><em>duplex</em></strong></span> <span class='ocrx_word' id='word_1_530' title='bbox 1275 3974 1643 4033; x_wconf 88' lang='lat' dir='ltr'><strong><em>confessionis</em></strong></span> <span class='ocrx_word' id='word_1_531' title='bbox 1669 3976 1865 4032; x_wconf 89' lang='lat' dir='ltr'><strong><em>modus</em></strong></span> <span class='ocrx_word' id='word_1_532' title='bbox 1896 3983 2001 4043; x_wconf 86' lang='lat' dir='ltr'><strong><em>est,</em></strong></span> <span class='ocrx_word' id='word_1_533' title='bbox 2033 3990 2127 4030; x_wconf 84' lang='lat' dir='ltr'><strong><em>ne-</em></strong></span> 
     </span>
    </p>
   </div>
   <div class='ocr_carea' id='block_1_74' title="bbox 543 4067 2117 4139">
    <p class='ocr_par' dir='ltr' id='par_1_74' title="bbox 543 4067 2117 4139">
     <span class='ocr_line' id='line_1_74' title="bbox 543 4067 2117 4139; baseline -0.003 -13"><span class='ocrx_word' id='word_1_534' title='bbox 543 4071 790 4128; x_wconf 87' lang='lat' dir='ltr'><strong><em>cessario</em></strong></span> <span class='ocrx_word' id='word_1_535' title='bbox 837 4070 925 4124; x_wconf 87' lang='lat' dir='ltr'><strong><em>hic</em></strong></span> <span class='ocrx_word' id='word_1_536' title='bbox 981 4070 1065 4124; x_wconf 87' lang='lat' dir='ltr'><strong><em>bis</em></strong></span> <span class='ocrx_word' id='word_1_537' title='bbox 1097 4070 1320 4137; x_wconf 50' lang='lat' dir='ltr'><strong><em>Ldicitur</em></strong></span> <span class='ocrx_word' id='word_1_538' title='bbox 1362 4070 1499 4125; x_wconf 91' lang='lat' dir='ltr'><strong><em>illud</em></strong></span> <span class='ocrx_word' id='word_1_539' title='bbox 1531 4089 1544 4126; x_wconf 93' lang='lat'>:</span> <span class='ocrx_word' id='word_1_540' title='bbox 1574 4067 1957 4139; x_wconf 86' lang='lat' dir='ltr'><strong><em>Conﬁtebimur</em></strong></span> <span class='ocrx_word' id='word_1_541' title='bbox 2002 4067 2117 4122; x_wconf 86' lang='lat' dir='ltr'><strong><em>tibi.</em></strong></span> 
     </span>
    </p>
   </div>
   <div class='ocr_carea' id='block_1_75' title="bbox 540 4160 2119 4233">
    <p class='ocr_par' dir='ltr' id='par_1_75' title="bbox 540 4160 2119 4233">
     <span class='ocr_line' id='line_1_75' title="bbox 540 4160 2119 4233; baseline -0.003 -16"><span class='ocrx_word' id='word_1_542' title='bbox 540 4163 646 4218; x_wconf 88' lang='lat' dir='ltr'><strong><em>Per</em></strong></span> <span class='ocrx_word' id='word_1_543' title='bbox 680 4163 913 4232; x_wconf 89' lang='lat' dir='ltr'><strong><em>primum</em></strong></span> <span class='ocrx_word' id='word_1_544' title='bbox 938 4164 1160 4233; x_wconf 91' lang='lat' dir='ltr'><strong><em>quippe,</em></strong></span> <span class='ocrx_word' id='word_1_545' title='bbox 1193 4170 1252 4216; x_wconf 84' lang='lat' dir='ltr'><strong><em>ut.</em></strong></span> <span class='ocrx_word' id='word_1_546' title='bbox 1280 4177 1378 4231; x_wconf 88' lang='lat' dir='ltr'><strong><em>par</em></strong></span> <span class='ocrx_word' id='word_1_547' title='bbox 1423 4168 1528 4227; x_wconf 89' lang='lat' dir='ltr'><strong><em>est,</em></strong></span> <span class='ocrx_word' id='word_1_548' title='bbox 1563 4160 1842 4215; x_wconf 90' lang='lat' dir='ltr'><strong><em>confessio</em></strong></span> <span class='ocrx_word' id='word_1_549' title='bbox 1866 4174 1965 4229; x_wconf 90' lang='lat' dir='ltr'><strong><em>pro</em></strong></span> <span class='ocrx_word' id='word_1_550' title='bbox 1992 4174 2119 4229; x_wconf 79' lang='lat' dir='ltr'><strong><em>pec-</em></strong></span> 
     </span>
    </p>
   </div>
   <div class='ocr_carea' id='block_1_76' title="bbox 538 4251 2118 4324">
    <p class='ocr_par' dir='ltr' id='par_1_76' title="bbox 538 4251 2118 4324">
     <span class='ocr_line' id='line_1_76' title="bbox 538 4251 2118 4324; baseline -0.002 -16"><span class='ocrx_word' id='word_1_551' title='bbox 538 4255 681 4308; x_wconf 83' lang='lat' dir='ltr'><strong><em>catis</em></strong></span> <span class='ocrx_word' id='word_1_552' title='bbox 713 4253 1080 4324; x_wconf 82' lang='lat' dir='ltr'><strong><em>signillcatur;</em></strong></span> <span class='ocrx_word' id='word_1_553' title='bbox 1112 4269 1207 4320; x_wconf 88' lang='lat' dir='ltr'><strong><em>per</em></strong></span> <span class='ocrx_word' id='word_1_554' title='bbox 1240 4253 1542 4309; x_wconf 89' lang='lat' dir='ltr'><strong><em>secundum</em></strong></span> <span class='ocrx_word' id='word_1_555' title='bbox 1571 4268 1701 4308; x_wconf 88' lang='lat' dir='ltr'><strong><em>vero</em></strong></span> <span class='ocrx_word' id='word_1_556' title='bbox 1746 4252 1782 4306; x_wconf 89' lang='lat' dir='ltr'><strong><em>ii</em></strong></span> <span class='ocrx_word' id='word_1_557' title='bbox 1828 4252 1922 4323; x_wconf 90' lang='lat' dir='ltr'><strong><em>qui</em></strong></span> <span class='ocrx_word' id='word_1_558' title='bbox 1964 4251 2118 4322; x_wconf 89' lang='lat' dir='ltr'><strong><em>prius</em></strong></span> 
     </span>
    </p>
   </div>
   <div class='ocr_carea' id='block_1_77' title="bbox 2233 3240 3733 3317">
    <p class='ocr_par' dir='ltr' id='par_1_77' title="bbox 2233 3240 3733 3317">
     <span class='ocr_line' id='line_1_77' title="bbox 2233 3240 3733 3317; baseline 0.008 -26"><span class='ocrx_word' id='word_1_559' title='bbox 2233 3240 2454 3312; x_wconf 84' lang='grc' dir='ltr'>Πατέρα</span> <span class='ocrx_word' id='word_1_560' title='bbox 2515 3243 2739 3311; x_wconf 85' lang='grc' dir='ltr'>φάσκων</span> <span class='ocrx_word' id='word_1_561' title='bbox 2762 3259 2776 3273; x_wconf 78' lang='grc'><strong>⁸</strong></span> <span class='ocrx_word' id='word_1_562' title='bbox 2864 3243 3373 3317; x_wconf 58' lang='grc' dir='ltr'>Ἐξομολογοῦμαί</span> <span class='ocrx_word' id='word_1_563' title='bbox 3422 3262 3544 3310; x_wconf 86' lang='grc' dir='ltr'>σοι,</span> <span class='ocrx_word' id='word_1_564' title='bbox 3572 3244 3733 3309; x_wconf 68' lang='grc' dir='ltr'>Πάτερ,</span> 
     </span>
    </p>
   </div>
   <div class='ocr_carea' id='block_1_78' title="bbox 2228 3334 3735 3410">
    <p class='ocr_par' dir='ltr' id='par_1_78' title="bbox 2228 3334 3735 3410">
     <span class='ocr_line' id='line_1_78' title="bbox 2228 3334 3735 3410; baseline 0.003 -25"><span class='ocrx_word' id='word_1_565' title='bbox 2228 3334 2405 3402; x_wconf 80' lang='grc' dir='ltr'>Κύριε</span> <span class='ocrx_word' id='word_1_566' title='bbox 2432 3334 2537 3387; x_wconf 85' lang='grc' dir='ltr'><strong><em>τοῦ</em></strong></span> <span class='ocrx_word' id='word_1_567' title='bbox 2567 3335 2826 3401; x_wconf 78' lang='grc' dir='ltr'>οὐρανοῦ</span> <span class='ocrx_word' id='word_1_568' title='bbox 2853 3335 2950 3389; x_wconf 78' lang='grc' dir='ltr'>καὶ</span> <span class='ocrx_word' id='word_1_569' title='bbox 2974 3335 3084 3404; x_wconf 84' lang='grc' dir='ltr'>τῆς</span> <span class='ocrx_word' id='word_1_570' title='bbox 3116 3335 3249 3406; x_wconf 77' lang='grc' dir='ltr'>γῆς.</span> <span class='ocrx_word' id='word_1_571' title='bbox 3282 3337 3496 3410; x_wconf 84' lang='grc' dir='ltr'>Πρῶτον</span> <span class='ocrx_word' id='word_1_572' title='bbox 3519 3336 3569 3390; x_wconf 81' lang='grc' dir='ltr'>δὲ</span> <span class='ocrx_word' id='word_1_573' title='bbox 3592 3336 3735 3405; x_wconf 73' lang='grc' dir='ltr'><strong>ἐξομο-</strong></span> 
     </span>
    </p>
   </div>
   <div class='ocr_carea' id='block_1_79' title="bbox 2228 3420 3736 3499">
    <p class='ocr_par' dir='ltr' id='par_1_79' title="bbox 2228 3420 3736 3499">
     <span class='ocr_line' id='line_1_79' title="bbox 2228 3420 3736 3499; baseline -0.001 -23"><span class='ocrx_word' id='word_1_574' title='bbox 2228 3421 2508 3491; x_wconf 87' lang='grc' dir='ltr'>λογοῦνται</span> <span class='ocrx_word' id='word_1_575' title='bbox 2530 3464 2546 3488; x_wconf 96' lang='grc'><strong><em>,</em></strong></span> <span class='ocrx_word' id='word_1_576' title='bbox 2575 3420 2692 3478; x_wconf 80' lang='grc' dir='ltr'>εἶτα</span> <span class='ocrx_word' id='word_1_577' title='bbox 2740 3425 3122 3481; x_wconf 80' lang='grc' dir='ltr'>ἐπικαλοῦνται</span> <span class='ocrx_word' id='word_1_578' title='bbox 3161 3428 3222 3481; x_wconf 75' lang='grc' dir='ltr'>τὸ</span> <span class='ocrx_word' id='word_1_579' title='bbox 3256 3429 3425 3499; x_wconf 74' lang='grc' dir='ltr'>ὄνομα</span> <span class='ocrx_word' id='word_1_580' title='bbox 3480 3425 3648 3487; x_wconf 81' lang='grc' dir='ltr'>αὐτοῦ,</span> <span class='ocrx_word' id='word_1_581' title='bbox 3673 3422 3736 3476; x_wconf 71' lang='grc' dir='ltr'>διὰ</span> 
     </span>
    </p>
   </div>
   <div class='ocr_carea' id='block_1_80' title="bbox 2226 3515 3735 3590">
    <p class='ocr_par' dir='ltr' id='par_1_80' title="bbox 2226 3515 3735 3590">
     <span class='ocr_line' id='line_1_80' title="bbox 2226 3515 3735 3590; baseline -0.002 -22"><span class='ocrx_word' id='word_1_582' title='bbox 2226 3516 2325 3587; x_wconf 82' lang='grc' dir='ltr'>τῆς</span> <span class='ocrx_word' id='word_1_583' title='bbox 2363 3516 2574 3569; x_wconf 79' lang='grc' dir='ltr'>τοιᾶσδε</span> <span class='ocrx_word' id='word_1_584' title='bbox 2623 3516 2963 3588; x_wconf 76' lang='grc' dir='ltr'>ἐπικλήσεως</span> <span class='ocrx_word' id='word_1_585' title='bbox 3016 3518 3169 3590; x_wconf 72' lang='grc' dir='ltr'>παρὰ</span> <span class='ocrx_word' id='word_1_586' title='bbox 3213 3518 3296 3590; x_wconf 80' lang='grc' dir='ltr'><strong><em>τῷ</em></strong></span> <span class='ocrx_word' id='word_1_587' title='bbox 3339 3518 3453 3589; x_wconf 83' lang='grc' dir='ltr'>Θεῷ</span> <span class='ocrx_word' id='word_1_588' title='bbox 3486 3515 3735 3585; x_wconf 80' lang='grc' dir='ltr'>τευξόμενοι</span> 
     </span>
    </p>
   </div>
   <div class='ocr_carea' id='block_1_81' title="bbox 2229 3603 3737 3679">
    <p class='ocr_par' dir='ltr' id='par_1_81' title="bbox 2229 3603 3737 3679">
     <span class='ocr_line' id='line_1_81' title="bbox 2229 3603 3737 3679; baseline 0.009 -20"><span class='ocrx_word' id='word_1_589' title='bbox 2229 3608 2529 3679; x_wconf 80' lang='grc' dir='ltr'>σωτηρίας,</span> <span class='ocrx_word' id='word_1_590' title='bbox 2561 3611 2702 3662; x_wconf 83' lang='grc' dir='ltr'>κατά</span> <span class='ocrx_word' id='word_1_591' title='bbox 2726 3608 2787 3661; x_wconf 82' lang='grc' dir='ltr'>τὸ</span> <span class='ocrx_word' id='word_1_592' title='bbox 2818 3609 3026 3677; x_wconf 82' lang='grc' dir='ltr'>φάσκον</span> <span class='ocrx_word' id='word_1_593' title='bbox 3066 3610 3243 3679; x_wconf 90' lang='grc' dir='ltr'>λόγιον</span> <span class='ocrx_word' id='word_1_594' title='bbox 3267 3629 3282 3643; x_wconf 89' lang='grc'><strong>·</strong></span> <span class='ocrx_word' id='word_1_595' title='bbox 3328 3611 3433 3665; x_wconf 82' lang='lat' dir='ltr'><strong><em>Kal</em></strong></span> <span class='ocrx_word' id='word_1_596' title='bbox 3485 3606 3588 3674; x_wconf 81' lang='grc' dir='ltr'>πᾶς</span> <span class='ocrx_word' id='word_1_597' title='bbox 3610 3606 3663 3671; x_wconf 74' lang='grc' dir='ltr'><strong><em>ὃς</em></strong></span> <span class='ocrx_word' id='word_1_598' title='bbox 3682 3603 3737 3656; x_wconf 74' lang='grc' dir='ltr'><strong><em>ἂν</em></strong></span> 
     </span>
    </p>
   </div>
   <div class='ocr_carea' id='block_1_82' title="bbox 2223 3696 3734 3770">
    <p class='ocr_par' dir='ltr' id='par_1_82' title="bbox 2223 3696 3734 3770">
     <span class='ocr_line' id='line_1_82' title="bbox 2223 3696 3734 3770; baseline -0.002 -20"><span class='ocrx_word' id='word_1_599' title='bbox 2223 3698 2651 3767; x_wconf 79' lang='grc' dir='ltr'>ἐπικαλέσηται</span> <span class='ocrx_word' id='word_1_600' title='bbox 2674 3699 2740 3753; x_wconf 86' lang='grc' dir='ltr'>τὸ</span> <span class='ocrx_word' id='word_1_601' title='bbox 2763 3699 2950 3770; x_wconf 71' lang='grc' dir='ltr'>ὄνομα</span> <span class='ocrx_word' id='word_1_602' title='bbox 2979 3702 3224 3770; x_wconf 79' lang='grc' dir='ltr'>Κυρίου,</span> <span class='ocrx_word' id='word_1_603' title='bbox 3250 3701 3589 3767; x_wconf 80' lang='grc' dir='ltr'>σωθήσεται.</span> <span class='ocrx_word' id='word_1_604' title='bbox 3607 3696 3734 3750; x_wconf 77' lang='grc' dir='ltr'>Δύνα-</span> 
     </span>
    </p>
   </div>
   <div class='ocr_carea' id='block_1_83' title="bbox 2222 3786 3735 3863">
    <p class='ocr_par' dir='ltr' id='par_1_83' title="bbox 2222 3786 3735 3863">
     <span class='ocr_line' id='line_1_83' title="bbox 2222 3786 3735 3863; baseline -0.001 -22"><span class='ocrx_word' id='word_1_605' title='bbox 2222 3805 2312 3841; x_wconf 84' lang='grc' dir='ltr'><strong><em>ται</em></strong></span> <span class='ocrx_word' id='word_1_606' title='bbox 2344 3787 2399 3840; x_wconf 83' lang='grc' dir='ltr'>δὲ</span> <span class='ocrx_word' id='word_1_607' title='bbox 2425 3790 2453 3840; x_wconf 90' lang='lat'><strong><em>6</em></strong></span> <span class='ocrx_word' id='word_1_608' title='bbox 2474 3788 2629 3857; x_wconf 85' lang='grc' dir='ltr'>λόγος</span> <span class='ocrx_word' id='word_1_609' title='bbox 2655 3789 3029 3855; x_wconf 78' lang='grc' dir='ltr'>διδασκαλικὸς</span> <span class='ocrx_word' id='word_1_610' title='bbox 3061 3787 3198 3846; x_wconf 73' lang='grc' dir='ltr'>εἶναι</span> <span class='ocrx_word' id='word_1_611' title='bbox 3230 3792 3640 3863; x_wconf 73' lang='grc' dir='ltr'>ἐξομολογησεως</span> <span class='ocrx_word' id='word_1_612' title='bbox 3657 3786 3735 3839; x_wconf 81' lang='grc' dir='ltr'>τῶν</span> 
     </span>
    </p>
   </div>
   <div class='ocr_carea' id='block_1_84' title="bbox 2223 3869 3734 3950">
    <p class='ocr_par' dir='ltr' id='par_1_84' title="bbox 2223 3869 3734 3950">
     <span class='ocr_line' id='line_1_84' title="bbox 2223 3869 3734 3950; baseline 0.001 -23"><span class='ocrx_word' id='word_1_613' title='bbox 2223 3875 2280 3928; x_wconf 75' lang='grc' dir='ltr'>ἐν</span> <span class='ocrx_word' id='word_1_614' title='bbox 2312 3875 2387 3947; x_wconf 74' lang='grc' dir='ltr'>τῷ</span> <span class='ocrx_word' id='word_1_615' title='bbox 2434 3876 2540 3947; x_wconf 84' lang='grc' dir='ltr'><strong><em>πρὸ</em></strong></span> <span class='ocrx_word' id='word_1_616' title='bbox 2571 3876 2761 3930; x_wconf 84' lang='grc' dir='ltr'>τούτου</span> <span class='ocrx_word' id='word_1_617' title='bbox 2796 3878 3296 3950; x_wconf 75' lang='grc' dir='ltr'>ἀποκλαυσαμένων</span> <span class='ocrx_word' id='word_1_618' title='bbox 3320 3880 3419 3949; x_wconf 83' lang='grc' dir='ltr'>τὴν</span> <span class='ocrx_word' id='word_1_619' title='bbox 3463 3877 3643 3930; x_wconf 78' lang='grc' dir='ltr'>πτῶσιν</span> <span class='ocrx_word' id='word_1_620' title='bbox 3662 3869 3734 3944; x_wconf 81' lang='grc' dir='ltr'>τῆς</span> 
     </span>
    </p>
   </div>
   <div class='ocr_carea' id='block_1_85' title="bbox 2232 3966 3733 4043">
    <p class='ocr_par' dir='ltr' id='par_1_85' title="bbox 2232 3966 3733 4043">
     <span class='ocr_line' id='line_1_85' title="bbox 2232 3966 3733 4043; baseline -0.004 -20"><span class='ocrx_word' id='word_1_621' title='bbox 2232 3968 2584 4041; x_wconf 84' lang='grc' dir='ltr'>Ἰερουσαλὴμ</span> <span class='ocrx_word' id='word_1_622' title='bbox 2610 3969 2704 4022; x_wconf 73' lang='grc' dir='ltr'><strong><em>καὶ</em></strong></span> <span class='ocrx_word' id='word_1_623' title='bbox 2744 3969 2841 4041; x_wconf 80' lang='grc' dir='ltr'>τὴν</span> <span class='ocrx_word' id='word_1_624' title='bbox 2882 3972 3115 4043; x_wconf 78' lang='grc' dir='ltr'>ἐσχάτην</span> <span class='ocrx_word' id='word_1_625' title='bbox 3148 3973 3322 4043; x_wconf 81' lang='grc' dir='ltr'>αὐτῆς</span> <span class='ocrx_word' id='word_1_626' title='bbox 3368 3971 3665 4042; x_wconf 84' lang='grc' dir='ltr'>πολιορκίαν.</span> <span class='ocrx_word' id='word_1_627' title='bbox 3688 3966 3733 4019; x_wconf 89' lang='grc' dir='ltr'>οἱ</span> 
     </span>
    </p>
   </div>
   <div class='ocr_carea' id='block_1_86' title="bbox 2220 4058 3731 4135">
    <p class='ocr_par' dir='ltr' id='par_1_86' title="bbox 2220 4058 3731 4135">
     <span class='ocr_line' id='line_1_86' title="bbox 2220 4058 3731 4135; baseline 0.002 -21"><span class='ocrx_word' id='word_1_628' title='bbox 2220 4064 2327 4133; x_wconf 84' lang='grc' dir='ltr'>γὰρ</span> <span class='ocrx_word' id='word_1_629' title='bbox 2358 4062 2635 4133; x_wconf 75' lang='grc' dir='ltr'>εἰρηκότες</span> <span class='ocrx_word' id='word_1_630' title='bbox 2691 4063 2750 4115; x_wconf 86' lang='grc' dir='ltr'><strong><em>ὲν</em></strong></span> <span class='ocrx_word' id='word_1_631' title='bbox 2789 4064 2902 4126; x_wconf 87' lang='grc' dir='ltr'>τοῖς</span> <span class='ocrx_word' id='word_1_632' title='bbox 2946 4062 3279 4135; x_wconf 75' lang='grc' dir='ltr'>ἔμπροσθεν,</span> <span class='ocrx_word' id='word_1_633' title='bbox 3327 4063 3512 4127; x_wconf 78' lang='grc' dir='ltr'>Ἰνατί,</span> <span class='ocrx_word' id='word_1_634' title='bbox 3546 4064 3575 4114; x_wconf 84' lang='grc' dir='ltr'><strong><em>ό</em></strong></span> <span class='ocrx_word' id='word_1_635' title='bbox 3608 4058 3731 4123; x_wconf 65' lang='grc' dir='ltr'>Θεὸς.</span> 
     </span>
    </p>
   </div>
   <div class='ocr_carea' id='block_1_87' title="bbox 2218 4149 3731 4225">
    <p class='ocr_par' dir='ltr' id='par_1_87' title="bbox 2218 4149 3731 4225">
     <span class='ocr_line' id='line_1_87' title="bbox 2218 4149 3731 4225; baseline -0.003 -17"><span class='ocrx_word' id='word_1_636' title='bbox 2218 4152 2436 4208; x_wconf 82' lang='grc' dir='ltr'>ἀπώσω</span> <span class='ocrx_word' id='word_1_637' title='bbox 2467 4155 2554 4219; x_wconf 84' lang='grc' dir='ltr'><strong><em>εις</em></strong></span> <span class='ocrx_word' id='word_1_638' title='bbox 2576 4152 2769 4219; x_wconf 77' lang='grc' dir='ltr'>τέλος,</span> <span class='ocrx_word' id='word_1_639' title='bbox 2799 4153 3059 4223; x_wconf 76' lang='grc' dir='ltr'>ὠργίσθη</span> <span class='ocrx_word' id='word_1_640' title='bbox 3090 4159 3124 4210; x_wconf 81' lang='grc' dir='ltr'><strong><em>ό</em></strong></span> <span class='ocrx_word' id='word_1_641' title='bbox 3154 4159 3345 4225; x_wconf 83' lang='grc' dir='ltr'>θυμός</span> <span class='ocrx_word' id='word_1_642' title='bbox 3378 4173 3490 4209; x_wconf 90' lang='grc' dir='ltr'><strong><em>σου</em></strong></span> <span class='ocrx_word' id='word_1_643' title='bbox 3517 4154 3601 4207; x_wconf 76' lang='grc' dir='ltr'><strong><em>ἐπὶ</em></strong></span> <span class='ocrx_word' id='word_1_644' title='bbox 3624 4149 3731 4217; x_wconf 66' lang='lat' dir='ltr'><strong><em>apd-</em></strong></span> 
     </span>
    </p>
   </div>
   <div class='ocr_carea' id='block_1_88' title="bbox 2218 4239 3731 4317">
    <p class='ocr_par' dir='ltr' id='par_1_88' title="bbox 2218 4239 3731 4317">
     <span class='ocr_line' id='line_1_88' title="bbox 2218 4239 3731 4317; baseline -0.003 -19"><span class='ocrx_word' id='word_1_645' title='bbox 2218 4247 2363 4298; x_wconf 79' lang='lat' dir='ltr'><strong><em>6ata</em></strong></span> <span class='ocrx_word' id='word_1_646' title='bbox 2394 4244 2585 4313; x_wconf 81' lang='grc' dir='ltr'>νομῆς</span> <span class='ocrx_word' id='word_1_647' title='bbox 2614 4258 2730 4299; x_wconf 91' lang='grc' dir='ltr'><strong><em>σου</em></strong></span> <span class='ocrx_word' id='word_1_648' title='bbox 2752 4261 2772 4308; x_wconf 84' lang='grc'><em>;</em></span> <span class='ocrx_word' id='word_1_649' title='bbox 2799 4244 2896 4299; x_wconf 71' lang='grc' dir='ltr'>καὶ</span> <span class='ocrx_word' id='word_1_650' title='bbox 2922 4245 2991 4300; x_wconf 82' lang='grc' dir='ltr'>τὰ</span> <span class='ocrx_word' id='word_1_651' title='bbox 3017 4246 3165 4317; x_wconf 80' lang='grc' dir='ltr'>ἑξῆς,</span> <span class='ocrx_word' id='word_1_652' title='bbox 3186 4247 3521 4301; x_wconf 83' lang='grc' dir='ltr'>διδάσκονται</span> <span class='ocrx_word' id='word_1_653' title='bbox 3546 4242 3627 4297; x_wconf 87' lang='grc' dir='ltr'><strong><em>νῦν</em></strong></span> <span class='ocrx_word' id='word_1_654' title='bbox 3648 4239 3731 4305; x_wconf 79' lang='grc' dir='ltr'><strong><em>ἐξο-</em></strong></span> 
     </span>
    </p>
   </div>
   <div class='ocr_carea' id='block_1_89' title="bbox 538 4334 2128 4416">
    <p class='ocr_par' dir='ltr' id='par_1_89' title="bbox 538 4343 2116 4416">
     <span class='ocr_line' id='line_1_89' title="bbox 538 4343 2116 4416; baseline -0.003 -16"><span class='ocrx_word' id='word_1_655' title='bbox 538 4346 962 4409; x_wconf 82' lang='lat' dir='ltr'><strong><em>conﬁtebantur.</em></strong></span> <span class='ocrx_word' id='word_1_656' title='bbox 1005 4361 1103 4416; x_wconf 89' lang='lat' dir='ltr'><strong><em>pro</em></strong></span> <span class='ocrx_word' id='word_1_657' title='bbox 1134 4346 1293 4402; x_wconf 86' lang='lat' dir='ltr'><strong><em>bonis</em></strong></span> <span class='ocrx_word' id='word_1_658' title='bbox 1326 4344 1566 4416; x_wconf 87' lang='lat' dir='ltr'><strong><em>acceptis</em></strong></span> <span class='ocrx_word' id='word_1_659' title='bbox 1597 4345 1898 4416; x_wconf 80' lang='lat' dir='ltr'><strong><em>gratiarum</em></strong></span> <span class='ocrx_word' id='word_1_660' title='bbox 1945 4343 2116 4399; x_wconf 89' lang='lat' dir='ltr'><strong><em>actio-</em></strong></span> 
     </span>
    </p>
   </div>
   <div class='ocr_carea' id='block_1_90' title="bbox 2226 4334 3732 4416">
    <p class='ocr_par' dir='ltr' id='par_1_90' title="bbox 2226 4334 3732 4407">
     <span class='ocr_line' id='line_1_90' title="bbox 2226 4334 3732 4407; baseline -0.003 -18"><span class='ocrx_word' id='word_1_661' title='bbox 2226 4334 2559 4407; x_wconf 82' lang='grc' dir='ltr'>μολογεῖσθαι</span> <span class='ocrx_word' id='word_1_662' title='bbox 2612 4334 2690 4406; x_wconf 82' lang='grc' dir='ltr'><strong><em>τῷ</em></strong></span> <span class='ocrx_word' id='word_1_663' title='bbox 2748 4335 2868 4406; x_wconf 81' lang='grc' dir='ltr'><strong><em>Θεῷ</em></strong></span> <span class='ocrx_word' id='word_1_664' title='bbox 2925 4338 3019 4390; x_wconf 73' lang='grc' dir='ltr'><strong><em>καὶ</em></strong></span> <span class='ocrx_word' id='word_1_665' title='bbox 3077 4338 3454 4392; x_wconf 80' lang='grc' dir='ltr'>ἐπικαλεῖσθαι</span> <span class='ocrx_word' id='word_1_666' title='bbox 3505 4337 3560 4389; x_wconf 82' lang='grc' dir='ltr'>τὸ</span> <span class='ocrx_word' id='word_1_667' title='bbox 3603 4334 3732 4401; x_wconf 74' lang='grc' dir='ltr'>ὄνομα</span> 
     </span>
    </p>
   </div>
   <div class='ocr_carea' id='block_1_91' title="bbox 540 4426 3731 4499">
    <p class='ocr_par' dir='ltr' id='par_1_91' title="bbox 540 4426 3731 4499">
     <span class='ocr_line' id='line_1_91' title="bbox 540 4426 3731 4499; baseline -0.005 -9"><span class='ocrx_word' id='word_1_668' title='bbox 540 4453 663 4491; x_wconf 78' lang='lat' dir='ltr'><strong><em>nem</em></strong></span> <span class='ocrx_word' id='word_1_669' title='bbox 689 4439 963 4499; x_wconf 85' lang='lat' dir='ltr'><strong><em>emittunt.</em></strong></span> <span class='ocrx_word' id='word_1_670' title='bbox 2216 4426 2400 4481; x_wconf 76' lang='grc' dir='ltr'>αὑτοῦ.</span> <span class='ocrx_word' id='word_1_671' title='bbox 2444 4426 2661 4498; x_wconf 84' lang='grc' dir='ltr'>Ἐπειδὴ</span> <span class='ocrx_word' id='word_1_672' title='bbox 2710 4427 2885 4491; x_wconf 86' lang='grc' dir='ltr'>διττός</span> <span class='ocrx_word' id='word_1_673' title='bbox 2939 4429 3087 4481; x_wconf 77' lang='grc' dir='ltr'>ἐστιν</span> <span class='ocrx_word' id='word_1_674' title='bbox 3130 4430 3159 4482; x_wconf 89' lang='lat'><strong><em>6</em></strong></span> <span class='ocrx_word' id='word_1_675' title='bbox 3208 4429 3311 4499; x_wconf 84' lang='grc' dir='ltr'>τῆς</span> <span class='ocrx_word' id='word_1_676' title='bbox 3358 4427 3731 4499; x_wconf 81' lang='grc' dir='ltr'>ὲξομολογήοεως</span> 
     </span>
    </p>
   </div>
   <div class='ocr_carea' id='block_1_92' title="bbox 533 4516 3733 4604">
    <p class='ocr_par' dir='ltr' id='par_1_92' title="bbox 533 4516 3733 4604">
     <span class='ocr_line' id='line_1_92' title="bbox 533 4516 3733 4604; baseline -0.002 -21"><span class='ocrx_word' id='word_1_677' title='bbox 533 4531 769 4602; x_wconf 82' lang='grc' dir='ltr'>τρόπος,</span> <span class='ocrx_word' id='word_1_678' title='bbox 820 4532 1131 4601; x_wconf 81' lang='grc' dir='ltr'>ἀναγκαίως</span> <span class='ocrx_word' id='word_1_679' title='bbox 1173 4531 1425 4604; x_wconf 82' lang='grc' dir='ltr'>δεύτερον</span> <span class='ocrx_word' id='word_1_680' title='bbox 1471 4532 1686 4604; x_wconf 77' lang='grc' dir='ltr'>εἴρηται</span> <span class='ocrx_word' id='word_1_681' title='bbox 1731 4532 1823 4585; x_wconf 71' lang='grc' dir='ltr'><strong><em>ἐπὶ</em></strong></span> <span class='ocrx_word' id='word_1_682' title='bbox 1865 4530 1958 4584; x_wconf 89' lang='grc' dir='ltr'><strong><em>τοῦ</em></strong></span> <span class='ocrx_word' id='word_1_683' title='bbox 2000 4528 2264 4599; x_wconf 84' lang='grc' dir='ltr'>παρόντος</span> <span class='ocrx_word' id='word_1_684' title='bbox 2292 4524 2374 4585; x_wconf 86' lang='grc' dir='ltr'><strong><em>τὸ,</em></strong></span> <span class='ocrx_word' id='word_1_685' title='bbox 2424 4522 3007 4592; x_wconf 74' lang='grc' dir='ltr'>Ἐξομολογησόμεθὰ</span> <span class='ocrx_word' id='word_1_686' title='bbox 3036 4538 3161 4577; x_wconf 80' lang='grc' dir='ltr'>σοι·</span> <span class='ocrx_word' id='word_1_687' title='bbox 3199 4524 3294 4577; x_wconf 87' lang='grc' dir='ltr'><strong><em>τοῦ</em></strong></span> <span class='ocrx_word' id='word_1_688' title='bbox 3325 4528 3421 4596; x_wconf 85' lang='grc' dir='ltr'>μὲν</span> <span class='ocrx_word' id='word_1_689' title='bbox 3441 4522 3650 4595; x_wconf 79' lang='grc' dir='ltr'>πρώτου,</span> <span class='ocrx_word' id='word_1_690' title='bbox 3677 4516 3733 4577; x_wconf 74' lang='grc' dir='ltr'><strong><em>ὡς</em></strong></span> 
     </span>
    </p>
   </div>
   <div class='ocr_carea' id='block_1_93' title="bbox 535 4610 3732 4698">
    <p class='ocr_par' dir='ltr' id='par_1_93' title="bbox 535 4610 3732 4698">
     <span class='ocr_line' id='line_1_93' title="bbox 535 4610 3732 4698; baseline 0.001 -22"><span class='ocrx_word' id='word_1_691' title='bbox 535 4625 700 4688; x_wconf 77' lang='grc' dir='ltr'>εἰκὸς,</span> <span class='ocrx_word' id='word_1_692' title='bbox 725 4626 808 4695; x_wconf 71' lang='grc' dir='ltr'><strong><em>ἐφ’</em></strong></span> <span class='ocrx_word' id='word_1_693' title='bbox 836 4626 1109 4697; x_wconf 79' lang='grc' dir='ltr'>ἁμαρτίας</span> <span class='ocrx_word' id='word_1_694' title='bbox 1137 4626 1237 4696; x_wconf 81' lang='grc' dir='ltr'>τὴν</span> <span class='ocrx_word' id='word_1_695' title='bbox 1270 4624 1652 4698; x_wconf 78' lang='grc' dir='ltr'>ἐξομολόγησιν</span> <span class='ocrx_word' id='word_1_696' title='bbox 1692 4625 1994 4698; x_wconf 72' lang='grc' dir='ltr'>δηλοῦντος,</span> <span class='ocrx_word' id='word_1_697' title='bbox 2023 4622 2117 4677; x_wconf 87' lang='grc' dir='ltr'><strong><em>τοῦ</em></strong></span> <span class='ocrx_word' id='word_1_698' title='bbox 2141 4620 2184 4672; x_wconf 78' lang='grc' dir='ltr'>δ’</span> <span class='ocrx_word' id='word_1_699' title='bbox 2217 4618 2340 4689; x_wconf 73' lang='grc' dir='ltr'>ἑξῆς</span> <span class='ocrx_word' id='word_1_700' title='bbox 2363 4616 2461 4687; x_wconf 80' lang='grc' dir='ltr'>τὴν</span> <span class='ocrx_word' id='word_1_701' title='bbox 2488 4616 2571 4684; x_wconf 77' lang='grc' dir='ltr'><strong><em>ἐφ’</em></strong></span> <span class='ocrx_word' id='word_1_702' title='bbox 2596 4610 2677 4678; x_wconf 74' lang='grc' dir='ltr'>οἷς</span> <span class='ocrx_word' id='word_1_703' title='bbox 2718 4611 2776 4668; x_wconf 80' lang='grc' dir='ltr'><strong><em>εὖ</em></strong></span> <span class='ocrx_word' id='word_1_704' title='bbox 2806 4616 3135 4671; x_wconf 74' lang='grc' dir='ltr'>πεπόνθασιν</span> <span class='ocrx_word' id='word_1_705' title='bbox 3163 4617 3212 4670; x_wconf 76' lang='grc' dir='ltr'>οἱ</span> <span class='ocrx_word' id='word_1_706' title='bbox 3246 4618 3308 4670; x_wconf 82' lang='grc' dir='ltr'><strong><em>τὸ</em></strong></span> <span class='ocrx_word' id='word_1_707' title='bbox 3347 4616 3551 4689; x_wconf 77' lang='grc' dir='ltr'>πρῶτον</span> <span class='ocrx_word' id='word_1_708' title='bbox 3585 4612 3732 4679; x_wconf 70' lang='grc' dir='ltr'><strong>ἐξομ⁰⁶</strong></span> 
     </span>
    </p>
   </div>
   <div class='ocr_carea' id='block_1_94' title="bbox 535 4714 1296 4789">
    <p class='ocr_par' dir='ltr' id='par_1_94' title="bbox 535 4714 1296 4789">
     <span class='ocr_line' id='line_1_94' title="bbox 535 4714 1296 4789; baseline 0.004 -22"><span class='ocrx_word' id='word_1_709' title='bbox 535 4714 894 4786; x_wconf 80' lang='grc' dir='ltr'>λογησάμενοι</span> <span class='ocrx_word' id='word_1_710' title='bbox 928 4718 1296 4789; x_wconf 85' lang='grc' dir='ltr'>εὐχαριστίαν.</span> 
     </span>
    </p>
   </div>
   <div class='ocr_carea' id='block_1_95' title="bbox 605 4818 2128 4906">
    <p class='ocr_par' dir='ltr' id='par_1_95' title="bbox 605 4835 2098 4906">
     <span class='ocr_line' id='line_1_95' title="bbox 605 4835 2098 4906; baseline -0.001 -16"><span class='ocrx_word' id='word_1_711' title='bbox 605 4835 771 4891; x_wconf 74' lang='lat' dir='ltr'><strong><em>Vens.</em></strong></span> <span class='ocrx_word' id='word_1_712' title='bbox 804 4839 857 4901; x_wconf 80' lang='grc'>5,</span> <span class='ocrx_word' id='word_1_713' title='bbox 882 4837 934 4894; x_wconf 78' lang='grc'><strong>4.</strong></span> <span class='ocrx_word' id='word_1_714' title='bbox 981 4837 1226 4894; x_wconf 89' lang='lat' dir='ltr'><strong><em>Narrabo</em></strong></span> <span class='ocrx_word' id='word_1_715' title='bbox 1250 4841 1521 4895; x_wconf 81' lang='lat' dir='ltr'><strong><em>mirabilia</em></strong></span> <span class='ocrx_word' id='word_1_716' title='bbox 1556 4852 1668 4906; x_wconf 87' lang='lat' dir='ltr'><strong><em>tua,</em></strong></span> <span class='ocrx_word' id='word_1_717' title='bbox 1704 4856 1822 4895; x_wconf 91' lang='lat' dir='ltr'><strong><em>cum</em></strong></span> <span class='ocrx_word' id='word_1_718' title='bbox 1856 4851 2098 4903; x_wconf 86' lang='lat' dir='ltr'><strong><em>accepero</em></strong></span> 
     </span>
    </p>
   </div>
   <div class='ocr_carea' id='block_1_96' title="bbox 2226 4818 3732 4906">
    <p class='ocr_par' dir='ltr' id='par_1_96' title="bbox 2274 4818 3732 4906">
     <span class='ocr_line' id='line_1_96' title="bbox 2274 4818 3732 4906; baseline -0.009 -24"><span class='ocrx_word' id='word_1_719' title='bbox 2274 4827 2637 4897; x_wconf 79' lang='grc' dir='ltr'>Διηγήσομαι</span> <span class='ocrx_word' id='word_1_720' title='bbox 2688 4827 2762 4880; x_wconf 81' lang='grc' dir='ltr'>τὰ</span> <span class='ocrx_word' id='word_1_721' title='bbox 2806 4826 3106 4897; x_wconf 77' lang='grc' dir='ltr'>θαυμάσιά</span> <span class='ocrx_word' id='word_1_722' title='bbox 3152 4818 3311 4891; x_wconf 70' lang='grc' dir='ltr'>σου,</span> <span class='ocrx_word' id='word_1_723' title='bbox 3362 4826 3503 4880; x_wconf 76' lang='grc' dir='ltr'>ὅταν</span> <span class='ocrx_word' id='word_1_724' title='bbox 3543 4819 3732 4906; x_wconf 46' lang='lat' dir='ltr'><strong><em>causa</em></strong></span> 
     </span>
    </p>
   </div>
   <div class='ocr_carea' id='block_1_97' title="bbox 537 4905 2128 5001">
    <p class='ocr_par' dir='ltr' id='par_1_97' title="bbox 537 4905 2107 5001">
     <span class='ocr_line' id='line_1_97' title="bbox 537 4905 2107 5001; baseline 0.001 -19"><span class='ocrx_word' id='word_1_725' title='bbox 537 4937 759 4996; x_wconf 85' lang='lat' dir='ltr'><strong><em>tempus,</em></strong></span> <span class='ocrx_word' id='word_1_726' title='bbox 791 4946 883 4997; x_wconf 85' lang='lat' dir='ltr'><strong><em>ego</em></strong></span> <span class='ocrx_word' id='word_1_727' title='bbox 932 4931 1273 4986; x_wconf 86' lang='lat' dir='ltr'><strong><em>rectitudines</em></strong></span> <span class='ocrx_word' id='word_1_728' title='bbox 1292 4933 1570 5001; x_wconf 83' lang='lat' dir='ltr'><strong><em>judicabo.</em></strong></span> <span class='ocrx_word' id='word_1_729' title='bbox 1600 4905 1774 4987; x_wconf 85' lang='lat' dir='ltr'><strong><em>Hasce</em></strong></span> <span class='ocrx_word' id='word_1_730' title='bbox 1808 4929 1902 4985; x_wconf 89' lang='lat' dir='ltr'><strong><em>Dei</em></strong></span> <span class='ocrx_word' id='word_1_731' title='bbox 1943 4942 2107 4983; x_wconf 83' lang='lat' dir='ltr'><strong><em>voces</em></strong></span> 
     </span>
    </p>
   </div>
   <div class='ocr_carea' id='block_1_98' title="bbox 2226 4905 3729 5001">
    <p class='ocr_par' dir='ltr' id='par_1_98' title="bbox 2226 4905 3729 4987">
     <span class='ocr_line' id='line_1_98' title="bbox 2226 4905 3729 4987; baseline -0.009 -14"><span class='ocrx_word' id='word_1_732' title='bbox 2226 4920 2447 4987; x_wconf 64' lang='lat' dir='ltr'><strong><em>sulpur,</em></strong></span> <span class='ocrx_word' id='word_1_733' title='bbox 2498 4918 2612 4987; x_wconf 75' lang='grc' dir='ltr'><strong><em>ἐγὼ</em></strong></span> <span class='ocrx_word' id='word_1_734' title='bbox 2654 4918 2984 4983; x_wconf 82' lang='grc' dir='ltr'>εὐθύτητας</span> <span class='ocrx_word' id='word_1_735' title='bbox 3020 4914 3218 4983; x_wconf 78' lang='grc' dir='ltr'>κρινῶ.</span> <span class='ocrx_word' id='word_1_736' title='bbox 3251 4915 3387 4968; x_wconf 86' lang='grc' dir='ltr'>Θεοῦ</span> <span class='ocrx_word' id='word_1_737' title='bbox 3428 4914 3595 4985; x_wconf 75' lang='grc' dir='ltr'>φωνὰς</span> <span class='ocrx_word' id='word_1_738' title='bbox 3623 4905 3729 4963; x_wconf 74' lang='grc' dir='ltr'>εἶναι</span> 
     </span>
    </p>
   </div>
   <div class='ocr_carea' id='block_1_99' title="bbox 535 5005 2128 5090">
    <p class='ocr_par' dir='ltr' id='par_1_99' title="bbox 535 5018 2102 5090">
     <span class='ocr_line' id='line_1_99' title="bbox 535 5018 2102 5090; baseline 0.001 -19"><span class='ocrx_word' id='word_1_739' title='bbox 535 5033 678 5083; x_wconf 88' lang='lat' dir='ltr'><strong><em>esse,</em></strong></span> <span class='ocrx_word' id='word_1_740' title='bbox 722 5018 991 5073; x_wconf 87' lang='lat' dir='ltr'><strong><em>dictorum</em></strong></span> <span class='ocrx_word' id='word_1_741' title='bbox 1043 5022 1313 5077; x_wconf 82' lang='lat' dir='ltr'><strong><em>sententia</em></strong></span> <span class='ocrx_word' id='word_1_742' title='bbox 1355 5023 1639 5078; x_wconf 89' lang='lat' dir='ltr'><strong><em>declarat:</em></strong></span> <span class='ocrx_word' id='word_1_743' title='bbox 1673 5020 1806 5076; x_wconf 89' lang='lat' dir='ltr'><strong><em>illud</em></strong></span> <span class='ocrx_word' id='word_1_744' title='bbox 1856 5020 2055 5090; x_wconf 89' lang='lat' dir='ltr'><strong><em>quippe</em></strong></span> <span class='ocrx_word' id='word_1_745' title='bbox 2089 5037 2102 5073; x_wconf 93' lang='lat'>:</span> 
     </span>
    </p>
   </div>
   <div class='ocr_carea' id='block_1_100' title="bbox 2226 5005 3727 5090">
    <p class='ocr_par' dir='ltr' id='par_1_100' title="bbox 2226 5005 3727 5081">
     <span class='ocr_line' id='line_1_100' title="bbox 2226 5005 3727 5081; baseline -0.009 -17"><span class='ocrx_word' id='word_1_746' title='bbox 2226 5010 2304 5074; x_wconf 73' lang='grc' dir='ltr'>τὰς</span> <span class='ocrx_word' id='word_1_747' title='bbox 2333 5008 2702 5081; x_wconf 79' lang='grc' dir='ltr'>προκειμένας</span> <span class='ocrx_word' id='word_1_748' title='bbox 2739 5010 2767 5061; x_wconf 88' lang='lat'><strong><em>6</em></strong></span> <span class='ocrx_word' id='word_1_749' title='bbox 2808 5007 2932 5071; x_wconf 87' lang='grc' dir='ltr'>νοῦς</span> <span class='ocrx_word' id='word_1_750' title='bbox 2966 5007 3075 5060; x_wconf 84' lang='grc' dir='ltr'><strong><em>τῶν</em></strong></span> <span class='ocrx_word' id='word_1_751' title='bbox 3113 5007 3420 5077; x_wconf 81' lang='grc' dir='ltr'>λεγομένων</span> <span class='ocrx_word' id='word_1_752' title='bbox 3460 5005 3727 5075; x_wconf 71' lang='grc' dir='ltr'>παρίστησι.</span> 
     </span>
    </p>
   </div>
   <div class='ocr_carea' id='block_1_101' title="bbox 538 5091 2128 5191">
    <p class='ocr_par' dir='ltr' id='par_1_101' title="bbox 538 5110 2105 5184">
     <span class='ocr_line' id='line_1_101' title="bbox 538 5110 2105 5184; baseline 0.001 -20"><span class='ocrx_word' id='word_1_753' title='bbox 538 5110 650 5181; x_wconf 88' lang='lat' dir='ltr'><strong><em>Ego</em></strong></span> <span class='ocrx_word' id='word_1_754' title='bbox 672 5112 1001 5167; x_wconf 83' lang='lat' dir='ltr'><strong><em>rectitudines</em></strong></span> <span class='ocrx_word' id='word_1_755' title='bbox 1021 5114 1272 5182; x_wconf 83' lang='lat' dir='ltr'><strong><em>judicabo</em></strong></span> <span class='ocrx_word' id='word_1_756' title='bbox 1287 5133 1303 5179; x_wconf 90' lang='lat'><em>;</em></span> <span class='ocrx_word' id='word_1_757' title='bbox 1330 5131 1391 5170; x_wconf 89' lang='lat' dir='ltr'><strong><em>ac</em></strong></span> <span class='ocrx_word' id='word_1_758' title='bbox 1415 5130 1637 5171; x_wconf 89' lang='lat' dir='ltr'><strong><em>rursum</em></strong></span> <span class='ocrx_word' id='word_1_759' title='bbox 1661 5114 1793 5169; x_wconf 90' lang='lat' dir='ltr'><strong><em>illud</em></strong></span> <span class='ocrx_word' id='word_1_760' title='bbox 1817 5133 1831 5169; x_wconf 89' lang='lat'><strong>:</strong></span> <span class='ocrx_word' id='word_1_761' title='bbox 1859 5112 1969 5184; x_wconf 83' lang='lat' dir='ltr'><strong><em>Ego</em></strong></span> <span class='ocrx_word' id='word_1_762' title='bbox 1989 5130 2105 5167; x_wconf 79' lang='lat' dir='ltr'><strong><em>con-</em></strong></span> 
     </span>
    </p>
   </div>
   <div class='ocr_carea' id='block_1_102' title="bbox 2226 5091 3731 5191">
    <p class='ocr_par' dir='ltr' id='par_1_102' title="bbox 2226 5091 3731 5191">
     <span class='ocr_line' id='line_1_102' title="bbox 2226 5091 3731 5191; baseline -0.007 -37"><span class='ocrx_word' id='word_1_763' title='bbox 2226 5102 2281 5155; x_wconf 84' lang='grc' dir='ltr'><strong><em>Γὸ</em></strong></span> <span class='ocrx_word' id='word_1_764' title='bbox 2312 5101 2439 5172; x_wconf 85' lang='grc' dir='ltr'>γὰρ,</span> <span class='ocrx_word' id='word_1_765' title='bbox 2476 5099 2623 5168; x_wconf 75' lang='grc' dir='ltr'><strong><em>Ἐγὼ</em></strong></span> <span class='ocrx_word' id='word_1_766' title='bbox 2645 5099 2971 5164; x_wconf 82' lang='grc' dir='ltr'>εὐθύτητας</span> <span class='ocrx_word' id='word_1_767' title='bbox 2995 5098 3195 5166; x_wconf 75' lang='grc' dir='ltr'>κρινῶ,</span> <span class='ocrx_word' id='word_1_768' title='bbox 3216 5102 3311 5153; x_wconf 73' lang='grc' dir='ltr'><strong><em>καὶ</em></strong></span> <span class='ocrx_word' id='word_1_769' title='bbox 3344 5099 3501 5153; x_wconf 85' lang='grc' dir='ltr'>πάλιν</span> <span class='ocrx_word' id='word_1_770' title='bbox 3526 5098 3596 5156; x_wconf 81' lang='grc' dir='ltr'><strong><em>τὸ,</em></strong></span> <span class='ocrx_word' id='word_1_771' title='bbox 3623 5091 3731 5191; x_wconf 51' lang='grc' dir='ltr'><strong><em>Ἐγὼ</em></strong></span> 
     </span>
    </p>
   </div>
   <div class='ocr_carea' id='block_1_103' title="bbox 533 5187 2128 5280">
    <p class='ocr_par' dir='ltr' id='par_1_103' title="bbox 533 5203 2104 5277">
     <span class='ocr_line' id='line_1_103' title="bbox 533 5203 2104 5277; baseline 0.003 -21"><span class='ocrx_word' id='word_1_772' title='bbox 533 5204 741 5273; x_wconf 78' lang='lat' dir='ltr'><strong><em>ﬁrmavi</em></strong></span> <span class='ocrx_word' id='word_1_773' title='bbox 764 5203 1032 5259; x_wconf 87' lang='lat' dir='ltr'><strong><em>columnas</em></strong></span> <span class='ocrx_word' id='word_1_774' title='bbox 1048 5206 1182 5276; x_wconf 84' lang='lat' dir='ltr'><strong><em>ejus,</em></strong></span> <span class='ocrx_word' id='word_1_775' title='bbox 1200 5207 1455 5263; x_wconf 86' lang='lat' dir='ltr'><strong><em>videlicet</em></strong></span> <span class='ocrx_word' id='word_1_776' title='bbox 1476 5217 1632 5262; x_wconf 86' lang='lat' dir='ltr'><strong><em>terrae</em></strong></span> <span class='ocrx_word' id='word_1_777' title='bbox 1650 5224 1664 5273; x_wconf 90' lang='lat'>;</span> <span class='ocrx_word' id='word_1_778' title='bbox 1690 5215 1853 5277; x_wconf 88' lang='lat' dir='ltr'><strong><em>atque</em></strong></span> <span class='ocrx_word' id='word_1_779' title='bbox 1870 5206 1973 5262; x_wconf 88' lang='lat' dir='ltr'><strong><em>sub</em></strong></span> <span class='ocrx_word' id='word_1_780' title='bbox 1991 5208 2104 5261; x_wconf 85' lang='lat' dir='ltr'><strong><em>haec</em></strong></span> 
     </span>
    </p>
   </div>
   <div class='ocr_carea' id='block_1_104' title="bbox 2226 5187 3730 5280">
    <p class='ocr_par' dir='ltr' id='par_1_104' title="bbox 2226 5187 3730 5261">
     <span class='ocr_line' id='line_1_104' title="bbox 2226 5187 3730 5261; baseline -0.005 -18"><span class='ocrx_word' id='word_1_781' title='bbox 2226 5191 2541 5261; x_wconf 66' lang='lat' dir='ltr'><strong><em>lorepéwca</em></strong></span> <span class='ocrx_word' id='word_1_782' title='bbox 2582 5190 2722 5257; x_wconf 84' lang='grc' dir='ltr'>τοὺς</span> <span class='ocrx_word' id='word_1_783' title='bbox 2753 5190 3021 5256; x_wconf 80' lang='grc' dir='ltr'>στύλους</span> <span class='ocrx_word' id='word_1_784' title='bbox 3056 5190 3264 5259; x_wconf 71' lang='grc' dir='ltr'>αὐτῆς,</span> <span class='ocrx_word' id='word_1_785' title='bbox 3303 5191 3458 5261; x_wconf 82' lang='grc' dir='ltr'>δῆλον</span> <span class='ocrx_word' id='word_1_786' title='bbox 3492 5188 3533 5240; x_wconf 79' lang='grc' dir='ltr'>δ’</span> <span class='ocrx_word' id='word_1_787' title='bbox 3559 5187 3629 5238; x_wconf 78' lang='grc' dir='ltr'>ὅτι</span> <span class='ocrx_word' id='word_1_788' title='bbox 3654 5187 3730 5248; x_wconf 78' lang='grc' dir='ltr'>τῆς</span> 
     </span>
    </p>
   </div>
   <div class='ocr_carea' id='block_1_105' title="bbox 533 5280 2128 5368">
    <p class='ocr_par' dir='ltr' id='par_1_105' title="bbox 533 5292 2100 5368">
     <span class='ocr_line' id='line_1_105' title="bbox 533 5292 2100 5368; baseline 0.003 -22"><span class='ocrx_word' id='word_1_789' title='bbox 533 5295 687 5356; x_wconf 89' lang='lat' dir='ltr'><strong><em>illud,</em></strong></span> <span class='ocrx_word' id='word_1_790' title='bbox 717 5292 786 5346; x_wconf 85' lang='lat' dir='ltr'><strong><em>Et</em></strong></span> <span class='ocrx_word' id='word_1_791' title='bbox 813 5297 989 5347; x_wconf 90' lang='lat' dir='ltr'><strong><em>omnia</em></strong></span> <span class='ocrx_word' id='word_1_792' title='bbox 1004 5313 1203 5350; x_wconf 88' lang='lat' dir='ltr'><strong><em>cornua</em></strong></span> <span class='ocrx_word' id='word_1_793' title='bbox 1218 5307 1547 5363; x_wconf 84' lang='lat' dir='ltr'><strong><em>peccatorum</em></strong></span> <span class='ocrx_word' id='word_1_794' title='bbox 1563 5298 1911 5368; x_wconf 79' lang='lat' dir='ltr'><strong><em>confringam,</em></strong></span> <span class='ocrx_word' id='word_1_795' title='bbox 1940 5313 2100 5368; x_wconf 87' lang='lat' dir='ltr'><strong><em>quem</em></strong></span> 
     </span>
    </p>
   </div>
   <div class='ocr_carea' id='block_1_106' title="bbox 2226 5280 3730 5368">
    <p class='ocr_par' dir='ltr' id='par_1_106' title="bbox 2226 5280 3730 5368">
     <span class='ocr_line' id='line_1_106' title="bbox 2226 5280 3730 5368; baseline -0.008 -30"><span class='ocrx_word' id='word_1_796' title='bbox 2226 5284 2348 5354; x_wconf 61' lang='grc' dir='ltr'>τῆς,</span> <span class='ocrx_word' id='word_1_797' title='bbox 2389 5284 2484 5337; x_wconf 80' lang='grc' dir='ltr'><strong><em>καὶ</em></strong></span> <span class='ocrx_word' id='word_1_798' title='bbox 2540 5281 2668 5352; x_wconf 77' lang='grc' dir='ltr'>ἑξῆς</span> <span class='ocrx_word' id='word_1_799' title='bbox 2716 5281 2815 5344; x_wconf 82' lang='grc' dir='ltr'><strong><em>τὸ,</em></strong></span> <span class='ocrx_word' id='word_1_800' title='bbox 2870 5280 2979 5335; x_wconf 80' lang='grc' dir='ltr'><strong><em>Καὶ</em></strong></span> <span class='ocrx_word' id='word_1_801' title='bbox 3029 5280 3224 5335; x_wconf 76' lang='grc' dir='ltr'>πάντα</span> <span class='ocrx_word' id='word_1_802' title='bbox 3272 5282 3345 5336; x_wconf 86' lang='grc' dir='ltr'>τὰ</span> <span class='ocrx_word' id='word_1_803' title='bbox 3396 5281 3596 5348; x_wconf 79' lang='grc' dir='ltr'>κέρατα</span> <span class='ocrx_word' id='word_1_804' title='bbox 3639 5286 3730 5368; x_wconf 51' lang='lat' dir='ltr'><strong><em>tam</em></strong></span> 
     </span>
    </p>
   </div>
   <div class='ocr_carea' id='block_1_107' title="bbox 531 5358 2128 5459">
    <p class='ocr_par' dir='ltr' id='par_1_107' title="bbox 531 5380 2101 5459">
     <span class='ocr_line' id='line_1_107' title="bbox 531 5380 2101 5459; baseline 0.003 -22"><span class='ocrx_word' id='word_1_805' title='bbox 531 5380 713 5438; x_wconf 87' lang='lat' dir='ltr'><strong><em>dicere</em></strong></span> <span class='ocrx_word' id='word_1_806' title='bbox 747 5388 1054 5450; x_wconf 87' lang='lat' dir='ltr'><strong><em>conveniat,</em></strong></span> <span class='ocrx_word' id='word_1_807' title='bbox 1088 5386 1195 5441; x_wconf 91' lang='lat' dir='ltr'><strong><em>nisi</em></strong></span> <span class='ocrx_word' id='word_1_808' title='bbox 1220 5386 1430 5442; x_wconf 85' lang='lat' dir='ltr'><strong><em>Deum?</em></strong></span> <span class='ocrx_word' id='word_1_809' title='bbox 1462 5385 1520 5440; x_wconf 91' lang='lat' dir='ltr'><strong><em>Si</em></strong></span> <span class='ocrx_word' id='word_1_810' title='bbox 1564 5388 1746 5459; x_wconf 84' lang='lat' dir='ltr'><strong><em>itaque</em></strong></span> <span class='ocrx_word' id='word_1_811' title='bbox 1778 5406 1842 5446; x_wconf 81' lang='lat' dir='ltr'><strong><em>ex</em></strong></span> <span class='ocrx_word' id='word_1_812' title='bbox 1870 5404 2101 5459; x_wconf 87' lang='lat' dir='ltr'><strong><em>persona</em></strong></span> 
     </span>
    </p>
   </div>
   <div class='ocr_carea' id='block_1_108' title="bbox 2226 5358 3725 5459">
    <p class='ocr_par' dir='ltr' id='par_1_108' title="bbox 2226 5358 3725 5459">
     <span class='ocr_line' id='line_1_108' title="bbox 2226 5358 3725 5459; baseline -0.007 -31"><span class='ocrx_word' id='word_1_813' title='bbox 2226 5374 2565 5444; x_wconf 78' lang='grc' dir='ltr'>ἱμαρτωλῶν</span> <span class='ocrx_word' id='word_1_814' title='bbox 2605 5372 2964 5442; x_wconf 73' lang='grc' dir='ltr'>συγχλὰσω,</span> <span class='ocrx_word' id='word_1_815' title='bbox 3016 5372 3121 5425; x_wconf 87' lang='grc' dir='ltr'>τίνι</span> <span class='ocrx_word' id='word_1_816' title='bbox 3169 5372 3235 5426; x_wconf 79' lang='grc' dir='ltr'><strong><em>ἂν</em></strong></span> <span class='ocrx_word' id='word_1_817' title='bbox 3274 5370 3500 5443; x_wconf 76' lang='grc' dir='ltr'>ἁρμόζοι</span> <span class='ocrx_word' id='word_1_818' title='bbox 3527 5358 3725 5459; x_wconf 79' lang='grc' dir='ltr'>λέγεινῆ</span> 
     </span>
    </p>
   </div>
   <div class='ocr_carea' id='block_1_109' title="bbox 534 5455 2128 5549">
    <p class='ocr_par' dir='ltr' id='par_1_109' title="bbox 534 5474 2097 5549">
     <span class='ocr_line' id='line_1_109' title="bbox 534 5474 2097 5549; baseline 0.005 -22"><span class='ocrx_word' id='word_1_819' title='bbox 534 5474 627 5530; x_wconf 90' lang='lat' dir='ltr'><strong><em>Dei</em></strong></span> <span class='ocrx_word' id='word_1_820' title='bbox 681 5476 795 5531; x_wconf 66' lang='lat' dir='ltr'><strong><em>haec</em></strong></span> <span class='ocrx_word' id='word_1_821' title='bbox 844 5477 1121 5541; x_wconf 88' lang='lat' dir='ltr'><strong><em>dicantur,</em></strong></span> <span class='ocrx_word' id='word_1_822' title='bbox 1150 5493 1251 5532; x_wconf 90' lang='lat' dir='ltr'><strong><em>cur</em></strong></span> <span class='ocrx_word' id='word_1_823' title='bbox 1300 5480 1440 5534; x_wconf 91' lang='lat' dir='ltr'><strong><em>alius</em></strong></span> <span class='ocrx_word' id='word_1_824' title='bbox 1492 5481 1583 5549; x_wconf 89' lang='lat' dir='ltr'><strong><em>qui</em></strong></span> <span class='ocrx_word' id='word_1_825' title='bbox 1638 5481 1804 5537; x_wconf 91' lang='lat' dir='ltr'><strong><em>Deum</em></strong></span> <span class='ocrx_word' id='word_1_826' title='bbox 1852 5493 2097 5548; x_wconf 88' lang='lat' dir='ltr'><strong><em>noverat,</em></strong></span> 
     </span>
    </p>
   </div>
   <div class='ocr_carea' id='block_1_110' title="bbox 2226 5455 3728 5549">
    <p class='ocr_par' dir='ltr' id='par_1_110' title="bbox 2226 5455 3728 5537">
     <span class='ocr_line' id='line_1_110' title="bbox 2226 5455 3728 5537; baseline -0.008 -18"><span class='ocrx_word' id='word_1_827' title='bbox 2226 5466 2352 5537; x_wconf 65' lang='grc' dir='ltr'><strong><em>9εῷ;</em></strong></span> <span class='ocrx_word' id='word_1_828' title='bbox 2388 5467 2451 5519; x_wconf 80' lang='lat' dir='ltr'><strong><em>El</em></strong></span> <span class='ocrx_word' id='word_1_829' title='bbox 2480 5466 2659 5519; x_wconf 83' lang='grc' dir='ltr'>τοίνυν</span> <span class='ocrx_word' id='word_1_830' title='bbox 2693 5466 2757 5518; x_wconf 76' lang='grc' dir='ltr'>ἐκ</span> <span class='ocrx_word' id='word_1_831' title='bbox 2790 5462 3084 5537; x_wconf 84' lang='grc' dir='ltr'>προσώπου</span> <span class='ocrx_word' id='word_1_832' title='bbox 3121 5464 3214 5518; x_wconf 89' lang='grc' dir='ltr'><strong><em>τοῦ</em></strong></span> <span class='ocrx_word' id='word_1_833' title='bbox 3248 5464 3386 5517; x_wconf 86' lang='grc' dir='ltr'>Θεοῦ</span> <span class='ocrx_word' id='word_1_834' title='bbox 3411 5462 3571 5515; x_wconf 78' lang='grc' dir='ltr'>ταῦτα</span> <span class='ocrx_word' id='word_1_835' title='bbox 3608 5455 3728 5520; x_wconf 80' lang='grc' dir='ltr'>λέγε-</span> 
     </span>
    </p>
   </div>
   <div class='ocr_carea' id='block_1_111' title="bbox 530 5543 2128 5639">
    <p class='ocr_par' dir='ltr' id='par_1_111' title="bbox 530 5543 2128 5639">
     <span class='ocr_line' id='line_1_111' title="bbox 530 5543 2128 5639; baseline 0.006 -20"><span class='ocrx_word' id='word_1_836' title='bbox 530 5566 707 5635; x_wconf 88' lang='lat' dir='ltr'><strong><em>ipsum</em></strong></span> <span class='ocrx_word' id='word_1_837' title='bbox 740 5568 896 5637; x_wconf 86' lang='lat' dir='ltr'><strong><em>quasi</em></strong></span> <span class='ocrx_word' id='word_1_838' title='bbox 926 5570 1252 5639; x_wconf 87' lang='lat' dir='ltr'><strong><em>compellare</em></strong></span> <span class='ocrx_word' id='word_1_839' title='bbox 1301 5571 1383 5624; x_wconf 91' lang='lat' dir='ltr'><strong><em>sic</em></strong></span> <span class='ocrx_word' id='word_1_840' title='bbox 1432 5543 1645 5626; x_wconf 76' lang='lat' dir='ltr'><strong><em>videtur</em></strong></span> <span class='ocrx_word' id='word_1_841' title='bbox 1672 5592 1685 5627; x_wconf 90' lang='lat'><strong>:</strong></span> <span class='ocrx_word' id='word_1_842' title='bbox 1716 5572 1963 5628; x_wconf 84' lang='lat' dir='ltr'><strong><em>Narrabo</em></strong></span> <span class='ocrx_word' id='word_1_843' title='bbox 1998 5543 2099 5628; x_wconf 45' lang='lat' dir='ltr'><strong><em>mi;</em></strong></span> <span class='ocrx_word' id='word_1_844' title='bbox 2127 5609 2128 5612; x_wconf 60' lang='grc' dir='ltr'><strong><em>η</em></strong></span> 
     </span>
    </p>
   </div>
   <div class='ocr_carea' id='block_1_112' title="bbox 2226 5543 3728 5639">
    <p class='ocr_par' dir='ltr' id='par_1_112' title="bbox 2226 5543 3728 5629">
     <span class='ocr_line' id='line_1_112' title="bbox 2226 5543 3728 5629; baseline -0.011 -17"><span class='ocrx_word' id='word_1_845' title='bbox 2226 5577 2306 5625; x_wconf 83' lang='grc' dir='ltr'><strong><em>ἀι,</em></strong></span> <span class='ocrx_word' id='word_1_846' title='bbox 2337 5558 2453 5622; x_wconf 86' lang='grc' dir='ltr'><strong><em>πῶς</em></strong></span> <span class='ocrx_word' id='word_1_847' title='bbox 2478 5558 2665 5629; x_wconf 69' lang='grc' dir='ltr'>ἕτερος</span> <span class='ocrx_word' id='word_1_848' title='bbox 2696 5556 2850 5621; x_wconf 79' lang='grc' dir='ltr'>εἰδὼς</span> <span class='ocrx_word' id='word_1_849' title='bbox 2872 5557 3023 5619; x_wconf 83' lang='grc' dir='ltr'>Θεὸν,</span> <span class='ocrx_word' id='word_1_850' title='bbox 3045 5557 3119 5622; x_wconf 84' lang='grc' dir='ltr'>ὡς</span> <span class='ocrx_word' id='word_1_851' title='bbox 3151 5560 3286 5623; x_wconf 82' lang='grc' dir='ltr'>πρὸς</span> <span class='ocrx_word' id='word_1_852' title='bbox 3318 5556 3477 5610; x_wconf 82' lang='grc' dir='ltr'>αὐτὸν</span> <span class='ocrx_word' id='word_1_853' title='bbox 3500 5543 3728 5617; x_wconf 76' lang='grc' dir='ltr'>ἀναφωνεί</span> 
     </span>
    </p>
   </div>
   <div class='ocr_carea' id='block_1_113' title="bbox 597 5723 2128 5803">
    <p class='ocr_par' dir='ltr' id='par_1_113' title="bbox 597 5724 2126 5797">
     <span class='ocr_line' id='line_1_113' title="bbox 597 5724 2126 5797; baseline 0.009 -21"><span class='ocrx_word' id='word_1_854' title='bbox 597 5724 639 5755; x_wconf 86' lang='grc'><strong><em>³¹</em></strong></span> <span class='ocrx_word' id='word_1_855' title='bbox 681 5724 697 5777; x_wconf 97' lang='lat' dir='ltr'><strong><em>l</em></strong></span> <span class='ocrx_word' id='word_1_856' title='bbox 731 5725 855 5783; x_wconf 87' lang='lat' dir='ltr'><strong><em>Cor.</em></strong></span> <span class='ocrx_word' id='word_1_857' title='bbox 893 5744 985 5795; x_wconf 80' lang='lat' dir='ltr'><strong><em>xv,</em></strong></span> <span class='ocrx_word' id='word_1_858' title='bbox 1019 5727 1207 5785; x_wconf 52' lang='lat'><strong><em>26-26.</em></strong></span> <span class='ocrx_word' id='word_1_859' title='bbox 1286 5729 1330 5762; x_wconf 82' lang='lat'><strong>&quot;</strong></span> <span class='ocrx_word' id='word_1_860' title='bbox 1370 5725 1557 5785; x_wconf 82' lang='lat' dir='ltr'><strong><em>Matth.</em></strong></span> <span class='ocrx_word' id='word_1_861' title='bbox 1595 5744 1681 5797; x_wconf 67' lang='lat' dir='ltr'><strong><em>xu,</em></strong></span> <span class='ocrx_word' id='word_1_862' title='bbox 1716 5729 1804 5785; x_wconf 76' lang='lat'><strong>25.</strong></span> <span class='ocrx_word' id='word_1_863' title='bbox 1883 5731 1926 5763; x_wconf 87' lang='grc'><em>³³</em></span> <span class='ocrx_word' id='word_1_864' title='bbox 1963 5729 2078 5789; x_wconf 80' lang='lat' dir='ltr'><strong><em>Joel</em></strong></span> <span class='ocrx_word' id='word_1_865' title='bbox 2112 5749 2126 5789; x_wconf 87' lang='grc' dir='ltr'><strong><em>ι</em></strong></span> 
     </span>
    </p>
   </div>
   <div class='ocr_carea' id='block_1_114' title="bbox 2226 5723 3696 5803">
    <p class='ocr_par' dir='ltr' id='par_1_114' title="bbox 2226 5723 3696 5803">
     <span class='ocr_line' id='line_1_114' title="bbox 2226 5723 3696 5803; baseline -0.005 -15"><span class='ocrx_word' id='word_1_866' title='bbox 2226 5734 2318 5802; x_wconf 68' lang='lat'><strong><em>52;</em></strong></span> <span class='ocrx_word' id='word_1_867' title='bbox 2360 5734 2480 5791; x_wconf 87' lang='lat' dir='ltr'><strong><em>Act.</em></strong></span> <span class='ocrx_word' id='word_1_868' title='bbox 2508 5750 2567 5803; x_wconf 81' lang='grc' dir='ltr'><strong><em>ιι,</em></strong></span> <span class='ocrx_word' id='word_1_869' title='bbox 2597 5734 2657 5790; x_wconf 73' lang='grc'><strong><em>21</em></strong></span> <span class='ocrx_word' id='word_1_870' title='bbox 2686 5752 2700 5801; x_wconf 89' lang='grc'>;</span> <span class='ocrx_word' id='word_1_871' title='bbox 2729 5733 2887 5790; x_wconf 79' lang='lat' dir='ltr'><strong><em>Rom.</em></strong></span> <span class='ocrx_word' id='word_1_872' title='bbox 2918 5749 2973 5795; x_wconf 72' lang='grc' dir='ltr'>ι.</span> <span class='ocrx_word' id='word_1_873' title='bbox 3012 5734 3100 5793; x_wconf 79' lang='grc'><strong><em>15.</em></strong></span> <span class='ocrx_word' id='word_1_874' title='bbox 3175 5734 3222 5767; x_wconf 68' lang='grc'><strong><em>’⁸</em></strong></span> <span class='ocrx_word' id='word_1_875' title='bbox 3256 5732 3403 5790; x_wconf 83' lang='lat' dir='ltr'><strong><em>Psal.</em></strong></span> <span class='ocrx_word' id='word_1_876' title='bbox 3440 5742 3623 5793; x_wconf 71' lang='lat' dir='ltr'><strong><em>tum,</em></strong></span> <span class='ocrx_word' id='word_1_877' title='bbox 3657 5723 3696 5775; x_wconf 83' lang='grc' dir='ltr'><strong><em>Ι.</em></strong></span> 
     </span>
    </p>
   </div>
  </div>
