4004 6534
258 316 356 373 869

1377 309 1885 368 COMMENTARIA
1923 309 1991 365 IN
2030 310 2371 367 PSALMOS.

3389 303 3494 360 870

254 436 452 503 λέγων·
492 433 857 503 Διηγήσομαι
886 434 959 487 τὰ
1002 432 1304 501 θαυμάσια
1337 447 1455 485 σου
1485 430 1631 484 ὅταν
1666 429 1812 483 λάϐα

1930 428 2123 483 rabilia
2154 440 2270 493 tua,
2309 445 2428 482 cum
2469 444 2712 498 accepero
2755 435 2975 497 tempus,
3009 442 3072 482 ac
3107 426 3313 482 infert:
3350 425 3492 491 Quo-

250 526 476 594 καιρὸν,
513 527 607 579 καὶ
636 526 909 598 ὲπιφέρει’
930 527 1057 578 Ὅτι
1081 529 1113 579 ὀ
1150 526 1291 591 Θεὸς
1318 524 1523 593 κριτής
1548 524 1699 577 ἐστι’
1736 522 1830 575 καὶ

251 619 433 681 πάλιν,
463 619 585 671 Ὅτι
615 618 903 686 ποτήριον
922 618 993 671 ἐν
1019 618 1169 686 χειρὶ
1198 618 1421 685 Κυρίου
1450 616 1620 670 οἴνου
1647 614 1829 684 ἀκρά-

248 726 382 773 του;
414 710 537 774 Πῶς
559 710 616 762 δὲ
649 709 786 780 πρὸς
816 708 1027 773 τούτοις
1051 711 1254 764 ἅπασιν
1277 709 1517 777 ἐπιλέγει
1535 725 1548 738 ·
1589 707 1736 777 Ἐγὼ
1760 705 1829 759 δὲ

246 801 557 872 ἁναγγελῶ
598 804 686 867 είς
727 802 833 855 τὸν
860 802 1066 868 αἰῶνα,
1098 802 1275 872 ψαλῶ
1322 803 1402 869 τῷ
1445 802 1566 868 Θεῷ
1607 801 1823 868 Ἰακώϐ,

245 893 340 946 καὶ
367 893 563 947 πάντα
585 895 657 948 τὰ
680 893 901 962 κέρατα
925 894 1043 947 τῶν
1072 895 1438 965 ἁμαρτωλῶν
1465 894 1794 965 συγκλάσω
1806 910 1828 957 ;

243 986 384 1055 Ὅρα
419 984 599 1037 τοίνυν
628 986 675 1037 εί
703 986 777 1056 μὴ
822 986 909 1039 διὰ
934 987 1139 1040 τούτων
1160 989 1188 1040 6
1214 987 1505 1057 μονογενὴς
1548 985 1641 1038 τοῦ
1692 984 1825 1039 Θεοῦ

241 1076 410 1144 Λόγος
434 1076 534 1139 τὰς
553 1077 760 1140 οἰκείας
790 1078 1075 1148 ἐνεργείας
1097 1078 1339 1131 διδάσκει
1367 1078 1467 1148 τὴν
1492 1077 1587 1130 τοῦ
1613 1077 1826 1149 Πατρὸς

238 1165 451 1232 διεξιὼν
475 1168 769 1237 θεολογίαν.
814 1171 951 1240 Φησὶ
974 1169 1105 1239 γοῦν
1128 1188 1141 1200 ·
1184 1170 1548 1240 Διηγήσομαι
1581 1171 1653 1224 τὰ
1685 1174 1826 1224 θαυ-

238 1256 429 1325 μάσια
480 1274 596 1313 σου
638 1260 785 1313 ὅταν
815 1261 977 1315 λάϐω
1022 1264 1251 1329 καιρόν.
1312 1264 1371 1316 '0
1423 1263 1523 1333 μὲν
1572 1262 1822 1328 Ἀκύλας,

239 1346 421 1401 Ὅταν
442 1348 604 1402 λάϐω
627 1350 935 1421 συνταγάς
952 1369 964 1382 ’
1000 1355 1029 1406 6
1056 1353 1111 1406 δὲ
1131 1353 1444 1424 Σύμμαχος,
1466 1354 1642 1406 Ὅταν
1662 1350 1826 1407 λάϐω

236 1438 355 1507 τὴν
386 1442 767 1513 συναγωγήν.
806 1446 915 1498 Καί
946 1464 1034 1516 μοι
1068 1446 1216 1499 δοκεί
1237 1445 1511 1517 εὐκαίρως
1541 1445 1821 1518 εἰρηκέναι.

234 1532 321 1595 τὸ,
356 1533 535 1586 Ὅταν
588 1533 751 1588 λάϐω
812 1538 1139 1606 συνταγὰς,
1188 1537 1242 1608 ἢ,
1292 1536 1406 1605 τὴν
1438 1536 1818 1607 συναγωγήν.

247 1620 677 1691 Ἐπαγγέλλεται
734 1625 845 1697 γὰρ
914 1628 1107 1698 καιροῦ
1163 1628 1461 1699 λαϐόμενος
1512 1629 1689 1683 πάντα
1752 1628 1821 1682 τὰ

1916 522 2062 574 niam
2096 521 2238 575 Deus
2279 522 2449 591 judex
2493 532 2608 584 est;
2661 538 2724 577 ac
2768 538 2987 577 rursum
3016 542 3029 576 :
3058 522 3198 588 Quia
3244 519 3389 573 calix
3438 521 3493 575 in

1917 630 2077 666 manu
2111 613 2324 667 Domini
2358 615 2464 668 viui
2498 616 2670 668 meri?
2709 614 2823 669 Cur
2849 614 2935 669 his
2963 613 3220 668 omnibus
3264 611 3492 681 subjun-

1914 704 1992 776 git
2020 724 2031 759 :
2058 704 2169 776 Ego
2198 716 2371 760 autent
2398 706 2722 760 annuntiabo
2752 707 2806 759 in
2840 706 3113 768 steculum,
3135 704 3359 758 cantabo
3381 702 3491 759 Deo

1913 794 2105 861 Jacob,
2167 808 2218 852 et
2264 800 2445 854 omnia
2497 815 2697 852 cornua
2739 809 3071 867 peccatorum
3119 795 3489 866 confringam.’

1912 890 2302 945 Animadverte
2328 891 2493 961 igitur
2528 908 2658 946 num
2694 893 2781 947 his
2808 893 2990 947 verbis
3024 891 3363 961 unigenitum
3392 887 3490 944 Dei

1913 979 2174 1043 Verbum,
2198 998 2318 1051 qua:
2348 985 2414 1038 ad
2444 982 2624 1039 Patris
2652 983 2909 1039 deitatem
2932 990 3179 1053 spectant
3201 995 3489 1042 enarrans.

1913 1087 2015 1128 sua
2048 1089 2217 1144 opera
2252 1076 2517 1130 enuntiet.
2560 1075 2650 1129 Ait
2677 1076 2900 1146 itaque:
2930 1074 3181 1129 Narrabo
3218 1072 3489 1126 mirabilia

1913 1174 2004 1219 tua
2043 1183 2161 1219 cum
2194 1183 2437 1235 accepero
2479 1179 2699 1235 tempus.
2731 1167 2926 1237 Aquila
2971 1182 3103 1221 vero
3148 1166 3230 1222 sic
3277 1166 3488 1221 habet:

1914 1254 2049 1311 Cum
2096 1274 2343 1326 accepero
2388 1266 2589 1325 tempus
2641 1267 2931 1321 statutum;
2978 1254 3339 1327 Symmachus
3392 1270 3489 1308 auc

1913 1351 2023 1400 tem
2056 1365 2070 1400 :
2102 1345 2235 1401 Cum
2287 1362 2534 1415 accepero
2581 1362 2923 1419 synagogam.
2958 1345 3295 1415 Videturque
3352 1345 3488 1399 mihi

1911 1434 2027 1491 haec
2072 1444 2377 1506 opportune
2423 1436 2569 1492 dicta
2613 1453 2737 1493 esse
2777 1456 2789 1491 :
2827 1437 2959 1493 Cum
3011 1440 3489 1504 accepero‘tempus

1911 1536 2192 1592 statutum,
2234 1531 2344 1593 vel,
2393 1547 2734 1601 sgnagogam.
2786 1529 3083 1585 Pollicetur
3110 1529 3313 1599 quippe
3343 1543 3404 1583 se
3432 1528 3487 1584 in

1912 1625 2161 1690 tempore
2205 1629 2513 1691 opportuno
2559 1624 2741 1677 omnia
2790 1620 2971 1676 Patris
3030 1622 3086 1676 in
3132 1620 3375 1675 Ecclesia
3421 1635 3488 1674 ex

234 1710 520 1781 θαυμάσια
549 1715 643 1768 τοῦ
670 1716 882 1788 Πατρὸς
903 1717 1263 1789 διηγήσασθαι
1302 1720 1395 1772 ἐπὶ
1424 1707 1525 1790 τῆς
1554 1721 1614 1786 ἐξ
1648 1720 1812 1775 ἐθνῶν

1918 1708 2171 1777 gentibus
2206 1721 2356 1780 gesta
2402 1712 2671 1766 mirabilia
2702 1720 3076 1777 narraturum,
3107 1726 3270 1783 quam
3302 1710 3483 1766 Eccle-

245 1804 575 1877 Ἐκκλησίας
599 1849 614 1872 ,
654 1811 719 1879 ἧν
770 1810 933 1873 αὐτὸς
974 1812 1003 1862 6
1036 1811 1223 1882 Πατὴρ
1252 1814 1616 1883 ἐπηγγέλλετο
1666 1814 1815 1887 αύτῷ

228 1899 686 1969 είπὼνἈῑτησαι
736 1904 872 1971 παρ’
914 1905 1090 1973 ἐμοῦ,
1137 1907 1236 1959 καὶ
1286 1905 1459 1959 δώσω
1506 1923 1605 1961 σοι
1669 1910 1814 1977 ἔθνη

222 1988 353 2057 τὴν
378 1994 788 2062 κληρονομίαν
818 2010 955 2058 σου,
998 1996 1097 2050 καὶ
1131 1996 1244 2065 τὴν
1287 1998 1659 2069 κατάσχεσίν
1699 2017 1817 2055 σου

221 2079 303 2132 τὰ
345 2078 570 2147 πέρατα
600 2082 710 2151 τῆς
742 2083 873 2154 γῆς.
904 2086 1069 2141 Ὅταν
1094 2083 1185 2140 οῦν
1229 2088 1399 2152 λάϐω,
1423 2091 1578 2160 91361,
1614 2091 1817 2163 ταύτην

218 2169 334 2240 τὴν
370 2170 660 2243 συνταγὴν,
712 2174 806 2225 καὶ
832 2173 1053 2227 ἐπειδὰν
1088 2174 1234 2245 τύχω
1256 2177 1445 2229 τούτου
1485 2178 1576 2230 τοῦ
1602 2179 1815 2251 καιροῦ,

217 2261 535 2329 τηνικαῦτα
575 2265 705 2333 παρ’
741 2266 925 2328 αὐτοῖς
957 2269 1069 2329 τοῖς
1108 2266 1166 2332 ἐξ
1218 2267 1387 2321 ἐθνῶν
1432 2270 1817 2340 ἐπιστρέφουσι

220 2350 569 2422 διηγήσομαι
602 2354 780 2407 πάντα
828 2354 895 2408 τὰ
937 2355 1219 2425 Θαυμάσιά
1255 2375 1368 2411 σου.
1398 2352 1494 2423 Οἷς
1536 2360 1810 2428 ἐπιλέγειο

231 2442 392 2511 Ἐγὼ
419 2443 749 2510 εὐθύτητας
783 2444 983 2513 κρινῶ.
1017 2447 1372 2518 Δικαιοσύνης
1392 2448 1501 2520 γὰρ
1525 2450 1619 2503 καὶ
1651 2450 1815 2503 εὐθύ-ξ

218 2550 390 2604 τητος
457 2532 617 2604 ἔργον
670 2535 730 2587 τὸ
767 2535 842 2606 μὴ
885 2536 1171 2602 Ἰουδαίους
1228 2540 1422 2609 μόνους
1468 2543 1811 2613 προσίεσθαι,

220 2626 370 2698 μηδὲ
397 2625 458 2678 τὸ
476 2624 535 2692 ἐξ
568 2625 818 2699 Ἀϐραὰμ
836 2628 991 2697 γένος
1016 2631 1156 2684 κατὰ
1173 2631 1270 2703 τὴν
1296 2632 1538 2698 Μωσέως
1591 2635 1808 2706 κλῆσιν.

217 2718 346 2773 ἀλλ’
377 2718 435 2785 ἐξ
468 2718 723 2773 ἁπάντων
760 2720 869 2773 τῶν
897 2721 1064 2775 ἐθνῶν
1113 2725 1209 2794 τὴν
1255 2725 1484 2798 ἐκλογὴν
1535 2728 1809 2783 ποιεῖσθαι

218 2810 344 2864 τῶν
370 2810 712 2883 σωζομένων.
750 2814 950 2886 Διόπερ
999 2817 1027 2867 ὁ
1062 2817 1268 2887 Πέτρος
1298 2820 1355 2871 ὲν
1390 2822 1512 2883 ταῖς
1541 2822 1812 2893 Πράξεσιν

216 2900 645 2973 ἀναγέγραπται
697 2903 966 2974 είρηκὼς’
1012 2905 1137 2959 Ἐπ’
1182 2908 1471 2974 ἀληθείας
1516 2906 1680 2977 οῖδα,
1726 2912 1816 2966 ὅτι

217 2997 340 3049 οὐκ
377 2995 509 3049 ἔστι
540 2995 1062 3065 προσωπολήπτης
1091 3001 1122 3052 ό
1155 3001 1330 3066 Θεόςο
1363 3002 1500 3056 ἀλλ’
1529 3003 1600 3056 ἐν
1634 3006 1812 3059 παντὶ

1916 1799 2054 1853 siam
2087 1800 2190 1871 ipsi
2216 1801 2373 1857 Pater
2410 1804 2662 1874 promisit
2692 1803 2777 1858 his
2806 1804 2987 1859 verbis
3016 1823 3028 1858 :
3068 1803 3291 1858 Postula
3326 1820 3357 1857 a
3386 1820 3487 1867 me,

1913 1901 1963 1946 et
1997 1892 2135 1946 dabo
2169 1895 2263 1948 tibi
2294 1906 2467 1965 gentes
2500 1896 2856 1951 Ita'reditatem
2904 1906 3071 1962 tuam,
3106 1906 3156 1950 et
3204 1896 3473 1965 possessio

1917 2002 2032 2039 nem
2064 1996 2210 2041 tuam
2246 1990 2495 2043 terminos
2525 1991 2760 2045 terraz".
2798 1989 2932 2045 Cum
2966 2005 3095 2061 ergo
3128 1989 3232 2043 hoc
3276 1997 3489 2059 tempus

1916 2085 2181 2142 stantum,
2204 2078 2401 2149 inquit,
2420 2094 2698 2150 accepero,
2723 2087 2920 2136 etcum
2947 2081 3088 2135 hanc
3112 2078 3492 2150 opportunita-

1917 2177 2024 2223 tem
2044 2178 2375 2225 consecutus
2393 2186 2507 2234 ero,
2538 2180 2667 2226 tunc
2684 2174 2936 2228 omnibus
2954 2173 3206 2242 gentibus
3225 2186 3347 2242 quae
3366 2186 3488 2229 sese

1917 2264 2289 2316 converterint
2336 2262 2569 2317 narrabo
2618 2263 2799 2318 omnia
2830 2264 3101 2318 mirabilia
3135 2272 3250 2318 tua.
3276 2260 3489 2328 Quibus

1917 2352 2104 2407 subdit
2132 2372 2145 2408 :
2176 2352 2287 2425 Ego
2322 2356 2661 2409 rectitudines
2683 2356 2958 2424 judicabo.
2992 2354 3226 2411 Iustitia:
3252 2371 3489 2426 namque

1916 2451 1971 2498 et
2012 2445 2360 2503 rectitudinis
2394 2462 2533 2518 opus
2563 2456 2668 2513 est,
2695 2463 2805 2503 non
2832 2447 3049 2505 Judzeos
3081 2449 3261 2504 solum
3291 2449 3462 2503 admit
3487 2480 3491 2489 η

1917 2542 2052 2597 tere,
2084 2553 2262 2608 neque
2306 2539 2598 2595 Abrahami
2653 2554 2825 2611 genus
2875 2540 3139 2595 duntaxat
3190 2539 3490 2595 secundum

1916 2626 2119 2698 lloysis
2163 2630 2504 2686 vocationem
2550 2632 2820 2701 recipere,
2853 2633 2947 2687 sed
2983 2632 3241 2687 omnibus
3270 2647 3337 2687 ex
3366 2646 3470 2702 gen

1917 2719 2065 2775 tibus
2098 2722 2492 2777 servandorum
2543 2724 2862 2779 electionem
2891 2723 3087 2779 facere.
3121 2722 3488 2789 Quamobrem

1917 2810 2111 2867 Petrus
2159 2813 2214 2867 in
2264 2814 2491 2870 Actibus
2542 2814 2749 2870 dixisse
2790 2815 3105 2869 scribitur:
3155 2814 3224 2868 In
3273 2815 3490 2872 veritate

1918 2908 2165 2974 comperi,
2210 2908 2334 2976 quia
2376 2926 2481 2963 non
2523 2918 2601 2962 est
2641 2925 2986 2978 personarum
3035 2918 3275 2978 acceptor
3314 2909 3457 2965 Deus

1918 2998 2011 3051 sed
2040 3000 2097 3051 in
2134 3000 2277 3053 omni
2306 3009 2456 3069 gente
2492 3001 2583 3070 qui
2626 3002 2772 3053 timet
2804 3016 2922 3054 eum
2958 3010 3198 3070 acceptus
3220 3009 3298 3054 est
3325 3002 3408 3055 illi
3422 3002 3489 3057 ⁸⁸.

214 3088 385 3141 ἔθνει
417 3090 450 3140 ὁ
522 3054 901 3156 φοϐούμενος
939 3054 1127 3144 αύέὸν
1177 3054 1600 3160 δεκιτόςὲστιν

1916 3087 2119 3144 Paulus
2168 3054 2345 3144 autem
2383 3054 2570 3144 Iudaeo
2603 3090 2860 3160 primum,
2899 3054 3089 3160 postea
3127 3091 3315 3147 Graeco
3350 3108 3461 3164 prae

216 3180 335 3235 Καὶ
365 3180 395 3231 6
433 3178 644 3243 Παῦλος
665 3179 723 3233 δὲ
764 3180 1004 3253 Ἰουδαίῳ
1031 3200 1091 3236 τε
1136 3184 1354 3254 πρῶτον
1385 3188 1479 3240 καὶ
1505 3188 1727 3261 Ἕλληνι
1752 3191 1811 3245 τὸ

216 3272 557 3341 Εὐαγγέλιον
600 3273 961 3344 κηρύττεσθαί
995 3292 1126 3346 φησι
1159 3276 1332 3346 λέγων
1352 3297 1365 3310 ·
1401 3281 1483 3334 Οὐ
1510 3280 1619 3351 γὰρ
1653 3284 1812 3338 ἐπαι-

214 3364 525 3433 σχύνομαι
550 3363 616 3417 τὸ
633 3365 1004 3434 Εὐαγγέλιον
1019 3384 1032 3396 ·
1052 3366 1306 3435 δύναμις
1334 3369 1444 3440 γὰρ
1467 3371 1616 3426 Θεοῦ
1638 3373 1811 3427 ἐστιν

215 3461 312 3525 εὶς
338 3458 641 3525 σωτηρίαν
669 3459 847 3511 παντὶ
890 3458 973 3526 τῷ
1024 3462 1403 3528 πιστεύοντι,
1450 3465 1708 3531 Ἰουδαίῳ
1740 3484 1810 3521 τε

216 3548 462 3618 πρῶτον
512 3548 611 3602 καί
638 3550 920 3619 ’Έλληνι.
972 3553 1333 3622 Δικαιοσύνη
1376 3555 1485 3624 γὰρ
1539 3557 1687 3611 Θεοῦ
1740 3558 1810 3611 ἐν

214 3639 389 3705 αὐτῷ
450 3640 958 3715 ἀποκαλύπτεται.
1028 3636 1124 3705 Οἷς
1195 3643 1506 3709 ἀκολούθως
1577 3647 1810 3702 ἐνταῦθα

214 3733 425 3802 φάσκει
457 3732 518 3785 τό
538 3749 550 3762 ·
595 3731 743 3801 Ἐγὼ
773 3733 1107 3802 εὐθύτητας
1149 3736 1352 3802 κρινῶ.
1396 3736 1509 3789 Εἶτ’
1542 3739 1805 3808 ἐπιλέγειν

228 3823 453 3891 Ἐτάκη
480 3824 519 3891 ἡ
543 3822 619 3893 γῆ
660 3823 761 3877 καὶ
790 3822 1011 3889 πάντες
1044 3827 1099 3877 οἱ
1126 3827 1549 3894 κατοικοῦντες
1580 3828 1803 3896 αὐτήν·

214 3915 341 3986 ἐγὼ
374 3915 710 3985 ἐστερέωσα
734 3916 878 3982 τοὺς
900 3917 1169 3984 στύλους
1190 3918 1399 3988 αὐτῆς.
1433 3920 1592 3975 Κατὰ
1618 3922 1674 3975 δὲ
1716 3924 1808 3977 τὸν

217 4006 544 4076 Σύμμαχον,
588 4005 1063 4072 Συσταθήσεται,
1108 4010 1293 4079 φησὶν,
1338 4012 1377 4078 ἠ
1411 4010 1485 4081 717
1518 4012 1642 4067 σὺν
1683 4014 1808 4084 τοῖς

217 4094 619 4153 κατοικοῦσιν
669 4099 897 4165 αὑτήν·
931 4099 1045 4170 ἐγὼ
1088 4101 1324 4171 ἦδρασα
1353 4104 1496 4172 τοὺς
1539 4108 1807 4174 στύλους

215 4188 431 4257 αὐτῆς.
467 4186 651 4244 Ταῦτα
679 4190 735 4243 δὲ
761 4192 874 4255 τοῖς
914 4192 973 4243 ὲν
996 4190 1075 4261 τῷ
1105 4193 1213 4263 πρὸ
1240 4193 1431 4247 τούτου
1463 4194 1807 4267 λελεγμένοις

216 4282 438 4354 εἴρηται
474 4282 799 4354 συμφώνως.
859 4285 925 4338 Ἦ
974 4285 1083 4356 γὰρ
1135 4285 1557 4358 πολιορκηθεῖσα
1608 4289 1681 4360 γῆ
1708 4289 1803 4342 καὶ

1912 3180 2205 3236 dicandum
2244 3180 2595 3251 Evangelium
2633 3198 2756 3238 esse
2804 3182 2938 3238 dicit
2981 3182 3067 3239 bis
3106 3184 3333 3239 verbis:
3366 3182 3490 3239 Non

1908 3271 2047 3324 enim
2068 3270 2313 3325 erubesco
2338 3270 2677 3342 Evangelium
2700 3288 2719 3327 :
2749 3274 2915 3327 uirtus
2934 3290 3071 3327 enim
3100 3274 3195 3328 Dei
3218 3285 3295 3329 est
3322 3275 3374 3329 in
3402 3291 3472 3330 sa

1910 3362 2072 3416 lutem
2103 3364 2247 3416 omni
2282 3365 2532 3427 credenti,
2561 3363 2753 3418 Judazo
2780 3366 3031 3433 primum,
3065 3375 3115 3420 et
3147 3364 3352 3421 Cra'co.
3382 3365 3487 3420 Ju-

1908 3452 2059 3505 stitia
2090 3453 2229 3506 enim
2259 3452 2355 3506 Dei
2383 3454 2437 3506 in
2466 3454 2582 3523 ipso
2616 3453 2879 3507 revelatur
2896 3453 2962 3510 ".
2993 3454 3204 3519 Quibus
3235 3452 3324 3507 hic
3349 3468 3486 3509 con-

1910 3552 2207 3614 sequenter
2229 3546 2431 3599 dicitur
2457 3564 2470 3600 :
2508 3543 2618 3615 Ego
2640 3544 2977 3599 rectitudines
2991 3543 3265 3614 judicabo.
3285 3542 3488 3600 Deinde

1909 3635 2133 3705 subiicit
2171 3654 2185 3690 :
2218 3634 2526 3706 Liquefacta
2558 3647 2635 3691 est
2668 3646 2810 3691 terra
2837 3653 2886 3690 et
2916 3654 3093 3691 omnes
3118 3638 3210 3707 qui
3245 3637 3488 3691 habitant

1909 3748 1942 3783 n
1981 3746 2043 3784 ea
2077 3746 2097 3784 :
2125 3746 2217 3799 ego
2265 3728 2584 3797 conﬁrmavi
2645 3727 2921 3781 columnas
2976 3726 3113 3795 ejus.
3170 3724 3485 3781 Secundum

1911 3820 2299 3893 Symmachum
2334 3834 2462 3876 vero
2491 3838 2503 3873 :
2539 3820 2926 3885 Constituetur,
2956 3818 3155 3889 inquit,
3193 3827 3334 3872 terra
3366 3834 3485 3872 cum

1907 3912 2268 3967 habitantibus
2313 3914 2368 3966 in
2415 3928 2476 3966 ea
2509 3926 2528 3965 :
2557 3928 2649 3981 ego
2675 3911 2984 3980 conﬁrmavi
3031 3910 3304 3965 columnas
3348 3910 3484 3978 ejus.

1907 4002 2035 4057 Haec
2078 4017 2242 4073 porro
2292 4001 2652 4073 praecedentis
2700 4002 2894 4072 psalmi
2936 4001 3099 4056 dictis
3124 4000 3299 4056 allinia
3331 4009 3480 4066 sunt,

1906 4096 2079 4152 Terra
2124 4097 2394 4167 siquidem
2424 4096 2645 4151 obsessa
2678 4103 2731 4149 et
2764 4095 2876 4166 igni
2907 4096 3127 4158 tradita,
3159 4096 3227 4151 de
3260 4112 3366 4167 qua
3396 4096 3485 4151 di-

1906 4188 2130 4243 cebatur
2154 4207 2253 4243 :-—
2274 4186 2443 4253 Quasi
2458 4188 2512 4240 in
2530 4187 2663 4241 silva
2683 4187 2946 4258 lignorum
2976 4188 3246 4242 securibus
3281 4189 3480 4242 excide-

1906 4287 2029 4335 runt
2047 4280 2247 4350 januas
2281 4280 2395 4350 ejus
2429 4281 2485 4333 in
2519 4279 2769 4348 idipsum,
2802 4281 2855 4335 in
2884 4281 3059 4335 securi
3089 4289 3141 4335 et
3167 4281 3314 4335 ascia
3346 4280 3461 4351 dejc

216 4377 359 4448 πυρὶ
378 4377 764 4448 παραδοθεῖσα,
798 4377 927 4449 περὶ⁵
949 4373 1018 4449 ἦς
1050 4377 1269 4447 ἐλέγετο
1285 4396 1373 4418 '—
1388 4380 1480 4446 Ὡς
1505 4380 1575 4433 ἐν
1605 4380 1805 4452 δρυμῷ

1910 4381 2242 4427 cerunteam.
2274 4370 2627 4427 Incenderunt
2673 4373 2789 4442 igne
2831 4372 3198 4426 sanctuarium
3226 4380 3395 4436 tuum,
3432 4373 3485 4426 in

217 4470 426 4535 ξύλων
456 4470 694 4538 ἀξίναις
723 4471 957 4540 ἔκοψαν
998 4473 1107 4538 τὰς
1150 4473 1333 4540 θύρας
1363 4474 1555 4542 αὐτῆς
1584 4476 1685 4529 ἐπὶ
1736 4476 1804 4530 τὸ

212 4561 396 4624 αὐτὸ,
426 4561 495 4614 ἐν
526 4560 739 4616 πέλυκι
770 4579 846 4616 κα
894 4563 1267 4632 λαξευτηρίῳ
1295 4564 1667 4634 κατέρῤαξαν
1692 4570 1802 4621 αὺ-

217 4653 359 4719 τήν.
410 4654 777 4721 ἐνεπύρισαν
818 4654 890 4707 ἐν
926 4655 1067 4723 πυρὶ
1115 4655 1181 4709 τὸ
1235 4656 1625 4725 ἀγιαστήριόν
1659 4674 1801 4723 σου,

212 4750 306 4812 είς
330 4745 445 4813 τὴν
465 4744 579 4815 γῆν
592 4745 975 4813 ἐϐεϐήλωσαν
994 4747 1059 4799 τὸ
1072 4747 1361 4818 σκήνωμα
1378 4750 1483 4804 τοῦ
1508 4752 1800 4819 ὀνόματός

213 4854 337 4892 σου
358 4838 622 4891 ·--ταῦτα
648 4837 897 4891 παθοῦσα
927 4839 1122 4909 ἐτάκη,
1160 4840 1252 4893 καὶ
1300 4840 1500 4905 πάντες
1532 4844 1580 4894 oi
1611 4860 1797 4896 κατοι-

213 4930 441 4993 κοῦντες
469 4930 637 5000 αὐτὴν
670 4931 759 4984 διὰ
799 4931 898 4994 τὰς
928 4932 1183 4994 ἀσεϐείας
1230 4932 1409 4986 αὐτῶν
1454 4934 1677 4987 τοιαῦτα
1709 4952 1801 4987 πε-

215 5016 470 5071 πόνθασι.
504 5017 651 5089 Πλὴν
698 5019 903 5072 τούτων
932 5018 1356 5089 ἀπολλυμένων,
1406 5022 1552 5091 ἐγὼ,
1605 5024 1793 5094 φησὶν,

209 5106 554 5175 ἐστερέωσα
580 5108 723 5175 τοὺς
749 5110 1019 5175 στύλους
1038 5109 1249 5177 αὐτῆς.
1271 5110 1437 5174 Τίνας
1459 5111 1503 5164 δ’
1531 5110 1598 5164 ἂν
1621 5112 1797 5177 εἴποις

211 5197 440 5261 τούτους
478 5199 513 5270 ἢ
542 5200 667 5263 τοὺς
722 5200 899 5271 ἱεροὺς
928 5199 1260 5262 ἀποστόλους
1278 5200 1373 5253 καὶ
1424 5200 1633 5266 πάντας
1669 5205 1796 5268 τοὺς

209 5288 309 5342 τοῦ
340 5290 598 5363 Σωτῆρος
633 5291 791 5363 ἡμῶν
838 5291 1087 5362 μαθητάς
1129 5310 1191 5345 τε
1236 5293 1332 5346 καὶ
1361 5292 1792 5362 εύαγγελιστάς;

1908 4477 2050 4521 terra
2068 4466 2367 4535 polluerunt
2395 4465 2793 4520 tabernaculum
2814 4467 3037 4519 nominis
3065 4465 3142 4518 tui
3174 4465 3254 4532 ³⁶;
3281 4495 3352 4505 --
3372 4465 3486 4520 hac

1906 4575 2092 4631 passa.
2127 4558 2422 4630 liquefacta
2454 4568 2571 4626 est;
2608 4566 2661 4614 et
2686 4574 2793 4613 una
2821 4573 3012 4612 omnes
3040 4560 3133 4627 qui
3167 4557 3490 4611 habitabant

1905 4654 1959 4707 in
1992 4669 2056 4709 ea
2089 4655 2429 4723 impietatum
2459 4668 2684 4708 suarum
2715 4666 2883 4707 causa
2916 4652 3031 4706 haec
3065 4653 3308 4721 perpessi
3335 4659 3485 4707 sunt.

1905 4744 2172 4799 Cteterum
2219 4746 2304 4799 his
2354 4745 2732 4815 pereuntibus,
2771 4761 2887 4814 ego,
2929 4744 3129 4814 inquit,
3178 4745 3487 4813 conﬁrmavi

1903 4836 2179 4890 columnas
2225 4836 2361 4905 ejus.
2392 4834 2541 4901 Quas
2584 4850 2679 4891 eas
2722 4850 2845 4891 esse
2886 4836 3113 4898 dixeris,
3142 4836 3247 4891 nisi
3295 4850 3485 4892 sacros

1902 4928 2186 4999 apostolos
2229 4936 2283 4982 et
2331 4942 2523 4982 omnes
2558 4923 2866 4982 Servatoris
2901 4927 3073 4982 nostri
3100 4928 3401 4999 discipulos
3430 4936 3486 4985 et

1902 5019 2301 5089 evangelistas?
2353 5017 2489 5071 Nam
2534 5033 2658 5072 cum
2708 5033 2774 5072 ex
2806 5018 3017 5072 readem
3066 5027 3210 5073 terra
3249 5017 3485 5088 prodiis-

1902 5120 2046 5175 sent,
2077 5111 2345 5165 columnaa
2369 5117 2424 5164 et
2458 5108 2860 5165 ﬁrmamentum
2892 5109 3149 5166 Ecclesia!
3177 5110 3305 5165 facti
3329 5118 3479 5166 sunt.

1902 5204 2251 5273 Quapropter
2306 5201 2512 5258 Paulus
2555 5202 2931 5272 apostolorum
2974 5203 3294 5273 coryphazos
3327 5203 3484 5258 colu-

1899 5310 2059 5349 mnas
2082 5294 2309 5349 vocabat
2342 5294 2531 5349 dicens
2564 5293 2832 5348 :Jacobus
2858 5304 2910 5348 et
2941 5291 3143 5364 Cephas
3160 5302 3209 5349 et
3225 5292 3481 5358 Joannes,

226 5377 319 5447 Ἐξ
347 5382 520 5451 αὐτῆς
542 5381 651 5452 γὰρ
685 5381 897 5451 ἐκείνης
926 5382 1285 5453 προελθόντες
1306 5382 1405 5452 τῆς
1442 5383 1566 5454 γῆς,
1609 5386 1791 5440 στῦλοι

1910 5387 1990 5457 γαί
2027 5384 2265 5438 videntur
2302 5386 2560 5439 columna:
2585 5402 2697 5440 esse
2720 5386 2785 5441 ”.

210 5474 308 5525 καὶ
367 5473 650 5544 ἑδραίωμα
708 5476 963 5543 γεγόνασι
1012 5475 1111 5546 τῆς
1162 5477 1508 5547 Ἐκκλησίας.
1552 5478 1643 5532 Διὸ
1688 5479 1782 5532 καὶ
1830 5478 2042 5543 Παῦλος
2111 5480 2237 5541 τοὺς
2311 5478 2643 5549 κορυφαίους
2712 5476 2820 5531 τῶν
2878 5475 3195 5531 ἀποστόλων
3257 5473 3484 5541 στύλους

209 5565 468 5635 ὠνόμαζε
493 5566 695 5636 λέγων’
727 5567 993 5633 Ἰάκωϐος
1021 5567 1118 5621 καί
1144 5567 1355 5638 Κηφᾶς
1380 5569 1478 5625 καὶ
1507 5569 1803 5639 Ἰωάννης,
1833 5573 1889 5624 οἱ
1921 5571 2249 5637 δοκοῦντες
2277 5570 2489 5625 στῦλοι
2517 5566 2692 5623 εἶναι.

278 5744 319 5775 ³⁵
361 5743 504 5800 Psal.
546 5760 620 5811 ιι,
660 5744 711 5801 8.
791 5746 834 5778 ³⁸
874 5745 993 5801 Act.
1030 5763 1097 5812 κ,
1132 5746 1219 5803 54.
1300 5747 1344 5780 ³⁷
1384 5746 1541 5804 Rom.
1580 5763 1628 5815 1,
1667 5748 1751 5817 16,
1789 5750 1811 5805 1

1952 5752 1997 5785 ³⁸
2033 5750 2179 5809 Psal.
2220 5766 2418 5819 Lxxln,
2459 5750 2573 5807 5-7.
2653 5750 2696 5781 ³³
2736 5746 2911 5802 Galat.
2949 5760 3022 5810 ll,
3059 5745 3091 5819 9
