4004 6548
588 317 688 372 δτι

1268 318 1536 374 EUSEBII
1579 315 2056 372 C/ESARIENSIS
2093 314 2158 371 ΟΙ

2281 309 2460 372 PARS
2500 311 2583 372 Ill.
2615 348 2684 358 —-
2721 313 3128 376 EXEGETICA.
3662 337 3739 392 s73

659 427 826 485 Vsus.
856 431 910 495 5,
948 430 1003 486 6.
1044 431 1170 484 Dixi
1204 432 1396 502 iniquis
1425 447 1445 485 :
1479 430 1659 485 Nolite
1699 432 1873 501 inique
1904 447 2090 502 agere;
2117 439 2158 484 et

2342 428 2498 485 Εἷπα
2536 433 2660 499 τοῖς
2692 435 3128 504 παρανομοῦσι,
3158 439 3214 490 Μ
3220 435 3252 504 ἡ
3281 443 3648 511 παρανομεῖτε,
3671 453 3744 504 καὶ

585 521 1004 595 delinquentibus
1021 540 1040 576 :
1057 525 1233 578 Nolite
1251 524 1489 578 exaltare
1513 541 1695 577 cornu.
1713 524 2010 578 Columnas
2037 525 2158 593 qui—

585 612 709 668 dem
736 622 938 670 sanctae
969 622 1023 668 et
1045 614 1330 668 catholica:
1357 613 1617 670 Ecclesia:
1639 629 1762 684 ego,
1788 614 1963 683 inquit
1993 611 2156 677 Deus,

586 704 816 770 ﬁrmavi,
862 715 1048 777 utpote
1093 709 1186 777 qui
1230 722 1296 762 ex
1346 715 1644 762 memorata
1684 714 1830 762 terra
1871 703 2160 777 liquefacta

585 811 711 851 cum
762 797 1161 854 habitatoribus
1206 799 1342 865 suis,
1383 800 1532 869 ipsos
1577 799 1869 869 elegerim;
1919 799 2160 869 reliquos

585 903 718 943 vero
752 897 1098 946 contestatus
1121 906 1266 956 sum,
1297 891 1620 961 praecipiens
1649 890 1757 945 illis
1789 889 2047 960 ipsosque
2069 905 2161 944 co-

586 985 815 1040 hortans
865 994 923 1039 ut
974 1002 1041 1040 ne
1073 987 1254 1056 inique
1283 995 1526 1056 agerent.
1566 982 1877 1037 Secundum
1909 982 2160 1055 Symma-

580 1076 746 1130 chum
766 1093 895 1130 vero
924 1097 936 1131 :
970 1077 1095 1130 Dixi
1122 1077 1407 1144 seditibsis,
1433 1076 1628 1146 inquit,
1651 1075 1733 1129 Ne
1761 1075 2006 1130 seditiose
2031 1091 2162 1145 aga-

579 1167 752 1230 tis;et
787 1169 1003 1238 iniquis,
1057 1167 1238 1222 Nolite
1262 1168 1500 1222 exaltare
1528 1183 1711 1222 cornu.
1743 1166 1825 1222 Ne
1854 1166 2089 1221 extollite
2109 1167 2161 1219 in

580 1259 752 1313 altum
799 1277 962 1315 cornu
1003 1271 1232 1314 vestrum
1279 1261 1545 1331 loquentes
1590 1262 1786 1313 cervice
1810 1258 2159 1329 iniquitatem.

582 1349 784 1406 Eadem
816 1368 944 1407 vero
977 1352 1094 1422 ipsa
1123 1363 1354 1423 possunt
1388 1353 1452 1406 ad
1478 1352 1644 1406 alium
1673 1351 1942 1414 ordinem,
1973 1367 2161 1407 eorum

582 1440 834 1497 videlicet
883 1444 974 1512 qui
1021 1459 1085 1497 ex
1140 1444 1561 1498 circumcisione
1616 1452 1765 1509 sunt,
1810 1443 2022 1504 referri.
2069 1443 2162 1513 qui

581 1544 774 1589 contra
805 1534 1149 1589 Servatorem
1183 1533 1503 1589 seditionem
1543 1543 1848 1600 moverunt,
1884 1542 1938 1589 et
1971 1534 2163 1588 adver-

581 1635 678 1676 sus
729 1636 852 1676 eum
905 1622 1621 1692 insurrexeruntzquorum
1657 1638 1827 1679 causa
1873 1623 2162 1694 liquefacta

580 1721 666 1768 est
696 1721 840 1768 terra
872 1730 1062 1769 eorum
1096 1723 1150 1770 et
1175 1729 1368 1770 omnes
1398 1716 1489 1784 qui
1527 1717 1846 1771 habitabant
1868 1717 1922 1770 in
1943 1717 2164 1772 ea.Caa-

579 1815 758 1861 terum
790 1808 1045 1862 omnibus
1078 1825 1296 1879 quoque
1325 1826 1422 1880 per
1446 1809 1634 1864 orbem
1661 1810 1915 1879 gentibus
1942 1818 2161 1881 aposto-

581 1899 756 1954 lorum
783 1901 1166 1970 praedicatione
1187 1903 1512 1958 testiﬁcatus
1533 1909 1639 1963 est,
1661 1910 1719 1956 ut
1743 1919 1812 1958 ne
1833 1902 2017 1972 inique
2037 1918 2162 1973 age-

583 2000 724 2056 rent,
743 2000 796 2048 et
821 1995 1202 2063 peccatoribus
1225 2003 1284 2048 ut
1313 2011 1381 2050 ne
1406 1995 1610 2065 peccati
1641 2010 1811 2049 cornu
1836 1995 2158 2057 exaltarent,

582 2100 759 2154 neque
805 2101 927 2141 sese
967 2086 1224 2141 etl'errcnt
1250 2094 1305 2140 et
1350 2095 1674 2157 arroganter
1721 2097 1960 2155 agerent,
1986 2099 2164 2154 neque

580 2177 938 2246 loquerentur
971 2179 1233 2234 adversus
1260 2178 1428 2234 Deum
1455 2179 1829 2250 iniquitatem:
1861 2179 2004 2251 quod
2031 2194 2164 2235 sane

585 2277 714 2324 ante
759 2270 993 2340 agebant
1024 2285 1147 2324 cum
1178 2271 1558 2340 multiplicium
1591 2270 1817 2326 deorum
1841 2271 2014 2325 errori
2041 2271 2162 2324 ani-

582 2373 730 2414 mum
767 2361 1108 2423 adhiberent,
1139 2371 1193 2416 ct
1221 2361 1388 2416 Deum
1415 2364 1794 2419 universorum
1824 2363 2158 2433 ignorarent.

651 2449 818 2508 Vsus.
855 2454 969 2507 7-9.
1016 2454 1156 2519 Quia
1187 2470 1348 2523 neque
1389 2455 1452 2507 ab
1491 2456 1707 2518 oriente,
1749 2470 1906 2525 neque
1931 2454 1995 2506 ab
2024 2454 2162 2508 occi-

579 2543 750 2609 dente,
776 2564 934 2617 neque
969 2565 999 2600 a
1032 2547 1250 2600 desertis
1287 2549 1572 2609 montibus,
1603 2549 1852 2618 quoniam
1897 2545 2038 2601 Deus
2064 2545 2161 2616 ju-

578 2637 680 2688 dex
725 2646 821 2690 est.
854 2637 915 2691 Et
959 2639 1075 2693 haec
1114 2653 1355 2708 quoque,
1405 2640 1504 2702 ait,
1544 2656 1640 2709 per
1689 2640 1964 2709 apostolos
2013 2653 2161 2692 meos

581 2729 834 2785 omnibus
862 2730 1177 2785 hominibus
1207 2729 1535 2786 testificatus
1579 2743 1723 2794 sum,
1755 2741 1811 2784 ut
1841 2729 2032 2799 judicii
2068 2728 2161 2784 Dei

581 2820 1023 2885 recordarcntur,
1052 2832 1104 2876 et
1145 2823 1326 2876 omnis
1354 2822 1665 2893 iniquitatis
1699 2823 1858 2878 linem
1895 2822 2158 2886 facerent,

581 2911 828 2978 persuasi
871 2912 1246 2968 universorum
1274 2911 1517 2982 judicem
1561 2929 1668 2968 non
1700 2914 1888 2982 procul
1924 2913 2116 2970 abesse
2141 2954 2156 2980 ,

580 3003 674 3057 sed
729 3005 913 3058 omnia
971 3005 1218 3075 implere,
1264 3014 1319 3060 et
1374 3006 1579 3078 ubique
1642 3014 1963 3076 praesentem
2013 3022 2156 3062 esse.

581 3096 762 3162 Quare
795 3098 1053 3152 convenit
1099 3113 1199 3153 nos
1248 3100 1406 3171 quasi
1452 3098 1507 3152 in
1553 3099 1728 3153 oculis
1768 3098 1887 3169 ejus
1914 3099 2160 3156 viventes
2187 3121 2228 3177 ε

585 3189 770 3243 animo
801 3191 867 3243 ad
899 3206 1023 3244 eum
1069 3206 1338 3246 converso
1383 3193 1598 3262 degere.
1635 3190 1820 3262 Neque
1859 3191 2003 3246 enim
2031 3206 2158 3261 pro-

581 3280 672 3333 cul
705 3281 878 3340 abest.
909 3282 980 3335 ita
1014 3291 1073 3335 ut
1106 3283 1434 3338 arbitremur
1461 3300 1584 3339 eum
1613 3285 1769 3354 longe
1801 3299 1830 3338 a
1861 3284 2020 3340 nobis
2060 3285 2158 3338 ba-

585 3371 779 3434 bitare,
823 3372 936 3426 sive
979 3373 1036 3426 in
1087 3374 1318 3434 oriente,
1354 3374 1470 3428 sive
1532 3375 1587 3428 in
1616 3375 1919 3439 occidente,
1963 3376 2076 3430 sive
2102 3377 2157 3430 in

582 3462 817 3517 desertis
845 3472 896 3516 et
931 3465 1226 3520 montibus.
1261 3465 1394 3518 Nam
1437 3466 1647 3521 medius
1679 3476 1732 3520 et
1764 3483 2007 3537 pra‘sens
2036 3468 2158 3521 uni-

583 3556 780 3621 versis,
810 3556 974 3623 ⁸ἱιιιὶριι
1006 3558 1249 3612 omnium
1280 3567 1384 3614 est.
1415 3559 1612 3614 Judieii
1649 3569 1827 3615 autem
1869 3559 2014 3614 illius
2043 3560 2159 3614 olli-

582 3647 731 3700 cium
782 3656 885 3710 est,
918 3659 975 3702 ut
1020 3638 1314 3719 unicuique
1363 3665 1461 3721 pro
1509 3650 1706 3706 merito
1750 3652 1974 3714 tribuat,
2010 3652 2156 3706 hunc

581 3738 829 3793 lmmiliet
858 3749 909 3794 et
945 3741 1091 3794 hunc
1116 3742 1349 3809 exaltct;
1383 3743 1652 3812 superbos
1682 3743 1898 3813 quidem
1924 3743 2156 3814 illosque

581 3827 674 3897 qui
699 3843 870 3882 cornu
902 3844 1060 3884 suum
1091 3829 1144 3884 in
1174 3832 1340 3885 altum
1365 3824 1634 3886 entollunt
1664 3833 1944 3898 humiliet,
1979 3836 2156 3890 humi-

583 3920 661 3974 les
690 3935 820 3974 vero
848 3922 1069 3986 exaltet,
1103 3923 1404 3977 secundum
1439 3925 1568 3978 illud
1603 3944 1615 3980 :
1648 3924 1786 3979 Deus
1813 3927 2047 3994 superbis
2076 3944 2156 3980 re-

580 4012 744 4076 sistit,
773 4013 1058 4068 humilibus
1103 4025 1277 4068 autem
1312 4015 1404 4069 dat
1438 4018 1665 4086 gratiam
1685 4019 1750 4071 ⁸ο.
1788 4018 2152 4084 Quamobrem

554 4103 657 4160 ait
691 4122 703 4157 :
738 4103 877 4170 Quia
913 4122 1074 4175 neque
1103 4107 1166 4158 ab
1196 4109 1418 4170 oriente.
1452 4126 1611 4178 neque
1646 4111 1708 4163 ab
1748 4112 2028 4174 occidente,
2061 4126 2153 4164 ne-

580 4192 679 4261 que
731 4211 762 4248 a
811 4195 1030 4250 desertis
1085 4200 1390 4262 montibus;
1436 4217 1534 4270 pro
1561 4201 1760 4270 quibus
1795 4200 2153 4272 Symmachus

583 4283 664 4338 sic
693 4283 1082 4355 interpretatus
1112 4297 1195 4342 est
1229 4307 1244 4344 :
1278 4288 1400 4343 Non
1432 4291 1567 4344 enim
1604 4290 1666 4343 ab
1699 4292 1913 4357 oriente,
1949 4307 2052 4345 non
2087 4289 2151 4343 ab

583 4378 867 4441 occidente.
903 4396 1062 4450 neque
1094 4398 1125 4432 a
1157 4379 1363 4434 deserto
1390 4382 1646 4434 montium
1673 4396 1692 4433 :
1721 4382 1810 4434 sed
1822 4381 1969 4435 Deus
1984 4381 2152 4451 judea:

2264 524 2387 590 τοῖς
2429 525 2855 594 ἁμαρτάνουσι,
2897 527 2993 594 Μὴ
3043 528 3270 596 ὑψοῦτε
3313 529 3494 598 κέρας.
3529 535 3642 600 Τοὺς
3674 543 3745 610 μὲν

2263 615 2488 678 στύλους
2531 617 2629 686 τῆς
2673 618 2839 685 ἁγίας
2884 619 2978 671 καὶ
3015 618 3304 689 καθολικῆς
3339 623 3622 694 Ἐκκλησίας
3649 630 3745 697 ἐγὼ,

2263 706 2426 776 φησὶν
2460 706 2489 758 ὁ
2508 705 2660 771 Θεὸς,
2698 707 3006 778 ὲστερέωσα
3027 725 3039 737 ·
3064 709 3146 762 ὅτι
3168 710 3244 779 (1)
3261 711 3586 783 ἐκλεξάμενος
3599 719 3747 783 αὐτοὺς

2261 799 2327 850 ὲκ
2355 797 2455 867 τῆς
2488 797 2845 869 ἀποδοθείσης
2877 799 2981 868 γῆς
3005 801 3264 872 τακείσης
3308 804 3437 873 μετὰ
3470 805 3564 859 τῶν
3594 812 3750 864 οἰκούν-

2261 907 2368 942 των
2403 890 2572 962 αὑτήν
2595 907 2606 919 ·
2639 893 2750 966 τοῖς
2793 891 2852 944 δὲ
2884 890 3089 954 λοιποῖς
3129 891 3551 966 διεμαρτυράμην
3575 898 3750 954 διαστει-

2261 980 2493 1052 λάμενος
2525 982 2619 1035 καὶ
2645 965 2988 1054 παραινέσας
3019 980 3091 1052 μὴ
3111 965 3607 1054 παρανομεῖνςιζατὰ
3622 989 3666 1042 δὲ
3687 992 3750 1045 τὸν

2262 1072 2596 1144 Σύμμαχον·
2641 1075 2831 1137 Elusa,
2881 1077 3035 1145 φησὶ,
3088 1075 3212 1140 τοῖς
3260 1076 3646 1143 στασιάζουσι,
3681 1083 3749 1147 Μὴ

2261 1163 2609 1224 στασιάζετε
2628 1179 2643 1194 ο
2699 1164 2799 1216 καὶ
2845 1163 2972 1230 τοῖς
3009 1167 3396 1233 παρανόμοις,
3431 1165 3518 1234 Μὴ
3546 1169 3750 1238 excipere

2263 1252 2459 1321 κέρας.
2523 1253 2618 1323 Μὴ
2653 1254 2925 1322 ἐπαίρετε
2973 1258 3060 1322 εἰς
3117 1257 3275 1325 ὕψος
3318 1257 3382 1311 τὸ
3431 1259 3586 1327 κέρας
3629 1259 3750 1328 ὑμῶν

2259 1343 2594 1410 λαλοῦντες
2646 1344 2924 1414 τραχήλῳ
2967 1347 3241 1417 ἀνομίαν.
3285 1348 3505 1401 Δύναται
3545 1348 3594 1401 δὲ
3626 1348 3750 1401 ταῦτα

2263 1436 2398 1507 πρὸς
2419 1435 2480 1488 τὸ
2504 1436 2689 1507 ἕτερον
2717 1438 2903 1508 τάγμα
2931 1439 2993 1491 τὸ
3016 1441 3078 1493 ἐκ
3105 1441 3400 1512 περιτομῆς
3421 1440 3656 1508 λέγεσθαι,
3675 1441 3750 1492 τῶν

2263 1529 2816 1582 καταστασιασάντων
2849 1529 2942 1582 τοῦ
2981 1531 3229 1602 Σωτῆρος
3265 1533 3357 1584 καὶ
3383 1530 3751 1602 κατεπαρθὲντωι

2263 1618 2459 1672 αὑτοῦ·
2510 1620 2575 1672 δι’
2621 1620 2716 1684 οὒς
2771 1620 2938 1691 ἐτάκη
2970 1621 3148 1674 αὐτῶν
3192 1624 3226 1692 ἡ
3287 1625 3356 1693 γῆ
3401 1622 3489 1674 καὶ
3529 1623 3688 1686 πάντες
3717 1624 3750 1674 oi

2264 1716 2642 1779 κατοικοῦντες
2694 1717 2883 1789 αὐτὴν.
2927 1717 3074 1788 Πλὴν
3125 1718 3359 1780 καὶτοῖς
3401 1717 3514 1769 καθ’
3551 1717 3654 1786 ὅλης
3683 1719 3752 1788 τῆς

2262 1807 2586 1879 οἰκουμένης
2620 1807 2796 1862 ἔθνεσι
2823 1808 2912 1862 διὰ
2936 1809 3030 1862 τοῦ
3058 1807 3170 1862 τῶν
3196 1807 3497 1862 ἀποστόλων
3533 1809 3752 1879 κηρύγμα-

2262 1916 2353 1962 τος
2402 1899 2747 1970 ἐμαρτύρατο
2779 1899 2852 1969 μὴ
2900 1901 3260 1970 παρανομεῖν,
3312 1899 3402 1950 καὶ
3439 1902 3539 1961 τοῖς
3563 1900 3750 1968 ἁμαρτά-

2263 2007 2411 2044 νουσι
2447 1990 2520 2061 μὴ
2561 1989 2730 2060 ὑψοῦν
2755 1989 2814 2044 τὸ
2839 1991 2940 2061 τῆς
2983 1990 3260 2062 ἁμαρτίας
3289 1989 3470 2060 κέρας,
3499 1990 3614 2060 μηδὲ
3642 1993 3752 2043 ἔπαξ-

2265 2081 2452 2154 ρεσθαι
2489 2082 2583 2134 καὶ
2629 2081 3132 2153 καταθρασύνεσθαι
3155 2122 3170 2145 ,
3207 2081 3341 2152 μηδὲ
3385 2081 3547 2135 λαλεῖν
3593 2083 3752 2136 ἀδικίαν

2263 2173 2403 2227 κατά
2440 2173 2534 2226 τοῦ
2575 2173 2709 2226 Θεοῦ
2729 2191 2741 2203 ·
2785 2174 2920 2246 ὅπερ
2973 2174 3236 2244 πρότερον
3290 2172 3537 2244 ἔπραττον
3569 2175 3752 2243 πολυθίῳ

2262 2265 2619 2336 προσέχοντες
2675 2266 2848 2337 πλάνη
2875 2307 2890 2332 ,
2940 2266 3035 2319 καὶ
3084 2265 3176 2318 τὸν
3224 2265 3337 2318 τῶν
3379 2265 3508 2320 ὅλων
3552 2266 3659 2320 Θεὸν
3701 2270 3751 2337 μὴ

2261 2356 2480 2420 εἰδότες.

2335 2449 2454 2502 Ὅτι
2485 2449 2623 2502 οὕτε
2650 2450 2765 2502 ἀπὸ
2791 2450 3039 2516 ἐξόδων,
3072 2452 3210 2506 οὔτε
3239 2453 3358 2508 ά.τό
3398 2452 3633 2523 δυσμῶν,
3656 2451 3753 2504 οὔτε

2261 2538 2378 2593 ἀπὸ
2421 2538 2657 2608 ἐρήμων
2691 2539 2893 2608 ὀρέων,
2921 2541 3011 2594 ὅτι
3050 2545 3084 2596 ὁ
3116 2543 3262 2610 Θεὸς
3303 2544 3499 2612 κριτής
3531 2544 3654 2596 ἐστι.
3677 2542 3754 2595 Καὶ

2259 2628 2451 2694 ταῦτα,
2470 2629 2624 2701 φησὶ,
2646 2631 3093 2704 διεμαρτυράμην
3117 2633 3205 2688 διὰ
3225 2635 3335 2689 τῶν
3353 2637 3493 2706 ἐμῶν
3514 2634 3755 2687 ἀποστόλων

2260 2722 2464 2779 ἅπασιν
2515 2726 2860 2798 ἀνθρώποις,
2911 2726 3270 2798 μνημονεύειν
3321 2727 3419 2798 τῆς
3454 2728 3652 2800 κρίσεως
3690 2721 3754 2776 τοῦ

2260 2815 2434 2883 Θεοῦ,
2487 2819 2582 2871 καὶ
2624 2818 2936 2873 παύσασθαι
2984 2820 3168 2892 πάσης
3217 2821 3578 2891 παρανομίας,
3619 2833 3754 2870 πεπει-

2262 2909 2493 2979 σμένους
2537 2913 2618 2964 ὅτι
2669 2912 2728 2964 ού
2779 2909 2967 2983 πόρρω
3007 2929 3109 2965 που
3154 2912 3462 2985 ἀφέστηκεν
3501 2910 3754 2967 ὁτῶνὸλων

2262 3003 2454 3072 κριτής
2473 3019 2486 3032 ·
2519 3004 2695 3057 πάντα
2722 3003 2779 3056 δὲ
2805 3004 3001 3075 πληροῖ
3020 3004 3115 3058 καὶ
3155 3006 3429 3077 πανταχοῦ
3457 3006 3667 3078 πάρεστι.
3692 3000 3754 3054 Διδ

2263 3096 2529 3165 προσήκει
2549 3094 2625 3158 ὡς
2652 3097 2710 3148 ὲν
2733 3095 3031 3166 ὀφθαλμοῖς
3053 3097 3216 3150 αὐτοῦ
3260 3099 3465 3163 ζῶντας
3489 3092 3753 3167 ἐπιστρεφῶς

2265 3184 2660 3239 πολιτεύεσθαι.
2684 3187 2759 3240 Οὐ
2781 3187 2891 3259 γὰρ
2914 3188 3128 3260 μακρὰν
3161 3189 3486 3261 ἀφέστηκεν,
3509 3188 3575 3251 ὡς
3597 3185 3754 3256 νομίσαι

2265 3276 2454 3346 πόρῤω
2488 3293 2590 3329 που
2625 3277 2935 3348 ἀπῳκίσθαι
2973 3277 3167 3344 αὑτὸν,
3215 3279 3250 3351 ἢ
3304 3281 3435 3352 πρὸς
3467 3279 3632 3340 αὑταῖς
3667 3276 3755 3328 ἀνα-

2261 3367 2459 3430 τολαῖς,
2485 3367 2518 3439 ἢ
2545 3369 2686 3423 κατὰ
2719 3368 2790 3422 τὰ
2819 3369 3080 3440 δυσμιαῖα
3110 3371 3277 3443 μέρη,
3315 3373 3348 3443 ἡ
3381 3389 3476 3424 που
3505 3373 3554 3423 ἐν
3568 3368 3755 3440 ἐρημίαις

2265 3461 2358 3514 καὶ
2383 3461 2556 3531 ὄρεσι.
2600 3463 2778 3526 Μέσος
2804 3461 2912 3534 γάρ
2950 3465 3235 3535 ὲπιπαρὼν
3267 3468 3378 3529 τοῖς
3429 3466 3550 3517 πᾶσι
3571 3501 3585 3526 ,
3619 3460 3754 3531 κριτὴς

2260 3553 2370 3606 τῶν
2395 3554 2532 3608 ὅλων
2565 3555 2699 3608 ἐστί.
2737 3557 2938 3627 Ἔργον
2964 3574 3024 3610 τε
3055 3557 3218 3610 αὐτοῦ
3241 3557 3345 3628 τῆς
3373 3558 3585 3627 κρίσεως
3610 3550 3754 3607 τὸκατ’

2261 3645 2418 3710 ἀξίαν
2444 3647 2736 3716 ἀπονέμειν
2776 3647 3008 3718 ἑκάστῳ,
3045 3648 3139 3700 καὶ
3176 3647 3364 3702 τοῦτον
3406 3648 3498 3718 μὲν
3520 3639 3754 3700 ταπεινοῦν.

2259 3738 2448 3792 τοῦτον
2495 3739 2552 3791 δὲ
2581 3737 2782 3808 ὑψοῦν·
2825 3738 3112 3793 ταπεινοῦν
3159 3740 3258 3810 μὲν
3285 3741 3412 3803 τοὺς
3455 3735 3754 3808 ὑπερηφάνους

2261 3834 2356 3887 καὶ
2407 3835 2532 3898 τοὺς
2587 3835 2912 3906 ἐπαίροντας
2965 3836 3044 3898 είς
3105 3833 3238 3904 ὕψος
3287 3835 3348 3888 τὸ
3394 3834 3550 3905 κέρας
3600 3825 3752 3883 αὐτῶν*

2260 3925 2430 3995 ὑψοῦν
2467 3927 2526 3981 δὲ
2560 3928 2686 3990 τοὺς
2715 3927 3030 3992 ταπεινοὺς,
3059 3928 3204 3982 κατὰ
3230 3927 3294 3981 τό
3313 3944 3328 3957 ⁸
3371 3929 3432 3981 '0
3461 3926 3584 3990 Θεὸς
3625 3925 3753 3985 ὑπερ·

2259 4017 2514 4085 ηράνοις
2553 4016 3009 4082 ἀντιτάσσεται,
3057 4018 3360 4086 ταπεινοῖς
3389 4017 3456 4071 δὲ
3491 4015 3662 4069 δίδωσι
3678 4007 3753 4079 χά-

2252 4126 2374 4177 ριν.
2420 4110 2512 4162 Διό
2561 4125 2756 4180 φησιν·
2792 4111 2910 4163 Ὅτι
2956 4111 3094 4164 οὔτε
3150 4111 3270 4165 ἀπὸ
3303 4109 3519 4176 ἐξόδων
3565 4104 3644 4158 καὶ
3672 4096 3754 4154 ἀπὸ

2259 4198 2572 4254 ἀνατολῶν
2587 4199 2788 4264 ἡλίου,
2806 4199 2946 4252 οὔτε
2967 4199 3087 4252 ἀπὸ
3112 4199 3381 4270 δυσμῶν,
3404 4199 3531 4252 οὔτε
3546 4191 3644 4248 ἀπὸ
3656 4187 3753 4256 φή·

2253 4309 2385 4360 μων
2430 4293 2640 4359 ἀρέων·
2667 4293 2783 4345 ἀνθ’
2807 4285 2882 4344 ὧν
2910 4295 2940 4345 ὁ
2979 4294 3273 4364 Σύμμαχος
3300 4291 3484 4345 τοῦτον
3511 4286 3753 4358 ἡρμήνευσε

2256 4383 2349 4436 τὸν
2372 4385 2600 4454 τρόπον·
2642 4388 2724 4439 Οὐ
2763 4387 2872 4455 γὰρ
2909 4386 3027 4440 ἀπὸ
3057 4384 3379 4453 ἀνατολῆς,
3408 4381 3540 4437 οὐδὲ
3567 4379 3661 4432 ἀπὸ
3687 4373 3756 4424 δύο

582 4468 720 4521 Imnc
747 4469 954 4538 quidem
985 4470 1251 4538 humiliat,
1285 4471 1419 4525 hunc
1451 4481 1626 4525 autem
1659 4473 1882 4527 exultat.
1931 4473 1994 4526 Et
2047 4474 2154 4530 hoc

2257 4489 2432 4539 σεως.
2467 4473 2608 4528 οὐδὲ
2636 4475 2756 4530 ἀπὸ
2796 4475 3018 4544 ἐρήμου
3048 4475 3258 4542 ὀρέων·
3294 4474 3430 4528 ἀλλ’
3465 4474 3496 4525 ὀ
3527 4466 3646 4531 Θεὸς
3674 4477 3756 4527 κριο

581 4576 734 4627 sane,
770 4563 966 4632 inquit,
1003 4565 1374 4618 necessarium
1419 4571 1504 4618 est
1549 4579 1738 4618 omnes
1781 4563 2029 4619 homines
2057 4578 2152 4617 co-

580 4669 862 4721 gnoscere,
923 4655 1063 4721 Quia
1112 4654 1256 4708 ralia:
1300 4656 1354 4708 in
1399 4672 1562 4708 manu
1617 4655 1832 4708 Domini
1873 4656 1978 4709 vini
2021 4653 2152 4706 mcri

579 4745 761 4811 plenus
792 4745 968 4799 misto.
993 4744 1062 4799 Et
1095 4745 1365 4799 inclinavit
1410 4762 1476 4799 ea:
1522 4745 1617 4798 hoc
1643 4747 1697 4800 in
1731 4746 1860 4808 hoc;
1891 4754 2152 4799 verumta-

580 4852 697 4888 men
726 4837 833 4904 {rex
858 4838 971 4906 ejus
999 4854 1101 4891 non
1127 4848 1205 4892 est
1226 4839 1522 4904 exinanita,
1556 4837 1726 4891 bibent
1761 4854 1936 4891 omnes
1969 4851 2154 4905 pecca-

585 4939 722 4981 tores
767 4939 940 4982 terrte.
994 4929 1302 4983 Secundum
1355 4929 1740 4999 Symmachum
1790 4943 1919 4983 vero
1953 4948 1965 4982 :
1996 4927 2154 4982 Calix

580 5019 720 5070 enim
753 5018 808 5071 in
837 5035 998 5072 manu
1031 5019 1262 5084 Domini,
1295 5032 1345 5074 et
1377 5022 1552 5074 vinum
1589 5034 1786 5071 merum
1838 5017 2042 5086 replens
2075 5017 2154 5085 ef-

582 5110 781 5180 fusum,
809 5112 886 5164 ita
930 5121 989 5164 ut
1039 5114 1255 5166 trahant
1302 5113 1366 5166 ab
1415 5113 1545 5177 ipso.
1586 5109 1953 5163 Verumtamen
2001 5107 2153 5177 {trees

579 5203 696 5274 ejus
720 5203 966 5273 guttatim
993 5205 1284 5271 expriment
1313 5203 1537 5256 bibentes
1562 5201 1786 5267 improbi
1827 5210 2000 5253 terrw.
2030 5197 2154 5252 Haec

578 5299 732 5360 item,
766 5296 864 5360 ait,
893 5312 1085 5352 omnes
1116 5295 1364 5351 homines
1403 5293 1587 5354 docui,
1620 5309 1689 5347 ne
1738 5300 1990 5362 ignorent
2022 5291 2156 5342 cali-

577 5403 698 5440 rem
746 5387 897 5440 illum
945 5401 1137 5441 omnes
1187 5398 1424 5446 manere,
1453 5397 1612 5452 quem
1664 5382 1862 5450 cuique
1892 5387 2155 5448 temperat

575 5493 628 5532 et
665 5457 1003 5533 [commiscet
1062 5479 1442 5533 universorum
1485 5473 1674 5542 iudex.
1709 5471 1822 5526 Hoc
1869 5486 2032 5540 porro
2072 5472 2150 5524 in-

579 5569 795 5637 telligas
840 5583 908 5623 ex
957 5570 1049 5632 iis,
1081 5583 1201 5638 qua:
1247 5567 1302 5620 in
1350 5565 1647 5635 prophetiis
1676 5563 1743 5619 de
1769 5564 1941 5619 calice
1970 5565 2156 5618 lerun-

649 5659 696 5690 “
733 5657 850 5712 Jac.
888 5675 960 5721 tv,
993 5661 1045 5712 6.

641 5753 718 5821 (1)
750 5751 834 5804 An
869 5749 1154 5821 legendum
1184 5751 1276 5804 ἆτε
1298 5751 1320 5802 ?
1348 5749 1504 5802 Εοιτ.

2260 4561 2369 4631 τὴς
2407 4562 2622 4617 τοῦτον
2656 4563 2774 4632 μὲν
2821 4563 3102 4628 ταπεινοῖ,
3143 4562 3360 4617 τοῦτον
3405 4559 3470 4612 δὲ
3505 4553 3645 4624 “£9907-
3681 4546 3758 4602 1W-

2256 4653 2414 4707 τοῦτο
2432 4654 2508 4719 δὲ,
2527 4655 3013 4725 φησὶν,ἀναγκαῖον
3035 4655 3230 4708 εἰδέναι
3262 4654 3462 4712 πάντας
3489 4642 3756 4717 ἀνθρώπως,

2259 4746 2381 4798 Ὅτι
2425 4744 2710 4813 ποτήριον
2757 4745 2828 4798 ἐν
2865 4744 3016 4814 χειρὶ
3061 4743 3284 4812 Κυρίου
3330 4743 3494 4795 οἴνου
3536 4731 3756 4801 ἀκράτων.

2255 4835 2484 4904 πλῆρες
2528 4835 2918 4905 κεράσματος.
2969 4835 3079 4888 Καὶ
3117 4835 3360 4888 ἔκλινεν
3399 4834 3465 4886 ἐκ
3501 4827 3680 4883 τούτου
3700 4818 3757 4878 εὶς

2254 4927 2461 4982 τοῦτο’
2492 4927 2660 4995 πλὴν
2703 4931 2738 4981 ὀ
2784 4927 3029 4996 τρυγίας
3059 4927 3244 4980 αὑτοῦ
3297 4927 3406 4979 οὐκ
3458 4911 3757 5008 ἐξεκενῳῗῖ

2254 5020 2492 5078 ,πίονται
2521 5018 2746 5085 πάντες
2791 5021 2846 5072 οἱ
2892 5017 3226 5087 ἁμαρτωλοὶ
3260 5015 3369 5084 τῆς
3411 5011 3533 5084 γῆςο
3565 5001 3689 5059 κατά

2253 5113 2347 5166 τὸν
2372 5112 2666 5183 Σύμμαχον
2685 5127 2701 5142 ·
2737 5085 3032 5178 Ποτήριον
3054 5109 3167 5179 γὰρ
3190 5109 3262 5162 ἐν
3286 5119 3430 5177 χειρι
3463 5100 3671 5168 Kvplov.
3689 5085 3754 5142 καί

2255 5201 2418 5269 οἵνος
2467 5202 2725 5270 ἄκρατος
2778 5199 3027 5269 πΜιρῶν
3064 5201 3385 5268 ἐκχυθεὶς,
3427 5195 3569 5248 ὥστε
3609 5187 3759 5240 ἕλκειν

2255 5297 2358 5350 ἀπ’
2393 5295 2600 5349 αὑτοῦ.
2631 5293 2805 5362 Πλὴν
2841 5295 2948 5359 τὰς
2979 5293 3224 5360 τρυγίας
3250 5288 3436 5345 αὑτοῦ
3478 5272 3758 5348 ἐκστρατῇ

2255 5403 2439 5442 σουσι
2474 5388 2755 5453 πίνοντες
2793 5389 2849 5439 οἱ
2908 5385 3129 5454 φαῦλοι
3161 5382 3270 5451 τῆς
3306 5381 3435 5452 γῆς.
3469 5377 3566 5432 Καὶ
3610 5371 3757 5425 ταῦτα.

2255 5478 2445 5548 φησὶν,
2469 5477 2686 5544 ἐδίδαξα
2709 5478 2916 5540 πάντας
2945 5473 3284 5548 ἀνθρώπους,
3304 5474 3378 5535 ὡς
3399 5471 3461 5525 ἂν
3489 5470 3556 5540 μὴ
3579 5459 3756 5532 ἀγνοεῖν.

2255 5569 2336 5622 ὅτι
2373 5569 2657 5641 περιμένει
2676 5571 2801 5633 τοὺς
2825 5569 3030 5633 πάντας
3055 5567 3118 5618 τὸ
3145 5566 3417 5636 ποτήριον,
3448 5563 3573 5629 ὅπερ
3593 5553 3700 5608 ita“
3715 5564 3758 5612 ἴῳ
