4004 6524
241 378 341 434 8T5

1357 370 1858 428 COMMENTARIA
1900 371 1969 426 IN
2009 369 2328 426 PSALMOS

3370 372 3474 429 874

240 494 485 566 κίρνησιν
511 493 539 546 ὁ
579 490 684 545 τῶν
705 491 841 545 ὅλων
873 489 1082 561 κριτής.
1134 487 1366 559 Νοήσεις
1414 488 1470 540 δὲ
1498 486 1655 540 τοῦτο
1695 487 1799 540 ἀπὸ

1905 492 2024 551 tur;
2079 486 2133 538 in
2176 483 2409 540 Jeremia
2444 484 2643 554 quippe
2688 482 2953 552 scriptum
2999 490 3083 538 est
3111 501 3137 566 Δε
3178 482 3331 539 Dixit
3366 485 3476 539 Do-

236 584 340 637 τῶν
372 584 428 636 ὲν
454 584 574 645 ταῖς
596 581 954 653 προφητείαις
982 580 1317 650 λελεγμένων
1343 581 1471 650 περὶ
1512 579 1769 650 ποτηρίου
1788 595 1801 607 ·

236 675 540 745 γέγραπται
581 672 712 740 γοῦν
740 675 798 726 ἑν
832 670 1070 743 Ἱερεμίᾳ
1098 672 1299 733 οὕτως’
1337 667 1482 723 Eine
1520 672 1732 738 Κύριος
1774 673 1807 725 ὁ

237 765 378 830 Θεὸς
441 763 680 831 Ἰσραὴλ
728 762 877 830 πρὸς
923 760 1022 831 μέ·
1078 760 1233 815 Λάϐε
1269 762 1335 815 τὸ
1380 760 1664 828 ποτήριον
1700 762 1807 815 τοῦ

232 854 399 909 οἴνου
427 853 533 907 τοῦ
556 853 816 922 ἀκράτου
842 853 911 906 ἐκ
931 854 1128 921 χειρός
1142 870 1282 922 μου,
1301 852 1395 905 καί
1420 850 1641 918 ποτιεῖς
1661 851 1805 905 αὐτὸ

232 944 426 999 πάντα
456 942 527 998 τὰ
555 944 721 1011 ἔθνη,
759 942 907 1010 πρὸς
934 942 973 996 ά
1001 942 1115 1013 ἐγὼ
1146 941 1531 1007 ἐξαποστελῶ
1562 960 1635 996 σε
1658 942 1807 1011 πρὸς

229 1035 469 1100 αὐτούς.
506 1033 615 1086 Kal
664 1036 903 1088 πίονται
938 1034 1037 1087 καὶ
1070 1033 1442 1103 ἐξεμοῦνται,
1488 1033 1586 1087 καὶ
1625 1035 1803 1102 ἐκμα-

224 1125 515 1192 νήσονται
557 1126 676 1179 ἀπὸ
718 1124 1041 1194 προσώπου
1081 1124 1191 1193 τῆς
1225 1125 1543 1194 μαχαίρας,
1578 1121 1654 1195 ἧς
1691 1126 1806 1195 ἐγὼ

224 1216 543 1272 ἀποστελῶ
572 1216 879 1285 ἁναμέσον
907 1214 1124 1271 αὐτῶν.
1153 1216 1263 1270 Καὶ
1288 1216 1510 1270 ἔλαϐον
1533 1214 1600 1269 τὸ
1625 1216 1804 1283 ποτή-

216 1325 353 1376 ριον
374 1309 442 1362 ἐκ
467 1309 660 1377 χειρὸς
682 1308 924 1374 Κυρίου,
951 1306 1048 1361 καί
1072 1307 1327 1363 ἐπότισα
1347 1308 1543 1360 πάντα
1568 1308 1639 1361 τὰ
1657 1308 1801 1377 ἔθνη

221 1398 372 1468 πρὸς
400 1398 438 1453 ἃ
460 1397 781 1453 ἀπέστειλέ
799 1416 876 1468 με
894 1400 1109 1468 Κύριος
1136 1398 1230 1452 ἐπ’
1254 1400 1427 1466 αὐτὰ,
1447 1400 1562 1469 τὴν
1594 1402 1725 1470 Ἰερε
1740 1420 1799 1455 J-

219 1489 431 1560 σαλὴμ
457 1491 555 1544 καὶ
579 1491 687 1558 τὰς
712 1491 920 1557 πόλεις
962 1490 1167 1554 Ἰούδα,
1194 1491 1292 1546 καὶ
1309 1492 1591 1558 βασιλεῖς
1614 1493 1801 1547 αὑτοῦ

219 1579 320 1633 καὶ
350 1580 645 1651 ἄρχοντας
675 1582 886 1645 αὐτοῦ,
918 1581 1022 1636 τοῦ
1054 1582 1239 1636 θεῖναι
1280 1584 1501 1649 αὐτοὺς
1538 1586 1627 1648 εὶς
1667 1583 1802 1653 ἐρή-

212 1686 431 1740 μωσιν,
470 1673 567 1727 καὶ
591 1675 682 1740 εις
712 1672 934 1728 ἄϐατον
971 1673 1071 1727 καὶ
1107 1676 1195 1739 εὶς
1222 1677 1534 1744 συριγμόν·
1569 1676 1665 1729 καὶ
1693 1675 1801 1729 τὸν

216 1763 428 1832 Φαραὼ
450 1764 715 1829 βασιλέα
740 1767 1037 1836 Αἰγύπτου
1064 1765 1161 1819 καὶ
1184 1765 1326 1831 τοὺς
1349 1767 1560 1834 παῖδας
1589 1769 1795 1831 αὑτοῦ,

211 1855 319 1909 καὶ
356 1857 498 1923 τοὺς
532 1833 899 1928 μεγιστᾶνας
942 1857 1149 1914 αὐτοῦ’
1198 1858 1292 1912 καὶ
1335 1857 1461 1929 ἑξῆς
1504 1877 1655 1930 φησι·
1692 1860 1801 1915 Καὶ
1832 1833 1872 1889 Β

211 1945 454 2014 πάντας
485 1948 628 2013 τοὺς
650 1950 933 2015 βασιλεῖς
962 1950 1074 2018 τῆς
1120 1948 1232 2019 τῆς
1270 1948 1388 2003 τῶν
1414 1952 1800 2021 ἀλλοφύλων,

209 2037 336 2105 τὴν
378 2039 740 2104 Ἀσκάλωνα,
781 2040 881 2095 καὶ
916 2044 1030 2108 τὴν
1066 2040 1281 2103 Γάζαν,
1316 2042 1414 2095 καί
1451 2041 1565 2110 τὴν
1605 2043 1804 2097 Ἀκκά-

198 2144 362 2198 ρων,
398 2130 493 2182 καὶ
529 2130 641 2198 τὴν
690 2131 1040 2202 Ἰδουμαίαν,
1086 2133 1183 2186 καὶ
1216 2132 1331 2200 τὴν
1357 2135 1671 2199 Μωαϐῖτιν,
1704 2135 1802 2189 καὶ

203 2220 363 2286 τοὺς
392 2223 561 2288 υιοὺς
598 2222 839 2293 Ἀμμὼν,
874 2224 973 2277 καὶ
1009 2224 1240 2290 πάντας
1267 2225 1552 2291 ,ϐασιλεῖς
1587 2226 1798 2297 Τύρου,

204 2309 452 2375 πάντας
474 2313 759 2379 βασιλεῖς
782 2313 1063 2379 Σιδῶνος,
1104 2314 1203 2367 ναὶ
1252 2315 1483 2380 πάντας
1516 2318 1800 2382 βασιλεῖς

202 2399 415 2466 νήσου
453 2402 596 2466 τοὺς
629 2403 699 2455 ἐν
730 2403 809 2468 τῷ
838 2402 1027 2472 πέραν
1070 2404 1182 2473 τῆς
1220 2404 1556 2473 θαλάσσης.
1598 2406 1732 2459 Μεθ’
1763 2408 1798 2459 ἃ

202 2492 461 2561 ἐπιλέγει
501 2491 694 2557 οὕτως*
728 2495 878 2548 Εἷπε
902 2497 1119 2565 Κύριος
1152 2495 1572 2564 παντοκράτωρ
1593 2498 1626 2549 ὁ
1656 2495 1799 2561 Θεὸς

216 2584 484 2653 Ἰσραήλ·
512 2585 685 2639 Hisce
709 2586 807 2639 καὶ
828 2589 1190 2657 μεθύσθητε,
1220 2588 1317 2642 καὶ
1341 2588 1676 2656 ἐξεμέσετε,
1699 2590 1795 2641 καὶ

204 2677 475 2742 πεσεῖτε,
509 2679 608 2732 καὶ
641 2681 712 2733 οὺ
737 2678 824 2748 μὴ
862 2680 1166 2750 άναστῆτε
1192 2682 1308 2736 ἀπὸ
1336 2681 1657 2750 προσώπου
1692 2682 1798 2749 τῆς

201 2769 531 2839 μαχαίρας,
552 2764 627 2839 ἧς
651 2770 765 2839 ἐγὼ
786 2769 1104 2825 ἀποστελῶ
1136 2771 1443 2842 άναμέσον
1476 2771 1660 2841 ὑμῶν.
1687 2772 1797 2824 Kal

202 2860 389 2912 ἔσται
430 2859 575 2913 ὅταν
598 2860 684 2928 μὴ
714 2861 1057 2925 ,ϐούλωνται
1082 2861 1369 2928 δέξασθαι
1412 2862 1473 2916 τὸ
1513 2862 1801 2932 ποτήριον

203 2947 280 3000 ἐκ
313 2946 422 3016 τῆς
446 2950 645 3017 χειρός
673 2964 813 3015 σου,
842 2948 997 3005 ὥστε
1025 2951 1205 3015 πιεῖν,
1231 2951 1327 3007 καὶ
1350 2951 1506 3021 ἐρεῖς
1532 2952 1680 3020 πρὸς
1703 2954 1801 3005 αὺ-

204 3039 380 3103 τούς.
415 3040 611 3105 Οὕτως
634 3036 765 3095 εἶπε
794 3043 1010 3111 Κύριος
1047 3040 1166 3096 τῶν
1189 3044 1515 3113 δυνάμεων·
1553 3045 1800 3110 Πιόντες

204 3130 447 3183 πίεσθε.
497 3132 574 3183 Δι’
607 3124 682 3183 ὧν
728 3130 967 3185 διδάσκει
1015 3133 1045 3184 ό
1075 3132 1231 3201 λόγος
1254 3133 1408 3203 δίκην
1457 3133 1639 3205 ἰατροῦ
1684 3136 1796 3197 τοῖς
1823 3174 1867 3232 c

202 3220 493 3291 δεομένοις
542 3223 745 3292 πικρᾶς
792 3223 1066 3276 ἁντιδότου
1115 3224 1207 3278 τὸν
1258 3222 1392 3277 Θεὸν
1431 3225 1654 3294 ἐπάγειν
1696 3226 1795 3289 τὰς

205 3310 489 3376 κολάσεις,
540 3312 617 3377 ὡς
664 3313 729 3366 ἂν
776 3313 1054 3384 ἑμέσαιεν,
1108 3314 1201 3368 καὶ
1250 3313 1646 3369 ἁποκενώσειεν
1698 3316 1796 3389 τὴν

205 3405 593 3459 πλεονάσασαν
620 3406 679 3459 ἑν
709 3406 891 3469 αὐτοῖς
923 3405 1144 3459 κακίαψ
1178 3407 1271 3461 καὶ
1298 3404 1521 3478 πρώτην
1542 3423 1604 3476 γε
1626 3407 1795 3478 αὐτὴν

204 3499 314 3570 τὴν
358 3497 713 3568 Ἰερουσαλὴμ
738 3497 831 3551 τοῦ
864 3498 1144 3569 λεχθέντος
1177 3498 1340 3552 ποτοῦ
1378 3500 1647 3553 πιεῖσθαι⁸
1676 3496 1795 3553 εἶτα

204 3588 268 3644 δὲ
312 3589 382 3643 τὰ
422 3590 584 3643 λοιπὰ
618 3590 766 3661 ἔθνη,
799 3590 874 3655 ὡς
899 3590 993 3643 καὶ
1026 3590 1242 3644 πάντων
1267 3591 1364 3661 τῆς
1391 3590 1583 3661 ὁμοίας
1612 3590 1797 3657 τευξο-

209 3680 399 3755 μένων
443 3681 761 3753 καθάρσεως
807 3682 894 3735 διὰ
943 3682 1051 3735 τῶν
1105 3681 1562 3752 ἑπαχθησομένων
1613 3683 1794 3744 αὐτοῖς

202 3770 518 3845 τιμωριῶν.
561 3773 671 3825 Καὶ
714 3771 774 3826 τὸ
812 3772 983 3843 παρὸν
1016 3767 1109 3825 οὖν
1144 3771 1319 3840 λόγιον
1355 3771 1704 3843 καταλλήλως
1727 3774 1793 3843 τῇ

204 3863 530 3936 προφητικῇ
581 3860 898 3931 διδασκαλίᾳ
946 3862 1205 3934 ποτήριον
1253 3855 1392 3913 εἶναι
1444 3859 1683 3913 διδάσκει
1738 3862 1795 3913 ἐν

204 3954 363 4027 χειρὶ
386 3954 613 4026 Κυρίου,
638 3954 695 4005 ἑν
718 3945 763 4019 ᾧ
782 3952 907 4017 τοὺς
929 3952 1158 4006 ἑκάστου
1182 3951 1427 4021 καρποὺς
1452 3949 1791 4020 συναγαγὼν,

205 4046 406 4119 ὥσπερ
442 4047 680 4119 ἄκρατον
720 4041 861 4100 οἶνον
904 4043 1215 4119 ἐργάζεται.
1265 4039 1374 4097 Εἶτ’
1418 4042 1692 4097 ἐπιδίδωσι
1736 4043 1795 4097 τὸ

204 4142 339 4196 κατ’
363 4137 520 4203 ἀξίαν
546 4138 696 4209 πόμα
720 4137 1000 4205 ἀναλόγως
1024 4138 1141 4199 ταῖς
1164 4136 1392 4191 ἑκάστου
1426 4134 1654 4206 πράξεσι
1682 4152 1798 4206 κιρ⁴

204 4232 325 4286 νῶν
374 4231 504 4293 αὐτὸ
542 4228 685 4284 κατὰ
720 4228 811 4282 τὸν
844 4227 938 4282 τοῦ
970 4228 1180 4282 δικαίου
1224 4227 1400 4296 λόγον.
1440 4226 1535 4299 Μὴ
1562 4226 1670 4299 γὰρ
1696 4229 1794 4293 τὰς

205 4322 426 4393 φαύλας
463 4322 689 4393 πράξεις
728 4321 894 4393 μόνας
944 4321 1199 4385 ἑκάστου,
1236 4318 1375 4373 ἀλλὰ
1407 4318 1627 4383 καὶτὰς
1654 4321 1793 4389 ἁγα-

206 4417 315 4479 θὰς
337 4412 668 4481 λογίζεσθαι,
694 4410 1035 4483 σταθμᾶσθαί
1062 4428 1121 4465 τε
1151 4410 1338 4481 ὥσπερ
1365 4410 1675 4482 συμμετρίᾳ
1701 4411 1795 4465 καὶ

1909 574 2085 627 minus
2126 572 2266 627 Deus
2308 571 2482 627 Israel
2513 573 2580 626 ad
2612 590 2693 628 me
2715 613 2731 638 ,
2765 573 2925 629 Sume
2953 564 3173 629 calicem
3202 576 3309 630 uini
3342 580 3475 631 meri

1909 665 1972 721 de
2016 681 2175 720 manu
2221 681 2359 730 mea,
2428 675 2476 719 et
2517 666 2723 734 potabis
2768 667 2883 735 ipso
2927 683 3105 721 omnes
3149 676 3362 738 gentes,
3406 669 3476 723 ad

1906 774 2038 827 quas
2065 773 2158 827 ego
2190 758 2395 809 mittam
2424 766 2490 812 te.
2522 756 2589 810 Et
2623 755 2794 811 bibent
2822 767 2873 811 et
2904 768 3104 813 voment
3132 768 3181 813 et
3211 760 3477 817 insanient

1908 863 1940 899 a
1962 848 2096 915 [acie
2117 848 2312 917 gladii,
2336 863 2485 917 quem
2510 863 2599 917 ego
2622 830 2830 901 mittam
2852 849 2908 901 in
2930 849 3157 903 medium
3177 866 3377 906 eorum.
3406 850 3476 904 Et

1907 942 2082 1010 accepi
2126 942 2343 996 calicem
2384 942 2446 995 de
2491 956 2651 995 manu
2695 940 2946 1006 Domini,
2989 952 3036 996 et
3078 944 3254 1011 potavi
3295 960 3473 1000 omnes

1904 1042 2077 1102 gentes
2127 1033 2196 1086 ad
2228 1050 2356 1103 quas
2388 1035 2531 1088 misit
2559 1049 2638 1087 me
2671 1031 2963 1088 Dominus:
2991 1033 3292 1091 Jerusalem
3318 1046 3368 1091 et
3396 1038 3477 1093 ci-

1905 1121 2089 1175 uitates
2115 1120 2149 1174 Ι
2156 1126 2255 1177 uda
2278 1161 2291 1185 ,
2321 1139 2462 1192 reges
2490 1123 2604 1191 ejus
2631 1132 2681 1176 et
2712 1124 2972 1191 principes
3002 1124 3150 1194 ejus,
3182 1126 3251 1179 ad
3278 1142 3480 1196 ponen-

1903 1214 2029 1266 dum
2059 1230 2147 1270 eos
2176 1216 2232 1268 in
2261 1213 2637 1278 solitudinem,
2668 1215 2724 1268 in
2756 1216 2985 1281 inviam,
3015 1228 3063 1271 et
3093 1218 3149 1270 in
3176 1219 3479 1275 subsanna-

1906 1305 2095 1359 tionem
2120 1321 2137 1358 :
2164 1314 2213 1359 et
2239 1303 2573 1361 Pharaonem
2602 1323 2771 1376 regem
2797 1305 3017 1377 Ai'gypti
3035 1348 3050 1371 ,
3076 1318 3126 1362 et
3152 1326 3339 1378 pueros
3361 1311 3477 1381 ejus

1902 1406 1951 1451 et
1979 1398 2258 1466 optimates
2288 1398 2402 1466 ejus
2437 1400 2477 1430 “
2506 1415 2520 1463 ;
2549 1414 2612 1451 ac
2644 1398 2902 1469 deinceps
2932 1400 3045 1454 ait:
3082 1400 3151 1455 Et
3180 1419 3358 1458 omnes
3388 1421 3475 1461 re-

1902 1502 1987 1555 ges
2017 1496 2171 1540 terra:
2204 1487 2652 1558 alienigenarum,
2682 1488 3029 1555 Ascalonem,
3060 1491 3263 1546 Gazam
3291 1504 3340 1548 et
3371 1500 3479 1549 Ac-

1902 1596 2147 1633 caronem
2165 1619 2181 1639 .
2218 1578 2513 1633 Idumwam
2547 1589 2597 1634 et
2636 1579 2981 1651 Moabitidem
3008 1624 3021 1649 ,
3047 1586 3187 1653 ﬁlios
3207 1587 3433 1642 Ammon
3457 1626 3476 1653 ,

1901 1682 1948 1725 et
1977 1688 2151 1727 omnes
2180 1689 2320 1742 reges
2352 1672 2514 1743 Tyri,
2543 1683 2593 1727 et
2620 1690 2797 1729 omnes
2829 1692 2971 1746 reges
2998 1676 3213 1732 Sidonis
3235 1718 3250 1743 ,
3279 1688 3328 1733 et
3362 1697 3478 1734 om-

1901 1780 1989 1817 nes
2016 1780 2154 1834 reges
2180 1763 2379 1818 Insula:
2403 1774 2552 1819 trans
2578 1782 2723 1819 mare
2750 1766 2816 1822 δ’.
2851 1767 3047 1824 Postea
3074 1785 3205 1825 vero
3232 1772 3313 1826 sic
3341 1788 3479 1828 con-

1902 1855 2073 1910 cludit
2104 1874 2116 1909 :
2149 1855 2296 1910 Dixit
2330 1855 2584 1909 Dominus
2618 1858 2945 1927 omnipotens
2973 1859 3114 1915 Deus
3140 1861 3314 1916 Israel
3336 1880 3356 1918 :
3380 1864 3478 1919 Bis

1903 1945 2006 2000 bile
2030 1956 2080 1999 et
2114 1947 2479 2011 inebriamini,
2510 1957 2559 2000 et
2590 1951 2803 2003 vometis
2828 1989 2844 2013 ,
2875 1961 2923 2005 et
2958 1955 3312 2019 procumbetis
3334 1994 3350 2020 ,
3383 1973 3476 2013 nec

1901 2038 2181 2106 resurgetis
2206 2055 2238 2091 a
2261 2037 2395 2106 facie
2417 2038 2618 2108 gladii,
2642 2056 2794 2110 quem
2815 2057 2908 2110 ego
2934 2044 3139 2096 mittam
3163 2046 3217 2098 in
3245 2047 3473 2101 medium

1900 2130 2077 2182 vestri.
2106 2128 2172 2181 Et
2200 2131 2331 2194 erit,
2357 2130 2405 2184 si
2426 2130 2691 2184 noluerint
2718 2133 2950 2200 accipere
2975 2134 3195 2188 calicem
3221 2136 3285 2191 de
3309 2155 3474 2193 manu

1901 2228 1992 2272 tua
2011 2261 2027 2286 ,
2059 2229 2115 2271 ut
2144 2218 2352 2283 bibant,
2383 2219 2525 2273 dices
2553 2219 2622 2271 ad
2652 2236 2739 2275 eos
2761 2261 2778 2286 ,
2813 2221 2902 2275 Sic
2931 2222 3060 2276 dicit
3085 2224 3345 2281 Dominus
3376 2228 3478 2283 vir-

1901 2318 2100 2374 tutum,
2125 2311 2351 2365 bibentes
2381 2310 2565 2365 bibetis
2589 2312 2655 2366 ".
2687 2311 2851 2378 Queis
2872 2313 3158 2381 ediscitur,
3192 2316 3358 2372 Deum
3389 2321 3475 2376 in-

1899 2415 2013 2457 srar
2051 2403 2247 2457 medici
2271 2441 2285 2466 ,
2326 2417 2573 2457 amarum
2600 2404 2905 2459 antidotum
2932 2408 3216 2477 egentibus
3242 2410 3472 2477 oll‘crre,

1899 2508 2094 2563 nempe
2133 2493 2553 2563 castigationes,
2589 2502 2645 2547 ut
2678 2504 2965 2560 evomant,
3001 2497 3377 2567 malitiamque
3407 2501 3476 2555 il-

1896 2583 2006 2635 lam
2052 2582 2438 2638 exuberantem
2482 2597 2647 2653 quam
2690 2584 2839 2639 intus
2878 2586 3081 2643 habent
3127 2600 3472 2660 exonerent;

1898 2674 2243 2745 primamque
2274 2673 2579 2731 Jerusalem
2613 2691 2679 2732 eo
2711 2676 2882 2732 calice
2913 2680 3241 2748 potandam;
3276 2681 3474 2737 deinde

1897 2765 2137 2835 reliquas
2176 2776 2399 2837 gentes,
2442 2768 2570 2837 quia
2600 2782 2789 2823 omnes
2823 2767 2987 2823 simili
3022 2774 3343 2843 purgatione
3376 2788 3476 2843 per

1896 2858 2078 2912 illatas
2102 2859 2490 2929 castigationes
2516 2861 2816 2915 evacuandi
2839 2871 2987 2917 sunt.
3008 2864 3260 2920 Praesens
3290 2864 3475 2934 itaque

1898 2947 2167 3001 sententia
2208 2949 2433 3019 perinde
2480 2955 2646 3019 atque
2696 2949 3014 3021 prophetica
3063 2953 3153 3007 illa
3188 2952 3472 3019 doctrina,

1897 3038 2121 3094 calicem
2151 3054 2273 3094 esse
2297 3039 2453 3094 docet
2485 3040 2539 3094 in
2576 3055 2740 3095 manu
2768 3041 3025 3111 Domini;
3064 3045 3119 3100 in
3147 3061 3257 3118 quo
3286 3049 3475 3119 singu-

1899 3131 2075 3185 lorum
2114 3130 2325 3185 fructus
2378 3132 2679 3201 colligens,
2730 3134 2888 3202 quasi
2919 3150 3129 3191 merum
3166 3137 3349 3192 vinum
3379 3157 3475 3196 ex-

1899 3223 2104 3294 primit.
2148 3221 2352 3277 Deindc
2384 3239 2510 3278 vero
2544 3240 2643 3294 pro
2669 3224 2902 3293 justitize
2937 3228 3169 3297 ratione,
3204 3238 3258 3285 et
3283 3231 3476 3301 cujus-

1898 3331 2003 3386 que
2055 3315 2250 3368 merito
2292 3325 2479 3385 polum
2518 3324 2864 3387 temperans,
2890 3319 3159 3391 cujusque
3193 3324 3472 3380 actionum

1898 3406 2249 3476 proportione
2278 3404 2462 3459 habita
2485 3445 2499 3467 ,
2535 3407 2669 3476 ipsis
2703 3407 2996 3464 bibendum
3036 3412 3308 3483 propinat.
3351 3413 3476 3471 Non

1895 3499 2039 3553 enim
2073 3514 2238 3568 prava
2268 3498 2536 3553 duntaxat
2566 3501 2905 3572 singulorum
2938 3519 3105 3573 opera
3130 3543 3146 3569 ,
3178 3506 3274 3561 sed
3303 3510 3470 3567 etiam

1897 3590 2039 3644 bona
2066 3590 2428 3645 examinanda
2457 3600 2511 3646 et
2540 3608 2695 3663 inqua
2730 3594 2885 3651 lance
2917 3598 3269 3666 ponderanda
3298 3611 3429 3655 sunt

1896 3690 2059 3751 atque
2083 3690 2475 3752 congruentem
2505 3684 2844 3755 singulorum
2877 3690 3139 3757 operibus
3162 3700 3349 3760 potum
3384 3708 3475 3762 pa-

1897 3788 2020 3828 rare
2061 3788 2200 3844 opus
2251 3782 2354 3829 est.
2384 3773 2542 3842 Quod
2579 3776 2697 3846 ipse
2728 3778 2973 3833 declarat
3002 3781 3088 3838 bis
3116 3783 3298 3838 verbis
3326 3802 3340 3838 :
3400 3783 3470 3838 Et

1896 3864 2165 3918 inclinavit
2205 3880 2269 3919 ex
2312 3864 2407 3919 hoc
2448 3867 2501 3919 in
2547 3867 2682 3931 hoc;
2726 3870 2799 3923 ita
2844 3879 2901 3923 ut
2941 3887 3048 3925 una
3091 3874 3471 3931 commistione

1897 3959 2038 4011 mala
2070 3959 2406 4028 singulorum
2436 3973 2600 4028 opera
2631 3960 2790 4017 bonis
2819 3970 3207 4034 temperentur.
3240 3965 3348 4021 Pro
3378 3967 3471 4022 illo

1896 4059 2077 4105 autem
2098 4090 2113 4111 ,
2151 4049 2436 4104 Inclinarit
2476 4067 2541 4105 ex
2567 4052 2664 4106 hoc
2695 4054 2749 4106 in
2783 4053 2914 4119 hoc,
2958 4054 3352 4127 Symmachus,
3382 4059 3472 4114 Ita

1896 4153 1952 4195 ut
1983 4143 2196 4196 trahant
2223 4143 2286 4197 ab
2316 4145 2430 4213 ipso
2456 4184 2472 4211 ,
2506 4144 2895 4216 interpretatus
2928 4161 3012 4203 est
3040 4168 3054 4216 ;
3090 4158 3147 4205 et
3185 4159 3242 4205 ut
3280 4152 3469 4208 faecem

1896 4228 2086 4283 bibant
2116 4245 2308 4284 omnes
2340 4239 2661 4300 peccatores
2702 4242 2883 4289 terrae.
2937 4235 3055 4292 Non
3096 4239 3239 4294 enim
3281 4243 3470 4296 niistio

1894 4323 2230 4388 temperata,
2270 4318 2364 4373 sed
2396 4320 2541 4390 quod
2572 4330 2877 4376 extremum
2912 4339 2975 4377 ae
3020 4326 3295 4381 turbidum
3341 4336 3467 4394 est,

1893 4409 2141 4479 gravium
2168 4410 2435 4465 scelerum
2464 4411 2571 4465 reis
2600 4420 2928 4467 reservatur.
2958 4412 3138 4479 Quare
3168 4414 3471 4469 secundum

226 4505 547 4575 ιατάλληλον
589 4508 702 4569 τοῖς
758 4504 987 4559 ἑκάστου
1038 4502 1217 4575 ἔργοις
1261 4502 1681 4573 ἀπεργάσασθαι
1731 4504 1791 4558 τὸ

1899 4494 2281 4568 Symmachum
2307 4500 2516 4554 dictum
2540 4509 2625 4556 est
2645 4520 2657 4555 :
2676 4502 3043 4557 Verumtamen
3059 4504 3210 4572 [wces
3224 4507 3336 4575 ejus
3351 4516 3472 4576 gut-

203 4600 426 4671 κριῑμα.
458 4599 525 4651 ‘0
543 4597 607 4667 δὴ
635 4596 932 4668 παρίστησι
958 4593 1132 4662 λέγον·
1161 4591 1273 4647 Καὶ
1296 4594 1538 4647 ἔκλινεν
1558 4593 1627 4647 ἐκ
1656 4596 1789 4649 τού-

1898 4598 2049 4651 tatim
2080 4599 2371 4667 expriment
2398 4596 2624 4652 bibentes
2656 4600 2881 4667 improbi
2912 4610 3087 4655 terra.

202 4711 323 4748 του
355 4694 444 4758 είς
480 4692 683 4747 τοῦτο·
735 4690 812 4755 ὡς
865 4690 931 4744 ἂν
980 4689 1081 4761 μία
1116 4687 1329 4758 γένοιτο
1372 4689 1568 4759 κρᾶσις
1605 4688 1715 4742 τῶν
1753 4707 1812 4745 τε
1852 4692 2086 4747 ἑκάστου
2156 4691 2443 4765 μοχθηρῶν
2478 4692 2729 4765 πράξεων
2780 4694 2875 4746 καὶ
2920 4693 3028 4747 τῶν
3070 4694 3473 4767 χρηστοτέρων.

218 4785 374 4839 'szl.
411 4784 467 4837 δὲ
512 4783 628 4849 τοῦ,
685 4782 1024 4848 Ἐξέκλινεν
1088 4780 1158 4835 ἐκ
1196 4781 1412 4836 τούτου
1456 4783 1545 4847 εις
1590 4782 1789 4847 τοῦτο,
1832 4786 1860 4838 ὁ
1898 4785 2213 4856 Σύμμαχος,
2263 4787 2441 4838 Ὥστε
2488 4785 2692 4839 ἕλκειν
2743 4786 2842 4840 ἀπ’
2889 4787 3097 4850 αὐτοῦ,
3139 4789 3473 4860 ἡρμήνευσε·
3576 4827 3594 4841 .

198 4880 313 4951 τὴν
344 4879 404 4932 δὲ
436 4878 614 4950 τρύγα
653 4877 891 4931 πιείσθαι
918 4875 1125 4937 πάντας
1152 4874 1278 4937 τοὺς
1305 4875 1659 4947 ἁμαρτωλοὺς
1691 4877 1787 4948 τῆς
1825 4879 1947 4950 γῆς.
1983 4880 2179 4935 Οὐκέτι
2210 4881 2318 4950 γὰρ
2343 4881 2550 4950 κρᾶμα,
2574 4879 2711 4935 ἀλλὰ
2759 4881 2819 4933 τὸ
2861 4881 3086 4951 ἔσχατον
3125 4884 3217 4937 καὶ
3256 4883 3477 4955 θολερὸν

200 4974 325 5037 τοῖς
347 4973 417 5026 τὰ
439 4972 652 5043 μεγάλα
677 4969 1050 5044 ἡμαρτηκόσιν
1079 4968 1484 5023 άποκείσεσθαι.
1521 4970 1610 5023 Διὸ
1644 4970 1787 5024 κατὰ
1822 4973 1915 5027 τὸν
1942 4974 2235 5046 Σύμμαχον
2260 4975 2495 5046 εἴρηται·
2525 4975 2698 5043 Πλὴν
2748 4978 2854 5039 τὰς
2914 4978 3158 5047 τρυγίας
3185 4979 3477 5048 ἐκστραγ-

206 5067 414 5138 γιοῦσι
446 5069 723 5132 πίνοντες
747 5069 799 5119 οἱ
827 5064 1048 5134 φαῦλοι
1092 5062 1203 5131 τῆς
1235 5064 1368 5133 γῆς.

297 5186 438 5257 Ἐγὼ
466 5186 536 5240 δὲ
557 5184 873 5256 ἀπαγγελῶ
897 5187 984 5249 εὶς
1012 5184 1119 5238 τὸν
1140 5180 1344 5245 αἰῶνα,
1374 5182 1554 5251 ψαλῶ
1576 5182 1653 5248 τῷ
1672 5182 1794 5248 Θεῷ

215 5276 441 5333 Ἰακώϐ.
476 5277 557 5331 Τὰ.
583 5277 683 5348 μὲν
708 5276 1076 5348 προλεχθέντα
1107 5275 1285 5329 πάντα
1314 5271 1443 5327 εἶπα
1470 5277 1582 5336 τοῖς
1616 5291 1794 5345 παρα-

204 5369 477 5441 νομοῦσι,
533 5370 627 5422 καὶ
681 5367 1059 5439 διεστειλάμην
1117 5368 1289 5421 ἅπασι
1353 5366 1789 5438 μαρτυράμενος.

216 5461 369 5529 Ἐγὼ
403 5460 459 5513 δὲ
499 5460 529 5512 ὁ
558 5460 816 5529 ἀνωτέρω
847 5457 1033 5511 εἰπών·
1072 5457 1439 5527 Διηγήσομαι
1464 5455 1540 5510 τὰ
1566 5456 1790 5525 θαυμά-

200 5553 322 5608 σιά
361 5567 500 5617 σου,
548 5551 693 5604 ὅταν
734 5549 898 5605 λάϐω
952 5549 1179 5619 καιρόν
1237 5548 1329 5601 καὶ
1373 5547 1536 5602 πάλιν
1589 5549 1786 5619 φήσαςο

217 5646 368 5716 Ἐγὼ
413 5645 743 5711 εὐθύτητας
787 5641 983 5712 κρινᾶν
1038 5640 1135 5696 καὶ
1188 5636 1342 5705 αὖθις
1399 5638 1590 5694 εἰπών·
1651 5639 1792 5693 Ἑηηὼ

1968 5182 2132 5239 Vens.
2169 5184 2255 5247 10,
2292 5183 2381 5236 Η.
2419 5181 2527 5253 Ego
2551 5192 2726 5237 autem
2749 5183 3077 5237 annuntinbo
3103 5184 3156 5237 in
3178 5186 3434 5239 smeulum
3452 5226 3467 5247 .

1895 5271 2118 5327 cantabo
2152 5270 2263 5325 Deo
2291 5271 2481 5325 Jacob.
2517 5271 2692 5341 Supra
2727 5282 3026 5327 memorata
3060 5276 3243 5328 omnia
3277 5277 3465 5345 inique

1893 5364 2180 5433 agentibus
2218 5363 2358 5427 dixi,
2401 5371 2456 5419 et
2501 5371 2844 5419 contestatus
2887 5366 3145 5419 omnibus
3196 5372 3468 5436 praecepta

1892 5452 2040 5508 dedi.
2069 5455 2180 5525 Ego
2203 5468 2334 5508 vero
2354 5454 2445 5523 qui
2471 5454 2725 5524 superius
2748 5453 2891 5519 dixi,
2922 5452 3169 5507 Narrabo
3196 5453 3470 5508 mirabilia

1890 5557 2004 5609 tua,
2037 5562 2153 5599 cum
2186 5562 2429 5613 accepero
2466 5556 2665 5614 tempus
2699 5546 2768 5579 δ”
2796 5562 2811 5611 ;
2847 5562 2909 5600 ac
2942 5560 3160 5600 rursum
3189 5563 3203 5599 :
3241 5544 3353 5615 Ego
3382 5561 3471 5600 re»

1898 5639 2180 5693 ctitudines
2221 5638 2466 5692 iudicabo
2501 5638 2585 5701 “;
2629 5641 2972 5700 iterumque,
3009 5636 3119 5707 Ego
3157 5636 3471 5707 conﬁrmavi

286 5798 328 5835 “
365 5798 458 5856 ἔρι’
514 5814 642 5861 xxv,
678 5797 862 5852 15-19.
940 5797 984 5830 δ’
1023 5797 1155 5852 ibid.
1187 5795 1376 5854 20-22.
1456 5798 1500 5831 ⁵³
1539 5795 1668 5852 ibid.
1696 5796 1767 5851 37
1823 5795 1914 5854 28.
1984 5794 2426 5859 "‘Psal.Lxxn',
2456 5795 2511 5862 ‘2,
2536 5794 2592 5851 5.
2664 5794 2708 5827 “
2735 5793 2843 5850 ibid
2899 5796 2934 5850 5

498 5895 768 5959 Pareat.
804 5894 922 5955 Gn.
957 5894 1189 5955 XXIII.

3028 5890 3109 5952 28
