  <div class='ocr_page' id='page_1' title='image "/cluster/home/n/w/nwhite01/storage/ocr_20150623/23/hvd.32044019207711/467.png"; bbox 0 0 4004 6544; ppageno 0'>
   <div class='ocr_carea' id='block_1_1' title="bbox 540 376 647 432">
    <p class='ocr_par' dir='ltr' id='par_1_1' title="bbox 540 376 647 432">
     <span class='ocr_line' id='line_1_1' title="bbox 540 376 647 432; baseline 0 0"><span class='ocrx_word' id='word_1_1' title='bbox 540 376 647 432; x_wconf 70' lang='grc' dir='ltr'><strong>δ’τῦ</strong></span> 
     </span>
    </p>
   </div>
   <div class='ocr_carea' id='block_1_2' title="bbox 1189 371 2111 432">
    <p class='ocr_par' dir='ltr' id='par_1_2' title="bbox 1189 372 2111 432">
     <span class='ocr_line' id='line_1_2' title="bbox 1189 372 2111 432; baseline -0.005 0"><span class='ocrx_word' id='word_1_2' title='bbox 1189 372 1470 432; x_wconf 67' lang='grc' dir='ltr'><strong>ῈΗΞΕΒΙΙ</strong></span> <span class='ocrx_word' id='word_1_3' title='bbox 1511 375 1990 431; x_wconf 65' lang='grc' dir='ltr'><strong>(ἷᾹΞΞᾹΒΙΕΝΞΙΒ</strong></span> <span class='ocrx_word' id='word_1_4' title='bbox 2031 374 2111 428; x_wconf 77' lang='lat' dir='ltr'><strong>0P</strong></span> 
     </span>
    </p>
   </div>
   <div class='ocr_carea' id='block_1_3' title="bbox 2214 371 3073 432">
    <p class='ocr_par' dir='ltr' id='par_1_3' title="bbox 2223 371 3073 429">
     <span class='ocr_line' id='line_1_3' title="bbox 2223 371 3073 429; baseline -0.002 -2"><span class='ocrx_word' id='word_1_5' title='bbox 2223 373 2402 429; x_wconf 77' lang='lat' dir='ltr'><strong>PARS</strong></span> <span class='ocrx_word' id='word_1_6' title='bbox 2441 373 2528 427; x_wconf 82' lang='lat' dir='ltr'><strong>Ill.</strong></span> <span class='ocrx_word' id='word_1_7' title='bbox 2555 403 2620 414; x_wconf 87' lang='lat'><strong>——</strong></span> <span class='ocrx_word' id='word_1_8' title='bbox 2656 371 3073 428; x_wconf 71' lang='lat' dir='ltr'><strong>‘EXEGETICA.</strong></span> 
     </span>
    </p>
   </div>
   <div class='ocr_carea' id='block_1_4' title="bbox 3675 369 3775 426">
    <p class='ocr_par' dir='ltr' id='par_1_4' title="bbox 3675 369 3775 426">
     <span class='ocr_line' id='line_1_4' title="bbox 3675 369 3775 426; baseline 0.02 -3"><span class='ocrx_word' id='word_1_9' title='bbox 3675 369 3775 426; x_wconf 72' lang='lat'><strong>876</strong></span> 
     </span>
    </p>
   </div>
   <div class='ocr_carea' id='block_1_5' title="bbox 540 484 2111 565">
    <p class='ocr_par' dir='ltr' id='par_1_5' title="bbox 540 492 2111 565">
     <span class='ocr_line' id='line_1_5' title="bbox 540 492 2111 565; baseline 0 -18"><span class='ocrx_word' id='word_1_10' title='bbox 540 492 814 548; x_wconf 78' lang='lat' dir='ltr'><strong>columnas</strong></span> <span class='ocrx_word' id='word_1_11' title='bbox 845 511 958 564; x_wconf 71' lang='lat' dir='ltr'><strong>ejus</strong></span> <span class='ocrx_word' id='word_1_12' title='bbox 995 495 1068 559; x_wconf 78' lang='grc'><strong>⁸⁸;</strong></span> <span class='ocrx_word' id='word_1_13' title='bbox 1107 505 1390 565; x_wconf 77' lang='lat' dir='ltr'><strong>posuptam</strong></span> <span class='ocrx_word' id='word_1_14' title='bbox 1427 494 1682 564; x_wconf 67' lang='lat' dir='ltr'><strong>prmdicta</strong></span> <span class='ocrx_word' id='word_1_15' title='bbox 1730 492 2111 563; x_wconf 75' lang='lat' dir='ltr'><strong>peccatoribus</strong></span> 
     </span>
    </p>
   </div>
   <div class='ocr_carea' id='block_1_6' title="bbox 2214 484 3779 565">
    <p class='ocr_par' dir='ltr' id='par_1_6' title="bbox 2215 484 3779 559">
     <span class='ocr_line' id='line_1_6' title="bbox 2215 484 3779 559; baseline -0.001 -15"><span class='ocrx_word' id='word_1_16' title='bbox 2215 494 2550 559; x_wconf 82' lang='grc' dir='ltr'>ἐστερέωσα</span> <span class='ocrx_word' id='word_1_17' title='bbox 2583 491 2723 556; x_wconf 80' lang='grc' dir='ltr'>τοὺς</span> <span class='ocrx_word' id='word_1_18' title='bbox 2754 491 3019 554; x_wconf 78' lang='grc' dir='ltr'><strong>στύλους</strong></span> <span class='ocrx_word' id='word_1_19' title='bbox 3050 484 3255 555; x_wconf 82' lang='grc' dir='ltr'>αὺτῆς’</span> <span class='ocrx_word' id='word_1_20' title='bbox 3284 487 3423 558; x_wconf 82' lang='grc' dir='ltr'><strong>μετὰ</strong></span> <span class='ocrx_word' id='word_1_21' title='bbox 3457 503 3518 540; x_wconf 88' lang='grc' dir='ltr'><strong>το</strong></span> <span class='ocrx_word' id='word_1_22' title='bbox 3551 487 3779 557; x_wconf 78' lang='grc' dir='ltr'>κηρῦξαι</span> 
     </span>
    </p>
   </div>
   <div class='ocr_carea' id='block_1_7' title="bbox 540 583 2107 655">
    <p class='ocr_par' dir='ltr' id='par_1_7' title="bbox 540 583 2107 655">
     <span class='ocr_line' id='line_1_7' title="bbox 540 583 2107 655; baseline 0 -17"><span class='ocrx_word' id='word_1_23' title='bbox 540 585 833 654; x_wconf 69' lang='lat' dir='ltr'><strong>prmdicavi</strong></span> <span class='ocrx_word' id='word_1_24' title='bbox 887 593 941 639; x_wconf 89' lang='lat' dir='ltr'><strong>et</strong></span> <span class='ocrx_word' id='word_1_25' title='bbox 993 586 1318 640; x_wconf 84' lang='lat' dir='ltr'><strong>testitlcatus</strong></span> <span class='ocrx_word' id='word_1_26' title='bbox 1366 601 1522 648; x_wconf 91' lang='lat' dir='ltr'><strong>sum,</strong></span> <span class='ocrx_word' id='word_1_27' title='bbox 1555 593 1608 639; x_wconf 91' lang='lat' dir='ltr'><strong>et</strong></span> <span class='ocrx_word' id='word_1_28' title='bbox 1640 592 1926 655; x_wconf 76' lang='lat' dir='ltr'><strong>postquam</strong></span> <span class='ocrx_word' id='word_1_29' title='bbox 1960 583 2107 653; x_wconf 90' lang='lat' dir='ltr'><strong>judi-</strong></span> 
     </span>
    </p>
   </div>
   <div class='ocr_carea' id='block_1_8' title="bbox 538 673 2108 744">
    <p class='ocr_par' dir='ltr' id='par_1_8' title="bbox 538 673 2108 744">
     <span class='ocr_line' id='line_1_8' title="bbox 538 673 2108 744; baseline -0.002 -15"><span class='ocrx_word' id='word_1_30' title='bbox 538 677 622 731; x_wconf 86' lang='lat' dir='ltr'><strong>cis</strong></span> <span class='ocrx_word' id='word_1_31' title='bbox 654 677 917 729; x_wconf 90' lang='lat' dir='ltr'><strong>rationem</strong></span> <span class='ocrx_word' id='word_1_32' title='bbox 945 690 1135 729; x_wconf 89' lang='lat' dir='ltr'><strong>omnes</strong></span> <span class='ocrx_word' id='word_1_33' title='bbox 1160 675 1351 730; x_wconf 78' lang='lat' dir='ltr'><strong>edocui</strong></span> <span class='ocrx_word' id='word_1_34' title='bbox 1379 715 1393 739; x_wconf 95' lang='lat'><strong>,</strong></span> <span class='ocrx_word' id='word_1_35' title='bbox 1425 675 1554 744; x_wconf 90' lang='lat' dir='ltr'><strong>quid</strong></span> <span class='ocrx_word' id='word_1_36' title='bbox 1583 675 1774 728; x_wconf 83' lang='lat' dir='ltr'><strong>faciam</strong></span> <span class='ocrx_word' id='word_1_37' title='bbox 1797 676 1820 727; x_wconf 87' lang='lat'><strong>?</strong></span> <span class='ocrx_word' id='word_1_38' title='bbox 1851 673 1914 727; x_wconf 86' lang='lat' dir='ltr'><strong>In</strong></span> <span class='ocrx_word' id='word_1_39' title='bbox 1938 691 2108 728; x_wconf 67' lang='lat' dir='ltr'><strong>sitcu-</strong></span> 
     </span>
    </p>
   </div>
   <div class='ocr_carea' id='block_1_9' title="bbox 537 766 2107 839">
    <p class='ocr_par' dir='ltr' id='par_1_9' title="bbox 537 766 2107 839">
     <span class='ocr_line' id='line_1_9' title="bbox 537 766 2107 839; baseline -0.001 -19"><span class='ocrx_word' id='word_1_40' title='bbox 537 768 651 821; x_wconf 86' lang='lat' dir='ltr'><strong>lum</strong></span> <span class='ocrx_word' id='word_1_41' title='bbox 685 767 910 821; x_wconf 82' lang='lat' dir='ltr'><strong>cantabo</strong></span> <span class='ocrx_word' id='word_1_42' title='bbox 948 767 1054 821; x_wconf 90' lang='lat' dir='ltr'><strong>Deo</strong></span> <span class='ocrx_word' id='word_1_43' title='bbox 1086 766 1273 823; x_wconf 76' lang='lat' dir='ltr'><strong>Iacob.</strong></span> <span class='ocrx_word' id='word_1_44' title='bbox 1302 766 1438 822; x_wconf 80' lang='lat' dir='ltr'><strong>Novi</strong></span> <span class='ocrx_word' id='word_1_45' title='bbox 1469 768 1671 839; x_wconf 90' lang='lat' dir='ltr'><strong>quippe</strong></span> <span class='ocrx_word' id='word_1_46' title='bbox 1703 783 1824 821; x_wconf 91' lang='lat' dir='ltr'><strong>eum</strong></span> <span class='ocrx_word' id='word_1_47' title='bbox 1859 767 1948 836; x_wconf 88' lang='lat' dir='ltr'><strong>qui</strong></span> <span class='ocrx_word' id='word_1_48' title='bbox 1983 767 2107 821; x_wconf 84' lang='lat' dir='ltr'><strong>reli-</strong></span> 
     </span>
    </p>
   </div>
   <div class='ocr_carea' id='block_1_10' title="bbox 535 861 2108 934">
    <p class='ocr_par' dir='ltr' id='par_1_10' title="bbox 535 861 2108 934">
     <span class='ocr_line' id='line_1_10' title="bbox 535 861 2108 934; baseline 0.003 -20"><span class='ocrx_word' id='word_1_49' title='bbox 535 861 675 931; x_wconf 70' lang='grc' dir='ltr'>εἰοδί</span> <span class='ocrx_word' id='word_1_50' title='bbox 721 861 819 915; x_wconf 77' lang='lat' dir='ltr'><strong>viri</strong></span> <span class='ocrx_word' id='word_1_51' title='bbox 865 861 1006 917; x_wconf 89' lang='lat' dir='ltr'><strong>Deus</strong></span> <span class='ocrx_word' id='word_1_52' title='bbox 1049 869 1166 925; x_wconf 89' lang='lat' dir='ltr'><strong>est,</strong></span> <span class='ocrx_word' id='word_1_53' title='bbox 1214 870 1422 932; x_wconf 89' lang='lat' dir='ltr'><strong>patrem</strong></span> <span class='ocrx_word' id='word_1_54' title='bbox 1459 879 1583 918; x_wconf 90' lang='lat' dir='ltr'><strong>esse</strong></span> <span class='ocrx_word' id='word_1_55' title='bbox 1616 879 1796 917; x_wconf 89' lang='lat' dir='ltr'><strong>meum</strong></span> <span class='ocrx_word' id='word_1_56' title='bbox 1835 882 1846 916; x_wconf 96' lang='lat'><strong>:</strong></span> <span class='ocrx_word' id='word_1_57' title='bbox 1896 865 2108 934; x_wconf 83' lang='lat' dir='ltr'><strong>ipsique</strong></span> 
     </span>
    </p>
   </div>
   <div class='ocr_carea' id='block_1_11' title="bbox 536 951 2107 1023">
    <p class='ocr_par' dir='ltr' id='par_1_11' title="bbox 536 951 2107 1023">
     <span class='ocr_line' id='line_1_11' title="bbox 536 951 2107 1023; baseline 0.001 -17"><span class='ocrx_word' id='word_1_58' title='bbox 536 951 807 1017; x_wconf 84' lang='lat' dir='ltr'><strong>cantabo,</strong></span> <span class='ocrx_word' id='word_1_59' title='bbox 841 952 945 1023; x_wconf 89' lang='lat' dir='ltr'><strong>ipsi</strong></span> <span class='ocrx_word' id='word_1_60' title='bbox 978 954 1242 1023; x_wconf 79' lang='lat' dir='ltr'><strong>praeclara</strong></span> <span class='ocrx_word' id='word_1_61' title='bbox 1271 961 1425 1023; x_wconf 77' lang='lat' dir='ltr'><strong>gesta</strong></span> <span class='ocrx_word' id='word_1_62' title='bbox 1455 968 1574 1007; x_wconf 89' lang='lat' dir='ltr'><strong>mea</strong></span> <span class='ocrx_word' id='word_1_63' title='bbox 1607 953 1967 1007; x_wconf 86' lang='lat' dir='ltr'><strong>annuntiaho.</strong></span> <span class='ocrx_word' id='word_1_64' title='bbox 2003 952 2107 1007; x_wconf 50' lang='lat' dir='ltr'><strong>De-</strong></span> 
     </span>
    </p>
   </div>
   <div class='ocr_carea' id='block_1_12' title="bbox 537 1042 2109 1114">
    <p class='ocr_par' dir='ltr' id='par_1_12' title="bbox 537 1042 2109 1114">
     <span class='ocr_line' id='line_1_12' title="bbox 537 1042 2109 1114; baseline 0 -18"><span class='ocrx_word' id='word_1_65' title='bbox 537 1042 665 1098; x_wconf 91' lang='lat' dir='ltr'><strong>inde</strong></span> <span class='ocrx_word' id='word_1_66' title='bbox 694 1058 825 1097; x_wconf 78' lang='lat' dir='ltr'><strong>vero</strong></span> <span class='ocrx_word' id='word_1_67' title='bbox 855 1053 1080 1113; x_wconf 88' lang='lat' dir='ltr'><strong>accepta</strong></span> <span class='ocrx_word' id='word_1_68' title='bbox 1112 1060 1140 1098; x_wconf 90' lang='lat' dir='ltr'><strong>a</strong></span> <span class='ocrx_word' id='word_1_69' title='bbox 1171 1042 1331 1098; x_wconf 87' lang='lat' dir='ltr'><strong>Patre</strong></span> <span class='ocrx_word' id='word_1_70' title='bbox 1352 1043 1634 1113; x_wconf 89' lang='lat' dir='ltr'><strong>judicandi</strong></span> <span class='ocrx_word' id='word_1_71' title='bbox 1664 1051 1963 1114; x_wconf 87' lang='lat' dir='ltr'><strong>potestate,</strong></span> <span class='ocrx_word' id='word_1_72' title='bbox 1997 1061 2109 1096; x_wconf 90' lang='lat' dir='ltr'><strong>om-</strong></span> 
     </span>
    </p>
   </div>
   <div class='ocr_carea' id='block_1_13' title="bbox 536 1134 2107 1204">
    <p class='ocr_par' dir='ltr' id='par_1_13' title="bbox 536 1134 2107 1204">
     <span class='ocr_line' id='line_1_13' title="bbox 536 1134 2107 1204; baseline 0.001 -18"><span class='ocrx_word' id='word_1_73' title='bbox 536 1135 628 1186; x_wconf 89' lang='lat' dir='ltr'><strong>nia</strong></span> <span class='ocrx_word' id='word_1_74' title='bbox 676 1149 880 1188; x_wconf 83' lang='lat' dir='ltr'><strong>cornua</strong></span> <span class='ocrx_word' id='word_1_75' title='bbox 927 1145 1262 1203; x_wconf 83' lang='lat' dir='ltr'><strong>peccatorum</strong></span> <span class='ocrx_word' id='word_1_76' title='bbox 1303 1135 1676 1204; x_wconf 80' lang='lat' dir='ltr'><strong>confringam;</strong></span> <span class='ocrx_word' id='word_1_77' title='bbox 1719 1150 1842 1188; x_wconf 90' lang='lat' dir='ltr'><strong>cum</strong></span> <span class='ocrx_word' id='word_1_78' title='bbox 1890 1134 2107 1204; x_wconf 84' lang='lat' dir='ltr'><strong>quidem</strong></span> 
     </span>
    </p>
   </div>
   <div class='ocr_carea' id='block_1_14' title="bbox 537 1226 2110 1297">
    <p class='ocr_par' dir='ltr' id='par_1_14' title="bbox 537 1226 2110 1297">
     <span class='ocr_line' id='line_1_14' title="bbox 537 1226 2110 1297; baseline 0.003 -21"><span class='ocrx_word' id='word_1_79' title='bbox 537 1240 648 1294; x_wconf 82' lang='lat' dir='ltr'><strong>quo</strong></span> <span class='ocrx_word' id='word_1_80' title='bbox 675 1235 920 1297; x_wconf 87' lang='lat' dir='ltr'><strong>tempore</strong></span> <span class='ocrx_word' id='word_1_81' title='bbox 952 1227 1264 1292; x_wconf 89' lang='lat' dir='ltr'><strong>tolerantia,</strong></span> <span class='ocrx_word' id='word_1_82' title='bbox 1303 1226 1564 1297; x_wconf 87' lang='lat' dir='ltr'><strong>patientia</strong></span> <span class='ocrx_word' id='word_1_83' title='bbox 1597 1235 1648 1280; x_wconf 90' lang='lat' dir='ltr'><strong>et</strong></span> <span class='ocrx_word' id='word_1_84' title='bbox 1683 1227 2110 1282; x_wconf 89' lang='lat' dir='ltr'><strong>mansuetudine</strong></span> 
     </span>
    </p>
   </div>
   <div class='ocr_carea' id='block_1_15' title="bbox 539 1315 2108 1388">
    <p class='ocr_par' dir='ltr' id='par_1_15' title="bbox 539 1315 2108 1388">
     <span class='ocr_line' id='line_1_15' title="bbox 539 1315 2108 1388; baseline 0.001 -19"><span class='ocrx_word' id='word_1_85' title='bbox 539 1315 801 1370; x_wconf 82' lang='lat' dir='ltr'><strong>utendum</strong></span> <span class='ocrx_word' id='word_1_86' title='bbox 843 1325 998 1382; x_wconf 86' lang='lat' dir='ltr'><strong>erat,</strong></span> <span class='ocrx_word' id='word_1_87' title='bbox 1046 1316 1197 1388; x_wconf 87' lang='lat' dir='ltr'><strong>ipsos</strong></span> <span class='ocrx_word' id='word_1_88' title='bbox 1241 1317 1428 1372; x_wconf 79' lang='lat' dir='ltr'><strong>extolli</strong></span> <span class='ocrx_word' id='word_1_89' title='bbox 1473 1317 1884 1383; x_wconf 87' lang='lat' dir='ltr'><strong>concesserim;</strong></span> <span class='ocrx_word' id='word_1_90' title='bbox 1920 1333 2108 1372; x_wconf 77' lang='lat' dir='ltr'><strong>verum</strong></span> 
     </span>
    </p>
   </div>
   <div class='ocr_carea' id='block_1_16' title="bbox 541 1408 2112 1466">
    <p class='ocr_par' dir='ltr' id='par_1_16' title="bbox 541 1408 2112 1466">
     <span class='ocr_line' id='line_1_16' title="bbox 541 1408 2112 1466; baseline 0.001 -4"><span class='ocrx_word' id='word_1_91' title='bbox 541 1408 596 1462; x_wconf 89' lang='lat' dir='ltr'><strong>in</strong></span> <span class='ocrx_word' id='word_1_92' title='bbox 633 1408 743 1465; x_wconf 83' lang='lat' dir='ltr'><strong>[ine</strong></span> <span class='ocrx_word' id='word_1_93' title='bbox 769 1424 976 1464; x_wconf 87' lang='lat' dir='ltr'><strong>cornua</strong></span> <span class='ocrx_word' id='word_1_94' title='bbox 1019 1425 1208 1464; x_wconf 84' lang='lat' dir='ltr'><strong>eorum</strong></span> <span class='ocrx_word' id='word_1_95' title='bbox 1245 1418 1436 1465; x_wconf 87' lang='lat' dir='ltr'><strong>contra</strong></span> <span class='ocrx_word' id='word_1_96' title='bbox 1489 1409 1657 1466; x_wconf 91' lang='lat' dir='ltr'><strong>Deum</strong></span> <span class='ocrx_word' id='word_1_97' title='bbox 1696 1410 1838 1465; x_wconf 87' lang='lat' dir='ltr'><strong>elata</strong></span> <span class='ocrx_word' id='word_1_98' title='bbox 1866 1409 2112 1464; x_wconf 79' lang='lat' dir='ltr'><strong>confrin-</strong></span> 
     </span>
    </p>
   </div>
   <div class='ocr_carea' id='block_1_17' title="bbox 538 1505 2110 1578">
    <p class='ocr_par' dir='ltr' id='par_1_17' title="bbox 538 1505 2110 1578">
     <span class='ocr_line' id='line_1_17' title="bbox 538 1505 2110 1578; baseline 0.002 -20"><span class='ocrx_word' id='word_1_99' title='bbox 538 1519 704 1578; x_wconf 70' lang='lat' dir='ltr'><strong>gain;</strong></span> <span class='ocrx_word' id='word_1_100' title='bbox 750 1506 1182 1576; x_wconf 47' lang='lat' dir='ltr'><strong>viceque&#39;versa</strong></span> <span class='ocrx_word' id='word_1_101' title='bbox 1232 1521 1445 1561; x_wconf 86' lang='lat' dir='ltr'><strong>cornua</strong></span> <span class='ocrx_word' id='word_1_102' title='bbox 1486 1506 1658 1577; x_wconf 84' lang='lat' dir='ltr'><strong>justi,</strong></span> <span class='ocrx_word' id='word_1_103' title='bbox 1694 1506 1821 1576; x_wconf 89' lang='lat' dir='ltr'><strong>quia</strong></span> <span class='ocrx_word' id='word_1_104' title='bbox 1870 1505 2110 1561; x_wconf 88' lang='lat' dir='ltr'><strong>demissa</strong></span> 
     </span>
    </p>
   </div>
   <div class='ocr_carea' id='block_1_18' title="bbox 539 1597 2106 1668">
    <p class='ocr_par' dir='ltr' id='par_1_18' title="bbox 539 1597 2106 1668">
     <span class='ocr_line' id='line_1_18' title="bbox 539 1597 2106 1668; baseline 0.002 -18"><span class='ocrx_word' id='word_1_105' title='bbox 539 1604 738 1660; x_wconf 88' lang='lat' dir='ltr'><strong>erant,</strong></span> <span class='ocrx_word' id='word_1_106' title='bbox 805 1598 1080 1654; x_wconf 78' lang='lat' dir='ltr'><strong>exaltabo.</strong></span> <span class='ocrx_word' id='word_1_107' title='bbox 1126 1597 1289 1653; x_wconf 46' lang='lat' dir='ltr'><strong>iTunc</strong></span> <span class='ocrx_word' id='word_1_108' title='bbox 1338 1613 1466 1653; x_wconf 80' lang='lat' dir='ltr'><strong>vero</strong></span> <span class='ocrx_word' id='word_1_109' title='bbox 1513 1598 1844 1653; x_wconf 78' lang='lat' dir='ltr'><strong>exaltabitur</strong></span> <span class='ocrx_word' id='word_1_110' title='bbox 1889 1597 2106 1668; x_wconf 91' lang='lat' dir='ltr'><strong>justus,</strong></span> 
     </span>
    </p>
   </div>
   <div class='ocr_carea' id='block_1_19' title="bbox 539 1688 2111 1760">
    <p class='ocr_par' dir='ltr' id='par_1_19' title="bbox 539 1688 2111 1760">
     <span class='ocr_line' id='line_1_19' title="bbox 539 1688 2111 1760; baseline 0.001 -20"><span class='ocrx_word' id='word_1_111' title='bbox 539 1688 760 1757; x_wconf 83' lang='lat' dir='ltr'><strong>quando</strong></span> <span class='ocrx_word' id='word_1_112' title='bbox 791 1703 896 1742; x_wconf 88' lang='lat' dir='ltr'><strong>una</strong></span> <span class='ocrx_word' id='word_1_113' title='bbox 928 1704 1051 1742; x_wconf 92' lang='lat' dir='ltr'><strong>cum</strong></span> <span class='ocrx_word' id='word_1_114' title='bbox 1081 1703 1206 1759; x_wconf 78' lang='lat' dir='ltr'><strong>rege</strong></span> <span class='ocrx_word' id='word_1_115' title='bbox 1237 1704 1338 1744; x_wconf 91' lang='lat' dir='ltr'><strong>suo</strong></span> <span class='ocrx_word' id='word_1_116' title='bbox 1367 1689 1618 1760; x_wconf 75' lang='lat' dir='ltr'><strong>regnabit</strong></span> <span class='ocrx_word' id='word_1_117' title='bbox 1642 1688 1940 1745; x_wconf 89' lang='lat' dir='ltr'><strong>secundum</strong></span> <span class='ocrx_word' id='word_1_118' title='bbox 1966 1689 2111 1759; x_wconf 84' lang='lat' dir='ltr'><strong>Apo-</strong></span> 
     </span>
    </p>
   </div>
   <div class='ocr_carea' id='block_1_20' title="bbox 541 1778 2108 1850">
    <p class='ocr_par' dir='ltr' id='par_1_20' title="bbox 541 1778 2108 1850">
     <span class='ocr_line' id='line_1_20' title="bbox 541 1778 2108 1850; baseline 0 -18"><span class='ocrx_word' id='word_1_119' title='bbox 541 1778 741 1832; x_wconf 84' lang='lat' dir='ltr'><strong>stolum</strong></span> <span class='ocrx_word' id='word_1_120' title='bbox 776 1780 870 1848; x_wconf 90' lang='lat' dir='ltr'><strong>qui</strong></span> <span class='ocrx_word' id='word_1_121' title='bbox 904 1780 979 1833; x_wconf 86' lang='lat' dir='ltr'><strong>ait</strong></span> <span class='ocrx_word' id='word_1_122' title='bbox 1004 1798 1025 1834; x_wconf 94' lang='lat'><strong>:-</strong></span> <span class='ocrx_word' id='word_1_123' title='bbox 1044 1779 1313 1834; x_wconf 76' lang='lat' dir='ltr'><strong>Primitia:</strong></span> <span class='ocrx_word' id='word_1_124' title='bbox 1341 1779 1742 1834; x_wconf 75' lang='lat' dir='ltr'><strong>enim-Christus</strong></span> <span class='ocrx_word' id='word_1_125' title='bbox 1765 1795 1785 1843; x_wconf 89' lang='lat'><strong><em>;</em></strong></span> <span class='ocrx_word' id='word_1_126' title='bbox 1808 1779 1993 1833; x_wconf 86' lang='lat' dir='ltr'><strong>deinde</strong></span> <span class='ocrx_word' id='word_1_127' title='bbox 2019 1780 2108 1850; x_wconf 86' lang='lat' dir='ltr'><strong>qui</strong></span> 
     </span>
    </p>
   </div>
   <div class='ocr_carea' id='block_1_21' title="bbox 2212 578 3778 652">
    <p class='ocr_par' dir='ltr' id='par_1_21' title="bbox 2212 578 3778 652">
     <span class='ocr_line' id='line_1_21' title="bbox 2212 578 3778 652; baseline -0.003 -17"><span class='ocrx_word' id='word_1_128' title='bbox 2212 583 2305 635; x_wconf 78' lang='grc' dir='ltr'>καὶ</span> <span class='ocrx_word' id='word_1_129' title='bbox 2342 580 2723 652; x_wconf 87' lang='grc' dir='ltr'>μαρτύρασθαι</span> <span class='ocrx_word' id='word_1_130' title='bbox 2754 580 2822 633; x_wconf 79' lang='grc' dir='ltr'>τὰ</span> <span class='ocrx_word' id='word_1_131' title='bbox 2863 578 3228 652; x_wconf 73' lang='grc' dir='ltr'>προλεχθέντα</span> <span class='ocrx_word' id='word_1_132' title='bbox 3270 581 3381 641; x_wconf 88' lang='grc' dir='ltr'>τοῖς</span> <span class='ocrx_word' id='word_1_133' title='bbox 3421 579 3778 649; x_wconf 76' lang='grc' dir='ltr'><strong>ἁμαρτωλοῖς,</strong></span> 
     </span>
    </p>
   </div>
   <div class='ocr_carea' id='block_1_22' title="bbox 2213 669 3781 744">
    <p class='ocr_par' dir='ltr' id='par_1_22' title="bbox 2213 669 3781 744">
     <span class='ocr_line' id='line_1_22' title="bbox 2213 669 3781 744; baseline -0.002 -17"><span class='ocrx_word' id='word_1_134' title='bbox 2213 674 2306 727; x_wconf 73' lang='grc' dir='ltr'><strong>καὶ</strong></span> <span class='ocrx_word' id='word_1_135' title='bbox 2341 673 2480 744; x_wconf 79' lang='grc' dir='ltr'>μετὰ</span> <span class='ocrx_word' id='word_1_136' title='bbox 2509 673 2567 726; x_wconf 82' lang='grc' dir='ltr'><strong>τὸ</strong></span> <span class='ocrx_word' id='word_1_137' title='bbox 2594 671 2798 738; x_wconf 77' lang='grc' dir='ltr'><strong>διδάξαι</strong></span> <span class='ocrx_word' id='word_1_138' title='bbox 2826 671 2916 724; x_wconf 85' lang='grc' dir='ltr'><strong>τὸν</strong></span> <span class='ocrx_word' id='word_1_139' title='bbox 2944 671 3074 741; x_wconf 70' lang='grc' dir='ltr'>περὶ</span> <span class='ocrx_word' id='word_1_140' title='bbox 3100 669 3201 739; x_wconf 82' lang='grc' dir='ltr'>τῆς</span> <span class='ocrx_word' id='word_1_141' title='bbox 3223 670 3454 744; x_wconf 87' lang='grc' dir='ltr'>κρίσεως</span> <span class='ocrx_word' id='word_1_142' title='bbox 3478 669 3634 738; x_wconf 82' lang='grc' dir='ltr'>λόγον</span> <span class='ocrx_word' id='word_1_143' title='bbox 3660 674 3781 734; x_wconf 68' lang='grc' dir='ltr'>τοὺς</span> 
     </span>
    </p>
   </div>
   <div class='ocr_carea' id='block_1_23' title="bbox 2213 760 3783 836">
    <p class='ocr_par' dir='ltr' id='par_1_23' title="bbox 2213 760 3783 836">
     <span class='ocr_line' id='line_1_23' title="bbox 2213 760 3783 836; baseline 0 -18"><span class='ocrx_word' id='word_1_144' title='bbox 2213 767 2440 829; x_wconf 78' lang='grc' dir='ltr'><strong>πάντας,</strong></span> <span class='ocrx_word' id='word_1_145' title='bbox 2484 765 2534 818; x_wconf 82' lang='grc' dir='ltr'><strong>τί</strong></span> <span class='ocrx_word' id='word_1_146' title='bbox 2572 763 2795 836; x_wconf 78' lang='grc' dir='ltr'>πράξω;</span> <span class='ocrx_word' id='word_1_147' title='bbox 2840 767 2944 829; x_wconf 77' lang='grc' dir='ltr'>Εἰς</span> <span class='ocrx_word' id='word_1_148' title='bbox 2978 763 3084 816; x_wconf 84' lang='grc' dir='ltr'>τὸν</span> <span class='ocrx_word' id='word_1_149' title='bbox 3118 760 3301 815; x_wconf 79' lang='grc' dir='ltr'>αἰῶνα</span> <span class='ocrx_word' id='word_1_150' title='bbox 3331 761 3509 832; x_wconf 67' lang='grc' dir='ltr'><strong>ψαλῶ</strong></span> <span class='ocrx_word' id='word_1_151' title='bbox 3547 761 3628 827; x_wconf 84' lang='grc' dir='ltr'>τῷ</span> <span class='ocrx_word' id='word_1_152' title='bbox 3667 763 3783 829; x_wconf 84' lang='grc' dir='ltr'>Θεῷ</span> 
     </span>
    </p>
   </div>
   <div class='ocr_carea' id='block_1_24' title="bbox 2225 854 3783 930">
    <p class='ocr_par' dir='ltr' id='par_1_24' title="bbox 2225 854 3783 930">
     <span class='ocr_line' id='line_1_24' title="bbox 2225 854 3783 930; baseline 0 -18"><span class='ocrx_word' id='word_1_153' title='bbox 2225 858 2436 912; x_wconf 79' lang='grc' dir='ltr'><strong>Ἰακώϐ.</strong></span> <span class='ocrx_word' id='word_1_154' title='bbox 2471 854 2602 911; x_wconf 85' lang='grc' dir='ltr'>Οἶδα</span> <span class='ocrx_word' id='word_1_155' title='bbox 2631 860 2738 930; x_wconf 82' lang='grc' dir='ltr'>γὰρ</span> <span class='ocrx_word' id='word_1_156' title='bbox 2764 857 3000 928; x_wconf 76' lang='grc' dir='ltr'>ἐμαυτοῦ</span> <span class='ocrx_word' id='word_1_157' title='bbox 3034 857 3244 929; x_wconf 80' lang='grc' dir='ltr'>πατέρα</span> <span class='ocrx_word' id='word_1_158' title='bbox 3264 855 3357 909; x_wconf 78' lang='grc' dir='ltr'><strong>τὸν</strong></span> <span class='ocrx_word' id='word_1_159' title='bbox 3377 857 3665 927; x_wconf 87' lang='grc' dir='ltr'>γενόμενον</span> <span class='ocrx_word' id='word_1_160' title='bbox 3695 859 3783 912; x_wconf 81' lang='grc' dir='ltr'><strong>τοῦ</strong></span> 
     </span>
    </p>
   </div>
   <div class='ocr_carea' id='block_1_25' title="bbox 2213 947 3786 1020">
    <p class='ocr_par' dir='ltr' id='par_1_25' title="bbox 2213 947 3786 1020">
     <span class='ocr_line' id='line_1_25' title="bbox 2213 947 3786 1020; baseline 0.002 -19"><span class='ocrx_word' id='word_1_161' title='bbox 2213 948 2490 1018; x_wconf 83' lang='grc' dir='ltr'>θεοφιλοῦς</span> <span class='ocrx_word' id='word_1_162' title='bbox 2521 950 2672 1013; x_wconf 84' lang='grc' dir='ltr'>Θεὸν,</span> <span class='ocrx_word' id='word_1_163' title='bbox 2721 950 2956 1018; x_wconf 80' lang='grc' dir='ltr'>κάκείνῳ</span> <span class='ocrx_word' id='word_1_164' title='bbox 2996 947 3169 1017; x_wconf 75' lang='grc' dir='ltr'>ψαλῶ,</span> <span class='ocrx_word' id='word_1_165' title='bbox 3215 949 3450 1020; x_wconf 72' lang='grc' dir='ltr'>κάκείνῳ</span> <span class='ocrx_word' id='word_1_166' title='bbox 3492 950 3786 1020; x_wconf 77' lang='grc' dir='ltr'><strong>ἀπαγγελῶ</strong></span> 
     </span>
    </p>
   </div>
   <div class='ocr_carea' id='block_1_26' title="bbox 2211 1025 3787 1113">
    <p class='ocr_par' dir='ltr' id='par_1_26' title="bbox 2211 1025 3787 1113">
     <span class='ocr_line' id='line_1_26' title="bbox 2211 1025 3787 1113; baseline 0.001 -20"><span class='ocrx_word' id='word_1_167' title='bbox 2211 1040 2279 1093; x_wconf 77' lang='grc' dir='ltr'><strong>τὰ</strong></span> <span class='ocrx_word' id='word_1_168' title='bbox 2321 1041 2562 1111; x_wconf 78' lang='grc' dir='ltr'><strong>ἐμαυτοῦ</strong></span> <span class='ocrx_word' id='word_1_169' title='bbox 2606 1025 3022 1112; x_wconf 76' lang='grc' dir='ltr'>κατορθώματα.</span> <span class='ocrx_word' id='word_1_170' title='bbox 3071 1037 3184 1094; x_wconf 74' lang='grc' dir='ltr'><strong>Εἶθ’</strong></span> <span class='ocrx_word' id='word_1_171' title='bbox 3227 1040 3369 1094; x_wconf 86' lang='grc' dir='ltr'>οῦτω</span> <span class='ocrx_word' id='word_1_172' title='bbox 3409 1039 3589 1093; x_wconf 77' lang='grc' dir='ltr'>λαϐὼν</span> <span class='ocrx_word' id='word_1_173' title='bbox 3640 1043 3787 1113; x_wconf 78' lang='grc' dir='ltr'>παρὰ</span> 
     </span>
    </p>
   </div>
   <div class='ocr_carea' id='block_1_27' title="bbox 2212 1131 3787 1204">
    <p class='ocr_par' dir='ltr' id='par_1_27' title="bbox 2212 1131 3787 1204">
     <span class='ocr_line' id='line_1_27' title="bbox 2212 1131 3787 1204; baseline 0.003 -21"><span class='ocrx_word' id='word_1_174' title='bbox 2212 1131 2305 1184; x_wconf 88' lang='grc' dir='ltr'><strong>τοῦ</strong></span> <span class='ocrx_word' id='word_1_175' title='bbox 2359 1133 2569 1204; x_wconf 83' lang='grc' dir='ltr'>Πατρὸς</span> <span class='ocrx_word' id='word_1_176' title='bbox 2614 1133 2712 1203; x_wconf 80' lang='grc' dir='ltr'><strong>τὴν</strong></span> <span class='ocrx_word' id='word_1_177' title='bbox 2762 1131 2855 1185; x_wconf 86' lang='grc' dir='ltr'><strong>τοῦ</strong></span> <span class='ocrx_word' id='word_1_178' title='bbox 2915 1133 3121 1203; x_wconf 86' lang='grc' dir='ltr'>κρίνειν</span> <span class='ocrx_word' id='word_1_179' title='bbox 3167 1131 3435 1198; x_wconf 79' lang='grc' dir='ltr'>ἐξουσίαν,</span> <span class='ocrx_word' id='word_1_180' title='bbox 3482 1132 3682 1187; x_wconf 76' lang='grc' dir='ltr'>πάντα</span> <span class='ocrx_word' id='word_1_181' title='bbox 3722 1135 3787 1188; x_wconf 84' lang='grc' dir='ltr'>τὰ</span> 
     </span>
    </p>
   </div>
   <div class='ocr_carea' id='block_1_28' title="bbox 2214 1224 3788 1297">
    <p class='ocr_par' dir='ltr' id='par_1_28' title="bbox 2214 1224 3788 1297">
     <span class='ocr_line' id='line_1_28' title="bbox 2214 1224 3788 1297; baseline 0.002 -21"><span class='ocrx_word' id='word_1_182' title='bbox 2214 1224 2430 1293; x_wconf 81' lang='grc' dir='ltr'>κέρατα</span> <span class='ocrx_word' id='word_1_183' title='bbox 2476 1225 2591 1278; x_wconf 72' lang='grc' dir='ltr'>τῶν</span> <span class='ocrx_word' id='word_1_184' title='bbox 2625 1225 2988 1294; x_wconf 77' lang='grc' dir='ltr'><strong>ἁμαρτωλῶν</strong></span> <span class='ocrx_word' id='word_1_185' title='bbox 3029 1225 3378 1296; x_wconf 76' lang='grc' dir='ltr'>συγκλάσω·</span> <span class='ocrx_word' id='word_1_186' title='bbox 3425 1229 3788 1297; x_wconf 78' lang='grc' dir='ltr'><strong>συγχωρήσας</strong></span> 
     </span>
    </p>
   </div>
   <div class='ocr_carea' id='block_1_29' title="bbox 2217 1314 3788 1387">
    <p class='ocr_par' dir='ltr' id='par_1_29' title="bbox 2217 1314 3788 1387">
     <span class='ocr_line' id='line_1_29' title="bbox 2217 1314 3788 1387; baseline 0.004 -23"><span class='ocrx_word' id='word_1_187' title='bbox 2217 1314 2315 1384; x_wconf 81' lang='grc' dir='ltr'><strong>μὲν</strong></span> <span class='ocrx_word' id='word_1_188' title='bbox 2372 1316 2552 1378; x_wconf 73' lang='grc' dir='ltr'>αὐτοῖς</span> <span class='ocrx_word' id='word_1_189' title='bbox 2600 1315 2921 1387; x_wconf 81' lang='grc' dir='ltr'>ἐπαίρεσθαι</span> <span class='ocrx_word' id='word_1_190' title='bbox 2972 1315 3115 1369; x_wconf 84' lang='grc' dir='ltr'>κατὰ</span> <span class='ocrx_word' id='word_1_191' title='bbox 3165 1315 3353 1387; x_wconf 80' lang='grc' dir='ltr'>καιρὸν</span> <span class='ocrx_word' id='word_1_192' title='bbox 3404 1317 3526 1370; x_wconf 81' lang='grc' dir='ltr'>καθ’</span> <span class='ocrx_word' id='word_1_193' title='bbox 3576 1317 3639 1370; x_wconf 83' lang='grc' dir='ltr'>ὃν</span> <span class='ocrx_word' id='word_1_194' title='bbox 3689 1317 3788 1370; x_wconf 70' lang='grc' dir='ltr'>ἔδει</span> 
     </span>
    </p>
   </div>
   <div class='ocr_carea' id='block_1_30' title="bbox 2213 1405 3785 1481">
    <p class='ocr_par' dir='ltr' id='par_1_30' title="bbox 2213 1405 3785 1481">
     <span class='ocr_line' id='line_1_30' title="bbox 2213 1405 3785 1481; baseline 0.003 -23"><span class='ocrx_word' id='word_1_195' title='bbox 2213 1405 2518 1476; x_wconf 79' lang='grc' dir='ltr'>χρήσασθαι</span> <span class='ocrx_word' id='word_1_196' title='bbox 2569 1409 2632 1478; x_wconf 83' lang='grc' dir='ltr'>τῇ</span> <span class='ocrx_word' id='word_1_197' title='bbox 2686 1408 2874 1477; x_wconf 79' lang='grc' dir='ltr'>ἀνοχῇ,</span> <span class='ocrx_word' id='word_1_198' title='bbox 2929 1407 3024 1460; x_wconf 72' lang='grc' dir='ltr'><strong>καὶ</strong></span> <span class='ocrx_word' id='word_1_199' title='bbox 3064 1409 3129 1478; x_wconf 77' lang='grc' dir='ltr'>τῇ</span> <span class='ocrx_word' id='word_1_200' title='bbox 3187 1407 3538 1479; x_wconf 72' lang='grc' dir='ltr'>μακροθυμίᾳ</span> <span class='ocrx_word' id='word_1_201' title='bbox 3582 1409 3683 1463; x_wconf 78' lang='grc' dir='ltr'>καὶ</span> <span class='ocrx_word' id='word_1_202' title='bbox 3722 1411 3785 1481; x_wconf 77' lang='grc' dir='ltr'>τῇ</span> 
     </span>
    </p>
   </div>
   <div class='ocr_carea' id='block_1_31' title="bbox 2214 1497 3788 1574">
    <p class='ocr_par' dir='ltr' id='par_1_31' title="bbox 2214 1497 3788 1574">
     <span class='ocr_line' id='line_1_31' title="bbox 2214 1497 3788 1574; baseline 0.003 -25"><span class='ocrx_word' id='word_1_203' title='bbox 2214 1497 2558 1568; x_wconf 75' lang='grc' dir='ltr'><strong>χρηστότητι·</strong></span> <span class='ocrx_word' id='word_1_204' title='bbox 2598 1498 2737 1570; x_wconf 80' lang='grc' dir='ltr'>πλὴν</span> <span class='ocrx_word' id='word_1_205' title='bbox 2779 1501 2872 1552; x_wconf 73' lang='grc' dir='ltr'><strong>ἐπὶ</strong></span> <span class='ocrx_word' id='word_1_206' title='bbox 2907 1498 3048 1551; x_wconf 79' lang='grc' dir='ltr'>τέλει</span> <span class='ocrx_word' id='word_1_207' title='bbox 3078 1499 3144 1553; x_wconf 84' lang='grc' dir='ltr'>τὰ</span> <span class='ocrx_word' id='word_1_208' title='bbox 3175 1500 3382 1574; x_wconf 78' lang='grc' dir='ltr'>κέρατα</span> <span class='ocrx_word' id='word_1_209' title='bbox 3413 1500 3592 1554; x_wconf 80' lang='grc' dir='ltr'>αὐτῶν</span> <span class='ocrx_word' id='word_1_210' title='bbox 3632 1519 3788 1555; x_wconf 82' lang='grc' dir='ltr'>κατε-</span> 
     </span>
    </p>
   </div>
   <div class='ocr_carea' id='block_1_32' title="bbox 2215 1588 3786 1660">
    <p class='ocr_par' dir='ltr' id='par_1_32' title="bbox 2215 1588 3786 1660">
     <span class='ocr_line' id='line_1_32' title="bbox 2215 1588 3786 1660; baseline 0.005 -20"><span class='ocrx_word' id='word_1_211' title='bbox 2215 1588 2495 1659; x_wconf 81' lang='grc' dir='ltr'>παρθέντα</span> <span class='ocrx_word' id='word_1_212' title='bbox 2535 1590 2628 1643; x_wconf 81' lang='grc' dir='ltr'><strong>τοῦ</strong></span> <span class='ocrx_word' id='word_1_213' title='bbox 2673 1590 2805 1644; x_wconf 83' lang='grc' dir='ltr'>Θεοῦ</span> <span class='ocrx_word' id='word_1_214' title='bbox 2855 1592 3165 1660; x_wconf 86' lang='grc' dir='ltr'>συγκλάσω·</span> <span class='ocrx_word' id='word_1_215' title='bbox 3208 1593 3476 1647; x_wconf 82' lang='grc' dir='ltr'>ἀνάπαλιν</span> <span class='ocrx_word' id='word_1_216' title='bbox 3513 1593 3568 1648; x_wconf 84' lang='grc' dir='ltr'>δὲ</span> <span class='ocrx_word' id='word_1_217' title='bbox 3599 1595 3673 1648; x_wconf 78' lang='grc' dir='ltr'><strong>τὰ</strong></span> <span class='ocrx_word' id='word_1_218' title='bbox 3699 1597 3786 1648; x_wconf 74' lang='grc' dir='ltr'><strong>τοῦ</strong></span> 
     </span>
    </p>
   </div>
   <div class='ocr_carea' id='block_1_33' title="bbox 2213 1677 3784 1753">
    <p class='ocr_par' dir='ltr' id='par_1_33' title="bbox 2213 1677 3784 1753">
     <span class='ocr_line' id='line_1_33' title="bbox 2213 1677 3784 1753; baseline 0.001 -22"><span class='ocrx_word' id='word_1_219' title='bbox 2213 1678 2418 1732; x_wconf 78' lang='grc' dir='ltr'>δικαίου</span> <span class='ocrx_word' id='word_1_220' title='bbox 2452 1680 2660 1751; x_wconf 76' lang='grc' dir='ltr'>κέρατα</span> <span class='ocrx_word' id='word_1_221' title='bbox 2693 1679 2912 1748; x_wconf 75' lang='grc' dir='ltr'>ὑψώσω,</span> <span class='ocrx_word' id='word_1_222' title='bbox 2959 1681 3187 1752; x_wconf 76' lang='grc' dir='ltr'>ἐπείπερ</span> <span class='ocrx_word' id='word_1_223' title='bbox 3222 1677 3290 1753; x_wconf 84' lang='grc' dir='ltr'>ἦν</span> <span class='ocrx_word' id='word_1_224' title='bbox 3322 1683 3784 1752; x_wconf 79' lang='grc' dir='ltr'>τεταπεινωμένα.</span> 
     </span>
    </p>
   </div>
   <div class='ocr_carea' id='block_1_34' title="bbox 2215 1772 3787 1848">
    <p class='ocr_par' dir='ltr' id='par_1_34' title="bbox 2215 1772 3787 1848">
     <span class='ocr_line' id='line_1_34' title="bbox 2215 1772 3787 1848; baseline 0.001 -24"><span class='ocrx_word' id='word_1_225' title='bbox 2215 1773 2347 1825; x_wconf 86' lang='grc' dir='ltr'>Τότε</span> <span class='ocrx_word' id='word_1_226' title='bbox 2393 1773 2449 1825; x_wconf 88' lang='grc' dir='ltr'>δὲ</span> <span class='ocrx_word' id='word_1_227' title='bbox 2488 1772 2852 1844; x_wconf 76' lang='grc' dir='ltr'>ὑψωθήσεται,</span> <span class='ocrx_word' id='word_1_228' title='bbox 2894 1773 3111 1828; x_wconf 72' lang='grc' dir='ltr'>ἐπειδὰν</span> <span class='ocrx_word' id='word_1_229' title='bbox 3151 1774 3522 1848; x_wconf 77' lang='grc' dir='ltr'>συμὸασιλεύῃ</span> <span class='ocrx_word' id='word_1_230' title='bbox 3556 1774 3640 1845; x_wconf 80' lang='grc' dir='ltr'><strong>τῷ</strong></span> <span class='ocrx_word' id='word_1_231' title='bbox 3670 1777 3787 1828; x_wconf 59' lang='lat' dir='ltr'><strong>tau-</strong></span> 
     </span>
    </p>
   </div>
   <div class='ocr_carea' id='block_1_35' title="bbox 540 1863 2111 1942">
    <p class='ocr_par' dir='ltr' id='par_1_35' title="bbox 540 1871 2109 1942">
     <span class='ocr_line' id='line_1_35' title="bbox 540 1871 2109 1942; baseline 0.001 -17"><span class='ocrx_word' id='word_1_232' title='bbox 540 1871 742 1925; x_wconf 82' lang='lat' dir='ltr'><strong>Christi</strong></span> <span class='ocrx_word' id='word_1_233' title='bbox 772 1882 896 1926; x_wconf 86' lang='lat' dir='ltr'><strong>sunt</strong></span> <span class='ocrx_word' id='word_1_234' title='bbox 931 1873 985 1926; x_wconf 86' lang='lat' dir='ltr'><strong>in</strong></span> <span class='ocrx_word' id='word_1_235' title='bbox 1019 1872 1243 1927; x_wconf 85' lang='lat' dir='ltr'><strong>adventu</strong></span> <span class='ocrx_word' id='word_1_236' title='bbox 1271 1873 1426 1942; x_wconf 83' lang='lat' dir='ltr'><strong>ejus;</strong></span> <span class='ocrx_word' id='word_1_237' title='bbox 1449 1873 1634 1928; x_wconf 79' lang='lat' dir='ltr'><strong>deinde</strong></span> <span class='ocrx_word' id='word_1_238' title='bbox 1667 1874 1821 1942; x_wconf 79' lang='lat' dir='ltr'><strong>ﬁnis,</strong></span> <span class='ocrx_word' id='word_1_239' title='bbox 1846 1890 1964 1926; x_wconf 83' lang='lat' dir='ltr'><strong>cum</strong></span> <span class='ocrx_word' id='word_1_240' title='bbox 1999 1883 2109 1927; x_wconf 85' lang='lat' dir='ltr'><strong>tra-</strong></span> 
     </span>
    </p>
   </div>
   <div class='ocr_carea' id='block_1_36' title="bbox 2214 1863 3785 1942">
    <p class='ocr_par' dir='ltr' id='par_1_36' title="bbox 2214 1863 3785 1938">
     <span class='ocr_line' id='line_1_36' title="bbox 2214 1863 3785 1938; baseline 0.003 -22"><span class='ocrx_word' id='word_1_241' title='bbox 2214 1863 2302 1917; x_wconf 88' lang='grc' dir='ltr'><strong>τοῦ</strong></span> <span class='ocrx_word' id='word_1_242' title='bbox 2335 1863 2544 1935; x_wconf 86' lang='grc' dir='ltr'>βασιλεῖ</span> <span class='ocrx_word' id='word_1_243' title='bbox 2565 1864 2704 1919; x_wconf 85' lang='grc' dir='ltr'><strong>κατὰ</strong></span> <span class='ocrx_word' id='word_1_244' title='bbox 2728 1865 2819 1918; x_wconf 83' lang='grc' dir='ltr'><strong>τὸν</strong></span> <span class='ocrx_word' id='word_1_245' title='bbox 2858 1865 3197 1930; x_wconf 81' lang='grc' dir='ltr'>Ἀπόστολον,</span> <span class='ocrx_word' id='word_1_246' title='bbox 3222 1866 3280 1929; x_wconf 86' lang='grc' dir='ltr'>ὃς</span> <span class='ocrx_word' id='word_1_247' title='bbox 3303 1883 3486 1938; x_wconf 84' lang='grc' dir='ltr'>φησιν·</span> <span class='ocrx_word' id='word_1_248' title='bbox 3530 1866 3785 1935; x_wconf 74' lang='grc' dir='ltr'>Ἀπαρχὴ</span> 
     </span>
    </p>
   </div>
   <div class='ocr_carea' id='block_1_37' title="bbox 539 1959 2112 2032">
    <p class='ocr_par' dir='ltr' id='par_1_37' title="bbox 539 1959 2112 2032">
     <span class='ocr_line' id='line_1_37' title="bbox 539 1959 2112 2032; baseline 0.003 -19"><span class='ocrx_word' id='word_1_249' title='bbox 539 1959 735 2014; x_wconf 60' lang='lat' dir='ltr'><strong>uiderit</strong></span> <span class='ocrx_word' id='word_1_250' title='bbox 773 1976 987 2032; x_wconf 85' lang='lat' dir='ltr'><strong>regnum</strong></span> <span class='ocrx_word' id='word_1_251' title='bbox 1029 1961 1138 2016; x_wconf 89' lang='lat' dir='ltr'><strong>Deo</strong></span> <span class='ocrx_word' id='word_1_252' title='bbox 1167 1972 1216 2017; x_wconf 90' lang='lat' dir='ltr'><strong>et</strong></span> <span class='ocrx_word' id='word_1_253' title='bbox 1257 1963 1440 2030; x_wconf 87' lang='lat' dir='ltr'><strong>Patri,</strong></span> <span class='ocrx_word' id='word_1_254' title='bbox 1475 1981 1594 2018; x_wconf 88' lang='lat' dir='ltr'><strong>cum</strong></span> <span class='ocrx_word' id='word_1_255' title='bbox 1629 1963 1950 2018; x_wconf 73' lang='lat' dir='ltr'><strong>destruxerit</strong></span> <span class='ocrx_word' id='word_1_256' title='bbox 1995 1981 2112 2018; x_wconf 88' lang='lat' dir='ltr'><strong>ont-</strong></span> 
     </span>
    </p>
   </div>
   <div class='ocr_carea' id='block_1_38' title="bbox 537 2055 2113 2125">
    <p class='ocr_par' dir='ltr' id='par_1_38' title="bbox 537 2055 2113 2125">
     <span class='ocr_line' id='line_1_38' title="bbox 537 2055 2113 2125; baseline 0.003 -19"><span class='ocrx_word' id='word_1_257' title='bbox 537 2067 656 2106; x_wconf 80' lang='lat' dir='ltr'><strong>nem</strong></span> <span class='ocrx_word' id='word_1_258' title='bbox 685 2062 994 2120; x_wconf 83' lang='lat' dir='ltr'><strong>potestatem</strong></span> <span class='ocrx_word' id='word_1_259' title='bbox 1023 2064 1072 2107; x_wconf 79' lang='lat' dir='ltr'><strong>et</strong></span> <span class='ocrx_word' id='word_1_260' title='bbox 1110 2057 1353 2110; x_wconf 82' lang='lat' dir='ltr'><strong>virtutem</strong></span> <span class='ocrx_word' id='word_1_261' title='bbox 1380 2056 1448 2109; x_wconf 68' lang='grc'><strong>⁸⁸.</strong></span> <span class='ocrx_word' id='word_1_262' title='bbox 1481 2055 1713 2122; x_wconf 83' lang='lat' dir='ltr'><strong>Quando</strong></span> <span class='ocrx_word' id='word_1_263' title='bbox 1741 2056 1952 2111; x_wconf 89' lang='lat' dir='ltr'><strong>scilicet</strong></span> <span class='ocrx_word' id='word_1_264' title='bbox 1979 2056 2113 2125; x_wconf 88' lang='lat' dir='ltr'><strong>justi</strong></span> 
     </span>
    </p>
   </div>
   <div class='ocr_carea' id='block_1_39' title="bbox 536 2143 2114 2219">
    <p class='ocr_par' dir='ltr' id='par_1_39' title="bbox 536 2143 2114 2219">
     <span class='ocr_line' id='line_1_39' title="bbox 536 2143 2114 2219; baseline 0.003 -21"><span class='ocrx_word' id='word_1_265' title='bbox 536 2143 663 2199; x_wconf 69' lang='lat' dir='ltr'><strong>vita:</strong></span> <span class='ocrx_word' id='word_1_266' title='bbox 699 2145 1024 2201; x_wconf 84' lang='lat' dir='ltr'><strong>immortalis</strong></span> <span class='ocrx_word' id='word_1_267' title='bbox 1064 2147 1294 2202; x_wconf 88' lang='lat' dir='ltr'><strong>calicem</strong></span> <span class='ocrx_word' id='word_1_268' title='bbox 1334 2149 1564 2216; x_wconf 87' lang='lat' dir='ltr'><strong>bibent;</strong></span> <span class='ocrx_word' id='word_1_269' title='bbox 1605 2164 1766 2219; x_wconf 91' lang='lat' dir='ltr'><strong>quem</strong></span> <span class='ocrx_word' id='word_1_270' title='bbox 1811 2148 1946 2218; x_wconf 89' lang='lat' dir='ltr'><strong>ipsis</strong></span> <span class='ocrx_word' id='word_1_271' title='bbox 1987 2164 2114 2218; x_wconf 87' lang='lat' dir='ltr'><strong>pro-</strong></span> 
     </span>
    </p>
   </div>
   <div class='ocr_carea' id='block_1_40' title="bbox 539 2235 2114 2295">
    <p class='ocr_par' dir='ltr' id='par_1_40' title="bbox 539 2235 2114 2295">
     <span class='ocr_line' id='line_1_40' title="bbox 539 2235 2114 2295; baseline 0.004 -7"><span class='ocrx_word' id='word_1_272' title='bbox 539 2235 690 2290; x_wconf 86' lang='lat' dir='ltr'><strong>misit</strong></span> <span class='ocrx_word' id='word_1_273' title='bbox 727 2237 959 2292; x_wconf 88' lang='lat' dir='ltr'><strong>dicens:</strong></span> <span class='ocrx_word' id='word_1_274' title='bbox 994 2237 1171 2293; x_wconf 83' lang='lat' dir='ltr'><strong>Donec</strong></span> <span class='ocrx_word' id='word_1_275' title='bbox 1211 2239 1388 2293; x_wconf 83' lang='lat' dir='ltr'><strong>bibant</strong></span> <span class='ocrx_word' id='word_1_276' title='bbox 1430 2240 1584 2294; x_wconf 86' lang='lat' dir='ltr'><strong>illum</strong></span> <span class='ocrx_word' id='word_1_277' title='bbox 1607 2256 1814 2294; x_wconf 83' lang='lat' dir='ltr'><strong>novum</strong></span> <span class='ocrx_word' id='word_1_278' title='bbox 1851 2240 2114 2295; x_wconf 81' lang='lat' dir='ltr'><strong>vobiscum</strong></span> 
     </span>
    </p>
   </div>
   <div class='ocr_carea' id='block_1_41' title="bbox 538 2326 1158 2398">
    <p class='ocr_par' dir='ltr' id='par_1_41' title="bbox 538 2326 1158 2398">
     <span class='ocr_line' id='line_1_41' title="bbox 538 2326 1158 2398; baseline 0 -18"><span class='ocrx_word' id='word_1_279' title='bbox 538 2326 596 2380; x_wconf 89' lang='lat' dir='ltr'><strong>in</strong></span> <span class='ocrx_word' id='word_1_280' title='bbox 631 2342 787 2398; x_wconf 80' lang='lat' dir='ltr'><strong>regno</strong></span> <span class='ocrx_word' id='word_1_281' title='bbox 817 2329 1069 2383; x_wconf 51' lang='lat' dir='ltr'><strong>caelorum-</strong></span> <span class='ocrx_word' id='word_1_282' title='bbox 1093 2331 1134 2360; x_wconf 69' lang='grc'><strong>⁸⁷</strong></span> <span class='ocrx_word' id='word_1_283' title='bbox 1154 2375 1158 2380; x_wconf 89' lang='grc'>.</span> 
     </span>
    </p>
   </div>
   <div class='ocr_carea' id='block_1_42' title="bbox 619 2598 2040 2667">
    <p class='ocr_par' dir='ltr' id='par_1_42' title="bbox 619 2598 2040 2667">
     <span class='ocr_line' id='line_1_42' title="bbox 619 2598 2040 2667; baseline 0.005 -13"><span class='ocrx_word' id='word_1_284' title='bbox 619 2601 809 2657; x_wconf 64' lang='grc' dir='ltr'><strong>1.”’1Ν’</strong></span> <span class='ocrx_word' id='word_1_285' title='bbox 839 2598 1072 2664; x_wconf 74' lang='lat' dir='ltr'><strong>FINEM.</strong></span> <span class='ocrx_word' id='word_1_286' title='bbox 1116 2603 1181 2658; x_wconf 72' lang='lat' dir='ltr'><strong>IN</strong></span> <span class='ocrx_word' id='word_1_287' title='bbox 1224 2598 1508 2667; x_wconf 76' lang='lat' dir='ltr'><strong>HYMNIS,</strong></span> <span class='ocrx_word' id='word_1_288' title='bbox 1553 2602 1880 2662; x_wconf 78' lang='lat' dir='ltr'><strong>PSALMUS</strong></span> <span class='ocrx_word' id='word_1_289' title='bbox 1918 2605 2040 2661; x_wconf 77' lang='lat' dir='ltr'><strong>I&#39;PSI</strong></span> 
     </span>
    </p>
   </div>
   <div class='ocr_carea' id='block_1_43' title="bbox 859 2672 1792 2740">
    <p class='ocr_par' dir='ltr' id='par_1_43' title="bbox 859 2672 1792 2740">
     <span class='ocr_line' id='line_1_43' title="bbox 859 2672 1792 2740; baseline 0.005 -15"><span class='ocrx_word' id='word_1_290' title='bbox 859 2672 1109 2740; x_wconf 74' lang='lat' dir='ltr'><strong>ASAPH,</strong></span> <span class='ocrx_word' id='word_1_291' title='bbox 1153 2674 1535 2732; x_wconf 80' lang='lat' dir='ltr'><strong>CANTICUM.</strong></span> <span class='ocrx_word' id='word_1_292' title='bbox 1582 2675 1792 2731; x_wconf 74' lang='lat' dir='ltr'><strong>LXXV.</strong></span> 
     </span>
    </p>
   </div>
   <div class='ocr_carea' id='block_1_44' title="bbox 611 2782 2112 2854">
    <p class='ocr_par' dir='ltr' id='par_1_44' title="bbox 611 2782 2112 2854">
     <span class='ocr_line' id='line_1_44' title="bbox 611 2782 2112 2854; baseline 0.003 -16"><span class='ocrx_word' id='word_1_293' title='bbox 611 2782 782 2841; x_wconf 73' lang='lat' dir='ltr'><strong>Vens.</strong></span> <span class='ocrx_word' id='word_1_294' title='bbox 817 2785 872 2853; x_wconf 75' lang='grc'>2,</span> <span class='ocrx_word' id='word_1_295' title='bbox 907 2787 961 2841; x_wconf 79' lang='lat'><strong>5.</strong></span> <span class='ocrx_word' id='word_1_296' title='bbox 999 2786 1179 2842; x_wconf 82' lang='lat' dir='ltr'><strong>Notus</strong></span> <span class='ocrx_word' id='word_1_297' title='bbox 1202 2789 1256 2842; x_wconf 89' lang='lat' dir='ltr'><strong>in</strong></span> <span class='ocrx_word' id='word_1_298' title='bbox 1281 2786 1478 2842; x_wconf 74' lang='lat' dir='ltr'><strong>Judwa</strong></span> <span class='ocrx_word' id='word_1_299' title='bbox 1505 2787 1646 2843; x_wconf 92' lang='lat' dir='ltr'><strong>Deus</strong></span> <span class='ocrx_word' id='word_1_300' title='bbox 1665 2829 1680 2854; x_wconf 96' lang='lat'><strong>,</strong></span> <span class='ocrx_word' id='word_1_301' title='bbox 1708 2790 1760 2842; x_wconf 86' lang='lat' dir='ltr'><strong>in</strong></span> <span class='ocrx_word' id='word_1_302' title='bbox 1788 2788 1967 2844; x_wconf 79' lang='lat' dir='ltr'><strong>Israel</strong></span> <span class='ocrx_word' id='word_1_303' title='bbox 1995 2806 2112 2843; x_wconf 81' lang='lat' dir='ltr'><strong>ma-</strong></span> 
     </span>
    </p>
   </div>
   <div class='ocr_carea' id='block_1_45' title="bbox 537 2877 2117 2948">
    <p class='ocr_par' dir='ltr' id='par_1_45' title="bbox 537 2877 2117 2948">
     <span class='ocr_line' id='line_1_45' title="bbox 537 2877 2117 2948; baseline 0.005 -19"><span class='ocrx_word' id='word_1_304' title='bbox 537 2892 698 2947; x_wconf 74' lang='lat' dir='ltr'><strong>gnum</strong></span> <span class='ocrx_word' id='word_1_305' title='bbox 727 2893 910 2932; x_wconf 82' lang='lat' dir='ltr'><strong>nomen</strong></span> <span class='ocrx_word' id='word_1_306' title='bbox 943 2878 1079 2944; x_wconf 77' lang='lat' dir='ltr'><strong>eius.</strong></span> <span class='ocrx_word' id='word_1_307' title='bbox 1111 2877 1210 2933; x_wconf 84' lang='lat' dir='ltr'><strong>Hic</strong></span> <span class='ocrx_word' id='word_1_308' title='bbox 1243 2880 1488 2948; x_wconf 89' lang='lat' dir='ltr'><strong>psalmus</strong></span> <span class='ocrx_word' id='word_1_309' title='bbox 1521 2881 1643 2935; x_wconf 92' lang='lat' dir='ltr'><strong>item</strong></span> <span class='ocrx_word' id='word_1_310' title='bbox 1672 2898 1735 2935; x_wconf 81' lang='lat' dir='ltr'><strong>ex</strong></span> <span class='ocrx_word' id='word_1_311' title='bbox 1769 2897 2117 2937; x_wconf 53' lang='lat' dir='ltr'><strong>numerame-</strong></span> 
     </span>
    </p>
   </div>
   <div class='ocr_carea' id='block_1_46' title="bbox 537 2968 2114 3045">
    <p class='ocr_par' dir='ltr' id='par_1_46' title="bbox 537 2968 2114 3045">
     <span class='ocr_line' id='line_1_46' title="bbox 537 2968 2114 3045; baseline 0.006 -25"><span class='ocrx_word' id='word_1_312' title='bbox 537 2976 771 3023; x_wconf 80' lang='lat' dir='ltr'><strong>rumest</strong></span> <span class='ocrx_word' id='word_1_313' title='bbox 795 2969 886 3034; x_wconf 83' lang='lat' dir='ltr'><strong>qui</strong></span> <span class='ocrx_word' id='word_1_314' title='bbox 919 2968 986 3024; x_wconf 90' lang='lat' dir='ltr'><strong>ad</strong></span> <span class='ocrx_word' id='word_1_315' title='bbox 1009 2970 1212 3025; x_wconf 91' lang='lat' dir='ltr'><strong>bonum</strong></span> <span class='ocrx_word' id='word_1_316' title='bbox 1241 2971 1401 3026; x_wconf 80' lang='lat' dir='ltr'><strong>tinem</strong></span> <span class='ocrx_word' id='word_1_317' title='bbox 1434 2975 1756 3028; x_wconf 88' lang='lat' dir='ltr'><strong>remittunt:</strong></span> <span class='ocrx_word' id='word_1_318' title='bbox 1797 2977 2114 3045; x_wconf 65' lang='lat' dir='ltr'><strong>praeceden—</strong></span> 
     </span>
    </p>
   </div>
   <div class='ocr_carea' id='block_1_47' title="bbox 535 3060 2116 3133">
    <p class='ocr_par' dir='ltr' id='par_1_47' title="bbox 535 3060 2116 3133">
     <span class='ocr_line' id='line_1_47' title="bbox 535 3060 2116 3133; baseline 0.004 -19"><span class='ocrx_word' id='word_1_319' title='bbox 535 3060 893 3130; x_wconf 76' lang='lat' dir='ltr'><strong>tique-aﬂinis</strong></span> <span class='ocrx_word' id='word_1_320' title='bbox 915 3103 930 3128; x_wconf 92' lang='lat'><strong>,</strong></span> <span class='ocrx_word' id='word_1_321' title='bbox 962 3061 1028 3117; x_wconf 90' lang='lat' dir='ltr'><strong>de</strong></span> <span class='ocrx_word' id='word_1_322' title='bbox 1050 3062 1266 3132; x_wconf 91' lang='lat' dir='ltr'><strong>judicio</strong></span> <span class='ocrx_word' id='word_1_323' title='bbox 1294 3063 1386 3118; x_wconf 91' lang='lat' dir='ltr'><strong>Dei</strong></span> <span class='ocrx_word' id='word_1_324' title='bbox 1418 3065 1584 3120; x_wconf 85' lang='lat' dir='ltr'><strong>verba</strong></span> <span class='ocrx_word' id='word_1_325' title='bbox 1625 3065 1773 3120; x_wconf 82' lang='lat' dir='ltr'><strong>facit.</strong></span> <span class='ocrx_word' id='word_1_326' title='bbox 1823 3065 1976 3133; x_wconf 87' lang='lat' dir='ltr'><strong>Quod</strong></span> <span class='ocrx_word' id='word_1_327' title='bbox 2021 3068 2116 3120; x_wconf 83' lang='lat' dir='ltr'><strong>de-</strong></span> 
     </span>
    </p>
   </div>
   <div class='ocr_carea' id='block_1_48' title="bbox 2213 1953 3788 2027">
    <p class='ocr_par' dir='ltr' id='par_1_48' title="bbox 2213 1953 3788 2027">
     <span class='ocr_line' id='line_1_48' title="bbox 2213 1953 3788 2027; baseline 0.003 -19"><span class='ocrx_word' id='word_1_328' title='bbox 2213 1957 2323 2027; x_wconf 75' lang='grc' dir='ltr'>γὰρ</span> <span class='ocrx_word' id='word_1_329' title='bbox 2346 1956 2618 2025; x_wconf 84' lang='grc' dir='ltr'>Χριστός·</span> <span class='ocrx_word' id='word_1_330' title='bbox 2654 1953 2780 2010; x_wconf 78' lang='grc' dir='ltr'>εἶτα</span> <span class='ocrx_word' id='word_1_331' title='bbox 2806 1959 2859 2011; x_wconf 77' lang='grc' dir='ltr'>οἱ</span> <span class='ocrx_word' id='word_1_332' title='bbox 2879 1957 2983 2010; x_wconf 89' lang='grc' dir='ltr'><strong>τοῦ</strong></span> <span class='ocrx_word' id='word_1_333' title='bbox 3014 1958 3269 2027; x_wconf 85' lang='grc' dir='ltr'>Χριστοῦ</span> <span class='ocrx_word' id='word_1_334' title='bbox 3299 1958 3368 2011; x_wconf 85' lang='grc' dir='ltr'><strong>ἐν</strong></span> <span class='ocrx_word' id='word_1_335' title='bbox 3387 1958 3460 2026; x_wconf 78' lang='grc' dir='ltr'>τῇ</span> <span class='ocrx_word' id='word_1_336' title='bbox 3486 1959 3788 2027; x_wconf 70' lang='grc' dir='ltr'>παρουσίᾳ</span> 
     </span>
    </p>
   </div>
   <div class='ocr_carea' id='block_1_49' title="bbox 2213 2043 3788 2117">
    <p class='ocr_par' dir='ltr' id='par_1_49' title="bbox 2213 2043 3788 2117">
     <span class='ocr_line' id='line_1_49' title="bbox 2213 2043 3788 2117; baseline 0.003 -19"><span class='ocrx_word' id='word_1_337' title='bbox 2213 2047 2419 2099; x_wconf 76' lang='grc' dir='ltr'>αὐτοῦ’</span> <span class='ocrx_word' id='word_1_338' title='bbox 2455 2043 2581 2099; x_wconf 78' lang='grc' dir='ltr'>εἶτα</span> <span class='ocrx_word' id='word_1_339' title='bbox 2613 2048 2677 2100; x_wconf 83' lang='grc' dir='ltr'>τὸ</span> <span class='ocrx_word' id='word_1_340' title='bbox 2705 2047 2896 2112; x_wconf 81' lang='grc' dir='ltr'>τέλος,</span> <span class='ocrx_word' id='word_1_341' title='bbox 2942 2047 3090 2101; x_wconf 84' lang='grc' dir='ltr'>ὅταν</span> <span class='ocrx_word' id='word_1_342' title='bbox 3129 2047 3430 2117; x_wconf 78' lang='grc' dir='ltr'>παραδιδῷ</span> <span class='ocrx_word' id='word_1_343' title='bbox 3468 2048 3586 2116; x_wconf 75' lang='grc' dir='ltr'>τὴν</span> <span class='ocrx_word' id='word_1_344' title='bbox 3607 2048 3788 2112; x_wconf 81' lang='grc' dir='ltr'>,ϐασι-</span> 
     </span>
    </p>
   </div>
   <div class='ocr_carea' id='block_1_50' title="bbox 2212 2131 3790 2207">
    <p class='ocr_par' dir='ltr' id='par_1_50' title="bbox 2212 2131 3790 2207">
     <span class='ocr_line' id='line_1_50' title="bbox 2212 2131 3790 2207; baseline 0.003 -21"><span class='ocrx_word' id='word_1_345' title='bbox 2212 2133 2386 2186; x_wconf 68' lang='grc' dir='ltr'>λείαν</span> <span class='ocrx_word' id='word_1_346' title='bbox 2414 2132 2492 2197; x_wconf 79' lang='grc' dir='ltr'>τῷ</span> <span class='ocrx_word' id='word_1_347' title='bbox 2523 2131 2644 2198; x_wconf 86' lang='grc' dir='ltr'><strong>Θεῷ</strong></span> <span class='ocrx_word' id='word_1_348' title='bbox 2671 2133 2767 2186; x_wconf 78' lang='grc' dir='ltr'>καὶ</span> <span class='ocrx_word' id='word_1_349' title='bbox 2797 2135 2998 2207; x_wconf 60' lang='lat' dir='ltr'><strong>Harp),</strong></span> <span class='ocrx_word' id='word_1_350' title='bbox 3036 2134 3180 2188; x_wconf 70' lang='grc' dir='ltr'>ὅταν</span> <span class='ocrx_word' id='word_1_351' title='bbox 3205 2135 3553 2207; x_wconf 72' lang='grc' dir='ltr'>καταργήσῃ</span> <span class='ocrx_word' id='word_1_352' title='bbox 3583 2135 3790 2191; x_wconf 72' lang='grc' dir='ltr'>πᾶσαν</span> 
     </span>
    </p>
   </div>
   <div class='ocr_carea' id='block_1_51' title="bbox 2212 2223 3788 2293">
    <p class='ocr_par' dir='ltr' id='par_1_51' title="bbox 2212 2223 3788 2293">
     <span class='ocr_line' id='line_1_51' title="bbox 2212 2223 3788 2293; baseline 0 -15"><span class='ocrx_word' id='word_1_353' title='bbox 2212 2223 2504 2287; x_wconf 77' lang='grc' dir='ltr'>ἐξουσίαν</span> <span class='ocrx_word' id='word_1_354' title='bbox 2532 2223 2627 2276; x_wconf 80' lang='grc' dir='ltr'>καὶ</span> <span class='ocrx_word' id='word_1_355' title='bbox 2659 2223 2934 2293; x_wconf 75' lang='grc' dir='ltr'>δύναμιν.</span> <span class='ocrx_word' id='word_1_356' title='bbox 2981 2225 3107 2279; x_wconf 86' lang='grc' dir='ltr'><strong>Ὅτε</strong></span> <span class='ocrx_word' id='word_1_357' title='bbox 3149 2227 3243 2279; x_wconf 75' lang='grc' dir='ltr'><strong>καὶ</strong></span> <span class='ocrx_word' id='word_1_358' title='bbox 3277 2227 3489 2280; x_wconf 88' lang='grc' dir='ltr'>πίονται</span> <span class='ocrx_word' id='word_1_359' title='bbox 3515 2229 3562 2279; x_wconf 90' lang='grc' dir='ltr'>οἱ</span> <span class='ocrx_word' id='word_1_360' title='bbox 3594 2226 3788 2280; x_wconf 72' lang='grc' dir='ltr'>δίκαιοι</span> 
     </span>
    </p>
   </div>
   <div class='ocr_carea' id='block_1_52' title="bbox 2215 2314 3788 2389">
    <p class='ocr_par' dir='ltr' id='par_1_52' title="bbox 2215 2314 3788 2389">
     <span class='ocr_line' id='line_1_52' title="bbox 2215 2314 3788 2389; baseline 0.003 -21"><span class='ocrx_word' id='word_1_361' title='bbox 2215 2316 2474 2386; x_wconf 90' lang='grc' dir='ltr'>ποτήριον</span> <span class='ocrx_word' id='word_1_362' title='bbox 2521 2314 2667 2386; x_wconf 78' lang='grc' dir='ltr'>ζωῆς</span> <span class='ocrx_word' id='word_1_363' title='bbox 2707 2317 2997 2370; x_wconf 80' lang='grc' dir='ltr'>ἀθανάτουο</span> <span class='ocrx_word' id='word_1_364' title='bbox 3044 2319 3178 2389; x_wconf 84' lang='grc' dir='ltr'>ὅπερ</span> <span class='ocrx_word' id='word_1_365' title='bbox 3225 2319 3407 2382; x_wconf 81' lang='grc' dir='ltr'>αὐτοῖς</span> <span class='ocrx_word' id='word_1_366' title='bbox 3456 2319 3788 2389; x_wconf 75' lang='grc' dir='ltr'>ἐπήγγελται</span> 
     </span>
    </p>
   </div>
   <div class='ocr_carea' id='block_1_53' title="bbox 2215 2405 3789 2481">
    <p class='ocr_par' dir='ltr' id='par_1_53' title="bbox 2215 2405 3789 2481">
     <span class='ocr_line' id='line_1_53' title="bbox 2215 2405 3789 2481; baseline 0.005 -24"><span class='ocrx_word' id='word_1_367' title='bbox 2215 2405 2401 2459; x_wconf 80' lang='grc' dir='ltr'>εἰπών·</span> <span class='ocrx_word' id='word_1_368' title='bbox 2436 2408 2584 2473; x_wconf 83' lang='grc' dir='ltr'>Ἕως</span> <span class='ocrx_word' id='word_1_369' title='bbox 2608 2408 2686 2462; x_wconf 79' lang='grc' dir='ltr'>ἂν</span> <span class='ocrx_word' id='word_1_370' title='bbox 2711 2409 2825 2462; x_wconf 76' lang='grc' dir='ltr'><strong>πίω</strong></span> <span class='ocrx_word' id='word_1_371' title='bbox 2845 2410 3002 2463; x_wconf 82' lang='grc' dir='ltr'>-αὐτὺ</span> <span class='ocrx_word' id='word_1_372' title='bbox 3033 2411 3243 2465; x_wconf 78' lang='grc' dir='ltr'>καινὸν</span> <span class='ocrx_word' id='word_1_373' title='bbox 3273 2413 3403 2481; x_wconf 77' lang='grc' dir='ltr'>μεθ’</span> <span class='ocrx_word' id='word_1_374' title='bbox 3425 2411 3598 2480; x_wconf 79' lang='grc' dir='ltr'>ὑμῶν</span> <span class='ocrx_word' id='word_1_375' title='bbox 3625 2414 3696 2465; x_wconf 80' lang='grc' dir='ltr'>ἐν</span> <span class='ocrx_word' id='word_1_376' title='bbox 3721 2413 3789 2481; x_wconf 75' lang='grc' dir='ltr'>τῇ</span> 
     </span>
    </p>
   </div>
   <div class='ocr_carea' id='block_1_54' title="bbox 2209 2497 2943 2569">
    <p class='ocr_par' dir='ltr' id='par_1_54' title="bbox 2209 2497 2943 2569">
     <span class='ocr_line' id='line_1_54' title="bbox 2209 2497 2943 2569; baseline 0.005 -20"><span class='ocrx_word' id='word_1_377' title='bbox 2209 2497 2494 2566; x_wconf 78' lang='grc' dir='ltr'>βασιλείᾳ</span> <span class='ocrx_word' id='word_1_378' title='bbox 2525 2499 2644 2552; x_wconf 84' lang='grc' dir='ltr'>τῶν</span> <span class='ocrx_word' id='word_1_379' title='bbox 2671 2499 2943 2569; x_wconf 81' lang='grc' dir='ltr'>οὐρανῶν</span> 
     </span>
    </p>
   </div>
   <div class='ocr_carea' id='block_1_55' title="bbox 2216 2612 3789 2757">
    <p class='ocr_par' dir='ltr' id='par_1_55' title="bbox 2216 2612 3789 2757">
     <span class='ocr_line' id='line_1_55' title="bbox 2216 2612 3789 2757; baseline 0.008 -93"><span class='ocrx_word' id='word_1_380' title='bbox 2216 2612 2325 2665; x_wconf 86' lang='grc' dir='ltr'><strong>ΕΙΣ</strong></span> <span class='ocrx_word' id='word_1_381' title='bbox 2357 2614 2442 2667; x_wconf 89' lang='grc' dir='ltr'><strong>ΤΟ</strong></span> <span class='ocrx_word' id='word_1_382' title='bbox 2469 2615 2708 2682; x_wconf 86' lang='grc' dir='ltr'><strong>ΤΕΛΟΣ,</strong></span> <span class='ocrx_word' id='word_1_383' title='bbox 2734 2617 2826 2670; x_wconf 88' lang='grc' dir='ltr'><strong>ΕΝ</strong></span> <span class='ocrx_word' id='word_1_384' title='bbox 3158 2618 3454 2672; x_wconf 74' lang='grc' dir='ltr'><strong>ΨΑΑΜΟΣ</strong></span> <span class='ocrx_word' id='word_1_385' title='bbox 3480 2619 3570 2689; x_wconf 50' lang='lat' dir='ltr'><strong>Ti;</strong></span> <span class='ocrx_word' id='word_1_386' title='bbox 3595 2620 3789 2680; x_wconf 69' lang='grc' dir='ltr'><strong>ΔΣΔΦ.</strong></span> 
     </span>
    </p>
   </div>
   <div class='ocr_carea' id='block_1_56' title="bbox 2287 2790 3788 2864">
    <p class='ocr_par' dir='ltr' id='par_1_56' title="bbox 2287 2790 3788 2864">
     <span class='ocr_line' id='line_1_56' title="bbox 2287 2790 3788 2864; baseline 0.004 -21"><span class='ocrx_word' id='word_1_387' title='bbox 2287 2791 2571 2856; x_wconf 77' lang='grc' dir='ltr'>Γνωστὸς</span> <span class='ocrx_word' id='word_1_388' title='bbox 2599 2792 2669 2845; x_wconf 87' lang='grc' dir='ltr'><strong>ἐν</strong></span> <span class='ocrx_word' id='word_1_389' title='bbox 2697 2790 2774 2861; x_wconf 76' lang='grc' dir='ltr'>τῇ</span> <span class='ocrx_word' id='word_1_390' title='bbox 2811 2793 3061 2862; x_wconf 77' lang='grc' dir='ltr'>Ἰουδαίᾳ</span> <span class='ocrx_word' id='word_1_391' title='bbox 3085 2796 3118 2847; x_wconf 84' lang='grc' dir='ltr'><strong><em>ό</em></strong></span> <span class='ocrx_word' id='word_1_392' title='bbox 3145 2793 3309 2861; x_wconf 81' lang='grc' dir='ltr'>Θεὸς,</span> <span class='ocrx_word' id='word_1_393' title='bbox 3337 2794 3407 2848; x_wconf 72' lang='grc' dir='ltr'><strong>ἐν</strong></span> <span class='ocrx_word' id='word_1_394' title='bbox 3431 2794 3513 2859; x_wconf 85' lang='grc' dir='ltr'>τῷ</span> <span class='ocrx_word' id='word_1_395' title='bbox 3549 2795 3788 2864; x_wconf 71' lang='grc' dir='ltr'>Ἰσραὴλ</span> 
     </span>
    </p>
   </div>
   <div class='ocr_carea' id='block_1_57' title="bbox 2209 2883 3790 2958">
    <p class='ocr_par' dir='ltr' id='par_1_57' title="bbox 2209 2883 3790 2958">
     <span class='ocr_line' id='line_1_57' title="bbox 2209 2883 3790 2958; baseline 0.003 -22"><span class='ocrx_word' id='word_1_396' title='bbox 2209 2883 2363 2954; x_wconf 74' lang='grc' dir='ltr'>μέγα</span> <span class='ocrx_word' id='word_1_397' title='bbox 2387 2883 2452 2938; x_wconf 78' lang='grc' dir='ltr'>τὸ</span> <span class='ocrx_word' id='word_1_398' title='bbox 2467 2884 2654 2954; x_wconf 83' lang='grc' dir='ltr'>ὄνομα</span> <span class='ocrx_word' id='word_1_399' title='bbox 2677 2884 2883 2940; x_wconf 85' lang='grc' dir='ltr'>αὐτοῦ.</span> <span class='ocrx_word' id='word_1_400' title='bbox 2906 2885 3025 2939; x_wconf 84' lang='grc' dir='ltr'><strong>Τῶν</strong></span> <span class='ocrx_word' id='word_1_401' title='bbox 3042 2886 3128 2939; x_wconf 79' lang='grc' dir='ltr'>ἐπ’</span> <span class='ocrx_word' id='word_1_402' title='bbox 3151 2886 3351 2955; x_wconf 83' lang='grc' dir='ltr'>ἀγαθὸν</span> <span class='ocrx_word' id='word_1_403' title='bbox 3370 2885 3520 2950; x_wconf 82' lang='grc' dir='ltr'>τέλος</span> <span class='ocrx_word' id='word_1_404' title='bbox 3545 2887 3722 2941; x_wconf 85' lang='grc' dir='ltr'>άναπε</span> <span class='ocrx_word' id='word_1_405' title='bbox 3729 2907 3790 2958; x_wconf 86' lang='grc' dir='ltr'>μ-</span> 
     </span>
    </p>
   </div>
   <div class='ocr_carea' id='block_1_58' title="bbox 2215 2975 3789 3050">
    <p class='ocr_par' dir='ltr' id='par_1_58' title="bbox 2215 2975 3789 3050">
     <span class='ocr_line' id='line_1_58' title="bbox 2215 2975 3789 3050; baseline 0.003 -22"><span class='ocrx_word' id='word_1_406' title='bbox 2215 2975 2422 3028; x_wconf 83' lang='grc' dir='ltr'>πόντων</span> <span class='ocrx_word' id='word_1_407' title='bbox 2445 2977 2536 3029; x_wconf 74' lang='grc' dir='ltr'><strong>καὶ</strong></span> <span class='ocrx_word' id='word_1_408' title='bbox 2554 2979 2582 3029; x_wconf 85' lang='grc' dir='ltr'>ὁ</span> <span class='ocrx_word' id='word_1_409' title='bbox 2605 2975 2792 3048; x_wconf 89' lang='grc' dir='ltr'>παρὼν</span> <span class='ocrx_word' id='word_1_410' title='bbox 2820 2977 3074 3047; x_wconf 75' lang='grc' dir='ltr'>τυγχάνει</span> <span class='ocrx_word' id='word_1_411' title='bbox 3107 2977 3339 3049; x_wconf 79' lang='grc' dir='ltr'>ψαλμός.</span> <span class='ocrx_word' id='word_1_412' title='bbox 3368 2979 3592 3050; x_wconf 80' lang='grc' dir='ltr'>Συνᾴδει</span> <span class='ocrx_word' id='word_1_413' title='bbox 3625 2979 3681 3032; x_wconf 81' lang='grc' dir='ltr'>δὲ</span> 
     </span>
    </p>
   </div>
   <div class='ocr_carea' id='block_1_59' title="bbox 2217 3066 3790 3140">
    <p class='ocr_par' dir='ltr' id='par_1_59' title="bbox 2217 3066 3790 3140">
     <span class='ocr_line' id='line_1_59' title="bbox 2217 3066 3790 3140; baseline 0.001 -21"><span class='ocrx_word' id='word_1_414' title='bbox 2217 3067 2322 3137; x_wconf 83' lang='grc' dir='ltr'><strong>πρὸ</strong></span> <span class='ocrx_word' id='word_1_415' title='bbox 2357 3066 2542 3133; x_wconf 78' lang='grc' dir='ltr'>αὐτοῦ,</span> <span class='ocrx_word' id='word_1_416' title='bbox 2578 3069 2704 3132; x_wconf 78' lang='grc' dir='ltr'>τοὺς</span> <span class='ocrx_word' id='word_1_417' title='bbox 2746 3069 2874 3140; x_wconf 76' lang='grc' dir='ltr'>περὶ</span> <span class='ocrx_word' id='word_1_418' title='bbox 2901 3071 3001 3140; x_wconf 80' lang='grc' dir='ltr'>τῆς</span> <span class='ocrx_word' id='word_1_419' title='bbox 3022 3070 3261 3139; x_wconf 83' lang='grc' dir='ltr'>κρίσεως</span> <span class='ocrx_word' id='word_1_420' title='bbox 3284 3068 3378 3123; x_wconf 82' lang='grc' dir='ltr'><strong>τοῦ</strong></span> <span class='ocrx_word' id='word_1_421' title='bbox 3417 3069 3550 3122; x_wconf 83' lang='grc' dir='ltr'>Θεοῦ</span> <span class='ocrx_word' id='word_1_422' title='bbox 3601 3069 3790 3136; x_wconf 77' lang='grc' dir='ltr'>λόγους</span> 
     </span>
    </p>
   </div>
   <div class='ocr_carea' id='block_1_60' title="bbox 530 3153 2111 3233">
    <p class='ocr_par' dir='ltr' id='par_1_60' title="bbox 530 3153 2111 3228">
     <span class='ocr_line' id='line_1_60' title="bbox 530 3153 2111 3228; baseline 0.004 -22"><span class='ocrx_word' id='word_1_423' title='bbox 530 3153 729 3223; x_wconf 75' lang='grc' dir='ltr'>·ἰηςερε</span> <span class='ocrx_word' id='word_1_424' title='bbox 761 3153 845 3207; x_wconf 86' lang='lat' dir='ltr'><strong>his</strong></span> <span class='ocrx_word' id='word_1_425' title='bbox 879 3153 1061 3208; x_wconf 78' lang='lat' dir='ltr'><strong>verbis</strong></span> <span class='ocrx_word' id='word_1_426' title='bbox 1092 3153 1375 3208; x_wconf 83' lang='lat' dir='ltr'><strong>declarat:</strong></span> <span class='ocrx_word' id='word_1_427' title='bbox 1409 3155 1485 3210; x_wconf 89' lang='lat' dir='ltr'><strong>De</strong></span> <span class='ocrx_word' id='word_1_428' title='bbox 1511 3158 1638 3211; x_wconf 68' lang='lat' dir='ltr'><strong>calo</strong></span> <span class='ocrx_word' id='word_1_429' title='bbox 1669 3157 1908 3210; x_wconf 81' lang='lat' dir='ltr'><strong>auditum</strong></span> <span class='ocrx_word' id='word_1_430' title='bbox 1939 3158 2111 3228; x_wconf 75' lang='lat' dir='ltr'><strong>fecisti</strong></span> 
     </span>
    </p>
   </div>
   <div class='ocr_carea' id='block_1_61' title="bbox 2214 3153 3788 3233">
    <p class='ocr_par' dir='ltr' id='par_1_61' title="bbox 2217 3159 3788 3233">
     <span class='ocr_line' id='line_1_61' title="bbox 2217 3159 3788 3233; baseline -0.001 -19"><span class='ocrx_word' id='word_1_431' title='bbox 2217 3161 2504 3233; x_wconf 80' lang='grc' dir='ltr'>περιέχων.</span> <span class='ocrx_word' id='word_1_432' title='bbox 2555 3161 2619 3213; x_wconf 83' lang='lat'><strong>’0</strong></span> <span class='ocrx_word' id='word_1_433' title='bbox 2660 3159 2725 3231; x_wconf 86' lang='grc' dir='ltr'>δὴ</span> <span class='ocrx_word' id='word_1_434' title='bbox 2775 3160 3074 3231; x_wconf 83' lang='grc' dir='ltr'>παρίστησι</span> <span class='ocrx_word' id='word_1_435' title='bbox 3108 3160 3330 3230; x_wconf 81' lang='grc' dir='ltr'>φάσκων</span> <span class='ocrx_word' id='word_1_436' title='bbox 3362 3161 3506 3231; x_wconf 79' lang='grc' dir='ltr'><strong>ἑξῆς·</strong></span> <span class='ocrx_word' id='word_1_437' title='bbox 3554 3161 3654 3216; x_wconf 82' lang='grc' dir='ltr'>Ἐκ</span> <span class='ocrx_word' id='word_1_438' title='bbox 3689 3160 3788 3214; x_wconf 83' lang='grc' dir='ltr'><strong>τοῦ</strong></span> 
     </span>
    </p>
   </div>
   <div class='ocr_carea' id='block_1_62' title="bbox 534 3242 2110 3320">
    <p class='ocr_par' dir='ltr' id='par_1_62' title="bbox 534 3242 2110 3320">
     <span class='ocr_line' id='line_1_62' title="bbox 534 3242 2110 3320; baseline 0.004 -22"><span class='ocrx_word' id='word_1_439' title='bbox 534 3242 996 3311; x_wconf 69' lang='grc' dir='ltr'>ᾔιιάὶοἱιιηι,ιιει·να</span> <span class='ocrx_word' id='word_1_440' title='bbox 1019 3247 1229 3300; x_wconf 85' lang='lat' dir='ltr'><strong>tremuit</strong></span> <span class='ocrx_word' id='word_1_441' title='bbox 1256 3256 1305 3300; x_wconf 84' lang='lat' dir='ltr'><strong>et</strong></span> <span class='ocrx_word' id='word_1_442' title='bbox 1333 3249 1557 3319; x_wconf 80' lang='lat' dir='ltr'><strong>quievit,</strong></span> <span class='ocrx_word' id='word_1_443' title='bbox 1584 3265 1702 3302; x_wconf 85' lang='lat' dir='ltr'><strong>cum</strong></span> <span class='ocrx_word' id='word_1_444' title='bbox 1727 3261 2030 3320; x_wconf 73' lang='lat' dir='ltr'><strong>exsurgeret</strong></span> <span class='ocrx_word' id='word_1_445' title='bbox 2056 3252 2110 3304; x_wconf 84' lang='lat' dir='ltr'><strong>in</strong></span> 
     </span>
    </p>
   </div>
   <div class='ocr_carea' id='block_1_63' title="bbox 535 3336 2110 3410">
    <p class='ocr_par' dir='ltr' id='par_1_63' title="bbox 535 3336 2110 3410">
     <span class='ocr_line' id='line_1_63' title="bbox 535 3336 2110 3410; baseline 0.006 -22"><span class='ocrx_word' id='word_1_446' title='bbox 535 3336 793 3405; x_wconf 75' lang='lat' dir='ltr'><strong>judicium</strong></span> <span class='ocrx_word' id='word_1_447' title='bbox 833 3337 1000 3401; x_wconf 86' lang='lat' dir='ltr'><strong>Deus,</strong></span> <span class='ocrx_word' id='word_1_448' title='bbox 1034 3349 1090 3392; x_wconf 87' lang='lat' dir='ltr'><strong>ut</strong></span> <span class='ocrx_word' id='word_1_449' title='bbox 1124 3339 1298 3394; x_wconf 84' lang='lat' dir='ltr'><strong>salvos</strong></span> <span class='ocrx_word' id='word_1_450' title='bbox 1352 3341 1547 3410; x_wconf 80' lang='lat' dir='ltr'><strong>faceret</strong></span> <span class='ocrx_word' id='word_1_451' title='bbox 1583 3359 1761 3397; x_wconf 84' lang='lat' dir='ltr'><strong>omnes</strong></span> <span class='ocrx_word' id='word_1_452' title='bbox 1808 3355 2110 3398; x_wconf 82' lang='lat' dir='ltr'><strong>mansuetos</strong></span> 
     </span>
    </p>
   </div>
   <div class='ocr_carea' id='block_1_64' title="bbox 533 3427 2114 3501">
    <p class='ocr_par' dir='ltr' id='par_1_64' title="bbox 533 3427 2114 3501">
     <span class='ocr_line' id='line_1_64' title="bbox 533 3427 2114 3501; baseline 0.006 -21"><span class='ocrx_word' id='word_1_453' title='bbox 533 3437 716 3481; x_wconf 69' lang='lat' dir='ltr'><strong>terrm.</strong></span> <span class='ocrx_word' id='word_1_454' title='bbox 761 3427 826 3481; x_wconf 84' lang='lat' dir='ltr'><strong>Et</strong></span> <span class='ocrx_word' id='word_1_455' title='bbox 859 3430 913 3483; x_wconf 92' lang='lat' dir='ltr'><strong>in</strong></span> <span class='ocrx_word' id='word_1_456' title='bbox 948 3430 1039 3484; x_wconf 90' lang='lat' dir='ltr'><strong>illo</strong></span> <span class='ocrx_word' id='word_1_457' title='bbox 1083 3431 1301 3500; x_wconf 86' lang='lat' dir='ltr'><strong>quidem</strong></span> <span class='ocrx_word' id='word_1_458' title='bbox 1346 3433 1548 3501; x_wconf 87' lang='lat' dir='ltr'><strong>iniquis</strong></span> <span class='ocrx_word' id='word_1_459' title='bbox 1589 3434 1895 3500; x_wconf 84' lang='lat' dir='ltr'><strong>dicebatur,</strong></span> <span class='ocrx_word' id='word_1_460' title='bbox 1935 3434 2114 3490; x_wconf 85' lang='lat' dir='ltr'><strong>Nolite</strong></span> 
     </span>
    </p>
   </div>
   <div class='ocr_carea' id='block_1_65' title="bbox 527 3518 2114 3586">
    <p class='ocr_par' dir='ltr' id='par_1_65' title="bbox 527 3518 2114 3586">
     <span class='ocr_line' id='line_1_65' title="bbox 527 3518 2114 3586; baseline 0.007 -15"><span class='ocrx_word' id='word_1_461' title='bbox 527 3518 779 3573; x_wconf 72' lang='lat' dir='ltr'><strong>exaltare</strong></span> <span class='ocrx_word' id='word_1_462' title='bbox 803 3537 965 3575; x_wconf 84' lang='lat' dir='ltr'><strong>cornu</strong></span> <span class='ocrx_word' id='word_1_463' title='bbox 984 3562 998 3586; x_wconf 93' lang='lat'><strong>,</strong></span> <span class='ocrx_word' id='word_1_464' title='bbox 1022 3531 1072 3576; x_wconf 89' lang='lat' dir='ltr'><strong>et</strong></span> <span class='ocrx_word' id='word_1_465' title='bbox 1098 3523 1260 3576; x_wconf 87' lang='lat' dir='ltr'><strong>nolite</strong></span> <span class='ocrx_word' id='word_1_466' title='bbox 1281 3524 1535 3578; x_wconf 59' lang='lat' dir='ltr'><strong>extollere</strong></span> <span class='ocrx_word' id='word_1_467' title='bbox 1563 3526 1614 3579; x_wconf 87' lang='lat' dir='ltr'><strong>in</strong></span> <span class='ocrx_word' id='word_1_468' title='bbox 1645 3526 1812 3579; x_wconf 89' lang='lat' dir='ltr'><strong>altum</strong></span> <span class='ocrx_word' id='word_1_469' title='bbox 1839 3544 2002 3581; x_wconf 87' lang='lat' dir='ltr'><strong>cornu</strong></span> <span class='ocrx_word' id='word_1_470' title='bbox 2033 3546 2114 3582; x_wconf 78' lang='lat' dir='ltr'><strong>re-</strong></span> 
     </span>
    </p>
   </div>
   <div class='ocr_carea' id='block_1_66' title="bbox 538 3612 2116 3684">
    <p class='ocr_par' dir='ltr' id='par_1_66' title="bbox 538 3612 2116 3684">
     <span class='ocr_line' id='line_1_66' title="bbox 538 3612 2116 3684; baseline 0.006 -21"><span class='ocrx_word' id='word_1_471' title='bbox 538 3620 710 3664; x_wconf 83' lang='lat' dir='ltr'><strong>strum</strong></span> <span class='ocrx_word' id='word_1_472' title='bbox 737 3612 821 3677; x_wconf 73' lang='lat'><strong>&quot;;</strong></span> <span class='ocrx_word' id='word_1_473' title='bbox 852 3613 907 3666; x_wconf 92' lang='lat' dir='ltr'><strong>in</strong></span> <span class='ocrx_word' id='word_1_474' title='bbox 938 3614 1193 3684; x_wconf 72' lang='lat' dir='ltr'><strong>praesenti</strong></span> <span class='ocrx_word' id='word_1_475' title='bbox 1224 3631 1354 3669; x_wconf 81' lang='lat' dir='ltr'><strong>vero</strong></span> <span class='ocrx_word' id='word_1_476' title='bbox 1375 3655 1390 3678; x_wconf 93' lang='lat'><strong>,</strong></span> <span class='ocrx_word' id='word_1_477' title='bbox 1423 3615 1646 3670; x_wconf 87' lang='lat' dir='ltr'><strong>Turbati</strong></span> <span class='ocrx_word' id='word_1_478' title='bbox 1675 3628 1798 3672; x_wconf 82' lang='lat' dir='ltr'><strong>sunt</strong></span> <span class='ocrx_word' id='word_1_479' title='bbox 1826 3635 2001 3674; x_wconf 87' lang='lat' dir='ltr'><strong>omnes</strong></span> <span class='ocrx_word' id='word_1_480' title='bbox 2033 3620 2116 3672; x_wconf 86' lang='lat' dir='ltr'><strong>in-</strong></span> 
     </span>
    </p>
   </div>
   <div class='ocr_carea' id='block_1_67' title="bbox 539 3703 2113 3775">
    <p class='ocr_par' dir='ltr' id='par_1_67' title="bbox 539 3703 2113 3775">
     <span class='ocr_line' id='line_1_67' title="bbox 539 3703 2113 3775; baseline 0.006 -20"><span class='ocrx_word' id='word_1_481' title='bbox 539 3703 986 3772; x_wconf 58' lang='lat' dir='ltr'><strong>sipientes&#39;co&#39;rde.</strong></span> <span class='ocrx_word' id='word_1_482' title='bbox 1025 3706 1362 3762; x_wconf 86' lang='lat' dir='ltr'><strong>Dormierunt</strong></span> <span class='ocrx_word' id='word_1_483' title='bbox 1396 3725 1640 3763; x_wconf 86' lang='lat' dir='ltr'><strong>somnum</strong></span> <span class='ocrx_word' id='word_1_484' title='bbox 1669 3727 1821 3764; x_wconf 87' lang='lat' dir='ltr'><strong>suum</strong></span> <span class='ocrx_word' id='word_1_485' title='bbox 1845 3752 1860 3775; x_wconf 93' lang='lat'><strong>,</strong></span> <span class='ocrx_word' id='word_1_486' title='bbox 1895 3721 1943 3765; x_wconf 86' lang='lat' dir='ltr'><strong>et</strong></span> <span class='ocrx_word' id='word_1_487' title='bbox 1979 3713 2113 3766; x_wconf 81' lang='lat' dir='ltr'><strong>nihil</strong></span> 
     </span>
    </p>
   </div>
   <div class='ocr_carea' id='block_1_68' title="bbox 539 3794 2112 3871">
    <p class='ocr_par' dir='ltr' id='par_1_68' title="bbox 539 3794 2112 3871">
     <span class='ocr_line' id='line_1_68' title="bbox 539 3794 2112 3871; baseline 0.005 -25"><span class='ocrx_word' id='word_1_488' title='bbox 539 3794 845 3848; x_wconf 79' lang='lat' dir='ltr'><strong>invenerunt</strong></span> <span class='ocrx_word' id='word_1_489' title='bbox 879 3813 1054 3851; x_wconf 88' lang='lat' dir='ltr'><strong>omnes</strong></span> <span class='ocrx_word' id='word_1_490' title='bbox 1085 3798 1184 3852; x_wconf 85' lang='lat' dir='ltr'><strong>viri</strong></span> <span class='ocrx_word' id='word_1_491' title='bbox 1213 3799 1542 3854; x_wconf 83' lang='lat' dir='ltr'><strong>divitiarum.</strong></span> <span class='ocrx_word' id='word_1_492' title='bbox 1573 3799 1636 3854; x_wconf 82' lang='lat' dir='ltr'><strong>Hi</strong></span> <span class='ocrx_word' id='word_1_493' title='bbox 1667 3816 1796 3855; x_wconf 85' lang='lat' dir='ltr'><strong>vero</strong></span> <span class='ocrx_word' id='word_1_494' title='bbox 1827 3810 1986 3855; x_wconf 84' lang='lat' dir='ltr'><strong>erant</strong></span> <span class='ocrx_word' id='word_1_495' title='bbox 2015 3802 2112 3871; x_wconf 85' lang='lat' dir='ltr'><strong>qui</strong></span> 
     </span>
    </p>
   </div>
   <div class='ocr_carea' id='block_1_69' title="bbox 540 3889 2113 3964">
    <p class='ocr_par' dir='ltr' id='par_1_69' title="bbox 540 3889 2113 3964">
     <span class='ocr_line' id='line_1_69' title="bbox 540 3889 2113 3964; baseline 0.004 -24"><span class='ocrx_word' id='word_1_496' title='bbox 540 3901 749 3941; x_wconf 88' lang='lat' dir='ltr'><strong>cornua</strong></span> <span class='ocrx_word' id='word_1_497' title='bbox 795 3889 1123 3945; x_wconf 85' lang='lat' dir='ltr'><strong>extulerant.</strong></span> <span class='ocrx_word' id='word_1_498' title='bbox 1179 3889 1275 3946; x_wconf 87' lang='lat' dir='ltr'><strong>His</strong></span> <span class='ocrx_word' id='word_1_499' title='bbox 1323 3906 1487 3961; x_wconf 88' lang='lat' dir='ltr'><strong>porro</strong></span> <span class='ocrx_word' id='word_1_500' title='bbox 1523 3892 1870 3947; x_wconf 73' lang='lat' dir='ltr'><strong>altissimum</strong></span> <span class='ocrx_word' id='word_1_501' title='bbox 1920 3895 2113 3964; x_wconf 82' lang='lat' dir='ltr'><strong>dogma</strong></span> 
     </span>
    </p>
   </div>
   <div class='ocr_carea' id='block_1_70' title="bbox 537 3979 2115 4055">
    <p class='ocr_par' dir='ltr' id='par_1_70' title="bbox 537 3979 2115 4055">
     <span class='ocr_line' id='line_1_70' title="bbox 537 3979 2115 4055; baseline 0.004 -23"><span class='ocrx_word' id='word_1_502' title='bbox 537 3979 798 4046; x_wconf 86' lang='lat' dir='ltr'><strong>traditur,</strong></span> <span class='ocrx_word' id='word_1_503' title='bbox 837 3990 894 4034; x_wconf 92' lang='lat' dir='ltr'><strong>ut</strong></span> <span class='ocrx_word' id='word_1_504' title='bbox 939 3982 1178 4036; x_wconf 86' lang='lat' dir='ltr'><strong>sciamus</strong></span> <span class='ocrx_word' id='word_1_505' title='bbox 1223 3983 1316 4051; x_wconf 91' lang='lat' dir='ltr'><strong>qui</strong></span> <span class='ocrx_word' id='word_1_506' title='bbox 1360 3985 1624 4039; x_wconf 68' lang='lat' dir='ltr'><strong>sit&#39;verus</strong></span> <span class='ocrx_word' id='word_1_507' title='bbox 1655 3983 1856 4048; x_wconf 86' lang='lat' dir='ltr'><strong>Israel,</strong></span> <span class='ocrx_word' id='word_1_508' title='bbox 1901 3993 1954 4040; x_wconf 90' lang='lat' dir='ltr'><strong>et</strong></span> <span class='ocrx_word' id='word_1_509' title='bbox 1995 4000 2115 4055; x_wconf 73' lang='lat' dir='ltr'><strong>qua:</strong></span> 
     </span>
    </p>
   </div>
   <div class='ocr_carea' id='block_1_71' title="bbox 539 4071 2113 4146">
    <p class='ocr_par' dir='ltr' id='par_1_71' title="bbox 539 4071 2113 4146">
     <span class='ocr_line' id='line_1_71' title="bbox 539 4071 2113 4146; baseline 0.006 -22"><span class='ocrx_word' id='word_1_510' title='bbox 539 4072 613 4125; x_wconf 85' lang='lat' dir='ltr'><strong>sit</strong></span> <span class='ocrx_word' id='word_1_511' title='bbox 641 4072 763 4140; x_wconf 86' lang='lat' dir='ltr'><strong>ejus</strong></span> <span class='ocrx_word' id='word_1_512' title='bbox 815 4071 1116 4126; x_wconf 88' lang='lat' dir='ltr'><strong>secundum</strong></span> <span class='ocrx_word' id='word_1_513' title='bbox 1158 4082 1360 4128; x_wconf 88' lang='lat' dir='ltr'><strong>rectam</strong></span> <span class='ocrx_word' id='word_1_514' title='bbox 1400 4091 1693 4146; x_wconf 80' lang='lat' dir='ltr'><strong>veramque</strong></span> <span class='ocrx_word' id='word_1_515' title='bbox 1725 4078 1988 4132; x_wconf 88' lang='lat' dir='ltr'><strong>rationem</strong></span> <span class='ocrx_word' id='word_1_516' title='bbox 2022 4093 2113 4133; x_wconf 85' lang='lat' dir='ltr'><strong>re-</strong></span> 
     </span>
    </p>
   </div>
   <div class='ocr_carea' id='block_1_72' title="bbox 535 4162 2116 4234">
    <p class='ocr_par' dir='ltr' id='par_1_72' title="bbox 535 4162 2116 4234">
     <span class='ocr_line' id='line_1_72' title="bbox 535 4162 2116 4234; baseline 0.004 -19"><span class='ocrx_word' id='word_1_517' title='bbox 535 4162 664 4232; x_wconf 59' lang='lat' dir='ltr'><strong>gio,</strong></span> <span class='ocrx_word' id='word_1_518' title='bbox 700 4177 821 4231; x_wconf 71' lang='lat' dir='ltr'><strong>qua:</strong></span> <span class='ocrx_word' id='word_1_519' title='bbox 853 4170 1082 4216; x_wconf 80' lang='lat' dir='ltr'><strong>vocatur</strong></span> <span class='ocrx_word' id='word_1_520' title='bbox 1109 4163 1334 4232; x_wconf 72' lang='lat' dir='ltr'><strong>Judaea;</strong></span> <span class='ocrx_word' id='word_1_521' title='bbox 1370 4181 1492 4234; x_wconf 72' lang='lat' dir='ltr'><strong>qua:</strong></span> <span class='ocrx_word' id='word_1_522' title='bbox 1539 4166 1670 4221; x_wconf 85' lang='lat' dir='ltr'><strong>item</strong></span> <span class='ocrx_word' id='word_1_523' title='bbox 1726 4184 1851 4222; x_wconf 88' lang='lat' dir='ltr'><strong>vera</strong></span> <span class='ocrx_word' id='word_1_524' title='bbox 1893 4167 2116 4223; x_wconf 83' lang='lat' dir='ltr'><strong>Jerusa-</strong></span> 
     </span>
    </p>
   </div>
   <div class='ocr_carea' id='block_1_73' title="bbox 557 4253 2114 4329">
    <p class='ocr_par' dir='ltr' id='par_1_73' title="bbox 557 4253 2114 4329">
     <span class='ocr_line' id='line_1_73' title="bbox 557 4253 2114 4329; baseline 0.004 -19"><span class='ocrx_word' id='word_1_525' title='bbox 557 4271 642 4310; x_wconf 41' lang='grc' dir='ltr'><strong>θη</strong></span> <span class='ocrx_word' id='word_1_526' title='bbox 664 4293 676 4317; x_wconf 89' lang='grc'><strong>,</strong></span> <span class='ocrx_word' id='word_1_527' title='bbox 698 4253 843 4323; x_wconf 88' lang='lat' dir='ltr'><strong>quod</strong></span> <span class='ocrx_word' id='word_1_528' title='bbox 864 4255 952 4309; x_wconf 88' lang='lat' dir='ltr'><strong>Dei</strong></span> <span class='ocrx_word' id='word_1_529' title='bbox 972 4255 1328 4311; x_wconf 89' lang='lat' dir='ltr'><strong>domicilium.</strong></span> <span class='ocrx_word' id='word_1_530' title='bbox 1355 4255 1485 4311; x_wconf 70' lang='lat' dir='ltr'><strong>Hmc&#39;</strong></span> <span class='ocrx_word' id='word_1_531' title='bbox 1502 4255 1738 4328; x_wconf 85' lang='lat' dir='ltr'><strong>Spiritus</strong></span> <span class='ocrx_word' id='word_1_532' title='bbox 1765 4260 2114 4329; x_wconf 82' lang='lat' dir='ltr'><strong>pr0pheticus</strong></span> 
     </span>
    </p>
   </div>
   <div class='ocr_carea' id='block_1_74' title="bbox 531 4347 2113 4420">
    <p class='ocr_par' dir='ltr' id='par_1_74' title="bbox 531 4347 2113 4420">
     <span class='ocr_line' id='line_1_74' title="bbox 531 4347 2113 4420; baseline 0.002 -20"><span class='ocrx_word' id='word_1_533' title='bbox 531 4347 872 4417; x_wconf 66' lang='lat' dir='ltr'><strong>praecellenti</strong></span> <span class='ocrx_word' id='word_1_534' title='bbox 917 4347 1184 4416; x_wconf 87' lang='lat' dir='ltr'><strong>sapientia</strong></span> <span class='ocrx_word' id='word_1_535' title='bbox 1230 4348 1541 4417; x_wconf 88' lang='lat' dir='ltr'><strong>dispensat,</strong></span> <span class='ocrx_word' id='word_1_536' title='bbox 1578 4357 1757 4419; x_wconf 79' lang='lat' dir='ltr'><strong>atque</strong></span> <span class='ocrx_word' id='word_1_537' title='bbox 1789 4366 1893 4404; x_wconf 88' lang='lat' dir='ltr'><strong>una</strong></span> <span class='ocrx_word' id='word_1_538' title='bbox 1925 4351 1991 4405; x_wconf 88' lang='lat' dir='ltr'><strong>iis</strong></span> <span class='ocrx_word' id='word_1_539' title='bbox 2020 4350 2113 4420; x_wconf 86' lang='lat' dir='ltr'><strong>qui</strong></span> 
     </span>
    </p>
   </div>
   <div class='ocr_carea' id='block_1_75' title="bbox 530 4436 2113 4511">
    <p class='ocr_par' dir='ltr' id='par_1_75' title="bbox 530 4436 2113 4511">
     <span class='ocr_line' id='line_1_75' title="bbox 530 4436 2113 4511; baseline 0.002 -19"><span class='ocrx_word' id='word_1_540' title='bbox 530 4438 808 4509; x_wconf 86' lang='lat' dir='ltr'><strong>&#39;abjectius</strong></span> <span class='ocrx_word' id='word_1_541' title='bbox 839 4436 1070 4492; x_wconf 68' lang='lat' dir='ltr'><strong>Iudaico</strong></span> <span class='ocrx_word' id='word_1_542' title='bbox 1101 4455 1252 4494; x_wconf 88' lang='lat' dir='ltr'><strong>more</strong></span> <span class='ocrx_word' id='word_1_543' title='bbox 1274 4455 1388 4494; x_wconf 89' lang='lat' dir='ltr'><strong>rem</strong></span> <span class='ocrx_word' id='word_1_544' title='bbox 1415 4441 1726 4510; x_wconf 82' lang='lat' dir='ltr'><strong>intelligunt</strong></span> <span class='ocrx_word' id='word_1_545' title='bbox 1746 4481 1760 4504; x_wconf 95' lang='lat'><strong>,</strong></span> <span class='ocrx_word' id='word_1_546' title='bbox 1782 4442 2113 4511; x_wconf 86' lang='lat' dir='ltr'><strong>voluptatem</strong></span> 
     </span>
    </p>
   </div>
   <div class='ocr_carea' id='block_1_76' title="bbox 2215 3251 3789 3323">
    <p class='ocr_par' dir='ltr' id='par_1_76' title="bbox 2215 3251 3789 3323">
     <span class='ocr_line' id='line_1_76' title="bbox 2215 3251 3789 3323; baseline 0 -15"><span class='ocrx_word' id='word_1_547' title='bbox 2215 3251 2475 3322; x_wconf 82' lang='grc' dir='ltr'>οὐρανοῦ</span> <span class='ocrx_word' id='word_1_548' title='bbox 2505 3252 2834 3321; x_wconf 80' lang='grc' dir='ltr'>ἠκόντισας</span> <span class='ocrx_word' id='word_1_549' title='bbox 2859 3254 3078 3322; x_wconf 80' lang='grc' dir='ltr'>κρίσιν,</span> <span class='ocrx_word' id='word_1_550' title='bbox 3114 3251 3187 3323; x_wconf 74' lang='grc' dir='ltr'>γῆ</span> <span class='ocrx_word' id='word_1_551' title='bbox 3220 3253 3481 3322; x_wconf 59' lang='grc' dir='ltr'>ἐφοϐήθη</span> <span class='ocrx_word' id='word_1_552' title='bbox 3509 3254 3612 3307; x_wconf 82' lang='grc' dir='ltr'><strong>καί</strong></span> <span class='ocrx_word' id='word_1_553' title='bbox 3641 3253 3789 3320; x_wconf 75' lang='grc' dir='ltr'>ἡσύ-</span> 
     </span>
    </p>
   </div>
   <div class='ocr_carea' id='block_1_77' title="bbox 2215 3342 3787 3415">
    <p class='ocr_par' dir='ltr' id='par_1_77' title="bbox 2215 3342 3787 3415">
     <span class='ocr_line' id='line_1_77' title="bbox 2215 3342 3787 3415; baseline 0 -16"><span class='ocrx_word' id='word_1_554' title='bbox 2215 3361 2407 3414; x_wconf 82' lang='grc' dir='ltr'>χασεν</span> <span class='ocrx_word' id='word_1_555' title='bbox 2435 3345 2505 3397; x_wconf 85' lang='grc' dir='ltr'><strong>ἐν</strong></span> <span class='ocrx_word' id='word_1_556' title='bbox 2533 3344 2612 3410; x_wconf 83' lang='grc' dir='ltr'>τῷ</span> <span class='ocrx_word' id='word_1_557' title='bbox 2645 3345 2982 3413; x_wconf 75' lang='grc' dir='ltr'>ἀναστῆναι</span> <span class='ocrx_word' id='word_1_558' title='bbox 3012 3347 3100 3412; x_wconf 81' lang='grc' dir='ltr'><strong>είς</strong></span> <span class='ocrx_word' id='word_1_559' title='bbox 3126 3347 3330 3415; x_wconf 80' lang='grc' dir='ltr'>κρίσιν</span> <span class='ocrx_word' id='word_1_560' title='bbox 3360 3345 3467 3399; x_wconf 73' lang='grc' dir='ltr'>τὸν</span> <span class='ocrx_word' id='word_1_561' title='bbox 3502 3345 3658 3399; x_wconf 79' lang='grc' dir='ltr'>Θεὸν</span> <span class='ocrx_word' id='word_1_562' title='bbox 3687 3342 3787 3399; x_wconf 79' lang='grc' dir='ltr'><strong>τοῦ</strong></span> 
     </span>
    </p>
   </div>
   <div class='ocr_carea' id='block_1_78' title="bbox 2213 3433 3787 3506">
    <p class='ocr_par' dir='ltr' id='par_1_78' title="bbox 2213 3433 3787 3506">
     <span class='ocr_line' id='line_1_78' title="bbox 2213 3433 3787 3506; baseline -0.001 -18"><span class='ocrx_word' id='word_1_563' title='bbox 2213 3435 2408 3489; x_wconf 85' lang='grc' dir='ltr'>σῶσαι</span> <span class='ocrx_word' id='word_1_564' title='bbox 2432 3433 2662 3502; x_wconf 80' lang='grc' dir='ltr'>πάντας</span> <span class='ocrx_word' id='word_1_565' title='bbox 2691 3435 2832 3501; x_wconf 84' lang='grc' dir='ltr'>τοὺς</span> <span class='ocrx_word' id='word_1_566' title='bbox 2853 3435 3059 3504; x_wconf 82' lang='grc' dir='ltr'>πραεῖς</span> <span class='ocrx_word' id='word_1_567' title='bbox 3079 3435 3189 3505; x_wconf 83' lang='grc' dir='ltr'>τῆς</span> <span class='ocrx_word' id='word_1_568' title='bbox 3208 3435 3338 3505; x_wconf 79' lang='grc' dir='ltr'><strong>τῆς.</strong></span> <span class='ocrx_word' id='word_1_569' title='bbox 3369 3436 3479 3490; x_wconf 76' lang='grc' dir='ltr'><strong>Καὶ</strong></span> <span class='ocrx_word' id='word_1_570' title='bbox 3505 3437 3564 3488; x_wconf 82' lang='grc' dir='ltr'><strong>ἐν</strong></span> <span class='ocrx_word' id='word_1_571' title='bbox 3597 3438 3787 3506; x_wconf 77' lang='grc' dir='ltr'>ἐκείνῳ</span> 
     </span>
    </p>
   </div>
   <div class='ocr_carea' id='block_1_79' title="bbox 2217 3527 3782 3599">
    <p class='ocr_par' dir='ltr' id='par_1_79' title="bbox 2217 3527 3782 3599">
     <span class='ocr_line' id='line_1_79' title="bbox 2217 3527 3782 3599; baseline 0.001 -20"><span class='ocrx_word' id='word_1_572' title='bbox 2217 3528 2316 3598; x_wconf 81' lang='grc' dir='ltr'><strong>μὲν</strong></span> <span class='ocrx_word' id='word_1_573' title='bbox 2351 3528 2566 3597; x_wconf 81' lang='grc' dir='ltr'>ἐλέγετο</span> <span class='ocrx_word' id='word_1_574' title='bbox 2607 3530 2717 3591; x_wconf 78' lang='grc' dir='ltr'>τοῖς</span> <span class='ocrx_word' id='word_1_575' title='bbox 2747 3527 3158 3599; x_wconf 84' lang='grc' dir='ltr'>παρανομοῦσι·</span> <span class='ocrx_word' id='word_1_576' title='bbox 3195 3527 3292 3596; x_wconf 76' lang='grc' dir='ltr'><strong>Μὴ</strong></span> <span class='ocrx_word' id='word_1_577' title='bbox 3327 3528 3558 3597; x_wconf 78' lang='grc' dir='ltr'>ὑψοῦτε</span> <span class='ocrx_word' id='word_1_578' title='bbox 3590 3528 3782 3597; x_wconf 80' lang='grc' dir='ltr'>κέρας,</span> 
     </span>
    </p>
   </div>
   <div class='ocr_carea' id='block_1_80' title="bbox 2214 3603 3785 3689">
    <p class='ocr_par' dir='ltr' id='par_1_80' title="bbox 2214 3603 3785 3689">
     <span class='ocr_line' id='line_1_80' title="bbox 2214 3603 3785 3689; baseline -0.001 -15"><span class='ocrx_word' id='word_1_579' title='bbox 2214 3621 2311 3675; x_wconf 80' lang='grc' dir='ltr'><strong>καί</strong></span> <span class='ocrx_word' id='word_1_580' title='bbox 2337 3619 2422 3689; x_wconf 75' lang='grc' dir='ltr'>μὴ</span> <span class='ocrx_word' id='word_1_581' title='bbox 2455 3620 2725 3686; x_wconf 80' lang='grc' dir='ltr'>ἐπαίρετε</span> <span class='ocrx_word' id='word_1_582' title='bbox 2752 3603 2839 3684; x_wconf 72' lang='grc' dir='ltr'><strong>εἰς</strong></span> <span class='ocrx_word' id='word_1_583' title='bbox 2863 3619 3019 3688; x_wconf 66' lang='grc' dir='ltr'>ὕψος</span> <span class='ocrx_word' id='word_1_584' title='bbox 3041 3621 3103 3673; x_wconf 82' lang='grc' dir='ltr'>τὸ</span> <span class='ocrx_word' id='word_1_585' title='bbox 3132 3621 3303 3689; x_wconf 85' lang='grc' dir='ltr'>κέρας</span> <span class='ocrx_word' id='word_1_586' title='bbox 3321 3617 3505 3688; x_wconf 72' lang='grc' dir='ltr'>ὑμῶν’</span> <span class='ocrx_word' id='word_1_587' title='bbox 3538 3621 3600 3673; x_wconf 81' lang='grc' dir='ltr'><strong>ἐν</strong></span> <span class='ocrx_word' id='word_1_588' title='bbox 3629 3620 3687 3674; x_wconf 82' lang='grc' dir='ltr'><strong>δέ</strong></span> <span class='ocrx_word' id='word_1_589' title='bbox 3715 3620 3785 3689; x_wconf 82' lang='grc' dir='ltr'>τῷ</span> 
     </span>
    </p>
   </div>
   <div class='ocr_carea' id='block_1_81' title="bbox 2218 3709 3782 3782">
    <p class='ocr_par' dir='ltr' id='par_1_81' title="bbox 2218 3709 3782 3782">
     <span class='ocr_line' id='line_1_81' title="bbox 2218 3709 3782 3782; baseline 0 -20"><span class='ocrx_word' id='word_1_590' title='bbox 2218 3712 2354 3782; x_wconf 79' lang='grc' dir='ltr'>μετὰ</span> <span class='ocrx_word' id='word_1_591' title='bbox 2395 3713 2600 3780; x_wconf 62' lang='grc' dir='ltr'>χεῖρας</span> <span class='ocrx_word' id='word_1_592' title='bbox 2662 3709 3128 3778; x_wconf 84' lang='grc' dir='ltr'>Ἐταράχθησαν,</span> <span class='ocrx_word' id='word_1_593' title='bbox 3183 3710 3367 3781; x_wconf 77' lang='grc' dir='ltr'>φησὶν,</span> <span class='ocrx_word' id='word_1_594' title='bbox 3410 3713 3464 3762; x_wconf 80' lang='grc' dir='ltr'><strong>οἰ</strong></span> <span class='ocrx_word' id='word_1_595' title='bbox 3503 3711 3782 3764; x_wconf 72' lang='grc' dir='ltr'>ἀσύνετα</span> 
     </span>
    </p>
   </div>
   <div class='ocr_carea' id='block_1_82' title="bbox 2213 3797 3786 3870">
    <p class='ocr_par' dir='ltr' id='par_1_82' title="bbox 2213 3797 3786 3870">
     <span class='ocr_line' id='line_1_82' title="bbox 2213 3797 3786 3870; baseline 0.001 -16"><span class='ocrx_word' id='word_1_596' title='bbox 2213 3799 2287 3870; x_wconf 76' lang='grc' dir='ltr'>τῇ</span> <span class='ocrx_word' id='word_1_597' title='bbox 2315 3800 2546 3870; x_wconf 80' lang='grc' dir='ltr'>καρδίᾳ·</span> <span class='ocrx_word' id='word_1_598' title='bbox 2577 3800 2868 3853; x_wconf 83' lang='grc' dir='ltr'>ὕπνωσαν</span> <span class='ocrx_word' id='word_1_599' title='bbox 2891 3799 3084 3854; x_wconf 77' lang='grc' dir='ltr'>ὕπνον</span> <span class='ocrx_word' id='word_1_600' title='bbox 3101 3798 3317 3863; x_wconf 83' lang='grc' dir='ltr'>αὐτῶν,</span> <span class='ocrx_word' id='word_1_601' title='bbox 3345 3799 3440 3854; x_wconf 76' lang='grc' dir='ltr'><strong>καί</strong></span> <span class='ocrx_word' id='word_1_602' title='bbox 3464 3803 3581 3870; x_wconf 83' lang='grc' dir='ltr'>οὐχ</span> <span class='ocrx_word' id='word_1_603' title='bbox 3610 3797 3786 3868; x_wconf 73' lang='grc' dir='ltr'>εὗρον</span> 
     </span>
    </p>
   </div>
   <div class='ocr_carea' id='block_1_83' title="bbox 2214 3884 3782 3958">
    <p class='ocr_par' dir='ltr' id='par_1_83' title="bbox 2214 3884 3782 3958">
     <span class='ocr_line' id='line_1_83' title="bbox 2214 3884 3782 3958; baseline -0.003 -12"><span class='ocrx_word' id='word_1_604' title='bbox 2214 3891 2396 3946; x_wconf 73' lang='grc' dir='ltr'>οὐδὲν</span> <span class='ocrx_word' id='word_1_605' title='bbox 2440 3890 2662 3956; x_wconf 79' lang='grc' dir='ltr'>πάντες</span> <span class='ocrx_word' id='word_1_606' title='bbox 2700 3892 2754 3942; x_wconf 80' lang='grc' dir='ltr'>οἱ</span> <span class='ocrx_word' id='word_1_607' title='bbox 2798 3889 3012 3958; x_wconf 80' lang='grc' dir='ltr'>ἄνδρες</span> <span class='ocrx_word' id='word_1_608' title='bbox 3051 3889 3156 3943; x_wconf 84' lang='grc' dir='ltr'><strong>τοῦ</strong></span> <span class='ocrx_word' id='word_1_609' title='bbox 3194 3890 3480 3944; x_wconf 74' lang='grc' dir='ltr'>πλούτου.</span> <span class='ocrx_word' id='word_1_610' title='bbox 3537 3884 3700 3943; x_wconf 68' lang='grc' dir='ltr'>Οὗτοι</span> <span class='ocrx_word' id='word_1_611' title='bbox 3732 3890 3782 3941; x_wconf 72' lang='grc' dir='ltr'>δὲ</span> 
     </span>
    </p>
   </div>
   <div class='ocr_carea' id='block_1_84' title="bbox 2212 3980 3783 4056">
    <p class='ocr_par' dir='ltr' id='par_1_84' title="bbox 2212 3980 3783 4056">
     <span class='ocr_line' id='line_1_84' title="bbox 2212 3980 3783 4056; baseline -0.003 -19"><span class='ocrx_word' id='word_1_612' title='bbox 2212 3980 2351 4056; x_wconf 77' lang='grc' dir='ltr'>ἦσαν</span> <span class='ocrx_word' id='word_1_613' title='bbox 2395 3985 2442 4038; x_wconf 85' lang='grc' dir='ltr'>οἱ</span> <span class='ocrx_word' id='word_1_614' title='bbox 2489 3985 2557 4038; x_wconf 83' lang='grc' dir='ltr'>τὰ</span> <span class='ocrx_word' id='word_1_615' title='bbox 2587 3983 2807 4054; x_wconf 83' lang='grc' dir='ltr'>-κὲρατα</span> <span class='ocrx_word' id='word_1_616' title='bbox 2851 3981 3126 4051; x_wconf 73' lang='grc' dir='ltr'>ὕψοῦντες.</span> <span class='ocrx_word' id='word_1_617' title='bbox 3164 3981 3412 4036; x_wconf 89' lang='grc' dir='ltr'>Παιδεύει</span> <span class='ocrx_word' id='word_1_618' title='bbox 3455 3983 3512 4036; x_wconf 82' lang='grc' dir='ltr'>δὲ</span> <span class='ocrx_word' id='word_1_619' title='bbox 3556 3983 3649 4036; x_wconf 75' lang='grc' dir='ltr'>διὰ</span> <span class='ocrx_word' id='word_1_620' title='bbox 3683 3983 3783 4036; x_wconf 74' lang='grc' dir='ltr'><strong>τῶν</strong></span> 
     </span>
    </p>
   </div>
   <div class='ocr_carea' id='block_1_85' title="bbox 2209 4071 3782 4147">
    <p class='ocr_par' dir='ltr' id='par_1_85' title="bbox 2209 4071 3782 4147">
     <span class='ocr_line' id='line_1_85' title="bbox 2209 4071 3782 4147; baseline -0.002 -19"><span class='ocrx_word' id='word_1_621' title='bbox 2209 4075 2586 4147; x_wconf 78' lang='grc' dir='ltr'>’προκειμένων</span> <span class='ocrx_word' id='word_1_622' title='bbox 2621 4075 2649 4127; x_wconf 87' lang='grc' dir='ltr'><strong>ὁ</strong></span> <span class='ocrx_word' id='word_1_623' title='bbox 2686 4073 2842 4142; x_wconf 80' lang='grc' dir='ltr'>λόγος</span> <span class='ocrx_word' id='word_1_624' title='bbox 2885 4073 3058 4143; x_wconf 83' lang='grc' dir='ltr'>δόγμα</span> <span class='ocrx_word' id='word_1_625' title='bbox 3089 4071 3400 4143; x_wconf 85' lang='grc' dir='ltr'>βαθύτατον,</span> <span class='ocrx_word' id='word_1_626' title='bbox 3431 4074 3507 4137; x_wconf 83' lang='grc' dir='ltr'>ὡς</span> <span class='ocrx_word' id='word_1_627' title='bbox 3538 4074 3608 4126; x_wconf 76' lang='grc' dir='ltr'><strong>ἂν</strong></span> <span class='ocrx_word' id='word_1_628' title='bbox 3633 4075 3782 4127; x_wconf 66' lang='lat' dir='ltr'><strong>aliisi-</strong></span> 
     </span>
    </p>
   </div>
   <div class='ocr_carea' id='block_1_86' title="bbox 2212 4165 3780 4237">
    <p class='ocr_par' dir='ltr' id='par_1_86' title="bbox 2212 4165 3780 4237">
     <span class='ocr_line' id='line_1_86' title="bbox 2212 4165 3780 4237; baseline 0.009 -20"><span class='ocrx_word' id='word_1_629' title='bbox 2212 4183 2353 4237; x_wconf 84' lang='grc' dir='ltr'>ημεν</span> <span class='ocrx_word' id='word_1_630' title='bbox 2396 4167 2479 4229; x_wconf 86' lang='grc' dir='ltr'><strong>τίς</strong></span> <span class='ocrx_word' id='word_1_631' title='bbox 2520 4165 2650 4218; x_wconf 79' lang='grc' dir='ltr'>ποτέ</span> <span class='ocrx_word' id='word_1_632' title='bbox 2681 4166 2832 4218; x_wconf 85' lang='grc' dir='ltr'>ἐστιν</span> <span class='ocrx_word' id='word_1_633' title='bbox 2864 4166 2893 4218; x_wconf 83' lang='grc' dir='ltr'><strong>ὁ</strong></span> <span class='ocrx_word' id='word_1_634' title='bbox 2926 4165 3178 4236; x_wconf 82' lang='grc' dir='ltr'>ἀληθινὸς</span> <span class='ocrx_word' id='word_1_635' title='bbox 3219 4165 3456 4236; x_wconf 81' lang='grc' dir='ltr'>Ἰσραὴλ,</span> <span class='ocrx_word' id='word_1_636' title='bbox 3499 4167 3597 4219; x_wconf 70' lang='grc' dir='ltr'><strong>καὶ</strong></span> <span class='ocrx_word' id='word_1_637' title='bbox 3633 4166 3718 4229; x_wconf 76' lang='grc' dir='ltr'>τίς</span> <span class='ocrx_word' id='word_1_638' title='bbox 3748 4167 3780 4236; x_wconf 72' lang='grc' dir='ltr'><strong>ἠ</strong></span> 
     </span>
    </p>
   </div>
   <div class='ocr_carea' id='block_1_87' title="bbox 2212 4254 3778 4328">
    <p class='ocr_par' dir='ltr' id='par_1_87' title="bbox 2212 4254 3778 4328">
     <span class='ocr_line' id='line_1_87' title="bbox 2212 4254 3778 4328; baseline -0.001 -20"><span class='ocrx_word' id='word_1_639' title='bbox 2212 4258 2398 4310; x_wconf 87' lang='grc' dir='ltr'>τούτου</span> <span class='ocrx_word' id='word_1_640' title='bbox 2437 4256 2578 4309; x_wconf 74' lang='grc' dir='ltr'>κατὰ</span> <span class='ocrx_word' id='word_1_641' title='bbox 2605 4257 2696 4311; x_wconf 84' lang='grc' dir='ltr'><strong>τὸν</strong></span> <span class='ocrx_word' id='word_1_642' title='bbox 2741 4255 2913 4328; x_wconf 84' lang='grc' dir='ltr'><strong>ἀληθῆ</strong></span> <span class='ocrx_word' id='word_1_643' title='bbox 2951 4255 3107 4323; x_wconf 85' lang='grc' dir='ltr'>λόγον</span> <span class='ocrx_word' id='word_1_644' title='bbox 3145 4254 3295 4326; x_wconf 79' lang='grc' dir='ltr'>χώρα</span> <span class='ocrx_word' id='word_1_645' title='bbox 3340 4257 3373 4326; x_wconf 87' lang='grc' dir='ltr'><strong>ή</strong></span> <span class='ocrx_word' id='word_1_646' title='bbox 3407 4254 3778 4326; x_wconf 76' lang='grc' dir='ltr'>ὀνομαζομένη</span> 
     </span>
    </p>
   </div>
   <div class='ocr_carea' id='block_1_88' title="bbox 2227 4346 3782 4422">
    <p class='ocr_par' dir='ltr' id='par_1_88' title="bbox 2227 4346 3782 4422">
     <span class='ocr_line' id='line_1_88' title="bbox 2227 4346 3782 4422; baseline -0.003 -19"><span class='ocrx_word' id='word_1_647' title='bbox 2227 4349 2472 4403; x_wconf 84' lang='grc' dir='ltr'>Ἰουδαία·</span> <span class='ocrx_word' id='word_1_648' title='bbox 2504 4349 2588 4412; x_wconf 88' lang='grc' dir='ltr'><strong>τίς</strong></span> <span class='ocrx_word' id='word_1_649' title='bbox 2612 4366 2671 4402; x_wconf 87' lang='grc' dir='ltr'><strong>τε</strong></span> <span class='ocrx_word' id='word_1_650' title='bbox 2708 4351 2742 4422; x_wconf 88' lang='grc' dir='ltr'><strong>ή</strong></span> <span class='ocrx_word' id='word_1_651' title='bbox 2775 4347 3002 4419; x_wconf 83' lang='grc' dir='ltr'>ἀληθινὴ</span> <span class='ocrx_word' id='word_1_652' title='bbox 3058 4346 3428 4418; x_wconf 73' lang='grc' dir='ltr'>Ἰερουσαλὴμ.</span> <span class='ocrx_word' id='word_1_653' title='bbox 3470 4350 3567 4401; x_wconf 77' lang='grc' dir='ltr'><strong>καὶ</strong></span> <span class='ocrx_word' id='word_1_654' title='bbox 3607 4351 3782 4401; x_wconf 75' lang='grc' dir='ltr'>ὁποῖον</span> 
     </span>
    </p>
   </div>
   <div class='ocr_carea' id='block_1_89' title="bbox 2211 4439 3782 4512">
    <p class='ocr_par' dir='ltr' id='par_1_89' title="bbox 2211 4439 3782 4512">
     <span class='ocr_line' id='line_1_89' title="bbox 2211 4439 3782 4512; baseline -0.002 -18"><span class='ocrx_word' id='word_1_655' title='bbox 2211 4440 2273 4494; x_wconf 83' lang='grc' dir='ltr'>τὺ</span> <span class='ocrx_word' id='word_1_656' title='bbox 2293 4439 2384 4494; x_wconf 88' lang='grc' dir='ltr'><strong>τοῦ</strong></span> <span class='ocrx_word' id='word_1_657' title='bbox 2400 4439 2534 4493; x_wconf 85' lang='grc' dir='ltr'>Θεοῦ</span> <span class='ocrx_word' id='word_1_658' title='bbox 2553 4441 2887 4510; x_wconf 88' lang='grc' dir='ltr'>οἰκητήριον.</span> <span class='ocrx_word' id='word_1_659' title='bbox 2913 4439 3094 4492; x_wconf 85' lang='grc' dir='ltr'>Ταῦτα</span> <span class='ocrx_word' id='word_1_660' title='bbox 3121 4439 3178 4493; x_wconf 82' lang='grc' dir='ltr'><strong>τὸ</strong></span> <span class='ocrx_word' id='word_1_661' title='bbox 3199 4440 3536 4512; x_wconf 74' lang='grc' dir='ltr'>προφητικὸν</span> <span class='ocrx_word' id='word_1_662' title='bbox 3560 4439 3782 4509; x_wconf 82' lang='grc' dir='ltr'>Πνεῦμα</span> 
     </span>
    </p>
   </div>
   <div class='ocr_carea' id='block_1_90' title="bbox 536 4528 2111 4603">
    <p class='ocr_par' dir='ltr' id='par_1_90' title="bbox 536 4528 2111 4602">
     <span class='ocr_line' id='line_1_90' title="bbox 536 4528 2111 4602; baseline 0.002 -19"><span class='ocrx_word' id='word_1_663' title='bbox 536 4529 611 4583; x_wconf 85' lang='lat' dir='ltr'><strong>ob</strong></span> <span class='ocrx_word' id='word_1_664' title='bbox 641 4528 923 4582; x_wconf 86' lang='lat' dir='ltr'><strong>nominum</strong></span> <span class='ocrx_word' id='word_1_665' title='bbox 963 4529 1380 4586; x_wconf 88' lang='lat' dir='ltr'><strong>similitudinem</strong></span> <span class='ocrx_word' id='word_1_666' title='bbox 1422 4531 1616 4597; x_wconf 78' lang='lat' dir='ltr'><strong>aﬂ‘ert;</strong></span> <span class='ocrx_word' id='word_1_667' title='bbox 1658 4546 1753 4586; x_wconf 89' lang='lat' dir='ltr'><strong>eos</strong></span> <span class='ocrx_word' id='word_1_668' title='bbox 1798 4541 1976 4587; x_wconf 87' lang='lat' dir='ltr'><strong>autem</strong></span> <span class='ocrx_word' id='word_1_669' title='bbox 2021 4533 2111 4602; x_wconf 90' lang='lat' dir='ltr'><strong>qui</strong></span> 
     </span>
    </p>
   </div>
   <div class='ocr_carea' id='block_1_91' title="bbox 2214 4528 3783 4603">
    <p class='ocr_par' dir='ltr' id='par_1_91' title="bbox 2221 4528 3783 4603">
     <span class='ocr_line' id='line_1_91' title="bbox 2221 4528 3783 4603; baseline -0.001 -20"><span class='ocrx_word' id='word_1_670' title='bbox 2221 4531 2338 4602; x_wconf 76' lang='grc' dir='ltr'>μεθ’</span> <span class='ocrx_word' id='word_1_671' title='bbox 2358 4531 2802 4602; x_wconf 77' lang='grc' dir='ltr'>ὑπερϐαλλούσης</span> <span class='ocrx_word' id='word_1_672' title='bbox 2832 4532 3022 4600; x_wconf 79' lang='grc' dir='ltr'>σοφίας</span> <span class='ocrx_word' id='word_1_673' title='bbox 3044 4533 3332 4603; x_wconf 81' lang='grc' dir='ltr'>οἰκονομεῖ·</span> <span class='ocrx_word' id='word_1_674' title='bbox 3365 4528 3500 4600; x_wconf 74' lang='grc' dir='ltr'>ὁμσῦ</span> <span class='ocrx_word' id='word_1_675' title='bbox 3541 4531 3637 4584; x_wconf 76' lang='grc' dir='ltr'>καὶ</span> <span class='ocrx_word' id='word_1_676' title='bbox 3671 4530 3783 4590; x_wconf 82' lang='grc' dir='ltr'>τοῖς</span> 
     </span>
    </p>
   </div>
   <div class='ocr_carea' id='block_1_92' title="bbox 538 4620 2112 4692">
    <p class='ocr_par' dir='ltr' id='par_1_92' title="bbox 538 4620 2112 4692">
     <span class='ocr_line' id='line_1_92' title="bbox 538 4620 2112 4692; baseline 0.003 -18"><span class='ocrx_word' id='word_1_677' title='bbox 538 4620 865 4691; x_wconf 75' lang='lat' dir='ltr'><strong>speculandi</strong></span> <span class='ocrx_word' id='word_1_678' title='bbox 897 4623 944 4675; x_wconf 62' lang='lat' dir='ltr'><strong>\‘i</strong></span> <span class='ocrx_word' id='word_1_679' title='bbox 967 4621 1194 4692; x_wconf 63' lang='lat' dir='ltr'><strong>praediti</strong></span> <span class='ocrx_word' id='word_1_680' title='bbox 1227 4631 1356 4678; x_wconf 88' lang='lat' dir='ltr'><strong>sunt</strong></span> <span class='ocrx_word' id='word_1_681' title='bbox 1381 4623 1584 4679; x_wconf 86' lang='lat' dir='ltr'><strong>divinis</strong></span> <span class='ocrx_word' id='word_1_682' title='bbox 1617 4624 1881 4678; x_wconf 82' lang='lat' dir='ltr'><strong>institutis</strong></span> <span class='ocrx_word' id='word_1_683' title='bbox 1909 4623 2112 4679; x_wconf 89' lang='lat' dir='ltr'><strong>erudit.</strong></span> 
     </span>
    </p>
   </div>
   <div class='ocr_carea' id='block_1_93' title="bbox 536 4708 2114 4783">
    <p class='ocr_par' dir='ltr' id='par_1_93' title="bbox 536 4708 2114 4783">
     <span class='ocr_line' id='line_1_93' title="bbox 536 4708 2114 4783; baseline 0.003 -19"><span class='ocrx_word' id='word_1_684' title='bbox 536 4708 758 4767; x_wconf 68' lang='lat' dir='ltr'><strong>Indicus</strong></span> <span class='ocrx_word' id='word_1_685' title='bbox 781 4712 1077 4782; x_wconf 60' lang='lat' dir='ltr'><strong>itaque‘qui</strong></span> <span class='ocrx_word' id='word_1_686' title='bbox 1107 4713 1240 4767; x_wconf 85' lang='lat' dir='ltr'><strong>nihil</strong></span> <span class='ocrx_word' id='word_1_687' title='bbox 1268 4713 1415 4767; x_wconf 86' lang='lat' dir='ltr'><strong>aliud</strong></span> <span class='ocrx_word' id='word_1_688' title='bbox 1435 4722 1518 4769; x_wconf 90' lang='lat' dir='ltr'><strong>est</strong></span> <span class='ocrx_word' id='word_1_689' title='bbox 1538 4753 1552 4776; x_wconf 86' lang='lat'><strong>,</strong></span> <span class='ocrx_word' id='word_1_690' title='bbox 1575 4729 1737 4783; x_wconf 85' lang='lat' dir='ltr'><strong>quam</strong></span> <span class='ocrx_word' id='word_1_691' title='bbox 1759 4731 1889 4768; x_wconf 88' lang='lat' dir='ltr'><strong>caro</strong></span> <span class='ocrx_word' id='word_1_692' title='bbox 1909 4721 1961 4768; x_wconf 90' lang='lat' dir='ltr'><strong>et</strong></span> <span class='ocrx_word' id='word_1_693' title='bbox 1983 4729 2114 4768; x_wconf 91' lang='lat' dir='ltr'><strong>san-</strong></span> 
     </span>
    </p>
   </div>
   <div class='ocr_carea' id='block_1_94' title="bbox 539 4801 2112 4872">
    <p class='ocr_par' dir='ltr' id='par_1_94' title="bbox 539 4801 2112 4872">
     <span class='ocr_line' id='line_1_94' title="bbox 539 4801 2112 4872; baseline 0.003 -18"><span class='ocrx_word' id='word_1_694' title='bbox 539 4801 662 4872; x_wconf 80' lang='lat' dir='ltr'><strong>guis</strong></span> <span class='ocrx_word' id='word_1_695' title='bbox 685 4843 699 4867; x_wconf 94' lang='lat'><strong>,</strong></span> <span class='ocrx_word' id='word_1_696' title='bbox 731 4803 938 4856; x_wconf 88' lang='lat' dir='ltr'><strong>carnali</strong></span> <span class='ocrx_word' id='word_1_697' title='bbox 965 4810 1020 4857; x_wconf 91' lang='lat' dir='ltr'><strong>et</strong></span> <span class='ocrx_word' id='word_1_698' title='bbox 1043 4816 1306 4872; x_wconf 85' lang='lat' dir='ltr'><strong>corporeo</strong></span> <span class='ocrx_word' id='word_1_699' title='bbox 1337 4819 1488 4857; x_wconf 91' lang='lat' dir='ltr'><strong>more</strong></span> <span class='ocrx_word' id='word_1_700' title='bbox 1518 4803 1632 4857; x_wconf 68' lang='lat' dir='ltr'><strong>haec</strong></span> <span class='ocrx_word' id='word_1_701' title='bbox 1657 4804 1840 4858; x_wconf 90' lang='lat' dir='ltr'><strong>audiet</strong></span> <span class='ocrx_word' id='word_1_702' title='bbox 1867 4821 1881 4870; x_wconf 92' lang='lat'>;</span> <span class='ocrx_word' id='word_1_703' title='bbox 1915 4803 2112 4859; x_wconf 90' lang='lat' dir='ltr'><strong>deinde</strong></span> 
     </span>
    </p>
   </div>
   <div class='ocr_carea' id='block_1_95' title="bbox 533 4893 2109 4961">
    <p class='ocr_par' dir='ltr' id='par_1_95' title="bbox 533 4893 2109 4961">
     <span class='ocr_line' id='line_1_95' title="bbox 533 4893 2109 4961; baseline 0.003 -15"><span class='ocrx_word' id='word_1_704' title='bbox 533 4907 669 4946; x_wconf 68' lang='lat' dir='ltr'><strong>vero</strong></span> <span class='ocrx_word' id='word_1_705' title='bbox 701 4893 1015 4956; x_wconf 80' lang='lat' dir='ltr'><strong>extolletur,</strong></span> <span class='ocrx_word' id='word_1_706' title='bbox 1049 4909 1214 4948; x_wconf 87' lang='lat' dir='ltr'><strong>sensu</strong></span> <span class='ocrx_word' id='word_1_707' title='bbox 1246 4895 1432 4950; x_wconf 86' lang='lat' dir='ltr'><strong>carnis</strong></span> <span class='ocrx_word' id='word_1_708' title='bbox 1463 4909 1577 4949; x_wconf 68' lang='lat' dir='ltr'><strong>suae</strong></span> <span class='ocrx_word' id='word_1_709' title='bbox 1621 4902 1824 4948; x_wconf 77' lang='lat' dir='ltr'><strong>tem-ere</strong></span> <span class='ocrx_word' id='word_1_710' title='bbox 1853 4893 2069 4950; x_wconf 84' lang='lat' dir='ltr'><strong>inﬂatus</strong></span> <span class='ocrx_word' id='word_1_711' title='bbox 2095 4937 2109 4961; x_wconf 91' lang='lat'><strong>,</strong></span> 
     </span>
    </p>
   </div>
   <div class='ocr_carea' id='block_1_96' title="bbox 536 4985 2112 5056">
    <p class='ocr_par' dir='ltr' id='par_1_96' title="bbox 536 4985 2112 5056">
     <span class='ocr_line' id='line_1_96' title="bbox 536 4985 2112 5056; baseline 0.003 -18"><span class='ocrx_word' id='word_1_712' title='bbox 536 5000 715 5055; x_wconf 88' lang='lat' dir='ltr'><strong>neque</strong></span> <span class='ocrx_word' id='word_1_713' title='bbox 738 4994 902 5056; x_wconf 84' lang='lat' dir='ltr'><strong>caput</strong></span> <span class='ocrx_word' id='word_1_714' title='bbox 929 4994 1119 5042; x_wconf 86' lang='lat' dir='ltr'><strong>tenens</strong></span> <span class='ocrx_word' id='word_1_715' title='bbox 1143 4987 1444 5042; x_wconf 89' lang='lat' dir='ltr'><strong>secundum</strong></span> <span class='ocrx_word' id='word_1_716' title='bbox 1472 4985 1530 5040; x_wconf 92' lang='lat' dir='ltr'><strong>S.</strong></span> <span class='ocrx_word' id='word_1_717' title='bbox 1560 4987 1900 5056; x_wconf 86' lang='lat' dir='ltr'><strong>Apostolum.</strong></span> <span class='ocrx_word' id='word_1_718' title='bbox 1923 4986 2112 5053; x_wconf 86' lang='lat' dir='ltr'><strong>Quare</strong></span> 
     </span>
    </p>
   </div>
   <div class='ocr_carea' id='block_1_97' title="bbox 536 5074 2106 5146">
    <p class='ocr_par' dir='ltr' id='par_1_97' title="bbox 536 5074 2106 5146">
     <span class='ocr_line' id='line_1_97' title="bbox 536 5074 2106 5146; baseline 0.001 -17"><span class='ocrx_word' id='word_1_719' title='bbox 536 5090 597 5129; x_wconf 88' lang='lat' dir='ltr'><strong>se</strong></span> <span class='ocrx_word' id='word_1_720' title='bbox 629 5074 882 5129; x_wconf 89' lang='lat' dir='ltr'><strong>lsraelem</strong></span> <span class='ocrx_word' id='word_1_721' title='bbox 912 5090 1066 5139; x_wconf 89' lang='lat' dir='ltr'><strong>esse,</strong></span> <span class='ocrx_word' id='word_1_722' title='bbox 1103 5083 1265 5146; x_wconf 87' lang='lat' dir='ltr'><strong>atque</strong></span> <span class='ocrx_word' id='word_1_723' title='bbox 1295 5075 1562 5138; x_wconf 68' lang='lat' dir='ltr'><strong>Iudaeam,</strong></span> <span class='ocrx_word' id='word_1_724' title='bbox 1599 5075 1734 5130; x_wconf 88' lang='lat' dir='ltr'><strong>nihil</strong></span> <span class='ocrx_word' id='word_1_725' title='bbox 1767 5075 1914 5129; x_wconf 88' lang='lat' dir='ltr'><strong>aliud</strong></span> <span class='ocrx_word' id='word_1_726' title='bbox 1943 5091 2106 5146; x_wconf 88' lang='lat' dir='ltr'><strong>quam</strong></span> 
     </span>
    </p>
   </div>
   <div class='ocr_carea' id='block_1_98' title="bbox 533 5163 2110 5237">
    <p class='ocr_par' dir='ltr' id='par_1_98' title="bbox 533 5163 2110 5237">
     <span class='ocr_line' id='line_1_98' title="bbox 533 5163 2110 5237; baseline 0.001 -19"><span class='ocrx_word' id='word_1_727' title='bbox 533 5163 949 5222; x_wconf 61' lang='lat' dir='ltr'><strong>Palestinorum</strong></span> <span class='ocrx_word' id='word_1_728' title='bbox 986 5168 1262 5237; x_wconf 77' lang='lat' dir='ltr'><strong>regionem</strong></span> <span class='ocrx_word' id='word_1_729' title='bbox 1299 5183 1425 5223; x_wconf 88' lang='lat' dir='ltr'><strong>esse</strong></span> <span class='ocrx_word' id='word_1_730' title='bbox 1467 5167 1714 5237; x_wconf 88' lang='lat' dir='ltr'><strong>putabit;</strong></span> <span class='ocrx_word' id='word_1_731' title='bbox 1760 5166 1944 5221; x_wconf 88' lang='lat' dir='ltr'><strong>locum</strong></span> <span class='ocrx_word' id='word_1_732' title='bbox 1977 5183 2110 5221; x_wconf 77' lang='lat' dir='ltr'><strong>vero</strong></span> 
     </span>
    </p>
   </div>
   <div class='ocr_carea' id='block_1_99' title="bbox 531 5253 2110 5326">
    <p class='ocr_par' dir='ltr' id='par_1_99' title="bbox 531 5253 2110 5326">
     <span class='ocr_line' id='line_1_99' title="bbox 531 5253 2110 5326; baseline 0.003 -16"><span class='ocrx_word' id='word_1_733' title='bbox 531 5253 630 5310; x_wconf 86' lang='lat' dir='ltr'><strong>Dei</strong></span> <span class='ocrx_word' id='word_1_734' title='bbox 663 5271 765 5326; x_wconf 81' lang='lat' dir='ltr'><strong>pro</strong></span> <span class='ocrx_word' id='word_1_735' title='bbox 797 5263 1018 5311; x_wconf 84' lang='lat' dir='ltr'><strong>terrena</strong></span> <span class='ocrx_word' id='word_1_736' title='bbox 1059 5255 1364 5312; x_wconf 78' lang='lat' dir='ltr'><strong>Jerusalem</strong></span> <span class='ocrx_word' id='word_1_737' title='bbox 1397 5257 1660 5312; x_wconf 87' lang='lat' dir='ltr'><strong>habebit:</strong></span> <span class='ocrx_word' id='word_1_738' title='bbox 1703 5258 1960 5326; x_wconf 85' lang='lat' dir='ltr'><strong>quoniam</strong></span> <span class='ocrx_word' id='word_1_739' title='bbox 2003 5257 2110 5314; x_wconf 87' lang='lat' dir='ltr'><strong>lle-</strong></span> 
     </span>
    </p>
   </div>
   <div class='ocr_carea' id='block_1_100' title="bbox 533 5345 2112 5417">
    <p class='ocr_par' dir='ltr' id='par_1_100' title="bbox 533 5345 2112 5417">
     <span class='ocr_line' id='line_1_100' title="bbox 533 5345 2112 5417; baseline 0.002 -17"><span class='ocrx_word' id='word_1_740' title='bbox 533 5346 721 5401; x_wconf 84' lang='lat' dir='ltr'><strong>braica</strong></span> <span class='ocrx_word' id='word_1_741' title='bbox 752 5347 916 5402; x_wconf 84' lang='lat' dir='ltr'><strong>lectio</strong></span> <span class='ocrx_word' id='word_1_742' title='bbox 943 5348 998 5400; x_wconf 91' lang='lat' dir='ltr'><strong>in</strong></span> <span class='ocrx_word' id='word_1_743' title='bbox 1031 5346 1212 5402; x_wconf 68' lang='lat' dir='ltr'><strong>Salen:</strong></span> <span class='ocrx_word' id='word_1_744' title='bbox 1249 5349 1432 5402; x_wconf 91' lang='lat' dir='ltr'><strong>locum</strong></span> <span class='ocrx_word' id='word_1_745' title='bbox 1475 5348 1598 5417; x_wconf 88' lang='lat' dir='ltr'><strong>ejus</strong></span> <span class='ocrx_word' id='word_1_746' title='bbox 1639 5345 1843 5401; x_wconf 83' lang='lat' dir='ltr'><strong>factum</strong></span> <span class='ocrx_word' id='word_1_747' title='bbox 1874 5364 1996 5404; x_wconf 88' lang='lat' dir='ltr'><strong>esse</strong></span> <span class='ocrx_word' id='word_1_748' title='bbox 2029 5351 2112 5403; x_wconf 85' lang='lat' dir='ltr'><strong>di-</strong></span> 
     </span>
    </p>
   </div>
   <div class='ocr_carea' id='block_1_101' title="bbox 532 5437 2107 5510">
    <p class='ocr_par' dir='ltr' id='par_1_101' title="bbox 532 5437 2107 5510">
     <span class='ocr_line' id='line_1_101' title="bbox 532 5437 2107 5510; baseline 0.003 -21"><span class='ocrx_word' id='word_1_749' title='bbox 532 5437 646 5493; x_wconf 90' lang='lat' dir='ltr'><strong>cit:</strong></span> <span class='ocrx_word' id='word_1_750' title='bbox 683 5455 792 5508; x_wconf 88' lang='lat' dir='ltr'><strong>quo</strong></span> <span class='ocrx_word' id='word_1_751' title='bbox 823 5439 953 5493; x_wconf 84' lang='lat' dir='ltr'><strong>item</strong></span> <span class='ocrx_word' id='word_1_752' title='bbox 991 5439 1154 5491; x_wconf 90' lang='lat' dir='ltr'><strong>modo</strong></span> <span class='ocrx_word' id='word_1_753' title='bbox 1195 5439 1393 5508; x_wconf 91' lang='lat' dir='ltr'><strong>reliqui</strong></span> <span class='ocrx_word' id='word_1_754' title='bbox 1439 5439 1802 5510; x_wconf 76' lang='lat' dir='ltr'><strong>interpretes,</strong></span> <span class='ocrx_word' id='word_1_755' title='bbox 1834 5443 1888 5495; x_wconf 82' lang='lat' dir='ltr'><strong>in</strong></span> <span class='ocrx_word' id='word_1_756' title='bbox 1929 5440 2107 5496; x_wconf 78' lang='lat' dir='ltr'><strong>Solem</strong></span> 
     </span>
    </p>
   </div>
   <div class='ocr_carea' id='block_1_102' title="bbox 534 5529 2109 5596">
    <p class='ocr_par' dir='ltr' id='par_1_102' title="bbox 534 5529 2109 5596">
     <span class='ocr_line' id='line_1_102' title="bbox 534 5529 2109 5596; baseline 0.003 -15"><span class='ocrx_word' id='word_1_757' title='bbox 534 5529 827 5596; x_wconf 78' lang='lat' dir='ltr'><strong>videlicet,</strong></span> <span class='ocrx_word' id='word_1_758' title='bbox 855 5530 1170 5584; x_wconf 70' lang='lat' dir='ltr'><strong>ediderunt.</strong></span> <span class='ocrx_word' id='word_1_759' title='bbox 1215 5531 1319 5596; x_wconf 87' lang='lat' dir='ltr'><strong>Qui</strong></span> <span class='ocrx_word' id='word_1_760' title='bbox 1352 5547 1484 5586; x_wconf 79' lang='lat' dir='ltr'><strong>vero</strong></span> <span class='ocrx_word' id='word_1_761' title='bbox 1522 5532 1706 5586; x_wconf 78' lang='lat' dir='ltr'><strong>divina</strong></span> <span class='ocrx_word' id='word_1_762' title='bbox 1751 5533 1992 5588; x_wconf 81' lang='lat' dir='ltr'><strong>imbutus</strong></span> <span class='ocrx_word' id='word_1_763' title='bbox 2027 5533 2109 5586; x_wconf 85' lang='lat' dir='ltr'><strong>di-</strong></span> 
     </span>
    </p>
   </div>
   <div class='ocr_carea' id='block_1_103' title="bbox 535 5620 2106 5694">
    <p class='ocr_par' dir='ltr' id='par_1_103' title="bbox 535 5620 2106 5694">
     <span class='ocr_line' id='line_1_103' title="bbox 535 5620 2106 5694; baseline 0.004 -20"><span class='ocrx_word' id='word_1_764' title='bbox 535 5620 768 5689; x_wconf 87' lang='lat' dir='ltr'><strong>sciplina</strong></span> <span class='ocrx_word' id='word_1_765' title='bbox 809 5628 929 5684; x_wconf 86' lang='lat' dir='ltr'><strong>est,</strong></span> <span class='ocrx_word' id='word_1_766' title='bbox 979 5636 1104 5672; x_wconf 82' lang='lat' dir='ltr'><strong>cum</strong></span> <span class='ocrx_word' id='word_1_767' title='bbox 1149 5621 1466 5684; x_wconf 87' lang='lat' dir='ltr'><strong>edidicerit.</strong></span> <span class='ocrx_word' id='word_1_768' title='bbox 1516 5637 1624 5678; x_wconf 88' lang='lat' dir='ltr'><strong>non</strong></span> <span class='ocrx_word' id='word_1_769' title='bbox 1671 5638 1865 5678; x_wconf 85' lang='lat' dir='ltr'><strong>omnes</strong></span> <span class='ocrx_word' id='word_1_770' title='bbox 1911 5625 2002 5694; x_wconf 91' lang='lat' dir='ltr'><strong>qui</strong></span> <span class='ocrx_word' id='word_1_771' title='bbox 2043 5641 2106 5680; x_wconf 77' lang='lat' dir='ltr'><strong>ex</strong></span> 
     </span>
    </p>
   </div>
   <div class='ocr_carea' id='block_1_104' title="bbox 608 5774 1954 5849">
    <p class='ocr_par' dir='ltr' id='par_1_104' title="bbox 608 5774 1954 5849">
     <span class='ocr_line' id='line_1_104' title="bbox 608 5774 1954 5849; baseline 0.007 -23"><span class='ocrx_word' id='word_1_772' title='bbox 608 5775 652 5806; x_wconf 80' lang='lat'><strong>“</strong></span> <span class='ocrx_word' id='word_1_773' title='bbox 690 5774 834 5830; x_wconf 85' lang='lat' dir='ltr'><strong>Psal.</strong></span> <span class='ocrx_word' id='word_1_774' title='bbox 872 5793 1058 5843; x_wconf 71' lang='lat' dir='ltr'><strong>nutv,</strong></span> <span class='ocrx_word' id='word_1_775' title='bbox 1090 5775 1156 5846; x_wconf 73' lang='grc'>4,</span> <span class='ocrx_word' id='word_1_776' title='bbox 1189 5779 1222 5832; x_wconf 80' lang='lat'><strong>5</strong></span> <span class='ocrx_word' id='word_1_777' title='bbox 1319 5781 1362 5810; x_wconf 73' lang='grc'>⁸⁸</span> <span class='ocrx_word' id='word_1_778' title='bbox 1405 5777 1420 5832; x_wconf 97' lang='lat' dir='ltr'><strong>l</strong></span> <span class='ocrx_word' id='word_1_779' title='bbox 1455 5779 1579 5836; x_wconf 88' lang='lat' dir='ltr'><strong>Cor.</strong></span> <span class='ocrx_word' id='word_1_780' title='bbox 1619 5799 1706 5844; x_wconf 76' lang='lat' dir='ltr'><strong>xv.</strong></span> <span class='ocrx_word' id='word_1_781' title='bbox 1739 5784 1830 5849; x_wconf 67' lang='lat'><strong>9.7»,</strong></span> <span class='ocrx_word' id='word_1_782' title='bbox 1866 5783 1954 5839; x_wconf 64' lang='lat'><strong>2-5.</strong></span> 
     </span>
    </p>
   </div>
   <div class='ocr_carea' id='block_1_105' title="bbox 2216 4617 3783 4692">
    <p class='ocr_par' dir='ltr' id='par_1_105' title="bbox 2216 4617 3783 4692">
     <span class='ocr_line' id='line_1_105' title="bbox 2216 4617 3783 4692; baseline -0.003 -18"><span class='ocrx_word' id='word_1_783' title='bbox 2216 4620 2611 4692; x_wconf 85' lang='grc' dir='ltr'>ταπεινώτερον</span> <span class='ocrx_word' id='word_1_784' title='bbox 2637 4621 2732 4674; x_wconf 79' lang='grc' dir='ltr'><strong>καὶ</strong></span> <span class='ocrx_word' id='word_1_785' title='bbox 2773 4619 3198 4690; x_wconf 82' lang='grc' dir='ltr'>Ίουδαῖκὼτερον</span> <span class='ocrx_word' id='word_1_786' title='bbox 3222 4618 3594 4690; x_wconf 82' lang='grc' dir='ltr'>ἀκροωμένοις</span> <span class='ocrx_word' id='word_1_787' title='bbox 3621 4617 3783 4687; x_wconf 84' lang='grc' dir='ltr'>θυμη-</span> 
     </span>
    </p>
   </div>
   <div class='ocr_carea' id='block_1_106' title="bbox 2215 4708 3780 4782">
    <p class='ocr_par' dir='ltr' id='par_1_106' title="bbox 2215 4708 3780 4782">
     <span class='ocr_line' id='line_1_106' title="bbox 2215 4708 3780 4782; baseline -0.002 -18"><span class='ocrx_word' id='word_1_788' title='bbox 2215 4711 2334 4764; x_wconf 86' lang='grc' dir='ltr'>δίαν</span> <span class='ocrx_word' id='word_1_789' title='bbox 2375 4712 2610 4782; x_wconf 83' lang='grc' dir='ltr'>παρέχον</span> <span class='ocrx_word' id='word_1_790' title='bbox 2649 4711 2735 4764; x_wconf 84' lang='grc' dir='ltr'>διὰ</span> <span class='ocrx_word' id='word_1_791' title='bbox 2777 4711 2876 4780; x_wconf 84' lang='grc' dir='ltr'><strong>τῆς</strong></span> <span class='ocrx_word' id='word_1_792' title='bbox 2918 4710 3234 4782; x_wconf 76' lang='grc' dir='ltr'>ὁμωνυμίας</span> <span class='ocrx_word' id='word_1_793' title='bbox 3270 4709 3377 4763; x_wconf 83' lang='grc' dir='ltr'>τῶν</span> <span class='ocrx_word' id='word_1_794' title='bbox 3416 4708 3780 4779; x_wconf 84' lang='grc' dir='ltr'>δηλουμένων.</span> 
     </span>
    </p>
   </div>
   <div class='ocr_carea' id='block_1_107' title="bbox 2185 4787 3778 4876">
    <p class='ocr_par' dir='ltr' id='par_1_107' title="bbox 2185 4787 3778 4876">
     <span class='ocr_line' id='line_1_107' title="bbox 2185 4787 3778 4876; baseline -0.006 -18"><span class='ocrx_word' id='word_1_795' title='bbox 2185 4787 2348 4874; x_wconf 60' lang='grc' dir='ltr'><strong>1ὁμοῦ</strong></span> <span class='ocrx_word' id='word_1_796' title='bbox 2403 4806 2495 4858; x_wconf 80' lang='grc' dir='ltr'>καὶ</span> <span class='ocrx_word' id='word_1_797' title='bbox 2547 4807 2670 4867; x_wconf 79' lang='grc' dir='ltr'>τοὺς</span> <span class='ocrx_word' id='word_1_798' title='bbox 2716 4804 3076 4876; x_wconf 75' lang='grc' dir='ltr'>θεωρητικοὺς</span> <span class='ocrx_word' id='word_1_799' title='bbox 3140 4800 3480 4872; x_wconf 81' lang='grc' dir='ltr'>παιδεύματα</span> <span class='ocrx_word' id='word_1_800' title='bbox 3536 4799 3778 4853; x_wconf 79' lang='grc' dir='ltr'>διδάσκον</span> 
     </span>
    </p>
   </div>
   <div class='ocr_carea' id='block_1_108' title="bbox 2217 4888 3776 4966">
    <p class='ocr_par' dir='ltr' id='par_1_108' title="bbox 2217 4888 3776 4966">
     <span class='ocr_line' id='line_1_108' title="bbox 2217 4888 3776 4966; baseline -0.004 -17"><span class='ocrx_word' id='word_1_801' title='bbox 2217 4895 2373 4949; x_wconf 89' lang='grc' dir='ltr'>θείων</span> <span class='ocrx_word' id='word_1_802' title='bbox 2401 4897 2704 4966; x_wconf 80' lang='grc' dir='ltr'>δογμάτων.</span> <span class='ocrx_word' id='word_1_803' title='bbox 2735 4896 2794 4948; x_wconf 80' lang='lat'><strong>&#39;0</strong></span> <span class='ocrx_word' id='word_1_804' title='bbox 2827 4896 2925 4966; x_wconf 85' lang='grc' dir='ltr'><strong>μὲν</strong></span> <span class='ocrx_word' id='word_1_805' title='bbox 2958 4889 3050 4948; x_wconf 78' lang='grc' dir='ltr'><strong>οὖν</strong></span> <span class='ocrx_word' id='word_1_806' title='bbox 3090 4893 3356 4956; x_wconf 83' lang='grc' dir='ltr'>Ἰουδαῖος,</span> <span class='ocrx_word' id='word_1_807' title='bbox 3377 4891 3539 4944; x_wconf 83' lang='grc' dir='ltr'>πλέον</span> <span class='ocrx_word' id='word_1_808' title='bbox 3571 4890 3720 4943; x_wconf 76' lang='grc' dir='ltr'>οὐδὲν</span> <span class='ocrx_word' id='word_1_809' title='bbox 3745 4888 3776 4956; x_wconf 84' lang='grc' dir='ltr'>ἦ</span> 
     </span>
    </p>
   </div>
   <div class='ocr_carea' id='block_1_109' title="bbox 2215 4980 3780 5059">
    <p class='ocr_par' dir='ltr' id='par_1_109' title="bbox 2215 4980 3780 5059">
     <span class='ocr_line' id='line_1_109' title="bbox 2215 4980 3780 5059; baseline -0.007 -17"><span class='ocrx_word' id='word_1_810' title='bbox 2215 4988 2352 5059; x_wconf 81' lang='grc' dir='ltr'>σὰρξ</span> <span class='ocrx_word' id='word_1_811' title='bbox 2386 4988 2481 5041; x_wconf 73' lang='grc' dir='ltr'>καὶ</span> <span class='ocrx_word' id='word_1_812' title='bbox 2518 4985 2656 5058; x_wconf 75' lang='grc' dir='ltr'>αἷμα</span> <span class='ocrx_word' id='word_1_813' title='bbox 2689 4987 2990 5057; x_wconf 85' lang='grc' dir='ltr'>τυγχάνων,</span> <span class='ocrx_word' id='word_1_814' title='bbox 3038 4984 3301 5055; x_wconf 85' lang='grc' dir='ltr'>σαρκίνως</span> <span class='ocrx_word' id='word_1_815' title='bbox 3338 4982 3430 5036; x_wconf 78' lang='grc' dir='ltr'>καὶ</span> <span class='ocrx_word' id='word_1_816' title='bbox 3460 4980 3780 5051; x_wconf 73' lang='grc' dir='ltr'>σωματικῶς</span> 
     </span>
    </p>
   </div>
   <div class='ocr_carea' id='block_1_110' title="bbox 2210 5071 3773 5149">
    <p class='ocr_par' dir='ltr' id='par_1_110' title="bbox 2210 5071 3773 5149">
     <span class='ocr_line' id='line_1_110' title="bbox 2210 5071 3773 5149; baseline -0.009 -16"><span class='ocrx_word' id='word_1_817' title='bbox 2210 5079 2501 5133; x_wconf 85' lang='grc' dir='ltr'>ἀκούσεται</span> <span class='ocrx_word' id='word_1_818' title='bbox 2535 5079 2643 5133; x_wconf 82' lang='grc' dir='ltr'><strong>τῶν</strong></span> <span class='ocrx_word' id='word_1_819' title='bbox 2675 5077 3072 5149; x_wconf 62' lang='grc' dir='ltr'>προκειμένων</span> <span class='ocrx_word' id='word_1_820' title='bbox 3118 5076 3351 5130; x_wconf 82' lang='grc' dir='ltr'>κᾶπειτα</span> <span class='ocrx_word' id='word_1_821' title='bbox 3393 5071 3773 5142; x_wconf 78' lang='grc' dir='ltr'>ἐπαρθήσεται,</span> 
     </span>
    </p>
   </div>
   <div class='ocr_carea' id='block_1_111' title="bbox 2209 5161 3777 5241">
    <p class='ocr_par' dir='ltr' id='par_1_111' title="bbox 2209 5161 3777 5241">
     <span class='ocr_line' id='line_1_111' title="bbox 2209 5161 3777 5241; baseline -0.008 -18"><span class='ocrx_word' id='word_1_822' title='bbox 2209 5172 2328 5241; x_wconf 81' lang='grc' dir='ltr'>εἰκῇ</span> <span class='ocrx_word' id='word_1_823' title='bbox 2357 5169 2713 5241; x_wconf 82' lang='grc' dir='ltr'>φυσιούμενος</span> <span class='ocrx_word' id='word_1_824' title='bbox 2741 5169 2847 5222; x_wconf 82' lang='grc' dir='ltr'><strong>ὑπὸ</strong></span> <span class='ocrx_word' id='word_1_825' title='bbox 2876 5167 2970 5222; x_wconf 90' lang='grc' dir='ltr'><strong>τοῦ</strong></span> <span class='ocrx_word' id='word_1_826' title='bbox 2993 5167 3110 5229; x_wconf 84' lang='grc' dir='ltr'>νοὸς</span> <span class='ocrx_word' id='word_1_827' title='bbox 3134 5167 3233 5236; x_wconf 85' lang='grc' dir='ltr'>τῆς</span> <span class='ocrx_word' id='word_1_828' title='bbox 3261 5163 3460 5235; x_wconf 81' lang='grc' dir='ltr'>σαρκὸς</span> <span class='ocrx_word' id='word_1_829' title='bbox 3482 5161 3657 5222; x_wconf 78' lang='grc' dir='ltr'>αὑτοῦ,</span> <span class='ocrx_word' id='word_1_830' title='bbox 3685 5164 3777 5212; x_wconf 75' lang='grc' dir='ltr'>καὶ</span> 
     </span>
    </p>
   </div>
   <div class='ocr_carea' id='block_1_112' title="bbox 2207 5252 3773 5334">
    <p class='ocr_par' dir='ltr' id='par_1_112' title="bbox 2207 5252 3773 5334">
     <span class='ocr_line' id='line_1_112' title="bbox 2207 5252 3773 5334; baseline -0.008 -20"><span class='ocrx_word' id='word_1_831' title='bbox 2207 5263 2267 5314; x_wconf 74' lang='grc' dir='ltr'><strong>οὐ</strong></span> <span class='ocrx_word' id='word_1_832' title='bbox 2295 5261 2510 5334; x_wconf 84' lang='grc' dir='ltr'>κρατῶν</span> <span class='ocrx_word' id='word_1_833' title='bbox 2547 5263 2646 5334; x_wconf 78' lang='grc' dir='ltr'>τὴν</span> <span class='ocrx_word' id='word_1_834' title='bbox 2675 5260 2914 5331; x_wconf 78' lang='grc' dir='ltr'>κεφαλὴν</span> <span class='ocrx_word' id='word_1_835' title='bbox 2937 5259 3081 5314; x_wconf 81' lang='grc' dir='ltr'>κατὰ</span> <span class='ocrx_word' id='word_1_836' title='bbox 3121 5259 3211 5310; x_wconf 81' lang='grc' dir='ltr'><strong>τὸν</strong></span> <span class='ocrx_word' id='word_1_837' title='bbox 3251 5256 3391 5327; x_wconf 80' lang='grc' dir='ltr'>ἱερὸν</span> <span class='ocrx_word' id='word_1_838' title='bbox 3442 5252 3773 5307; x_wconf 70' lang='grc' dir='ltr'>Ἀπόστειλον.</span> 
     </span>
    </p>
   </div>
   <div class='ocr_carea' id='block_1_113' title="bbox 2210 5342 3778 5424">
    <p class='ocr_par' dir='ltr' id='par_1_113' title="bbox 2210 5342 3778 5424">
     <span class='ocr_line' id='line_1_113' title="bbox 2210 5342 3778 5424; baseline -0.004 -20"><span class='ocrx_word' id='word_1_839' title='bbox 2210 5353 2300 5406; x_wconf 82' lang='grc' dir='ltr'>Διὸ</span> <span class='ocrx_word' id='word_1_840' title='bbox 2339 5353 2530 5406; x_wconf 79' lang='grc' dir='ltr'>ἑαυτὸν</span> <span class='ocrx_word' id='word_1_841' title='bbox 2579 5353 2678 5424; x_wconf 82' lang='grc' dir='ltr'><strong>μὲν</strong></span> <span class='ocrx_word' id='word_1_842' title='bbox 2716 5349 2852 5405; x_wconf 83' lang='grc' dir='ltr'>εἶναι</span> <span class='ocrx_word' id='word_1_843' title='bbox 2891 5351 2983 5405; x_wconf 79' lang='grc' dir='ltr'><strong>τὸν</strong></span> <span class='ocrx_word' id='word_1_844' title='bbox 3027 5349 3238 5420; x_wconf 83' lang='grc' dir='ltr'>Ἰσραὴλ</span> <span class='ocrx_word' id='word_1_845' title='bbox 3273 5349 3536 5419; x_wconf 87' lang='grc' dir='ltr'>οἰήσεται,</span> <span class='ocrx_word' id='word_1_846' title='bbox 3567 5342 3778 5414; x_wconf 86' lang='grc' dir='ltr'>καὶ</span> 
     </span>
    </p>
   </div>
   <div class='ocr_carea' id='block_1_114' title="bbox 2223 5435 3773 5516">
    <p class='ocr_par' dir='ltr' id='par_1_114' title="bbox 2223 5435 3773 5516">
     <span class='ocr_line' id='line_1_114' title="bbox 2223 5435 3773 5516; baseline -0.002 -20"><span class='ocrx_word' id='word_1_847' title='bbox 2223 5444 2479 5498; x_wconf 85' lang='grc' dir='ltr'>Ἰουδαίαν</span> <span class='ocrx_word' id='word_1_848' title='bbox 2505 5445 2611 5497; x_wconf 77' lang='grc' dir='ltr'>οὐδ’</span> <span class='ocrx_word' id='word_1_849' title='bbox 2655 5444 2848 5516; x_wconf 80' lang='grc' dir='ltr'>ἑτέραν</span> <span class='ocrx_word' id='word_1_850' title='bbox 2891 5440 3028 5496; x_wconf 74' lang='grc' dir='ltr'>εἶναι</span> <span class='ocrx_word' id='word_1_851' title='bbox 3059 5441 3157 5511; x_wconf 83' lang='grc' dir='ltr'>τῆς</span> <span class='ocrx_word' id='word_1_852' title='bbox 3189 5440 3558 5494; x_wconf 88' lang='grc' dir='ltr'>Παλαιστίνων</span> <span class='ocrx_word' id='word_1_853' title='bbox 3576 5435 3773 5508; x_wconf 68' lang='grc' dir='ltr'>χώρας.</span> 
     </span>
    </p>
   </div>
   <div class='ocr_carea' id='block_1_115' title="bbox 2212 5525 3752 5604">
    <p class='ocr_par' dir='ltr' id='par_1_115' title="bbox 2212 5525 3752 5604">
     <span class='ocr_line' id='line_1_115' title="bbox 2212 5525 3752 5604; baseline -0.006 -17"><span class='ocrx_word' id='word_1_854' title='bbox 2212 5535 2306 5588; x_wconf 68' lang='grc' dir='ltr'><strong>καλ⁷</strong></span> <span class='ocrx_word' id='word_1_855' title='bbox 2334 5535 2425 5588; x_wconf 84' lang='grc' dir='ltr'>τὸν</span> <span class='ocrx_word' id='word_1_856' title='bbox 2465 5537 2628 5589; x_wconf 88' lang='grc' dir='ltr'>τόπον</span> <span class='ocrx_word' id='word_1_857' title='bbox 2671 5534 2766 5588; x_wconf 86' lang='grc' dir='ltr'><strong>τοῦ</strong></span> <span class='ocrx_word' id='word_1_858' title='bbox 2808 5533 2965 5597; x_wconf 90' lang='grc' dir='ltr'>Θεοῦ,</span> <span class='ocrx_word' id='word_1_859' title='bbox 3004 5533 3102 5603; x_wconf 86' lang='grc' dir='ltr'>τὴν</span> <span class='ocrx_word' id='word_1_860' title='bbox 3138 5532 3228 5585; x_wconf 79' lang='grc' dir='ltr'>ἐπὶ</span> <span class='ocrx_word' id='word_1_861' title='bbox 3253 5534 3356 5604; x_wconf 82' lang='grc' dir='ltr'><strong>γῆς</strong></span> <span class='ocrx_word' id='word_1_862' title='bbox 3406 5525 3752 5601; x_wconf 72' lang='grc' dir='ltr'>Ἰερουσαλήμ</span> 
     </span>
    </p>
   </div>
   <div class='ocr_carea' id='block_1_116' title="bbox 2213 5623 3776 5698">
    <p class='ocr_par' dir='ltr' id='par_1_116' title="bbox 2213 5623 3776 5698">
     <span class='ocr_line' id='line_1_116' title="bbox 2213 5623 3776 5698; baseline 0.006 -21"><span class='ocrx_word' id='word_1_863' title='bbox 2213 5627 2510 5698; x_wconf 83' lang='grc' dir='ltr'>ἐπειδήπερ</span> <span class='ocrx_word' id='word_1_864' title='bbox 2539 5630 2572 5698; x_wconf 83' lang='grc' dir='ltr'>ἡ</span> <span class='ocrx_word' id='word_1_865' title='bbox 2613 5625 2874 5698; x_wconf 79' lang='grc' dir='ltr'>Ἐδραῖκὴ</span> <span class='ocrx_word' id='word_1_866' title='bbox 2915 5625 3060 5689; x_wconf 74' lang='grc' dir='ltr'>λέξις</span> <span class='ocrx_word' id='word_1_867' title='bbox 3100 5625 3338 5695; x_wconf 80' lang='grc' dir='ltr'>περιέχει</span> <span class='ocrx_word' id='word_1_868' title='bbox 3369 5624 3424 5675; x_wconf 74' lang='grc' dir='ltr'><strong>ἐν</strong></span> <span class='ocrx_word' id='word_1_869' title='bbox 3463 5623 3637 5692; x_wconf 68' lang='grc' dir='ltr'>Σιλῆμ</span> <span class='ocrx_word' id='word_1_870' title='bbox 3679 5635 3776 5686; x_wconf 72' lang='grc' dir='ltr'>τε·</span> 
     </span>
    </p>
   </div>
   <div class='ocr_carea' id='block_1_117' title="bbox 2034 5781 3316 5852">
    <p class='ocr_par' dir='ltr' id='par_1_117' title="bbox 2034 5781 3316 5852">
     <span class='ocr_line' id='line_1_117' title="bbox 2034 5781 3316 5852; baseline -0.004 -14"><span class='ocrx_word' id='word_1_871' title='bbox 2034 5786 2073 5814; x_wconf 64' lang='grc'><strong>⁸⁷</strong></span> <span class='ocrx_word' id='word_1_872' title='bbox 2118 5783 2299 5838; x_wconf 73' lang='lat' dir='ltr'><strong>Matth.</strong></span> <span class='ocrx_word' id='word_1_873' title='bbox 2341 5801 2501 5852; x_wconf 70' lang='lat' dir='ltr'><strong>uri,</strong></span> <span class='ocrx_word' id='word_1_874' title='bbox 2533 5783 2625 5841; x_wconf 75' lang='lat'><strong>‘29.</strong></span> <span class='ocrx_word' id='word_1_875' title='bbox 2705 5786 2748 5818; x_wconf 70' lang='grc'><strong>⁸⁸</strong></span> <span class='ocrx_word' id='word_1_876' title='bbox 2789 5784 2933 5840; x_wconf 78' lang='lat' dir='ltr'><strong>Psal.</strong></span> <span class='ocrx_word' id='word_1_877' title='bbox 2968 5799 3149 5849; x_wconf 77' lang='lat' dir='ltr'><strong>Lxxn&#39;,</strong></span> <span class='ocrx_word' id='word_1_878' title='bbox 3184 5783 3234 5848; x_wconf 73' lang='grc' dir='ltr'>ὃ,</span> <span class='ocrx_word' id='word_1_879' title='bbox 3265 5781 3316 5838; x_wconf 86' lang='lat'><strong>6.</strong></span> 
     </span>
    </p>
   </div>
  </div>
