4004 6534
315 401 395 455 ζτῖ
1409 404 1910 459 L‘OMMENTARIA
1951 407 2016 460 IN
2053 408 2390 464 PSALMOS.

3427 409 3527 462 878

292 515 501 585 γονέναι
526 514 614 569 τδν
641 514 802 570 τόπον
827 516 1010 570 αὑτοῦ·
1042 519 1134 571 καὶ
1157 519 1206 571 οἱ
1235 517 1412 571 λοιποὶ
1447 519 1502 572 δὲ
1535 521 1861 590 ὲρμηνευτοιὶ

1966 519 2164 576 Israele
2209 529 2366 584 sunt,
2409 517 2570 574 Israel
2607 537 2765 576 esse:
2819 536 2992 591 neque
3034 529 3299 591 quotquot
3343 537 3529 577 semen

291 608 476 662 τοῦτον
505 609 850 680 ἡρμήνευσαν
874 611 964 662 τὸν
991 611 1213 682 τρόπον,
1235 611 1306 664 ἐν
1333 611 1542 680 Σαλήμ
1570 611 1859 666 ἐκδεδωκό-

290 717 401 763 τες.
454 700 512 752 ’0
538 700 594 753 δὲ
615 703 729 764 τοῖς
755 700 918 764 θείοις
940 701 1171 772 δόγμασι
1205 702 1702 773 μεμαθητευμένος,
1739 721 1861 756 παι-

291 791 518 856 δευθεὶς,
549 792 630 845 ὅτι
657 793 719 844 οὐ
754 793 956 856 πάντες
991 794 1040 846 οἱ
1072 793 1129 860 ἐξ
1177 793 1392 866 Ἰσραὴλ
1429 786 1572 847 οὗτοι
1619 795 1858 866 Ἰσραὴλ,

291 883 410 936 οὐδὲ
452 883 565 936 ὅσοι
608 883 827 955 σπέρμα
879 885 1129 957 Ἀϐραάμ
1167 887 1293 949 είσι,
1336 887 1535 950 πάντες
1575 888 1754 940 τέκνα·
1799 889 1859 940 οὐ

289 973 395 1045 γὰρ
409 972 478 1026 τὰ
497 974 660 1028 τέκνα
684 976 781 1044 τῆς
809 975 1008 1046 σαρκὸς
1031 975 1200 1030 ταῦτα
1221 977 1383 1030 τέκνα
1433 977 1526 1032 τοῦ
1555 980 1709 1043 Θεοῦ,
1729 979 1862 1033 ἀλλὰ

287 1061 357 1115 τὰ
383 1063 549 1116 τέκνα
591 1063 690 1134 τῆς
727 1063 1058 1133 ἐπαγγελίας
1089 1065 1361 1135 λογίζεται
1405 1069 1482 1131 εἰς
1515 1068 1753 1140 σπέρμα·
1784 1069 1860 1121 ἐτι

284 1169 349 1206 τε.
389 1154 699 1218 ἐπακούσας
742 1155 837 1208 τοῦ
883 1157 1048 1210 αὑτοῦ
1096 1157 1415 1212 ’Δποστόλου
1456 1156 1724 1228 λέγοντος,
1781 1163 1862 1214 Οὐ

285 1242 398 1314 γὰρ
438 1247 470 1298 ὀ
513 1245 584 1297 ἐν
636 1243 715 1310 τῷ
738 1246 972 1315 φανερῷ
1021 1248 1297 1314 Ἰουδαῖός
1328 1249 1520 1314 ἐστιν,
1555 1252 1694 1305 οὐδὲ
1729 1253 1767 1318 ἡ
1795 1255 1866 1305 ἐν

284 1332 368 1400 τῷ
395 1335 628 1404 φανερῷ
655 1337 725 1390 ἐν
755 1338 932 1406 σαρκὶ
967 1340 1268 1409 περιτομήο
1299 1341 1436 1395 ἀλλ’
1471 1345 1504 1395 ὀ
1526 1343 1596 1395 ἐν
1619 1341 1699 1407 τῷ
1723 1361 1861 1411 κρυ-

285 1425 414 1491 πτῷ
466 1427 764 1494 Ἰουδαῖος,
818 1429 916 1483 καὶ
960 1431 1242 1500 περιτομὴ
1296 1432 1544 1500 καρδίας
1583 1433 1654 1487 ἐν
1687 1436 1864 1487 πνεύ-

276 1536 444 1588 ματι,
479 1521 550 1573 οὐ
580 1519 889 1588 τράμματι·
923 1516 996 1575 οὗ
1032 1524 1064 1575 ό
1101 1521 1348 1587 ἔπαινος
1385 1524 1496 1576 οὐκ
1537 1522 1606 1586 ἐξ
1645 1524 1864 1592 ἀνθρώ-

283 1625 439 1673 πων,
485 1612 618 1666 ἀλλ’
661 1612 730 1664 ἐκ
774 1610 882 1664 τοῦ
929 1611 1096 1666 Θεοῦσ
1144 1614 1236 1666 καὶ
1283 1612 1462 1667 πάλινο
1520 1613 1708 1682 Ἡμεῖς
1752 1614 1864 1684 γάρ

279 1704 476 1772 ἐσμεν
504 1705 574 1758 ἐν
603 1704 888 1775 περιτομῇ
920 1708 974 1759 ol
1002 1705 1072 1758 ἐν
1104 1705 1395 1774 πνεύματι
1436 1703 1584 1757 Θεοῦ
1612 1707 1862 1773 λατρεύ-

277 1813 478 1862 οντες,
510 1796 606 1850 καί
632 1799 742 1851 οὐκ
773 1799 842 1851 ἐν
869 1797 1045 1866 σαρκί
1073 1797 1438 1861 πεποιθότες
1481 1795 1560 1848 ἔτι
1604 1797 1709 1868 μὴν
1747 1799 1865 1850 ἐπι·-

1960 611 2265 678 Abraham,
2305 611 2446 668 ﬁlios
2487 613 2611 682 ejus
2652 628 2774 666 esse
2813 632 2825 666 :
2861 628 2970 667 non
3002 613 3148 666 enim
3181 613 3274 668 Iilii
3305 615 3488 668 carnis
3513 653 3530 677 ,

1963 703 1998 756 ii
2031 702 2124 756 tilii
2159 702 2252 758 Dei
2286 711 2446 767 sunt,
2479 702 2575 758 sed
2621 702 2713 757 ﬁlii
2761 702 3176 772 promissionis,
3222 701 3259 756 ii
3303 717 3402 772 pro
3444 717 3532 756 se-

1962 795 2108 850 mine
2142 804 2568 866 computantur;
2599 810 2722 850 cum
2758 795 2993 850 audierit
3033 795 3161 850 item
3206 795 3338 850 illud
3386 797 3532 866 Apo-

1962 883 2087 937 stoli
2119 883 2357 949 dictum,
2395 883 2518 938 Non
2551 885 2687 937 enim
2725 885 2814 953 qui
2857 885 2908 937 in
2955 885 3267 954 manifesto,
3311 885 3530 939 Juda'ns

1961 982 2074 1037 est,
2105 991 2261 1044 neque
2290 990 2406 1044 qua:
2434 976 2487 1028 in
2524 975 2805 1042 manifesto
2847 975 2902 1028 in
2932 991 3089 1030 carne
3126 985 3204 1030 est
3252 977 3533 1030 circumci-

1962 1065 2078 1127 sio;
2105 1069 2192 1118 sed
2215 1067 2305 1136 qui
2325 1067 2379 1118 in
2401 1066 2730 1128 abscondito,
2751 1065 2971 1121 Juda’tts
2996 1078 3111 1121 est:
3132 1077 3183 1122 et
3203 1068 3534 1121 circumcisio

1965 1155 2138 1209 cordis
2170 1157 2224 1209 in
2258 1157 2472 1225 spiritu,
2509 1173 2608 1209 non
2643 1156 2843 1221 littera,
2876 1159 3027 1226 cujus
3062 1160 3182 1213 laus
3212 1176 3316 1213 non
3347 1174 3411 1213 ex
3439 1158 3535 1213 Ito-

1965 1245 2226 1310 minibus,
2260 1247 2350 1300 sed
2383 1263 2448 1300 ex
2483 1246 2592 1301 Deo
2621 1257 2698 1301 est
2735 1248 2808 1312 ‘9;
2842 1263 2906 1302 ac
2949 1263 3166 1303 rursum
3187 1288 3202 1313 ,
3252 1248 3366 1302 Nos
3395 1251 3536 1303 enim

1963 1354 2144 1391 sumus
2171 1337 2227 1390 in
2256 1337 2654 1391 circumcisione
2680 1339 2766 1407 qui
2802 1339 2854 1390 in
2898 1339 3085 1406 spiritu
3121 1338 3218 1393 Dei
3241 1340 3494 1394 servimus
3516 1377 3533 1402 ,

1964 1445 2124 1499 neque
2167 1430 2220 1482 in
2266 1445 2426 1484 carne
2463 1429 2782 1498 conﬁdimus
2813 1431 2900 1496 ⁶⁰;
2940 1446 3063 1485 cum
3106 1431 3537 1486 consideraverit

1963 1521 2126 1574 etiam
2163 1521 2292 1575 illud
2315 1561 2330 1584 ,
2367 1520 2625 1589 Respicite
2669 1519 2845 1576 Israel
2885 1523 3170 1576 secundum
3219 1539 3431 1576 carnem
3461 1524 3532 1584 δι,
3621 1541 3626 1544 ·

1962 1618 2152 1681 utpote
2191 1612 2399 1667 scilicet
2437 1614 2543 1668 alio
2581 1615 2913 1679 exsistente,
2944 1615 3036 1685 qui
3075 1631 3185 1669 non
3229 1615 3532 1670 secundum

1963 1718 2184 1758 carnem
2205 1742 2222 1768 ,
2253 1703 2348 1760 sed
2377 1705 2678 1760 secundum
2711 1706 2963 1776 spiritum
2995 1723 3160 1762 verus
3201 1707 3368 1763 Israel
3405 1717 3488 1762 est
3517 1726 3531 1774 ;

1964 1793 2079 1850 hac
2108 1795 2338 1852 edoctus
2358 1836 2374 1860 ,
2405 1812 2594 1852 verum
2627 1797 2880 1854 Israeletn
2909 1798 3160 1854 admittet
3189 1817 3312 1855 eum
3343 1801 3437 1870 qui
3465 1818 3532 1856 ex

278 1889 492 1958 στήσας
517 1890 598 1952 τὸ,
633 1889 892 1942 Βλέπετε
935 1887 1042 1942 τὸν
1085 1887 1319 1957 Ἰσραὴλ
1353 1888 1503 1941 κατὰ
1531 1887 1747 1957 σάρκα,
1787 1890 1861 1954 ὡς

1963 1899 2128 1955 opere
2155 1887 2580 1944 demonstratur.
2611 1888 2816 1946 Nomen
2848 1905 3010 1960 porro
3039 1891 3304 1960 accipitur
3337 1909 3436 1962 pro
3467 1910 3533 1947 eo

275 1980 474 2052 ἑτέρου
507 1980 659 2044 ὄντος
689 1980 784 2033 τοῦ
816 1981 1054 2052 μὴκατὰ
1088 1981 1285 2049 σάρκα,
1320 1979 1456 2033 ἀλλὰ
1478 1980 1618 2032 κατὰ
1646 1981 1863 2052 πνεῦμα

271 2073 538 2143 ἀληθινοῦ
583 2073 814 2144 Ἰσραήλ·
841 2073 1049 2137 τούτοις
1082 2072 1585 2143 μεμαθητευμένος,
1615 2071 1705 2125 τὸν
1735 2071 1865 2142 ἀλη-

275 2165 431 2218 θινὸν
476 2164 687 2236 Ἰσραὴλ
718 2164 990 2230 ἐκδέξεται
1023 2160 1159 2220 εἶναι
1189 2164 1280 2218 τὸν
1312 2165 1377 2218 ὲκ
1411 2163 1506 2217 τοῦ
1542 2165 1866 2236 πράγματος

273 2257 700 2328 σημαινόμενον.
736 2255 1228 2327 Μεταλαμϐάνεται
1250 2253 1382 2325 γοῦν
1407 2255 1642 2327 τοῦνομα
1668 2259 1746 2319 εἰς
1773 2257 1863 2310 τὸν

270 2350 494 2421 ὁρῶντα
519 2350 611 2402 τὸν
640 2349 792 2403 Θεόν’
821 2350 913 2402 τὸν
954 2349 1259 2420 διορατικὸν
1301 2348 1479 2401 τοίνυν
1507 2349 1602 2402 καὶ
1631 2366 1860 2416 γνωστι-

272 2440 378 2493 κὸν
404 2441 496 2492 καὶ
530 2438 949 2510 ἐπιστημονικὸν
979 2439 1146 2508 ἄνδρα
1185 2439 1344 2508 μόνον
1382 2433 1518 2491 εἶναι
1557 2437 1646 2491 τὸν
1677 2438 1862 2508 ἀληθι-

197 2556 209 2574 ι
271 2533 371 2584 νὺν
407 2531 619 2603 Ἰσραὴλ
640 2533 1016 2600 ἀποφανεῖται’
1042 2529 1100 2582 ὃν
1122 2531 1156 2600 ἡ
1189 2527 1327 2599 μετὰ
1351 2531 1538 2599 χεῖρας
1562 2529 1859 2600 παρίστησι

270 2623 428 2687 λέξις
473 2623 772 2692 φάσκουσα·
825 2624 920 2674 Ἐν
959 2620 1038 2686 τῷ
1084 2620 1324 2690 Ἰσραὴλ
1365 2619 1518 2690 μέγα
1562 2621 1628 2675 τὸ
1674 2623 1860 2691 ὄνομα

271 2714 490 2770 αὐτοῦ.
530 2713 768 2785 Ἐλέγχει
801 2713 858 2766 δὲ
888 2713 976 2766 τὸν
1015 2713 1266 2766 Ἰουδαῖον
1293 2714 1392 2766 οὐκ
1430 2713 1578 2778 ἄξιον
1609 2713 1736 2767 ὄντα
1759 2713 1859 2782 τῆς

273 2805 655 2878 προσηγορίας
685 2805 779 2858 τοῦ
818 2804 1035 2876 Ἰσραὴλ
1080 2808 1108 2858 ὁ
1153 2807 1489 2877 προφητικδς
1529 2805 1686 2873 λόγος
1727 2805 1859 2858 ἁπο-

270 2899 587 2970 τεινόμενος
609 2898 744 2970 πρὸς
766 2898 962 2961 αὐτοὺς
984 2899 1077 2951 καὶ
1097 2897 1288 2966 λέγων’
1317 2898 1460 2951 Οὐαὶ
1487 2897 1663 2963 ἔθνος
1686 2898 1861 2966 ἀμαρ-

271 2989 496 3055 τωλὸν,
539 2990 690 3054 λαὸς
726 2987 964 3057 πλήρης
1005 2986 1318 3057 ἁμαρτιῶν·
1379 2987 1494 3051 καὶ,
1545 2988 1860 3042 Ἀκούσατε

271 3075 471 3149 λόγον
505 3082 746 3150 Κυρ⁸ου,
775 3079 1061 3150 ἄρχοντες
1089 3079 1384 3148 Σοδόμων’
1413 3078 1740 3148 προσέχετε
1763 3079 1860 3131 νό-

267 3189 400 3243 μον
431 3173 597 3235 Θεοῦ,
646 3173 796 3238 λαός
827 3172 1156 3241 Γομόρῤας.
1195 3171 1404 3243 Ὠσπερ
1449 3167 1540 3225 οὖν
1576 3173 1604 3224 ὁ
1637 3171 1858 3240 φάσκων

272 3264 414 3335 περὶ
444 3263 549 3315 τῶν
573 3262 761 3316 ἐθνῶν*
791 3262 933 3318 Λιότι
961 3263 1056 3315 ἀπ’
1077 3261 1348 3316 ἀνατολῶν
1386 3263 1534 3333 ἡλίου
1580 3261 1738 3334 μέχρι
1768 3262 1858 3315 δυ-

273 3353 440 3424 σμῶν
463 3354 769 3418 δεδόξασται
801 3355 862 3407 τὸ
889 3354 1058 3425 δνιμα
1090 3354 1253 3407 αὐτοῦ
1291 3356 1351 3407 ὲν
1387 3357 1496 3416 τοῖς
1535 3355 1732 3418 ἔθνεσι,
1763 3354 1860 3409 καὶ

268 3447 355 3499 ἐν
387 3444 564 3496 παντὶ
598 3445 758 3509 τόπῳ
788 3445 1047 3513 θυμίαμα
1093 3444 1453 3513 προσάγεται
1496 3444 1576 3509 τῷ
1617 3445 1862 3513 ὀνόματί

265 3554 420 3607 μου,
461 3536 558 3589 καὶ
597 3538 778 3590 θυσιά
820 3535 1063 3604 καθαρά·
1107 3539 1200 3590 καὶ
1231 3537 1409 3590 πάλιν·
1439 3538 1592 3590 Διότι
1612 3536 1766 3605 μέγα
1793 3535 1859 3589 τὸ

273 3628 474 3698 ὄνομά
501 3646 619 3696 μου
650 3629 718 3681 ἐν·
751 3627 874 3695 τοῖς
909 3629 1132 3690 ἔθνεσι,
1168 3629 1353 3697 σαφῶς
1382 3629 1673 3698 παρίστησι
1705 3628 1861 3680 δύνα-

276 3723 410 3775 σθαι
438 3721 507 3773 τὰ
529 3721 653 3792 ἔθνη
685 3717 821 3775 εἶναι
841 3721 930 3772 τὸν
969 3719 1201 3791 Ἰσραὴλ,
1237 3719 1394 3791 εἴπερ
1418 3721 1488 3772 ἐν
1510 3719 1587 3784 τῷ
1622 3719 1860 3788 Ἰσραὴλ

265 3811 435 3884 μέγα
463 3811 528 3865 τὸ
555 3811 742 3880 ὄνομα
763 3810 970 3864 αὑτοῦ.
1000 3811 1108 3864 Καὶ
1139 3811 1273 3881 πρὸς
1301 3811 1397 3880 μὲν
1437 3810 1722 3872 Ἰουδαίους
1749 3811 1861 3864 ἐλέ-

272 3920 428 3972 γετοο
447 3901 629 3972 Ὑμεῖς
641 3901 1226 3969 δὲ,ϐεϐη..ἰοῦτεαὺτὸ,
1245 3901 1401 3971 δῆλον
1419 3901 1464 3954 δ’
1490 3901 1648 3954 ὅτιτὸ
1693 3900 1861 3970 ὄνομα

271 3997 378 4052 τοῦ
406 3996 561 4050 Θεοῦ.
598 3997 706 4051 Καὶ
737 3993 889 4059 αὖθις
926 3996 1139 4067 εἴρηται
1183 3993 1320 4066 πρὸς
1352 3995 1567 4058 αὐτούς’
1603 3996 1682 4048 Δι’
1707 3995 1862 4063 ὑμᾶς

273 4089 612 4156 διαπαντὸς
649 4090 713 4144 τὸ
760 4088 946 4157 ὄνομὰ
989 4105 1109 4157 μου
1150 4086 1602 4155 ,βλασφημεῖται
1637 4087 1708 4139 ἐν
1737 4085 1861 4152 τοῖς

273 4183 543 4236 ἔθνεσιν.
591 4182 652 4234 Εἰ
689 4180 866 4234 τοίνυν
903 4181 936 4251 ἡ
976 4179 1113 4250 μετὰ
1159 4182 1346 4248 χεῖρας
1383 4179 1573 4248 Γραςρὴ
1622 4178 1860 4231 διδάσκει

275 4277 490 4327 ἐκεῖνον
517 4267 655 4326 εἶναι
683 4272 772 4325 τὸν
817 4271 1052 4343 Ἰσραὴλ,
1087 4272 1215 4341 παρ’
1241 4263 1285 4337 ᾧ
1314 4269 1374 4322 τὸ
1409 4268 1503 4322 τοῦ
1537 4267 1671 4322 Θεοῦ
1705 4267 1860 4332 δοξά-

276 4367 438 4432 ζεται
465 4366 655 4436 ὄνομα,
688 4367 754 4418 ἐκ
783 4363 890 4417 τῶν
919 4363 1220 4436 εἰρημένων
1247 4361 1438 4430 γένοιτ’
1464 4362 1530 4416 ἂν
1564 4361 1861 4434 κατάδηλος

272 4460 311 4513 ὀ
355 4456 582 4526 ὀφείλων
632 4454 882 4524 λέγεσθαι
915 4454 1117 4526 κυρίως
1171 4453 1403 4524 Ἰσραήλ.
1467 4453 1766 4522 Ἀναλόγως
1803 4454 1860 4506 δὲ

274 4548 460 4619 τούτῳ
492 4549 702 4619 νοήσεις
731 4548 822 4600 καὶ
848 4545 946 4617 τὴν
992 4545 1270 4598 Ἰουδαίαν·
1315 4543 1442 4597 ἔνθα
1479 4544 1588 4615 γάρ
1634 4546 1780 4597 ἐστιν
1823 4546 1857 4616 ἡ
1893 4566 1938 4622 D

277 4640 484 4712 γνῶσις
510 4638 604 4691 τοῦ
639 4637 794 4703 Θεοῦ,
825 4637 963 4708 αὕτη
999 4637 1145 4689 ἐστὶν
1170 4640 1204 4708 ἡ
1251 4635 1499 4690 Ἰουδαία.
1534 4635 1702 4689 Τοῦτο
1731 4635 1860 4704 γοῦν

277 4735 320 4805 ἡ
361 4733 398 4784 Γ
404 4731 550 4803 ραφὴ
591 4731 886 4802 παρίστησι
918 4729 1167 4796 λέγουσαο
1197 4726 1481 4792 Γνωστὸς
1508 4727 1578 4780 ἐν
1611 4725 1682 4794 τῇ
1725 4727 1864 4780 Ἰου-

277 4825 421 4892 δαίᾳ
450 4828 483 4877 ό
515 4825 678 4889 Θεός.
712 4823 775 4874 Ei
801 4822 858 4875 δὲ
892 4821 966 4892 μὴ
991 4821 1051 4874 τὸ
1074 4822 1304 4891 πρᾶγμα
1333 4819 1424 4872 ἐπὶ
1449 4822 1546 4889 τῆς
1584 4818 1859 4882 Ἰουδαίας,

278 4915 429 4985 λέγω
447 4915 502 4968 δὲ
521 4916 618 4984 τῆς
643 4913 1013 4966 Παλαιστίνων
1037 4911 1218 4983 χώρας
1245 4911 1566 4980 εὑρίσκοιτο,
1601 4910 1860 4980 πλείστης

282 5007 452 5077 οὔσης
480 5004 915 5076 εἰδωλολατρείας
940 5004 998 5056 ἐν
1025 5003 1160 5074 αὐτῇ
1186 5003 1502 5073 γενομένης,
1525 5001 1704 5055 αὐτῶν
1737 5003 1860 5054 Ἰου-

284 5102 452 5154 δαίων
479 5099 540 5152 to
566 5098 786 5152 παλαιὸν
811 5095 1362 5168 εἰδωλολατρευόντων
1387 5096 1442 5146 ὲν
1465 5093 1623 5164 αὐτῇ,
1645 5094 1720 5154 ὡς
1739 5094 1864 5156 τοὺς

285 5194 574 5264 προφήτας
611 5190 933 5259 ἀπελέγχειν
977 5190 1173 5251 αὐτοὺς
1209 5187 1304 5240 καὶ
1342 5186 1542 5254 λέγειν’
1569 5183 1730 5238 Κατὰ
1754 5183 1865 5252 γὰρ

284 5287 394 5337 τδν
419 5283 666 5352 ἀριθμὸν
694 5280 812 5334 τῶν
838 5279 1076 5333 πόλεών
1103 5294 1220 5332 σου
1245 5274 1408 5346 ἦσαν
1428 5275 1552 5329 θεοί
1573 5291 1689 5327 σου
1731 5275 1864 5327 Ἰού-

285 5377 382 5441 δα,
408 5376 504 5429 καὶ
534 5375 682 5428 κατὰ
701 5372 944 5442 ἀριθμὸν
963 5369 1244 5439 ἀμφόὸων
1275 5366 1658 5437 Ἰερουσαλὴμ
1683 5367 1864 5418 ἔθυον

285 5468 362 5536 τῇ
397 5466 582 5521 eam
612 5465 729 5528 πῶς
749 5463 970 5517 δυνατὸν
995 5462 1197 5532 ταύτην
1236 5455 1372 5512 εἶναι
1399 5457 1650 5526 λέγεσθαι
1673 5456 1770 5527 τὴν
1798 5455 1858 5508 τὸ

286 5554 528 5623 γνωστὸν
557 5552 650 5606 τοῦ
681 5548 815 5605 Θεοῦ
847 5550 1186 5618 κεκτημένην
1220 5547 1510 5611 Ἰουδαίαν;
1560 5545 1658 5598 Διὰ
1704 5545 1756 5598 τί
1799 5544 1855 5597 δὲ

363 5773 408 5805 ⁸⁸
446 5771 602 5826 Rom.
659 5771 835 5838 11,28,
870 5770 961 5825 29.
1039 5771 1084 5801 '°
1124 5768 1357 5838 Philipp.
1397 5781 1482 5830 ιιι,
1519 5768 1574 5838 3.

295 5841 380 5899 ii.
459 5843 502 5874 "
541 5842 674 5898 ibid.
709 5837 712 5838 ν
751 5843 796 5873 ⁸⁸
832 5840 963 5898 ibid.
1003 5841 1084 5895 i2.
1162 5841 1206 5870 ⁸⁷
1241 5837 1344 5893 lsa.
1387 5853 1482 5904 ιιι,
1525 5837 1577 5891 5.

1651 5767 1693 5797 ⁵⁸
1737 5765 1753 5818 1
1787 5765 1911 5820 Cor.
1949 5783 2004 5825 ι.
2044 5764 2128 5818 18.

1683 5835 1731 5869 ⁸⁸
1755 5835 1866 5890 Jcr.
1907 5853 1977 5901 ιι,
2010 5835 2100 5889 9.8.
2177 5834 2219 5867 ”
2263 5835 2366 5890 Isa.
2403 5849 2524 5900 xu,
2565 5833 2646 5887 19.

1963 1977 2058 2048 qui
2090 1979 2225 2034 videt
2258 1980 2465 2044 Deum;
2497 1997 2627 2053 ergo
2668 1982 2843 2036 virum
2892 1986 3292 2053 perspicacem,
3336 1985 3534 2039 notitia

1962 2071 2248 2143 praeditum
2281 2081 2336 2128 et
2365 2073 2623 2139 doctum,
2667 2075 2842 2130 solum
2882 2090 3005 2130 esse
3049 2092 3236 2130 verum
3279 2075 3532 2132 Israelem

1961 2163 2300 2229 declarabit,
2342 2166 2558 2235 qualem
2606 2165 2722 2221 btec
2760 2167 3034 2222 sententia
3079 2167 3262 2236 prodit
3308 2168 3532 2234 dicens,

1965 2255 2031 2310 In
2056 2255 2230 2310 Israel
2255 2273 2503 2326 magnum
2529 2274 2712 2311 nomen
2735 2257 2871 2326 ejus.
2897 2257 3111 2312 Evincit
3134 2274 3264 2314 vero
3284 2257 3532 2314 Judaeum

1961 2345 2179 2402 Israelis
2207 2349 2430 2403 nomine
2457 2349 2678 2419 dignum
2711 2366 2818 2403 non
2860 2365 2982 2405 esse
3012 2349 3368 2420 propheticus
3415 2365 3533 2406 ser-

1961 2451 2086 2500 mo,
2117 2438 2211 2508 qui
2245 2437 2394 2508 ipsos
2422 2438 2647 2507 respicit
2679 2446 2732 2492 et
2760 2440 2840 2494 sic
2874 2439 3039 2494 habet
3068 2459 3080 2494 :
3123 2439 3212 2492 Va:
3240 2439 3383 2510 genti
3412 2456 3533 2509 pec-

1961 2526 2149 2581 catrici
2169 2566 2185 2590 ,
2210 2529 2401 2595 populo
2429 2526 2580 2596 pleno
2613 2529 2840 2594 peccatis
2877 2530 2922 2560 ⁵⁸
2945 2547 2960 2595 ;
2987 2537 3070 2595 et,
3100 2527 3294 2582 Audite
3322 2529 3533 2582 verbum

1960 2617 2197 2687 Domini,
2227 2620 2485 2688 principes
2537 2617 2926 2674 Sodomorum:
2973 2619 3226 2674 attendite
3261 2619 3363 2691 legi
3394 2619 3491 2674 Dei
3515 2661 3532 2684 ,

1959 2711 2181 2778 populus
2211 2709 2519 2764 Gomorrlm:
2544 2711 2612 2764 ⁵³.
2650 2711 3118 2776 Quemadmodum
3152 2713 3316 2768 etiam
3345 2711 3438 2781 qui
3467 2712 3534 2766 de

1961 2800 2216 2867 gentibus
2239 2800 2407 2864 dicit,
2439 2801 2508 2855 ab
2539 2803 2750 2856 oriente
2812 2802 2928 2855 sole
2980 2816 3153 2871 usque
3179 2802 3244 2856 ad
3273 2801 3531 2856 occiden-

1963 2899 2072 2945 tem
2091 2929 2106 2952 ,
2141 2889 2310 2959 gloria
2341 2891 2607 2946 celebrari
2647 2907 2840 2946 nomen
2877 2908 3036 2945 suum
3066 2893 3122 2946 in
3152 2893 3405 2961 gentibus
3435 2910 3448 2956 ;
3481 2903 3531 2946 et

1962 2983 2016 3034 in
2049 2981 2191 3034 omni
2221 2981 2332 3036 loco
2355 3021 2370 3045 ,
2401 2983 2506 3046 ait,
2545 2983 2834 3051 thymiama
2865 2984 3084 3052 oﬂ'ertur
3113 2985 3312 3038 nomini
3343 3003 3452 3039 meo
3481 2997 3532 3039 et

1963 3072 2284 3140 sacriﬁcium
2315 3073 2566 3126 mundum
2598 3074 2682 3140 l’5;
2713 3088 2775 3128 ac
2804 3090 3022 3129 rursum
3043 3113 3059 3138 ,
3103 3073 3241 3141 Quia
3287 3094 3534 3146 magnum

1961 3170 2038 3216 est
2064 3179 2248 3216 nomen
2273 3179 2445 3216 nteant
2467 3164 2518 3216 in
2541 3163 2779 3232 gentibus
2801 3163 2844 3193 ⁵⁸
2867 3181 2881 3228 ;
2908 3170 3091 3231 aperte
3114 3162 3353 3217 declarat
3374 3179 3535 3233 posse

1962 3260 2152 3322 gentes
2183 3253 2349 3308 Israel
2379 3271 2500 3310 esse
2521 3295 2536 3317 ,
2569 3254 2838 3324 siquidem
2871 3254 2924 3306 in
2960 3251 3130 3307 Israel
3160 3271 3406 3326 magnum
3439 3273 3535 3310 no-

1962 3361 2077 3398 men
2107 3345 2242 3413 ejus.
2273 3343 2477 3400 Judwis
2509 3361 2637 3399 \ero
2668 3344 2989 3399 dicebatur:
3029 3342 3128 3398 Vos
3162 3353 3335 3398 autem
3359 3344 3536 3413 profa-

1960 3438 2102 3492 natis
2126 3436 2260 3492 illud
2288 3439 2354 3502 ⁵⁸,
2388 3437 2638 3492 videlicet
2668 3452 2866 3492 nomen
2899 3433 3011 3490 Dei.
3043 3433 3394 3506 Rursumque
3428 3437 3537 3492 illis

1960 3530 2170 3584 dictum
2213 3539 2334 3584 est:
2363 3528 2585 3596 Propter
2623 3545 2710 3582 vos
2749 3543 2948 3596 semper
2976 3543 3159 3581 nomen
3189 3544 3358 3580 meum
3391 3528 3535 3581 blas-

1959 3620 2238 3688 phematur
2279 3621 2332 3673 in
2375 3623 2614 3688 gentibus
2645 3621 2711 3672 ⁸⁷.
2750 3619 2807 3673 Si
2853 3621 3036 3688 itaque
3085 3618 3200 3674 haec
3253 3617 3536 3689 Scriptura

1959 3712 2118 3766 docet
2149 3711 2299 3764 illum
2333 3727 2454 3767 esse
2500 3711 2752 3766 lsraclcm
2800 3725 2964 3780 penes
3015 3726 3175 3780 quem
3210 3728 3408 3766 nomen
3443 3711 3536 3766 Dei

1963 3804 2296 3867 celebratur,
2347 3817 2413 3858 ex
2450 3803 2563 3872 jam
2611 3802 2777 3857 dictis
2825 3803 3173 3859 manifestum
3229 3804 3393 3858 fuerit
3441 3804 3537 3873 qui

1961 3911 2090 3952 vere
2136 3904 2190 3951 et
2236 3895 2456 3966 proprie
2504 3894 2672 3950 Israel
2715 3897 2995 3952 vocandus
3024 3896 3116 3951 sit.
3175 3895 3538 3966 l’roportione

1961 3987 2196 4057 quadam
2232 3986 2300 4042 de
2328 3985 2514 4041 Juda‘a
2551 3987 2692 4042 idem
2730 3988 3022 4058 intelligas.
3055 3985 3190 4040 Nam
3226 3986 3316 4039 ubi
3349 3987 3539 4056 cogni—

1961 4077 2040 4130 tio
2086 4076 2181 4133 Dei
2231 4084 2349 4142 est,
2399 4077 2475 4132 ibi
2524 4075 2712 4131 Judaea
2761 4077 2997 4132 exsistit.
3048 4075 3203 4141 Quod
3242 4075 3326 4130 bis
3354 4075 3538 4129 verbis

1963 4170 2248 4240 Scriptura
2291 4169 2574 4226 declarat:
2614 4167 2789 4222 Notus
2834 4169 2886 4222 in
2932 4167 3128 4223 Juda’a
3171 4166 3333 4222 Deus.
3381 4167 3537 4233 Quod

1963 4262 2008 4317 si
2040 4262 2094 4316 id
2126 4278 2236 4316 non
2262 4263 2318 4316 in
2347 4259 2531 4316 Indica
2555 4301 2569 4324 ,
2604 4261 2718 4315 sive
2750 4260 2804 4314 in
2833 4259 3247 4316 Palwstinoruxn
3279 4271 3423 4315 terra
3454 4275 3540 4314 reo

1963 4353 2190 4424 peritur.
2241 4368 2364 4408 cum
2400 4353 2571 4406 multa
2617 4351 2688 4406 ibi
2738 4352 3046 4405 idololatria
3101 4350 3285 4417 fuerit,
3318 4350 3539 4421 quando

1963 4445 2090 4498 olim
2135 4443 2304 4498 Judaei
2358 4443 2501 4498 idola
2545 4443 2836 4508 colebant,
2874 4447 2945 4496 ita
2977 4451 3037 4496 ut
3070 4445 3350 4513 prophetae
3390 4443 3539 4512 ipsos

1964 4545 2325 4608 conrguercnt
2352 4552 2414 4591 ac
2443 4535 2724 4596 dicerent.
2766 4533 2908 4589 Nam
2940 4535 3225 4591 secundum
3263 4553 3538 4589 numerum

1967 4628 2237 4680 civitatum
2276 4635 2490 4679 tuarum
2522 4635 2672 4679 erant
2706 4624 2782 4678 dii
2825 4627 2922 4689 lui,
2959 4623 3106 4678 Juda
3127 4664 3142 4689 ,
3175 4636 3224 4679 et
3254 4626 3540 4678 secundum

1968 4733 2244 4772 numerum
2303 4717 2560 4770 biviorum
2635 4714 2935 4769 Jerusalem
2995 4715 3374 4784 sacriﬁcabant
3445 4717 3544 4783 ipsi

1968 4809 2107 4864 Baal
2137 4809 2204 4869 ³⁸.
2233 4808 2327 4878 qui
2363 4807 2478 4860 ﬁeri
2507 4816 2687 4877 potest
2715 4807 2857 4860 hanc
2885 4805 2992 4860 dici
3021 4802 3264 4861 Judaam
3303 4822 3422 4876 qua:
3450 4823 3544 4861 no-

1967 4901 2142 4953 titiam
2178 4898 2271 4953 Dei
2306 4898 2594 4952 obtineat?
2625 4897 2737 4952 Cur
2764 4898 2894 4951 item
2923 4911 3032 4952 non
3067 4897 3222 4952 dicas
3253 4895 3540 4969 A‘Igyptioo

1966 5009 2086 5047 rum
2117 4993 2394 5062 regionem
2423 5006 2488 5045 eo
2518 4991 2782 5046 vocabqu
2810 4991 3061 5061 dignam,
3093 4991 3160 5044 de
3191 5007 3296 5060 qua
3333 4991 3539 5048 dictum

1964 5093 2082 5150 est,
2126 5083 2194 5136 Et
2222 5083 2321 5137 erit
2353 5081 2522 5135 altare
2553 5081 2777 5135 Domino
2813 5082 2864 5134 in
2899 5091 3040 5134 terra
3085 5080 3307 5151 .Egypti
3337 5083 3420 5148 ‘9;
3475 5098 3540 5136 at:

1965 5191 2158 5230 rursus
2179 5218 2191 5234 .
2243 5173 2310 5226 Et
2339 5185 2494 5227 notus
2541 5174 2639 5226 erit
2686 5172 2942 5226 Dominus
2971 5171 3242 5242 .-Egyptiis
3266 5175 3292 5227 .9
3325 5171 3458 5226 Nam
3493 5175 3541 5228 si

1966 5284 2132 5337 penes
2170 5283 2267 5322 eos
2297 5267 2499 5336 quibus
2535 5275 2697 5321 notus
2733 5273 2816 5321 est
2853 5265 2996 5322 Deus
3025 5264 3213 5320 Iudaea
3243 5265 3536 5334 reperitur.

1964 5356 2096 5428 quid
2144 5358 2401 5426 impediat
2445 5357 2741 5426 quominus
2789 5371 2982 5412 omnes
3031 5355 3126 5425 qui
3169 5355 3536 5424 cognitionem
3612 5410 3615 5414 ν

1967 5449 2061 5505 Dei
2091 5457 2419 5519 acceperunt
2443 5448 2497 5502 in
2519 5448 2705 5504 Judaaa
2730 5463 2854 5504 esse
2883 5447 3180 5502 dicantur?
3207 5446 3386 5511 Quare
3413 5461 3539 5499 con-

1965 5550 2254 5612 sequenter
2281 5541 2348 5595 ad
2376 5541 2591 5606 istluec,
2619 5540 2866 5596 Ecclesia
2897 5539 2988 5594 Dei
3020 5555 3116 5609 per
3145 5545 3318 5594 totum
3349 5539 3537 5591 orbem

2215 5765 2263 5795 ιι
2303 5763 2407 5818 Isa.
2448 5779 2500 5825 ι,
2537 5763 2590 5817 ι.
2685 5763 2731 5795 εδ
2774 5763 2906 5818 ibid.
2945 5762 3028 5817 ιο.
3129 5762 3174 5793 ιι
3215 5760 3441 5818 Malach.
3481 5775 3536 5831 ι,
