4004 6528
580 358 711 414 τετε
1304 356 1414 412 EU:
1439 355 1567 410 EBll
1606 355 2083 413 CESARIENSIS
2122 357 2265 419 OPP.
2316 364 2492 420 PARS
2527 361 2615 419 111.
2644 394 2711 405 -
2734 360 3143 416 EXEGETICA.
3693 370 3773 427 880

598 479 894 534 constituta
916 518 929 542 ,
952 477 1014 532 in
1040 490 1145 546 qua
1173 476 1267 546 qui
1301 485 1386 530 est
1419 491 1585 546 super
1614 475 1798 530 omnia
1832 474 1973 531 Deus
2004 484 2134 531 notu

2237 529 2239 537 λ
2270 480 2369 533 οὐκ
2399 481 2465 534 ἂν
2492 480 2665 542 εἴποις
2699 477 2797 549 τὴν
2825 476 3134 546 Αἰγυπτίων
3166 475 3345 548 χώραν
3369 475 3514 541 ἀξίαν
3535 480 3619 550 τῆς
3644 500 3774 553 προσ.

593 580 681 626 est
702 608 717 632 ,
752 569 936 624 Judzea
970 574 1333 639 congruenter
1363 566 1473 621 dici
1504 567 1699 637 possit.
1732 565 1919 638 Neque
1947 567 2134 621 aberrc

2268 571 2517 642 ηγορίας,
2547 570 2676 641 περὶ
2708 564 2776 641 ἧς
2804 567 3035 641 εἴρηται·
3073 566 3181 620 Καὶ
3213 566 3379 620 ἔσται
3407 572 3775 640 θυσιαστήριον

571 667 643 719 .si
675 665 829 718 dicas
870 661 1113 718 Judacam
1139 674 1290 727 esse,
1325 668 1494 713 totam
1528 658 1795 714 divinitus
1841 658 2134 729 inspiratam

2265 659 2345 725 τῷ
2375 662 2569 729 Κυρίῳ
2598 661 2667 713 ἐν
2695 660 2855 729 χώρᾳ
2883 660 3207 729 Αἰγύπτου·
3237 660 3331 713 καὶ
3354 656 3516 723 αὖθις·
3545 663 3637 715 Kal
3660 682 3773 732 γνω-

593 765 651 810 et
678 753 962 808 Iudaicam
995 752 1353 822 scripturam,
1380 766 1502 821 quae
1528 766 1627 805 ceu
1660 750 1937 820 possessio
1966 758 2021 803 et
2048 764 2133 803 am

2263 750 2411 818 στὸς
2436 752 2607 806 ἔσται
2637 752 2851 821 Κύριος
2887 750 3013 816 τοῖς
3053 751 3420 818 Αίγυπτίοις;
3449 753 3506 804 Εἰ
3548 754 3641 824 γὰρ
3673 758 3773 826 παρ’

594 848 745 902 bitus
775 846 888 901 veri
920 846 1137 901 lsraelis
1171 844 1479 913 nuncupari
1522 849 1735 913 potest,
1766 842 1910 913 quia
1953 841 2006 895 in
2044 840 2134 911 ips;

2260 836 2341 906 οἷς
2366 843 2605 910 γνωστός
2635 844 2780 896 ἐστιν
2802 844 2829 895 6
2852 841 2983 906 Θεὸς
3013 842 3162 914 παρὰ
3184 842 3389 908 τούτοις
3419 848 3557 917 καὶὴ
3590 849 3772 902 Ἰουδαία

592 938 834 1005 cognitio
858 936 954 991 Dei
978 937 1312 991 continetur.
1344 933 1470 989 Pari
1501 933 1880 1005 itaquexmodo
1910 948 2035 989 vera
2063 931 2131 987 .Iu

2262 934 2537 1004 τυγχάνει,
2580 932 2633 986 τί
2668 931 2728 985 τὸ
2773 931 2977 985 κωλῦον
3009 932 3083 1003 μὴ
3121 930 3327 997 πάντας
3355 936 3475 998 τοὺς
3502 937 3589 1006 τὴν
3615 939 3773 1005 γνῶσιν

590 1030 705 1083 dam
738 1038 792 1083 et
826 1044 987 1085 verus
1014 1028 1179 1084 Israel
1208 1028 1561 1097 intelligatur.

2264 1025 2620 1095 ἀνειληφότας
2651 1024 2743 1079 τοῦ
2776 1024 2911 1078 Θεοῦ
2943 1027 2999 1077 ἐν
3028 1029 3093 1097 τῇ
3140 1027 3365 1099 Ἰουδαίᾳ
3386 1024 3515 1082 εἶναι
3542 1029 3769 1098 λέγεσθαις

588 1124 813 1188 Τούτοις
843 1120 935 1178 οὖν
966 1124 1243 1192 ἀναλόγως
1274 1123 1370 1177 καὶ
1400 1125 1438 1193 ἡ
1471 1122 1593 1175 καθ’
1618 1121 1747 1193 ὅλης
1778 1120 1878 1191 τῆς
1908 1118 2231 1191 οἰκουμένης
2264 1120 2561 1191 Ἐκκλησία
2588 1120 2743 1185 Θεοῦ,
2770 1122 2826 1173 ὲν
2948 1121 2978 1172 6
3015 1121 3109 1174 ἐπὶ
3163 1123 3376 1175 πάντων
3404 1122 3525 1184 Θεὸς
3580 1124 3772 1191 γνωστὸς

586 1216 662 1269 ὢν
694 1217 969 1287 τυγχάνει,
1013 1216 1242 1271 Ἰουδαία
1268 1232 1327 1267 τε
1357 1214 1592 1283 εὐλόγως
1622 1213 1688 1267 ἂν
1727 1212 1938 1284 ῥηθείη.
2003 1213 2115 1265 Οὐκ
2171 1211 2235 1266 ἂν
2268 1212 2324 1266 δὲ
2356 1213 2624 1284 ἁμάρτοις
2668 1213 2929 1268 Ἰουδαίαν
2965 1210 3104 1268 εἶναι
3150 1214 3323 1282 λέγων
3370 1216 3540 1268 πᾶσαν
3569 1216 3651 1286 τήν
3678 1215 3771 1269 θεό-

572 1311 967 1364 γπνευστονκαὶ
1006 1308 1299 1380 ’ῐουδαῖκὴν
1346 1306 1588 1378 Γραφὴν,
1638 1308 1823 1376 κτῆμα
1849 1300 2013 1357 οὖσαν
2058 1302 2153 1356 καὶ
2190 1303 2264 1365 ὡς
2292 1303 2597 1375 περίχωρον
2622 1303 2715 1357 τοῦ
2743 1302 2996 1376 ἀληθινοῦ
3040 1304 3272 1376 Ἰσραὴλ,
3302 1304 3389 1357 διὰ
3424 1305 3491 1364 is?)
3534 1307 3619 1377 τήν
3662 1306 3771 1374 γνῶ-

586 1424 671 1459 σιν
706 1404 800 1458 τοῦ
836 1405 971 1458 Θεοῦ
1001 1406 1057 1457 ὲν
1088 1405 1225 1475 αὐτῇ
1266 1401 1630 1475 περιέχεσθαι.
1674 1380 1835 1455 Dim;
1867 1400 1965 1471 μὲν
1994 1393 2085 1452 οῦν
2123 1398 2156 1469 ἡ
2194 1397 2422 1471 ἀληθινὴ
2460 1398 2688 1453 Ἰουδαία
2720 1397 2815 1452 καὶ
2877 1400 2905 1453 ὁ
2936 1398 3184 1469 ἀληθινὸς
3234 1397 3445 1469 Ἰσραὴλ
3502 1398 3766 1471 νοηθήσετιιι

583 1497 724 1551 κατά
753 1497 843 1551 τὸν
865 1498 1048 1568 ὅμοιον
1076 1496 1295 1569 τρόπον.

656 1614 822 1669 Vsus.
854 1615 910 1669 5.
954 1612 1264 1683 Perpendas
1306 1627 1437 1667 vero
1480 1612 1753 1683 quomodo
1783 1611 1955 1681 [actus
1987 1617 2064 1664 est
2096 1609 2134 1662 ii

2325 1602 2560 1675 Νοήσεις
2590 1603 2648 1658 δὲ
2673 1604 2823 1667 ὅπως
2850 1604 3102 1675 ἐγω-ἢθη
3130 1606 3202 1660 ἐν
3229 1606 3433 1677 εἰρήνῃ
3461 1610 3493 1662 ὁ
3516 1610 3672 1677 τόπος
3684 1614 3764 1666 αὐ-

580 1721 707 1777 pase
756 1704 901 1758 locus
950 1703 1063 1772 ejus
1085 1744 1099 1765 ,
1140 1711 1190 1756 et
1222 1701 1484 1755 habitatio
1512 1703 1626 1771 ejus
1652 1702 1709 1755 in
1742 1700 1892 1756 Sion.
1937 1697 2072 1753 Nam
2103 1712 2131 1752 s

2255 1694 2381 1760 τοῦ,
2416 1694 2514 1748 καὶ
2542 1695 2608 1749 τὸ
2639 1696 3092 1766 κατοικητήριον
3115 1698 3303 1752 αὐτοῦ
3333 1699 3401 1751 ἐν
3434 1699 3587 1753 Σιών.
3612 1703 3664 1754 Εἰ
3688 1705 3762 1773 μὲν

582 1798 733 1851 locus
765 1795 890 1858 ille,
923 1808 1084 1863 quem
1116 1791 1287 1849 Judaei
1316 1794 1371 1847 in
1409 1794 1620 1848 honore
1648 1792 1921 1847 habebant
1944 1832 1960 1856 ,
1994 1789 2134 1845 belli:

2254 1785 2363 1857 γὰρ
2402 1788 2431 1839 6
2474 1787 2626 1858 παρά
2676 1786 2949 1851 Ἰουδαίοις
2986 1786 3297 1859 τιμώμενος
3335 1790 3488 1855 τόπος
3514 1792 3761 1864 ἀπόρθητος

578 1897 633 1941 et
663 1884 1065 1940 vastationibus
1096 1900 1203 1939 non
1233 1884 1506 1941 obnoxius
1555 1884 1778 1947 fuisset,
1825 1882 2022 1937 merito
2047 1880 2148 1935 .lu-

576 1977 710 2032 dacis
761 1976 986 2031 concedi
1038 1986 1226 2046 posset
1278 1992 1403 2032 eum
1452 1978 1634 2047 ipsum
1693 1990 1819 2031 esse
1873 1974 2057 2029 locum
2115 1987 2150 2029 α

577 2068 864 2136 Scriptura
908 2066 1231 2122 indicatum.
1262 2066 1419 2133 Quod
1466 2068 1513 2123 si
1564 2066 1654 2122 ille
1702 2081 1733 2119 a
1765 2064 2148 2121 'l‘undamentis

566 2162 792 2214 dirutus
823 2166 877 2214 et
906 2174 1049 2230 saepe
1077 2169 1271 2231 captus
1302 2160 1370 2215 ab
1401 2159 1654 2215 hostibus
1685 2158 1817 2226 fuit,
1872 2166 1928 2213 et
1967 2168 2148 2213 tamen

582 2254 737 2307 locus
768 2252 889 2322 ejus
922 2253 975 2307 in
1003 2267 1139 2323 pace
1169 2268 1292 2309 esse
1335 2253 1572 2319 dicatur,
1641 2268 1752 2308 non
1780 2267 1931 2309 sane
1972 2251 2151 2321 possit

572 2362 761 2401 revera
785 2345 965 2415 putari
991 2344 1146 2400 locus
1169 2344 1265 2400 Dei
1292 2359 1413 2401 esse
1430 2385 1445 2409 ,
1473 2346 1567 2416 qui
1595 2346 1917 2416 plerumque
1943 2344 2013 2399 ab
2040 2343 2149 2397 ini-

570 2435 732 2489 niicis
763 2434 1067 2490 debellatus
1095 2436 1188 2491 sit.
1212 2434 1395 2500 Quare
1420 2434 1531 2503 jam
1564 2451 1673 2490 non
1713 2435 1869 2499 dicit,
1898 2436 1955 2488 in
1986 2432 2147 2488 leru-

572 2526 775 2591 salem,
828 2542 898 2582 ne
948 2525 1074 2599 quis
1124 2526 1400 2581 laberetur
1443 2524 1729 2582 Judaicam
1780 2527 1972 2582 urbem
2022 2540 2146 2582 esse

570 2618 905 2689 cogitando;
948 2616 1043 2673 sed
1096 2616 1219 2672 loco
1266 2617 1415 2672 illius
1461 2632 1647 2672 veram
1693 2616 2021 2673 sententiam
2064 2617 2146 2673 sic

568 2713 879 2781 expressit,
929 2709 1131 2765 Factus
1158 2720 1237 2766 est
1277 2712 1331 2765 in
1362 2710 1543 2766 Salem
1586 2711 1732 2765 locus
1779 2710 1913 2781 ejus.
1961 2711 2141 2767 Salem

566 2818 699 2859 vero
724 2819 831 2872 pax
859 2802 1211 2873 explicatur:
1258 2817 1429 2872 quare
1473 2801 1617 2872 apud
1661 2801 2014 2873 Septuaginta
2054 2800 2142 2857 ln-

567 2902 838 2964 terpretes
865 2893 1072 2947 dictum
1101 2901 1186 2948 est
1205 2891 1456 2958 ,“Factus
1483 2902 1560 2947 est
1590 2894 1646 2947 in
1674 2894 1972 2962 paceJocus
2000 2896 2137 2957 eius.

568 2985 624 3041 Si
659 2987 823 3056 igitur
855 2986 1050 3041 anima:
1083 2986 1232 3040 omni
1262 3000 1496 3056 prorsus
1525 2984 1668 3041 bello
1702 2985 1889 3040 libera:
1925 2986 1979 3039 in
2014 3000 2140 3055 pro-

565 3079 849 3147 speritate,
875 3078 1058 3149 quiete
1083 3085 1137 3133 et
1166 3078 1565 3148 tranquillitate
1591 3077 1873 3149 degentes,
1904 3078 1958 3132 in
1990 3086 2136 3133 terra

564 3169 932 3237 reperiantur,
962 3167 1087 3238 jure
1118 3167 1375 3222 dicantur
1406 3168 1511 3222 illa
1542 3168 1697 3227 locus
1726 3166 1821 3223 Dei
1862 3182 2016 3229 esse.
2051 3174 2137 3222 ut-

564 3268 691 3328 pote
724 3274 844 3328 quze
873 3258 1141 3328 Spiritum
1170 3256 1416 3311 divinum
1451 3261 1506 3312 in
1539 3274 1598 3313 se
1628 3259 1867 3328 capiant.
1917 3258 2043 3314 Ideo
2070 3260 2140 3317 de

563 3350 767 3403 talibus
796 3348 1004 3403 dictum
1035 3356 1154 3411 est,
1198 3346 1517 3403 Inhabitabo
1554 3349 1610 3403 in
1650 3348 1757 3402 illis
1794 3360 1847 3403 et
1887 3348 2135 3403 inambu-

548 3440 683 3495 Ιώ.)
705 3480 721 3503 ,
752 3449 801 3494 et
833 3456 920 3495 ero
952 3440 1169 3494 illorum
1204 3440 1344 3495 Deus
1368 3480 1383 3503 ,
1412 3449 1464 3495 et
1494 3440 1597 3509 ipsi
1625 3448 1781 3494 erunt
1818 3439 1946 3493 mihi
1972 3455 2139 3509 popu-

562 3532 646 3586 lus
677 3534 743 3585 ‘°.
777 3531 930 3598 Quod
964 3531 1012 3587 si
1056 3532 1196 3587 tales
1230 3532 1285 3587 in
1315 3541 1459 3588 terra
1491 3548 1714 3602 perraro
1743 3533 2133 3601 inveniantur;

561 3640 686 3678 cum
715 3632 905 3679 contra
928 3625 982 3679 in
1007 3624 1226 3680 civitate
1250 3624 1343 3679 Dei
1373 3668 1387 3690 ,
1417 3625 1629 3681 cmlesti
1665 3623 1757 3679 Dei
1794 3624 2135 3679 domicilium

560 3717 806 3785 angelis,
859 3716 1240 3787 arcbangelis,
1289 3716 1491 3773 divinis
1535 3717 1866 3783 virtutibus,
1919 3717 2134 3787 spiriti-

560 3805 776 3876 busque
823 3808 1032 3863 sanctis
1078 3810 1488 3879 frequentetur';
1521 3808 1646 3878 jure
1674 3807 1823 3863 dicat
1854 3808 2130 3880 quispiam

558 3900 630 3954 ibi
680 3902 859 3954 locum
904 3899 1000 3956 Dei
1044 3917 1204 3965 esse,
1248 3912 1302 3957 et
1345 3901 1494 3955 illam
1536 3915 1720 3957 veram
1750 3917 1874 3957 esse
1903 3916 2130 3972 pacem,

553 4002 677 4055 mue
719 3986 896 4040 Salem
922 3986 1028 4041 ‘bic
1058 3986 1321 4042 Hebraice
1350 3996 1718 4056 nuncupatur.
1766 3986 1947 4053 Quare
1988 3989 2133 4057 Apo-

541 4079 736 4131 stolus
764 4092 888 4130 cum
920 4084 1108 4131 nosset
1136 4092 1255 4131 eam
1286 4077 1505 4132 dicebat
1533 4096 1545 4131 :
1584 4077 1692 4131 Illa
1721 4094 1839 4133 vero
1866 4095 1982 4149 qui:
2010 4095 2133 4133 sur-

556 4183 676 4220 sum
721 4176 800 4220 est
841 4166 1138 4221 Jerusalem
1188 4168 1353 4222 libera
1383 4178 1493 4231 est,
1539 4185 1657 4240 qua:
1697 4179 1772 4223 est
1796 4180 1973 4223 mater
2028 4186 2127 4223 no-

548 4269 673 4312 stra
700 4261 766 4312 σί.
794 4258 926 4312 Nam
956 4258 1136 4314 Salem
1156 4262 1462 4330 explicatur
1487 4276 1624 4329 pax;
1651 4260 1951 4317 Jerusalem
1978 4277 2127 4327 vero,

548 4352 686 4405 cisia
728 4351 874 4420 pacis
900 4366 919 4404 :
959 4352 1120 4419 cujus
1168 4354 1310 4407 lares
1359 4353 1414 4406 in
1458 4352 1776 4408 cmlestibus
1818 4352 2129 4423 divinisque

2253 1878 2347 1933 ml.
2397 1878 2739 1951 ἀπολέμητος
2792 1881 3124 1951 πεφύὴκτο,
3175 1882 3332 1953 λόγον
3379 1880 3484 1955 εἶχε
3520 1891 3760 1961 συγχωρεῖν

2264 1972 2525 2026 Ἰουδαίων
2558 1975 2744 2027 παισὶν
2778 1976 2943 2030 αὑτὸν
2983 1971 3121 2030 εἶναι
3159 1978 3398 2048 νομίζειν
3437 1980 3523 2033 τὸν
3563 1980 3653 2033 ὑπδ
3678 1979 3759 2034 τῶν

2249 2064 2481 2136 Γραφῶν
2509 2064 2851 2138 δηλούμενον·
2887 2070 2937 2122 εἰ
2967 2070 3011 2122 δ’
3033 2064 3185 2133 οὗτος
3212 2070 3310 2141 μὲν
3332 2073 3395 2125 ἐκ
3419 2072 3612 2143 βάθρων
3629 2072 3758 2143 ἁνῆρ-

2247 2172 2338 2209 ται
2365 2154 2527 2220 ἀλοὺς
2557 2155 2817 2221 πολλάκις
2847 2159 2951 2212 ὑπὸ
2992 2159 3287 2231 πολεμίων,
3336 2163 3392 2215 ὲν
3427 2163 3597 2234 εἰρήνῃ
3624 2163 3670 2216 δὲ
3689 2162 3755 2216 li-

2246 2263 2405 2314 γεται
2437 2247 2703 2319 ὑπάρχειν
2730 2250 2758 2302 6
2785 2248 2949 2313 τόπος
2971 2250 3155 2305 αὐτοῦ’
3186 2252 3289 2305 οὑκ
3312 2251 3376 2305 ἂν
3395 2252 3590 2306 δύναιτο
3610 2253 3755 2323 ἀληθεί

2246 2339 2388 2411 λόγῳ
2414 2340 2729 2412 νομίζεσθαι
2755 2341 2920 2406 τόπος
2940 2338 3080 2396 εἶναι
3106 2342 3200 2397 τοῦ
3229 2342 3363 2396 Θεοῦ
3387 2345 3414 2397 6
3432 2343 3660 2407 πολλάκις
3676 2343 3753 2396 ὑπὸ

2247 2430 2521 2501 πολεμίων
2554 2430 2735 2493 ἁλούς.
2770 2432 2861 2485 Διὸ
2887 2432 3009 2485 οὐδὲ
3038 2433 3291 2505 ὠνόμασε
3320 2433 3431 2497 νῦν,
3459 2433 3547 2486 ἐπὶ
3566 2431 3748 2500 τὴνἸε-

2245 2520 2591 2592 ρουσαλὴμ,
2611 2522 2689 2586 ὡς
2726 2522 2791 2576 ἂν
2823 2524 2897 2595 μή
2928 2541 3012 2588 τις
3039 2524 3261 2578 ἐκπέσοι
3283 2524 3372 2577 ἐπὶ
3396 2523 3487 2595 τήν
3522 2522 3751 2593 Ἰουδαῖκὴν

2246 2613 2419 2667 πόλιν
2456 2614 2577 2667 ἀντὶ
2615 2614 2671 2668 δὲ
2704 2613 2912 2685 ταύτης
2940 2615 3039 2686 τὴν
3081 2615 3320 2671 διάνοιαν
3360 2615 3449 2670 τοῦ
3490 2616 3749 2688 πράγματος

2245 2706 2590 2778 παρέστησεν
2631 2705 2819 2759 εἰπὼν·
2879 2707 3157 2777 Ἐγενήθη
3199 2707 3272 2761 ὲν
3314 2707 3514 2777 Salius
3546 2710 3576 2760 ό
3610 2707 3747 2769 τόπος

2241 2799 2450 2854 αὑτοῦ.
2503 2798 2692 2871 Σαλὴμ
2755 2799 2813 2853 δὲ
2870 2799 3233 2872 ἑρμηνεύεται
3286 2798 3505 2869 εἰρήνη*
3534 2798 3602 2852 διὸ
3636 2797 3748 2869 παρὰ

2240 2893 2353 2954 τοῖς
2407 2890 2809 2963 Ἐὁδομήκοντα
2851 2891 3083 2963 εἴρηταιο
3136 2892 3416 2963 tmen
3446 2892 3510 2945 ἐν
3536 2887 3747 2958 etprima

2241 2983 2425 3048 τόπος
2462 2983 2669 3038 αὑτοῦ.
2697 2984 2761 3037 Εἰ
2806 2982 2905 3054 μὲν
2947 2978 3041 3036 οῦν
3076 2982 3171 3037 καὶ
3204 2985 3299 3039 ἐπὶ
3340 2983 3439 3053 γῆς
3477 2981 3745 3054 εὑρίσκοιντο

2238 3072 2405 3143 ψυχαὶ
2456 3074 2659 3138 παντὸς
2701 3074 3139 3147 ήλευθερωμὲναι
3172 3075 3407 3147 πολέμου
3430 3076 3490 3128 ὲν
3517 3070 3742 3139 εὐσταθείᾳ

2162 3146 2209 3209 C
2240 3166 2335 3220 καὶ
2390 3166 2658 3238 ἀταραξίᾳ
2714 3168 2808 3221 καὶ
2858 3146 3066 3239 γαλήνῃ
3114 3146 3415 3237 διάγουσαι,
3470 3168 3659 3227 εἰκότως
3694 3164 3741 3216 ἂν

2238 3256 2476 3326 λεχθεῖεν
2506 3258 2601 3310 καὶ
2629 3250 2790 3312 αὗται
2816 3258 2979 3322 τόπος
3005 3258 3099 3311 τοῦ
3123 3258 3282 3323 Θεοῦ,
3311 3260 3385 3323 ὼς
3414 3259 3475 3312 ἂν
3503 3255 3740 3328 χωρητικαὶ

2236 3346 2392 3403 οὖσαι
2426 3348 2569 3402 θείου
2600 3350 2933 3420 Πνεύματος.
2974 3350 3065 3403 Διὸ
3085 3351 3215 3421 περὶ
3242 3349 3350 3403 τῶν
3374 3349 3603 3403 τοιούτων
3628 3346 3739 3415 sipr-

2235 3457 2325 3494 ται
2354 3440 2435 3503 τὸ,
2481 3441 2809 3509 Ἐνοικήσω
2847 3442 2917 3495 ἐν
2956 3441 3161 3507 αὐτοῖς
3199 3442 3299 3495 καί
3334 3436 3738 3511 sumptuariam,

2236 3533 2335 3586 καὶ
2363 3534 2577 3602 ἔσομαι
2609 3533 2808 3587 αὐτῶν
2839 3534 3001 3599 Θεὸς,
3053 3534 3153 3587 καὶ
3198 3535 3367 3589 αὺτοί
3416 3530 3631 3587 ἔσονταί
3662 3543 3735 3597 μοι

2232 3629 2400 3695 λαός.
2425 3630 2489 3681 Εἰ
2510 3628 2566 3681 δὲ
2588 3630 2827 3693 σπανίως
2850 3629 2949 3699 μὲν
2969 3629 3309 3701 εὑρίσκοιντο
3327 3630 3415 3685 ἐπὶ
3435 3630 3526 3699 γῆς
3541 3625 3735 3684 τοιοῦτοι,

2233 3723 2293 3775 ἐν
2339 3721 2397 3775 δὲ
2443 3724 2508 3792 τῇ
2568 3722 2684 3773 κατ’
2733 3721 2959 3792 οὐρανὸν
3018 3721 3429 3795 χρηματιζούσῃ
3469 3718 3585 3775 Θεοῦ
3626 3714 3735 3769 πόλει

2232 3812 2461 3884 πληθύει
2476 3811 2645 3866 τὸτοῦ
2668 3811 2802 3866 Θεοῦ
2829 3814 3160 3885 οἰκητήριον,
3188 3815 3248 3867 ὲν
3272 3813 3525 3883 ἀγγέλοις,
3549 3810 3627 3863 καὶ
3641 3808 3733 3876 ἁρχ-

2230 3904 2503 3973 αγγέλοιςν
2528 3906 2621 3958 καὶ
2661 3903 2830 3967 θείαις
2860 3904 3141 3975 δυνάμεσι,
3166 3908 3262 3959 καὶ⁸
3285 3904 3567 3975 πνεύμασιν
3586 3897 3731 3965 ἁγίοις·

2231 3998 2454 4061 εἰκότως
2482 3998 2572 4051 τὸν
2596 3997 2759 4051 τόπον
2775 3996 2868 4050 τοῦ
2893 3998 3027 4050 Θεοῦ
3054 3998 3184 4069 παρ’
3205 3999 3426 4061 ἐκείνοις
3447 3995 3572 4049 είποι
3589 3992 3641 4046 ἄν
3655 4001 3730 4050 ﬁt.

2232 4088 2489 4158 κάκείνην
2534 4084 2673 4141 εἶναι
2710 4090 2810 4160 τὴν
2853 4089 3075 4161 εἰρήνην
3117 4087 3333 4159 ἀληθῶς
3362 4087 3535 4162 Σαλήμ
3556 4076 3729 4137 ἐνταῦθα

2231 4180 2375 4232 κατά
2397 4180 2496 4251 τὴν
2542 4178 2831 4251 Ἑϐραῖκὴν
2858 4180 3041 4251 φωνὴν
3072 4180 3477 4252 ὠνομασμένην.
3516 4174 3593 4229 Διὸ
3618 4166 3729 4225 καὶὸ

2230 4270 2551 4335 Ἀπόστολος
2568 4271 2770 4340 ταύτην
2789 4270 2943 4335 είδὼς
2964 4271 3169 4341 ἔλεγεν·
3208 4273 3269 4328 Ἠ
3282 4272 3349 4326 δὲ
3363 4272 3477 4325 ἇνω
3505 4270 3727 4334 Ἰερουσα-

2230 4361 2355 4430 λὴμ
2369 4361 2654 4429 ἐλευθέρα
2676 4362 2865 4428 ἐστίν,
2892 4362 3021 4429 ἣτις
3042 4363 3173 4417 ἐστί
3193 4367 3388 4433 μήτηρ
3408 4360 3573 4431 ἡμῶν.
3590 4352 3726 4422 Salia

544 4444 849 4499 virtutibus
876 4444 1147 4499 exsistunt
1174 4462 1187 4498 :
1221 4444 1273 4497 in
1302 4445 1506 4514 quibus
1534 4443 1678 4500 Deus
1704 4446 1819 4514 ipse
1848 4444 2123 4510 ambulat,

2237 4454 2333 4524 μὲν
2358 4455 2468 4525 γὰρ
2501 4454 2860 4525 ἑρμηνεύεται
2890 4455 3119 4525 εἰρήνη,
3174 4456 3512 4528 Ἰερουσαλὴμ
3547 4451 3595 4503 δὲ

555 4543 743 4604 utpote
787 4550 907 4605 quae
948 4535 1067 4599 eius
1109 4534 1369 4590 deitatem
1414 4550 1610 4604 capere
1650 4536 1886 4589 valeant.
1921 4533 2127 4589 Deinde

551 4627 793 4680 dicitur:
840 4624 911 4679 ‘Et
955 4626 1215 4679 habitatio
1255 4626 1372 4695 ejus
1399 4626 1455 4678 in
1487 4624 1637 4679 Sion.
1673 4625 1867 4679 Postea
1896 4624 2129 4692 subjun-

554 4718 699 4787 gitur
727 4737 739 4772 :
768 4748 839 4757 —
865 4717 1032 4772 Vens.
1060 4720 1113 4771 4.
1161 4716 1246 4771 lbi
1286 4716 1541 4787 confregit
1576 4717 1840 4785 potentias
1869 4732 2089 4769 arcuum
2108 4754 2124 4778 ,

539 4808 715 4861 .telum
736 4848 751 4869 ,
782 4808 1019 4878 gladium
1048 4816 1097 4860 et
1131 4806 1344 4861 bellum.
1393 4806 1493 4861 Hic
1525 4823 1744 4862 rursum
1766 4850 1780 4873 ,
1811 4806 1857 4862 si
1901 4807 1956 4859 in
2003 4821 2127 4861 sen-

551 4897 699 4952 sibili
746 4904 799 4951 et
836 4903 1063 4951 terrena
1119 4896 1251 4951 Sion
1306 4898 1419 4952 haec
1462 4906 1613 4968 gesta
1643 4905 1829 4952 essent
1853 4940 1866 4959 ,
1903 4911 2011 4951 non
2044 4913 2127 4953 es-

550 4996 635 5045 set
673 5003 839 5043 causa
886 4988 1161 5043 invidendi
1202 4988 1405 5045 ludatis
1450 4990 1530 5045 sic
1568 4989 1846 5058 explicare
1890 4990 2126 5044 volenti-

548 5082 692 5146 lms;
736 5080 881 5151 quod
917 5080 963 5134 si
1014 5079 1148 5150 ipsis
1177 5082 1338 5136 rebus
1368 5082 1535 5151 gestis
1566 5081 1905 5135 contrarium
1958 5095 2126 5151 appa—

547 5178 695 5235 reat,
747 5170 875 5242 quia
928 5172 982 5225 in
1026 5171 1312 5226 obsidione
1360 5171 1707 5225 inimicorum
1752 5172 1935 5227 diruta
1979 5172 2122 5240 fuit;

549 5260 925 5315 nent-ssarium
957 5267 1041 5316 est
1076 5261 1163 5315 hic
1202 5258 1455 5321 Sionem,
1497 5276 1619 5329 qua:
1657 5276 1780 5315 cum
1822 5276 1961 5331 pace
2000 5277 2126 5317 con-

460 5378 461 5381 η
546 5360 730 5421 gruat,
762 5352 1087 5424 intelligere,
1110 5352 1319 5408 scilicet
1349 5351 1645 5406 Ecclesiam
1676 5351 1766 5407 Dei
1798 5371 1815 5420 ;
1845 5355 1927 5408 vel
1957 5353 2123 5409 etiam

546 5444 824 5499 malestem
869 5444 1015 5497 illam
1058 5444 1127 5499 de
1166 5457 1274 5513 qua
1316 5442 1536 5497 divinus
1572 5444 1867 5513 Apostolus
1895 5445 2009 5500 haec
2034 5446 2123 5502 de-

546 5536 815 5589 claravit:
850 5534 1164 5589 Accessistis
1198 5532 1268 5586 ad
1304 5533 1435 5587 Sion
1469 5542 1694 5587 montem
1720 5575 1735 5599 ,
1767 5545 1819 5590 et
1853 5538 2121 5591 civitatem

552 5624 644 5678 Dei
672 5626 906 5691 viventis,
936 5625 1237 5680 Jerusalem
1270 5624 1524 5679 ca‘lestem
1550 5665 1565 5688 ,
1598 5635 1645 5679 et
1678 5628 1964 5682 multorum
2002 5628 2121 5682 mil-

620 5778 665 5808 ”
704 5776 872 5833 Levit.
911 5796 1036 5833 xxv"
1066 5820 1087 5848 ,
1124 5780 1206 5834 l2.
1287 5782 1325 5813 ⁶¹
1370 5781 1551 5837 Galat.
1594 5798 1665 5848 Iv,
1697 5782 1785 5834 ‘16.

2229 4561 2329 4611 σι(
2372 4545 2632 4614 εἰρήνης’
2675 4541 2744 4617 ἦς
2778 4546 2840 4599 τδ
2877 4548 3123 4616 ἐφέστιον
3163 4549 3221 4601 ἐν
3256 4550 3373 4611 ταῖς
3418 4545 3524 4599 κατ’
3552 4533 3723 4609 οὐρανὸν

2228 4636 2399 4700 θείαις
2426 4638 2681 4708 τυγχάνει
2709 4637 3017 4709 δυνάμεσιν·
3051 4640 3108 4692 ὲν
3143 4634 3232 4703 αἷς
3266 4642 3295 4693 6
3334 4638 3456 4699 Θεὸς
3484 4635 3620 4692 αὑτὸς
3649 4628 3721 4694 ἐμ·

2228 4732 2538 4798 περιπατεῖ,
2580 4733 2913 4801 χοιρητικαῖς
2943 4730 3129 4795 οὔσαις
3172 4732 3271 4801 τῆς
3316 4728 3469 4784 αὑτοῦ
3511 4723 3719 4789 θεότητος.

2239 4820 2396 4890 Ἑξῆς
2417 4820 2625 4884 τούτοις
2647 4820 2882 4890 λέγεταυ
2914 4821 3025 4875 Καὶ
3049 4822 3113 4875 τὸ
3139 4818 3564 4887 κατοικητήριον
3582 4804 3720 4862 αὐτοῦ

2226 4914 2296 4967 ἐν
2345 4915 2515 4968 Σιών.
2565 4911 2699 4967 Εἶτα
2748 4915 3006 4969 συνάπτει
3057 4914 3278 4983 φάσκων
3328 4915 3355 4965 6
3402 4911 3559 4977 λόγος·
3610 4892 3723 4955 ἐκεῖ

2225 5003 2550 5073 συνέτριψε
2582 5006 2655 5058 τὰ
2690 5004 2872 5073 κράτη
2901 5003 3020 5057 τῶν
3048 5005 3261 5071 τόξων,
3304 5003 3485 5055 ὅπλον
3520 4992 3718 5058 salio!“

2225 5097 2411 5165 Palu”
2438 5072 2535 5150 κάὶ
2574 5096 2858 5164 πόλεμον.
2902 5098 3011 5149 Καὶ
3049 5095 3280 5150 ἐνταῦθα
3308 5094 3457 5147 πάλιν
3482 5090 3524 5143 εἰ
3553 5084 3631 5155 μὲν
3652 5072 3716 5131 ἐπὶ

2222 5186 2321 5256 τῆς
2366 5185 2630 5258 αἰσθητῆς
2673 5188 2767 5242 καὶ
2808 5187 3046 5255 ἐπιγείου
3094 5186 3228 5240 Σιὼν
3267 5185 3431 5238 ταῦτα
3474 5178 3713 5243 πέπρακτυν

2222 5276 2342 5329 οὑδὲ
2364 5276 2469 5330 ἔδει
2501 5276 2714 5345 φθονεῖν
2755 5276 3026 5340 Ἰουδαίοις
3058 5274 3229 5338 οὕτως
3259 5269 3547 5341 ἐκδέχεσθαι
3574 5258 3712 5357 βουλξ’

2227 5367 2431 5437 μένοιςο
2476 5370 2525 5421 εἰ
2568 5366 2625 5421 δὲ
2671 5369 2779 5422 πᾶν
2807 5367 3113 5422 τούναντίον
3152 5366 3210 5429 ἐξ
3244 5366 3413 5420 αὑτῶν
3448 5360 3711 5448 opima-1W

2224 5460 2580 5529 πραγμάτων,
2609 5458 2699 5513 διὰ
2725 5459 2787 5513 τὸ
2812 5459 3139 5531 ἠρημῶσθαι
3161 5458 3255 5529 τὴν
3288 5454 3417 5509 Σιὼν
3444 5456 3501 5505 ἐκ
3526 5449 3609 5517 τῆς
3632 5452 3708 5491 των

2222 5550 2493 5621 πολεμίων
2524 5551 2859 5623 πολιορκίας,
2893 5550 3105 5622 ἀνάγκη
3138 5553 3202 5622 τῇ
3236 5545 3534 5613 ἀποδοθείσῃ
3561 5534 3701 5623 clem

2221 5617 2566 5713 καταλλήλως
2618 5617 2710 5695 καλ
2764 5642 2862 5713 τὴν
2909 5617 3046 5695 Σιὼν
3092 5617 3452 5710 ἐκλαμῶνειν,
3500 5631 3596 5699 ﬁt“
3635 5617 3708 5682 τὴν
