4004 6536
197 5787 214 5816 Ι

295 385 397 442 881
1429 375 1932 435 (ΖΟΜΜΕΝΤΑΜΛ
1971 377 2032 432 IN
2077 376 2415 434 PSALMOS.
3442 374 3549 429 88'}.

249 531 258 568 ξ
308 496 636 568 Ἐκκλησίαν
677 494 773 549 τοῦ
807 492 965 555 Θεοῦ,
1001 493 1034 564 ἦ
1069 491 1166 563 τὴν
1200 491 1539 563 ἐπουράνιον,
1574 483 1641 562 ῆν
1669 491 1698 542 ὁ
1732 488 1863 553 θεῖος

1977 490 2106 544 lium
2137 490 2446 562 angelorum
2476 489 2823 561 frequentiam
2849 530 2864 555 ,
2898 497 2947 544 et
2980 488 3272 544 Ecclesium
3315 487 3548 556 primiti-

164 644 165 647 η
243 571 255 624 ί
307 589 630 652 Ἀπόστολος
664 587 902 659 παρίστη
951 585 1147 654 λέγων’
1183 584 1685 652 Προσεληλύθατε
1718 582 1863 636 Σιὼν

1971 599 2150 637 eorum
2176 584 2266 654 qui
2291 584 2575 652 conscripti
2599 591 2722 637 sunt
2747 584 2800 636 in
2827 583 2969 637 cretis
3002 583 3068 636 ".
3098 581 3198 636 Hic
3221 580 3367 636 enim
3395 581 3548 635 nullo

291 683 436 752 ὄρει,
468 679 567 735 καὶ
591 680 762 734 πόλει
786 677 934 731 Θεοῦ
961 673 1174 741 ζῶντος
1208 673 1592 744 Ἰερουσαλὴμ
1621 673 1863 742 ἐπουρα-

1974 685 2202 746 peccato
2230 676 2446 744 vigente
2469 715 2484 740 ,
2519 676 2781 745 nulloque
2809 675 3117 730 animarum
3149 673 3375 730 inimico
3407 673 3548 728 exsi-

292 777 420 843 νίῳ,
467 774 564 829 καὶ
604 771 892 844 μυριάσιν
928 769 1198 838 ἀγγέλων
1234 769 1588 838 πανηγύρει,
1614 766 1710 822 καὶ
1744 769 1863 821 Ἐκ-

1973 777 2150 824 stente
2171 809 2188 834 ,
2237 769 2497 839 potentiae
2540 782 2768 824 arcuum
2809 768 3062 822 contrita:
3093 773 3260 830 sunt,
3293 765 3461 820 telum
3493 772 3547 818 et

293 867 519 935 κλησίᾳ
557 865 942 934 πρωτοτόκων
986 859 1530 931 ἀπογεγραμμένων
1573 860 1642 913 ἑν
1690 862 1863 928 οὐρα-

1969 861 2183 931 gladius
2229 861 2411 916 ablata
2455 867 2626 924 sunt,
2671 860 2749 914 ita
2794 868 2855 914 ut
2901 859 2969 915 de
3012 859 3080 914 iis
3122 859 3214 929 qui
3259 857 3353 912 illa
3400 872 3550 912 man-

291 959 439 1026 νοῖς.
475 956 740 1012 Ἐνταῦοα
770 955 878 1028 γὰρ
910 941 1177 1026 μηδεμιᾶς
1211 952 1482 1023 ἀμαρτίαῖ
1515 952 1863 1023 ἐνεργθύσης’

1971 952 2128 1008 sione
2155 951 2364 1024 dignati
2395 959 2524 1008 sunt
2553 951 2790 1017 dicatur,
2838 950 3104 1005 Abscessit
3153 949 3329 1014 dolor,
3387 949 3550 1002 tristi..-

293 1048 426 1122 μηδέ
454 1066 594 1113 τινος
621 1047 926 1117 ὑφεστῶτος
957 1045 1141 1116 ψυχῶν
1173 1043 1454 1116 πολεμίου,
1487 1044 1863 1115 συντέτριπται

1977 1045 2055 1098 tia
2081 1053 2131 1098 et
2164 1047 2389 1115 gemitus
2420 1044 2488 1097 “.

285 1144 358 1200 τὰ
405 1143 580 1214 κράτη
627 1139 734 1194 τῶν
776 1137 965 1203 τόξων,
1008 1135 1276 1207 ἀνῄρηταί
1310 1153 1368 1188 τε
1398 1135 1560 1189 ὅπλον
1604 1135 1696 1188 καὶ
1733 1134 1992 1206 ῥομφαία·
2050 1135 2127 1200 ὡς
2174 1135 2426 1205 λέγεσθαι
2479 1135 2606 1207 mp‘t
2660 1133 2770 1188 τῶν
2826 1132 3264 1205 καταξιουμένων
3294 1133 3394 1205 τῆς
3428 1133 3551 1188 ἐκ.τί

288 1235 586 1310 διατριϐῆς
635 1233 877 1300 Ἆπέδρα
910 1231 1096 1299 ὀδύνη
1129 1230 1227 1285 καί
1258 1231 1424 1299 λύπη
1456 1231 1556 1285 καί
1585 1232 1941 1300 στεναγμός.

2039 1348 2205 1406 Vens.
2239 1351 2291 1406 5.
2315 1348 2597 1405 Illuminas
2621 1363 2676 1404 tu
2698 1350 3011 1404 mirabiliter
3039 1367 3073 1404 a
3103 1349 3368 1404 montibus
3393 1359 3546 1404 teter-

284 1443 704 1512 ἐταράχθησαν
727 1444 780 1496 οἱ
806 1441 1087 1496 ἀσύνετοι
1115 1438 1196 1509 τῇ
1224 1439 1456 1510 καρδίᾳ.
1492 1441 1704 1514 Σφόδρα
1735 1441 1863 1494 ἀκο-

1967 1441 2074 1505 nis,
2111 1441 2311 1495 turbati
2344 1451 2468 1496 sunt
2492 1437 2799 1512 insipientes
2823 1442 2996 1497 corde.
3015 1442 3318 1496 Admodum
3352 1455 3553 1497 cense--

284 1533 509 1598 λούθως,
547 1530 684 1604 μετὰ
711 1532 772 1585 τὸ
806 1531 1153 1609 παραστῆσαι
1175 1532 1268 1584 τὸν
1297 1532 1466 1586 τόπον
1489 1532 1589 1586 τοῦ
1610 1531 1768 1597 Θεοῦ,
1788 1533 1863 1587 δι-

1969 1541 2218 1604 quenter,
2251 1541 2538 1604 postquam
2561 1534 2737 1590 locum
2770 1531 2864 1588 Dei
2903 1531 3222 1596 declaravit,
3242 1531 3400 1587 docet
3437 1546 3563 1586 non,

278 1621 494 1686 δάε-κει,
539 1623 621 1676 ὅτι
667 1621 1086 1676 ἁποκέκλεισται
1113 1621 1247 1675 εἴσω
1276 1622 1368 1676 τοῦ
1393 1624 1560 1677 τόπου
1607 1624 1773 1679 αὑτοῦ
1798 1624 1863 1678 τὰ

1971 1627 2115 1681 intra
2140 1626 2320 1680 locum
2345 1624 2659 1695 hujusmodi
2688 1622 2944 1679 concludi
2964 1625 3137 1689 bona;
3175 1621 3270 1678 sed
3292 1637 3415 1676 eum
3443 1635 3546 1674 ceu
3575 1648 3578 1652 -

279 1713 482 1782 ἀγαθάο
508 1714 730 1778 ἀκτῖνας
751 1713 795 1767 δ’
820 1715 1006 1785 ὦστπρ
1036 1714 1312 1786 ἐκπέμπει
1335 1715 1429 1768 καὶ
1453 1716 1550 1770 ἐπὶ
1572 1717 1699 1778 τοὺς
1731 1718 1863 1788 ποῤ-

1971 1717 2157 1772 radios
2193 1716 2390 1772 exinde
2428 1716 2679 1772 emittere
2723 1715 2790 1770 ad
2829 1731 2926 1771 eos
2958 1714 3053 1786 qui
3083 1713 3402 1784 longissime
3453 1711 3545 1766 siti

279 1803 530 1874 ρωτάτω.
580 1802 670 1858 Διό
713 1821 882 1876 φησι·
919 1803 1186 1870 Φωτιζεις
1241 1803 1322 1858 σὺ
1365 1805 1719 1877 θαυμαστῶς
1751 1806 1863 1860 ἀπὸ

1974 1816 2126 1865 sunt.
2161 1808 2530 1875 Quamobrem
2560 1808 2638 1862 ait
2669 1824 2681 1860 :
2733 1805 3023 1862 Illuminas
3067 1815 3121 1860 tu
3170 1804 3488 1859 mirabiliter
3512 1821 3547 1857 a

277 1895 467 1965 ὀρέων
496 1897 764 1951 αἰωνίων.
811 1895 954 1950 Τίνα
975 1895 1033 1948 δὲ
1080 1892 1150 1969 ἦν
1189 1897 1260 1952 τὰ
1290 1897 1483 1953 αίῶνια
1528 1898 1651 1971 ὅρη,
1687 1898 1801 1952 ἀλλ’
1834 1899 1863 1970 ἢ

1972 1901 2240 1955 montibus
2280 1900 2514 1954 wternis.
2562 1898 2796 1965 Quinam
2829 1908 3046 1955 montes
3087 1899 3166 1954 illi
3195 1897 3406 1960 aeterni,
3439 1894 3545 1950 nisi

276 1987 422 2042 Σιὼν
472 1989 565 2042 καὶ
608 1990 642 2060 ἡ
678 1986 886 2059 Σαλὴμ,
918 1987 987 2041 τὰ
1030 1988 1118 2042 διὰ
1159 1989 1268 2044 τῶν
1319 1989 1626 2062 ἔμπροσθεν
1673 1990 1863 2044 ἀποδο-

1973 1989 2106 2046 Sion
2139 1998 2195 2046 et
2231 1988 2436 2054 Salem,
2462 1989 2531 2044 de
2573 1991 2776 2060 quibus
2809 1989 3063 2060 superius
3089 1989 3313 2043 actum?
3340 1986 3417 2040 Ex
3453 2002 3549 2041 su-

272 2079 475 2145 οέντα;
511 2079 749 2132 Ἀνωθεν
780 2079 909 2149 γοῦν
942 2080 1051 2134 ἀπὸ
1086 2082 1194 2135 τῶν
1233 2082 1499 2150 οὐρανίων
1539 2080 1869 2153 ὑψωμάτων,

357 1350 627 1418 Φωτίζοις
663 1351 746 1406 σὺ
779 1347 1135 1419 θαυμαστῶς
1179 1348 1298 1403 ἀπὸ
1342 1350 1527 1418 ὀρέων
1576 1350 1859 1413 αἰωνίων,

1969 2082 2156 2154 pernis
2205 2082 2376 2153 igitur
2420 2088 2476 2137 et
2516 2081 2840 2138 caelestibus
2885 2082 3284 2143 cacuminibus,
3338 2095 3438 2134 ceu
3477 2093 3547 2133 ex

271 2171 472 2243 ὥσπερ
511 2173 575 2225 ἐκ
611 2171 772 2226 τινῶν
817 2172 1051 2227 αἰωνίων
1079 2173 1241 2244 ὀρῶν,
1279 2172 1379 2237 τὰς
1423 2173 1596 2240 αὐγὰς
1631 2173 1740 2226 τῶν
1771 2175 1870 2245 τῆς

268 2263 537 2335 θεότητος
563 2262 728 2317 αὐτοῦ
764 2264 1164 2337 μαρμαρυγῶν,
1196 2266 1289 2319 καὶ
1325 2265 1487 2338 μέχρι
1511 2265 1618 2319 τῶν
1650 2265 1744 2319 ἐπὶ
1766 2265 1870 2337 γῆς

268 2353 602 2425 ἐκπέμπων,
640 2355 864 2424 φωτίζει
892 2357 991 2420 τὰς
1024 2356 1133 2409 τῶν
1163 2357 1328 2422 ἀξίων
1355 2357 1554 2427 ψυχὰς,
1588 2357 1869 2428 καταλάμ-

1967 2172 2190 2229 aaternis
2223 2171 2529 2237 montibus,
2576 2169 2800 2226 deitatis
2831 2186 2945 2226 sua:
2974 2170 3160 2225 radios
3215 2169 3282 2223 ad
3316 2167 3548 2236 terrige-

1969 2281 2071 2321 nas
2101 2281 2276 2336 usque
2312 2265 2591 2328 emittens,
2625 2278 2814 2318 eorum
2855 2261 2948 2332 qui
2979 2261 3128 2332 digni
3175 2268 3304 2316 sunt
3328 2260 3553 2314 animas

1969 2356 2212 2411 illustrat
2250 2354 2568 2425 Spirituque
2595 2363 2790 2409 sancto
2824 2369 2926 2408 suo
2971 2353 3262 2407 illuminat.
3296 2349 3429 2413 llas,
3454 2351 3548 2406 in-

270 2463 400 2502 πων
434 2446 603 2510 αὐτὰς
626 2445 705 2517 τῷ
729 2447 868 2518 ἁγίῳ
889 2446 1053 2515 αὐτοῦ
1080 2447 1354 2518 Πνεύματι
1371 2465 1385 2479 ·
1418 2448 1623 2510 ταύτας
1657 2448 1755 2519 μὲν
1773 2445 1863 2502 οὖν

1967 2460 2158 2516 quam,
2203 2444 2507 2509 illuminat;
2539 2458 2640 2497 suo
2680 2450 2863 2497 autem
2888 2441 3093 2496 lumine
3125 2441 3382 2511 indignos
3404 2439 3559 2510 justi-

269 2537 538 2607 φωτίζει·
573 2537 700 2601 τοὺς
723 2537 1049 2602 δὲὰναξίους
1078 2538 1186 2591 τῶν
1219 2537 1412 2607 φώτων
1444 2537 1608 2593 αὐτοῦ
1641 2538 1863 2610 προνοίᾳ

1964 2536 2154 2608 iudicii
2187 2537 2269 2592 sui
2287 2534 2630 2606 providentia
2647 2533 2912 2589 invadens
2931 2533 3244 2588 conturbat.
3264 2531 3543 2598 Quamob—
3575 2567 3578 2569 -

265 2629 382 2699 τῆς
424 2627 817 2700 δικαιοκρισίας
857 2627 1019 2682 αὑτοῦ
1069 2627 1466 2701 μετερχόμενος
1506 2628 1743 2701 θορυϐεῖ.
1773 2630 1863 2683 Διὸ

1965 2644 2080 2684 rem
2130 2626 2338 2692 subdit,
2369 2625 2594 2681 Turbati
2631 2634 2754 2680 sunt
2799 2643 2976 2680 omnes
3026 2625 3330 2694 insipientes
3362 2623 3539 2678 corde.

270 2719 524 2788 ἐπιλέγει
547 2735 561 2749 ⁶
617 2718 1072 2789 Ἐταράχθησαν
1111 2719 1335 2786 πάντες
1379 2724 1433 2774 οἱ
1465 2721 1747 2777 ἀσύνετοι
1788 2719 1863 2789 τῇ

1964 2715 2099 2770 Nam
2134 2730 2262 2771 cum
2293 2731 2482 2772 revera
2512 2714 2836 2784 insipientes
2864 2715 3064 2780 corde;
3093 2715 3209 2770 sive
3239 2713 3542 2769 secundum

268 2807 513 2876 καρδίᾳ.
563 2807 833 2862 ’Δσύνετοι
877 2809 987 2880 γὰρ
1018 2809 1233 2880 ἀληθῶς
1267 2811 1421 2875 ὄντες
1464 2815 1531 2883 τῇ
1583 2811 1863 2884 καρδίᾳ,ἢ

1968 2807 2394 2879 Symmachum,
2441 2809 2651 2877 superbi
2680 2807 2858 2872 corde,
2902 2816 3110 2871 essent,
3158 2807 3357 2861 divina:
3400 2805 3543 2860 lucis

268 2900 422 2953 κατὰ
457 2899 547 2952 τὸν
581 2899 894 2970 Σύμμαχον,
938 2901 1310 2971 ὑπερήφανοι
1340 2901 1456 2970 τὴν
1498 2902 1767 2972 καρδίαν,
1801 2903 1863 2956 οὐ

1966 2900 2150 2956 radios
2197 2915 2310 2954 non
2355 2906 2714 2970 exceperunt,
2759 2898 2882 2954 ideo
2933 2897 3137 2953 turbati
3187 2903 3337 2954 sunt.
3371 2895 3541 2950 iidem

268 2987 641 3059 παρεδέξαντο
685 2989 779 3042 τοῦ
823 2988 1000 3058 φωτὸς
1029 2989 1122 3042 τοῦ
1155 2990 1291 3044 Θεοῦ
1331 2991 1432 3056 τὰς
1473 2990 1861 3063 μαρμαρυγὰς,

1964 3007 2096 3048 vero
2124 2991 2227 3062 ipsi
2252 2998 2543 3061 postquam
2571 2990 2901 3046 dormierunt
2929 3007 3171 3046 somnum
3201 3006 3376 3053 suum,
3409 2989 3559 3043 nihil.

265 3082 360 3137 διὸ
392 3082 789 3155 ἐταράχθησαν.
824 3084 886 3137 Ol
918 3084 964 3138 δ’
993 3084 1168 3152 αὐτοὶ,
1199 3086 1294 3139 καὶ
1340 3083 1732 3152 ὐπνώσαντες
1757 3084 1863 3138 τὸν

1966 3085 2270 3140 inuenerunt
2317 3085 2372 3139 in
2428 3084 2672 3139 manibus
2719 3085 2854 3150 suis,
2903 3083 3034 3155 quia
3081 3083 3182 3138 uiri
3231 3081 3544 3140 divitiarum

265 3175 474 3229 ὕπνον
519 3175 738 3241 αὐτῶν,
770 3179 883 3247 οὐχ
919 3173 1101 3246 εὗρον
1147 3177 1328 3232 οὐδὲν
1367 3177 1438 3231 ἐν
1486 3177 1616 3242 ταῖς
1657 3177 1866 3248 χερσίν

264 3264 508 3330 αὐτῶν,
550 3257 767 3336 ἄνδρες
814 3265 966 3328 ὄντες
1015 3267 1304 3323 πλούτου.
1340 3267 1486 3339 Πρὸς
1539 3265 1712 3338 βραχὺ
1755 3267 1864 3340 γὰρ

263 3356 662 3428 ὀνειρώξαντες
691 3361 756 3430 τῇ
787 3358 882 3413 τοῦ
910 3357 1103 3431 θνητοῦ
1138 3359 1252 3430 βίου
1284 3359 1573 3432 φαντασίᾳ,
1596 3361 1691 3414 καὶ
1721 3360 1865 3432 μέγα

264 3451 644 3521 φρονήσαντες
675 3451 769 3504 ἐπὶ
790 3450 1021 3522 πλούτῳ,
1045 3450 1289 3523 ἐνόμιζόν
1315 3469 1460 3516 τινες
1486 3449 1646 3518 εἶναι,
1676 3471 1866 3512 κατεν-

262 3541 590 3612 τρυφῶντες
622 3545 742 3606 ταῖς
773 3543 884 3597 ἀπὸ
927 3543 1022 3597 τοῦ
1070 3543 1298 3598 πλούτου
1348 3545 1732 3618 ποριζομέναις
1761 3548 1862 3602 αὑ-

263 3635 388 3696 τοῖς
435 3633 815 3703 ἡδυπαθείαις·
853 3634 929 3699 ὡς
960 3635 1016 3688 δὲ
1067 3635 1160 3689 τοῦ
1203 3635 1372 3690 ὕπνου
1406 3637 1860 3710 διεγρηγόρησαν,

267 3724 644 3794 μεταστάντες
671 3725 766 3778 τοῦ
807 3725 1073 3797 παρόντος
1107 3725 1244 3797 βίου,
1290 3721 1446 3799 εὗρον
1489 3728 1715 3793 ἑαυτοὺς
1764 3729 1865 3783 οὐκ

263 3814 499 3884 ἔχοντας
541 3813 714 3879 οὐδὲν,
748 3814 870 3868 οὐδὲ
909 3833 965 3869 τι
1013 3820 1131 3880 ταῖς
1163 3817 1322 3889 χερσὶ
1376 3815 1730 3887 κρατοῦντας.
1772 3821 1864 3873 Διὸ

263 3905 526 3959 λέλεκταί
558 3916 692 3958 που⁸
740 3905 841 3975 Μὴ
876 3907 1063 3976 φοϐοῦ
1099 3908 1245 3962 ὅταν
1283 3909 1606 3980 πλουτήσῃ
1643 3911 1864 3982 ἀνθρω-

263 4012 414 4060 πος,
449 3995 545 4049 καὶ
577 3995 726 4050 ὅταν
766 3997 1090 4068 πληθυνθῇ
1141 3999 1180 4067 ἠ
1212 3998 1361 4064 δόξα
1396 4001 1504 4056 τοῦ
1537 4002 1710 4057 οἷκου
1752 4005 1862 4058 air-

263 4087 414 4142 τοῦ·
444 4087 532 4140 ὅτι
565 4089 678 4142 οὐκ
709 4089 780 4142 ἐν
822 4087 903 4155 τῷ
938 4090 1349 4157 ἀποθνήσκειν
1378 4093 1568 4148 αὐτὸν
1601 4094 1862 4164 λήψεται

260 4182 352 4233 τὰ
396 4178 615 4242 πάντα,
665 4180 809 4234 οὐδὲ
848 4183 1366 4252 συγκαταϐήσεται
1415 4184 1576 4252 αὐτῷ
1625 4186 1664 4254 ἡ
1713 4187 1866 4253 δόξα

263 4270 486 4325 αὐτοῦ.
519 4270 710 4324 Ἔνθεν
745 4271 969 4337 εἰκότως
1011 4275 1061 4326 οί
1095 4275 1309 4348 ἀληθῶς
1339 4276 1585 4331 ἁσύνετοι
1617 4281 1682 4350 τῇ
1724 4297 1861 4351 καρ-

262 4361 362 4434 δία
403 4363 782 4434 ἐταράχθησαν
826 4363 945 4419 ἀπὸ
985 4365 1379 4437 ἐπιτιμήσεως
1413 4367 1519 4422 τοῦ
1555 4369 1705 4424 Θεοῦ
1750 4372 1862 4426 Ἰα-

1965 3184 2143 3233 erant.
2175 3175 2312 3231 Nam
2353 3192 2478 3232 cum
2512 3177 2578 3232 ad
2619 3177 2784 3234 breve
2816 3185 3032 3247 tempus
3060 3175 3116 3230 in
3139 3177 3391 3232 mortalis
3412 3176 3583 3231 vitae--

1962 3267 2252 3340 phantasia
2283 3267 2699 3332 dormitassent,
2733 3275 2787 3323 et
2817 3267 2990 3322 altum
3041 3267 3110 3322 de
3139 3266 3349 3323 divitiis
3383 3283 3541 3338 sape-

1961 3369 2107 3427 rent,
2141 3361 2248 3416 rati
2292 3375 2354 3418 se
2411 3360 2619 3431 aliquid
2674 3375 2818 3424 esse,
2854 3360 2911 3414 in
2952 3359 3350 3430 voluptatibus,
3399 3376 3541 3431 quas

1961 3453 2066 3510 sibi
2103 3452 2309 3508 divitia:
2335 3453 2728 3516 conciliabant,
2774 3450 3008 3508 demersi
3037 3461 3188 3508 sunt.
3221 3451 3548 3524 Experretrti.

1961 3554 2168 3610 autem,
2211 3554 2377 3617 atque
2411 3560 2479 3600 ex
2509 3545 2615 3600 hac
2653 3544 2762 3600 vita
2800 3545 3074 3611 translati,
3106 3561 3229 3600 sese
3269 3546 3408 3600 nihil
3441 3546 3541 3599 ha-

1962 3639 2178 3704 bentes,
2205 3653 2308 3694 nec
2331 3636 2611 3711 quidpiam
2646 3637 2901 3692 manibus
2929 3643 3183 3692 tenentes
3229 3636 3537 3706 deprehen-

1959 3730 2178 3786 derunt.
2194 3729 2374 3796 Quare
2399 3728 2596 3784 alicubi
2617 3728 2822 3783 dictum
2847 3735 2931 3784 est
2953 3727 2999 3759 ⁸⁵
3019 3743 3033 3778 :
3054 3726 3137 3782 Ne
3153 3728 3394 3781 timueris
3418 3743 3541 3780 cunt
3569 3769 3571 3772 .

1961 3821 2101 3876 diues
2125 3821 2297 3892 factus
2330 3821 2492 3891 fuerit
2524 3819 2700 3882 homo,
2742 3829 2790 3874 et
2843 3837 2963 3874 cum
2989 3819 3350 3888 multiplicata
3380 3819 3539 3888 fuerit
3571 3841 3573 3843 ί

1960 3915 2135 3986 gloria
2159 3913 2346 3969 domus
2364 3913 2512 3983 ejus;
2541 3912 2793 3983 quoniam
2823 3927 2941 3964 cum
2963 3911 3221 3965 interierit
3245 3927 3348 3964 non
3371 3919 3540 3964 sumet

1961 4007 2161 4072 omnia,
2183 4021 2343 4077 neque
2361 4003 2634 4060 descendet
2662 4020 2780 4058 cum
2813 4019 2871 4058 eo
2893 4003 3064 4074 gloria
3084 4004 3220 4074 ejus.
3260 4002 3410 4060 Unde
3438 4019 3558 4058 nec

1963 4097 2234 4154 immerito
2268 4098 2346 4152 illi
2386 4113 2509 4154 vere
2533 4097 2855 4168 insipientes
2883 4097 3048 4153 corde
3075 4097 3280 4152 turbati
3316 4105 3446 4154 sunt
3473 4097 3540 4150 ab

1962 4192 2311 4260 increpatione
2333 4190 2427 4244 Dei
2441 4188 2641 4255 Iacob;
2659 4191 2796 4257 sive,
2813 4192 3110 4246 secundum
3127 4191 3562 4262 Symmachum...

1962 4300 1996 4337 a
2031 4282 2242 4354 fremitu
2281 4281 2772 4353 [comminatione].
2811 4279 2969 4338 Tunc
3007 4281 3153 4338 enim
3209 4280 3548 4336 sententiam.

1960 4372 2104 4442 justi
2141 4371 2339 4442 judicii
2387 4370 2484 4427 Dei
2538 4373 2861 4434 subeuntes,
2898 4374 3096 4427 merito
3148 4372 3539 4434 turbabuntur,

266 4453 402 4508 κώϐ
415 4470 430 4484 ⁸
464 4455 497 4525 ἢ
525 4454 666 4508 κατὰ
695 4454 786 4508 τὸν
825 4455 1138 4528 Σύμμαχον,
1182 4458 1299 4513 ἀπὸ
1337 4459 1768 4530 ἑμῦριμήσεως·
1802 4463 1863 4516 τὸ

1964 4463 2092 4536 quia
2121 4464 2556 4520 dormitaverunt
2585 4463 2906 4520 conscensis
2935 4464 3093 4534 equis
3119 4463 3254 4526 suis,
3287 4462 3550 4518 videliceti

264 4541 576 4614 τηνικαῦτα
594 4542 703 4614 γὰρ
740 4543 844 4598 ὑπὸ
862 4546 1134 4615 ἀπόφασιν
1165 4547 1444 4618 γενόμενοι
1477 4549 1576 4620 τῆς
1604 4549 1698 4604 τοῦ
1725 4551 1860 4605 Θεοῦ

260 4634 705 4706 δικαιοκρισίας,
765 4638 1198 4710 ταραχοήσονται
1253 4641 1511 4708 εἰκότως,
1566 4642 1862 4717 ἐπειδήπερ

262 4726 575 4792 ἐνύσταξαν
604 4727 992 4800 ὲπιόεϐηκότες
1017 4733 1128 4795 τοῖς
1164 4731 1372 4786 ἑαυτῶν
1399 4732 1606 4797 ἵπποις,
1657 4734 1858 4807 δηλαδὴ

260 4823 388 4883 τοῖς
405 4820 721 4885 ἀκολάστοις
739 4821 955 4892 σώμασι
969 4839 983 4852 ⁸
1011 4821 1126 4876 δέον
1149 4824 1511 4895 ἐγρηγορέναι
1531 4824 1624 4877 καὶ
1645 4826 1858 4896 νήφειν,

264 4913 716 4984 μνημονεύοντας
750 4913 893 4966 θείου
935 4913 1351 4986 προστάγματος
1383 4914 1663 4984 λέγοντες·
1703 4919 1855 4986 Γρη-

259 5003 532 5074 mpsim,
585 5005 674 5058 ὅτι
721 5007 832 5059 οὐκ
881 5005 1080 5060 οἴδατε
1118 5004 1234 5073 τὴν
1281 5004 1509 5074 ἡμέραν
1553 5006 1696 5060 οὐδὲ
1743 5007 1858 5075 τὴν

257 5093 455 5164 ὥραν.
487 5096 548 5149 Ol
574 5095 631 5148 δὲ
673 5095 965 5161 ὲνύσταζον
998 5098 1093 5151 καὶ
1139 5097 1396 5150 ὓπνωσαν
1431 5095 1598 5150 ὕπνον
1637 5097 1817 5151 αὐτῶν
1837 5139 1852 5162 ,

256 5185 507 5257 ὀνείροις
537 5189 630 5240 καὶ
677 5188 1056 5259 φαντάσμασιν
1090 5187 1418 5254 ὲκδοθέντες,
1455 5190 1639 5253 ἵπποις
1659 5207 1719 5244 τε
1761 5189 1856 5262 θη-

257 5277 537 5348 λυμανέσι
576 5282 686 5342 τοῖς
720 5280 896 5333 αὐτῶν
936 5280 1148 5352 σώμασι
1176 5280 1527 5352 χρησάμενοι.
1556 5276 1715 5336 Οὗτοι
1740 5300 1852 5336 τοι-

255 5368 480 5440 γαροῦν
534 5370 733 5434 πάντες
775 5373 822 5426 οἱ
877 5372 1008 5425 ποτὲ
1041 5373 1139 5442 μὲν
1171 5372 1454 5442 λεγόμενοι
1494 5373 1741 5428 ἀσύνετοι
1784 5378 1850 5447 τῇ

255 5460 496 5532 καρδία,
526 5463 654 5516 ποτὲ
694 5463 749 5516 δὲ
790 5463 982 5535 ἄνδρες
1011 5463 1106 5516 τοῦ
1140 5461 1392 5527 πλούτου,
1431 5464 1550 5516 νυνὶ
1585 5464 1643 5518 δὲ
1671 5465 1853 5519 ἐπιϐε-

254 5552 508 5623 ϐηκότες
555 5555 681 5617 τοὺς
732 5555 950 5620 ἵππους.
979 5555 1117 5618 τέως
1167 5554 1269 5626 μὲν
1321 5555 1461 5610 κατὰ
1507 5555 1607 5628 τὴν
1656 5555 1854 5627 θνητὴν

257 5643 426 5714 ζωὴν
473 5644 789 5712 ἐνύσταξαν,
819 5647 854 5720 ἢ
885 5646 1028 5702 κατὰ
1069 5647 1162 5701 τὸν
1203 5646 1514 5719 Σύμμαχον,
1561 5647 1854 5718 ἐκαρώθη-

1964 4558 2182 4614 Iascivis
2215 4557 2540 4628 corporibus
2563 4575 2577 4624 ;
2619 4572 2744 4610 cum
2768 4557 3104 4625 oportuisset
3129 4555 3353 4626 vigilare
3377 4564 3430 4609 ct
3451 4571 3535 4610 sn-

1962 4650 2079 4705 brie
2107 4665 2290 4720 agere,
2307 4664 2579 4704 memores
2601 4647 3044 4718 divinipraecepti
3074 4646 3310 4702 dicentis
3337 4665 3350 4700 :
3394 4645 3540 4716 Vigi-

1961 4744 2216 4814 late,quia
2239 4743 2451 4798 nescitis
2474 4741 2633 4806 diem,
2657 4757 2817 4811 neque
2842 4740 3028 4795 horam
3049 4741 3114 4794 ⁸⁸.
3144 4740 3224 4794 llli
3256 4755 3384 4795 vero
3417 4739 3520 4794 dor

1963 4833 2249 4894 mitabant,
2287 4842 2341 4888 et
2375 4831 2720 4887 dormierunt
2743 4845 2995 4886 somnum
3022 4847 3204 4893 suum.
3224 4831 3455 4887 somniis
3483 4839 3551 4886 er

1960 4923 2264 4995 phantasiis
2311 4922 2522 4988 dediti,
2563 4923 2832 4994 equisque
2885 4922 3114 4978 lascivis
3133 4965 3163 4989 ,_.
3207 4924 3536 4994 corporibus

1962 5030 2158 5086 nempe
2193 5014 2309 5070 suis
2350 5015 2456 5070 usi.
2489 5013 2556 5069 lii
2589 5015 2782 5085 itaque
2821 5029 3015 5070 omnes
3043 5015 3161 5086 qui,
3208 5017 3372 5072 modo
3395 5017 3542 5071 insi-

1957 5109 2170 5180 pientes
2223 5105 2411 5170 corde,
2468 5107 2630 5163 modo
2657 5108 2765 5164 viri
2797 5108 3136 5174 divitiarum,
3172 5125 3320 5164 nunc
3349 5123 3540 5166 ascen-

1959 5195 2151 5252 dentes
2186 5210 2360 5266 equos
2410 5204 2701 5262 vocantur,
2730 5197 2860 5253 dum
2907 5199 2961 5253 in
3017 5200 3273 5270 praesenti
3308 5200 3420 5253 vita
3449 5200 3540 5254 de-

1958 5294 2172 5356 gerent,
2191 5284 2644 5355 dormitaverunt;
2667 5288 2784 5345 sive
2798 5289 3100 5344 secundum
3121 5288 3546 5362 Symmachum..

1959 5380 2194 5447 soporati
2223 5389 2366 5445 sunt,
2413 5395 2612 5451 sopore
2640 5389 2694 5436 et
2741 5381 3006 5438 ebrietate
3037 5383 3232 5437 anima:
3265 5381 3546 5451 depressi.

1960 5467 2166 5524 Deinde
2200 5484 2350 5533 vero,
2371 5469 2696 5526 dormierunt
2723 5489 2967 5528 somnum
2986 5491 3162 5538 suum,
3195 5474 3351 5528 vanis
3369 5473 3538 5544 phan-

1960 5560 2119 5615 tasiis
2155 5559 2361 5629 dediti;
2394 5577 2457 5617 ac
2481 5563 2699 5618 demum
2732 5567 3121 5638 expergefacti,
3169 5567 3371 5622 turbati
3407 5573 3538 5622 sunt

1963 5651 2033 5705 ab
2069 5651 2444 5722 increpatione
2471 5652 2567 5710 Dei
2589 5653 2780 5712 Jacob.
2811 5657 2907 5712 llic
2939 5673 3100 5727 porro
3127 5667 3242 5714 erat
3279 5659 3536 5716 Servator

349 5803 398 5834 θ’
439 5802 601 5862 Hebr.
639 5821 754 5872 xu,
793 5806 879 5862 22.
961 5807 1004 5840 ⁸³
1045 5805 1145 5863 lsa.
1185 5823 1268 5875 ιι,
1309 5793 1394 5863 11.
1475 5808 1518 5841 ⁸⁵
1559 5807 1704 5865 Psal.
1737 5825 1856 5865 XLVI

1978 5810 2061 5878 l7,
2094 5810 2174 5868 18.
2253 5813 2296 5847 "
2337 5812 2523 5870 Matth.
2560 5830 2685 5879 xxv,
2726 5814 2806 5869 15.
