4004 6536
277 335 381 391 885

1402 341 1904 400 COMMENTARIA
1945 342 2010 396 IN
2050 340 2383 397 PSALMOS.

3412 343 3525 399 888⁴

276 456 416 528 θυμή
427 474 560 521 σεως
582 458 865 533 λογισμός;
894 464 1075 533 ὅμοιος
1092 464 1167 519 ῶν
1188 461 1414 529 inﬁxam;
1444 467 1569 538 περὶ
1592 459 1665 520 ὧν
1696 466 1844 537 εἴρη-

1949 464 2039 519 Sic
2063 465 2226 535 igitur
2253 480 2306 519 et
2337 477 2514 533 ipsum
2554 460 2946 534 [ratiocinium]
2975 462 3213 531 reliquiae
3239 461 3522 532 cogitatio-

276 564 363 601 ται
386 564 400 577 ο
432 549 658 619 Δεῖμμα
686 553 811 605 κατ’
839 554 1103 623 ἐκλογὴν
1130 555 1370 625 χάριτος
1396 556 1659 627 γέγονεν.
1692 556 1847 610 Οὕτω

276 639 403 707 γοῦν
446 642 607 705 αὐτὸς
642 644 1056 717 ἐγκατάλειμμα
1092 649 1345 719 ὲνθυμίου
1400 649 1737 720 ὠνόμασται·
1768 649 1848 702 διὸ

278 732 523 800 ἑορτάσει
562 735 703 798 τότε,
738 735 831 790 ἅτε
860 738 924 808 δὴ
967 739 1107 793 κατὰ
1150 740 1339 810 καιρὸν
1383 740 1480 804 τὰς
1525 741 1848 810 ἐπαγγελίας

278 821 566 877 ἀπολαϐὼν
592 827 690 896 τῆς
720 827 967 897 οὐρανίου
1004 829 1297 899 βασιλείας.
1464 880 1475 883 ,

349 912 622 975 Εὕξασθε
654 915 749 969 καὶ
771 916 1025 971 ἀπόδοτε
1051 920 1247 988 Κυρίῳ
1274 920 1353 985 τῷ
1387 919 1507 985 Θεῷ
1529 920 1635 988 τὰς
1666 923 1849 991 εὐχὰς

278 998 467 1067 ὑμῶν,
501 1001 723 1069 πάντες
770 1008 825 1057 οι
873 1006 1077 1073 κύκλῳ
1111 1008 1327 1062 αὐτοῦ’
1362 1008 1439 1074 τῷ
1484 1011 1711 1081 φοϐερῷ
1752 1011 1847 1065 καὶ

276 1090 690 1160 ἀφαιρουμένῳ
742 1096 1048 1165 πνεύματα
1108 1098 1442 1166 ἀρχόντων,
1495 1100 1576 1165 τῷ
1625 1100 1849 1170 φοϐερῷ

274 1183 436 1249 παρὰ
456 1184 578 1250 τοῖς
600 1185 929 1248 βασιλεῦσι
960 1187 1069 1257 τῆς
1091 1188 1228 1258 γῆς.
1252 1191 1581 1256 Συντελεσας
1606 1194 1695 1246 τὸν
1724 1212 1788 1246 πε
1797 1197 1851 1266 ρὶ

272 1274 373 1343 τῆς
410 1274 641 1346 κρίσεως
686 1276 781 1331 τοῦ
828 1278 963 1331 Θεοῦ
1010 1280 1187 1349 λόγον,
1235 1285 1633 1353 παραινετικῶς
1671 1285 1851 1338 λοιπὸν

272 1366 441 1416 πᾶσιν
476 1367 604 1435 ἡμῖν
638 1368 962 1439 προστάττει
989 1368 1263 1440 εὔχεσθαι,
1294 1373 1387 1425 καὶ
1416 1373 1721 1426 ἀποδιδόναι
1742 1377 1853 1428 Κυ-

275 1456 378 1526 ρίῳ
400 1456 477 1525 τῷ
503 1456 619 1527 Θεῷ
656 1459 811 1529 ἡμῶν
837 1460 936 1523 τάς
967 1460 1132 1530 εὐχάς
1154 1479 1167 1492 ο
1210 1462 1285 1525 ὡς
1325 1462 1403 1515 ἔτι
1437 1462 1491 1515 δὲ
1514 1463 1700 1534 καιρός
1736 1465 1853 1517 ἐστι

268 1548 413 1601 κατὰ
440 1548 531 1601 τὸν
558 1550 828 1604 ἐνεστῶτα
854 1552 987 1623 βίον,
1018 1553 1333 1623 ἀναγκαίως
1366 1554 1521 1607 τοῦτο
1546 1558 1717 1607 ποιεῖν
1744 1573 1852 1609 πα-

269 1643 469 1709 ραινεῖ.
504 1642 680 1711 Εύχάς
711 1643 767 1697 δὲ
802 1644 902 1709 τὰς
934 1646 1263 1715 ἐπαγγελίας
1302 1646 1490 1699 εἴωθεν
1532 1648 1849 1719 ὀνομάζειν·

265 1728 353 1781 διὸ
378 1730 621 1784 λέλεκται
646 1749 660 1762 ’
703 1734 843 1787 Ἐὰν
864 1735 1013 1803 εϋξῃ
1036 1736 1249 1803 εὐχὴν,
1278 1735 1365 1804 μὴ
1404 1737 1854 1806 χρονίσῃςάποο

264 1823 510 1879 δοῦναι·
546 1828 771 1896 ἀγαθὸν
801 1827 867 1881 τὸ
907 1828 993 1897 μὴ
1041 1829 1350 1894 εὔξασθαι,
1381 1830 1419 1898 ἣ
1455 1830 1521 1883 τό
1561 1830 1848 1894 εὔξασθαι

263 1916 372 1967 καὶ
394 1917 481 1985 μὴ
516 1918 865 1977 ἀποδοῦναι.
894 1921 1166 1984 Ἕκαστος
1211 1919 1389 1973 τοίνυν
1422 1920 1529 1973 τῶν
1568 1921 1723 1991 ἡμῶν
1750 1922 1848 1991 τὴν

260 2010 465 2062 ἑαυτοῦ
512 2012 767 2081 πρόθεσιν
810 2015 904 2067 καὶ
934 2014 1032 2084 τὴν
1057 2013 1262 2067 οἰκείαν
1304 2013 1631 2081 ἐπαγγελίαν
1661 2012 1849 2085 ῶσπερ

260 2102 437 2172 εὐχὴν
464 2103 777 2165 ἀποδιδότω,
816 2104 1159 2176 μεμνημένος
1192 2103 1285 2157 τοῦ
1319 2107 1615 2175 φήσαντος·
1650 2104 1851 2158 Θῦσον

258 2191 352 2257 τῷ
387 2192 508 2259 Θεῷ
560 2197 780 2250 θυσίαν
810 2198 1114 2264 αἰνέσεως,
1147 2196 1241 2249 καὶ
1285 2194 1507 2263 ἀπόδος
1548 2198 1628 2262 τῷ
1658 2199 1851 2267 Κυρίῳ

190 2322 193 2325 -
256 2285 378 2350 τὰς
401 2286 589 2354 εὐχάς
618 2303 734 2341 σου
754 2306 769 2318 ·
806 2289 901 2341 καὶ
930 2288 1285 2343 ἐπικάλεσαι
1305 2308 1382 2360 με
1411 2290 1479 2343 ἐν
1506 2289 1690 2361 ἡμέρᾳ
1725 2291 1850 2348 θλί-

256 2378 451 2445 ψεως,
486 2378 918 2448 καὶέεελοῦμαί
938 2395 1032 2443 σε,
1062 2381 1157 2433 καὶ
1188 2381 1466 2447 δοξάσεις
1483 2399 1577 2451 με.
1610 2383 1721 2435 Νῦν
1750 2384 1848 2455 μὲν

256 2464 383 2530 οὖν,
418 2469 602 2539 φησὶν,
635 2469 894 2533 εὔξασθε
922 2471 1021 2523 καὶ
1057 2471 1331 2525 ἀπόδοτε.
1372 2474 1563 2528 Ἔσται
1591 2472 1699 2546 γάρ
1728 2492 1848 2528 και-

261 2559 365 2631 ρδς
394 2561 451 2612 ὲν
477 2554 521 2629 ᾧ
552 2562 752 2624 πάντες
782 2563 830 2614 οἱ
857 2561 1039 2633 κύκλῳ
1071 2562 1235 2616 αὐτοῦ
1270 2564 1472 2617 οἴσουσι
1495 2564 1663 2637 δῶρα.
1690 2566 1846 2620 Κατὰ

257 2651 378 2723 γὰρ
410 2652 500 2706 τὸν
528 2653 626 2725 τῆς
663 2653 933 2723 βασιλείας
973 2654 1136 2707 αὐτοῦ
1185 2655 1371 2727 καιρὸν
1398 2654 1679 2723 ,ϐασιλεῖς
1711 2660 1848 2726 60p-

258 2744 401 2809 σεῖς
430 2743 527 2796 καί
553 2742 733 2812 νῆσοι
750 2741 907 2812 δῶρα
937 2743 1334 2812 προσάξουσι,
1359 2746 1640 2813 ,βασιλεῖς
1681 2747 1844 2815 Ἀρά-

259 2836 390 2888 ϐων
422 2833 519 2887 καὶ
548 2835 709 2887 Σαϐὰ
735 2832 892 2902 δῶρα
921 2834 1342 2903 προσοίσουσι,
1376 2836 1472 2889 καὶ
1505 2838 1846 2904 προσκυνή-

257 2939 495 2979 σουσιν
534 2922 694 2989 αὐτῷ
733 2924 953 2990 πάντες
981 2928 1035 2979 οἱ
1072 2926 1353 2992 βασιλεῖς
1398 2926 1507 2994 τῆς
1544 2927 1675 2995 γῆς.
1713 2928 1845 2979 Τότε

256 3014 401 3083 γοῦν
425 3014 717 3086 καθημένῳ
764 3016 855 3068 ἐπὶ
900 3015 1089 3086 θρόνου
1121 3014 1278 3087 δόξης
1323 3017 1485 3070 αὐτοῦ
1537 3019 1845 3089 προσκυνή-

258 3121 421 3157 σουσι
453 3104 650 3167 πάντες
693 3104 831 3175 μετά
879 3104 1102 3177 δώρωνο
1151 3107 1415 3169 τουτέστι,
1469 3107 1583 3177 μεθ’
1620 3102 1693 3161 ὧν
1728 3108 1845 3161 ὲπι-
1871 3132 1917 3193 c

259 3195 496 3266 φέρεται
551 3195 778 3259 ἕκαστος
832 3196 1077 3266 καρπῶν.
1139 3197 1337 3269 Διόπερ
1395 3197 1470 3262 ὡς
1519 3199 1599 3251 ἔτι
1656 3199 1842 3269 καιρός

257 3287 437 3349 ἔστιν,
468 3286 713 3341 ἐντεῦθεν
746 3286 843 3358 ἤδη
886 3290 1143 3357 παραινεῖ
1174 3288 1432 3353 εὔξασθαι
1468 3291 1559 3343 καὶ
1602 3290 1844 3344 ἀποδιδό-

257 3392 387 3431 ναι’
422 3376 497 3441 ὡς
539 3376 625 3441 ἂν,
660 3379 785 3440 τοὺς
814 3376 1023 3430 ἑαυτῶν
1060 3377 1364 3447 θησαυροὺς
1398 3380 1839 3451 ταμιευσάμενοι,

255 3470 411 3524 κατὰ
459 3470 648 3542 καιρὸν
680 3470 826 3541 αὐτῷ
866 3472 1339 3542 προσκομίσωμεν,
1385 3471 1521 3537 ἄξιοι
1564 3472 1841 3543 γενόμενοι

256 3560 377 3615 τῶν
399 3560 736 3615 κυκλούντων
758 3562 917 3615 αὑτοῦ
946 3562 1036 3615 τὸν
1064 3562 1267 3633 θρόνον.
1296 3562 1502 3625 Πάντες
1530 3563 1638 3633 γὰρ
1660 3564 1842 3634 κύκλῳ

260 3651 433 3705 αὐτοῦ
463 3652 839 3722 προσοίσουσιν
869 3651 1017 3723 αὐτῷ
1042 3652 1208 3723 δῶρα,
1238 3652 1450 3723 φοϐερῷ
1478 3654 1587 3706 ὄντι
1617 3658 1727 3718 τοῖς
1765 3656 1838 3725 μὴ

263 3742 659 3814 πλησιάζουσιν
696 3743 877 3814 αὐτῷ,
910 3744 1042 3815 μηδὲ
1075 3744 1143 3798 τὰ
1157 3742 1305 3816 δῶρα
1331 3746 1715 3817 προσφέρουσι.
1752 3746 1842 3799 Διὸ

264 3834 604 3902 ὲπιλέγεται·
632 3834 718 3901 Τῷ
740 3835 965 3904 φοϐερῷ
987 3835 1083 3889 καὶ
1103 3836 1513 3905 ἀφαιρουμένῳ
1536 3840 1842 3907 πνεύματα

260 3926 590 3993 ἀρχόντων,
625 3924 850 3994 φοϐερῷ
875 3926 1033 3995 παρὰ
1062 3926 1185 3992 τοῖς
1206 3928 1537 3991 βασιλεῦσι
1564 3930 1673 3999 τῆς
1704 3930 1837 4000 γῆς.

260 4015 341 4068 Τὸ
362 4014 490 4087 γὰρ,
522 4017 602 4069 Οὐ
625 4014 711 4085 μὴ
743 4017 1062 4085 καταμείνῃ
1096 4018 1159 4070 τὸ
1186 4017 1421 4087 πνεῦμά
1431 4037 1550 4087 μου
1577 4017 1674 4072 ἐπὶ
1702 4020 1841 4086 τοὺς

257 4105 437 4171 υἱοὺς
468 4104 808 4175 ἀνθρώπων,
854 4106 1170 4177 λεχθήσεται
1209 4108 1304 4162 καὶ
1346 4110 1431 4161 ἐπ’
1478 4110 1697 4164 ἐκείνων
1732 4113 1840 4165 τῶν

262 4212 400 4249 ποτε
432 4196 530 4267 μὲν
559 4197 832 4268 ἀρχόντων
875 4199 967 4250 καὶ
1010 4199 1324 4269 ἡγουμένων
1363 4202 1837 4271 χρηματισάντων,

259 4287 359 4342 καὶ
404 4286 717 4357 Πνεύματος
754 4288 909 4356 ἀγίου
944 4287 1407 4354 καταξιωθέντων,
1438 4292 1497 4343 οὐ
1531 4292 1637 4362 μὴν
1676 4294 1839 4359 ἀξίως

260 4376 577 4447 βιωσάντων
599 4378 699 4447 τῆς
724 4378 960 4448 χάριτος
982 4380 1075 4448 ἀφ’
1090 4372 1162 4433 ὧν
1188 4381 1497 4452 ἀφαιρεῖται
1515 4383 1575 4435 τὸ
1599 4383 1834 4455 πνεῦμα,

1948 556 2037 611 nis
2064 569 2317 610 vocatum
2351 563 2475 623 est;
2510 562 2844 625 quaprOpter
2866 562 2995 609 tunc
3025 552 3223 609 festum
3256 560 3399 624 aget,
3436 561 3521 604 ut-

1948 654 2074 717 pote
2125 650 2180 700 in
2231 655 2475 716 tempore
2507 660 2609 700 suo
2628 645 3043 716 apromissiones
3092 643 3243 715 regni
3282 642 3527 699 caelestis

1952 746 2328 808 accepturum.

2020 911 2186 967 Vens.
2218 912 2304 976 12,
2336 913 2419 969 1⁵5.
2461 911 2640 967 Vovete
2676 924 2723 966 et
2769 911 2966 966 reddite
3004 911 3234 965 Domino
3263 910 3367 964 D’eo
3405 920 3522 963 vota

1949 1015 2142 1067 vestra,
2175 1021 2349 1058 omnes
2384 1005 2472 1074 qui
2519 1006 2570 1057 in
2618 1004 2840 1056 circuitu
2872 1003 2983 1071 ejus
3014 1003 3137 1056 estis
3173 1019 3191 1055 :
3224 1002 3447 1055 terribili
3472 1006 3521 1054 et

1949 1096 1998 1149 ei
2027 1096 2115 1165 qui
2149 1096 2319 1163 aufert
2348 1096 2567 1163 spiritus
2596 1094 2909 1162 principum,
2944 1093 3172 1145 terribili
3198 1092 3337 1161 apud
3366 1108 3507 1162 reges

1954 1197 2129 1241 terrw.
2164 1187 2430 1241 Absoluto
2458 1186 2525 1241 de
2558 1185 2650 1240 Dei
2691 1184 2900 1253 judicio
2934 1199 3207 1250 sermone,
3244 1182 3517 1238 hortantis

1950 1292 2103 1331 more
2131 1276 2377 1347 prmeipit
2427 1277 2586 1331 nobis
2640 1284 2698 1330 ut
2728 1290 3020 1330 voveamus
3054 1282 3107 1329 et
3138 1273 3363 1328 Domino
3407 1272 3518 1329 Deo

1950 1375 2139 1420 nostro
2171 1377 2295 1421 vota
2323 1366 2614 1421 reddamus
2643 1386 2656 1420 :
2694 1366 2822 1419 dum
2849 1365 3025 1420 adhuc
3050 1365 3101 1418 in
3131 1364 3382 1434 praesenti
3412 1364 3525 1419 vita

1951 1465 2166 1526 tempus
2212 1457 2384 1519 adest,
2416 1457 2564 1511 utbid
2597 1471 2825 1525 agamus
2874 1472 2975 1511 nos
3032 1457 3343 1511 necessario
3371 1470 3521 1509 com-

1952 1559 2157 1607 monet.
2189 1549 2327 1605 Vota
2365 1558 2544 1605 autem
2578 1550 2967 1619 promissiones
2999 1565 3313 1620 nuncupare
3345 1548 3516 1616 solet;

1952 1659 2121 1713 quare
2147 1644 2352 1698 dictum
2384 1650 2469 1697 est
2502 1662 2514 1696 :
2544 1642 2605 1697 Si
2642 1652 2817 1696 votum
2866 1644 3083 1707 voveris,
3110 1660 3171 1697 ne
3199 1641 3373 1695 tardes
3404 1640 3525 1696 red-

1953 1734 2104 1788 dere:
2138 1736 2321 1789 melius
2352 1736 2489 1788 enim
2508 1744 2584 1788 est
2609 1752 2711 1788 non
2744 1752 2940 1801 vovere,
2965 1752 3123 1805 quam
3146 1752 3320 1789 vovere
3343 1744 3391 1789 et
3412 1750 3537 1789 ‘uon'

1886 1806 1926 1859 Β
1956 1826 2169 1881 reddere
2197 1828 2266 1881 "°.
2296 1826 2686 1897 Unusquisque
2727 1843 2855 1899 ergo
2899 1836 3147 1882 nostrum
3180 1827 3519 1898 propositum

1950 1924 2004 1972 et
2036 1917 2458 1986 promissionem
2487 1933 2665 1982 suam,
2702 1932 2800 1972 ceu
2845 1925 3029 1972 votum
3066 1917 3279 1981 reddat,
3314 1933 3525 1973 memor

1950 2006 2077 2061 dicti
2114 2008 2262 2063 illius
2291 2026 2303 2061 :
2340 2007 2569 2063 Immola
2598 2008 2707 2063 Deo
2736 2010 3061 2078 sacriﬁcium
3096 2008 3294 2072 laudis,
3323 2018 3373 2063 et
3406 2008 3524 2063 red-

1950 2098 2013 2151 de
2045 2097 2269 2151 Domino
2298 2109 2419 2151 vota
2451 2110 2543 2151 tua
2574 2114 2592 2151 :
2626 2108 2675 2153 et
2702 2099 2881 2153 invoca
2913 2116 2992 2153 me
3014 2101 3068 2152 in
3100 2100 3186 2153 die
3216 2099 3521 2154 tribulatio-

1950 2188 2055 2251 nis,
2093 2197 2142 2242 et
2174 2205 2373 2242 eruam-
2403 2198 2471 2253 te,
2503 2198 2551 2242 et
2597 2189 2920 2259 gloriﬁcabis
2952 2207 3031 2244 me
3055 2192 3120 2245 τί.
3148 2190 3302 2244 Nunc
3336 2191 3520 2260 igitur,

1950 2280 2046 2346 ait,
2083 2279 2266 2337 Vovete
2286 2290 2334 2337 et
2356 2280 2581 2337 reddite.
2610 2280 2848 2353 Tempus
2882 2281 3025 2339 enim
3058 2280 3230 2336 aderit
3258 2297 3367 2351 quo
3399 2296 3522 2335 om—

1948 2389 2047 2429 nes
2075 2374 2167 2444 qui
2200 2376 2253 2428 in
2288 2375 2522 2429 circuitu
2549 2374 2667 2444 ejus
2700 2382 2828 2429 sunt
2849 2373 3077 2429 aﬂerent
3098 2387 3342 2429 munera.
3387 2370 3529 2424 Nam

1948 2473 2191 2535 tempore
2219 2466 2369 2537 regni
2402 2467 2573 2535 ipsius
2598 2483 2739 2537 reges
2774 2467 2993 2521 Tharsis
3016 2478 3063 2520 et
3088 2467 3274 2520 insula:
3302 2481 3523 2534 munera

1948 2557 2186 2625 offerent,
2218 2574 2359 2626 reges
2401 2557 2639 2611 Arabum
2680 2567 2728 2612 et
2776 2556 2921 2613 Saba
2967 2558 3107 2611 dona
3151 2555 3432 2619 adducent,
3471 2566 3552 2611 et.

1947 2647 2247 2701 adorabunt
2297 2665 2416 2701 eum
2474 2665 2650 2704 omnes
2682 2666 2822 2720 reges
2872 2659 3024 2703 terra:
3055 2649 3123 2704 ".
3151 2647 3307 2703 Tunc
3339 2650 3519 2720 ipsum

1947 2738 2000 2792 in
2039 2739 2234 2793 throno
2266 2740 2453 2810 gloria:
2496 2755 2609 2796 suae
2639 2740 2938 2803 sedentem,
2972 2755 3163 2794 omnes
3195 2754 3319 2793 cum
3360 2739 3523 2794 donis

1948 2828 2272 2894 adorabunt,
2315 2830 2367 2884 id
2399 2839 2502 2893 est,
2529 2846 2651 2885 cum
2685 2831 2822 2895 suis,
2858 2845 2996 2900 quos
3038 2828 3293 2893 afferent,
3328 2828 3521 2883 fructi.

1948 2920 2116 2975 tibus.
2149 2920 2356 2975 Idcirco
2383 2921 2511 2975 dum
2539 2921 2719 2976 adhuc
2747 2929 2961 2991 tempus
2986 2930 3090 2988 est,
3122 2931 3305 2976 monet
3344 2930 3402 2975 ut
3426 2937 3543 2973 vo-r

1946 3026 2171 3067 veamus
2218 3021 2273 3067 et
2329 3012 2641 3078 reddamus,
2676 3022 2734 3067 ut
2778 3028 2902 3067 cum
2959 3012 3247 3069 thesauros
3297 3021 3541 3067 nostros.

1947 3103 2375 3166 condiderimus,
2422 3120 2516 3161 eos
2561 3112 2867 3175 Opportuno
2901 3113 3143 3175 tempore
3185 3105 3286 3177 ipsi
3324 3104 3517 3159 tﬂ‘era-

1946 3193 2089 3260 mus',
2116 3196 2265 3267 digni
2309 3196 2481 3251 babiti
2525 3205 2585 3251 ut
2618 3201 2759 3251 inter
2786 3212 2881 3253 eos
2912 3198 3004 3268 qui
3034 3197 3292 3252 thronum
3344 3196 3519 3267 ipsius

1943 3285 2287 3342 circumdant
2326 3302 2767 3344 annumeremur.
2802 3286 3170 3343 Omnesenim
3194 3287 3251 3341 in
3284 3286 3545 3341 circuitu-.-

1941 3376 2061 3446 ejus
2084 3377 2309 3433 all‘erent
2340 3379 2441 3451 ipsi
2486 3394 2734 3443 munera,
2764 3379 2857 3450 qui
2886 3394 2995 3434 non
3026 3377 3412 3434 accedentibus
3447 3380 3514 3431 ad

1943 3484 2089 3531 eum,
2141 3486 2242 3526 nec
2296 3486 2523 3526 munera
2574 3471 2652 3525 illi
2701 3471 3054 3526 ollerentibus
3104 3469 3366 3526 terribilis
3403 3476 3511 3525 est.

1941 3558 2121 3624 Quare
2146 3560 2224 3614 sic
2246 3559 2593 3616 concluditur
2623 3578 2636 3614 :
2670 3560 2917 3614 Terribili
2941 3569 2991 3614 et
3020 3560 3067 3615 ei
3093 3561 3183 3630 qui
3206 3559 3378 3628 aufert
3406 3560 3515 3628 spi-

1942 3651 2077 3702 ritus
2130 3652 2445 3719 principum,
2500 3650 2719 3704 terribili
2767 3650 2907 3718 apud
2964 3667 3104 3721 reges
3155 3659 3327 3705 terrw.
3376 3650 3513 3704 Illud

1940 3743 2084 3795 enim
2128 3760 2141 3795 :
2174 3741 2296 3795 Non
2325 3742 2647 3811 permanebit
2675 3744 2895 3811 spiritus
2923 3761 3067 3798 meus
3099 3746 3152 3797 in
3181 3744 3309 3813 ﬁliis
3339 3743 3513 3796 homi-

1928 3835 2152 3899 num",
2188 3834 2255 3889 de
2284 3834 2393 3890 illis
2423 3849 2641 3905 quoque
2666 3835 2879 3889 dicetur
2922 3835 3014 3905 qui
3058 3835 3188 3889 olim
3236 3834 3513 3905 principes

1941 3932 1996 3980 et
2027 3925 2194 3980 duces
2224 3924 2536 3991 audiebant,
2570 3936 2625 3980 et
2653 3926 2857 3996 Spiritu
2889 3934 3079 3982 sancto
3109 3926 3310 3997 dignati
3340 3936 3468 3981 sunt
3494 3943 3507 3989 ;

1944 4014 2051 4069 sed
2093 4030 2199 4069 non
2236 4014 2400 4085 digno
2449 4022 2671 4085 accepta
2720 4017 2891 4086 gratia
2944 4017 3108 4072 modo
3143 4018 3395 4071 vixerunt
3433 4036 3446 4071 :
3480 4031 3510 4069 a

1941 4103 2141 4174 quibus
2182 4104 2409 4174 spiritus
2446 4104 2746 4169 auferetur,
2781 4114 2841 4159 ut
2870 4122 2935 4161 eo
2962 4107 3187 4177 privati,
3214 4106 3512 4177 promerito

1941 4198 2211 4266 supplicio
2238 4195 2526 4251 dedantur.
2564 4195 2874 4252 Secundum
2908 4196 3295 4270 Symmachum
3329 4214 3458 4253 vero
3492 4217 3517 4253 τη

1940 4289 2280 4359 Legislatori,
2322 4288 2583 4358 auferenti
2605 4288 2813 4360 quidem
2838 4291 3083 4358 spiritum
3111 4289 3321 4355 ducum,
3358 4288 3519 4343 terri-

1948 4386 2043 4439 bili
2060 4394 2234 4439 autem
2254 4384 2459 4456 regibus
2484 4394 2656 4441 terrw.

258 4466 431 4529 ὅπως.
504 4465 852 4537 στερηθέντες
900 4468 1096 4535 αὑτοῦ,
1140 4474 1206 4541 τῇ
1262 4472 1607 4544 προσηκούσῃ
1659 4476 1999 4547 παραδοθῶσι
2031 4476 2288 4547 τιμωρίᾳ.
2359 4476 2513 4529 Κατά
2562 4476 2619 4529 δὲ
2669 4475 2762 4529 τὸν
2813 4475 3140 4547 Σύμμαχον,
3200 4474 3281 4540 Τῷ
3336 4464 3520 4544 rapo?

254 4560 429 4629 δότῃ,
461 4561 809 4630 ἀφαιροῦντι
834 4562 951 4631 μὲν
986 4565 1221 4635 πνεῦμα
1248 4566 1576 4636 ἡγεμόνων,
1610 4570 1838 4639 φοϐερῷ
1875 4571 1942 4624 δὲ
1964 4570 2087 4636 τοῖς
2110 4570 2441 4633 ,βασιλεῦσι
2468 4569 2576 4638 τῆς
2613 4567 2726 4639 γῆς

255 4676 370 4729 ΕΙΣ
420 4676 507 4729 T0
553 4677 774 4731 ΤΕΛΟΣ
811 4678 1361 4759 Υῌιέξι-ωιεψγλι,
1401 4686 1691 4740 ΨΑΛΜΟΣ
1745 4689 1832 4759 Τῼ

1946 4690 1988 4743 ι.
2030 4688 2096 4741 IN
2137 4686 2343 4742 FINEM
2383 4686 2517 4741 pno
2557 4686 2867 4759 intritum,
2907 4685 3226 4743 PSALMUS
3260 4686 3507 4746 ASAPH.

863 4750 1057 4803 ΑΣΑψ.
1098 4755 1232 4819 οσν.

331 4855 508 4924 Φωνῆ
539 4874 659 4926 μου
705 4858 854 4928 πρὸς
887 4861 1106 4931 Κύριον
1150 4859 1461 4932 ἐκέκραξα,
1512 4867 1681 4937 φωνῇ
1716 4887 1835 4937 μου

255 4945 411 5015 πρὸς
446 4946 554 5000 τὸν
587 4947 762 5011 Θεὸν,
802 4950 900 5002 καὶ
931 4953 1237 5021 προσέσχε
1258 4973 1378 5023 μοι.
1407 4948 1496 5026 Τῷ
1532 4958 1629 5028 μὲν
1664 4960 1833 5027 Ἀσάφ

256 5037 473 5108 εἴρηται
505 5038 534 5090 ὁ
573 5037 804 5108 ψαλμὸς,
858 5040 1144 5110 ἀνήνεκται
1193 5042 1247 5095 δὲ
1290 5046 1368 5107 εἰς
1413 5046 1697 5115 πρόσωπον
1740 5049 1833 5101 τοῦ

272 5130 524 5200 Ἰδιθοὺμ,
551 5132 688 5203 ὑπὲρ
707 5125 768 5185 οὗ
791 5133 859 5187 τά
888 5135 1234 5207 ἐμφερόμενα
1254 5138 1330 5209 τῷ
1358 5140 1555 5213 ψαλμῴ
1585 5145 1836 5197 συνετάτ-

255 5240 401 5275 τετο.
437 5222 597 5276 Ὅθεν
622 5226 650 5276 ὁ
697 5225 1008 5298 Σύμμαχος,
1052 5230 1154 5282 Διὰ
1198 5231 1473 5302 Ἰδιθοὺμ,
1506 5237 1533 5287 ὁ
1572 5236 1628 5288 δὲ
1676 5237 1836 5290 Ἀκύ-

253 5315 374 5376 λας,
440 5314 569 5369 Ἐπὶ
620 5316 887 5387 Ἰδιθοὺμ,
948 5322 1311 5391 ἡρμήνευσαν.
1366 5326 1475 5379 Καὶ
1530 5326 1624 5380 νῦν
1682 5330 1835 5399 μὲνό

267 5405 468 5475 Ἀσὰφ,
502 5408 627 5471 τοὺς
674 5409 813 5478 μετά
852 5414 1039 5483 χεῖρας
1074 5412 1262 5482 λόγους
1311 5416 1594 5482 συντάξας,
1646 5419 1833 5493 ῶσπερ

252 5495 572 5561 διδάσκαλος
602 5500 815 5571 μαθητῇ
839 5502 1141 5575 ὲμμελετᾷν
1166 5504 1242 5575 τῷ
1278 5506 1508 5579 Ἰδιθοὺμ
1536 5511 1833 5581 παραδέδω-

254 5603 349 5639 κεν
370 5604 383 5617 ⁸
417 5588 450 5657 ἢ
481 5588 665 5662 ὥσπερ
718 5592 899 5663 ἰατρὸς
929 5594 1007 5664 τῷ
1050 5594 1351 5665 θεραπείας-
1382 5598 1616 5671 δεομένῳ
1659 5604 1831 5673 σωτὴ-

333 5745 378 5775 ⁷⁶
416 5743 591 5801 Eccle.
629 5765 681 5813 ν,
719 5750 781 5815 5,
823 5749 869 5804 i.
936 5753 985 5821 ’τι
1030 5750 1171 5807 Psnl.
1207 5769 1359 5821 mx,
1400 5756 1479 5822 li,
1526 5757 1607 5811 13.

2605 4756 2839 4812 LXXVI.

2009 4868 2174 4925 Vens.
2204 4870 2258 4923 2.
2316 4869 2449 4923 Voce
2489 4887 2604 4924 mea
2653 4871 2723 4924 ad
2771 4871 3054 4925 Dominum
3109 4871 3355 4936 clamavi.
3390 4889 3517 4927 voce.

1936 4978 2051 5018 mea
2097 4963 2165 5017 ad
2199 4963 2388 5028 Deum,
2418 4973 2466 5016 et
2507 4964 2728 5018 intendit
2786 4964 2931 5019 milii.
2981 4963 3230 5021 Psalmus
3277 4966 3345 5021 ab
3390 4966 3529 5037 ipso,

1933 5054 2118 5124 Asapli
2147 5055 2327 5110 dictus
2354 5063 2472 5120 εει,
2498 5053 2734 5109 refertur
2766 5066 2942 5111 autem
2979 5057 3044 5113 ad
3072 5071 3361 5127 personam
3393 5056 3504 5112 ldi-

1934 5145 2109 5208 thum.
2132 5162 2231 5216 pro
2262 5162 2370 5217 quo
2385 5161 2449 5201 ea
2478 5162 2599 5215 quae
2625 5147 2678 5200 in
2703 5147 2911 5217 psalmo
2933 5148 3181 5203 feruntur
3204 5149 3507 5219 composita

1942 5246 2091 5293 sunt.
2130 5237 2280 5293 Unde
2334 5236 2725 5309 Symmachus.
2764 5238 2987 5308 Propter
3029 5238 3286 5303 Idithum,
3311 5238 3519 5310 Aquila,

1940 5341 2090 5387 vero,
2122 5325 2291 5394 Super
2323 5325 2561 5381 Idithum
2593 5328 2937 5397 interpretati
2972 5336 3118 5384 sunt.
3142 5328 3209 5381 Et
3239 5327 3350 5396 jam
3392 5327 3507 5396 qui-

1939 5418 2059 5472 dem
2084 5418 2267 5487 Asaph
2291 5418 2392 5475 hos
2417 5434 2697 5475 sermones
2731 5420 2831 5475 abs
2860 5436 2919 5475 se
2936 5419 3114 5475 editos
3136 5417 3293 5488 quasi
3329 5416 3504 5488 magi-

1941 5522 2051 5569 ster
2090 5513 2358 5585 discipulo
2383 5515 2485 5585 ipsi
2527 5513 2771 5569 ldithnm
2804 5514 2868 5569 ad
2896 5513 3261 5569 meditandum
3291 5512 3497 5569 tradit:

1937 5604 2021 5658 vel
2073 5604 2229 5674 quasi
2284 5605 2528 5660 medicus
2580 5607 2628 5660 ei
2668 5605 2761 5675 qui
2812 5605 3017 5661 medela
3073 5610 3212 5675 eget,
3268 5604 3514 5659 salutare

1689 5760 1729 5790 τ’
1770 5757 1910 5812 Psal.
1952 5763 2106 5827 Lxxt‘,
2147 5761 2230 5823 10,
2276 5760 2354 5814 ll.
2433 5761 2477 5793 "
2516 5760 2648 5816 Gcn.
2681 5778 2765 5817 γι.
2797 5760 2849 5814 5.
