4004 6534
237 314 342 375 889

1367 309 1875 371 COMMENTARIA
1906 310 1970 367 IN
2010 312 2355 371 PSALMOS.

3383 312 3500 370 890-

238 424 621 499 ἐπιϐοωμένων
649 424 831 481 αὐτόν.
865 426 929 481 Ei
957 426 1067 501 γάρ
1116 428 1233 499 ἅμα
1292 426 1373 497 τῷ
1403 427 1503 498 τὴν
1548 425 1733 499 φωνὴν
1758 426 2079 499 ἀναπέμψαι
2106 426 2304 497 ᾔσθετο
2346 426 2586 498 ἐπηκόου
2636 425 2802 480 αὐτοῦ
2835 425 3128 499 γενομένου
3168 424 3262 478 τοῦ
3333 424 3497 505 Θεοῦ,

237 520 416 582 αὐτοῖς
438 517 620 589 ἔργοις
646 516 957 571 ἐδιδάσκετο
990 517 1266 590 πανταχοῦ
1297 520 1549 589 παρεῖναι
1568 517 1630 570 τὸ
1685 517 1859 584 Θεῖον,
1902 519 1997 573 καὶ
2055 518 2181 583 τοὺς
2229 518 2330 589 τῆς
2396 518 2661 589 Προνοίας
2715 516 3027 589 ὀφθαλμοὺς
3093 518 3296 587 ἐφορᾷν
3364 516 3496 582 τοὺς

235 608 437 677 ἀξίους.

316 722 479 778 Ἀλλὰ
534 728 629 779 καὶ
678 726 749 781 ἐν
802 726 993 797 ἡμέρα
1048 727 1310 797 migrari»;
1354 745 1501 798 μου,
1526 726 1679 799 φησὶ,
1716 727 1821 781 τὸν

1994 721 2159 779 Vens.
2194 724 2248 779 '5.
2293 721 2399 777 Sed
2427 722 2588 777 etiam
2619 722 2674 775 in
2713 720 2798 775 die
2825 719 3188 775 tribulationis
3227 738 3375 789 meae,
3410 724 3503 781 in-

238 818 386 873 Θεὸν
415 815 744 886 ἐξεζήτησα
773 819 903 885 ταῖς
934 820 1107 888 χερσί
1134 837 1254 889 μου
1281 820 1504 885 νυκτὸς
1539 819 1818 873 ἐναντίον

233 908 443 972 αὑτοῦ,
477 906 575 961 καὶ
622 910 697 963 οὐ
740 909 827 977 μὴ
878 909 1214 978 ἡπατήθην.
1244 911 1354 963 Καὶ
1382 911 1462 963 ὃτι
1498 910 1598 981 μὲν
1627 909 1820 963 πολλαὶ

235 1002 294 1054 αἱ
341 1000 551 1070 θλίψεις
594 1001 702 1055 τῶν
750 1001 976 1056 δικαίων
1027 1001 1253 1073 (ἐπειδὴ
1300 1003 1631 1074 ἅπείραστος
1678 1003 1823 1073 ἀνὴρ

234 1093 539 1164 ἀδόκιμος),
558 1092 826 1157 παντοίως
849 1093 1190 1149 διδάσκουσιν
1222 1096 1269 1147 οί
1293 1094 1424 1148 θεῖοι
1450 1095 1598 1163 λόγοι
1617 1111 1631 1124 ο
1659 1095 1734 1159 ὠς
1763 1095 1820 1148 δὲ

235 1184 545 1255 Θλιόόμενοι
587 1186 870 1257 κρείττους
912 1185 1120 1240 ἐαυτῶν
1146 1186 1442 1255 ἐγίγνοντο,
1467 1186 1693 1258 δοκιμὴν
1720 1186 1820 1257 τῆς

235 1276 446 1330 ἐαυτῶν
469 1277 799 1348 παρέχοντες
825 1278 1127 1349 ὑπομονῆς,
1153 1279 1213 1332 οὐ
1240 1281 1346 1352 μὴν
1374 1280 1725 1351 συγχεόμενοι
1744 1279 1821 1342 ὡς

237 1368 505 1440 εἰλιγγιᾷν
535 1370 627 1423 καὶ
650 1367 1020 1441 θορυϐεῖσθαι,
1049 1370 1293 1425 διδάσκει
1314 1372 1343 1424 6
1366 1371 1556 1437 εἰπὼν,
1574 1373 1670 1424 Ἐν
1695 1372 1823 1426 θλί-

235 1462 340 1527 ¹ψει
372 1459 718 1527 ἐπλάτυνάς
751 1477 848 1530 με,
883 1462 979 1515 καὶ
1017 1464 1046 1516 6
1087 1462 1229 1527 θεῖος
1262 1464 1583 1527 Ἀπόστολος
1609 1462 1817 1532 λέγων·

239 1551 605 1619 θλισόμενοι,
638 1550 776 1605 ἀλλ’
810 1555 882 1607 οὐ
911 1554 1456 1624 στενοχωρούμενοι
1476 1572 1489 1585 ·
1525 1556 1820 1609 καταϐαλ-

235 1641 498 1709 λόμενοι,
523 1643 661 1696 ἀλλ’
677 1645 788 1697 οὐκ
812 1644 1222 1715 ἀπολλύμενοι
1241 1664 1254 1677 ’
1284 1646 1652 1717 διωκόμενοι,
1680 1646 1818 1701 ἀλλ’

235 1730 350 1781 οὐκ
375 1733 959 1801 ἐγκαταλειπόμενοι.
998 1733 1186 1800 Οὕτως
1211 1731 1304 1790 οὖν
1330 1736 1425 1790 καὶ
1456 1736 1692 1791 ἐνταῦθά
1714 1754 1823 1808 φη-

236 1834 327 1873 σιν
346 1833 362 1849 ⁸
396 1822 499 1875 Ἐν
527 1823 717 1892 ἡμέρᾳ
739 1825 999 1893 θλίψεως
1020 1844 1141 1896 μου
1167 1826 1276 1880 τὸν
1299 1828 1449 1882 Θεὸν
1471 1828 1819 1896 ἐξεζήτησα·

230 1912 297 1966 οὐ
325 1912 434 1983 γὰρ
464 1914 771 1968 ἀπέϐλεπον
812 1917 907 1969 ἐπὶ
942 1919 1069 1981 τοὺς
1103 1918 1404 1982 θλίϐοντας,
1437 1920 1548 1973 οὐδ’
1580 1921 1671 1974 ἐπὶ
1697 1923 1822 1986 τοὺς

229 2006 664 2077 ἐπαιρομένους’
698 2009 1040 2080 ἐπιστρέφων
1067 2010 1125 2062 δὲ
1154 2009 1393 2080 ἐμαυτοῦ
1423 2011 1483 2064 τδ
1515 2013 1614 2083 τῆς
1645 2012 1820 2085 ψυχῆς

224 2072 393 2168 ὃμμα
440 2072 582 2168 πρὸς
622 2100 714 2153 τὸν
761 2072 893 2153 Θεὸν
940 2072 1060 2154 κατ’
1092 2072 1256 2155 αὑτὸν
1284 2102 1375 2156 τὸν
1406 2102 1517 2171 τῆς
1854 2072 1896 2131 Β

227 2190 452 2260 καιρὸν,
472 2190 634 2243 αὑτὸν
659 2189 963 2262 ἐξεζήτουν.
983 2191 1239 2262 Ἐζήτουν
1268 2191 1325 2245 δὲ
1357 2194 1519 2247 αύτδν
1544 2197 1664 2258 ταῖς
1699 2212 1824 2266 χερ-

232 2282 291 2335 σί
324 2300 448 2352 μου,
475 2282 854 2354 δεδιδαγμένος
879 2285 1125 2356 ἐπαίρειν
1149 2286 1327 2349 ὁσίους
1356 2290 1544 2357 χεῖρας
1569 2288 1711 2341 κατὰ
1730 2290 1822 2342 τὸν

236 2375 519 2444 φάσκοντα
538 2375 693 2443 λόγον
707 2392 722 2405 ο
744 2376 1043 2444 Βούλομαι
1067 2376 1136 2429 δὲ
1157 2376 1299 2443 τοὺς
1324 2377 1547 2446 ἄνδρας
1570 2380 1825 2447 προσεύ-

234 2468 451 2535 χεσθαι
475 2506 489 2531 ,
543 2466 902 2534 ἐπαίροντας
957 2468 1168 2533 ὁσίους
1224 2468 1448 2537 χεῖρας.
1511 2471 1621 2523 Καὶ
1676 2470 1822 2524 τοῦτ’

238 2556 512 2627 ἔπραττον
541 2556 603 2608 οὺ
629 2556 698 2610 δι’
729 2556 944 2628 ἡμέρας
980 2558 1160 2629 μόνον,
1198 2559 1336 2613 ἀλλὰ
1365 2560 1461 2614 καὶ
1490 2560 1578 2614 διά
1605 2563 1823 2629 νυκτὸς,

235 2648 342 2712 τὰς
368 2648 554 2720 χεῖράς
588 2665 689 2720 μου
719 2649 961 2723 ἐπαίρων
993 2651 1233 2706 ἐναντίον
1272 2651 1461 2717 αὐτοῦ,
1492 2654 1587 2707 καὶ
1616 2652 1703 2707 διὰ
1725 2656 1824 2726 τῆς

238 2741 570 2811 προσευχῆς,
604 2741 697 2794 καὶ⁵
726 2739 813 2795 διὰ
836 2742 945 2795 τῶν
976 2742 1114 2813 πρὸς
1142 2741 1301 2795 αὐτὸν
1329 2742 1520 2813 φωνῶν
1550 2745 1822 2815 ἐπιζητῶν

238 2834 423 2886 αὐτόν.
453 2832 564 2897 Διὸ,
591 2832 765 2887 ταῦτα
812 2834 1088 2905 πράττων,
1123 2836 1245 2888 Οὐκ
1284 2834 1633 2904 eiimmian
1678 2834 1827 2906 εὑρί-

240 2941 404 2978 σκετο
433 2925 541 2996 γάρ
594 2943 682 2997 μοι
724 2925 1085 2997 ζητούμενος·
1123 2927 1202 2979 διὸ
1228 2926 1536 2996 προσέσχε
1570 2945 1694 2996 μοι,
1731 2927 1825 2980 καὶ

234 3017 341 3081 τὰς
370 3016 564 3069 ἑαυτοῦ
589 3015 760 3080 ἀκοὰς
802 3018 926 3088 ἐμοὶ
960 3018 1231 3089 παρέσχεν
1271 3017 1415 3072 Ἀντὶ
1446 3017 1502 3071 δὲ
1540 3018 1656 3082 τοῦ,
1692 3019 1825 3085 Ταῖς

238 3110 416 3178 χερσί
437 3127 556 3179 μου
580 3109 802 3176 νυκτὸς
830 3110 1109 3165 ἐναντιον
1140 3111 1348 3177 αὐτοῦ,
1384 3111 1483 3165 καί
1530 3113 1641 3165 οὐκ
1667 3113 1824 3179 ἠπα-

235 3200 453 3268 τήθην,
481 3203 510 3254 6
538 3202 835 3272 Σύμμαχος
873 3200 1059 3255 τοῦτον
1092 3203 1408 3273 ἡρμήνευσε
1450 3203 1540 3258 τὸν
1584 3204 1784 3274 τρόπον
1807 3221 1825 3235 ο

247 3290 315 3347 Ἠ
342 3290 470 3359 χείρ
510 3307 632 3359 μου
682 3290 903 3356 νυκτὸς
940 3289 1216 3345 ἐκτέτατο
1249 3290 1557 3361 διηνεκῶς.
1607 3293 1825 3365 Ταύτην

1917 814 2059 885 quit,
2086 814 2251 868 Deum
2277 814 2534 885 exquisivi
2558 813 2803 867 manibus
2827 814 2954 867 meis
2978 823 3127 867 nocte
3149 824 3334 869 contra
3356 833 3501 883 eum,

1916 916 1967 960 et
2005 923 2109 959 non
2159 922 2278 961 sum
2317 906 2581 975 deceptus.
2618 903 2774 971 Quod
2811 906 2996 960 multa:
3044 905 3157 961 sint
3200 908 3498 977 proborum

1918 998 2259 1054 calamitates
2290 998 2437 1067 (nam
2485 999 2571 1052 vir
2620 1013 2731 1052 non
2780 1005 3023 1053 tentatus
3058 997 3322 1070 inglorius
3370 1000 3498 1071 est),

1918 1091 2234 1146 omnimode
2274 1090 2472 1145 docent
2510 1089 2707 1144 divinae
2752 1086 3054 1161 Scriptura:
3086 1111 3098 1146 :
3127 1091 3273 1162 quod
3314 1102 3499 1149 autem

1921 1181 1974 1235 in
1996 1182 2257 1237 aerumnis
2279 1182 2543 1252 degentes
2567 1182 2671 1237 sibi
2698 1183 2833 1252 ipsis
2859 1184 3173 1253 superiores
3201 1186 3500 1247 evaserint,

1918 1274 2461 1346 experimentumque
2488 1274 2764 1344 patientiae
2785 1290 2905 1330 suae
2931 1274 3206 1340 dederint,
3242 1292 3353 1330 non
3377 1293 3504 1331 con-

1920 1364 2028 1420 fusi
2058 1364 2131 1419 ita
2165 1372 2225 1419 ut
2257 1365 2526 1434 vertigine
2561 1366 2874 1421 laborarent
2905 1377 2959 1421 et
3005 1369 3381 1434 turbarentur,
3426 1370 3502 1423 ita

1920 1458 2078 1512 docet.
2108 1458 2220 1520 ille,
2263 1455 2331 1511 In
2366 1456 2713 1511 tribulatione
2739 1458 2989 1512 dilatasti
3019 1460 3147 1513 mihi
3167 1459 3246 1528 ης
3282 1459 3503 1516 divinus

1921 1548 2047 1603 item
2080 1550 2378 1620 Apostolus
2410 1549 2524 1604 haec
2561 1551 2748 1615 tradit,
2787 1550 3204 1606 Tribulationem
3242 1553 3499 1623 patimur,

1921 1641 2011 1694 sed
2051 1656 2153 1694 non
2184 1642 2591 1712 angustiamur;
2632 1641 2937 1712 dejicimur,
2971 1643 3062 1697 sed
3098 1659 3199 1697 non
3230 1645 3507 1712 perimus:

1920 1734 2331 1802 persecutionem
2384 1736 2651 1803 patimur,
2700 1733 2791 1790 sed
2838 1752 2943 1790 non
2992 1735 3507 1807 derelinquimur”.

1924 1822 2015 1878 Sic
2046 1825 2216 1895 igitur
2242 1823 2334 1878 hic
2378 1825 2490 1880 ait:
2522 1824 2587 1879 In
2625 1824 2709 1880 die
2763 1824 3121 1880 tribulationis
3168 1843 3297 1881 mea:
3332 1827 3504 1881 Deum

1921 1917 2200 1988 exquisivi.
2261 1914 2380 1972 Non
2426 1917 2571 1972 enim
2635 1917 2703 1972 ad
2742 1918 3151 1974 tribulationem
3181 1919 3503 1987 inferentes,

1923 2023 2034 2064 non
2064 2007 2132 2062 ad
2167 2008 2410 2063 tumidos
2448 2008 2572 2064 illos
2602 2009 2993 2078 respiciebam;
3027 2011 3120 2066 sed
3151 2012 3313 2066 oculo
3345 2027 3505 2066 men-

1925 2094 1998 2154 tis
2028 2114 2161 2155 meae
2207 2100 2275 2154 ad
2310 2098 2480 2155 Deum
2534 2099 2892 2155 tribulationis
2941 2107 3181 2172 tempore
3211 2116 3500 2166 converso,

1924 2190 2103 2261 ipsum
2139 2191 2518 2263 exquirebam.
2560 2190 2815 2248 Manibus
2849 2208 2979 2248 vero
3017 2194 3155 2248 meis
3189 2195 3503 2264 qumrebam

1922 2298 2071 2345 eun,
2103 2283 2389 2339 institutus
2422 2283 2488 2338 ad
2520 2283 2780 2338 levandas
2826 2291 3045 2340 sanctas
3074 2300 3271 2340 manus
3306 2300 3507 2339 secun-

1924 2374 2053 2427 dum
2085 2374 2305 2429 eﬂatum
2338 2374 2470 2429 illud
2497 2394 2509 2429 :
2547 2373 2675 2429 Volo
2699 2386 2874 2429 autem
2903 2378 3041 2430 viros
3070 2393 3245 2444 orare,
3276 2376 3505 2432 levantes

1923 2476 2136 2521 sanctas
2178 2482 2367 2521 manus
2390 2467 2457 2522 ⁷⁷.
2484 2466 2652 2538 idque
2690 2480 2799 2521 non
2843 2466 2931 2523 die
2967 2468 3167 2532 solum,
3208 2467 3302 2524 sed
3339 2469 3504 2523 eliam

1923 2566 2084 2613 nocte
2127 2573 2324 2614 manus
2367 2573 2522 2615 meas
2572 2567 2767 2617 contra
2807 2575 2931 2614 eum
2966 2560 3279 2631 erigebam;
3332 2562 3405 2614 ita
3450 2570 3513 2615 ut

1923 2642 2035 2705 tam~
2063 2652 2315 2707 oratione
2339 2668 2502 2723 quam
2545 2653 2776 2710 vocibus
2800 2653 3022 2709 emissis
3055 2654 3205 2707 illum
3251 2654 3510 2723 exquire-

1924 2757 2061 2797 rem.
2120 2742 2465 2815 Quapropter
2502 2744 2617 2800 hznc
2670 2760 2838 2815 agens
2891 2762 2996 2799 non
3045 2763 3162 2799 sum
3211 2746 3454 2813 deceptus
3489 2760 3509 2797 :

1925 2849 2051 2889 nam
2079 2837 2416 2906 perquisilus
2448 2836 2539 2890 ille
2571 2837 2827 2891 inventus
2860 2852 2889 2890 a
2920 2852 3005 2890 me
3032 2836 3154 2899 fuit,
3197 2846 3246 2890 et
3281 2836 3508 2889 intendit

1927 2928 2077 2991 mihi,
2110 2941 2381 2997 auresque
2415 2928 2549 2981 mihi
2582 2927 2831 2997 praebuit.
2865 2929 2972 2981 Pro
3009 2927 3101 2981 illo
3131 2934 3336 2992 autem,
3382 2926 3505 2979 Ila-

1927 3017 2080 3071 nibus
2112 3018 2240 3070 meis
2271 3029 2421 3070 nocte
2449 3027 2636 3071 contra
2674 3034 2813 3081 eum,
2856 3026 2905 3070 et
2956 3032 3059 3071 non
3094 3033 3210 3071 sum
3234 3018 3504 3086 deceptus,

1929 3107 2291 3180 Symmachus
2336 3108 2440 3163 hoc
2485 3108 2650 3165 modo
2697 3110 3088 3181 interpretatus
3139 3116 3260 3176 est,
3314 3109 3507 3163 Manus

1927 3217 2044 3255 mea
2073 3210 2224 3255 nocte
2247 3210 2463 3255 extensa
2501 3211 2617 3254 erat
2655 3202 2888 3257 assidue.
2926 3201 3077 3257 lianc
3111 3201 3297 3273 itaque
3336 3202 3509 3255 maxi-

1927 3310 2072 3349 mam
2108 3302 2161 3350 et
2185 3295 2357 3349 solam
2393 3302 2590 3350 nactus
2620 3309 2740 3349 sum
2777 3294 3234 3350 consolationem.
3268 3291 3376 3348 Seu
3400 3292 3509 3347 alio

236 3382 340 3454 μὲν
370 3378 464 3436 οὖν
493 3379 639 3453 εἶχον
668 3382 930 3455 μεγίστην
963 3382 1058 3436 καὶ
1101 3383 1270 3454 μόνην
1315 3384 1825 3457 παραμυθίαν.Ἀλ-

1931 3387 2115 3450 modo,
2149 3386 2461 3443 alllictionis
2493 3403 2627 3443 mea:
2652 3398 2894 3458 tempore
2931 3387 3205 3441 neminem
3234 3402 3301 3442 ex
3332 3385 3511 3440 homi-

231 3475 346 3539 λως
378 3473 456 3539 δὲ,
483 3475 694 3540 οὐδενὸς
719 3475 1017 3548 ἠνειχόμην
1059 3475 1392 3549 παρακαλεῖν
1436 3495 1502 3548 με
1541 3477 1636 3534 καὶ
1663 3479 1823 3551 θερα-

233 3566 429 3621 πεύειν
478 3566 754 3629 ἐθέλοντος
803 3566 1091 3638 ἀνθρώπου
1123 3569 1181 3620 ἐν
1208 3567 1285 3639 τῷ
1321 3569 1421 3639 τῆς
1452 3568 1683 3639 θλίψεως
1720 3587 1821 3640 μου

233 3657 433 3729 καιρῷ.
465 3657 557 3711 Διό
585 3657 825 3727 ἐπιλέγει
845 3676 858 3689 ο
901 3656 1273 3727 Ἄπηνήνατο
1300 3659 1753 3730 παρακληθῆναι
1781 3662 1820 3729 ὴ

232 3748 411 3819 ψυχή
441 3769 561 3820 μου
585 3766 600 3782 ⁸
641 3751 675 3822 ἢ
709 3752 849 3806 κατὰ
899 3750 990 3804 τὸν
1035 3749 1351 3822 Σύμμαχον,
1384 3756 1505 3807 Οὐκ
1557 3753 1825 3810 ἐπείθετο

232 3841 700 3911 παρηγορεῖσθαι
744 3845 783 3910 νὴ
823 3842 995 3913 ψυχή
1024 3858 1176 3912 μου·
1209 3842 1325 3896 ἀλλ’
1361 3843 1671 3914 ἀνθρώποις
1727 3846 1825 3916 μέν

232 3936 339 3989 οὐκ
363 3935 683 4007 ἐπειθόμην,
714 3938 824 4000 τοῖς
854 3936 1028 3999 ἄλλως
1060 3954 1127 4006 με
1156 3938 1495 4008 παρηγορεῖν
1526 3937 1620 3990 καὶ
1646 3953 1824 4007 παρα-

232 4026 423 4081 καλεῖν
442 4045 456 4058 ·
498 4010 812 4096 ἐμνήσθην
854 4026 910 4080 δὲ
958 4029 1067 4083 τοῦ
1114 4028 1261 4083 Θεοῦ
1301 4029 1397 4082 καὶ
1433 4028 1788 4097 ηὐφράνθην
1807 4045 1821 4060 ο

234 4118 483 4189 ἀπήρκει
511 4119 618 4190 γάρ
655 4136 744 4190 μοι
787 4121 819 4190 ἠ
858 4117 951 4173 τοῦ
978 4118 1113 4173 Θεοῦ
1158 4121 1347 4191 μνήμη
1389 4121 1524 4192 πρὸς
1564 4120 1828 4195 εὐφροσύ-

231 4227 369 4282 νην·
400 4209 537 4264 ἀλλὰ
567 4210 663 4265 καὶ
689 4210 1103 4281 ἠδολέσχησα,
1132 4213 1287 4283 φησὶ,
1319 4212 1415 4267 καὶ
1444 4213 1827 4283 ὠλιγοψύχη-

232 4318 354 4358 a’a'
389 4302 506 4356 ἀνθ’
537 4297 596 4357 οὗ
637 4305 665 4356 6
707 4301 1000 4374 Σύμμαχος
1028 4306 1363 4376 ἡρμήνευσε,
1400 4303 1731 4359 Διελάλουν
1755 4305 1827 4359 ἐν

232 4393 471 4467 ἐμαυτῷ
520 4395 616 4449 καὶ
660 4395 1244 4465 ἐλειποθύμουν.”οτι
1281 4396 1398 4467 μὲν,
1428 4396 1580 4465 φησὶ,
1607 4393 1827 4465 ἐμαυτῷ

233 4486 534 4554 διελάλουν,
569 4487 996 4560 ἐλειποθύμουν·
1045 4489 1139 4542 καὶ
1184 4489 1272 4542 ὅτε
1326 4488 1648 4558 ἠδολέσχουν
1696 4489 1826 4558 παρ’

234 4577 484 4649 ἐμαυτῷ,
518 4577 821 4649 τηνικαῦτα
855 4578 1180 4649 ὠλιγοψύχει
1217 4578 1276 4633 τὸ
1308 4576 1528 4649 πνεῦμά
1556 4596 1658 4650 μου
1680 4593 1693 4607 ·
1734 4579 1825 4632 ὅτε

232 4669 290 4724 δὲ
319 4669 810 4741 ἀνεμιμνησκόμην
847 4670 941 4723 τοῦ
991 4669 1147 4733 Θεοῦ,
1182 4670 1522 4741 εὐφροσύνης
1558 4668 1826 4741 ἐπληρού-

1928 3479 2090 3533 nibus
2126 3477 2477 3533 admittebam
2511 3478 2601 3549 qui
2636 3478 2796 3533 vellet
2842 3494 2927 3533 me
2956 3477 3251 3539 consolari,
3299 3491 3361 3531 ac
3390 3490 3508 3532 me-

1923 3568 2039 3623 deri
2080 3568 2255 3622 dolori
2286 3583 2429 3623 meo.
2458 3567 2639 3635 Quare
2666 3568 2851 3623 subdit
2879 3587 2890 3622 :
2920 3598 2989 3607 ——
3018 3566 3185 3623 Vens.
3216 3566 3272 3621 4.
3318 3566 3509 3620 Renuit

1924 3659 2192 3715 consolari
2216 3661 2396 3714 anima
2428 3661 2731 3725 mea;sive,
2763 3659 3062 3716 secundum
3094 3658 3505 3728 Symmachum,

1928 3750 2052 3806 Non
2095 3752 2513 3821 persuadebatur
2546 3752 2960 3806 consolationem
3006 3750 3282 3805 admittere
3326 3754 3509 3805 anima

1926 3860 2081 3908 mea;
2130 3844 2225 3899 sed
2264 3843 2580 3899 hominibus
2621 3843 2839 3914 quidem
2885 3842 3157 3898 consolari
3206 3849 3260 3896 et
3297 3841 3515 3895 hortari

1924 3936 2238 3992 volentibus
2276 3952 2386 3991 non
2430 3936 2910 4007 obtemperabam;
2958 3950 3148 3990 verum
3197 3950 3395 3988 memor
3429 3934 3511 4003 [ui

1929 4030 2025 4084 Dei
2053 4038 2102 4084 et
2132 4028 2422 4083 delectatus
2470 4043 2632 4082 sum:
2663 4042 2788 4081 nam
2830 4026 2924 4082 Dei
2958 4027 3219 4083 memoria
3272 4027 3340 4081 ad
3376 4026 3521 4081 laeti--

1926 4121 2058 4175 tiam
2104 4121 2237 4175 mihi
2291 4122 2427 4177 satis
2466 4127 2618 4187 erat;
2663 4119 2794 4190 quin
2828 4118 2989 4174 etiam
3036 4118 3131 4179 ait,
3186 4118 3521 4172 exercitatus.

1927 4202 2067 4276 sum,
2102 4223 2151 4267 et
2186 4211 2377 4281 defecit
2412 4212 2630 4280 spiritus
2671 4226 2849 4274 meus;
2879 4225 2975 4280 pro
3005 4224 3114 4280 quo
3145 4208 3514 4281 Symmachus-

1928 4305 2321 4377 interpretatus
2351 4314 2457 4369 est,
2487 4303 2766 4375 Loquebar
2796 4304 2847 4357 in
2896 4303 3094 4371 meipso
3122 4311 3170 4354 et
3210 4301 3395 4382 animo
3418 4301 3510 4354 de-

1929 4398 2192 4467 ﬁciebam.
2253 4398 2560 4466 Quoniam,
2622 4399 2820 4470 inquit.
2884 4399 3147 4469 loquebar
3185 4396 3317 4450 mihi
3369 4396 3510 4467 ipsi,

1929 4489 2113 4541 animo
2163 4487 2483 4543 deﬁciebam
2512 4508 2524 4543 :
2556 4498 2607 4543 et
2647 4504 2772 4542 cum
2817 4491 3154 4543 exercitarer
3200 4487 3341 4556 apud
3389 4502 3511 4541 me-

1928 4581 2130 4650 ipsum,
2179 4588 2312 4634 tunc
2357 4579 2649 4635 deficiebat
2695 4579 2923 4649 spiritus
2960 4594 3150 4642 meus;
3201 4594 3326 4631 cum
3379 4592 3521 4631 vero

1930 4670 2026 4728 Dei
2073 4672 2417 4737 recordarer,
2455 4672 2640 4727 laetitia
2684 4672 2975 4743 replebar;
3030 4669 3125 4726 sed
3181 4670 3342 4724 etiam
3382 4685 3507 4724 cum

238 4778 383 4835 μην·
414 4762 551 4816 ἀλλὰ
576 4764 669 4817 καὶ
698 4762 877 4833 ζητῶν
906 4762 1067 4818 αὐτὸν
1089 4765 1211 4827 ταῖς
1257 4764 1412 4834 χερσί
1462 4780 1563 4834 μου
1613 4762 1825 4827 νυκτδς,

1932 4778 2056 4817 eum
2088 4762 2341 4818 manibus
2368 4763 2506 4818 meis
2536 4769 2701 4817 noctu
2729 4762 3098 4833 exquirerem,
3141 4776 3248 4815 non
3282 4762 3509 4816 aberra-

234 4857 336 4910 ουκ
370 4853 711 4925 ήπατώμην·
747 4855 1000 4929 εὕρισκον
1026 4855 1134 4924 γὰρ
1178 4855 1366 4927 ὥσπερ
1409 4854 1635 4927 πλησίον
1688 4872 1831 4928 παρ-

235 4946 454 5001 ιστῶτά
491 4964 601 5017 μοι,
637 4947 731 5000 καὶ
756 4947 855 5018 τῆς
888 4947 1071 5017 φωνῆς
1093 4964 1194 5018 μου
1220 4948 1453 5019 ἐπήκοον
1484 4948 1824 5019 γιγνόμενον.

305 5038 836 5108 Προκατελάϐοντο
885 5038 1165 5108 φυλακὰς
1216 5041 1271 5092 οἱ
1330 5038 1628 5108 ὀφθαλμοί
1682 5056 1825 5108 μου,

233 5127 597 5198 ἐταράχθην,
628 5129 724 5183 καὶ
782 5129 894 5182 οὐκ
951 5126 1250 5193 ἐλάλησα.
1300 5127 1362 5181 0i
1416 5125 1686 5190 θλίϐοντές
1736 5144 1828 5197 με,

237 5223 395 5293 (ρησὶ,
420 5220 671 5292 λογισμοὶ
695 5219 927 5274 τοιοῦτοι
951 5214 1117 5291 ἦσαν.
1132 5217 1350 5290 Ἐπειδὴ
1382 5218 1491 5289 γὰρ
1523 5216 1710 5290 ἐώρων
1729 5217 1827 5289 τὴν

235 5313 513 5385 ἀποϐολὴν
566 5312 661 5367 τοῦ
707 5312 857 5377 λαοῦ,
883 5312 949 5384 ἢν
997 5312 1290 5366 ἐθέσπισαν
1338 5312 1391 5365 oi
1438 5310 1830 5383 προλεχθέντες

237 5407 573 5479 προφητικόί
601 5406 769 5476 λόγοι,
788 5404 1047 5477 ἐθορυδού
1056 5421 1163 5476 μην
1196 5405 1437 5468 εἰκότως,
1464 5404 1558 5457 καὶ
1585 5403 1826 5458 ἐνενόουν

239 5498 377 5569 πρὸς
428 5497 663 5568 ἐμαυτὸν
708 5497 756 5550 εί
799 5496 1167 5566 ἀθεράπευτον
1208 5496 1390 5558 αὐτοῖς
1437 5494 1589 5549 ἔσται
1632 5495 1693 5548 τὸ
1726 5512 1826 5548 κα-

240 5590 359 5645 κόν.
387 5590 462 5643 Τὸ
494 5590 591 5661 μὲν
613 5589 722 5660 γὰρ
753 5587 1125 5660 amomum:
1150 5588 1347 5651 αὐτοὺς
1374 5585 1550 5659 καιρῷ
1594 5603 1697 5640 τινι
1732 5587 1825 5640 καὶ

316 5748 363 5780 ’⁵
407 5745 551 5803 Psal.
582 5762 655 5813 ιν,
686 5745 744 5801 ‘2.
821 5744 927 5803 "ll
958 5744 1082 5804 Cor.
1125 5762 1198 5815 tv,
1233 5744 1290 5813 8,
1321 5744 1374 5800 9.
1452 5742 1539 5800 "l
1574 5742 1716 5800 Tim.
1752 5758 1829 5813 ιι,
1866 5742 1920 5800 8.

1932 4851 2055 4906 bam
2083 4870 2096 4905 :
2134 4867 2257 4905 nam
2285 4851 2463 4922 ipsum
2490 4866 2591 4906 ceu
2617 4849 2881 4916 vicinum,
2920 4857 3243 4920 praesentem
3270 4847 3424 4913 mihi,
3455 4857 3519 4903 et

1928 4943 2050 4997 voci
2081 4957 2215 4997 meae.
2247 4943 2539 5014 propitium
2564 4940 3055 5012 deprehendebam.

1999 5034 2167 5091 Vens.
2206 5034 2259 5091 5.
2300 5036 2732 5105 Anticipaverunt
2764 5035 2970 5105 vigilias
3001 5033 3139 5088 oculi
3166 5031 3285 5096 mei,
3323 5030 3519 5084 turba--

1929 5135 2013 5181 tus
2040 5144 2158 5181 sum
2178 5136 2227 5183 et
2252 5145 2355 5183 non
2380 5145 2497 5181 sum
2540 5128 2766 5183 locutus.
2800 5128 3180 5198 Cogitationes
3221 5140 3343 5195 qua:
3374 5122 3523 5178 mihi.

1930 5220 2276 5276 alllictionem
2305 5222 2591 5301 pariebant
2626 5222 2761 5277 tales
2797 5227 2974 5276 erant.
3006 5218 3147 5287 Quia
3188 5220 3334 5273 enim
3359 5216 3521 5286 abje‘

1930 5316 2168 5369 ctionem
2199 5315 2407 5385 populi,
2442 5330 2607 5385 quam
2642 5313 2929 5368 memorati
2959 5309 3265 5382 prophetici
3302 5319 3513 5362 sermo-

1931 5421 2032 5461 nes
2084 5405 2365 5460 vaticinati
2392 5415 2539 5471 sunt,
2588 5404 3012 5475 prospiciebam,
3050 5401 3175 5471 jure
3216 5395 3514 5460 turbabar,

1933 5512 2258 5569 mecumque
2312 5498 2673 5569 reputabant,
2743 5512 2872 5552 num
2931 5496 3176 5564 ipsorum
3227 5488 3525 5545 calamitas.

1933 5588 2052 5645 sine
2084 5588 2324 5646 remedio
2374 5588 2560 5647 futura
2605 5588 2696 5645 sit.
2742 5584 3049 5659 Namquod
3079 5594 3327 5643 tempore
3371 5592 3517 5651 (μοι
