4004 6518
573 306 675 362 891
1325 308 1593 366 EUSEBII
1633 312 2114 370 CJESARIENSIS
2147 313 2296 372 OPP.
2330 315 2511 371 PARS
2544 315 2631 372 lll.
2667 347 2737 356 —
2775 312 3178 372 EXEGETICA.
3709 313 3814 370 893

574 419 700 475 dam
735 413 1047 487 abiiciendi,
1091 423 1146 473 ct
1186 419 1333 488 quod
1374 421 1429 476 in
1457 422 1614 479 linem
1651 425 1882 496 idipsum
1920 427 2138 497 passuri

2249 429 2324 490 εἰς
2363 428 2516 492 τέλος
2546 428 2740 491 αὐτοὺς
2770 427 2927 481 τοῦτο
2957 426 3148 480 παθεῖν
3178 425 3463 478 ἐπίστευον
3495 427 3559 496 τῇ
3597 442 3812 499 προφη-

573 519 780 574 essent,
813 509 869 564 id
918 524 1052 565 sane
1096 510 1386 566 credebam
1424 513 1810 585 obtemperans
1848 517 2142 588 pr0phetia:

2249 518 2356 588 τείᾳ.
2396 517 2660 590 λεγούσῃ·
2707 518 2900 580 Ἰνατί,
2949 521 2982 571 ό
3027 517 3191 582 Θεὸς,
3224 517 3444 571 ἀπώσω
3487 518 3575 583 είς
3613 516 3812 585 τέλος,

575 600 778 656 dicenti
818 619 830 655 ε
869 599 1092 671 thuid,
1153 601 1316 667 Deus,
1366 609 1607 672 repulisti
1653 609 1707 662 in
1742 611 1924 678 ﬁnem,
1972 612 2141 666 iratus

575 701 653 746 est
682 693 835 761 {uror
878 701 999 746 tuus
1033 708 1187 762 super
1218 711 1332 749 oves
1365 711 1574 765 pascuw
1600 708 1702 753 tua:
1723 701 1809 753 7"?
1835 717 1897 755 ac
1929 701 1982 755 in
2025 719 2142 757 tne-

575 783 698 854 ipso
731 783 931 840 dubius
963 785 1252 853 merebam,
1289 789 1476 844 isthzec
1517 792 1801 848 revolvens
1833 810 1848 847 :
1891 792 2142 863 Nunquid

575 877 630 928 in
667 885 919 928 azternum
963 879 1198 947 proficiet
1250 880 1524 945 Dominus,
1559 893 1651 936 aut
1697 901 1798 938 non
1835 895 2057 952 apponet
2088 894 2146 937 ut

576 970 900 1036 complaceat
929 969 1138 1028 adhuc?
1171 981 1224 1027 et
1261 961 1477 1028 cetera.
1519 974 1645 1030 Haec
1683 977 1930 1045 cogitans
1967 978 2146 1031 turba-

574 1056 712 1126 bar;
747 1061 839 1115 sed
872 1061 924 1114 in
959 1064 1276 1118 memoriam
1311 1065 1619 1134 repetebam
1646 1066 1763 1122 dies
1793 1068 2063 1140 antiquos,
2092 1076 2146 1123 et

575 1160 752 1203 annos
791 1159 1026 1204 aeternos
1057 1166 1122 1204 ex
1147 1154 1317 1205 veteri
1364 1153 1646 1221 Scriptura
1683 1168 1891 1208 mecum
1925 1162 2145 1223 reputa-

574 1234 728 1302 bam,
761 1239 980 1308 quoties
1010 1241 1261 1295 videlicet
1287 1257 1410 1295 cum
1445 1242 1592 1311 ipsos
1614 1243 1820 1313 peccati
1851 1258 2017 1299 causa
2046 1245 2145 1298 ab-

569 1326 816 1395 iecisset,
845 1330 1062 1384 reduxit
1098 1339 1312 1399 tamen;
1346 1344 1397 1386 et
1435 1349 1556 1386 cum
1589 1335 1753 1404 impie
1794 1346 2016 1405 agentes
2044 1337 2144 1390 ho-

574 1419 757 1474 stibus
798 1421 1139 1488 tradidisset,
1197 1424 1394 1478 iterum
1447 1426 1670 1495 recepit.
1715 1425 1826 1480 Cur
1857 1442 1985 1496 ergo
2022 1442 2146 1481 cum

573 1512 704 1566 olim
741 1521 864 1584 post
908 1516 1091 1585 gravia
1133 1517 1339 1571 scelera
1371 1525 1650 1572 revocaret
1682 1534 1799 1581 eos,
1835 1533 2010 1588 neque
2055 1534 2145 1573 re-

573 1604 802 1672 pelleret
852 1606 906 1660 in
952 1606 1113 1661 ﬁnem
1168 1623 1268 1662 nec
1323 1608 1670 1662 abscinderet
1717 1609 2145 1664 misericordiam

575 1712 767 1765 suam;
808 1698 945 1753 nihil
971 1700 1080 1756 tale
1107 1701 1220 1771 jam
1249 1701 1432 1766 faciet,
1481 1712 1534 1759 et
1567 1705 1920 1763 humanitatis
1958 1707 2147 1777 pristi-

2242 608 2504 678 ὠργίσθη
2556 612 2589 662 ό
2638 609 2823 678 θυμός
2866 622 2981 662 σου
3013 608 3110 661 ἐπὶ
3142 609 3404 677 πρόϐατα
3429 608 3621 677 νομῆς
3662 625 3815 676 σονς

2241 701 2540 771 ὲνηπόρουν
2578 699 2634 753 δὲ
2663 701 2799 771 πρὸς
2830 700 3064 771 ἐμαυτὸν
3087 699 3460 770 διανοούμενος
3484 700 3691 754 ταῦτα·
3721 703 3816 770 Μὴ

2240 794 2327 858 είς
2346 792 2486 858 τοὺς
2502 791 2719 858 αἰῶνας
2742 790 3039 846 ἀπώσεται
3063 794 3296 860 Κύριος,
3314 792 3352 860 ἦ
3387 794 3457 846 οὐ
3482 793 3816 861 προσθήσει

2241 884 2348 938 τοῦ
2378 882 2701 951 εὐδοκῆσαι
2729 884 2847 946 En;
2873 883 2967 936 καὶ
2990 883 3055 936 τὰ
3089 883 3233 952 ἑξῆς.
3264 883 3448 938 Ταῦτα
3471 883 3818 955 λογιζόμενος

2244 975 2617 1045 ἐταραττόμην
2638 992 2651 1004 ·
2690 974 2807 1027 ἀλλ’
2831 974 3024 1046 ἔφερόν
3061 991 3118 1028 τε
3141 977 3206 1044 τῇ
3235 975 3423 1047 μνήμῃ
3452 975 3551 1038 τὰς
3582 975 3817 1038 παλαιὰς

2245 1065 2456 1136 ἡμέρας
2477 1065 2570 1118 καὶ
2597 1065 2666 1117 τὰ
2683 1065 2741 1130 ἐξ
2764 1064 2958 1127 αίῶνος
2983 1064 3077 1136 ἐτη
3103 1065 3210 1117 ἀπὸ
3236 1064 3344 1116 τῶν
3370 1064 3617 1117 παλαιῶν
3641 1065 3816 1136 Γραμ-

2249 1157 2432 1227 μάτων
2465 1157 2878 1226 ἀναλεγόμενος,
2913 1157 3099 1220 ὁσάκις
3148 1156 3574 1226 ἁμαρτήσαντας
3620 1156 3814 1219 absab;

2245 1246 2552 1310 ἀποϐαλὼν,
2584 1248 2948 1318 ἐπανήγαγεν,
2976 1248 3066 1300 καὶ
3089 1246 3365 1316 πολεμίοις
3391 1245 3664 1317 παραδοὺς
3689 1246 3813 1298 do:-

2247 1337 2492 1401 ϐοῦντας,
2529 1335 2684 1403 αὖθις
2714 1340 3070 1410 ἀνεκτήσατο.
3094 1339 3158 1392 Τί
3186 1333 3277 1392 οὖν
3301 1337 3468 1392 πάλαι
3491 1338 3592 1408 μὲν
3623 1338 3814 1401 absab;

2247 1430 2341 1482 καὶ
2379 1431 2516 1500 μετὰ
2546 1430 2724 1494 δεινὰς
2753 1431 2857 1502 πλη
2867 1430 3134 1500 μμηλείας
3162 1431 3493 1494 ἀνεκαλεῖτο,
3530 1431 3608 1500 μὴ
3632 1433 3712 1492 εἰς
3735 1430 3817 1482 τέ-

2245 1520 2334 1583 λος
2368 1521 2770 1592 ἀπωθούμενος,
2805 1521 2938 1592 μηδὲ
2980 1522 3302 1574 ἀποκόπτων
3334 1522 3395 1575 τὸ
3423 1522 3574 1585 ἕλεος
3618 1520 3779 1574 αὑτοῦ
3799 1535 3812 1548 ’

2247 1608 2341 1662 νῦν
2367 1610 2422 1663 δὲ
2454 1610 2603 1664 οὐδὲν
2625 1611 2829 1664 τούτων
2856 1612 3090 1682 ποιήσει,
3115 1611 3282 1682 λήθην
3305 1611 3360 1665 δὲ
3389 1610 3499 1677 ἕξει
3530 1611 3633 1680 τῆς
3659 1608 3812 1663 αὐτοῦ

2247 1699 2652 1772 φιλανθρωπίας
2685 1702 2778 1754 καὶ
2814 1702 3128 1772 ἐπιλήσεται
3160 1700 3251 1754 τοῦ
3285 1701 3628 1772 οίκτειρῆσαι
3660 1703 3688 1754 ὁ
3721 1718 3816 1770 μα-

575 1804 659 1841 na:
706 1788 1206 1861 misericordiaque
1251 1793 1632 1858 obliviscetur,
1685 1797 1778 1866 qui
1827 1776 2040 1867 patiens
2091 1804 2146 1852 et

2249 1789 2515 1861 κρόθυμος
2549 1791 2641 1843 καὶ
2681 1790 2962 1854 πολυέλεος
3009 1791 3104 1844 καὶ
3153 1790 3580 1862 φιλοικτίρμων;
3633 1789 3816 1843 Ταῦτα

575 1880 759 1934 multa:
797 1881 1204 1947 misericordias,
1254 1891 1308 1939 et
1356 1885 1766 1942 miserationum
1809 1903 2001 1943 amans
2028 1889 2149 1943 est?

575 1969 702 2026 llaec
736 1981 894 2028 nocte
939 1990 1148 2030 mecum
1185 1977 1526 2046 reputabam,
1561 1987 1615 2033 et
1665 1979 1953 2048 scopebam
1986 1979 2148 2050 spiri-

576 2067 693 2113 tum
719 2076 920 2126 meum,
951 2079 1101 2120 meas
1131 2065 1343 2120 scilicet
1366 2068 1726 2137 cogitationes
1748 2069 2066 2124 examinans
2097 2078 2151 2123 ct

575 2152 894 2220 explorans,
945 2155 1376 2226 discernensque
1425 2159 1702 2228 spiritum.
1749 2177 1876 2215 num
1912 2161 2041 2231 quid
2081 2161 2148 2215 ad

577 2241 870 2299 dubiorum
922 2247 1249 2302 solutionem
1298 2249 1615 2318 subjiceret.
1662 2249 1767 2304 Pro
1816 2253 1908 2306 illo
1943 2262 2145 2318 autem,

578 2336 996 2403 anticipaverunt
1022 2339 1229 2408 vigilias
1254 2342 1392 2393 oculi
1423 2342 1545 2405 mei,
1577 2342 1958 2412 Symmachus,
1989 2345 2150 2413 impe-

577 2427 812 2493 diebant,
844 2432 1043 2500 inquit,
1085 2449 1297 2487 sursum
1337 2435 1566 2501 aspicere
1609 2437 1745 2489 oculi
1795 2437 1914 2490 mei.
1968 2437 2025 2491 In
2065 2454 2151 2494 me

577 2535 816 2591 namque
852 2529 930 2574 tot
959 2525 1318 2591 cogitationes
1347 2529 1610 2598 colligens
1639 2527 1992 2582 occludebam
2015 2546 2150 2585 ocnu

579 2611 664 2668 los
703 2628 876 2678 meos,
922 2621 979 2667 ut
1026 2632 1095 2670 ne
1129 2616 1182 2670 in
1232 2620 1514 2687 sensibilia
1556 2619 1858 2690 impingens
1893 2635 1922 2673 a
1954 2637 2152 2693 propo-

581 2704 688 2759 sito
718 2706 1038 2762 abducerer.
1075 2707 1292 2765 Clausis
1343 2712 1525 2781 itaque
1572 2714 1818 2782 corporis
1850 2713 2048 2777 oculis,
2097 2713 2150 2767 in

579 2798 792 2869 meipso
833 2799 1034 2855 dubius
1073 2800 1364 2865 haerebam,
1408 2819 1516 2857 non
1566 2819 1698 2859 voce
1743 2805 1994 2874 loquens,
2040 2821 2150 2860 non

581 2889 747 2942 alium
809 2893 1176 2961 compellans,
1241 2895 1336 2950 sed
1393 2895 1509 2966 ipse
1562 2913 1772 2952 mecum
1824 2901 2147 2970 cogitabam.

579 2979 760 3044 Quare
798 2997 896 3052 pro
929 2982 1046 3046 illo,
1091 2983 1360 3039 Turbatus
1391 3004 1528 3052 sum,
1564 2998 1612 3041 et
1644 3005 1747 3042 non
1778 3006 1896 3043 sum
1923 2991 2147 3054 locutus,

2253 1879 2442 1942 νυκτὸς
2485 1879 2620 1951 πρὸς
2665 1879 2894 1950 ἐμαυτὸν
2938 1879 3331 1952 διελογιζόμην,
3365 1880 3459 1933 καὶ
3490 1881 3552 1932 τὸ
3604 1877 3818 1948 πνεῦμα

2252 1987 2354 2040 μου
2397 1971 2678 2034 ἔσκαλλον,
2704 1971 2990 2043 διερευνῶν
3023 1973 3116 2025 καὶ
3145 1971 3444 2041 βασανίζων
3485 1972 3616 2033 τοὺς
3649 1973 3816 2040 ἐμαυο

2249 2061 2342 2114 τοῦ
2387 2063 2696 2133 λογισμοὺς,
2732 2063 3036 2136 ἀνακρίνων
3086 2080 3144 2116 τε
3176 2062 3237 2116 τὸ
3267 2061 3501 2133 πνεῦμα,
3532 2063 3590 2115 εἴ
3617 2080 3671 2115 τι
3720 2064 3818 2132 ἄρα

2251 2153 2508 2207 ὑποδάλοι
2551 2155 2686 2225 πρὸς
2725 2153 3021 2225 θεραπείαν
3050 2155 3155 2208 τῶν
3188 2155 3570 2226 ἠπορημένων.
3591 2155 3738 2206 Ἀντὶ
3765 2155 3818 2206 δὲ

2251 2246 2364 2308 τοῦ,
2394 2245 2911 2314 Προκατελάὄοντο
2941 2247 3216 2316 φυλακὰς
3257 2249 3310 2300 οἱ
3342 2247 3643 2314 ὀφθαλμοί
3681 2264 3814 2314 μου,

2249 2341 2277 2391 ό
2319 2337 2631 2410 Σύμμαχος,
2649 2339 2965 2400 Ἐκώλυον,
3014 2339 3166 2408 φησὶ,
3211 2339 3319 2406 τὰς
3363 2338 3730 2407 ἀντιϐλέψεις
3766 2341 3817 2393 ol

2252 2431 2544 2499 ὀφθαλμοί
2565 2448 2703 2500 μου.
2736 2431 2989 2498 Συνάγων
3021 2430 3125 2501 γὰρ
3146 2432 3226 2495 εἰς
3251 2431 3484 2502 ἐμαυτὸν
3507 2431 3636 2495 τοὺς
3656 2436 3817 2501 ἐμαυ-

2250 2523 2342 2575 τοῦ
2382 2523 2693 2594 λογισμοὺς,
2725 2522 2888 2594 ἐμυον
2916 2524 2986 2577 τὰ
3015 2525 3254 2595 ὄμματα,
3282 2523 3356 2586 ὡς
3380 2523 3445 2577 ἂν
3481 2525 3555 2595 μὴ
3594 2527 3709 2588 τοῖς
3740 2526 3817 2578 al-

2254 2615 2467 2686 σθητοίς
2509 2615 2846 2686 προϐάλλων,
2877 2616 3262 2688 περιελκοίμην
3307 2615 3398 2668 τοῦ
3433 2616 3810 2687 προκειμένου.

2251 2708 2417 2760 Mwa
2449 2703 2541 2760 οὖν
2567 2709 2693 2771 τοὺς
2725 2707 3036 2779 ὀφθαλμοὺς
3063 2707 3157 2762 τοῦ
3185 2705 3454 2778 σώματος,
3489 2707 3629 2777 πρὸς
3650 2709 3815 2778 ἐμαυ-

2251 2797 2340 2850 τδν
2365 2798 2673 2870 διηπόρουν,
2701 2800 2760 2852 οὺ
2789 2803 2940 2870 φωνῇ
2963 2798 3346 2871 φθεγγόμενος,
3380 2798 3499 2851 οὐδὲ
3532 2799 3670 2868 πρὸς
3708 2799 3821 2851 ἓτε-

2256 2907 2344 2962 ρον
2375 2890 2569 2954 λαλῶν,
2597 2890 2761 2954 αὐτὸς
2791 2891 2847 2944 δὲ
2889 2893 3025 2964 πρὸς
3059 2891 3291 2963 ἐμαυτὸν
3318 2891 3532 2946 ἐννοῶν.
3566 2890 3658 2943 Διὸ
3705 2891 3820 2944 ἀντὶ

2250 2983 2768 3054 τοῦ,Ἐτιιράχθην,
2795 2984 2894 3038 καί
2936 2987 3046 3040 οὐκ
3077 2984 3371 3052 ἐλάλησα,
3400 2985 3495 3038 καὶ
3534 2984 3643 3037 τῶν
3674 2984 3816 3054 Eii-5,

578 3081 633 3127 et
653 3075 886 3137 caneris,
933 3074 1074 3145 apud
1114 3075 1497 3146 Symmachum
1544 3079 1763 3143 dicitur,
1810 3080 2147 3148 Dubitabam,

2253 3076 2400 3144 παρὰ
2420 3075 2495 3146 τῷ
2511 3076 2790 3147 Συμμάχῳ
2810 3075 3022 3146 εἴρηται
3038 3092 3050 3103 °
3069 3075 3422 3142 Διηπόρουν,
3440 3074 3536 3126 καὶ
3556 3077 3667 3128 οὐκ
3689 3074 3818 3126 ἑ.ιά-

578 3173 629 3219 et
654 3183 755 3219 non
783 3165 986 3220 locutus
1015 3184 1151 3221 sum.
1181 3197 1251 3208 -—
1274 3167 1443 3223 Vsus.
1477 3168 1532 3234 6,
1566 3170 1616 3222 7.
1648 3170 2017 3240 Recogitabam
2039 3173 2147 3226 dies

2250 3169 2434 3232 λησιι.
2458 3196 2529 3205 -
2560 3165 3002 3236 Ἀνελογιζόμην
3044 3167 3148 3232 τὰς
3175 3163 3396 3234 ἡμέρας
3429 3165 3534 3230 τὰς
3569 3165 3817 3232 πρώτας,

577 3258 849 3326 pristinos,
887 3275 1053 3311 annos
1091 3259 1180 3328 qui
1211 3277 1242 3312 a
1277 3264 1471 3314 sa’culo
1497 3271 1616 3315 sunt
1646 3262 1698 3315 in
1732 3265 2038 3318 memoriam
2068 3282 2150 3319 re-

577 3350 852 3405 vocabam.
887 3349 990 3404 Sed
1038 3351 1272 3419 psalmos
1315 3369 1454 3406 meos
1489 3363 1644 3406 noctu
1693 3372 1812 3408 cum
1841 3356 1996 3411 corde
2039 3374 2150 3412 meo

578 3441 865 3494 recitabam
885 3455 904 3493 :
932 3451 981 3495 et
1008 3443 1084 3496 vir
1118 3459 1348 3509 pra'sens
1380 3454 1493 3497 erat
1537 3446 1755 3514 spiritus
1806 3464 1972 3504 meus.
2009 3448 2146 3503 Cum

579 3532 655 3586 ita
694 3533 921 3603 pervigil
950 3534 1222 3604 degerem,
1252 3544 1306 3591 et
1343 3545 1528 3592 noctes
1563 3537 1840 3596 insomnes
1871 3541 2146 3606 ducerem,

578 3637 642 3676 ea
685 3623 920 3679 sollicite
968 3625 1248 3680 volvebant
1299 3627 1504 3690 animo,
1535 3644 1656 3698 qua:
1706 3631 1963 3699 superius
2006 3632 2151 3686 dicta

578 3719 708 3765 sunt
736 3731 749 3766 :
775 3711 943 3778 Quasi
982 3716 1034 3766 in
1073 3714 1206 3767 silva
1239 3715 1498 3785 lignorum
1539 3718 1805 3772 securibus
1846 3721 2150 3775 exciderunt

568 3801 770 3871 januas
792 3802 904 3872 ejus
938 3803 988 3855 in
1020 3803 1267 3871 idipsum,
1296 3805 1350 3857 in
1379 3806 1548 3858 securi
1587 3817 1636 3860 et
1670 3808 1816 3862 ascia
1837 3809 2147 3878 diruperunt

577 3910 714 3948 eam.
754 3892 821 3946 In
856 3905 996 3948 terra
1025 3895 1325 3961 polluerunt
1363 3895 1763 3952 tabernaculum
1795 3901 2022 3956 nominis
2049 3903 2148 3955 tui.

576 3985 836 4039 Dixerunt
894 3988 946 4039 in
992 3987 1147 4040 corde
1190 4004 1285 4041 suo
1334 3991 1668 4058 cognationes
1720 4009 1901 4046 eorum
1959 3994 2117 4048 simul
2134 4010 2152 4047 :

578 4078 858 4144 Quiescere
909 4080 1168 4149 faciamus
1217 4080 1328 4135 dies
1371 4081 1531 4150 festos
1583 4082 1676 4137 Dei
1719 4102 1750 4137 a
1784 4094 1945 4140 terra.
1991 4086 2153 4157 Signa

575 4181 759 4224 nostra
788 4189 888 4224 non
923 4171 1168 4232 vidimus.
1190 4173 1306 4241 jam
1330 4191 1432 4226 non
1453 4177 1817 4245 estpropheta,
1840 4187 1889 4230 et
1922 4195 2016 4231 nos
2051 4195 2153 4231 non

575 4270 847 4329 cognoscet
885 4263 1110 4330 amplius
1145 4263 1206 4316 τ’.
1249 4265 1304 4317 In
1335 4265 1420 4320 his
1445 4265 1607 4335 igitur
1649 4266 1986 4330 dubitabam,
2021 4283 2149 4320 num

575 4351 718 4404 mala
751 4351 1060 4420 hujusmodi
1105 4354 1381 4424 perpessis
1414 4357 1713 4411 remedium
1763 4357 2006 4412 futurum
2055 4361 2148 4413 sit.

576 4437 990 4510 Verisimileque
1011 4451 1094 4498 est
1125 4443 1382 4509 ldithum,
1419 4461 1541 4500 cum
1571 4447 1774 4518 Asaphi
1810 4449 2144 4518 prophetiam

2251 3259 2321 3311 τὰ
2341 3259 2446 3326 ἐτη
2466 3259 2537 3312 τὰ
2557 3258 2655 3312 ἀπ’
2671 3256 2884 3324 αἰῶνος
2912 3257 3458 3326 ἀνεμιμνησκόμην.
3478 3257 3658 3310 Ἀλλὰ
3680 3259 3820 3324 ψαλ-

2245 3351 2399 3419 μοὺς
2424 3369 2544 3420 μου
2577 3349 2796 3415 νυκτὸς
2833 3349 2980 3419 πρὸς
3029 3349 3140 3418 τὴν
3181 3348 3430 3418 καρδίαν
3463 3367 3586 3416 μου
3627 3347 3818 3402 seu.

2251 3448 2441 3497 .lovr'
2492 3443 2590 3496 καὶ
2640 3443 2792 3511 ἀνὴρ
2840 3442 3046 3497 συνὼν
3087 3441 3154 3495 τὸ
3202 3440 3434 3510 πνεῦμά
3467 3456 3606 3509 μου.
3643 3439 3821 3502 οὕτως

2252 3537 2614 3609 ὲπαγρύπνως
2648 3536 3006 3606 διακείμενος,
3049 3535 3142 3588 καὶ
3180 3533 3277 3596 τὰς
3307 3531 3509 3594 νύκτας
3536 3531 3820 3602 διαγρηγο-

2255 3627 2383 3698 ρῶν,
2421 3625 2730 3697 ἐφρόντιζον
2765 3626 2892 3697 περὶ
2925 3624 3031 3678 τῶν
3064 3623 3368 3694 ἔμπροσθεν
3397 3622 3462 3675 δι’
3489 3615 3566 3675 ὧν
3601 3621 3781 3692 εἴρητο
3801 3637 3815 3651 ·

2263 3719 2355 3784 ’.Ως
2394 3720 2462 3772 ἐν
2505 3717 2704 3788 δρυμῷ
2738 3718 2940 3782 ξύλων
2971 3717 3206 3782 ἀξίναις
3232 3716 3466 3783 ἔκοψαν
3502 3715 3615 3780 τὰς
3649 3717 3817 3782 θύρας

2251 3809 2441 3877 αὐτῆς
2473 3810 2569 3863 ἐπὶ
2603 3810 2668 3862 τὸ
2699 3808 2864 3873 αὐτὸ,
2899 3807 3115 3862 πέλυκι
3163 3807 3260 3861 καί
3309 3805 3683 3873 λαξευτηρίῳ
3726 3822 3816 3856 κα-

2252 3900 2544 3970 τέῤῥαξαν
2597 3900 2809 3966 αὐτὴν.
2857 3902 2960 3965 Εἰς
3003 3898 3116 3966 τὴν
3162 3897 3279 3968 γῆν
3330 3898 3720 3963 ὲὸεόἡλωσαν
3761 3897 3814 3949 τὸ

2252 3991 2542 4061 σκήνωμα
2582 3991 2682 4045 τοῦ
2713 3991 2999 4059 ὀνόματός
3041 4004 3177 4044 σου.
3211 3985 3401 4043 Εἶπαν
3423 3989 3494 4042 ὲν
3514 3988 3590 4056 τῇ
3619 3989 3816 4058 καρδίᾳ

2251 4083 2450 4138 αὐτῶν
2481 4085 2537 4136 al
2571 4081 2910 4152 συγγένειαι
2957 4079 3157 4134 αὐτῶν
3182 4080 3279 4132 ἐπὶ
3327 4077 3393 4131 τὸ
3441 4079 3614 4131 abeo“
3643 4081 3815 4131 Κατα-

2253 4175 2576 4244 παύσωμεν
2605 4173 2708 4238 τὰς
2746 4170 2953 4240 ἑορτὰς
2986 4171 3091 4224 τοῦ
3123 4171 3268 4224 Θεοῦ
3301 4169 3417 4223 ἀπὸ
3447 4168 3560 4236 τῆς
3583 4169 3715 4238 γῆς.
3752 4169 3815 4220 Ta

2253 4263 2470 4333 σημεῖα
2512 4262 2679 4332 ἡμῶν
2717 4265 2827 4316 οὐκ
2853 4261 3110 4330 εἴδομεν,
3139 4262 3248 4314 οὐκ
3281 4260 3450 4313 ἐστιν
3479 4259 3567 4312 ἔτι
3601 4257 3814 4333 προξή-

2256 4373 2382 4422 της,
2414 4355 2510 4408 καὶ
2560 4352 2713 4422 ’ἡμᾶς
2749 4356 2820 4408 οὐ
2863 4352 3148 4422 γνώσεται
3192 4352 3437 4407 ἕτι.Ἒπὶ
3481 4351 3693 4412 τούτοις
3733 4346 3814 4402 οὖν

2254 4445 2564 4515 διηπόρουν,
2582 4447 2628 4497 εἰ
2657 4443 2919 4516 θεραπεία
2944 4443 3097 4496 ἔσται
3123 4445 3234 4506 τοῖς
3259 4441 3431 4495 ταῦτα
3454 4441 3813 4495 πεπονθόσιτά

574 4531 839 4592 audisset,
871 4539 923 4586 et
943 4532 1070 4585 talia
1103 4549 1286 4588 secum
1320 4545 1617 4606 reputaret,
1643 4539 1963 4608 prophetam
1989 4542 2146 4610 quasi

2255 4538 2418 4592 κακά.
2444 4537 2556 4592 Καὶ
2585 4537 2730 4600 εἰκός
2751 4553 2813 4604 γε
2843 4531 2912 4607 ἦν
2941 4536 3032 4588 τὸν
3059 4535 3292 4606 Ἰδιθοὺμ
3322 4534 3702 4587 ἐπακούσαντα
3725 4533 3814 4603 τῆς

573 4627 894 4697 magistrum
959 4627 1362 4700 interrogasse,
1431 4648 1493 4686 ac
1544 4633 1933 4703 interrogantis
1997 4652 2149 4691 more

572 4718 714 4772 hanc
766 4720 1002 4775 movisse
1057 4722 1410 4790 qmestionem
1454 4724 1633 4790 :Quid
1679 4725 1882 4796 igitur,
1941 4742 1974 4782 ο
2024 4744 2150 4798 pro—

574 4810 776 4879 pheta?
812 4825 936 4863 cum
976 4810 1086 4864 lum:
1124 4813 1438 4882 prophetice
1473 4814 1700 4878 dixeris,
1744 4817 1991 4873 ediscere
2021 4835 2149 4871 nos-

573 4916 740 4970 seque
769 4903 927 4956 velim
957 4921 970 4956 :
1006 4933 1077 4944 —-
1110 4903 1276 4958 Vens.
1311 4907 1462 4961 8-H).
1499 4906 1753 4978 Nunquid
1789 4911 1843 4962 in
1892 4919 2145 4963 wternum

569 4994 810 5062 projiciet
857 4994 1134 5055 Dominus.
1156 5008 1203 5051 et
1235 5015 1336 5051 non
1371 5009 1591 5066 apponet
1620 5009 1674 5052 ut
1698 4999 2021 5070 complaceat
2045 5001 2143 5054 ad-

571 5086 711 5141 huc?
739 5096 830 5138 aut
861 5087 914 5141 in
945 5089 1102 5156 ﬁnem
1147 5091 1565 5145 misericordiam
1613 5109 1765 5144 suam
1805 5091 2078 5146 abscindet
2111 5111 2143 5146 a

571 5177 905 5246 generatione
949 5180 1002 5232 in
1032 5181 1460 5249 generationem?
1499 5191 1590 5233 aut
1622 5180 1955 5234 obliviscetur
1989 5182 2145 5235 mise-

573 5267 678 5321 reri
711 5267 866 5333 Deus,
917 5279 1008 5322 aut
1038 5271 1318 5324 continebit
1347 5272 1400 5323 in
1431 5273 1512 5323 ira
1549 5271 1939 5325 miseriwrdias
1974 5275 2144 5328 suas?

573 5358 652 5413 Ad
685 5361 820 5416 tales
853 5363 1252 5432 propositiones
1293 5362 1472 5432 Asnph
1503 5362 1805 5416 doctrinam
1862 5379 2016 5417 suam
2054 5380 2148 5434 pa-

573 5455 734 5515 ravit,
767 5459 1032 5521 psalmum
1062 5468 1157 5521 pro
1181 5453 1298 5521 ipso
1321 5451 1556 5505 lditlmm
1587 5454 1961 5516 conscribens,
1991 5472 2147 5509 eum-

575 5557 681 5611 que
715 5541 782 5596 ad
829 5543 956 5596 talia
986 5542 1214 5596 dicenda
1250 5541 1581 5597 instituens:
1620 5543 1750 5600 Voce
1790 5563 1900 5600 mea
1935 5546 2004 5600 ad
2042 5546 2144 5602 Do-

653 5698 672 5710 '
736 5695 879 5751 Psnl.
917 5713 1123 5762 tum,
1161 5698 1208 5751 1.
1287 5698 1328 5729 τ’
1372 5696 1528 5763 ii.id.,
1561 5697 1678 5752 5-9.

2253 4629 2346 4682 τοῦ
2387 4630 2556 4697 Ἀσὰφ
2586 4627 2940 4700 προφητείας,
2967 4629 3060 4682 καὶ
3084 4626 3256 4682 ταῦτα
3296 4625 3430 4697 πρὸς
3463 4626 3653 4678 ἑαυτὸν
3686 4626 3812 4692 λογι-

2254 4722 2506 4791 σάμενον,
2543 4718 2890 4790 ἐπαπορῆσαι
2929 4718 3066 4790 πρὸς
3117 4717 3207 4772 τὸν
3260 4716 3541 4788 προφήτην
3575 4716 3650 4780 ὼς
3690 4715 3812 4787 πρὺς

2249 4812 2582 4874 διδάσκαλον,
2635 4810 2900 4882 ὲρώτησίν
2960 4827 3021 4864 τε
3078 4808 3226 4879 αὐτῴ
3292 4809 3680 4878 προσαγαγεῖν,
3729 4806 3810 4858 καὶ

2251 4903 2438 4974 ὥσπερ
2481 4904 2601 4956 τινὰ
2637 4903 2984 4974 προτείνοντα
3017 4901 3278 4971 πρότασιν
3319 4898 3508 4968 φάναι*
3544 4899 3609 4949 Τί
3640 4893 3743 4958 οὖν,
3770 4890 3808 4944 ὦ

2254 4999 2535 5068 προφῆτα;
2558 4997 2742 5068 ἐπειδὴ
2760 4996 2932 5049 ταῦτα
2958 4996 3386 5066 προεφήτευσας,
3411 4993 3667 5063 βούλομαι
3693 4991 3810 5057 γνὼ-

2252 5108 2338 5142 ναι
2369 5090 2460 5142 καὶ
2491 5087 2702 5159 μαθεῖν,
2737 5087 2831 5155 Μὴ
2861 5090 2948 5153 εἰς
2974 5087 3113 5152 τοὺς
3140 5085 3356 5150 αἰῶνας
3392 5083 3686 5137 ἀπώσεται
3705 5083 3808 5135 Kr."-

2243 5199 2396 5250 ριος,
2427 5179 2524 5234 καί
2557 5182 2626 5234 οὺ
2649 5177 2980 5248 προσθήσει
3014 5177 3118 5231 τοῦ
3153 5174 3478 5243 εὐδοκήσαι
3511 5177 3630 5237 Ett;
3661 5174 3696 5240 ἦ
3728 5176 3808 5234 εἰς

2250 5272 2423 5338 τέλος
2447 5272 2508 5325 τὸ
2537 5271 2707 5337 ἔλεος
2725 5271 2910 5324 αὐτοῦ
2933 5269 3224 5337 ἀποκόψει
3247 5269 3364 5321 ἀπὸ
3386 5266 3591 5338 γενεᾶς
3615 5273 3697 5328 είς
3719 5281 3802 5331 γε-

2248 5363 2429 5422 νεάνῖ
2472 5363 2508 5429 ἢ
2553 5363 2905 5428 ἐπιλήσεται
2949 5361 3055 5416 τοῦ
3099 5358 3460 5428 (interpr-mar.
3508 5361 3539 5409 ὀ
3587 5357 3737 5419 Osric.
3769 5354 3804 5419 ἦ

2247 5457 2491 5520 συνέξει
2524 5457 2592 5508 ἑν
2632 5455 2704 5522 τῇ
2743 5454 2889 5524 ὀργῇ
2929 5453 3070 5519 τοὺς
3097 5451 3432 5520 οἱκτιρμοὺς
3463 5447 3671 5504 αὐτοῦς
3703 5445 3805 5498 Καὶ

2245 5549 2310 5620 δὴ
2367 5548 2499 5620 πρὸς
2541 5547 2743 5611 ταύτας
2790 5545 2890 5610 τὰς
2940 5545 3228 5617 προτάσεις
3272 5543 3368 5613 τὴν
3417 5538 3746 5595 διδασκαλίαν
3778 5537 3806 5586 ὁ
