4004 6542
245 334 346 393 895

1364 328 1866 388 COMMENTARIA
1905 326 1972 384 1N
2011 322 2354 382 PSALMOS.

3377 302 3480 360 89‘

255 451 426 521 ’Δσάφ
473 451 728 518 ἐποιεῖτο,
775 449 915 524 ὑπὲρ
962 450 1128 506 αὐτοῦ
1174 449 1268 504 τοῦ
1314 451 1545 521 Ἰδιθούμ
1587 450 1814 522 γράφων

1932 447 2116 500 uinum
2139 443 2388 507 clamavi,
2418 456 2536 494 voce
2564 455 2679 493 mea
2699 436 2765 492 ad
2792 438 2978 500 Deum,
3005 444 3053 489 et
3081 425 3301 488 intendit
3323 424 3480 486 milii,

245 544 329 598 τὸν
358 543 592 615 ψαλμὸν,
625 543 889 598 διδάσκων
925 562 986 598 τε
1020 543 1182 598 αὐτὸν
1228 543 1441 612 λέγειν·
1490 541 1661 612 Φωνῇ
1695 560 1812 611 μου

1917 547 2219 608 auctorque
2251 535 2328 589 illi
2362 541 2466 595 est,
2504 541 2560 588 ut
2595 547 2665 586 ne
2700 531 2791 586 Dei
2819 527 3049 584 consilia
3080 520 3354 578 curiosius
3386 532 3484 572 ex-

243 609 390 702 πρὸς
437 609 546 687 τὸν
591 636 807 704 Κύριον
827 635 1138 704 ἐκέκραξα,
1169 609 1336 705 φωνῇ
1376 652 1495 702 μου
1535 609 1818 701 πρὸς-τὸν

1932 632 2116 702 ploret,
2169 628 2263 684 sed
2291 625 2631 682 orationibus
2657 631 2832 686 vacet,
2871 623 3049 690 iisque
3077 616 3210 672 solis
3240 609 3488 666 intendat

245 701 410 787 Θεὸν,
436 724 534 778 καὶ
562 701 867 795 προσέσχε
882 701 985 795 μοι
1002 743 1015 756 ·
1047 701 1410 795 παιδεύων-μη
1430 722 1818 794 πολυπραγμο-

1932 720 2183 783 animum,
2220 715 2406 790 pietati
2449 714 2685 769 deditum
2742 720 2795 766 et
2827 709 3030 781 judicia
3069 705 3161 759 Dei
3211 701 3489 758 celebran-

241 819 346 869 νεῖν
373 817 475 878 τὰς
505 791 613 871 τοῦ
634 816 770 871 Θεοῦ
798 791 995 887 βουλάς
1015 834 1028 847 ⁸
1079 818 1264 888 εὐχαῖς
1293 791 1350 869 δέ
1385 791 1682 885 σχολάζειν,
1727 813 1818 866 καὶ

1932 822 2051 866 tem.
2101 807 2237 863 Nam
2280 803 2826 872 incomprehensibilia
2865 809 2986 855 sunt
3016 795 3222 868 judicia
3253 791 3388 861 ejus,
3435 795 3486 842 et

237 906 463 972 ταύταις
507 909 692 977 μόναις
739 910 1025 982 προσέχειν
1073 909 1165 962 τὸν
1215 908 1337 962 νοῦν
1365 906 1688 960 εὐσεϐοῦντα
1727 905 1822 958 καὶ

1921 901 2308 972 investigabiles
2337 901 2433 954 via:
2455 899 2567 968 ejus
2589 898 2657 949 ⁸ο.

237 998 589 1070 εὐφημοῦντα
632 969 728 1052 τοῦ
779 969 943 1052 Θεοῦ..
965 999 1066 1061 τὰς
1112 998 1340 1069 κρίσεις.
1372 995 1822 1064 Ἁνεξερεύνητα
1854 989 1958 1061 γὰρ
1987 991 2060 1045 τὰ
2083 969 2334 1060 κρίματα
2361 988 2568 1051 αὑτοῦ,
2630 984 2727 1039 καί
2757 981 3197 1052 ἀνεξιχνίαστοι
3248 976 3308 1030 αἱ
3362 969 3492 1028 ὁδοί

233 1108 446 1148 αυτου.

309 1188 421 1242 Kal
475 1184 633 1253 εἶπα,
677 1189 805 1243 Νῦν
854 1187 1131 1258 ἠρξάμην
1152 1204 1166 1218 ο
1207 1186 1357 1254 αὕτη
1399 1186 1437 1253 ἡ
1490 1186 1814 1247 ἀλλοίωσις

240 1277 355 1346 τῆς
385 1278 584 1344 δεξιᾶς
617 1280 723 1334 τοῦ
754 1281 1058 1348 Ὑψίστου.
1076 1280 1221 1332 Ἀντῖ⁹
1249 1280 1440 1334 τούτου
1477 1279 1505 1331 ὁ
1542 1277 1637 1348 μὲν
1668 1275 1818 1330 Ἀκύ-

1990 1175 2162 1230 Vens.
2195 1174 2284 1227 il.
2331 1171 2397 1225 Et
2421 1169 2555 1234 dixi,
2592 1167 2749 1221 Nunc
2781 1165 2930 1234 coepi,
2967 1163 3076 1217 haec
3104 1157 3327 1213 mutatio
3362 1151 3492 1206 dea:-

1919 1279 2044 1322 tera:
2069 1263 2357 1319 Altissimi.
2391 1261 2498 1315 Pro
2528 1261 2622 1314 illo
2651 1267 2832 1312 autem
2866 1257 2947 1312 sic
2980 1252 3173 1323 Aquila
3219 1248 3373 1310 dicit,
3420 1242 3491 1297 Et

237 1369 361 1434 λας,
408 1337 518 1428 Kal
561 1337 725 1436 εἶπα,
772 1337 1262 1444 φῆσὶνβρῤωστία
1306 1388 1458 1440 μου’
1505 1337 1656 1436 α’ὕτη
1705 1367 1816 1421 ἀλ·

1932 1359 2051 1422 lixi,
2114 1357 2405 1426 inﬁrmitas
2455 1369 2610 1408 mea:
2641 1351 2750 1404 lucc
2798 1348 3021 1402 mutatio
3056 1344 3282 1398 dextera:
3317 1337 3490 1392 Altis-

235 1464 489 1528 λοίωσις
513 1463 714 1529 δεξιᾶς
754 1437 1068 1533 ⁹ἡδίστου·
1098 1466 1126 1516 ὁ
1157 1463 1212 1516 δὲ
1245 1437 1559 1534 Σύμμαχος,
1599 1458 1819 1529 Τρῶσίς

1932 1451 2078 1514 simi;
2111 1447 2472 1519 Symmachus
2516 1459 2666 1505 vero,
2703 1441 2904 1494 Vulnus
2950 1451 3120 1491 meum
3154 1441 3232 1487 est
3278 1437 3494 1484 iteratio

231 1571 360 1623 μου
391 1555 562 1609 ἐστίν
591 1555 1043 1624 ἐπιδευτέρωσις
1075 1553 1276 1621 δεξιᾶς
1299 1555 1404 1608 τοῦ
1449 1554 1726 1622 Ὑψίστου
1744 1568 1757 1581 ⁸
1779 1553 1812 1620 ἠ

235 1642 298 1697 δὲ
352 1643 576 1714 πέμπτη
627 1643 855 1706 ἔκδυσις,
896 1643 1007 1697 Καὶ
1050 1640 1208 1706 εἶπα,
1244 1644 1432 1712 φησὶν,
1459 1641 1665 1705 ὠδῖνές
1698 1658 1816 1709 μου

231 1731 402 1786 εἰσίν
456 1732 780 1797 ἀλλοίωσις
823 1730 1024 1797 δεξιᾶς
1055 1733 1161 1786 τοῦ
1196 1733 1497 1801 Ὑψίστου.
1527 1731 1669 1802 Πρὸς
1707 1733 1819 1792 τοῖς

1920 1541 2148 1595 dextera
2200 1537 2496 1601 Altissimi;
2539 1535 2730 1606 quinta
2769 1539 2948 1585 autem
3001 1527 3210 1582 editio:
3242 1521 3310 1576 Et
3352 1519 3490 1583 dixi,

1922 1627 2121 1697 inquit,
2153 1625 2358 1679 dolores
2403 1623 2503 1677 mei
2533 1632 2652 1676 sunt
2683 1620 2907 1675 mutatio
2941 1617 3170 1671 dextera:
3206 1608 3491 1665 Altissimi.

1923 1720 2001 1773 Ad
2037 1718 2315 1789 proposita
2346 1716 2458 1786 jam
2489 1715 2676 1778 dubia,
2707 1715 2820 1769 hac
2866 1713 3017 1772 item,
3051 1706 3250 1776 inquit,
3281 1714 3494 1757 mecum

231 1823 720 1894 προηπορημένοις
745 1795 838 1876 καὶ
869 1795 1060 1888 ταῦτα,
1094 1795 1408 1896 φησι-πρὸς
1438 1795 1678 1892 ἐμαυτὸν
1737 1822 1825 1873 ὲν-

1932 1811 2264 1882 reputabam,
2295 1809 2656 1879 cogitationes
2685 1806 2894 1861 scilicet
2921 1804 3043 1858 illas
3073 1800 3227 1871 queis
3251 1799 3362 1868 jam
3394 1795 3496 1850 du-

244 1912 464 1976 ενόουν,
498 1913 579 1966 ὅτι
619 1913 669 1966 οἱ
707 1912 938 1966 τοιοῦτοι
976 1913 1254 1982 λογισμοὶ,
1289 1913 1356 1966 δι’
1397 1905 1471 1966 ῶν
1487 1913 1690 1984 ἀρτίως
1723 1913 1822 1963 ὲπ-

231 2004 510 2075 ηπόρουν,
541 2005 822 2076 ἀρρωστία
865 2023 964 2076 μου
991 2007 1148 2070 εἰσὶν,
1179 2005 1212 2077 ἢ
1242 2005 1426 2068 ὠδῖνες
1453 2006 1608 2069 εἰσὶν,
1634 2001 1822 2075 ἥτρώ-

229 2111 362 2158 σεις
397 2095 498 2166 μού
536 2096 797 2161 εἰσιν.Ἔξ
825 2096 1108 2160 ἀσθενείας
1135 2096 1244 2168 γὰρ
1271 2096 1450 2167 ψυχῆς
1482 2097 1607 2160 τοὺς
1645 2095 1822 2150 τοιού-

229 2200 378 2249 τους
407 2188 726 2258 προήκαμεν
753 2187 962 2255 λόγους,
984 2187 1082 2241 καὶ
1109 2188 1214 2241 ἀπὸ
1239 2187 1490 2260 τρώσεως
1511 2187 1714 2259 ψυχῆςο
1742 2205 1824 2241 τε·

224 2276 526 2346 τρωμένος
559 2278 666 2349 γὰρ
693 2281 786 2332 καὶ
813 2279 1090 2348 συναλγῶν
1117 2279 1192 2344 ὡς
1225 2281 1364 2352 ὑπὲρ
1400 2281 1593 2334 ἑαυτοῦ
1620 2281 1817 2352 μελῶν·

228 2367 380 2422 ἀλλὰ
410 2368 503 2422 καὶ
522 2367 726 2422 ὠδίνων
745 2370 819 2433 ῶς
845 2372 984 2440 ὑπὲρ
1012 2372 1333 2442 σπλάγχνων
1357 2372 1572 2424 οἰκείων
1597 2370 1821 2424 τοιαῦτα

230 2457 611 2530 ἐφθεγξάμην.
640 2459 824 2513 Ταῦτα
859 2460 1210 2524 δὲπέπονθα,
1245 2461 1540 2532 ἐπειδήπερ
1571 2457 1709 2513 εἶδον
1728 2461 1820 2515 ἀλ-

229 2549 459 2603 λοίωσιν
511 2551 804 2622 γενομένην
855 2552 954 2622 τῆς
1002 2551 1181 2618 δεξιᾶς
1209 2550 1303 2604 τοῦ
1346 2551 1619 2620 Ὑψίστου.
1645 2551 1819 2604 Πάλαι

239 2642 354 2712 μὲν
393 2641 502 2714 γὰρ
543 2641 680 2713 αῦτη
715 2641 1101 2712 κατειργάζετο
1135 2643 1306 2697 πολλά
1351 2661 1410 2696 τε
1444 2642 1696 2714 θαύματα
1726 2642 1819 2696 καὶ

234 2732 581 2804 παραδόξους
608 2735 934 2806 ,εὐεργεσίας
959 2735 1036 2807 τῷ
1065 2735 1178 2806 λαῷ
1206 2735 1521 2806 παρέχουσα
1539 2753 1552 2765 ·
1602 2735 1719 2788 νυνὶ
1762 2734 1820 2788 δὲ

239 2823 536 2887 ἀλλοίωσις
563 2825 854 2894 γεγένηται
872 2827 971 2896 τῆς
998 2825 1176 2890 δεξιᾶς
1197 2826 1290 2878 τοῦ
1317 2825 1588 2895 Ὑψίστου.
1617 2825 1708 2878 Διὸ
1728 2826 1821 2878 καὶ

241 2915 440 2979 ὠδῖνές
481 2933 548 2988 με
585 2916 879 2987 κατέσχονο
912 2916 1156 2987 ὁμολογῶ
1185 2916 1485 2986 τετρῶσθαι
1519 2917 1617 2986 τὴν
1645 2915 1820 2987 ψυχὴν

237 3007 531 3079 ἀρρωστία
581 3010 674 3061 καὶ
721 3008 975 3080 ἀσθενείᾳ
1005 3009 1274 3077 γνώσεως.
1308 3009 1418 3080 Τὴν
1449 3008 1505 3061 δὲ
1539 3007 1821 3061 ἀλλοίωσιν

237 3098 352 3169 τῆς
391 3098 568 3165 δεξιᾶς
615 3098 708 3152 τοῦ
747 3100 882 3152 Θεοῦ
914 3099 1120 3171 ἑώρων,
1146 3100 1691 3170 ἀναμιμνησκόμενος
1715 3100 1821 3153 τῶν

240 3191 496 3244 παλαιῶν
537 3191 714 3263 ἔργων
753 3191 938 3246 αὐτοῦ.
971 3192 1060 3244 Διό
1095 3208 1284 3263 φησιν·
1336 3191 1681 3260 Ἐμνήσθην
1710 3190 1829 3245 τῶν

237 3283 436 3352 ἔργων
451 3284 670 3352 Κυρίου
693 3283 810 3338 ἀπὸ
832 3283 942 3352 τῆς
961 3283 1152 3353 ἀρχῆς
1173 3283 1290 3339 τῶν
1311 3285 1658 3354 θαυμασίων
1687 3301 1823 3340 σου.

238 3374 362 3427 Καὶ
409 3374 716 3443 μελετήσω
765 3376 835 3428 ἐν
874 3374 1023 3429 πᾶσι
1049 3376 1172 3442 τοῖς
1202 3377 1398 3446 ἔργοις
1424 3393 1539 3430 σου
1562 3417 1578 3441 ,
1626 3377 1724 3430 καὶ
1759 3377 1829 3430 ἐν

239 3463 376 3528 τοῖς
422 3465 852 3534 ἐπιτηδεύμασί
897 3481 1013 3520 σου
1059 3465 1632 3534 ἁδολεσχήσω.ᾌνθ’
1674 3460 1747 3520 ὧν
1799 3468 1828 3518 ὁ

243 3556 550 3627 Σύμμαχος
599 3555 788 3610 τοῦτον
837 3559 1151 3628 ἡρμήνευσε
1194 3557 1285 3610 τὸν
1328 3558 1560 3628 τρόπον·
1617 3557 1831 3626 Ἄνεμι-

236 3649 614 3718 μνησκόμην
655 3647 760 3712 τὰς
800 3649 1102 3716 περινοίας
1130 3649 1370 3717 Κυρίου,
1405 3647 1727 3702 ἀναπολῶν
1755 3647 1830 3701 τὰ

208 3751 212 3755 “
243 3739 470 3808 ἀρχαῖα
497 3737 780 3808 τεράστιά
822 3756 938 3794 σου
977 3740 1075 3794 καί
1118 3740 1470 3810 διεμελὲτων
1497 3738 1699 3804 πάσας
1725 3740 1829 3805 τὰς

225 3831 501 3902 ’πράξεις
524 3850 664 3896 σου,
693 3833 789 3886 καί
809 3833 889 3895 fta
907 3831 1305 3902 μηχανήματά
1331 3847 1448 3887 σου
1477 3831 1826 3902 διηγούμην,

243 3923 425 3977 ταῦτα
455 3923 739 3995 ἀναφέρων
780 3926 844 3993 τῇ
897 3925 1000 3994 μνή
1011 3925 1345 3995 iit-[1.1mm
1373 3923 1469 3976 νῦν
1498 3923 1730 3987 ἀκούων,
1755 3923 1830 3986 ὡς

246 4015 341 4079 εὶς
373 4013 546 4078 τέλος
577 4011 818 4079 ἀπώσω,
849 4013 944 4066 καὶ
973 4013 1231 4083 ὠργίσθη
1279 4016 1312 4067 ὁ
1357 4013 1544 4082 θυμός
1585 4027 1700 4065 σου
1732 4011 1831 4064 ἐπὶ

249 4107 519 4175 πρόϐατα
547 4103 738 4175 νομῆς
765 4122 904 4171 σου,
940 4107 1162 4170 εἰκότως
1189 4106 1463 4178 ἐνενόησα,
1496 4107 1576 4160 ὅτι
1604 4104 1831 4158 ἀλλοίω-

251 4197 342 4260 ei;
391 4199 505 4250 ἐστι
549 4197 646 4268 τῆς
693 4197 874 4262 δεξιᾶς
920 4197 1014 4251 τοῦ
1052 4197 1326 4267 Ὑψίστου.
1367 4197 1686 4267 Μεταϐολῆς
1723 4196 1832 4268 γὰρ

249 4287 428 4341 ταῦτα
483 4287 681 4358 σημεῖα
733 4289 826 4341 καὶ
878 4285 1212 4351 ἀλλοιώσεως
1237 4287 1337 4358 τῆς
1374 4286 1540 4341 πάλαι
1569 4285 1661 4340 τοῦ
1697 4283 1831 4339 Θεοῦ

250 4380 386 4451 περὶ
410 4380 500 4432 τὸν
533 4378 661 4433 λαὸν
696 4379 1040 4450 κηδεμονίας.

338 4471 392 4522 '0
408 4471 587 4563 Θεὸς,
621 4471 690 4563 ἐν
720 4469 797 4563 τῷ
826 4473 971 4563 arta)
1062 4470 1200 4563 ὁδὸς
1219 4469 1408 4524 αὑτοῦ
1432 4484 1448 4504 ⁸
1475 4469 1566 4536 τίς
1580 4467 1714 4534 θεὸς
1735 4467 1834 4536 μέ·
1867 4509 1910 4563 D

252 4577 366 4631 γας
387 4561 468 4628 ὡς
492 4563 524 4615 ό
557 4561 703 4625 Θεὸς
729 4557 932 4627 audin;
957 4560 1040 4614 Σὺ
1067 4557 1122 4614 εί
1144 4564 1176 4615 ό
1207 4560 1349 4626 Θεὸς
1380 4562 1413 4614 ὁ
1460 4557 1646 4612 ποιῶν
1694 4561 1836 4612 θαυ-

249 4652 466 4723 μάσια.
494 4651 606 4722 Τὴν
635 4651 917 4704 ἀλλοίωσιν
953 4652 1052 4722 τῆς
1094 4651 1273 4716 δεξιᾶς
1297 4650 1391 4705 τοῦ
1430 4650 1681 4720 Ὑψίστου
1715 4666 1840 4702 συν-

258 4740 389 4794 ιδὼν
416 4741 576 4793 ὁποῖα
605 4739 900 4811 εἰργάσατο
921 4751 934 4763 ·
969 4739 1088 4792 ἀντὶ
1123 4740 1230 4811 γὰρ
1262 4740 1380 4803 ἑνὸς
1411 4739 1594 4802 ἔθνους
1622 4738 1839 4792 πάντων

257 4834 369 4887 τῶν
399 4830 565 4885 ἐθνῶν
605 4831 925 4904 εὐεργετικὴ
963 4831 1200 4901 κατέστη
1225 4849 1240 4863 ο
1275 4832 1456 4884 οὐκέτι
1482 4830 1590 4902 γὰρ
1615 4831 1694 4883 ἑνὶ
1725 4828 1839 4898 λαῷ

255 4923 360 4993 τὴν
389 4920 618 4992 δύναμιν
640 4920 826 4986 αὐτοῦ,
854 4919 989 4974 ἀλλὰ
1013 4920 1106 4972 καὶ
1137 4920 1268 4973 πᾶσι
1290 4923 1400 4984 τοῖς
1420 4919 1595 4973 ἔθνεσι
1623 4919 1713 4972 καὶ
1735 4921 1840 4972 πᾶ-

260 5030 316 5066 σι
353 5015 465 5076 τοῖς
495 5012 642 5076 λαοῖς
689 5010 981 5082 ἐγνώρισε·
1034 5010 1222 5080 διόπερ
1261 5011 1694 5082 ἐκπληττόμενος
1743 5009 1839 5062 καὶ

254 5104 683 5173 ἀποθαυμάζων,
707 5103 880 5175 φημί·
916 5107 948 5157 ό
997 5103 1157 5168 Θεὸς,
1190 5103 1259 5156 ὲν
1305 5101 1384 5167 τῷ
1428 5102 1573 5170 ἁγίῳ
1613 5102 1651 5167 ἠ
1700 5099 1838 5165 ὁδός

259 5214 378 5252 σου
405 5214 418 5227 ·
446 5195 700 5250 ἐπέκεινα
726 5195 834 5266 γάρ
872 5197 986 5249 ἐστι
1021 5195 1120 5265 τῆς
1146 5194 1344 5265 θνητῆς
1377 5194 1641 5264 φύσεωςὴ
1673 5193 1839 5247 κατά-

257 5289 422 5358 ληψις
455 5289 554 5359 τῆς
592 5287 711 5341 ὀδοῦ
757 5303 878 5340 σου·
911 5287 1038 5341 ὥστ’
1074 5289 1139 5342 ἂν
1169 5288 1403 5355 εὐλόγως
1436 5287 1602 5355 φάναι
1648 5286 1736 5340 τόο
1772 5288 1833 5340 Ὢ

252 5381 448 5446 ,Βάθος
481 5382 746 5434 πλούτου
775 5381 873 5434 καί
903 5381 1122 5449 σοφίας
1144 5381 1241 5433 καί
1268 5379 1541 5449 γνώσεως
1571 5380 1739 5444 Θεοῦ,
1757 5380 1836 5446 ὡς

259 5468 700 5537 ἀνεξερεύνητα
728 5469 800 5523 τὰ
831 5470 1083 5538 κρίματα
1122 5469 1330 5534 αὐτοῦ,
1366 5470 1462 5522 καὶ
1496 5469 1838 5538 ἀνεξιχνία-

258 5571 397 5614 στοι
429 5565 489 5616 al
524 5561 650 5616 ὁδοὶ
693 5561 899 5616 αὑτοῦ.
934 5562 1126 5615 Οὐκέτ’
1153 5557 1244 5615 οῦν
1274 5561 1539 5633 προσήκει
1564 5561 1840 5632 πολυπρα-

1928 1902 2052 1957 hius
2091 1900 2258 1956 animi
2309 1913 2482 1962 eram,
2523 1897 2616 1950 aut
2668 1895 3060 1958 inﬁrmitatem,
3107 1897 3200 1943 aut
3252 1887 3493 1952 dolores,

1928 2003 2021 2048 aut
2059 1994 2282 2048 vulnera
2328 2006 2448 2046 mea
2489 2005 2628 2045 esse.
2663 1985 2799 2042 Nam
2847 2002 2912 2040 ex
2959 1985 3153 2038 animae
3182 1979 3500 2034 inﬁrmitate

1928 2086 2064 2140 tales
2089 2099 2371 2141 sermones
2403 2081 2625 2152 protuli,
2658 2093 2870 2135 necnon
2902 2092 2969 2131 ex
2997 2075 3218 2130 vulnere
3257 2070 3491 2124 animat:

1925 2181 2245 2234 vulneratus
2277 2190 2467 2244 nempe
2499 2181 2551 2228 et
2582 2172 2769 2226 dolore
2799 2169 3025 2224 allectus
3054 2180 3173 2222 sum
3207 2161 3364 2233 quasi
3391 2173 3495 2230 pro

1927 2269 2188 2324 membris
2232 2267 2401 2331 meis;
2439 2279 2630 2319 verum
2679 2262 2841 2317 etiam
2894 2257 3052 2329 quasi
3086 2255 3274 2309 dolore
3307 2258 3498 2321 partu-

1926 2362 2076 2416 riens
2117 2375 2215 2430 pro
2255 2357 2556 2413 visceribus
2608 2353 2744 2409 meis
2793 2351 2922 2404 talia
2969 2348 3162 2404 eli'atus
3194 2358 3334 2399 sum.
3368 2340 3500 2394 Haec

1926 2467 2088 2522 porro
2119 2465 2238 2505 sum
2271 2462 2584 2518 perpessus,
2615 2445 2741 2514 quia
2767 2442 2876 2497 vidi
2907 2441 3104 2494 factam
3135 2437 3370 2492 dextera:
3400 2430 3495 2484 Al-

1927 2541 2126 2596 tissimi
2155 2541 2533 2595 mutationem.
2576 2536 2716 2593 Olim
2743 2533 2942 2605 quippe
2997 2531 3216 2586 dextera
3258 2526 3349 2581 illa
3394 2522 3500 2578 mi-

1925 2633 2121 2687 rabilia
2149 2633 2319 2685 multa
2348 2629 2699 2700 Operabatur,
2737 2620 2998 2679 benelicia
3030 2615 3368 2673 incredibilia
3397 2625 3499 2682 po-

1927 2724 2054 2795 pqu
2082 2723 2404 2789 conferens;
2436 2735 2581 2775 nunc
2612 2733 2740 2773 vero
2763 2715 2999 2770 dextera:
3026 2708 3239 2764 Excelsi
3267 2703 3501 2760 mutatio

1927 2793 2216 2869 i'acta'est.
2265 2811 2628 2878 Quamobrem
2660 2808 2876 2861 dolores
2918 2818 3004 2857 me
3036 2798 3370 2859 detinebant,
3422 2793 3500 2848 fa-

1926 2912 2150 2974 teorque
2172 2919 2258 2958 me
2279 2904 2462 2956 animo
2492 2901 2833 2955 vulneratum
2855 2912 2918 2950 ex
2953 2892 3145 2947 morbo
3177 2897 3230 2944 et
3267 2884 3502 2942 inﬁrmi-

1928 3004 2040 3051 tate
2106 2993 2464 3065 cognitionis.
2509 2989 2866 3044 Mutationem
2925 3000 3051 3040 vero
3109 2983 3346 3037 dexterae
3401 2975 3498 3032 Dei

1928 3087 2354 3158 conspiciebam,
2407 3081 2727 3139 recordatus
2779 3078 2997 3133 illorum
3045 3073 3321 3146 quondam
3370 3084 3501 3139 ope-

1930 3195 2048 3233 rum
2080 3179 2220 3248 ejus.
2253 3176 2596 3247 Quapropter
2618 3171 2733 3226 ait:
2770 3199 2833 3210 —
2859 3167 3024 3222 Vens.
3060 3165 3148 3225 12.
3182 3163 3267 3216 13.
3297 3159 3500 3213 Memor

1928 3273 2009 3343 fui
2034 3286 2246 3340 operum
2279 3268 2512 3325 Domini.
2538 3265 2602 3318 ab
2636 3265 2785 3318 initio
2813 3260 3137 3317 mirabilium
3167 3266 3374 3309 tuorum
3403 3268 3420 3305 :
3450 3259 3498 3304 et

1928 3363 2218 3419 meditabor
2246 3362 2300 3416 in
2331 3358 2568 3415 omnibus
2591 3355 2830 3425 operibus
2865 3354 2991 3417 tuis,
3024 3361 3073 3406 et
3097 3351 3149 3403 in
3176 3345 3500 3401 adinventio-

1928 3457 2078 3513 nibus
2130 3456 2236 3510 tuis
2281 3454 2578 3509 exercebar.
2615 3450 2720 3505 Pro
2755 3449 2956 3519 quibus
3000 3442 3361 3517 Symmachus
3397 3439 3499 3492 hoc

1930 3549 2090 3604 modo
2133 3547 2526 3616 interpretatus
2573 3552 2658 3599 est
2693 3561 2708 3597 :
2739 3537 3073 3594 Recordabar
3122 3533 3499 3604 cogitationum

1929 3639 2164 3706 Domini,
2192 3639 2368 3692 animo
2400 3637 2604 3692 volvens
2629 3635 2846 3704 antiqua
2871 3629 3111 3700 prodigia
3147 3636 3259 3679 tua.
3297 3622 3362 3676 Et
3393 3638 3501 3674 mes

1930 3731 2142 3785 ditabar
2190 3746 2366 3783 omnes
2406 3728 2634 3781 actiones
2678 3735 2819 3786 tuas,
2857 3733 2906 3776 et
2955 3719 3373 3774 machinamenta
3407 3723 3501 3765 tua

1931 3823 2240 3886 narrabam,
2269 3822 2384 3876 haec
2409 3819 2670 3874 memoria
2694 3823 2965 3886 repetens.
2988 3810 3192 3865 Deinde
3226 3823 3350 3861 vero
3374 3821 3500 3858 cum

1925 3916 2040 3986 jam
2070 3915 2310 3977 audiam,
2352 3908 2627 3983 quomodo
2673 3907 2914 3977 repulisti
2945 3906 2998 3958 in
3033 3903 3210 3972 ﬁnem,
3250 3907 3297 3952 et
3330 3898 3501 3950 iratus

1931 4016 2006 4062 est
2037 4008 2191 4076 [uror
2231 4015 2352 4058 tuus
2401 4019 2556 4072 super
2601 4017 2716 4055 oves
2746 4014 2955 4068 pascua:
3007 4005 3108 4048 tua:
3130 3994 3173 4026 ⁸³
3195 4010 3209 4059 ;
3235 3990 3357 4061 jure
3392 3987 3502 4057 opi-

1932 4109 2094 4154 natus
2127 4114 2245 4155 sum
2271 4112 2392 4152 esse
2415 4095 2772 4149 mutationem
2799 4090 3035 4146 dextera:
3062 4082 3350 4140 Altissimi.
3377 4079 3503 4133 Haec

1932 4191 2132 4261 quippe
2184 4188 2338 4258 signa
2386 4194 2513 4240 sunt
2563 4181 2878 4237 mutationis
2931 4177 3049 4243 Dei,
3104 4191 3168 4230 ac
3212 4169 3504 4228 amotionis

1931 4281 2054 4348 ejus
2074 4281 2142 4335 ab
2172 4279 2284 4341 illa,
2315 4292 2477 4349 quam
2517 4275 2646 4330 olim
2684 4274 2751 4330 de
2779 4271 2980 4343 populo
3005 4267 3250 4340 gerebat,
3301 4261 3504 4320 sollici-

1934 4372 2141 4427 tudine.

2008 4465 2172 4520 Vans.
2205 4463 2290 4524 M,
2329 4461 2416 4516 i5.
2459 4458 2622 4524 Deus,
2666 4457 2720 4511 in
2749 4465 2934 4511 sancto
2957 4454 3041 4508 uia
3068 4453 3179 4521 ejus
3203 4449 3351 4520 :quis
3377 4446 3507 4500 deus

1941 4572 2164 4626 magnus
2191 4557 2328 4608 sicut
2363 4552 2502 4606 Deus
2536 4551 2748 4604 noster?
2779 4558 2830 4601 tu
2859 4564 2912 4601 es
2947 4547 3088 4600 Deus
3126 4544 3214 4613 qui
3243 4541 3376 4610 facis
3402 4539 3504 4591 mi-

1939 4648 2155 4702 rabilia.
2201 4645 2337 4702 Cum
2388 4644 2602 4699 videam
2654 4639 3005 4694 mutationem
3059 4635 3292 4689 dextera:
3334 4631 3504 4683 Altis-

1941 4741 2086 4805 simi,
2112 4747 2166 4794 et
2197 4739 2378 4809 qualia
2404 4744 2626 4807 operata
2659 4733 2763 4799 sit;
2803 4744 2928 4784 nam
2960 4727 3122 4782 unius
3176 4724 3352 4796 gentis
3384 4722 3506 4774 loco

1935 4832 2049 4903 jam
2082 4831 2343 4886 omnibus
2373 4827 2626 4898 gentibus
2658 4821 2900 4878 beneﬁca
2932 4827 3051 4884 est;
3081 4832 3188 4870 non
3231 4814 3375 4869 enim
3410 4810 3504 4863 uni

1943 4901 2142 4996 populo
2175 4929 2235 4977 ut
2281 4921 2433 4981 olim,
2484 4917 2581 4972 sed
2624 4913 2880 4970 omnibus
2909 4909 3160 4981 gentibus
3195 4913 3248 4960 et
3293 4901 3512 4974 populis

1943 4994 2197 5069 uirtutem
2226 5025 2378 5065 suam
2418 5015 2602 5061 mtam
2637 5003 2763 5059 fecit
2789 5021 2806 5069 ;
2833 5000 2956 5056 ideo
2991 5006 3217 5068 stupens
3257 5003 3312 5048 et
3342 4994 3480 5046 mira

1942 5103 2163 5160 bundus
2208 5101 2336 5155 aio:
2368 5098 2528 5163 Deus,
2581 5098 2634 5150 in
2678 5103 2860 5150 sancto
2883 5093 2965 5147 via
3011 5100 3131 5152 tua;
3168 5086 3366 5142 etenim
3408 5083 3513 5138 viz

1945 5204 2050 5250 tuae
2091 5191 2504 5263 comprehensio
2556 5189 2849 5242 humanam
2893 5190 3144 5239 naturam
3185 5182 3507 5246 exsuperat;

1942 5288 2016 5342 ita
2046 5294 2104 5341 ut
2136 5286 2227 5341 hic
2275 5285 2520 5355 apposite
2555 5281 2769 5336 dicatur
2801 5296 2814 5332 :
2851 5275 2892 5332 0
2928 5272 3154 5329 altitudo
3179 5270 3506 5329 divitiarum,

1939 5377 2215 5446 sapientiae
2265 5385 2314 5429 et
2359 5372 2591 5428 scientia:
2638 5369 2747 5432 Dei,
2785 5383 2941 5438 quam
2968 5353 3510 5432 incomprehensibilia

1943 5445 2291 5538 suntjudicia
2313 5466 2448 5536 ejus,
2492 5475 2538 5519 et
2574 5459 2964 5530 investigabiles
2997 5455 3091 5509 via:
3135 5451 3250 5520 ejus
3276 5448 3356 5502 "l
3387 5445 3506 5499 Non

1947 5561 2090 5614 ultra
2119 5574 2247 5630 ergo
2276 5557 2491 5614 curiose
2533 5554 2832 5626 inquirere,
2863 5556 2953 5603 aut
2985 5554 3192 5603 secreta
3219 5539 3514 5612 explorare

357 5721 403 5752 ⁸ο
442 5717 600 5773 Rom.
639 5733 727 5784 xi,
762 5719 848 5775 ⁸55.
927 5719 967 5750 ⁸¹
1013 5717 1157 5776 Psal.
1195 5733 1389 5783 LXXIII,
1431 5718 1480 5773 Ι.
1557 5718 1600 5748 ³¹
1641 5715 1799 5769 Rom.
1836 5730 1924 5774 xi.
1961 5715 2048 5768 55.
