4004 6530
580 332 687 388 895

1295 325 1559 383 EUSEBll
1591 321 2068 382 CZESARIENSIS
2103 322 2254 381 OPP.
2292 321 2472 378 PARS
2500 321 2586 379 lll.
2630 349 2698 362 -
2725 319 3134 378 EXEGETICA.

3731 322 3831 379 896

581 449 835 507 convenit
865 469 878 505 :
903 463 1026 504 nam
1059 449 1175 518 quis
1222 450 1361 503 novit
1391 465 1599 503 sensum
1636 449 1875 514 Domini,
1908 456 1998 503 aut
2030 448 2137 518 quit

2251 448 2494 517 γμονεῖν,
2519 443 2640 498 οὐδὲ
2682 445 2751 498 τά
2792 443 3082 516 ἀπόρρητα
3129 441 3536 516 διερευνᾶσθαι·
3589 445 3684 511 τίς
3728 445 3830 517 γὰρ

578 543 918 598 consiliarius
965 545 1079 610 ejus
1110 541 1305 611 fuit"?
1339 540 1547 597 Idcirco
1590 541 1720 597 dum
1771 542 1888 597 haec
1924 541 2150 613 cogitat,

579 634 991 706 obstupefactus
1027 636 1093 691 de
1140 634 1510 706 profunditate
1557 636 1838 706 sapientia:
1889 634 1982 691 Dei
2031 637 2148 692 ait:

585 728 752 793 Deus,-
769 728 822 781 in
848 735 1030 781 sancto
1055 726 1137 780 via
1169 736 1259 780 tua
1277 726 1425 798 :quis
1452 726 1578 780 deus
1602 743 1823 798 magnus
1845 727 1981 780 sicut
2013 726 2153 781 Deus

579 821 797 873 noster?
832 828 888 872 tu
913 834 967 873 es
991 817 1132 873 Deus
1155 819 1246 888 qui
1269 817 1404 889 facis
1440 818 1726 873 mirabilia.
1764 819 1894 885 Qum
1923 819 2033 874 sint
2063 819 2154 874 illa

579 909 849 963 mirabilia
893 909 996 966 sub
1022 909 1135 964 haec
1167 910 1560 979 interpretatur
1587 909 1776 966 dicens
1802 930 1814 965 :
1845 909 2042 964 Notam
2081 910 2157 980 fe-

577 1001 700 1054 cisti
734 1002 787 1055 in
820 1002 1028 1070 populis
1052 1003 1295 1056 virtutem
1323 1012 1468 1056 tuam
1488 1018 1506 1066 ;
1529 1018 1626 1072 pro
1651 1018 1758 1073 quo
1789 1002 2154 1074 Symmachus

576 1091 769 1156 edidit,
803 1090 1001 1145 Notam
1025 1093 1198 1161 fecisti
1225 1094 1280 1147 in
1317 1092 1556 1165 gentibus
1591 1094 1957 1163 fortitudinem
1983 1105 2151 1148 tuam.

576 1181 713 1236 Nam
763 1183 1222 1252 quemadmodum
1266 1185 1396 1240 olim
1429 1184 1617 1256 (Vens.
1653 1186 1739 1258 16)
1791 1186 2057 1241 redemisti
2099 1190 2154 1242 in

577 1270 793 1327 brachio
835 1283 925 1326 tuo
959 1274 1209 1343 populum
1249 1285 1418 1337 tuum,
1459 1275 1599 1344 ﬁlios
1637 1274 1806 1330 Jacob
1846 1284 1894 1329 et
1923 1275 2152 1346 Ioseph,

571 1361 797 1432 quando
839 1363 1042 1419 liberos
1082 1380 1176 1420 eos
1221 1365 1462 1421 eduxisti
1512 1381 1578 1421 ex
1611 1373 1759 1422 terra
1799 1366 2041 1438 Egypti,
2085 1384 2154 1422 ex

575 1452 742 1509 domo
794 1455 1113 1522 servitutis;
1161 1457 1352 1512 eodem
1383 1473 1601 1527 quoque
1656 1459 1814 1515 modo
1841 1459 1978 1528 jam,
2027 1476 2153 1514 cum

567 1543 721 1600 facta
750 1554 835 1602 est
882 1550 1113 1603 mutatio
1144 1549 1381 1604 dextera}
1416 1550 1708 1616 Altissimi,
1754 1561 1938 1606 notam
1979 1553 2152 1609 iecisti

573 1637 631 1692 in
663 1639 877 1708 pupulis
903 1641 1158 1696 virtutem
1195 1650 1366 1708 tuam,
1399 1649 1454 1699 et
1502 1645 1557 1699 in
1589 1645 1842 1714 gentibus
1872 1645 2152 1700 fortitudi-

567 1745 701 1786 nem
730 1741 903 1789 tuam.

651 1926 812 1985 Vens.
859 1929 944 1986 17.
994 1931 1248 1987 Viderunt
1302 1943 1350 1989 te
1407 1952 1578 2006 aqum,
1619 1937 1781 2001 Deus,
1818 1935 2056 1991 viderunt
2101 1946 2151 1991 te

563 2039 744 2090 τηλίκαι,
786 2032 836 2076 et
871 2024 1181 2091 timuerunt,
1208 2036 1256 2080 et
1292 2028 1519 2084 turbata:
1539 2040 1663 2083 sunt
1707 2027 1906 2099 abyssi.
1944 2027 2150 2082 Admo-

563 2115 698 2168 dum
728 2129 1126 2187 consequenter
1180 2131 1464 2194 postquam
1518 2125 1752 2188 dixerat,
1816 2121 2015 2176 Notam
2070 2122 2150 2192 [e-

560 2207 686 2260 cistt'
719 2209 774 2261 in
793 2211 1001 2280 populis
1025 2214 1270 2269 virtutem
1304 2226 1474 2283 tuam,
1507 2219 1643 2282 sive,
1669 2218 1970 2273 secundum
2000 2215 2151 2288 Sym-

573 2299 852 2364 machum,
909 2301 1113 2358 Notam
1167 2307 1340 2376 fecisti
1383 2311 1437 2364 in
1487 2309 1726 2381 gentibus
1783 2309 2147 2378 fortitudinem

569 2395 738 2453 tuam,
763 2389 943 2447 futura
981 2398 1310 2467 vaticinans,
1342 2400 1598 2456 virtutem
1635 2399 1769 2455 Novi
1811 2399 2147 2457 Testamenti

570 2479 887 2547 prophetice
919 2484 1178 2540 declarat.
1199 2489 1380 2554 Quare
1409 2489 1486 2543 ait
1539 2507 1553 2545 :
1600 2489 1856 2544 Viderunt
1887 2499 1934 2545 te
1967 2505 2142 2562 aqum,

572 2564 736 2633 Deus,
762 2570 998 2628 viderunt
1029 2585 1076 2630 te
1103 2593 1274 2646 aqua,
1304 2588 1352 2634 et
1397 2581 1704 2634 timuerunt.
1736 2581 1891 2636 Sicut
1917 2582 2059 2637 enim
2091 2581 2146 2637 in

571 2658 626 2712 in
657 2661 806 2716 exitu
829 2665 957 2719 olim
994 2666 1224 2722 ﬁliorum
1253 2668 1417 2725 Israel
1445 2687 1508 2727 ex
1551 2671 1807 2742 IEgypto,
1840 2689 1984 2725 more
2016 2670 2144 2724 vidit

564 2762 618 2808 et
647 2758 805 2827 fugit,
826 2756 1084 2816 Jordanis
1116 2779 1393 2818 conversus
1430 2775 1506 2818 est
1530 2774 1819 2818 retrorsum
1843 2762 1921 2830 ⁸⁸;
1951 2763 2142 2818 eodem

568 2847 732 2902 modo
767 2848 821 2902 in
853 2850 1087 2907 adventu
1133 2853 1523 2920 Emmanuelis,
1587 2855 1661 2926 (id
1717 2862 1822 2920 est,
1872 2855 2142 2910 nobiscum

568 2934 756 3011 Deus,)
781 2955 904 2995 eum
930 2945 1164 3000 accessit
1187 2945 1253 2999 ad
1283 2944 1575 3002 Iordanem
1604 2945 1850 3011 ﬂuvium,
1885 2961 2038 3017 aquae
2061 2949 2143 3002 vi-

564 3026 758 3084 dentes
779 3045 901 3084 eum
934 3040 1158 3103 stupore
1193 3037 1458 3106 perculsa:
1477 3046 1624 3092 sunt.
1651 3039 1793 3104 Quin
1818 3041 1979 3093 etiam
1999 3041 2140 3093 mul-

2252 539 2405 607 ἔγνω
2435 537 2588 591 νοῦν
2625 537 2868 604 Κυρίου,
2895 535 2932 605 ἢ
2974 535 3066 601 τίς
3107 536 3454 605 σύμϐουλος
3478 535 3669 590 αὐτοῦ
3713 538 3831 607 ἐγέ-

2251 645 2429 694 vero;
2459 629 2552 682 Διὸ
2581 627 2719 682 κατά
2745 628 2935 700 καιρὸν
2957 626 3125 680 ταῦτα
3145 627 3423 698 ἐννοήσας,
3455 627 3829 699 ὑπερεκπλήτ-

2250 735 2403 773 τεται
2448 718 2510 772 τὺ
2541 718 2704 789 βάθος
2733 719 2834 790 τῆς
2882 718 3074 787 σοφίας
3106 717 3198 770 τοῦ
3232 717 3389 784 Θεοῦ,
3425 717 3517 771 καί
3551 734 3744 789 φησιν·
3781 720 3829 772 '0

2255 809 2420 876 Θεὸς,
2458 807 2528 862 ἐν
2560 807 2638 873 τῷ
2665 809 2811 878 ἁγίῳ
2837 808 2876 876 ἦ
2905 808 3046 874 όδός
3073 823 3191 862 σου
3211 823 3228 838 ο
3261 808 3353 875 τίς
3397 809 3533 875 θεὸς
3547 809 3738 878 μέγας
3759 809 3831 874 ὡς

2253 907 2286 959 d
2318 905 2462 970 Θεὸς
2499 902 2706 974 ήμῶνς
2749 902 2832 956 σὺ
2865 899 2924 956 εἰ
2957 905 2989 956 ὁ
3029 901 3176 967 Θεὸς
3217 902 3250 954 d
3298 897 3486 952 ποιῶν
3510 897 3827 966 θαυμάσια.

2253 997 2390 1051 Ποῖα
2419 998 2475 1051 δὲ
2505 997 2780 1068 θαυμάσια
2803 995 3152 1067 διερμηνεύει
3180 991 3308 1063 ἑξῆς
3331 992 3532 1046 εἰπών’
3570 994 3832 1060 Ἐτηὲῃε-ι-

2253 1103 2370 1153 σας
2417 1087 2486 1140 ἐν
2532 1087 2656 1153 τοῖς
2710 1085 2882 1152 λαοῖς
2930 1085 3046 1154 τὴν
3090 1084 3351 1152 δύναμιν
3399 1101 3549 1138 σου·
3578 1083 3698 1137 ἀνθ’
3725 1077 3831 1138 οἱὸ

2255 1177 2551 1250 Σύμμαχος
2606 1178 2834 1244 ἐξέδωκε
2855 1194 2869 1208 ·
2906 1175 3204 1243 Γνωστὴν
3251 1175 3548 1243 ἐποίησας
3590 1175 3663 1227 ἐν
3717 1175 3831 1242 τοῖς

2252 1271 2456 1326 ἔθνεσι
2483 1270 2596 1338 τὴν
2626 1272 2808 1340 ἰσχύν
2844 1270 3200 1340 σου.⁶Ὧσπερ
3232 1267 3342 1339 γὰρ
3374 1267 3699 1336 summa
3735 1269 3830 1320 πά-

2252 1363 2340 1416 λαι
2374 1363 2503 1416 ποτέ
2526 1363 2596 1416 ἐν
2617 1361 2697 1428 τῷ
2725 1362 3000 1432 βραχίονι
3045 1378 3162 1415 σου
3206 1359 3311 1413 τὸν
3341 1361 3497 1414 λαόν
3537 1374 3683 1422 σου,
3704 1360 3834 1426 τοὺς

2251 1453 2422 1519 υἱοὺς
2455 1452 2655 1507 Ἰακὼϐ
2679 1453 2775 1506 καὶ
2813 1451 3049 1520 Ἰωσὴφ,
3081 1451 3158 1504 ὅτ’
3186 1449 3511 1522 ἡλευθέρους
3550 1451 3752 1514 αὐτοὺς
3775 1451 3832 1501 ἐκ

2253 1546 2354 1617 γῆς
2383 1545 2683 1614 Αἰγύπτου,
2717 1545 2776 1612 ἐξ
2818 1545 2965 1598 οἴκου
3014 1544 3258 1607 δουλείας
3297 1543 3389 1596 τὸν
3428 1544 3594 1596 αὑτὸν
3642 1543 3830 1613 τρόπον

2252 1637 2348 1689 καὶ
2376 1635 2491 1700 νῦν,
2521 1637 2610 1690 ὅτε
2639 1636 2864 1705 γέγονεν
2897 1635 3180 1698 ἀλλοίωσις
3209 1635 3307 1705 τῆς
3339 1634 3520 1701 δεξιᾶς
3551 1634 3649 1688 τοῦ
3687 1635 3830 1704 Ὑψί-

2254 1744 2404 1791 στου,
2435 1726 2742 1798 ἐγνὼρισας
2789 1730 2844 1780 ἐν
2887 1732 2999 1793 τοῖς
3031 1727 3178 1792 λαοῖς
3203 1727 3300 1799 τὴν
3331 1727 3564 1799 δύναμίν
3596 1744 3710 1790 σου,
3743 1729 3826 1780 καὶ

2183 1795 2223 1850 Β
2253 1821 2312 1872 ἐν
2342 1822 2453 1884 τοῖς
2480 1795 2662 1872 ἔθνεσι
2690 1821 2788 1890 τὴν
2825 1818 2977 1889 ἰσχύν
3011 1835 3127 1872 σου.

2321 1931 2590 1986 Εἵδοσάν
2614 1947 2687 1985 σε
2716 1931 2926 1996 ὕδατα,
2949 1936 2981 1985 ό
3017 1933 3160 1997 Θεὸς
3179 1973 3192 1996 ,
3225 1931 3475 1986 εἵὸοσὰν
3502 1946 3582 1985 σε
3616 1933 3825 1994 ὕδατα,

2247 2019 2346 2075 καὶ
2383 2020 2807 2090 ἐφοϐήθησαν,
2843 2021 2940 2074 καὶ
2989 2019 3410 2092 ἐταράχθησαν
3449 2025 3507 2075 al
3553 2023 3824 2075 ἄϐυσσοι.

2248 2113 2460 2185 Σφόδρα
2491 2113 2798 2178 ἀκολούθως
2826 2114 3124 2186 προειπὼν,
3194 2113 3552 2184 Ἐγνὼρισιις
3597 2113 3669 2167 ἐν
3712 2115 3826 2181 τοῖς

2247 2205 2417 2271 λαοῖς
2465 2205 2578 2274 τὴν
2626 2205 2884 2274 δύναμιν
2915 2221 3061 2260 σου·
3122 2208 3334 2278 ἦκατά
3363 2209 3456 2261 τὸν
3506 2209 3822 2280 Σύμμαχον,

2247 2296 2543 2365 Γνωστὴν
2563 2297 2856 2365 ἐποίησας
2876 2297 2947 2351 ἐν
2964 2296 3089 2363 τοῖς
3110 2299 3313 2353 ἔθνεσι
3337 2299 3454 2367 τὴν
3477 2303 3671 2370 ἰσχύν
3695 2318 3823 2367 σου,

2247 2388 2542 2459 παρίστησι
2571 2391 2668 2460 τὴν
2699 2388 2926 2461 δύναμιν
2952 2390 3050 2461 τῆς
3078 2391 3286 2460 Καινῆς
3305 2391 3590 2462 Διαθήκης
3624 2409 3826 2463 προφη-

2246 2480 2411 2544 τικῶς
2430 2480 2498 2534 τὰ
2521 2481 2778 2551 μέλλοντα
2803 2482 3094 2546 θεσπίζων.
3127 2484 3218 2536 Διό
3247 2502 3408 2556 φησιν
3425 2502 3437 2514 ·
3469 2483 3741 2538 Εῖδοσάν
3758 2501 3825 2538 σε

2245 2571 2455 2639 ὕδατα,
2474 2577 2506 2626 ὀ
2525 2575 2686 2640 Θεὸς,
2709 2573 2958 2628 ε’ἵδοσάν
2976 2590 3050 2628 σε
3076 2575 3277 2640 ὕδατα,
3302 2576 3396 2628 καὶ
3417 2574 3820 2644 ἐφοϐήθησαν.

2247 2664 2458 2737 ’Ὠσπερ
2488 2665 2595 2738 γὰρ
2631 2667 2795 2720 πάλαι
2821 2668 2949 2720 ποτὲ
2973 2668 3064 2720 ἐπὶ⁴
3093 2668 3191 2739 τῆς
3217 2667 3274 2733 ἐξ
3292 2668 3570 2737 Αἰγύπτου
3605 2669 3822 2739 πορεὶας

2243 2755 2352 2809 τῶν
2383 2757 2514 2808 υἱῶν
2558 2758 2772 2829 Ἰσραὴλ
2797 2797 2811 2820 ,
2862 2759 2900 2824 ή
2937 2757 3217 2812 θάλασσα
3248 2755 3401 2822 εἶδε,
3451 2758 3549 2811 καὶ
3585 2757 3819 2828 ἔφυγεν,

2245 2851 2278 2901 ό
2315 2847 2614 2916 Ἰορδάνης
2635 2849 2902 2918 ἐστράφη
2927 2852 3012 2915 εἰς
3043 2851 3112 2902 τὰ
3133 2851 3326 2903 ὀπίσω
3342 2867 3356 2880 ο
3390 2850 3484 2903 τὸν
3512 2850 3681 2903 αὐτὸν
3706 2851 3818 2920 τρό-

2243 2955 2344 2992 πον
2387 2941 2479 2992 καὶ
2526 2939 2666 2993 κατά
2706 2940 2804 3011 τὴν
2852 2941 3152 3012 παρουσίαν
3197 2942 3289 2994 τοῦ
3339 2941 3818 3012 Ἑμμανουὴλ,δη-

2242 3031 2374 3104 λαδὴ
2413 3030 2506 3085 τοῦ
2544 3032 2663 3104 μεθ’
2693 3033 2849 3105 ἡμῶν
2893 3032 3026 3086 Θεοῦ
3048 3073 3062 3098 ,
3105 3034 3341 3106 ὁπηνίκα
3373 3035 3580 3106 παρῄει
3609 3035 3704 3087 ἐπὶ
3733 3034 3818 3086 τὸν

563 3119 741 3175 titudo
774 3126 1101 3193 populorum
1142 3126 1194 3180 in
1229 3127 1492 3185 Ecclesiis
1541 3128 1636 3186 Dei
1685 3131 1933 3194 collecta,
1980 3133 2137 3202 aquis

2253 3122 2522 3194 Ἰορδάνην
2554 3124 2818 3193 ποταμὸν,
2849 3123 3024 3178 ἰδόντα
3049 3125 3210 3178 αὐτὸν
3236 3125 3302 3178 τὰ
3333 3124 3500 3178 ὕδατα
3525 3125 3814 3196 ἐξεπλάγη.

560 3210 872 3267 consimilis
904 3212 1095 3283 (Vens.
1135 3215 1218 3286 18)
1253 3219 1554 3274 secundum
1605 3221 1983 3292 propheticum
2025 3237 2143 3276 ser-

563 3314 804 3364 monem,
852 3303 964 3358 Vox
992 3309 1225 3376 gentium
1255 3309 1569 3375 multarum,
1605 3313 1798 3366 similis
1832 3316 1983 3385 aquis
2012 3314 2142 3368 mul-

561 3389 633 3442 tis
657 3390 724 3453 ⁸⁵,
762 3390 930 3448 Deum
989 3395 1135 3452 inter
1171 3398 1422 3456 homines
1466 3403 1900 3473 peregrinantem
1942 3407 2138 3462 mentis

561 3481 738 3537 oculis
760 3483 976 3550 videns,
1008 3488 1233 3543 salutari
1265 3491 1460 3547 timore
1497 3502 1747 3564 correpta
1781 3503 1887 3558 est,
1931 3495 1999 3552 de
2027 3513 2137 3568 quo

556 3569 784 3640 dicitur,
831 3575 1053 3633 Initium
1103 3580 1379 3650 sapientia:
1433 3585 1590 3638 timor
1645 3583 1741 3638 Dei
1777 3585 1844 3644 ⁸⁸.
1881 3585 2135 3654 Quandiu

556 3665 710 3720 enim
735 3681 889 3738 aqua:
920 3671 1023 3725 illa!
1075 3687 1232 3727 σαθραὶ
1276 3683 1453 3739 erant,
1499 3673 1667 3732 Deum
1700 3693 1808 3732 non
1852 3679 2131 3746 videbant,

556 3772 663 3814 nec
689 3759 886 3817 timore
909 3763 1031 3832 ejus
1051 3764 1257 3820 allectat:
1283 3777 1471 3836 erant;
1497 3784 1644 3824 nunc
1670 3779 1849 3825 autem
1879 3787 2131 3841 magnam

558 3850 852 3908 utilitatem
884 3871 947 3910 ex
980 3859 1444 3929 contemplatione.
1498 3871 1552 3918 et
1604 3863 1920 3933 cognitione
1967 3863 2130 3918 Verbi

555 3941 702 4010 apud
737 3958 796 3998 se
825 3947 1231 4016 peregrinantis
1262 3961 1613 4022 acreperunt.
1645 3951 1996 4025 Rursum'que
2043 3971 2131 4010 se-

554 4031 797 4086 cundum
832 4033 1139 4101 historiam,
1175 4054 1300 4092 cum
1342 4039 1600 4097 Servator
1632 4043 1932 4114 discipulos
1960 4045 2130 4115 jussit

556 4125 855 4180 ascendere
901 4130 954 4182 in
982 4131 1292 4187 naviculam
1326 4143 1379 4188 et
1413 4136 1800 4204 transfretare;
1847 4143 1902 4192 et
1931 4146 2128 4208 quarta

555 4215 740 4285 vigilia
774 4220 952 4274 noctis
994 4222 1140 4276 venit
1173 4222 1240 4277 ad
1289 4241 1384 4281 eos
1416 4227 1703 4282 ambulans
1733 4243 1900 4299 supra
1937 4243 2124 4296 mare;

552 4312 690 4360 tunc
722 4307 886 4362 etiam
918 4311 1170 4366 viderunt
1206 4329 1329 4368 eum
1362 4330 1516 4387 aqua:
1545 4324 1597 4372 et
1621 4318 1941 4375 timuerunt.
1993 4321 2126 4375 ltem

551 4397 775 4466 quando
837 4399 1139 4472 increpavit
1190 4415 1383 4462 ventos
1438 4415 1493 4462 et
1531 4425 1699 4472 mare,
1746 4419 1800 4465 et
1854 4410 1996 4466 facta
2041 4419 2125 4467 est

2199 3207 2202 3211 ’
2244 3213 2318 3266 Οὐ
2343 3212 2447 3284 μὴν
2479 3213 2613 3267 ἀλλὰ
2645 3216 2738 3268 καὶ
2763 3214 2832 3267 τὰ
2860 3213 3038 3284 πλήθη
3072 3215 3180 3268 τῶν
3213 3217 3270 3268 ἐν
3303 3218 3423 3278 ταῖς
3473 3215 3818 3288 Ἐκκλησίαις

2239 3303 2333 3356 τοῦ
2352 3304 2485 3356 Θεοῦ
2513 3322 2806 3378 συγκροτου
2817 3308 2991 3379 μένων
3012 3308 3175 3372 λαῶν,
3201 3307 3354 3361 ὕδασι
3376 3308 3819 3379 παρωμοιωμένα

2241 3396 2382 3450 κατά
2407 3395 2498 3448 τὸν
2531 3399 2806 3466 φάσκοντα
2831 3399 3164 3472 προφητικὸν
3193 3400 3348 3468 λόγον
3367 3441 3381 3464 ,
3422 3400 3601 3468 Φωνὴ
3634 3399 3817 3454 ἐθνῶν

2237 3487 2486 3542 πολλῶν
2543 3491 2716 3559 ὁμοία
2740 3491 2975 3546 ὑδάτων
3007 3492 3283 3547 πολλῶν·
3315 3493 3488 3546 ἰδόντα
3513 3494 3699 3565 ψυχῆς
3728 3495 3817 3565 ὀφ-

2237 3576 2461 3650 θαλμοῖς
2489 3580 2577 3634 τὸν
2611 3583 2691 3645 εἰς
2721 3581 3038 3654 ἀνθρώπους
3067 3585 3498 3656 ἐπιδεδημηκότα
3525 3587 3664 3639 Θεὸν
3688 3629 3703 3650 ,
3740 3589 3820 3656 φό-

2236 3669 2328 3723 ϐον
2359 3671 2618 3726 ἀνέλαϐον
2650 3675 2937 3747 σωτήριον,
2971 3677 3099 3748 περὶ
3128 3670 3188 3730 οὗ
3216 3679 3457 3749 εἴρηται·
3503 3679 3696 3748 Ἀρχὴ
3725 3699 3819 3733 σοι

2233 3763 2374 3832 φίας
2411 3766 2594 3833 φόϐος
2649 3766 2817 3820 Θεοῦ.
2878 3767 3022 3832 Ἕως
3057 3769 3155 3839 μὲν
3198 3769 3303 3840 γὰρ
3337 3769 3724 3838 τυφλώττοντα
3757 3770 3816 3844 ἦν

2230 3852 2405 3906 ταῦτα
2428 3853 2496 3907 τὰ
2529 3853 2716 3922 ὕδατα,
2742 3857 2840 3928 οὐχ
2867 3857 3011 3930 ἑώρα
3037 3859 3126 3912 τὸν
3153 3859 3305 3922 Θεὸν,
3322 3861 3442 3914 οὖδέ
3477 3862 3648 3932 φόϐον
3679 3860 3816 3935 εἶχεν

2231 3941 2396 3996 αὑτοῦ
2419 3959 2433 3974 '
2464 3946 2582 3998 νυνὶ
2601 3946 2656 3999 δὲ
2680 3947 2747 4002 τὰ
2772 3949 2982 4017 μεγάλα
3005 3950 3278 4021 ὠφέληται
3304 3951 3409 4004 ἀπὸ
3437 3953 3536 4022 τῆς
3566 3953 3702 4019 θέας
3731 3958 3816 4010 καὶ

2229 4034 2330 4103 τῆς
2360 4034 2615 4104 γνώσεως
2645 4037 2738 4091 τοῦ
2774 4041 3211 4112 ἐπιδημήσαντος
3245 4044 3426 4107 αὐτοῖς
3463 4044 3649 4113 λόγου.
3712 4049 3812 4101 Καὶ

2228 4121 2382 4190 αὖθις
2407 4127 2545 4180 κατά
2573 4129 2670 4198 τὴν
2703 4131 2962 4203 ἱστορίαν,
2992 4134 3229 4203 ὁπηνίκα
3261 4136 3288 4187 ὁ
3314 4135 3504 4207 Σωτὴρ
3531 4140 3807 4207 ἠνάγκασε

2225 4218 2354 4280 τοὺς
2379 4218 2627 4290 μαθητὰς
2655 4221 2899 4276 ἀνελθεῖν
2921 4225 3001 4288 εἰς
3029 4225 3088 4278 τὸ
3109 4227 3291 4280 πλοῖον
3320 4229 3414 4281 καὶ
3438 4231 3708 4301 προάγειν
3735 4236 3808 4296 εἰς

2225 4308 2287 4361 τὸ
2328 4311 2533 4382 πέραν·
2570 4309 2689 4367 εἶτα
2728 4315 2962 4388 τετάρτῃ
3007 4318 3220 4390 φυλακῇ
3255 4319 3355 4388 τῆς
3386 4322 3586 4387 νυκτὸς
3619 4325 3808 4396 ἤρχετο

2227 4401 2364 4468 πρὸς
2389 4403 2587 4468 αὐτοὺς
2616 4406 2933 4474 περιπατῶν
2963 4409 3055 4461 ἐπὶ
3083 4410 3182 4481 τῆς
3210 4410 3511 4483 θαλάσσης·
3563 4418 3660 4470 καὶ.
3692 4417 3806 4470 τότε

553 4489 928 4557 tranquillitas
953 4507 1167 4562 magna,
1195 4496 1427 4551 turbatae
1451 4508 1580 4551 sunt
1609 4499 1814 4570 abyssi,
1849 4507 1904 4554 et
1938 4501 2122 4554 multi.

2238 4487 2371 4546 εἶδον
2390 4495 2552 4548 αὐτὸν
2575 4493 2761 4560 ὕδατα,
2786 4499 2878 4553 καὶ
2900 4477 3264 4572 ἐφοϐήθη-σαν.
3303 4477 3470 4560 una
3485 4509 3582 4560 καὶ
3601 4511 3689 4562 ὅτε
3715 4511 3807 4563 ἐπ-

550 4577 687 4633 tudo
725 4582 939 4638 sonitus
993 4599 1278 4655 aquarum.
1309 4583 1434 4643 Haec
1473 4586 1637 4659 porro
1668 4591 1971 4645 secundum
2006 4607 2130 4662 pro-

550 4670 793 4742 phetiam
842 4675 909 4729 ad
942 4675 1180 4731 litteram
1212 4679 1610 4749 implebantur;
1661 4683 1964 4737 secundum
1994 4699 2124 4738 vero

549 4763 874 4834 penitiorem
929 4778 1187 4835 mentem,
1240 4787 1437 4843 aqum,
1507 4789 1700 4844 nempe
1746 4776 2124 4832 ecclesiastica

548 4854 845 4909 multitudo
873 4859 1130 4917 omnibus
1174 4877 1237 4917 ex
1276 4866 1531 4934 gentibus
1588 4866 1841 4930 collecta,
1904 4867 2122 4921 initium

547 4944 830 5012 sapientia:
873 4946 1077 5004 effecta:
1130 4959 1279 5016 sunt,
1317 4960 1500 5024 utpote
1550 4969 1670 5024 qua:
1703 4955 1888 5009 divino
1923 4955 2123 5008 timore

545 5031 754 5088 uirecta:
786 5034 1009 5104 fuerint,
1038 5041 1340 5097 secundum
1371 5045 1526 5108 illud,
1572 5043 1794 5098 Initium
1842 5045 2118 5114 sapientia:

543 5121 705 5176 timor
735 5121 944 5180 Domini
965 5127 1030 5181 ⁸⁷.
1067 5129 1266 5200 Abyssi
1301 5148 1449 5198 vero,
1473 5149 1602 5204 quae
1619 5135 1849 5190 diversa:
1865 5135 1935 5190 ab
1959 5137 2120 5205 aquis

543 5225 722 5279 erant,
757 5219 987 5276 turbata:
1022 5232 1172 5288 sunt,
1226 5224 1298 5278 ita
1341 5233 1401 5278 ut
1453 5229 1692 5282 sonitum
1721 5243 1784 5282 ac
1819 5227 2114 5282 tumultum

540 5302 808 5366 facerent.
833 5309 1044 5368 Dixeris
1073 5329 1237 5382 porro
1260 5315 1489 5388 abyssos
1520 5333 1642 5372 esse
1662 5320 1902 5387 gentium
1931 5319 2112 5372 incre-

541 5394 796 5454 dularum
842 5401 1087 5465 ordines,
1143 5420 1264 5473 qua:
1310 5406 1479 5461 variis
1534 5408 1870 5478 temporibus
1923 5417 2115 5465 contra

549 5486 846 5546 Ecclesiam
884 5494 1251 5565 insurgentes,
1288 5499 1699 5568 persecutiones
1739 5501 2112 5556 concitarunt.

551 5578 659 5638 Sed
689 5583 865 5654 primo
889 5585 1108 5656 quidem
1156 5603 1313 5659 aqum
1344 5587 1515 5644 Deum
1555 5590 1874 5658 timuerunt,
1927 5599 2113 5664 postea

2233 4586 2460 4658 ετίμησε
2481 4591 2591 4652 τοῖς
2621 4589 2842 4662 ἀνέμοις
2872 4594 3040 4667 καὶτῇ
3065 4594 3327 4669 θαλάσσῃ,
3347 4599 3439 4652 καὶ
3467 4601 3687 4668 ἐγένετο
3713 4619 3806 4671 γαρ-

2226 4676 2359 4750 λήνη
2395 4680 2638 4751 μεγάλη,
2670 4683 3050 4756 ἐταράχθησαν
3083 4689 3137 4741 αἱ
3169 4688 3412 4753 ἄϐυσσοι,
3464 4693 3560 4745 καὶ
3606 4695 3804 4766 πλῆθος

2224 4769 2390 4840 ἦχους
2419 4770 2628 4836 ὓδατος.
2663 4774 2772 4827 Καὶ
2801 4775 2973 4830 ταῦτα
3006 4778 3103 4849 μὲν
3141 4779 3373 4836 ἐτελεῖτο
3406 4786 3717 4856 συμφώνως
3739 4790 3798 4860 τῇ

2224 4863 2533 4934 προφητείᾳ
2558 4863 2693 4935 πρὸς
2719 4864 2884 4933 λέξιν,
2913 4868 3048 4941 πρὸς
3075 4869 3132 4922 δὲ
3153 4869 3408 4938 διάνοιαν,
3443 4875 3512 4928 τά
3546 4877 3645 4945 μὲν
3676 4878 3798 4931 ὕδα-

2221 4971 2311 5019 τα,
2345 4955 2488 5025 λέγω
2509 4957 2566 5010 δὲ
2594 4957 2664 5012 τὰ
2694 4959 2872 5032 πλήθη
2904 4961 2971 5015 τὰ
2999 4963 3427 5035 ἐκκλησιαστικά
3459 4967 3519 5034 ἐξ
3543 4971 3796 5024 ἁπάντων

2224 5044 2334 5100 τῶν
2360 5047 2529 5102 ἐθνῶν
2555 5051 2892 5122 συνηγμένα,
2919 5053 3059 5125 ἀρχὴ
3086 5057 3272 5124 σοφίας
3299 5057 3509 5128 γέγονε,
3539 5061 3634 5114 τὸν
3659 5062 3791 5116 θεῖοι

2224 5140 2561 5196 ἀναλαϐόντα
2609 5143 2770 5212 φόϐον
2816 5143 2960 5198 κατά
3000 5145 3060 5198 τὸ
3081 5187 3096 5211 ,
3137 5147 3315 5218 Ἀρχὴ
3365 5151 3587 5219 σοφίας
3614 5156 3790 5221 φόϐος

2223 5233 2474 5300 Κυρίου·
2505 5237 2561 5288 αἱ
2588 5234 2644 5288 δέ
2679 5235 2922 5303 ἄϐυσσοι,
2957 5239 3136 5312 ἕτεραι
3164 5236 3318 5295 οὖσαι
3348 5243 3498 5315 παρά
3526 5245 3595 5298 τά
3629 5247 3787 5300 ὕδατα

2212 5322 2611 5396 ἐταράχθησαν,
2635 5326 2711 5390 ὡς
2729 5321 2860 5398 ἦχον
2890 5329 2983 5381 καὶ
3005 5328 3230 5401 θόρυϐον
3255 5336 3574 5403 παρασχεῖν.
3609 5336 3787 5395 Εἴποις

2212 5413 2260 5468 δ’
2298 5414 2364 5468 ἂν
2403 5414 2503 5480 τὰς
2535 5416 2804 5483 ἀϐύσσους
2831 5416 2968 5474 εἶναι
3011 5420 3080 5474 τά
3117 5423 3370 5492 τάγματα
3403 5424 3512 5477 τῶν
3546 5426 3782 5479 ἀπίστων

2205 5493 2387 5558 ’ἐθνῶν
2415 5505 2522 5561 τῶν
2549 5508 2614 5579 τῇ
2663 5507 2958 5580 Ἐκκλησία
2988 5509 3130 5564 κατά
3169 5514 3394 5584 καιροὺς
3418 5512 3779 5584 ἐπανισταμὲ·

2215 5613 2355 5660 νων,
2401 5597 2498 5650 καὶ
2539 5597 2667 5661 τοὺς
2706 5599 2826 5652 κατ’
2859 5599 3027 5672 αὐτῆς
3067 5599 3338 5674 διωγμοὺς
3375 5603 3774 5675 ἐπεγειρόντων·

636 5759 680 5793 ⁸³
720 5758 822 5816 lsa.
858 5778 956 5830 ιι,
997 5765 1080 5820 13.
1159 5767 1199 5801 ⁸³
1245 5767 1385 5826 Psal.
1425 5785 1588 5839 cun,
1623 5773 1674 5828 5.
1753 5775 1797 5806 ⁸⁸
1843 5774 1943 5830 ιιιο
1980 5775 2012 5830 h
2071 5790 2136 5830 ιι.

2257 5779 2310 5833 2.
2388 5778 2432 5808 "
2474 5777 2615 5834 Psal.
2653 5795 2748 5843 cx,
2791 5780 2875 5837 lo.
2953 5781 2995 5814 ⁸⁷
3037 5779 3182 5838 Psal.
3214 5797 3303 5850 cx,
3341 5781 3426 5840 Ιθ.
