4004 6534
198 370 311 426 897

1323 355 1827 413 COMMENTARIA
1870 356 1939 413 IN
1978 356 2315 415 PSALMOS.

3352 358 3461 415 898

214 490 377 546 Ἀλλά
409 488 508 561 μὲν
537 484 730 558 πρῶτα
758 484 926 538 ὕδατα
956 479 1201 551 ἐφοϐεῖτο
1226 478 1316 531 τὸν
1341 478 1494 541 Θεὸν,
1523 479 1577 531 αἱ
1603 477 1659 530 δὲ
1687 476 1781 548 δη-

1891 486 2198 533 memoratte
2245 479 2429 551 abyssi
2462 477 2691 532 turbatae
2737 484 2868 532 sunt
2925 494 2937 531 :
2982 482 3177 545 prmter
3207 472 3295 528 illa
3328 491 3459 531 vero

196 585 459 639 λωθεῖσαι
475 580 696 636 ἄϐυσσοι
716 576 1097 646 ἐταράττοντο·
1118 570 1298 643 τρίτον
1318 572 1375 625 δὲ
1391 569 1576 640 τάγμα
1593 569 1787 639 τυγχά-

193 697 283 733 νει
316 676 470 748 παρὰ
500 674 567 729 τὰ
593 670 891 742 λελεγμένα
918 668 979 721 τὸ
1001 666 1109 720 τῶν
1136 663 1375 735 νεφελῶν
1399 706 1412 730 ,
1448 663 1476 716 ὃ
1504 663 1566 734 δὴ
1602 661 1787 733 φωνὴν

198 773 392 828 ἔδωκε.
422 769 578 831 Τίνες
603 767 658 819 δὲ
683 761 823 836 ἦσαν
850 764 904 817 αἱ
932 760 1182 829 νεφέλαι,
1209 757 1322 814 ἀλλ’
1348 757 1381 828 ἦ
1406 759 1460 810 αἱ
1484 754 1788 809 κελευσθεῖ-

200 877 293 913 σαι
326 858 400 929 μὴ
433 856 642 928 βρέχειν
672 854 765 907 ἐπὶ
792 853 884 906 τδν
915 852 1178 923 πρότερον
1201 845 1521 918 ἀμπελῶνα,
1553 845 1697 898 κατὰ
1726 843 1787 897 τὸ

196 952 380 1021 φῆσαν
415 949 594 1018 λόγιον
617 965 630 977 ·
665 947 774 999 Καὶ
815 944 947 1009 ταῖς
971 942 1254 1011 νεφέλαις
1282 937 1635 1007 ὲντελοῦμαι
1678 936 1786 990 τοῦ

190 1043 280 1113 μὴ
309 1041 526 1110 βρέξαι
555 1040 647 1093 ἐπ’
682 1036 870 1091 αὐτὸν
892 1075 908 1101 ,
941 1033 1099 1103 δῆλον
1131 1031 1210 1093 δὲ,
1240 1031 1321 1084 ὅτι
1356 1029 1447 1082 τὸν
1473 1029 1537 1081 ὲκ
1568 1044 1788 1100 περιτο-

202 1133 311 1204 μῆς
336 1131 497 1196 λαόν;
528 1128 765 1197 Νεφέλαι
787 1121 1293 1193 δὲπεπληρωμέναι
1327 1120 1534 1172 ὑδάτων
1565 1117 1638 1190 μὴ
1665 1116 1788 1169 {iou-

203 1241 295 1276 σαι
326 1222 417 1275 ἐπὶ
446 1221 537 1275 τὸν
569 1218 793 1273 παλαιὸν
820 1213 1117 1287 ἀμπελῶνα
1146 1212 1291 1275 τίνες
1314 1210 1379 1264 ἀν
1406 1208 1515 1263 εἷεν
1545 1209 1577 1281 ἢ
1611 1210 1658 1261 οἱ
1691 1206 1783 1261 τοῦ

200 1316 456 1386 Σωτῆρος
487 1311 723 1384 μαθηταὶ
743 1310 835 1363 καὶ
860 1304 1146 1362 ἀπόστολοι
1175 1304 1269 1357 καὶ
1293 1300 1671 1371 εὐαγγελισταὶ
1687 1339 1702 1363 ,
1734 1299 1783 1352 οἳ

198 1406 321 1460 καθ’
343 1405 469 1476 ὅλης
500 1403 598 1473 τῆς
612 1400 933 1472 οἰκουμένης
963 1397 1053 1451 τὸν
1086 1395 1406 1466 ἐπουράνιον
1439 1393 1591 1447 ὑετὸν
1610 1391 1784 1445 διαδε-

196 1496 452 1559 δωκότες,
472 1496 653 1566 φωνὴν
680 1493 909 1556 ἔδωκαν,
931 1490 1071 1543 ὥστε
1087 1490 1167 1552 εἰς
1199 1488 1378 1540 πᾶσαν
1399 1485 1497 1557 τὴν
1514 1485 1616 1556 γῆν
1633 1483 1782 1549 ἐξελ-

200 1589 316 1643 θεῖν
339 1589 429 1642 τὸν
452 1587 688 1657 φθόγγον
709 1583 912 1649 αὐτῶν,
943 1583 1037 1637 καὶ
1057 1583 1136 1645 εἰς
1158 1580 1225 1634 τὰ
1246 1579 1458 1651 πέρατα
1482 1576 1583 1646 τῆς
1605 1578 1785 1628 οἰκου-

204 1681 373 1752 μένης
395 1680 463 1733 τὰ
493 1681 712 1751 ῥήματα
742 1676 951 1741 αὐτῶν;
981 1676 1071 1728 Διὸ
1094 1673 1374 1727 λέλεκται·
1403 1669 1615 1738 Φωνὴν
1644 1668 1784 1722 ἐδω-

200 1790 317 1829 καν
347 1775 404 1826 al
429 1771 707 1840 νεφέλαι·
746 1769 845 1822 καὶ
878 1768 987 1839 γὰρ
1022 1766 1093 1821 τὰ
1115 1765 1271 1831 ,ϐέλη
1306 1781 1422 1819 σου
1473 1761 1784 1829 διαπορεύ-

199 1884 387 1921 artat.
418 1866 550 1919 Ποῖα
577 1864 634 1917 δὲ
661 1863 730 1916 τὰ
756 1862 883 1935 βέλη
912 1861 944 1933 ἥ
974 1860 1040 1915 τὰ
1063 1860 1305 1930 σωτήρια
1334 1856 1427 1909 καὶ
1453 1854 1521 1909 τὰ
1550 1850 1785 1906 ἐκλεκτά

198 1959 270 2016 τά
302 1957 671 2029 τιτρώσκοντα
703 1955 801 2018 τὰς
830 1952 940 2006 τῶν
976 1949 1296 2021 σωζομένων
1351 1946 1527 2017 ψυχὰς
1548 1985 1562 2008 ,
1610 1943 1674 1996 δι’
1710 1937 1787 1995 ὧν

198 2056 235 2126 ἢ
280 2056 468 2123 νύμφη
515 2047 753 2119 Χριστοῦ
795 2048 830 2118 ἡ
874 2044 1170 2114 Ἐκκλησία
1199 2039 1504 2112 τετρῶσθαι
1536 2038 1787 2109 ὁμολογεί

201 2144 489 2214 φάσκουσα
509 2158 522 2170 ·
553 2142 674 2192 Ὅτι
699 2134 1028 2206 τετρωμένην]
1054 2131 1290 2203 ἀγάπης
1310 2130 1459 2200 ἐγώ;
1483 2130 1593 2183 Καὶ
1625 2129 1787 2191 αὐτὸς

196 2237 254 2290 δὲ
284 2238 314 2289 6
344 2233 537 2304 Σωτὴρ
570 2231 719 2303 βέλος
747 2228 1032 2297 ὠνόμαστο
1064 2225 1205 2279 κατὰ
1236 2223 1330 2276 τὸν
1380 2222 1605 2275 εἰπόντα
1651 2236 1788 2292 προ-

196 2328 409 2398 φήτην·
462 2321 684 2390 Ἔθηκέ
705 2337 781 2390 με
806 2320 886 2384 ὡς
908 2317 1096 2382 ,βέλος
1127 2312 1415 2368 ἐκλεκτὸν
1432 2353 1447 2373 ,
1492 2311 1591 2365 καὶ
1618 2311 1689 2364 ἐν
1712 2309 1788 2379 τῇ

194 2416 461 2489 φαρέτρᾳ
488 2412 673 2468 αὐτοῦ
697 2409 926 2480 ἔκρυψέ
953 2425 1031 2479 με
1055 2424 1069 2439 ·
1134 2405 1293 2459 Ἀλλά
1318 2405 1412 2457 τοῦ
1448 2404 1547 2475 μὲν
1572 2402 1788 2474 Πατρὸς

199 2511 357 2582 βέλος
391 2504 459 2579 ἦν
490 2508 519 2559 6
557 2504 852 2579 μονογενὴς
870 2501 1035 2555 αὑτοῦ
1062 2499 1230 2568 Λόγος
1250 2515 1261 2526 ·
1287 2494 1381 2571 τοῦ
1414 2495 1469 2548 δὲ
1504 2492 1634 2547 Υἱοῦ
1658 2492 1785 2564 βέλη

195 2602 495 2671 ἐτύγχανον
523 2600 569 2650 οξ
599 2595 905 2656 ἀπόστολοι,
932 2593 1027 2647 καὶ
1053 2592 1122 2645 τὰ
1142 2589 1259 2642 θεῖα
1286 2588 1382 2642 καὶ
1411 2586 1786 2658 πεπυρωμένα

193 2694 367 2748 αὐτοῦ
394 2693 569 2761 λόγια.
627 2690 716 2742 Διὸ
747 2688 994 2741 λέλεκται
1023 2686 1080 2737 ὲν
1108 2680 1187 2754 τῷ
1222 2682 1353 2754 περὶ
1379 2680 1473 2734 τοῦ
1500 2676 1784 2748 ἀγαπητοῦ

189 2780 401 2853 ψαλμῴ
423 2798 436 2810 ·
493 2779 576 2833 Τὰ
601 2777 762 2845 ,βέλη
796 2793 913 2830 σου
945 2773 1312 2844 ἠκονημένα,
1347 2772 1483 2826 λαοὶ
1507 2768 1788 2825 ὑποκάτω

194 2893 319 2929 σου
352 2871 698 2927 πεσοῦνται.
759 2867 914 2921 Οὕτω
939 2867 982 2920 δ’
1015 2862 1109 2921 οὖν
1138 2866 1234 2919 καὶ
1263 2863 1499 2917 ἐνταῦθα
1536 2863 1749 2933 εἴρηται
1769 2878 1785 2893 ·

194 2966 313 3021 Kal
339 2965 445 3035 γὰρ
468 2963 537 3017 τὰ
550 2961 706 3029 βέλη
730 2977 848 3015 σου
869 2959 1342 3027 διαπορεύονται.
1365 2954 1786 3027 Περιτρέχονται

193 3055 272 3123 γά
281 3072 313 3125 ρ
337 3050 649 3122 ἁπανταχοῦ
676 3052 751 3103 τά
776 3049 868 3103 τοῦ
896 3048 1134 3121 Χριστοῦ
1160 3047 1287 3117 βέλη
1316 3045 1658 3117 διεπορεύετο
1686 3061 1787 3114 κη-

201 3146 466 3220 ρῦττοντα
487 3162 500 3176 ·
532 3144 612 3197 διὸ
640 3142 851 3212 φωνὴν
880 3141 1111 3195 ἔδωκαν
1137 3142 1195 3192 al
1223 3138 1471 3207 νεφέλαι
1493 3155 1505 3169 ·
1532 3135 1667 3190 ἀλλὰ
1693 3134 1787 3189 καὶ

197 3238 377 3307 Φωνὴ
404 3237 513 3305 τῆς
544 3232 956 3305 βροντῆςσου,
990 3233 1174 3304 φησὶν,
1198 3232 1269 3285 ἐν
1288 3230 1368 3297 τῷ
1389 3229 1602 3298 τροχῷ·
1634 3228 1787 3300 βρον-

196 3332 304 3406 τὴν
336 3332 393 3386 δὲ
421 3329 655 3384 ἐνταῦθα
684 3328 745 3382 τὸ
778 3328 1039 3400 κήρυγμα
1075 3325 1137 3377 τὸ
1178 3324 1529 3393 εὐαγγελικὸν
1556 3322 1788 3376 αἰνίττε-

200 3443 315 3481 ται.
387 3424 476 3486 Ὠς
509 3423 617 3492 γάρ
658 3419 809 3491 φωνὴ
841 3418 1069 3491 βροντῆς
1097 3416 1347 3489 οὐράνιος
1377 3414 1635 3485 τυγχάνει
1667 3412 1785 3485 βοὴ,

202 3520 301 3575 καὶ
340 3520 518 3571 πᾶσαν
565 3514 908 3587 ἀνθρωπίνην
954 3510 1363 3580 ὑπερϐάλλουσα
1396 3509 1625 3579 δύναμιν
1649 3547 1662 3571 ,
1696 3507 1789 3560 τὸν

202 3611 372 3664 αὐτὸν
395 3609 594 3680 τρόπον
621 3607 715 3660 καὶ
740 3606 800 3658 τὸ
832 3602 1184 3672 εὐαγγελικδν
1211 3603 1473 3673 κήρυγμα
1495 3642 1511 3667 ,
1540 3597 1789 3670 οὐράνιον

199 3702 491 3773 τυγχάνον,
520 3703 619 3754 οὐκ
646 3698 991 3771 ἀνθρωπίνην
1025 3697 1298 3766 περιεῖχεν
1324 3691 1497 3763 ἰσχύν.
1524 3691 1657 3744 Οὐδὲ
1681 3691 1790 3760 γάρ

202 3799 271 3851 ὲκ
307 3795 507 3866 θνητῆς
537 3792 730 3865 βουλῆς
758 3791 1012 3862 ὡρμᾶτο·
1060 3789 1155 3840 σὺν
1182 3786 1334 3855 θεῖκῇ
1367 3783 1425 3836 δὲ
1455 3782 1676 3852 δυνάμει
1700 3781 1790 3833 τὸν

204 3890 501 3961 σύμπαντα
529 3885 765 3957 ἐπλήρου
799 3882 1021 3954 κόσμον.
1061 3878 1151 3932 Διὸ
1181 3877 1278 3931 καὶ
1305 3877 1429 3939 τοὺς
1461 3872 1791 3937 ἀποστόλους

201 3978 374 4036 αὑτοῦ
395 3982 423 4035 6
444 3978 635 4050 Σωτὴρ
654 3973 994 4043 ,βοαν-ῆργες
1012 3968 1313 4043 ὠνόμαζεν,
1343 3969 1478 4038 ὅπερ
1499 3964 1793 4038 ἑρμηνεύε-

202 4092 299 4130 ται
326 4069 744 4139 υἱοὶβροντῆς.
761 4066 968 4120 Οὐκοῦν
986 4064 1080 4118 καὶ
1102 4058 1335 4115 ἐνταῦθα
1352 4057 1661 4121 ἀκολούθως
1679 4058 1793 4119 τοῖς

202 4162 520 4238 ἔμπροσθεν
553 4161 795 4232 εἴρηται·
828 4154 1000 4224 Φωνὴ
1033 4152 1145 4220 τῆς
1169 4148 1438 4219 ,ϐροντῆς
1470 4165 1585 4203 σου
1613 4147 1683 4200 ἐν
1712 4142 1794 4211 τῷ

202 4235 421 4326 τροχῷ.
454 4252 658 4324 Τροχὸν
682 4251 739 4303 δὲ
770 4247 1022 4321 σημαίνει
1048 4244 1140 4297 τὸν
1167 4241 1458 4312 σύμπαντα
1490 4238 1633 4309 βίον·
1669 4235 1795 4289 ἐπεὶ

204 4351 306 4406 καὶ
330 4349 388 4400 ὲν
536 4342 782 4413 Ἐζεκιὴλ
812 4338 1004 4412 τροχὸς
1034 4340 1090 4390 ὲν
1118 4333 1298 4407 τροχῷ
1330 4331 1576 4385 λέλεκται
1602 4330 1630 4382 6
1659 4327 1795 4398 adp.-

206 4459 323 4505 πας
340 4439 449 4493 τῶν
478 4434 782 4507 ἀνθρώπων
815 4433 945 4503 βίος.
977 4430 1132 4482 Ἔστι
1164 4428 1263 4498 μὲν
1287 4421 1381 4478 οὖν
1414 4422 1607 4494 τροχὸς
1628 4422 1656 4473 ὁ
1699 4419 1793 4472 κό-

1890 570 2085 625 tertius
2116 570 2250 625 ordo
2285 577 2555 641 superest,
2589 584 2783 637 nempe
2835 567 3087 631 nubium,
3117 581 3238 636 qua:
3268 581 3459 620 vocem

1888 661 2176 718 dederunt.
2209 662 2341 729 Quae
2386 663 2561 717 nubes
2588 661 2692 715 illa:
2721 667 2900 725 erant,
2932 657 3036 713 nisi
3080 656 3279 726 quibus
3320 671 3461 725 prte-

1888 761 2103 824 ceptum
2129 754 2303 809 fuerat
2334 770 2401 809 ne
2429 754 2680 825 pluerent
2726 765 2890 821 super
2924 750 3139 805 vineam
3177 748 3323 801 illam
3348 746 3463 815 pri-

1888 847 2125 911 stinam;
2159 844 2458 901 secundum
2490 844 2645 907 illud,
2685 842 2753 896 Et
2822 840 3043 895 nubibus
3087 838 3350 893 mandabo
3403 856 3464 893 ne

1886 936 2073 1006 pluant
2102 952 2259 1006 super
2289 954 2405 990 eam
2433 934 2653 989 imbrem
2689 935 2734 966 ⁸⁸
2755 952 2770 999 ;
2793 933 3048 987 videlicet
3086 947 3255 1001 super
3290 945 3465 1001 popu-

1886 1030 1998 1084 lum
2031 1045 2095 1084 ex
2139 1027 2601 1085 circumcisione?
2646 1020 2833 1080 Nubes
2862 1033 3042 1078 autem
3077 1023 3236 1091 aquis
3268 1023 3460 1093 plenze,

1885 1138 1987 1178 nec
2023 1137 2189 1192 super
2214 1121 2428 1175 vineam
2479 1120 2628 1173 illam
2678 1118 2966 1187 pristinam
3011 1117 3280 1185 pluentes,
3314 1128 3463 1183 quaa-

1886 1228 2012 1268 nam
2064 1212 2267 1267 fuerint
2307 1210 2411 1267 nisi
2463 1209 2769 1264 Salvatoris
2824 1207 3103 1278 discipuli.
3142 1203 3373 1276 apostoli
3408 1214 3463 1259 et

1884 1305 2251 1375 evangelista},
2287 1302 2379 1374 qui
2418 1318 2514 1373 per
2550 1310 2726 1355 totum
2772 1300 2961 1354 orbem
3007 1300 3283 1353 cmlestem
3341 1297 3463 1367 plu-

1884 1398 2030 1453 viam
2053 1396 2452 1466 impertientes,
2488 1408 2677 1448 vocem
2714 1391 3008 1452 dederunt,
3041 1392 3114 1444 ita
3154 1398 3210 1443 ut
3239 1390 3293 1442 in
3329 1404 3461 1442 om-

1884 1506 2011 1545 nem
2033 1496 2237 1544 terram
2260 1488 2453 1542 exierit
2479 1502 2648 1541 sonus
2672 1497 2880 1545 eorum,
2936 1492 2988 1537 et
3022 1482 3077 1535 in
3127 1480 3263 1535 lines
3308 1479 3461 1534 orbis

1884 1590 2047 1637 terra:
2085 1581 2250 1635 verba
2293 1578 2521 1634 eorum?
2548 1574 2675 1631 Ideo
2713 1575 2920 1629 dictum
2955 1583 3037 1627 est
3070 1590 3081 1624 :
3114 1569 3304 1641 (Vens.
3344 1568 3461 1640 19.)

1894 1672 2084 1727 Vocem
2108 1669 2362 1724 dederunt
2383 1666 2565 1729 nubes,
2592 1666 2781 1719 etenim
2798 1664 3005 1733 sagith
3029 1672 3134 1715 tua:
3160 1668 3459 1715 transeunt.

1886 1766 2150 1832 Qutenam
2176 1763 2406 1833 sagittae,
2442 1761 2546 1815 nisi
2590 1760 2859 1814 salutares
2896 1764 2948 1811 et
2978 1756 3163 1810 electa:
3190 1755 3313 1819 illm,
3342 1767 3464 1823 qua:

1889 1858 2100 1912 animas
2138 1856 2372 1909 salutem
2409 1859 2802 1906 consecuturas
2853 1848 3163 1905 vulnerant.
3198 1846 3354 1916 queis
3402 1859 3464 1899 se

1888 1948 2091 2005 Christi
2115 1961 2317 2017 sponsa
2340 1943 2585 1998 Ecclesia
2615 1942 2959 1996 vulneratam
2985 1940 3188 1992 latetur
3218 1938 3304 1992 his
3332 1952 3460 1991 ver-

1888 2040 1996 2099 bis,
2030 2037 2169 2104 Quia
2202 2037 2477 2090 vulnerata
2506 2050 2686 2087 amore
2712 2050 2829 2087 sum
2853 2032 2938 2085 3"l
2961 2030 3187 2101 Ipseque
3212 2030 3466 2083 Salvator

1890 2131 2087 2201 sagitta
2122 2136 2351 2183 vocatur
2390 2127 2533 2197 apud
2591 2125 2911 2196 prophetam
2942 2125 3235 2187 dicentem,
3268 2122 3462 2176 Posuit

1890 2239 1972 2277 me
1998 2222 2151 2293 quasi
2179 2222 2425 2291 sagittam
2475 2218 2719 2280 electam,
2751 2225 2800 2271 et
2842 2218 2896 2270 in
2925 2216 3173 2284 pharetra
3204 2231 3304 2268 sua
3339 2212 3466 2267 abs-

1890 2316 2067 2370 condit
2099 2331 2180 2368 me
2201 2315 2268 2369 ’°.
2320 2312 2426 2367 Sed
2455 2310 2635 2364 Patris
2660 2307 2878 2378 quidem
2902 2308 3098 2377 sagitta
3122 2305 3466 2376 unigenitum

1888 2405 2010 2475 ejus
2053 2403 2296 2458 Verbum
2345 2408 2500 2466 erat;
2542 2397 2666 2453 Filii
2704 2411 2834 2452 vero
2881 2398 3091 2467 sagitta:
3134 2402 3292 2449 erant
3333 2409 3467 2465 apo-

1890 2498 2036 2561 stoli,
2070 2510 2287 2551 necnon
2313 2493 2495 2548 divina
2526 2499 2581 2546 et
2631 2491 2800 2561 ignita
2833 2489 2955 2558 ejus
2984 2488 3223 2557 eloquia.
3255 2486 3462 2552 Quam-

1887 2587 2074 2644 obrem
2110 2585 2165 2639 in
2197 2583 2411 2654 psalmo
2438 2584 2505 2637 de
2536 2580 2735 2635 dilecto
2760 2579 2963 2634 dicitur
3017 2597 3029 2633 :
3090 2577 3313 2647 Sagittae
3362 2585 3467 2628 tua:

1888 2686 2080 2738 acutar,
2134 2674 2319 2744 populi
2344 2673 2440 2727 sub
2477 2681 2524 2726 te
2546 2671 2737 2725 cadent
2759 2672 2827 2726 ⁹¹.
2863 2669 2955 2725 Sic
2990 2670 3172 2738 itaque
3218 2666 3273 2722 in
3321 2682 3466 2737 pree-

1888 2767 2030 2824 senti
2056 2765 2263 2819 dictum
2291 2770 2375 2819 est
2419 2781 2434 2817 ι
2478 2760 2688 2816 Etenim
2739 2761 2951 2830 sagittaa
3013 2769 3116 2812 tua:
3166 2765 3466 2811 transeunt.

1887 2850 2024 2904 Nam
2052 2850 2263 2919 sagitta:
2287 2848 2490 2903 Christi
2532 2847 2733 2915 ubique
2782 2845 3144 2915 praedicantes
3178 2858 3466 2912 percurre-

1887 2945 2053 3011 haut;
2088 2942 2210 2996 ideo
2244 2956 2418 2995 uocem
2450 2937 2703 2992 dederunt
2734 2937 2927 2999 nubes;
2982 2934 3079 2990 sed
3122 2935 3310 2998 etiam,
3369 2933 3470 2986 in-

1889 3035 2029 3109 quit,
2059 3048 2158 3088 voa:
2190 3032 2409 3087 tonitrui
2433 3031 2511 3085 tui
2543 3031 2599 3085 in
2623 3039 2761 3084 rota.
2783 3026 3115 3081 Tonitruum
3168 3025 3257 3078 hic
3296 3039 3467 3078 evan-

1814 3162 1855 3220 ε
1889 3128 2120 3200 gelicam
2150 3124 2595 3196 praedicationem
2626 3119 2958 3176 subiudicat.
2991 3117 3145 3173 Sicut
3176 3117 3322 3173 enim
3364 3130 3470 3170 vo:

1890 3220 2119 3275 tonitrui
2163 3217 2406 3274 ctelestis
2441 3215 2656 3270 sonitus
2693 3207 3229 3280 est,'bumanamque
3249 3222 3469 3264 omnem

1890 3315 2149 3369 virtutem
2169 3316 2499 3379 exsuperat;
2532 3306 2615 3362 sic
2664 3313 2719 3360 et
2769 3304 3085 3374 evangelica
3131 3298 3468 3373 praedicatio,

1890 3406 2132 3462 caelestis
2156 3419 2282 3459 cum
2309 3402 2400 3467 sit,
2437 3414 2549 3454 non
2582 3397 2822 3451 humana
2851 3396 3051 3449 virtute
3083 3390 3306 3463 praedita
3330 3395 3469 3444 erat.

1889 3497 2077 3568 Neque
2110 3496 2257 3551 enim
2290 3510 2357 3549 ex
2382 3488 2598 3545 mortali
2637 3486 2918 3541 voluntate
2939 3484 3215 3555 prodibat,
3245 3479 3341 3537 sed
3381 3478 3471 3533 di-

1889 3592 2017 3647 vina
2048 3595 2320 3660 potestate
2350 3595 2526 3640 totum
2558 3582 2818 3653 implebat
2844 3578 3055 3632 orbem.
3092 3575 3301 3629 Idcirco
3333 3586 3472 3640 apo-

1893 3684 2063 3739 stolos
2112 3696 2244 3737 suos
2290 3678 2551 3733 Servatur
2600 3676 2895 3742 Boanerges
2930 3666 3288 3737 nuncupavit,
3327 3662 3474 3733 quod

1895 3775 2169 3849 signiﬁcat
2203 3772 2346 3841 ﬁlios
2397 3769 2640 3823 tonitrui.
2692 3765 2792 3819 llic
2840 3767 3025 3832 itaque
3073 3765 3479 3828 consequenter

1894 3846 1967 3925 ad
2000 3868 2187 3939 priora
2212 3867 2418 3921 dictum
2441 3872 2547 3927 est,
2598 3860 2711 3915 νοω
2735 3857 2957 3911 tonitrui
2992 3856 3070 3908 tui
3098 3855 3152 3907 in
3186 3861 3327 3906 rota.
3360 3846 3476 3902 Ro-

1893 3938 2188 4019 tamidicit,
2225 3961 2397 4010 totam
2427 3953 2592 4006 vitam
2638 3948 3009 4020 signiﬁcans:
3060 3958 3190 3998 nam
3243 3941 3298 3995 in
3348 3938 3482 3993 Eze-~

1895 4053 2070 4109 chiele
2104 4054 2152 4084 ⁹²
2184 4058 2297 4105 tota
2331 4047 2614 4102 hominum
2660 4043 2771 4096 vita
2810 4049 2929 4093 rota
2975 4038 3029 4091 in
3072 4043 3193 4091 rota
3247 4031 3479 4086 dicitur.

1895 4145 2037 4201 Rota
2065 4145 2193 4199 item
2224 4152 2309 4198 est
2334 4137 2573 4194 mundus
2615 4134 2711 4206 qui
2755 4130 3022 4203 sphaerica
3058 4127 3232 4181 forma
3253 4130 3359 4185 est,
3393 4129 3477 4174 at-

1896 4256 2003 4311 que
2026 4238 2082 4292 in
2113 4235 2381 4292 circulum
2405 4238 2675 4286 movetur.
2708 4225 2810 4279 Hic
2839 4229 3020 4276 autem
3045 4226 3165 4273 rota
3186 4223 3269 4271 est
3298 4215 3477 4269 homi-

1897 4347 2028 4387 num
2056 4330 2191 4392 vita,
2227 4342 2348 4398 quae
2397 4319 2728 4380 indesinenti
2775 4314 3135 4373 conversione
3169 4314 3423 4364 movetur
3454 4323 3479 4363 :

1899 4441 2021 4495 quae
2041 4436 2211 4477 causa
2239 4426 2324 4474 est
2353 4424 2414 4472 ut
2448 4422 2570 4470 rota
2612 4414 2665 4467 in
2701 4418 2819 4466 rota
2850 4409 2996 4464 dicta
3043 4403 3227 4458 fuerit.
3276 4398 3483 4453 Secun-

209 4552 349 4607 σμος
379 4527 720 4602 σφαιροειδὴς
735 4525 830 4591 ὢν,
860 4519 1338 4595 κυκλοφορητικῶς
1366 4535 1425 4571 τε
1458 4515 1791 4586 κινούμενος.

1901 4516 2032 4570 dum
2063 4511 2314 4581 Aquilam
2347 4520 2501 4569 vero,
2538 4503 2654 4556 νοω
2676 4498 2897 4554 tonitrui
2922 4497 2999 4549 tui
3030 4495 3081 4546 in
3113 4500 3264 4552 rota;
3288 4502 3480 4543 secun-

220 4623 487 4679 Ἐνταῦθα
510 4622 567 4675 δὲ
592 4619 784 4691 τροχὸς
803 4619 831 4670 6
851 4616 959 4669 τῶν
982 4614 1078 4668 ἀνθ
1089 4612 1282 4685 ρώπων
1311 4610 1427 4664 ἐστὶ
1452 4610 1585 4680 βίος,
1617 4609 1796 4662 ἄπαυ-

210 4736 337 4773 στον
366 4716 466 4789 τὴν
500 4712 739 4787 στροφὴν
770 4708 1113 4780 ποιούμενος·
1172 4704 1251 4758 διὸ
1283 4704 1378 4757 καὶ
1403 4700 1598 4773 τροχὸς
1633 4701 1695 4752 ὲν
1718 4696 1799 4768 τῷ

206 4808 393 4884 τροχῷ
417 4788 649 4877 εἴρηται.
674 4801 831 4856 Κατά
854 4800 910 4853 δὲ
928 4799 1019 4851 τὸν
1054 4796 1303 4858 Ἀκύλαν,
1332 4792 1504 4860 Φωνὴ
1529 4788 1800 4859 ,βροντῆς

210 4877 346 4956 σίου*
468 4897 547 4961 τῷ
585 4891 776 4964 τροχῷ
796 4911 809 4923 ·
846 4889 988 4945 κατά
1016 4890 1072 4943 δὲ
1098 4888 1188 4941 τὸν
1221 4886 1517 4956 Σύμμαχον
1540 4923 1554 4945 ,
1608 4877 1801 4948 Ἠχος

201 4988 475 5060 ,βροντῆς
499 5003 615 5040 σου
646 4987 715 5039 έν
736 4982 814 5048 τῷ
832 4979 1024 5051 τροχῷ
1042 4998 1056 5010 ·
1083 4979 1222 5033 κατά
1250 4977 1306 5030 δὲ
1336 4976 1426 5029 τὸν
1450 4973 1796 5035 Θεοδοτίωνυι,

209 5081 388 5148 φωνὴ
412 5077 679 5147 βροντῆς
705 5089 821 5128 σου
841 5075 911 5128 έν
933 5070 1011 5137 τῷ
1034 5067 1243 5139 τροχῷ.
1275 5066 1386 5121 Καὶ
1410 5066 1508 5119 θέα
1528 5065 1676 5126 ὅπως
1701 5078 1800 5114 κα-

209 5177 283 5229 τὰ
313 5173 521 5233 πάντας
542 5172 669 5231 τοὺς
698 5163 1035 5239 έρμηνευτὰς
1058 5159 1271 5230 τροχὸς
1297 5157 1610 5229 ὠνόμασται
1630 5173 1642 5184 ·
1680 5153 1802 5206 ἐπεὶ

210 5266 310 5319 καὶ
340 5265 373 5334 ἠ
417 5257 681 5332 Ἐὖραῖκὴ
708 5256 855 5322 λέξις
875 5251 1181 5322 βαγελγὲλ
1211 5247 1473 5320 περιέχει,
1493 5246 1628 5315 ὅπερ
1654 5241 1800 5295 ἐστὶν

212 5358 285 5409 :‘xr
316 5353 398 5419 τῷ
423 5349 641 5421 τροχῷ·
703 5348 848 5401 οὕτω
877 5346 933 5398 δὲ
976 5342 1293 5412 ὠνόμασται
1326 5338 1418 5391 καὶ
1451 5338 1509 5389 ὲν
1545 5334 1621 5406 τῷ
1655 5334 1801 5397 Ἐζε-

214 5448 362 5519 κιήλ.
394 5445 564 5498 Ἔνθα
590 5442 896 5513 γενόμενος,
921 5432 1377 5508 παρασημειὼοῃ,
1409 5431 1483 5493 ὡς
1505 5428 1601 5482 καλ⁵
1624 5430 1658 5499 ἡ
1684 5426 1803 5480 θεία

219 5501 413 5612 Γράφὴ
437 5536 498 5589 τὸ
529 5501 785 5605 περιέχον
806 5501 1162 5602 τροχὸς-οἶδεν.-
1193 5525 1283 5577 Διὸ
1303 5501 1616 5591 σ’ςραιροειδῆ
1642 5535 1806 5588 φασιν
1824 5501 1836 5513 ’

215 5627 361 5693 εἶναι
406 5627 499 5682 τὸν
546 5625 769 5697 κόσμον.
837 5620 989 5675 Ἐπεὶ
1030 5619 1124 5673 καὶ
1156 5618 1215 5670 ὲν
1241 5614 1317 5687 τῷ
1350 5611 1554 5683 Ἕσδρι
1582 5611 1611 5663 6
1642 5611 1807 5681 Ζορο-

1895 4608 2025 4662 dum
2066 4599 2480 4675 Symmachum,
2514 4594 2737 4652 Sonitus
2766 4588 2987 4645 tonitrui
3010 4585 3086 4639 tui
3112 4585 3166 4637 in
3209 4590 3363 4643 rota;
3388 4594 3479 4633 se-

1895 4673 2143 4753 cundum
2176 4690 2636 4750 Theodotionem,
2675 4685 2785 4739 νοω
2819 4678 3041 4735 tonitrui
3100 4675 3177 4728 tui
3227 4673 3280 4725 in
3334 4679 3479 4723 rota.

1898 4788 1965 4843 Et
1993 4786 2408 4842 animadvertas
2455 4779 2618 4834 velim
2655 4771 2957 4832 secundum
2993 4780 3186 4821 omnes
3214 4763 3486 4830 interpre-

1900 4888 2005 4943 tes,
2038 4886 2177 4933 rota.
2213 4874 2424 4927 dictum
2450 4869 2620 4924 fuisse
2655 4865 2823 4936 :quia
2858 4859 3124 4916 Hebraica
3151 4856 3343 4919 lectio,
3368 4853 3477 4906 Ba-

1902 4969 2087 5041 gelgel,
2114 4962 2455 5026 circumfert,
2489 4960 2543 5014 id
2568 4967 2655 5015 est
2682 4958 2734 5009 in
2756 4964 2874 5008 rota
2895 4968 2913 5015 ;
2938 4952 3020 5007 sic
3049 4956 3228 5003 autem
3256 4947 3309 4999 in
3337 4943 3477 4999 Eze-

1901 5039 2076 5118 chiele.
2105 5071 2323 5130 quoque
2344 5060 2591 5110 vocatur.
2612 5049 2730 5104 Huc
2742 5061 2867 5102 cum
2889 5042 3198 5107 deveneris,
3220 5039 3493 5093 observes

1901 5154 2061 5209 velim
2104 5150 2346 5204 divinam
2382 5144 2725 5214 Scripturam
2757 5138 2810 5194 id
2835 5136 2981 5208 quod
3026 5131 3487 5202 circumpositum

1899 5252 1985 5301 est
2003 5257 2104 5313 pro
2125 5247 2244 5295 rota
2281 5238 2503 5292 habere.
2527 5232 2713 5300 Quare
2754 5228 3019 5284 mundum
3053 5224 3120 5278 ad
3153 5223 3380 5292 sphmrze
3407 5220 3485 5274 si-

1912 5306 2275 5388 militudinem
2309 5323 2673 5381 constitutum
2706 5320 2881 5373 aiunt.
2911 5313 3047 5369 Nam
3083 5313 3137 5366 in
3166 5310 3341 5364 Esdra
3378 5306 3491 5360 Ζοο

1912 5420 2137 5478 robabel
2166 5416 2415 5473 victoriae
2445 5411 2728 5485 praemium
2758 5424 2788 5463 a
2832 5422 2960 5478 rege
2986 5402 3305 5474 reportavit,
3336 5407 3491 5469 post-

1913 5527 2076 5586 quam
2110 5510 2323 5564 dixerat
2352 5525 2367 5562 :
2405 5505 2660 5576 Magnum
2680 5511 2759 5557 est
2792 5501 2998 5564 cretum,
3032 5506 3083 5551 et
3124 5508 3343 5561 magnus
3382 5490 3490 5554 sol,

1914 5582 2039 5677 quia
2068 5602 2285 5658 vertitur
2305 5601 2357 5655 in
2372 5599 2593 5653 circuitu
2610 5595 2746 5658 caeli,
2767 5602 2817 5647 et
2833 5590 3109 5646 revertitur
3131 5586 3186 5639 iu
3216 5582 3493 5652 proprium

290 5808 339 5839 ⁸³
377 5805 483 5861 lsa.
518 5819 572 5869 v,
609 5802 661 5857 6.
737 5800 801 5875 "_
821 5797 980 5854 Cant.
1021 5795 1154 5861 ",5.
1231 5794 1275 5828 ὀ
1322 5808 1422 5848 .sa.
1469 5787 1710 5859 xuvﬁﬂ.
1786 5789 1791 5813 ‘

1891 5782 2021 5838 Psal.
2063 5798 2210 5847 κων,
2247 5778 2302 5833 (i.
2380 5779 2423 5810 υ
2469 5774 2659 5829 Ελιηςιι.
2700 5788 2757 5838 ι,
2797 5768 2880 5823 16.

3198 5894 3225 5902 ν.
3284 5876 3364 5897 -ιυηι
3393 5896 3399 5899 .
