  <div class='ocr_page' id='page_1' title='image "/cluster/home/n/w/nwhite01/storage/ocr_20150623/23/hvd.32044019207711/479.png"; bbox 0 0 4004 6520; ppageno 0'>
   <div class='ocr_carea' id='block_1_1' title="bbox 531 410 652 468">
    <p class='ocr_par' dir='ltr' id='par_1_1' title="bbox 531 410 652 468">
     <span class='ocr_line' id='line_1_1' title="bbox 531 410 652 468; baseline 0.025 -3"><span class='ocrx_word' id='word_1_1' title='bbox 531 410 652 468; x_wconf 68' lang='grc'><strong>899</strong></span> 
     </span>
    </p>
   </div>
   <div class='ocr_carea' id='block_1_2' title="bbox 1266 375 3138 456">
    <p class='ocr_par' dir='ltr' id='par_1_2' title="bbox 1266 375 3138 456">
     <span class='ocr_line' id='line_1_2' title="bbox 1266 375 3138 456; baseline -0.015 0"><span class='ocrx_word' id='word_1_2' title='bbox 1266 399 1535 456; x_wconf 70' lang='grc' dir='ltr'>Ευεεωι</span> <span class='ocrx_word' id='word_1_3' title='bbox 1588 389 2064 454; x_wconf 62' lang='lat' dir='ltr'><strong>CIESARIENSIS</strong></span> <span class='ocrx_word' id='word_1_4' title='bbox 2103 387 2254 446; x_wconf 84' lang='lat' dir='ltr'><strong>OPP.</strong></span> <span class='ocrx_word' id='word_1_5' title='bbox 2297 383 2480 439; x_wconf 74' lang='lat' dir='ltr'><strong>PARS</strong></span> <span class='ocrx_word' id='word_1_6' title='bbox 2506 381 2592 438; x_wconf 85' lang='lat' dir='ltr'><strong>lll.</strong></span> <span class='ocrx_word' id='word_1_7' title='bbox 2632 411 2696 423; x_wconf 90' lang='lat'><strong>—-</strong></span> <span class='ocrx_word' id='word_1_8' title='bbox 2724 375 3138 433; x_wconf 70' lang='lat' dir='ltr'><strong>EXECETICA.</strong></span> 
     </span>
    </p>
   </div>
   <div class='ocr_carea' id='block_1_3' title="bbox 3677 368 3781 427">
    <p class='ocr_par' dir='ltr' id='par_1_3' title="bbox 3677 368 3781 427">
     <span class='ocr_line' id='line_1_3' title="bbox 3677 368 3781 427; baseline 0 0"><span class='ocrx_word' id='word_1_9' title='bbox 3677 368 3781 427; x_wconf 74' lang='lat'><strong>900</strong></span> 
     </span>
    </p>
   </div>
   <div class='ocr_carea' id='block_1_4' title="bbox 533 487 2132 586">
    <p class='ocr_par' dir='ltr' id='par_1_4' title="bbox 533 514 2132 586">
     <span class='ocr_line' id='line_1_4' title="bbox 533 514 2132 586; baseline -0.014 -3"><span class='ocrx_word' id='word_1_10' title='bbox 533 529 707 583; x_wconf 88' lang='lat' dir='ltr'><strong>locum</strong></span> <span class='ocrx_word' id='word_1_11' title='bbox 734 527 790 580; x_wconf 84' lang='lat' dir='ltr'><strong>in</strong></span> <span class='ocrx_word' id='word_1_12' title='bbox 819 541 926 580; x_wconf 77' lang='lat' dir='ltr'><strong>uno</strong></span> <span class='ocrx_word' id='word_1_13' title='bbox 960 522 1043 576; x_wconf 79' lang='lat' dir='ltr'><strong>die</strong></span> <span class='ocrx_word' id='word_1_14' title='bbox 1069 522 1134 574; x_wconf 77' lang='grc'><strong>⁸³.</strong></span> <span class='ocrx_word' id='word_1_15' title='bbox 1171 521 1302 586; x_wconf 67' lang='lat' dir='ltr'><strong>Quae</strong></span> <span class='ocrx_word' id='word_1_16' title='bbox 1328 517 1630 574; x_wconf 88' lang='lat' dir='ltr'><strong>secundum</strong></span> <span class='ocrx_word' id='word_1_17' title='bbox 1662 514 1941 586; x_wconf 78' lang='lat' dir='ltr'><strong>physicam</strong></span> <span class='ocrx_word' id='word_1_18' title='bbox 1972 525 2099 565; x_wconf 88' lang='lat' dir='ltr'><strong>con-</strong></span> <span class='ocrx_word' id='word_1_19' title='bbox 2129 571 2132 581; x_wconf 25' lang='grc' dir='ltr'><em>Α</em></span> 
     </span>
    </p>
   </div>
   <div class='ocr_carea' id='block_1_5' title="bbox 2234 487 3785 586">
    <p class='ocr_par' dir='ltr' id='par_1_5' title="bbox 2238 487 3785 580">
     <span class='ocr_line' id='line_1_5' title="bbox 2238 487 3785 580; baseline -0.014 -21"><span class='ocrx_word' id='word_1_20' title='bbox 2238 504 2369 560; x_wconf 75' lang='grc' dir='ltr'>ἀδελ</span> <span class='ocrx_word' id='word_1_21' title='bbox 2386 503 2454 556; x_wconf 83' lang='grc' dir='ltr'><strong>τά</strong></span> <span class='ocrx_word' id='word_1_22' title='bbox 2474 501 2761 580; x_wconf 82' lang='grc' dir='ltr'>νικητήρια</span> <span class='ocrx_word' id='word_1_23' title='bbox 2781 494 3129 567; x_wconf 76' lang='grc' dir='ltr'><strong>ἀπηνέγκατο</strong></span> <span class='ocrx_word' id='word_1_24' title='bbox 3148 490 3297 562; x_wconf 85' lang='grc' dir='ltr'><strong>παρά</strong></span> <span class='ocrx_word' id='word_1_25' title='bbox 3313 489 3393 561; x_wconf 84' lang='grc' dir='ltr'>τῷ</span> <span class='ocrx_word' id='word_1_26' title='bbox 3415 487 3625 559; x_wconf 81' lang='grc' dir='ltr'>βασιλεῖ</span> <span class='ocrx_word' id='word_1_27' title='bbox 3646 490 3785 560; x_wconf 61' lang='grc' dir='ltr'>εἰρημ-</span> 
     </span>
    </p>
   </div>
   <div class='ocr_carea' id='block_1_6' title="bbox 535 610 2100 680">
    <p class='ocr_par' dir='ltr' id='par_1_6' title="bbox 535 610 2100 680">
     <span class='ocr_line' id='line_1_6' title="bbox 535 610 2100 680; baseline -0.013 -7"><span class='ocrx_word' id='word_1_28' title='bbox 535 618 920 673; x_wconf 81' lang='lat' dir='ltr'><strong>sidcrationem</strong></span> <span class='ocrx_word' id='word_1_29' title='bbox 951 615 1095 668; x_wconf 90' lang='lat' dir='ltr'><strong>dicta</strong></span> <span class='ocrx_word' id='word_1_30' title='bbox 1123 612 1254 666; x_wconf 82' lang='lat' dir='ltr'><strong>sint.</strong></span> <span class='ocrx_word' id='word_1_31' title='bbox 1281 610 1406 665; x_wconf 69' lang='lat' dir='ltr'><strong>llaec</strong></span> <span class='ocrx_word' id='word_1_32' title='bbox 1425 625 1615 680; x_wconf 83' lang='lat' dir='ltr'><strong>porro,</strong></span> <span class='ocrx_word' id='word_1_33' title='bbox 1633 623 1753 677; x_wconf 70' lang='lat' dir='ltr'><strong>qua:</strong></span> <span class='ocrx_word' id='word_1_34' title='bbox 1778 613 2100 666; x_wconf 74' lang='lat' dir='ltr'><strong>tractamus,</strong></span> 
     </span>
    </p>
   </div>
   <div class='ocr_carea' id='block_1_7' title="bbox 535 699 2104 778">
    <p class='ocr_par' dir='ltr' id='par_1_7' title="bbox 535 699 2104 778">
     <span class='ocr_line' id='line_1_7' title="bbox 535 699 2104 778; baseline -0.01 -16"><span class='ocrx_word' id='word_1_35' title='bbox 535 708 831 778; x_wconf 77' lang='lat' dir='ltr'><strong>evangelici</strong></span> <span class='ocrx_word' id='word_1_36' title='bbox 873 705 966 760; x_wconf 88' lang='lat' dir='ltr'><strong>Dei</strong></span> <span class='ocrx_word' id='word_1_37' title='bbox 1014 705 1280 759; x_wconf 89' lang='lat' dir='ltr'><strong>adventus</strong></span> <span class='ocrx_word' id='word_1_38' title='bbox 1308 702 1566 756; x_wconf 73' lang='lat' dir='ltr'><strong>virtutem</strong></span> <span class='ocrx_word' id='word_1_39' title='bbox 1602 699 1996 761; x_wconf 86' lang='lat' dir='ltr'><strong>vaticinantur;</strong></span> <span class='ocrx_word' id='word_1_40' title='bbox 2046 702 2104 747; x_wconf 91' lang='lat' dir='ltr'><strong>ut</strong></span> 
     </span>
    </p>
   </div>
   <div class='ocr_carea' id='block_1_8' title="bbox 536 791 2105 870">
    <p class='ocr_par' dir='ltr' id='par_1_8' title="bbox 536 791 2105 870">
     <span class='ocr_line' id='line_1_8' title="bbox 536 791 2105 870; baseline -0.011 -14"><span class='ocrx_word' id='word_1_41' title='bbox 536 804 788 856; x_wconf 77' lang='lat' dir='ltr'><strong>videlicet</strong></span> <span class='ocrx_word' id='word_1_42' title='bbox 819 800 940 868; x_wconf 84' lang='lat' dir='ltr'><strong>ejus</strong></span> <span class='ocrx_word' id='word_1_43' title='bbox 996 814 1160 870; x_wconf 81' lang='lat' dir='ltr'><strong>opera</strong></span> <span class='ocrx_word' id='word_1_44' title='bbox 1213 797 1506 850; x_wconf 83' lang='lat' dir='ltr'><strong>multitudo</strong></span> <span class='ocrx_word' id='word_1_45' title='bbox 1536 793 1778 864; x_wconf 74' lang='lat' dir='ltr'><strong>gentium</strong></span> <span class='ocrx_word' id='word_1_46' title='bbox 1814 791 1981 842; x_wconf 78' lang='lat' dir='ltr'><strong>Deum</strong></span> <span class='ocrx_word' id='word_1_47' title='bbox 2011 803 2105 840; x_wconf 83' lang='lat' dir='ltr'><strong>cu-</strong></span> 
     </span>
    </p>
   </div>
   <div class='ocr_carea' id='block_1_9' title="bbox 536 877 2106 959">
    <p class='ocr_par' dir='ltr' id='par_1_9' title="bbox 536 877 2106 959">
     <span class='ocr_line' id='line_1_9' title="bbox 536 877 2106 959; baseline -0.01 -16"><span class='ocrx_word' id='word_1_48' title='bbox 536 891 803 956; x_wconf 72' lang='lat' dir='ltr'><strong>gnoverit,</strong></span> <span class='ocrx_word' id='word_1_49' title='bbox 839 889 1024 959; x_wconf 78' lang='lat' dir='ltr'><strong>abyssi</strong></span> <span class='ocrx_word' id='word_1_50' title='bbox 1055 888 1287 940; x_wconf 63' lang='lat' dir='ltr'><strong>turbata:</strong></span> <span class='ocrx_word' id='word_1_51' title='bbox 1324 884 1546 946; x_wconf 87' lang='lat' dir='ltr'><strong>fuerint,</strong></span> <span class='ocrx_word' id='word_1_52' title='bbox 1589 885 1905 936; x_wconf 74' lang='lat' dir='ltr'><strong>memorata:</strong></span> <span class='ocrx_word' id='word_1_53' title='bbox 1932 877 2106 930; x_wconf 85' lang='lat' dir='ltr'><strong>nubes</strong></span> 
     </span>
    </p>
   </div>
   <div class='ocr_carea' id='block_1_10' title="bbox 537 975 2107 1049">
    <p class='ocr_par' dir='ltr' id='par_1_10' title="bbox 537 975 2107 1049">
     <span class='ocr_line' id='line_1_10' title="bbox 537 975 2107 1049; baseline -0.008 -14"><span class='ocrx_word' id='word_1_54' title='bbox 537 998 724 1036; x_wconf 88' lang='lat' dir='ltr'><strong>vocem</strong></span> <span class='ocrx_word' id='word_1_55' title='bbox 761 981 1041 1045; x_wconf 75' lang='lat' dir='ltr'><strong>dederint;</strong></span> <span class='ocrx_word' id='word_1_56' title='bbox 1079 980 1289 1049; x_wconf 71' lang='lat' dir='ltr'><strong>sagittae</strong></span> <span class='ocrx_word' id='word_1_57' title='bbox 1305 977 1425 1046; x_wconf 84' lang='lat' dir='ltr'><strong>ejus</strong></span> <span class='ocrx_word' id='word_1_58' title='bbox 1446 975 1794 1037; x_wconf 88' lang='lat' dir='ltr'><strong>transierint,</strong></span> <span class='ocrx_word' id='word_1_59' title='bbox 1817 980 1984 1039; x_wconf 88' lang='lat' dir='ltr'><strong>utque</strong></span> <span class='ocrx_word' id='word_1_60' title='bbox 2005 983 2107 1019; x_wconf 76' lang='lat' dir='ltr'><strong>vox</strong></span> 
     </span>
    </p>
   </div>
   <div class='ocr_carea' id='block_1_11' title="bbox 538 1061 2108 1140">
    <p class='ocr_par' dir='ltr' id='par_1_11' title="bbox 538 1061 2108 1140">
     <span class='ocr_line' id='line_1_11' title="bbox 538 1061 2108 1140; baseline -0.01 -15"><span class='ocrx_word' id='word_1_61' title='bbox 538 1073 770 1126; x_wconf 92' lang='lat' dir='ltr'><strong>tonitrui</strong></span> <span class='ocrx_word' id='word_1_62' title='bbox 805 1071 926 1140; x_wconf 83' lang='lat' dir='ltr'><strong>ejus</strong></span> <span class='ocrx_word' id='word_1_63' title='bbox 951 1071 1114 1125; x_wconf 88' lang='lat' dir='ltr'><strong>fuerit</strong></span> <span class='ocrx_word' id='word_1_64' title='bbox 1138 1071 1191 1123; x_wconf 92' lang='lat' dir='ltr'><strong>in</strong></span> <span class='ocrx_word' id='word_1_65' title='bbox 1218 1077 1367 1134; x_wconf 87' lang='lat' dir='ltr'><strong>rota;</strong></span> <span class='ocrx_word' id='word_1_66' title='bbox 1407 1067 1472 1122; x_wconf 91' lang='lat' dir='ltr'><strong>ad</strong></span> <span class='ocrx_word' id='word_1_67' title='bbox 1513 1067 1627 1120; x_wconf 66' lang='lat' dir='ltr'><strong>haec</strong></span> <span class='ocrx_word' id='word_1_68' title='bbox 1656 1079 1785 1119; x_wconf 88' lang='lat' dir='ltr'><strong>vero</strong></span> <span class='ocrx_word' id='word_1_69' title='bbox 1814 1061 2019 1124; x_wconf 84' lang='lat' dir='ltr'><strong>omnia,</strong></span> <span class='ocrx_word' id='word_1_70' title='bbox 2048 1067 2108 1111; x_wconf 94' lang='lat' dir='ltr'><strong>ut</strong></span> 
     </span>
    </p>
   </div>
   <div class='ocr_carea' id='block_1_12' title="bbox 540 1151 2109 1233">
    <p class='ocr_par' dir='ltr' id='par_1_12' title="bbox 540 1151 2109 1233">
     <span class='ocr_line' id='line_1_12' title="bbox 540 1151 2109 1233; baseline -0.009 -15"><span class='ocrx_word' id='word_1_71' title='bbox 540 1164 755 1233; x_wconf 74' lang='lat' dir='ltr'><strong>fulgura</strong></span> <span class='ocrx_word' id='word_1_72' title='bbox 787 1163 908 1231; x_wconf 85' lang='lat' dir='ltr'><strong>ejus</strong></span> <span class='ocrx_word' id='word_1_73' title='bbox 940 1162 994 1215; x_wconf 89' lang='lat' dir='ltr'><strong>in</strong></span> <span class='ocrx_word' id='word_1_74' title='bbox 1025 1161 1158 1214; x_wconf 85' lang='lat' dir='ltr'><strong>orbe</strong></span> <span class='ocrx_word' id='word_1_75' title='bbox 1181 1159 1553 1230; x_wconf 81' lang='lat' dir='ltr'><strong>apparuerint.</strong></span> <span class='ocrx_word' id='word_1_76' title='bbox 1585 1156 1715 1222; x_wconf 71' lang='lat' dir='ltr'><strong>Quae</strong></span> <span class='ocrx_word' id='word_1_77' title='bbox 1747 1154 1959 1223; x_wconf 78' lang='lat' dir='ltr'><strong>fulgura</strong></span> <span class='ocrx_word' id='word_1_78' title='bbox 1990 1151 2109 1220; x_wconf 87' lang='lat' dir='ltr'><strong>ejus</strong></span> 
     </span>
    </p>
   </div>
   <div class='ocr_carea' id='block_1_13' title="bbox 539 1242 2109 1322">
    <p class='ocr_par' dir='ltr' id='par_1_13' title="bbox 539 1242 2109 1322">
     <span class='ocr_line' id='line_1_13' title="bbox 539 1242 2109 1322; baseline -0.011 -11"><span class='ocrx_word' id='word_1_79' title='bbox 539 1272 662 1311; x_wconf 88' lang='lat' dir='ltr'><strong>esse</strong></span> <span class='ocrx_word' id='word_1_80' title='bbox 687 1254 912 1316; x_wconf 75' lang='lat' dir='ltr'><strong>dixeris,</strong></span> <span class='ocrx_word' id='word_1_81' title='bbox 948 1253 1055 1307; x_wconf 87' lang='lat' dir='ltr'><strong>nisi</strong></span> <span class='ocrx_word' id='word_1_82' title='bbox 1113 1251 1458 1322; x_wconf 71' lang='lat' dir='ltr'><strong>splendorem</strong></span> <span class='ocrx_word' id='word_1_83' title='bbox 1511 1249 1903 1303; x_wconf 82' lang='lat' dir='ltr'><strong>charismatum</strong></span> <span class='ocrx_word' id='word_1_84' title='bbox 1930 1242 2109 1298; x_wconf 88' lang='lat' dir='ltr'><strong>.sancti</strong></span> 
     </span>
    </p>
   </div>
   <div class='ocr_carea' id='block_1_14' title="bbox 544 1336 2114 1417">
    <p class='ocr_par' dir='ltr' id='par_1_14' title="bbox 544 1336 2114 1417">
     <span class='ocr_line' id='line_1_14' title="bbox 544 1336 2114 1417; baseline -0.008 -17"><span class='ocrx_word' id='word_1_85' title='bbox 544 1347 785 1417; x_wconf 89' lang='lat' dir='ltr'><strong>Spiritus</strong></span> <span class='ocrx_word' id='word_1_86' title='bbox 815 1349 906 1416; x_wconf 89' lang='lat' dir='ltr'><strong>qui</strong></span> <span class='ocrx_word' id='word_1_87' title='bbox 940 1361 1037 1415; x_wconf 84' lang='lat' dir='ltr'><strong>per</strong></span> <span class='ocrx_word' id='word_1_88' title='bbox 1071 1353 1242 1397; x_wconf 89' lang='lat' dir='ltr'><strong>totum</strong></span> <span class='ocrx_word' id='word_1_89' title='bbox 1272 1345 1459 1398; x_wconf 90' lang='lat' dir='ltr'><strong>orbem</strong></span> <span class='ocrx_word' id='word_1_90' title='bbox 1488 1339 1768 1411; x_wconf 70' lang='lat' dir='ltr'><strong>fulgurat-‘2</strong></span> <span class='ocrx_word' id='word_1_91' title='bbox 1811 1337 1954 1390; x_wconf 83' lang='lat' dir='ltr'><strong>Nam</strong></span> <span class='ocrx_word' id='word_1_92' title='bbox 1987 1336 2114 1389; x_wconf 85' lang='lat' dir='ltr'><strong>divi-</strong></span> 
     </span>
    </p>
   </div>
   <div class='ocr_carea' id='block_1_15' title="bbox 541 1429 2112 1508">
    <p class='ocr_par' dir='ltr' id='par_1_15' title="bbox 541 1429 2112 1508">
     <span class='ocr_line' id='line_1_15' title="bbox 541 1429 2112 1508; baseline -0.007 -16"><span class='ocrx_word' id='word_1_93' title='bbox 541 1440 714 1492; x_wconf 83' lang='lat' dir='ltr'><strong>siones</strong></span> <span class='ocrx_word' id='word_1_94' title='bbox 741 1439 1038 1508; x_wconf 82' lang='lat' dir='ltr'><strong>gratiarum</strong></span> <span class='ocrx_word' id='word_1_95' title='bbox 1084 1447 1230 1499; x_wconf 77' lang='lat' dir='ltr'><strong>sunt,</strong></span> <span class='ocrx_word' id='word_1_96' title='bbox 1289 1437 1424 1488; x_wconf 83' lang='lat' dir='ltr'><strong>idem</strong></span> <span class='ocrx_word' id='word_1_97' title='bbox 1457 1451 1575 1488; x_wconf 80' lang='lat' dir='ltr'><strong>vero</strong></span> <span class='ocrx_word' id='word_1_98' title='bbox 1605 1432 1858 1502; x_wconf 82' lang='lat' dir='ltr'><strong>Spiritus.</strong></span> <span class='ocrx_word' id='word_1_99' title='bbox 1911 1429 1977 1484; x_wconf 84' lang='lat' dir='ltr'><strong>Et</strong></span> <span class='ocrx_word' id='word_1_100' title='bbox 2017 1429 2112 1481; x_wconf 90' lang='lat' dir='ltr'><strong>alii</strong></span> 
     </span>
    </p>
   </div>
   <div class='ocr_carea' id='block_1_16' title="bbox 543 1518 2113 1598">
    <p class='ocr_par' dir='ltr' id='par_1_16' title="bbox 543 1518 2113 1598">
     <span class='ocr_line' id='line_1_16' title="bbox 543 1518 2113 1598; baseline -0.007 -18"><span class='ocrx_word' id='word_1_101' title='bbox 543 1530 750 1598; x_wconf 77' lang='lat' dir='ltr'><strong>quidem</strong></span> <span class='ocrx_word' id='word_1_102' title='bbox 813 1543 904 1596; x_wconf 84' lang='lat' dir='ltr'><strong>per</strong></span> <span class='ocrx_word' id='word_1_103' title='bbox 953 1526 1212 1596; x_wconf 82' lang='lat' dir='ltr'><strong>Spiritum</strong></span> <span class='ocrx_word' id='word_1_104' title='bbox 1253 1525 1415 1579; x_wconf 78' lang='lat' dir='ltr'><strong>datur</strong></span> <span class='ocrx_word' id='word_1_105' title='bbox 1451 1540 1621 1579; x_wconf 80' lang='lat' dir='ltr'><strong>sermo</strong></span> <span class='ocrx_word' id='word_1_106' title='bbox 1675 1521 1972 1590; x_wconf 74' lang='lat' dir='ltr'><strong>sapientia,</strong></span> <span class='ocrx_word' id='word_1_107' title='bbox 2019 1518 2113 1570; x_wconf 85' lang='lat' dir='ltr'><strong>alii</strong></span> 
     </span>
    </p>
   </div>
   <div class='ocr_carea' id='block_1_17' title="bbox 545 1601 2114 1686">
    <p class='ocr_par' dir='ltr' id='par_1_17' title="bbox 545 1601 2114 1686">
     <span class='ocr_line' id='line_1_17' title="bbox 545 1601 2114 1686; baseline -0.007 -14"><span class='ocrx_word' id='word_1_108' title='bbox 545 1636 716 1672; x_wconf 83' lang='lat' dir='ltr'><strong>sermo</strong></span> <span class='ocrx_word' id='word_1_109' title='bbox 751 1601 1014 1682; x_wconf 70' lang='lat' dir='ltr'><strong>scientia,</strong></span> <span class='ocrx_word' id='word_1_110' title='bbox 1041 1619 1138 1672; x_wconf 85' lang='lat' dir='ltr'><strong>alii</strong></span> <span class='ocrx_word' id='word_1_111' title='bbox 1168 1618 1299 1686; x_wconf 85' lang='lat' dir='ltr'><strong>ﬁdes</strong></span> <span class='ocrx_word' id='word_1_112' title='bbox 1329 1618 1396 1683; x_wconf 64' lang='grc'><strong>⁸⁵,</strong></span> <span class='ocrx_word' id='word_1_113' title='bbox 1443 1627 1497 1671; x_wconf 91' lang='lat' dir='ltr'><strong>et</strong></span> <span class='ocrx_word' id='word_1_114' title='bbox 1550 1623 1768 1670; x_wconf 65' lang='lat' dir='ltr'><strong>uetera.</strong></span> <span class='ocrx_word' id='word_1_115' title='bbox 1825 1612 1956 1678; x_wconf 69' lang='grc' dir='ltr'>Ωιιαι</span> <span class='ocrx_word' id='word_1_116' title='bbox 1990 1625 2114 1664; x_wconf 88' lang='lat' dir='ltr'><strong>cum</strong></span> 
     </span>
    </p>
   </div>
   <div class='ocr_carea' id='block_1_18' title="bbox 547 1703 2118 1783">
    <p class='ocr_par' dir='ltr' id='par_1_18' title="bbox 547 1703 2118 1783">
     <span class='ocr_line' id='line_1_18' title="bbox 547 1703 2118 1783; baseline -0.006 -17"><span class='ocrx_word' id='word_1_117' title='bbox 547 1715 863 1782; x_wconf 63' lang='lat' dir='ltr'><strong>praestantia</strong></span> <span class='ocrx_word' id='word_1_118' title='bbox 893 1713 1081 1783; x_wconf 71' lang='lat' dir='ltr'><strong>gratiae</strong></span> <span class='ocrx_word' id='word_1_119' title='bbox 1101 1711 1202 1766; x_wconf 86' lang='lat' dir='ltr'><strong>Dei</strong></span> <span class='ocrx_word' id='word_1_120' title='bbox 1231 1712 1373 1765; x_wconf 87' lang='lat' dir='ltr'><strong>dona</strong></span> <span class='ocrx_word' id='word_1_121' title='bbox 1409 1710 1541 1774; x_wconf 89' lang='lat' dir='ltr'><strong>sint,</strong></span> <span class='ocrx_word' id='word_1_122' title='bbox 1568 1724 1666 1764; x_wconf 90' lang='lat' dir='ltr'><strong>ceu</strong></span> <span class='ocrx_word' id='word_1_123' title='bbox 1693 1708 1905 1778; x_wconf 76' lang='lat' dir='ltr'><strong>fulgura</strong></span> <span class='ocrx_word' id='word_1_124' title='bbox 1931 1703 2118 1758; x_wconf 80' lang='lat' dir='ltr'><strong>Eccle-</strong></span> 
     </span>
    </p>
   </div>
   <div class='ocr_carea' id='block_1_19' title="bbox 547 1805 1172 1874">
    <p class='ocr_par' dir='ltr' id='par_1_19' title="bbox 547 1805 1172 1874">
     <span class='ocr_line' id='line_1_19' title="bbox 547 1805 1172 1874; baseline -0.002 -14"><span class='ocrx_word' id='word_1_125' title='bbox 547 1808 683 1860; x_wconf 89' lang='lat' dir='ltr'><strong>siam</strong></span> <span class='ocrx_word' id='word_1_126' title='bbox 721 1805 842 1874; x_wconf 90' lang='lat' dir='ltr'><strong>ejus</strong></span> <span class='ocrx_word' id='word_1_127' title='bbox 873 1806 1172 1859; x_wconf 88' lang='lat' dir='ltr'><strong>illustrant.</strong></span> 
     </span>
    </p>
   </div>
   <div class='ocr_carea' id='block_1_20' title="bbox 2205 580 3786 664">
    <p class='ocr_par' dir='ltr' id='par_1_20' title="bbox 2205 580 3786 664">
     <span class='ocr_line' id='line_1_20' title="bbox 2205 580 3786 664; baseline -0.014 -13"><span class='ocrx_word' id='word_1_128' title='bbox 2205 597 2334 660; x_wconf 64' lang='grc' dir='ltr'><strong>κὼς</strong></span> <span class='ocrx_word' id='word_1_129' title='bbox 2360 594 2559 664; x_wconf 54' lang='grc' dir='ltr'>Μέγας</span> <span class='ocrx_word' id='word_1_130' title='bbox 2575 595 2605 646; x_wconf 84' lang='grc' dir='ltr'><strong><em>ό</em></strong></span> <span class='ocrx_word' id='word_1_131' title='bbox 2622 589 2896 658; x_wconf 73' lang='grc' dir='ltr'>οὐρανὸς,</span> <span class='ocrx_word' id='word_1_132' title='bbox 2916 586 3011 639; x_wconf 80' lang='grc' dir='ltr'><strong>καὶ</strong></span> <span class='ocrx_word' id='word_1_133' title='bbox 3035 582 3222 653; x_wconf 77' lang='grc' dir='ltr'>μέγας</span> <span class='ocrx_word' id='word_1_134' title='bbox 3239 585 3272 636; x_wconf 82' lang='grc' dir='ltr'><em>ό</em></span> <span class='ocrx_word' id='word_1_135' title='bbox 3293 582 3483 649; x_wconf 66' lang='grc' dir='ltr'>ἣλιος,</span> <span class='ocrx_word' id='word_1_136' title='bbox 3502 580 3594 632; x_wconf 84' lang='grc' dir='ltr'>ὅτι</span> <span class='ocrx_word' id='word_1_137' title='bbox 3616 582 3786 646; x_wconf 81' lang='grc' dir='ltr'>στρέ-</span> 
     </span>
    </p>
   </div>
   <div class='ocr_carea' id='block_1_21' title="bbox 2205 672 3786 759">
    <p class='ocr_par' dir='ltr' id='par_1_21' title="bbox 2205 672 3786 759">
     <span class='ocr_line' id='line_1_21' title="bbox 2205 672 3786 759; baseline -0.011 -17"><span class='ocrx_word' id='word_1_138' title='bbox 2205 705 2373 759; x_wconf 65' lang='grc' dir='ltr'>φεται</span> <span class='ocrx_word' id='word_1_139' title='bbox 2404 687 2473 740; x_wconf 80' lang='grc' dir='ltr'>ἐν</span> <span class='ocrx_word' id='word_1_140' title='bbox 2501 683 2581 749; x_wconf 82' lang='grc' dir='ltr'>τῷ</span> <span class='ocrx_word' id='word_1_141' title='bbox 2609 683 2812 747; x_wconf 81' lang='grc' dir='ltr'><em>κύκλῳ</em></span> <span class='ocrx_word' id='word_1_142' title='bbox 2835 679 2938 732; x_wconf 85' lang='grc' dir='ltr'><strong>τοῦ</strong></span> <span class='ocrx_word' id='word_1_143' title='bbox 2960 675 3241 746; x_wconf 77' lang='grc' dir='ltr'>οὐρανοῦ,</span> <span class='ocrx_word' id='word_1_144' title='bbox 3270 673 3368 726; x_wconf 77' lang='grc' dir='ltr'><strong>καὶ</strong></span> <span class='ocrx_word' id='word_1_145' title='bbox 3394 672 3786 740; x_wconf 77' lang='grc' dir='ltr'><strong>ἐπανέρχεται</strong></span> 
     </span>
    </p>
   </div>
   <div class='ocr_carea' id='block_1_22' title="bbox 2205 758 3789 848">
    <p class='ocr_par' dir='ltr' id='par_1_22' title="bbox 2205 758 3789 848">
     <span class='ocr_line' id='line_1_22' title="bbox 2205 758 3789 848; baseline -0.014 -13"><span class='ocrx_word' id='word_1_146' title='bbox 2205 758 2291 848; x_wconf 77' lang='grc' dir='ltr'><strong>είς</strong></span> <span class='ocrx_word' id='word_1_147' title='bbox 2319 778 2426 832; x_wconf 77' lang='grc' dir='ltr'><strong>τὸν</strong></span> <span class='ocrx_word' id='word_1_148' title='bbox 2452 775 2606 828; x_wconf 79' lang='grc' dir='ltr'>ἴδιον</span> <span class='ocrx_word' id='word_1_149' title='bbox 2636 772 2820 825; x_wconf 79' lang='grc' dir='ltr'>τόπον</span> <span class='ocrx_word' id='word_1_150' title='bbox 2848 770 2917 822; x_wconf 81' lang='grc' dir='ltr'>ἐν</span> <span class='ocrx_word' id='word_1_151' title='bbox 2949 765 3136 836; x_wconf 74' lang='grc' dir='ltr'>ἡμέρᾳ</span> <span class='ocrx_word' id='word_1_152' title='bbox 3164 762 3288 834; x_wconf 81' lang='grc' dir='ltr'>μιᾷ.</span> <span class='ocrx_word' id='word_1_153' title='bbox 3338 763 3526 815; x_wconf 84' lang='grc' dir='ltr'>Ταῦτα</span> <span class='ocrx_word' id='word_1_154' title='bbox 3565 763 3664 832; x_wconf 75' lang='grc' dir='ltr'><strong>μὲν</strong></span> <span class='ocrx_word' id='word_1_155' title='bbox 3698 758 3789 815; x_wconf 74' lang='grc' dir='ltr'><strong>οὖν</strong></span> 
     </span>
    </p>
   </div>
   <div class='ocr_carea' id='block_1_23' title="bbox 2206 853 3788 940">
    <p class='ocr_par' dir='ltr' id='par_1_23' title="bbox 2206 853 3788 940">
     <span class='ocr_line' id='line_1_23' title="bbox 2206 853 3788 940; baseline -0.016 -12"><span class='ocrx_word' id='word_1_156' title='bbox 2206 873 2348 928; x_wconf 77' lang='grc' dir='ltr'>κατὰ</span> <span class='ocrx_word' id='word_1_157' title='bbox 2391 867 2622 940; x_wconf 72' lang='grc' dir='ltr'>φυσικὴν</span> <span class='ocrx_word' id='word_1_158' title='bbox 2652 863 2903 936; x_wconf 80' lang='grc' dir='ltr'><strong>θεωρίαν.</strong></span> <span class='ocrx_word' id='word_1_159' title='bbox 2965 860 3047 912; x_wconf 86' lang='grc' dir='ltr'><strong>Τὰ</strong></span> <span class='ocrx_word' id='word_1_160' title='bbox 3075 859 3132 912; x_wconf 87' lang='grc' dir='ltr'><strong>δέ</strong></span> <span class='ocrx_word' id='word_1_161' title='bbox 3170 856 3507 928; x_wconf 76' lang='grc' dir='ltr'>προκείμενα</span> <span class='ocrx_word' id='word_1_162' title='bbox 3541 853 3788 916; x_wconf 74' lang='grc' dir='ltr'>θεσπίζει</span> 
     </span>
    </p>
   </div>
   <div class='ocr_carea' id='block_1_24' title="bbox 2207 945 3788 1036">
    <p class='ocr_par' dir='ltr' id='par_1_24' title="bbox 2207 945 3788 1036">
     <span class='ocr_line' id='line_1_24' title="bbox 2207 945 3788 1036; baseline -0.015 -17"><span class='ocrx_word' id='word_1_163' title='bbox 2207 967 2306 1036; x_wconf 75' lang='grc' dir='ltr'><strong>τῆς</strong></span> <span class='ocrx_word' id='word_1_164' title='bbox 2334 960 2688 1031; x_wconf 53' lang='grc' dir='ltr'>εὐαγγεᾙκῆς</span> <span class='ocrx_word' id='word_1_165' title='bbox 2717 952 3038 1025; x_wconf 83' lang='grc' dir='ltr'>θεοφανείας</span> <span class='ocrx_word' id='word_1_166' title='bbox 3069 951 3166 1021; x_wconf 78' lang='grc' dir='ltr'>τὴν</span> <span class='ocrx_word' id='word_1_167' title='bbox 3200 950 3425 1020; x_wconf 73' lang='grc' dir='ltr'>δύναμιν</span> <span class='ocrx_word' id='word_1_168' title='bbox 3448 965 3463 977; x_wconf 75' lang='grc'><strong><em>⁸</em></strong></span> <span class='ocrx_word' id='word_1_169' title='bbox 3497 948 3592 1000; x_wconf 81' lang='grc' dir='ltr'><strong>καί</strong></span> <span class='ocrx_word' id='word_1_170' title='bbox 3620 947 3697 1009; x_wconf 81' lang='grc' dir='ltr'><strong>ὡς</strong></span> <span class='ocrx_word' id='word_1_171' title='bbox 3724 945 3788 997; x_wconf 74' lang='grc' dir='ltr'>δι’</span> 
     </span>
    </p>
   </div>
   <div class='ocr_carea' id='block_1_25' title="bbox 2209 1038 3792 1128">
    <p class='ocr_par' dir='ltr' id='par_1_25' title="bbox 2209 1038 3792 1128">
     <span class='ocr_line' id='line_1_25' title="bbox 2209 1038 3792 1128; baseline -0.015 -16"><span class='ocrx_word' id='word_1_172' title='bbox 2209 1058 2377 1128; x_wconf 72' lang='grc' dir='ltr'>αὐτῆς</span> <span class='ocrx_word' id='word_1_173' title='bbox 2401 1055 2470 1108; x_wconf 89' lang='grc' dir='ltr'><strong>τά</strong></span> <span class='ocrx_word' id='word_1_174' title='bbox 2498 1051 2676 1122; x_wconf 81' lang='grc' dir='ltr'>πλήθη</span> <span class='ocrx_word' id='word_1_175' title='bbox 2715 1050 2808 1120; x_wconf 88' lang='grc' dir='ltr'><strong>μέν</strong></span> <span class='ocrx_word' id='word_1_176' title='bbox 2845 1047 2952 1100; x_wconf 84' lang='grc' dir='ltr'>τῶν</span> <span class='ocrx_word' id='word_1_177' title='bbox 2981 1043 3147 1097; x_wconf 81' lang='grc' dir='ltr'>ἐθνῶν</span> <span class='ocrx_word' id='word_1_178' title='bbox 3169 1042 3260 1095; x_wconf 73' lang='grc' dir='ltr'><strong>τὸν</strong></span> <span class='ocrx_word' id='word_1_179' title='bbox 3289 1041 3418 1094; x_wconf 79' lang='grc' dir='ltr'>Θεὸν</span> <span class='ocrx_word' id='word_1_180' title='bbox 3441 1039 3666 1107; x_wconf 68' lang='grc' dir='ltr'>ἐπέγνω</span> <span class='ocrx_word' id='word_1_181' title='bbox 3692 1080 3709 1102; x_wconf 88' lang='grc'><strong>,</strong></span> <span class='ocrx_word' id='word_1_182' title='bbox 3737 1038 3792 1091; x_wconf 81' lang='lat' dir='ltr'><strong>al</strong></span> 
     </span>
    </p>
   </div>
   <div class='ocr_carea' id='block_1_26' title="bbox 2209 1130 3796 1214">
    <p class='ocr_par' dir='ltr' id='par_1_26' title="bbox 2209 1130 3796 1214">
     <span class='ocr_line' id='line_1_26' title="bbox 2209 1130 3796 1214; baseline -0.016 -10"><span class='ocrx_word' id='word_1_183' title='bbox 2209 1152 2265 1204; x_wconf 82' lang='grc' dir='ltr'><strong>δὲ</strong></span> <span class='ocrx_word' id='word_1_184' title='bbox 2293 1149 2516 1204; x_wconf 79' lang='grc' dir='ltr'>ἄϐυσσοι</span> <span class='ocrx_word' id='word_1_185' title='bbox 2545 1141 2923 1214; x_wconf 74' lang='grc' dir='ltr'><strong>ἐταράχθησαν</strong></span> <span class='ocrx_word' id='word_1_186' title='bbox 2947 1179 2961 1203; x_wconf 90' lang='grc'><strong>,</strong></span> <span class='ocrx_word' id='word_1_187' title='bbox 2995 1138 3050 1190; x_wconf 88' lang='grc' dir='ltr'>αἱ</span> <span class='ocrx_word' id='word_1_188' title='bbox 3078 1136 3132 1188; x_wconf 86' lang='grc' dir='ltr'><strong>δέ</strong></span> <span class='ocrx_word' id='word_1_189' title='bbox 3169 1133 3549 1207; x_wconf 77' lang='grc' dir='ltr'>προλεχθεῖσαι</span> <span class='ocrx_word' id='word_1_190' title='bbox 3575 1130 3796 1199; x_wconf 64' lang='grc' dir='ltr'>νεφέλαι</span> 
     </span>
    </p>
   </div>
   <div class='ocr_carea' id='block_1_27' title="bbox 2212 1223 3794 1310">
    <p class='ocr_par' dir='ltr' id='par_1_27' title="bbox 2212 1223 3794 1310">
     <span class='ocr_line' id='line_1_27' title="bbox 2212 1223 3794 1310; baseline -0.015 -14"><span class='ocrx_word' id='word_1_191' title='bbox 2212 1243 2416 1296; x_wconf 79' lang='grc' dir='ltr'>ἔδωκαν</span> <span class='ocrx_word' id='word_1_192' title='bbox 2441 1239 2622 1310; x_wconf 78' lang='grc' dir='ltr'>φωνὴν</span> <span class='ocrx_word' id='word_1_193' title='bbox 2642 1279 2656 1303; x_wconf 96' lang='grc'><strong>,</strong></span> <span class='ocrx_word' id='word_1_194' title='bbox 2693 1235 2786 1290; x_wconf 69' lang='grc' dir='ltr'><strong>καὶ</strong></span> <span class='ocrx_word' id='word_1_195' title='bbox 2819 1235 2957 1288; x_wconf 82' lang='grc' dir='ltr'>ὥστε</span> <span class='ocrx_word' id='word_1_196' title='bbox 2985 1233 3055 1285; x_wconf 78' lang='grc' dir='ltr'>τὰ</span> <span class='ocrx_word' id='word_1_197' title='bbox 3083 1230 3208 1301; x_wconf 82' lang='grc' dir='ltr'>βέλη</span> <span class='ocrx_word' id='word_1_198' title='bbox 3243 1226 3410 1281; x_wconf 77' lang='grc' dir='ltr'>αὑτοῦ</span> <span class='ocrx_word' id='word_1_199' title='bbox 3444 1223 3794 1294; x_wconf 72' lang='grc' dir='ltr'>διεπορεΰθιη,</span> 
     </span>
    </p>
   </div>
   <div class='ocr_carea' id='block_1_28' title="bbox 2213 1314 3800 1402">
    <p class='ocr_par' dir='ltr' id='par_1_28' title="bbox 2213 1314 3800 1402">
     <span class='ocr_line' id='line_1_28' title="bbox 2213 1314 3800 1402; baseline -0.015 -14"><span class='ocrx_word' id='word_1_200' title='bbox 2213 1334 2308 1388; x_wconf 77' lang='grc' dir='ltr'><strong>καὶ</strong></span> <span class='ocrx_word' id='word_1_201' title='bbox 2349 1333 2423 1395; x_wconf 86' lang='grc' dir='ltr'>ὡς</span> <span class='ocrx_word' id='word_1_202' title='bbox 2456 1331 2604 1402; x_wconf 77' lang='grc' dir='ltr'>φωνὴ</span> <span class='ocrx_word' id='word_1_203' title='bbox 2639 1329 2740 1398; x_wconf 83' lang='grc' dir='ltr'>τῆς</span> <span class='ocrx_word' id='word_1_204' title='bbox 2769 1325 2992 1398; x_wconf 77' lang='grc' dir='ltr'>βροντῆς</span> <span class='ocrx_word' id='word_1_205' title='bbox 3022 1321 3185 1376; x_wconf 71' lang='grc' dir='ltr'>αὐτοῦ</span> <span class='ocrx_word' id='word_1_206' title='bbox 3221 1320 3443 1388; x_wconf 77' lang='grc' dir='ltr'>γέγονεν</span> <span class='ocrx_word' id='word_1_207' title='bbox 3477 1319 3534 1368; x_wconf 87' lang='grc' dir='ltr'><strong>ἐν</strong></span> <span class='ocrx_word' id='word_1_208' title='bbox 3567 1314 3648 1384; x_wconf 82' lang='grc' dir='ltr'>τῷ</span> <span class='ocrx_word' id='word_1_209' title='bbox 3677 1329 3800 1384; x_wconf 84' lang='grc' dir='ltr'>τρο-</span> 
     </span>
    </p>
   </div>
   <div class='ocr_carea' id='block_1_29' title="bbox 2215 1404 3800 1494">
    <p class='ocr_par' dir='ltr' id='par_1_29' title="bbox 2215 1404 3800 1494">
     <span class='ocr_line' id='line_1_29' title="bbox 2215 1404 3800 1494; baseline -0.014 -17"><span class='ocrx_word' id='word_1_210' title='bbox 2215 1423 2320 1494; x_wconf 64' lang='grc' dir='ltr'><strong>χῷυ</strong></span> <span class='ocrx_word' id='word_1_211' title='bbox 2364 1422 2456 1475; x_wconf 79' lang='grc' dir='ltr'>καὶ</span> <span class='ocrx_word' id='word_1_212' title='bbox 2508 1421 2599 1472; x_wconf 71' lang='grc' dir='ltr'>ἐπὶ</span> <span class='ocrx_word' id='word_1_213' title='bbox 2648 1419 2780 1471; x_wconf 82' lang='grc' dir='ltr'>πᾶσι</span> <span class='ocrx_word' id='word_1_214' title='bbox 2819 1415 3030 1476; x_wconf 71' lang='grc' dir='ltr'>τοῦτοις</span> <span class='ocrx_word' id='word_1_215' title='bbox 3075 1413 3148 1472; x_wconf 84' lang='grc' dir='ltr'>ὼς</span> <span class='ocrx_word' id='word_1_216' title='bbox 3181 1410 3386 1479; x_wconf 73' lang='grc' dir='ltr'>ἐφαναν</span> <span class='ocrx_word' id='word_1_217' title='bbox 3421 1409 3476 1459; x_wconf 86' lang='grc' dir='ltr'><strong>αἱ</strong></span> <span class='ocrx_word' id='word_1_218' title='bbox 3518 1404 3800 1474; x_wconf 70' lang='grc' dir='ltr'>ἀστραπαὶ</span> 
     </span>
    </p>
   </div>
   <div class='ocr_carea' id='block_1_30' title="bbox 2215 1495 3801 1584">
    <p class='ocr_par' dir='ltr' id='par_1_30' title="bbox 2215 1495 3801 1584">
     <span class='ocr_line' id='line_1_30' title="bbox 2215 1495 3801 1584; baseline -0.015 -15"><span class='ocrx_word' id='word_1_219' title='bbox 2215 1514 2375 1570; x_wconf 73' lang='grc' dir='ltr'>αὐτοῦ</span> <span class='ocrx_word' id='word_1_220' title='bbox 2395 1515 2461 1584; x_wconf 84' lang='grc' dir='ltr'>τῇ</span> <span class='ocrx_word' id='word_1_221' title='bbox 2485 1509 2794 1582; x_wconf 73' lang='grc' dir='ltr'><strong>οἰκουμένῃ.</strong></span> <span class='ocrx_word' id='word_1_222' title='bbox 2829 1508 2993 1569; x_wconf 79' lang='grc' dir='ltr'>Τίνας</span> <span class='ocrx_word' id='word_1_223' title='bbox 3018 1505 3060 1557; x_wconf 86' lang='grc' dir='ltr'>δ’</span> <span class='ocrx_word' id='word_1_224' title='bbox 3094 1503 3160 1557; x_wconf 79' lang='grc' dir='ltr'><strong>ἂν</strong></span> <span class='ocrx_word' id='word_1_225' title='bbox 3193 1504 3370 1564; x_wconf 79' lang='grc' dir='ltr'>εἴποις</span> <span class='ocrx_word' id='word_1_226' title='bbox 3391 1499 3491 1562; x_wconf 74' lang='grc' dir='ltr'>τὰς</span> <span class='ocrx_word' id='word_1_227' title='bbox 3509 1495 3801 1568; x_wconf 70' lang='grc' dir='ltr'>ἀστραπὰς</span> 
     </span>
    </p>
   </div>
   <div class='ocr_carea' id='block_1_31' title="bbox 2217 1585 3801 1678">
    <p class='ocr_par' dir='ltr' id='par_1_31' title="bbox 2217 1585 3801 1678">
     <span class='ocr_line' id='line_1_31' title="bbox 2217 1585 3801 1678; baseline -0.016 -16"><span class='ocrx_word' id='word_1_228' title='bbox 2217 1607 2378 1663; x_wconf 77' lang='grc' dir='ltr'>αὐτοῦ</span> <span class='ocrx_word' id='word_1_229' title='bbox 2403 1608 2436 1678; x_wconf 66' lang='grc' dir='ltr'>ἢ</span> <span class='ocrx_word' id='word_1_230' title='bbox 2464 1604 2532 1657; x_wconf 82' lang='grc' dir='ltr'>τὰ</span> <span class='ocrx_word' id='word_1_231' title='bbox 2554 1602 2730 1672; x_wconf 81' lang='grc' dir='ltr'><strong>φέγγη</strong></span> <span class='ocrx_word' id='word_1_232' title='bbox 2753 1597 2860 1652; x_wconf 86' lang='grc' dir='ltr'><strong>τῶν</strong></span> <span class='ocrx_word' id='word_1_233' title='bbox 2881 1596 2975 1650; x_wconf 84' lang='grc' dir='ltr'><strong>τοῦ</strong></span> <span class='ocrx_word' id='word_1_234' title='bbox 3002 1595 3158 1663; x_wconf 80' lang='grc' dir='ltr'><strong>ἁγίου</strong></span> <span class='ocrx_word' id='word_1_235' title='bbox 3181 1590 3321 1645; x_wconf 81' lang='grc' dir='ltr'>Πνεύ</span> <span class='ocrx_word' id='word_1_236' title='bbox 3331 1605 3500 1661; x_wconf 82' lang='grc' dir='ltr'><strong>ματος</strong></span> <span class='ocrx_word' id='word_1_237' title='bbox 3518 1606 3590 1658; x_wconf 82' lang='grc' dir='ltr'><strong>χα</strong></span> <span class='ocrx_word' id='word_1_238' title='bbox 3601 1585 3801 1658; x_wconf 79' lang='grc' dir='ltr'>ρισμά-</span> 
     </span>
    </p>
   </div>
   <div class='ocr_carea' id='block_1_32' title="bbox 2217 1681 3807 1767">
    <p class='ocr_par' dir='ltr' id='par_1_32' title="bbox 2217 1681 3807 1767">
     <span class='ocr_line' id='line_1_32' title="bbox 2217 1681 3807 1767; baseline -0.016 -13"><span class='ocrx_word' id='word_1_239' title='bbox 2217 1719 2323 1754; x_wconf 88' lang='grc' dir='ltr'>των</span> <span class='ocrx_word' id='word_1_240' title='bbox 2347 1699 2415 1752; x_wconf 72' lang='grc' dir='ltr'>τὰ</span> <span class='ocrx_word' id='word_1_241' title='bbox 2439 1694 2817 1767; x_wconf 65' lang='grc' dir='ltr'>ἀστράπτοντα</span> <span class='ocrx_word' id='word_1_242' title='bbox 2841 1688 2962 1743; x_wconf 80' lang='grc' dir='ltr'>καθ’</span> <span class='ocrx_word' id='word_1_243' title='bbox 2984 1687 3116 1758; x_wconf 73' lang='grc' dir='ltr'>ὅλης</span> <span class='ocrx_word' id='word_1_244' title='bbox 3142 1684 3240 1755; x_wconf 83' lang='grc' dir='ltr'><strong>τῆς</strong></span> <span class='ocrx_word' id='word_1_245' title='bbox 3266 1682 3627 1752; x_wconf 76' lang='grc' dir='ltr'>οἰκουμένηςς</span> <span class='ocrx_word' id='word_1_246' title='bbox 3660 1681 3807 1767; x_wconf 47' lang='grc' dir='ltr'>αραι-</span> 
     </span>
    </p>
   </div>
   <div class='ocr_carea' id='block_1_33' title="bbox 2211 1764 3801 1860">
    <p class='ocr_par' dir='ltr' id='par_1_33' title="bbox 2211 1764 3801 1860">
     <span class='ocr_line' id='line_1_33' title="bbox 2211 1764 3801 1860; baseline -0.017 -16"><span class='ocrx_word' id='word_1_247' title='bbox 2211 1789 2415 1860; x_wconf 79' lang='grc' dir='ltr'>ρέσεις</span> <span class='ocrx_word' id='word_1_248' title='bbox 2446 1764 2556 1856; x_wconf 71' lang='grc' dir='ltr'><strong>γάῥ</strong></span> <span class='ocrx_word' id='word_1_249' title='bbox 2585 1777 2965 1851; x_wconf 79' lang='grc' dir='ltr'><strong>χαρισμάτων</strong></span> <span class='ocrx_word' id='word_1_250' title='bbox 2989 1775 3109 1828; x_wconf 71' lang='grc' dir='ltr'>εισι</span> <span class='ocrx_word' id='word_1_251' title='bbox 3128 1811 3143 1836; x_wconf 89' lang='grc'><strong>,</strong></span> <span class='ocrx_word' id='word_1_252' title='bbox 3177 1773 3241 1826; x_wconf 85' lang='grc' dir='ltr'>τὸ</span> <span class='ocrx_word' id='word_1_253' title='bbox 3265 1771 3333 1824; x_wconf 77' lang='grc' dir='ltr'>δὲ</span> <span class='ocrx_word' id='word_1_254' title='bbox 3355 1769 3502 1823; x_wconf 74' lang='grc' dir='ltr'><strong>αὐτό</strong></span> <span class='ocrx_word' id='word_1_255' title='bbox 3535 1764 3801 1833; x_wconf 72' lang='grc' dir='ltr'>Πνεῦμα.</span> 
     </span>
    </p>
   </div>
   <div class='ocr_carea' id='block_1_34' title="bbox 545 1863 3806 1966">
    <p class='ocr_par' dir='ltr' id='par_1_34' title="bbox 545 1863 3806 1966">
     <span class='ocr_line' id='line_1_34' title="bbox 545 1863 3806 1966; baseline -0.012 -15"><span class='ocrx_word' id='word_1_256' title='bbox 545 1897 657 1951; x_wconf 85' lang='lat' dir='ltr'><strong>Kal</strong></span> <span class='ocrx_word' id='word_1_257' title='bbox 685 1897 731 1962; x_wconf 85' lang='grc' dir='ltr'><strong>ᾧ</strong></span> <span class='ocrx_word' id='word_1_258' title='bbox 752 1863 869 1966; x_wconf 50' lang='grc' dir='ltr'><strong>,μὲν</strong></span> <span class='ocrx_word' id='word_1_259' title='bbox 896 1897 992 1951; x_wconf 82' lang='grc' dir='ltr'>διὰ</span> <span class='ocrx_word' id='word_1_260' title='bbox 1025 1895 1130 1950; x_wconf 84' lang='grc' dir='ltr'>τοῦ</span> <span class='ocrx_word' id='word_1_261' title='bbox 1163 1898 1506 1966; x_wconf 70' lang='grc' dir='ltr'>Πκεὺματος</span> <span class='ocrx_word' id='word_1_262' title='bbox 1539 1895 1766 1951; x_wconf 82' lang='grc' dir='ltr'><strong>δίδοται</strong></span> <span class='ocrx_word' id='word_1_263' title='bbox 1791 1894 1972 1962; x_wconf 74' lang='grc' dir='ltr'>λόγος</span> <span class='ocrx_word' id='word_1_264' title='bbox 2014 1888 2254 1958; x_wconf 60' lang='grc' dir='ltr'>σοφίας,</span> <span class='ocrx_word' id='word_1_265' title='bbox 2277 1884 2377 1937; x_wconf 79' lang='grc' dir='ltr'><strong>καὶ</strong></span> <span class='ocrx_word' id='word_1_266' title='bbox 2407 1881 2579 1946; x_wconf 73' lang='grc' dir='ltr'>,ἄλλῳ</span> <span class='ocrx_word' id='word_1_267' title='bbox 2627 1877 2809 1944; x_wconf 70' lang='grc' dir='ltr'>λόγος</span> <span class='ocrx_word' id='word_1_268' title='bbox 2854 1869 3148 1966; x_wconf 63' lang='grc' dir='ltr'>γνώσείος,</span> <span class='ocrx_word' id='word_1_269' title='bbox 3201 1867 3299 1920; x_wconf 82' lang='grc' dir='ltr'><strong>καὶ</strong></span> <span class='ocrx_word' id='word_1_270' title='bbox 3577 1863 3806 1966; x_wconf 42' lang='grc' dir='ltr'>πίστις,</span> 
     </span>
    </p>
   </div>
   <div class='ocr_carea' id='block_1_35' title="bbox 540 1953 3809 2058">
    <p class='ocr_par' dir='ltr' id='par_1_35' title="bbox 540 1953 3809 2058">
     <span class='ocr_line' id='line_1_35' title="bbox 540 1953 3809 2058; baseline -0.012 -14"><span class='ocrx_word' id='word_1_271' title='bbox 540 1991 643 2044; x_wconf 75' lang='grc' dir='ltr'><strong>καὶ</strong></span> <span class='ocrx_word' id='word_1_272' title='bbox 662 1991 728 2043; x_wconf 84' lang='grc' dir='ltr'><strong>τά</strong></span> <span class='ocrx_word' id='word_1_273' title='bbox 751 1989 1150 2053; x_wconf 71' lang='grc' dir='ltr'>λοιπάυᾶτινα,</span> <span class='ocrx_word' id='word_1_274' title='bbox 1209 1988 1461 2058; x_wconf 74' lang='grc' dir='ltr'><strong>ἐξαίρετα</strong></span> <span class='ocrx_word' id='word_1_275' title='bbox 1499 1989 1630 2041; x_wconf 76' lang='grc' dir='ltr'>ὄντα</span> <span class='ocrx_word' id='word_1_276' title='bbox 1659 1986 1752 2040; x_wconf 87' lang='grc' dir='ltr'><strong>τοῦ</strong></span> <span class='ocrx_word' id='word_1_277' title='bbox 1793 1984 1928 2039; x_wconf 88' lang='grc' dir='ltr'>Θεοῦ</span> <span class='ocrx_word' id='word_1_278' title='bbox 1978 1983 2327 2055; x_wconf 71' lang='grc' dir='ltr'>χαρίσματα,</span> <span class='ocrx_word' id='word_1_279' title='bbox 2381 1971 2741 2043; x_wconf 79' lang='grc' dir='ltr'>ἐξαστράπτει</span> <span class='ocrx_word' id='word_1_280' title='bbox 2786 1965 2880 2020; x_wconf 69' lang='grc' dir='ltr'><strong>καὶ</strong></span> <span class='ocrx_word' id='word_1_281' title='bbox 2930 1961 3276 2032; x_wconf 75' lang='grc' dir='ltr'>καταλάμπει</span> <span class='ocrx_word' id='word_1_282' title='bbox 3327 1959 3426 2030; x_wconf 80' lang='grc' dir='ltr'><strong>τὴν</strong></span> <span class='ocrx_word' id='word_1_283' title='bbox 3477 1953 3809 2026; x_wconf 73' lang='grc' dir='ltr'>Ἐκκλησίαν</span> 
     </span>
    </p>
   </div>
   <div class='ocr_carea' id='block_1_36' title="bbox 537 2089 728 2143">
    <p class='ocr_par' dir='ltr' id='par_1_36' title="bbox 537 2089 728 2143">
     <span class='ocr_line' id='line_1_36' title="bbox 537 2089 728 2143; baseline -0.005 0"><span class='ocrx_word' id='word_1_284' title='bbox 537 2089 728 2143; x_wconf 67' lang='grc' dir='ltr'>αὐτοῦ.</span> 
     </span>
    </p>
   </div>
   <div class='ocr_carea' id='block_1_37' title="bbox 622 2172 2132 2270">
    <p class='ocr_par' dir='ltr' id='par_1_37' title="bbox 622 2199 2125 2270">
     <span class='ocr_line' id='line_1_37' title="bbox 622 2199 2125 2270; baseline -0.006 -11"><span class='ocrx_word' id='word_1_285' title='bbox 622 2205 789 2262; x_wconf 73' lang='lat' dir='ltr'><strong>Vens.</strong></span> <span class='ocrx_word' id='word_1_286' title='bbox 811 2207 904 2262; x_wconf 75' lang='lat'><strong>20.</strong></span> <span class='ocrx_word' id='word_1_287' title='bbox 948 2206 1010 2260; x_wconf 87' lang='lat' dir='ltr'><strong>In</strong></span> <span class='ocrx_word' id='word_1_288' title='bbox 1045 2207 1183 2260; x_wconf 83' lang='lat' dir='ltr'><strong>mari</strong></span> <span class='ocrx_word' id='word_1_289' title='bbox 1207 2206 1292 2260; x_wconf 74' lang='lat' dir='ltr'><strong>ria</strong></span> <span class='ocrx_word' id='word_1_290' title='bbox 1330 2213 1420 2257; x_wconf 87' lang='lat' dir='ltr'><strong>tua</strong></span> <span class='ocrx_word' id='word_1_291' title='bbox 1445 2213 1493 2258; x_wconf 85' lang='lat' dir='ltr'><strong>et</strong></span> <span class='ocrx_word' id='word_1_292' title='bbox 1538 2204 1738 2258; x_wconf 72' lang='lat' dir='ltr'><strong>semita:</strong></span> <span class='ocrx_word' id='word_1_293' title='bbox 1761 2213 1864 2256; x_wconf 76' lang='lat' dir='ltr'><strong>tua:</strong></span> <span class='ocrx_word' id='word_1_294' title='bbox 1895 2202 1951 2256; x_wconf 86' lang='lat' dir='ltr'><strong>in</strong></span> <span class='ocrx_word' id='word_1_295' title='bbox 1974 2199 2125 2270; x_wconf 80' lang='lat' dir='ltr'><strong>aquis</strong></span> 
     </span>
    </p>
   </div>
   <div class='ocr_carea' id='block_1_38' title="bbox 2234 2172 3810 2270">
    <p class='ocr_par' dir='ltr' id='par_1_38' title="bbox 2302 2172 3810 2252">
     <span class='ocr_line' id='line_1_38' title="bbox 2302 2172 3810 2252; baseline -0.009 -12"><span class='ocrx_word' id='word_1_296' title='bbox 2302 2188 2406 2240; x_wconf 77' lang='grc' dir='ltr'><strong>’Ἐγ</strong></span> <span class='ocrx_word' id='word_1_297' title='bbox 2438 2183 2512 2252; x_wconf 75' lang='grc' dir='ltr'>τῇ</span> <span class='ocrx_word' id='word_1_298' title='bbox 2545 2181 2825 2247; x_wconf 73' lang='grc' dir='ltr'>θαλάσσῃ</span> <span class='ocrx_word' id='word_1_299' title='bbox 2860 2178 2897 2243; x_wconf 76' lang='grc' dir='ltr'>ἡ</span> <span class='ocrx_word' id='word_1_300' title='bbox 2935 2175 3072 2240; x_wconf 76' lang='grc' dir='ltr'>ὁδός</span> <span class='ocrx_word' id='word_1_301' title='bbox 3107 2188 3222 2228; x_wconf 91' lang='grc' dir='ltr'><strong>σου</strong></span> <span class='ocrx_word' id='word_1_302' title='bbox 3261 2172 3359 2225; x_wconf 77' lang='grc' dir='ltr'>καὶ</span> <span class='ocrx_word' id='word_1_303' title='bbox 3387 2190 3446 2228; x_wconf 79' lang='grc' dir='ltr'>αι</span> <span class='ocrx_word' id='word_1_304' title='bbox 3475 2172 3664 2240; x_wconf 76' lang='grc' dir='ltr'>τρζὸοι</span> <span class='ocrx_word' id='word_1_305' title='bbox 3691 2188 3810 2227; x_wconf 83' lang='grc' dir='ltr'><strong>σου</strong></span> 
     </span>
    </p>
   </div>
   <div class='ocr_carea' id='block_1_39' title="bbox 550 2263 2132 2369">
    <p class='ocr_par' dir='ltr' id='par_1_39' title="bbox 550 2291 2121 2369">
     <span class='ocr_line' id='line_1_39' title="bbox 550 2291 2121 2369; baseline -0.006 -16"><span class='ocrx_word' id='word_1_306' title='bbox 550 2300 754 2360; x_wconf 79' lang='lat' dir='ltr'><strong>multis,</strong></span> <span class='ocrx_word' id='word_1_307' title='bbox 778 2308 825 2351; x_wconf 87' lang='lat' dir='ltr'><strong>et</strong></span> <span class='ocrx_word' id='word_1_308' title='bbox 857 2299 1076 2369; x_wconf 82' lang='lat' dir='ltr'><strong>vestigia</strong></span> <span class='ocrx_word' id='word_1_309' title='bbox 1109 2307 1201 2350; x_wconf 88' lang='lat' dir='ltr'><strong>tua</strong></span> <span class='ocrx_word' id='word_1_310' title='bbox 1233 2313 1336 2350; x_wconf 88' lang='lat' dir='ltr'><strong>non</strong></span> <span class='ocrx_word' id='word_1_311' title='bbox 1371 2303 1770 2367; x_wconf 72' lang='lat' dir='ltr'><strong>cognoscentur.</strong></span> <span class='ocrx_word' id='word_1_312' title='bbox 1801 2291 2121 2362; x_wconf 83' lang='lat' dir='ltr'><strong>Congruen-</strong></span> 
     </span>
    </p>
   </div>
   <div class='ocr_carea' id='block_1_40' title="bbox 2234 2263 3810 2369">
    <p class='ocr_par' dir='ltr' id='par_1_40' title="bbox 2234 2263 3810 2336">
     <span class='ocr_line' id='line_1_40' title="bbox 2234 2263 3810 2336; baseline -0.017 -1"><span class='ocrx_word' id='word_1_313' title='bbox 2234 2282 2290 2335; x_wconf 72' lang='grc' dir='ltr'><strong>ἓν</strong></span> <span class='ocrx_word' id='word_1_314' title='bbox 2313 2278 2493 2332; x_wconf 82' lang='grc' dir='ltr'>ὕδασι</span> <span class='ocrx_word' id='word_1_315' title='bbox 2527 2270 2810 2336; x_wconf 70' lang='grc' dir='ltr'>πολλοῖς,</span> <span class='ocrx_word' id='word_1_316' title='bbox 2846 2267 2943 2322; x_wconf 80' lang='grc' dir='ltr'>καὶ</span> <span class='ocrx_word' id='word_1_317' title='bbox 2969 2267 3043 2321; x_wconf 86' lang='grc' dir='ltr'>τὰ</span> <span class='ocrx_word' id='word_1_318' title='bbox 3085 2265 3224 2336; x_wconf 65' lang='lat' dir='ltr'><strong>(xm</strong></span> <span class='ocrx_word' id='word_1_319' title='bbox 3264 2279 3382 2317; x_wconf 87' lang='grc' dir='ltr'><strong>σου</strong></span> <span class='ocrx_word' id='word_1_320' title='bbox 3415 2266 3488 2317; x_wconf 84' lang='grc' dir='ltr'>οὺ</span> <span class='ocrx_word' id='word_1_321' title='bbox 3539 2263 3810 2332; x_wconf 63' lang='lat' dir='ltr'><strong>Troiam}.</strong></span> 
     </span>
    </p>
   </div>
   <div class='ocr_carea' id='block_1_41' title="bbox 551 2356 2132 2458">
    <p class='ocr_par' dir='ltr' id='par_1_41' title="bbox 551 2380 2124 2458">
     <span class='ocr_line' id='line_1_41' title="bbox 551 2380 2124 2458; baseline -0.006 -15"><span class='ocrx_word' id='word_1_322' title='bbox 551 2399 636 2445; x_wconf 86' lang='lat' dir='ltr'><strong>ter</strong></span> <span class='ocrx_word' id='word_1_323' title='bbox 661 2389 772 2458; x_wconf 86' lang='lat' dir='ltr'><strong>jam</strong></span> <span class='ocrx_word' id='word_1_324' title='bbox 796 2389 1032 2453; x_wconf 87' lang='lat' dir='ltr'><strong>traditis,</strong></span> <span class='ocrx_word' id='word_1_325' title='bbox 1063 2403 1333 2443; x_wconf 88' lang='lat' dir='ltr'><strong>concussa</strong></span> <span class='ocrx_word' id='word_1_326' title='bbox 1349 2395 1403 2441; x_wconf 91' lang='lat' dir='ltr'><strong>et</strong></span> <span class='ocrx_word' id='word_1_327' title='bbox 1428 2393 1702 2441; x_wconf 86' lang='lat' dir='ltr'><strong>commota</strong></span> <span class='ocrx_word' id='word_1_328' title='bbox 1725 2392 1810 2440; x_wconf 88' lang='lat' dir='ltr'><strong>est</strong></span> <span class='ocrx_word' id='word_1_329' title='bbox 1831 2391 1997 2438; x_wconf 86' lang='lat' dir='ltr'><strong>terra.</strong></span> <span class='ocrx_word' id='word_1_330' title='bbox 2017 2380 2124 2434; x_wconf 76' lang='lat' dir='ltr'><strong>Pro</strong></span> 
     </span>
    </p>
   </div>
   <div class='ocr_carea' id='block_1_42' title="bbox 2234 2356 3810 2458">
    <p class='ocr_par' dir='ltr' id='par_1_42' title="bbox 2234 2356 3810 2428">
     <span class='ocr_line' id='line_1_42' title="bbox 2234 2356 3810 2428; baseline -0.013 -2"><span class='ocrx_word' id='word_1_331' title='bbox 2234 2386 2452 2426; x_wconf 69' lang='grc' dir='ltr'>σον-ται.</span> <span class='ocrx_word' id='word_1_332' title='bbox 2507 2363 2840 2427; x_wconf 80' lang='grc' dir='ltr'>’Δκολούθως</span> <span class='ocrx_word' id='word_1_333' title='bbox 2890 2364 3003 2424; x_wconf 86' lang='grc' dir='ltr'>τοῖς</span> <span class='ocrx_word' id='word_1_334' title='bbox 3062 2356 3477 2428; x_wconf 82' lang='grc' dir='ltr'>ἀποδεδομένοις</span> <span class='ocrx_word' id='word_1_335' title='bbox 3541 2356 3810 2428; x_wconf 70' lang='grc' dir='ltr'>ἐσαλεύθη</span> 
     </span>
    </p>
   </div>
   <div class='ocr_carea' id='block_1_43' title="bbox 547 2475 2125 2547">
    <p class='ocr_par' dir='ltr' id='par_1_43' title="bbox 547 2475 2125 2547">
     <span class='ocr_line' id='line_1_43' title="bbox 547 2475 2125 2547; baseline -0.008 -9"><span class='ocrx_word' id='word_1_336' title='bbox 547 2484 651 2538; x_wconf 82' lang='lat' dir='ltr'><strong>illo</strong></span> <span class='ocrx_word' id='word_1_337' title='bbox 682 2483 850 2547; x_wconf 88' lang='lat' dir='ltr'><strong>enim,</strong></span> <span class='ocrx_word' id='word_1_338' title='bbox 905 2493 954 2538; x_wconf 83' lang='lat' dir='ltr'><strong>et</strong></span> <span class='ocrx_word' id='word_1_339' title='bbox 1009 2482 1342 2544; x_wconf 77' lang='lat' dir='ltr'><strong>contremuit,</strong></span> <span class='ocrx_word' id='word_1_340' title='bbox 1392 2479 1696 2534; x_wconf 89' lang='lat' dir='ltr'><strong>secundum</strong></span> <span class='ocrx_word' id='word_1_341' title='bbox 1739 2492 1929 2531; x_wconf 87' lang='lat' dir='ltr'><strong>omnes</strong></span> <span class='ocrx_word' id='word_1_342' title='bbox 1962 2475 2125 2528; x_wconf 87' lang='lat' dir='ltr'><strong>inter-</strong></span> 
     </span>
    </p>
   </div>
   <div class='ocr_carea' id='block_1_44' title="bbox 552 2567 2126 2647">
    <p class='ocr_par' dir='ltr' id='par_1_44' title="bbox 552 2567 2126 2647">
     <span class='ocr_line' id='line_1_44' title="bbox 552 2567 2126 2647; baseline -0.006 -19"><span class='ocrx_word' id='word_1_343' title='bbox 552 2585 760 2647; x_wconf 82' lang='lat' dir='ltr'><strong>pretes,</strong></span> <span class='ocrx_word' id='word_1_344' title='bbox 809 2584 858 2628; x_wconf 80' lang='lat' dir='ltr'><strong>et</strong></span> <span class='ocrx_word' id='word_1_345' title='bbox 905 2583 1164 2628; x_wconf 86' lang='lat' dir='ltr'><strong>commota</strong></span> <span class='ocrx_word' id='word_1_346' title='bbox 1195 2582 1294 2636; x_wconf 85' lang='lat' dir='ltr'><strong>est,</strong></span> <span class='ocrx_word' id='word_1_347' title='bbox 1349 2572 1574 2626; x_wconf 90' lang='lat' dir='ltr'><strong>dicitur.</strong></span> <span class='ocrx_word' id='word_1_348' title='bbox 1615 2570 1691 2623; x_wconf 86' lang='lat' dir='ltr'><strong>Eo</strong></span> <span class='ocrx_word' id='word_1_349' title='bbox 1745 2580 1924 2625; x_wconf 89' lang='lat' dir='ltr'><strong>autem</strong></span> <span class='ocrx_word' id='word_1_350' title='bbox 1965 2567 2126 2620; x_wconf 86' lang='lat' dir='ltr'><strong>modo</strong></span> 
     </span>
    </p>
   </div>
   <div class='ocr_carea' id='block_1_45' title="bbox 555 2659 2124 2734">
    <p class='ocr_par' dir='ltr' id='par_1_45' title="bbox 555 2659 2124 2734">
     <span class='ocr_line' id='line_1_45' title="bbox 555 2659 2124 2734; baseline -0.006 -15"><span class='ocrx_word' id='word_1_351' title='bbox 555 2673 830 2720; x_wconf 86' lang='lat' dir='ltr'><strong>commota</strong></span> <span class='ocrx_word' id='word_1_352' title='bbox 858 2671 944 2719; x_wconf 92' lang='lat' dir='ltr'><strong>est</strong></span> <span class='ocrx_word' id='word_1_353' title='bbox 977 2673 1141 2728; x_wconf 87' lang='lat' dir='ltr'><strong>terra,</strong></span> <span class='ocrx_word' id='word_1_354' title='bbox 1193 2679 1301 2734; x_wconf 90' lang='lat' dir='ltr'><strong>quo</strong></span> <span class='ocrx_word' id='word_1_355' title='bbox 1363 2663 1565 2717; x_wconf 88' lang='lat' dir='ltr'><strong>dicitur</strong></span> <span class='ocrx_word' id='word_1_356' title='bbox 1603 2661 1657 2715; x_wconf 90' lang='lat' dir='ltr'><strong>in</strong></span> <span class='ocrx_word' id='word_1_357' title='bbox 1703 2659 2011 2729; x_wconf 69' lang='lat' dir='ltr'><strong>Evangeliis</strong></span> <span class='ocrx_word' id='word_1_358' title='bbox 2041 2659 2124 2710; x_wconf 68' lang='grc' dir='ltr'><strong>πε</strong></span> 
     </span>
    </p>
   </div>
   <div class='ocr_carea' id='block_1_46' title="bbox 557 2753 2127 2825">
    <p class='ocr_par' dir='ltr' id='par_1_46' title="bbox 557 2753 2127 2825">
     <span class='ocr_line' id='line_1_46' title="bbox 557 2753 2127 2825; baseline -0.005 -15"><span class='ocrx_word' id='word_1_359' title='bbox 557 2753 629 2810; x_wconf 84' lang='lat' dir='ltr'><strong>Et</strong></span> <span class='ocrx_word' id='word_1_360' title='bbox 654 2755 974 2825; x_wconf 73' lang='lat' dir='ltr'><strong>ingrediente</strong></span> <span class='ocrx_word' id='word_1_361' title='bbox 999 2754 1276 2809; x_wconf 76' lang='lat' dir='ltr'><strong>Saluatore</strong></span> <span class='ocrx_word' id='word_1_362' title='bbox 1306 2753 1753 2823; x_wconf 81' lang='lat' dir='ltr'><strong>Hierosolymam,</strong></span> <span class='ocrx_word' id='word_1_363' title='bbox 1769 2757 2127 2805; x_wconf 69' lang='lat' dir='ltr'><strong>commotaest</strong></span> 
     </span>
    </p>
   </div>
   <div class='ocr_carea' id='block_1_47' title="bbox 559 2843 2132 2912">
    <p class='ocr_par' dir='ltr' id='par_1_47' title="bbox 559 2843 2132 2912">
     <span class='ocr_line' id='line_1_47' title="bbox 559 2843 2132 2912; baseline -0.006 -10"><span class='ocrx_word' id='word_1_364' title='bbox 559 2847 731 2902; x_wconf 84' lang='lat' dir='ltr'><strong>omnis</strong></span> <span class='ocrx_word' id='word_1_365' title='bbox 771 2849 955 2900; x_wconf 82' lang='lat' dir='ltr'><strong>civitas</strong></span> <span class='ocrx_word' id='word_1_366' title='bbox 985 2846 1185 2910; x_wconf 82' lang='lat' dir='ltr'><strong>dicens,</strong></span> <span class='ocrx_word' id='word_1_367' title='bbox 1217 2845 1348 2912; x_wconf 85' lang='lat' dir='ltr'><strong>Quis</strong></span> <span class='ocrx_word' id='word_1_368' title='bbox 1371 2855 1450 2900; x_wconf 84' lang='lat' dir='ltr'><strong>est</strong></span> <span class='ocrx_word' id='word_1_369' title='bbox 1475 2844 1598 2901; x_wconf 82' lang='lat' dir='ltr'><strong>hic?</strong></span> <span class='ocrx_word' id='word_1_370' title='bbox 1639 2843 1793 2898; x_wconf 85' lang='lat' dir='ltr'><strong>Sicut</strong></span> <span class='ocrx_word' id='word_1_371' title='bbox 1837 2843 1982 2897; x_wconf 93' lang='lat' dir='ltr'><strong>enim</strong></span> <span class='ocrx_word' id='word_1_372' title='bbox 2035 2856 2132 2910; x_wconf 77' lang='lat' dir='ltr'><strong>per</strong></span> 
     </span>
    </p>
   </div>
   <div class='ocr_carea' id='block_1_48' title="bbox 553 2935 2132 3010">
    <p class='ocr_par' dir='ltr' id='par_1_48' title="bbox 553 2935 2132 3010">
     <span class='ocr_line' id='line_1_48' title="bbox 553 2935 2132 3010; baseline -0.003 -17"><span class='ocrx_word' id='word_1_373' title='bbox 553 2940 744 2993; x_wconf 80' lang='lat' dir='ltr'><strong>locum</strong></span> <span class='ocrx_word' id='word_1_374' title='bbox 801 2940 901 3010; x_wconf 89' lang='lat' dir='ltr'><strong>ipsi</strong></span> <span class='ocrx_word' id='word_1_375' title='bbox 939 2939 1177 2994; x_wconf 85' lang='lat' dir='ltr'><strong>civitatis</strong></span> <span class='ocrx_word' id='word_1_376' title='bbox 1212 2938 1404 2992; x_wconf 65' lang='lat' dir='ltr'><strong>incolae</strong></span> <span class='ocrx_word' id='word_1_377' title='bbox 1435 2938 1812 3008; x_wconf 78' lang='lat' dir='ltr'><strong>designantur,</strong></span> <span class='ocrx_word' id='word_1_378' title='bbox 1848 2935 1924 2989; x_wconf 89' lang='lat' dir='ltr'><strong>ita</strong></span> <span class='ocrx_word' id='word_1_379' title='bbox 1945 2943 2001 2988; x_wconf 92' lang='lat' dir='ltr'><strong>et</strong></span> <span class='ocrx_word' id='word_1_380' title='bbox 2031 2935 2132 2988; x_wconf 88' lang='lat' dir='ltr'><strong>hoc</strong></span> 
     </span>
    </p>
   </div>
   <div class='ocr_carea' id='block_1_49' title="bbox 553 3029 2133 3098">
    <p class='ocr_par' dir='ltr' id='par_1_49' title="bbox 553 3029 2133 3098">
     <span class='ocr_line' id='line_1_49' title="bbox 553 3029 2133 3098; baseline -0.004 -15"><span class='ocrx_word' id='word_1_381' title='bbox 553 3029 686 3083; x_wconf 68' lang='lat' dir='ltr'><strong>ioco</strong></span> <span class='ocrx_word' id='word_1_382' title='bbox 747 3030 893 3098; x_wconf 86' lang='lat' dir='ltr'><strong>ipsos</strong></span> <span class='ocrx_word' id='word_1_383' title='bbox 928 3039 1099 3084; x_wconf 63' lang='lat' dir='ltr'><strong>terra:</strong></span> <span class='ocrx_word' id='word_1_384' title='bbox 1149 3030 1359 3084; x_wconf 83' lang='lat' dir='ltr'><strong>incolas</strong></span> <span class='ocrx_word' id='word_1_385' title='bbox 1403 3035 1707 3082; x_wconf 90' lang='lat' dir='ltr'><strong>commotos</strong></span> <span class='ocrx_word' id='word_1_386' title='bbox 1740 3034 1794 3080; x_wconf 91' lang='lat' dir='ltr'><strong>et</strong></span> <span class='ocrx_word' id='word_1_387' title='bbox 1832 3039 2133 3078; x_wconf 87' lang='lat' dir='ltr'><strong>concussos</strong></span> 
     </span>
    </p>
   </div>
   <div class='ocr_carea' id='block_1_50' title="bbox 552 3116 2132 3187">
    <p class='ocr_par' dir='ltr' id='par_1_50' title="bbox 552 3116 2132 3187">
     <span class='ocr_line' id='line_1_50' title="bbox 552 3116 2132 3187; baseline -0.005 -13"><span class='ocrx_word' id='word_1_388' title='bbox 552 3136 684 3175; x_wconf 80' lang='lat' dir='ltr'><strong>esse</strong></span> <span class='ocrx_word' id='word_1_389' title='bbox 717 3121 940 3174; x_wconf 86' lang='lat' dir='ltr'><strong>dicitur.</strong></span> <span class='ocrx_word' id='word_1_390' title='bbox 993 3121 1175 3186; x_wconf 83' lang='lat' dir='ltr'><strong>Quare</strong></span> <span class='ocrx_word' id='word_1_391' title='bbox 1229 3133 1294 3175; x_wconf 85' lang='lat' dir='ltr'><strong>ex</strong></span> <span class='ocrx_word' id='word_1_392' title='bbox 1347 3118 1664 3187; x_wconf 84' lang='lat' dir='ltr'><strong>evangelica</strong></span> <span class='ocrx_word' id='word_1_393' title='bbox 1718 3116 2132 3187; x_wconf 82' lang='lat' dir='ltr'><strong>praedicatione,</strong></span> 
     </span>
    </p>
   </div>
   <div class='ocr_carea' id='block_1_51' title="bbox 554 3207 2137 3279">
    <p class='ocr_par' dir='ltr' id='par_1_51' title="bbox 554 3207 2137 3279">
     <span class='ocr_line' id='line_1_51' title="bbox 554 3207 2137 3279; baseline -0.004 -13"><span class='ocrx_word' id='word_1_394' title='bbox 554 3214 620 3266; x_wconf 60' lang='lat' dir='ltr'><strong>iin</strong></span> <span class='ocrx_word' id='word_1_395' title='bbox 654 3211 1026 3266; x_wconf 83' lang='lat' dir='ltr'><strong>testimonium</strong></span> <span class='ocrx_word' id='word_1_396' title='bbox 1056 3211 1313 3264; x_wconf 85' lang='lat' dir='ltr'><strong>omnibus</strong></span> <span class='ocrx_word' id='word_1_397' title='bbox 1343 3210 1597 3279; x_wconf 79' lang='lat' dir='ltr'><strong>gentibus</strong></span> <span class='ocrx_word' id='word_1_398' title='bbox 1645 3207 1990 3273; x_wconf 90' lang='lat' dir='ltr'><strong>annuntiata,</strong></span> <span class='ocrx_word' id='word_1_399' title='bbox 2016 3221 2137 3260; x_wconf 84' lang='lat' dir='ltr'><strong>om-</strong></span> 
     </span>
    </p>
   </div>
   <div class='ocr_carea' id='block_1_52' title="bbox 558 3297 2134 3367">
    <p class='ocr_par' dir='ltr' id='par_1_52' title="bbox 558 3297 2134 3367">
     <span class='ocr_line' id='line_1_52' title="bbox 558 3297 2134 3367; baseline -0.003 -13"><span class='ocrx_word' id='word_1_400' title='bbox 558 3302 716 3355; x_wconf 87' lang='lat' dir='ltr'><strong>nium</strong></span> <span class='ocrx_word' id='word_1_401' title='bbox 773 3307 1257 3354; x_wconf 80' lang='lat' dir='ltr'><strong>aures-commotae</strong></span> <span class='ocrx_word' id='word_1_402' title='bbox 1311 3306 1463 3352; x_wconf 88' lang='lat' dir='ltr'><strong>sunt.</strong></span> <span class='ocrx_word' id='word_1_403' title='bbox 1499 3297 1914 3367; x_wconf 83' lang='lat' dir='ltr'><strong>Consequenter</strong></span> <span class='ocrx_word' id='word_1_404' title='bbox 1952 3305 2134 3350; x_wconf 85' lang='lat' dir='ltr'><strong>autem</strong></span> 
     </span>
    </p>
   </div>
   <div class='ocr_carea' id='block_1_53' title="bbox 564 3396 2138 3459">
    <p class='ocr_par' dir='ltr' id='par_1_53' title="bbox 564 3396 2138 3459">
     <span class='ocr_line' id='line_1_53' title="bbox 564 3396 2138 3459; baseline -0.003 -13"><span class='ocrx_word' id='word_1_405' title='bbox 564 3405 837 3446; x_wconf 78' lang='lat' dir='ltr'><strong>concussa</strong></span> <span class='ocrx_word' id='word_1_406' title='bbox 889 3399 946 3444; x_wconf 90' lang='lat' dir='ltr'><strong>et</strong></span> <span class='ocrx_word' id='word_1_407' title='bbox 994 3397 1266 3443; x_wconf 86' lang='lat' dir='ltr'><strong>commota</strong></span> <span class='ocrx_word' id='word_1_408' title='bbox 1319 3401 1406 3445; x_wconf 81' lang='lat' dir='ltr'><strong>est</strong></span> <span class='ocrx_word' id='word_1_409' title='bbox 1452 3399 1599 3444; x_wconf 87' lang='lat' dir='ltr'><strong>terra</strong></span> <span class='ocrx_word' id='word_1_410' title='bbox 1652 3396 1874 3459; x_wconf 88' lang='lat' dir='ltr'><strong>propter</strong></span> <span class='ocrx_word' id='word_1_411' title='bbox 1904 3403 1969 3443; x_wconf 89' lang='lat' dir='ltr'><strong>ea</strong></span> <span class='ocrx_word' id='word_1_412' title='bbox 2017 3403 2138 3458; x_wconf 79' lang='lat' dir='ltr'><strong>quae</strong></span> 
     </span>
    </p>
   </div>
   <div class='ocr_carea' id='block_1_54' title="bbox 565 3478 2137 3553">
    <p class='ocr_par' dir='ltr' id='par_1_54' title="bbox 565 3478 2137 3553">
     <span class='ocr_line' id='line_1_54' title="bbox 565 3478 2137 3553; baseline -0.001 -18"><span class='ocrx_word' id='word_1_413' title='bbox 565 3481 722 3553; x_wconf 87' lang='lat' dir='ltr'><strong>prius</strong></span> <span class='ocrx_word' id='word_1_414' title='bbox 755 3480 951 3533; x_wconf 89' lang='lat' dir='ltr'><strong>tradita</strong></span> <span class='ocrx_word' id='word_1_415' title='bbox 978 3488 1126 3536; x_wconf 82' lang='lat' dir='ltr'><strong>sunt.</strong></span> <span class='ocrx_word' id='word_1_416' title='bbox 1161 3478 1294 3533; x_wconf 78' lang='lat' dir='ltr'><strong>Nam</strong></span> <span class='ocrx_word' id='word_1_417' title='bbox 1326 3481 1372 3534; x_wconf 90' lang='lat' dir='ltr'><strong>si</strong></span> <span class='ocrx_word' id='word_1_418' title='bbox 1415 3480 1715 3534; x_wconf 77' lang='lat' dir='ltr'><strong>illuxerunt</strong></span> <span class='ocrx_word' id='word_1_419' title='bbox 1763 3480 1978 3550; x_wconf 82' lang='lat' dir='ltr'><strong>fulgura</strong></span> <span class='ocrx_word' id='word_1_420' title='bbox 2016 3479 2137 3548; x_wconf 84' lang='lat' dir='ltr'><strong>ejus</strong></span> 
     </span>
    </p>
   </div>
   <div class='ocr_carea' id='block_1_55' title="bbox 2225 2447 3811 2529">
    <p class='ocr_par' dir='ltr' id='par_1_55' title="bbox 2225 2447 3811 2529">
     <span class='ocr_line' id='line_1_55' title="bbox 2225 2447 3811 2529; baseline -0.012 -14"><span class='ocrx_word' id='word_1_421' title='bbox 2225 2463 2318 2516; x_wconf 74' lang='grc' dir='ltr'><strong>καὶ</strong></span> <span class='ocrx_word' id='word_1_422' title='bbox 2362 2458 2579 2529; x_wconf 81' lang='grc' dir='ltr'>ἐσείσθη</span> <span class='ocrx_word' id='word_1_423' title='bbox 2631 2458 2666 2529; x_wconf 81' lang='grc' dir='ltr'><strong>η</strong></span> <span class='ocrx_word' id='word_1_424' title='bbox 2699 2455 2794 2526; x_wconf 80' lang='grc' dir='ltr'><strong>γῆ.</strong></span> <span class='ocrx_word' id='word_1_425' title='bbox 2837 2453 2985 2507; x_wconf 80' lang='grc' dir='ltr'>Ἀντὶ</span> <span class='ocrx_word' id='word_1_426' title='bbox 3030 2452 3137 2522; x_wconf 85' lang='grc' dir='ltr'>γὰρ</span> <span class='ocrx_word' id='word_1_427' title='bbox 3191 2447 3308 2513; x_wconf 87' lang='grc' dir='ltr'>τοῦ,</span> <span class='ocrx_word' id='word_1_428' title='bbox 3356 2448 3452 2501; x_wconf 70' lang='grc' dir='ltr'><strong>καὶ</strong></span> <span class='ocrx_word' id='word_1_429' title='bbox 3499 2449 3811 2516; x_wconf 77' lang='grc' dir='ltr'><strong>ἔντρομος,</strong></span> 
     </span>
    </p>
   </div>
   <div class='ocr_carea' id='block_1_56' title="bbox 2226 2541 3811 2620">
    <p class='ocr_par' dir='ltr' id='par_1_56' title="bbox 2226 2541 3811 2620">
     <span class='ocr_line' id='line_1_56' title="bbox 2226 2541 3811 2620; baseline -0.011 -10"><span class='ocrx_word' id='word_1_430' title='bbox 2226 2555 2368 2609; x_wconf 77' lang='grc' dir='ltr'>κατὰ</span> <span class='ocrx_word' id='word_1_431' title='bbox 2400 2554 2604 2616; x_wconf 81' lang='grc' dir='ltr'>πάντας</span> <span class='ocrx_word' id='word_1_432' title='bbox 2625 2551 2753 2613; x_wconf 79' lang='grc' dir='ltr'>τοὺς</span> <span class='ocrx_word' id='word_1_433' title='bbox 2783 2544 3143 2620; x_wconf 84' lang='grc' dir='ltr'>ἐρμηνευτὰς,</span> <span class='ocrx_word' id='word_1_434' title='bbox 3172 2544 3266 2597; x_wconf 77' lang='grc' dir='ltr'>καὶ</span> <span class='ocrx_word' id='word_1_435' title='bbox 3295 2541 3546 2609; x_wconf 83' lang='grc' dir='ltr'>ἐσείσθη</span> <span class='ocrx_word' id='word_1_436' title='bbox 3575 2541 3811 2613; x_wconf 73' lang='grc' dir='ltr'>εἴρηται.</span> 
     </span>
    </p>
   </div>
   <div class='ocr_carea' id='block_1_57' title="bbox 2229 2632 3811 2712">
    <p class='ocr_par' dir='ltr' id='par_1_57' title="bbox 2229 2632 3811 2712">
     <span class='ocr_line' id='line_1_57' title="bbox 2229 2632 3811 2712; baseline -0.004 -11"><span class='ocrx_word' id='word_1_437' title='bbox 2229 2648 2385 2702; x_wconf 80' lang='grc' dir='ltr'>υῦτω</span> <span class='ocrx_word' id='word_1_438' title='bbox 2413 2645 2469 2698; x_wconf 88' lang='grc' dir='ltr'><strong>δέ</strong></span> <span class='ocrx_word' id='word_1_439' title='bbox 2501 2642 2721 2712; x_wconf 79' lang='grc' dir='ltr'>ἐσείσθη</span> <span class='ocrx_word' id='word_1_440' title='bbox 2763 2644 2795 2712; x_wconf 83' lang='grc' dir='ltr'><strong>ὴ</strong></span> <span class='ocrx_word' id='word_1_441' title='bbox 2835 2640 2929 2710; x_wconf 85' lang='grc' dir='ltr'>γῆ,</span> <span class='ocrx_word' id='word_1_442' title='bbox 2962 2638 3036 2702; x_wconf 84' lang='grc' dir='ltr'>ὡς</span> <span class='ocrx_word' id='word_1_443' title='bbox 3074 2637 3286 2708; x_wconf 85' lang='grc' dir='ltr'>εἴρηται</span> <span class='ocrx_word' id='word_1_444' title='bbox 3333 2637 3390 2686; x_wconf 82' lang='grc' dir='ltr'><strong>ἐν</strong></span> <span class='ocrx_word' id='word_1_445' title='bbox 3416 2632 3811 2701; x_wconf 72' lang='grc' dir='ltr'>Εὐαγγελξοιςς</span> 
     </span>
    </p>
   </div>
   <div class='ocr_carea' id='block_1_58' title="bbox 2228 2727 3815 2800">
    <p class='ocr_par' dir='ltr' id='par_1_58' title="bbox 2228 2727 3815 2800">
     <span class='ocr_line' id='line_1_58' title="bbox 2228 2727 3815 2800; baseline -0.013 -2"><span class='ocrx_word' id='word_1_446' title='bbox 2228 2743 2339 2798; x_wconf 81' lang='grc' dir='ltr'><strong>Καὶ</strong></span> <span class='ocrx_word' id='word_1_447' title='bbox 2404 2739 2787 2800; x_wconf 72' lang='grc' dir='ltr'>εἰσελθόντος</span> <span class='ocrx_word' id='word_1_448' title='bbox 2829 2733 2936 2788; x_wconf 84' lang='grc' dir='ltr'><strong>τοῦ</strong></span> <span class='ocrx_word' id='word_1_449' title='bbox 2987 2731 3257 2800; x_wconf 78' lang='grc' dir='ltr'>Σωτῆρος</span> <span class='ocrx_word' id='word_1_450' title='bbox 3297 2731 3384 2795; x_wconf 80' lang='grc' dir='ltr'><strong>είς</strong></span> <span class='ocrx_word' id='word_1_451' title='bbox 3429 2727 3815 2797; x_wconf 70' lang='grc' dir='ltr'>Ἶφοσόλυμα</span> 
     </span>
    </p>
   </div>
   <div class='ocr_carea' id='block_1_59' title="bbox 2230 2816 3814 2904">
    <p class='ocr_par' dir='ltr' id='par_1_59' title="bbox 2230 2816 3814 2904">
     <span class='ocr_line' id='line_1_59' title="bbox 2230 2816 3814 2904; baseline -0.013 -13"><span class='ocrx_word' id='word_1_452' title='bbox 2230 2836 2476 2904; x_wconf 79' lang='grc' dir='ltr'>ἐσείσθη</span> <span class='ocrx_word' id='word_1_453' title='bbox 2508 2830 2674 2886; x_wconf 80' lang='grc' dir='ltr'>πᾶσα</span> <span class='ocrx_word' id='word_1_454' title='bbox 2697 2829 2736 2895; x_wconf 77' lang='grc' dir='ltr'><strong>ἠ</strong></span> <span class='ocrx_word' id='word_1_455' title='bbox 2763 2828 2944 2890; x_wconf 56' lang='grc' dir='ltr'>’πόλις</span> <span class='ocrx_word' id='word_1_456' title='bbox 2968 2824 3234 2893; x_wconf 75' lang='grc' dir='ltr'>λέγουσα</span> <span class='ocrx_word' id='word_1_457' title='bbox 3252 2840 3264 2854; x_wconf 77' lang='grc'><strong><em>⁸</em></strong></span> <span class='ocrx_word' id='word_1_458' title='bbox 3299 2823 3395 2888; x_wconf 85' lang='grc' dir='ltr'>Τίς</span> <span class='ocrx_word' id='word_1_459' title='bbox 3414 2821 3591 2874; x_wconf 78' lang='grc' dir='ltr'>ἐστιν</span> <span class='ocrx_word' id='word_1_460' title='bbox 3613 2816 3814 2884; x_wconf 58' lang='grc' dir='ltr'>οὗτος</span> 
     </span>
    </p>
   </div>
   <div class='ocr_carea' id='block_1_60' title="bbox 2244 2910 3812 2999">
    <p class='ocr_par' dir='ltr' id='par_1_60' title="bbox 2244 2910 3812 2999">
     <span class='ocr_line' id='line_1_60' title="bbox 2244 2910 3812 2999; baseline -0.012 -15"><span class='ocrx_word' id='word_1_461' title='bbox 2244 2932 2330 2994; x_wconf 86' lang='grc' dir='ltr'>Ὠς</span> <span class='ocrx_word' id='word_1_462' title='bbox 2371 2929 2478 2999; x_wconf 85' lang='grc' dir='ltr'>γὰρ</span> <span class='ocrx_word' id='word_1_463' title='bbox 2505 2928 2554 2980; x_wconf 86' lang='grc' dir='ltr'>οἱ</span> <span class='ocrx_word' id='word_1_464' title='bbox 2599 2923 2697 2995; x_wconf 80' lang='grc' dir='ltr'>τὴν</span> <span class='ocrx_word' id='word_1_465' title='bbox 2743 2923 2896 2976; x_wconf 85' lang='grc' dir='ltr'>πόλιν</span> <span class='ocrx_word' id='word_1_466' title='bbox 2944 2917 3216 2982; x_wconf 78' lang='grc' dir='ltr'>οἰκοῦντες</span> <span class='ocrx_word' id='word_1_467' title='bbox 3255 2914 3544 2988; x_wconf 86' lang='grc' dir='ltr'>ἐδηλοῦντο</span> <span class='ocrx_word' id='word_1_468' title='bbox 3592 2913 3686 2967; x_wconf 72' lang='grc' dir='ltr'>διὰ</span> <span class='ocrx_word' id='word_1_469' title='bbox 3724 2910 3812 2966; x_wconf 68' lang='grc' dir='ltr'><strong>τοῦ</strong></span> 
     </span>
    </p>
   </div>
   <div class='ocr_carea' id='block_1_61' title="bbox 2233 3007 3813 3086">
    <p class='ocr_par' dir='ltr' id='par_1_61' title="bbox 2233 3007 3813 3086">
     <span class='ocr_line' id='line_1_61' title="bbox 2233 3007 3813 3086; baseline -0.011 -10"><span class='ocrx_word' id='word_1_470' title='bbox 2233 3024 2419 3083; x_wconf 84' lang='grc' dir='ltr'>τόπου,</span> <span class='ocrx_word' id='word_1_471' title='bbox 2447 3017 2587 3073; x_wconf 87' lang='grc' dir='ltr'><strong>κατά</strong></span> <span class='ocrx_word' id='word_1_472' title='bbox 2622 3017 2714 3070; x_wconf 82' lang='grc' dir='ltr'><strong>τὸν</strong></span> <span class='ocrx_word' id='word_1_473' title='bbox 2747 3015 2908 3070; x_wconf 82' lang='grc' dir='ltr'>αὑτὸν</span> <span class='ocrx_word' id='word_1_474' title='bbox 2936 3012 3138 3086; x_wconf 82' lang='grc' dir='ltr'>τρόπον</span> <span class='ocrx_word' id='word_1_475' title='bbox 3176 3011 3270 3064; x_wconf 73' lang='grc' dir='ltr'>καὶ</span> <span class='ocrx_word' id='word_1_476' title='bbox 3301 3009 3394 3063; x_wconf 74' lang='grc' dir='ltr'><strong>νῦν</strong></span> <span class='ocrx_word' id='word_1_477' title='bbox 3423 3010 3552 3071; x_wconf 77' lang='grc' dir='ltr'>τοὺς</span> <span class='ocrx_word' id='word_1_478' title='bbox 3585 3007 3687 3078; x_wconf 72' lang='grc' dir='ltr'><strong>τὴν</strong></span> <span class='ocrx_word' id='word_1_479' title='bbox 3717 3007 3813 3077; x_wconf 76' lang='grc' dir='ltr'>γῆν</span> 
     </span>
    </p>
   </div>
   <div class='ocr_carea' id='block_1_62' title="bbox 2236 3098 3811 3177">
    <p class='ocr_par' dir='ltr' id='par_1_62' title="bbox 2236 3098 3811 3177">
     <span class='ocr_line' id='line_1_62' title="bbox 2236 3098 3811 3177; baseline -0.01 -10"><span class='ocrx_word' id='word_1_480' title='bbox 2236 3112 2515 3174; x_wconf 75' lang='grc' dir='ltr'>οἰκοῦντας</span> <span class='ocrx_word' id='word_1_481' title='bbox 2551 3106 2876 3177; x_wconf 82' lang='grc' dir='ltr'>κλονηθῆναί</span> <span class='ocrx_word' id='word_1_482' title='bbox 2905 3120 3036 3176; x_wconf 79' lang='grc' dir='ltr'>φησι</span> <span class='ocrx_word' id='word_1_483' title='bbox 3077 3103 3169 3156; x_wconf 71' lang='grc' dir='ltr'>καὶ</span> <span class='ocrx_word' id='word_1_484' title='bbox 3203 3101 3492 3171; x_wconf 84' lang='grc' dir='ltr'>σεισθῆναι,</span> <span class='ocrx_word' id='word_1_485' title='bbox 3510 3099 3575 3152; x_wconf 76' lang='grc' dir='ltr'>τὸ</span> <span class='ocrx_word' id='word_1_486' title='bbox 3613 3098 3811 3167; x_wconf 73' lang='grc' dir='ltr'>λόγων.</span> 
     </span>
    </p>
   </div>
   <div class='ocr_carea' id='block_1_63' title="bbox 2238 3186 3814 3270">
    <p class='ocr_par' dir='ltr' id='par_1_63' title="bbox 2238 3186 3814 3270">
     <span class='ocr_line' id='line_1_63' title="bbox 2238 3186 3814 3270; baseline -0.011 -14"><span class='ocrx_word' id='word_1_487' title='bbox 2238 3203 2329 3256; x_wconf 87' lang='grc' dir='ltr'>Διὸ</span> <span class='ocrx_word' id='word_1_488' title='bbox 2363 3203 2513 3256; x_wconf 79' lang='grc' dir='ltr'>πᾶσα</span> <span class='ocrx_word' id='word_1_489' title='bbox 2543 3198 2680 3270; x_wconf 79' lang='grc' dir='ltr'>ἀκοὴ</span> <span class='ocrx_word' id='word_1_490' title='bbox 2705 3196 2988 3267; x_wconf 84' lang='grc' dir='ltr'>κεκίνηται</span> <span class='ocrx_word' id='word_1_491' title='bbox 3019 3195 3084 3247; x_wconf 87' lang='grc' dir='ltr'><strong>ἐκ</strong></span> <span class='ocrx_word' id='word_1_492' title='bbox 3122 3191 3214 3246; x_wconf 87' lang='grc' dir='ltr'><strong>τοῦ</strong></span> <span class='ocrx_word' id='word_1_493' title='bbox 3247 3188 3608 3260; x_wconf 59' lang='grc' dir='ltr'>εὐαγγελιστοῦ</span> <span class='ocrx_word' id='word_1_494' title='bbox 3644 3186 3814 3260; x_wconf 78' lang='grc' dir='ltr'>κηρύ-</span> 
     </span>
    </p>
   </div>
   <div class='ocr_carea' id='block_1_64' title="bbox 2238 3283 3816 3367">
    <p class='ocr_par' dir='ltr' id='par_1_64' title="bbox 2238 3283 3816 3367">
     <span class='ocr_line' id='line_1_64' title="bbox 2238 3283 3816 3367; baseline -0.011 -17"><span class='ocrx_word' id='word_1_495' title='bbox 2238 3312 2446 3367; x_wconf 86' lang='grc' dir='ltr'>γματος</span> <span class='ocrx_word' id='word_1_496' title='bbox 2471 3296 2550 3357; x_wconf 80' lang='grc' dir='ltr'><strong>είς</strong></span> <span class='ocrx_word' id='word_1_497' title='bbox 2597 3289 2893 3363; x_wconf 82' lang='grc' dir='ltr'>μαρτύριον</span> <span class='ocrx_word' id='word_1_498' title='bbox 2941 3289 3075 3341; x_wconf 77' lang='grc' dir='ltr'>πᾶσι</span> <span class='ocrx_word' id='word_1_499' title='bbox 3105 3289 3218 3349; x_wconf 87' lang='grc' dir='ltr'>τοῖς</span> <span class='ocrx_word' id='word_1_500' title='bbox 3263 3284 3438 3337; x_wconf 83' lang='grc' dir='ltr'>ἐθνεσι</span> <span class='ocrx_word' id='word_1_501' title='bbox 3473 3283 3816 3367; x_wconf 75' lang='grc' dir='ltr'>κεκηρυγμέ-</span> 
     </span>
    </p>
   </div>
   <div class='ocr_carea' id='block_1_65' title="bbox 2240 3359 3814 3451">
    <p class='ocr_par' dir='ltr' id='par_1_65' title="bbox 2240 3359 3814 3451">
     <span class='ocr_line' id='line_1_65' title="bbox 2240 3359 3814 3451; baseline -0.01 -8"><span class='ocrx_word' id='word_1_502' title='bbox 2240 3359 2352 3443; x_wconf 67' lang='lat' dir='ltr'><strong>von.</strong></span> <span class='ocrx_word' id='word_1_503' title='bbox 2391 3359 2722 3448; x_wconf 69' lang='grc' dir='ltr'>Ἀκολοῦθιος</span> <span class='ocrx_word' id='word_1_504' title='bbox 2763 3359 2819 3435; x_wconf 82' lang='grc' dir='ltr'>δὲ</span> <span class='ocrx_word' id='word_1_505' title='bbox 2860 3379 3126 3451; x_wconf 79' lang='grc' dir='ltr'>ἐσαλεύθη</span> <span class='ocrx_word' id='word_1_506' title='bbox 3168 3379 3263 3432; x_wconf 80' lang='grc' dir='ltr'><strong>καὶ</strong></span> <span class='ocrx_word' id='word_1_507' title='bbox 3311 3375 3529 3446; x_wconf 79' lang='grc' dir='ltr'>ἐσείσθη</span> <span class='ocrx_word' id='word_1_508' title='bbox 3584 3377 3619 3446; x_wconf 70' lang='grc' dir='ltr'><strong>ᾗ</strong></span> <span class='ocrx_word' id='word_1_509' title='bbox 3665 3359 3814 3444; x_wconf 65' lang='grc' dir='ltr'><strong>γῆξῆ</strong></span> 
     </span>
    </p>
   </div>
   <div class='ocr_carea' id='block_1_66' title="bbox 2242 3467 3818 3546">
    <p class='ocr_par' dir='ltr' id='par_1_66' title="bbox 2242 3467 3818 3546">
     <span class='ocr_line' id='line_1_66' title="bbox 2242 3467 3818 3546; baseline -0.009 -15"><span class='ocrx_word' id='word_1_510' title='bbox 2242 3475 2504 3546; x_wconf 84' lang='grc' dir='ltr'>ἐκλονήθη</span> <span class='ocrx_word' id='word_1_511' title='bbox 2547 3474 2634 3527; x_wconf 83' lang='grc' dir='ltr'>διὰ</span> <span class='ocrx_word' id='word_1_512' title='bbox 2661 3474 2730 3526; x_wconf 82' lang='grc' dir='ltr'>τὰ</span> <span class='ocrx_word' id='word_1_513' title='bbox 2761 3470 3068 3542; x_wconf 73' lang='grc' dir='ltr'>ἔμπροσθεν</span> <span class='ocrx_word' id='word_1_514' title='bbox 3092 3468 3411 3540; x_wconf 81' lang='grc' dir='ltr'>λελεγμένα.</span> <span class='ocrx_word' id='word_1_515' title='bbox 3448 3467 3512 3520; x_wconf 79' lang='lat' dir='ltr'><strong>El</strong></span> <span class='ocrx_word' id='word_1_516' title='bbox 3548 3467 3662 3537; x_wconf 72' lang='grc' dir='ltr'>γὰρ</span> <span class='ocrx_word' id='word_1_517' title='bbox 3694 3467 3818 3532; x_wconf 59' lang='grc' dir='ltr'>ἐσα-</span> 
     </span>
    </p>
   </div>
   <div class='ocr_carea' id='block_1_67' title="bbox 564 3552 2132 3639">
    <p class='ocr_par' dir='ltr' id='par_1_67' title="bbox 564 3570 2132 3639">
     <span class='ocr_line' id='line_1_67' title="bbox 564 3570 2132 3639; baseline -0.001 -13"><span class='ocrx_word' id='word_1_518' title='bbox 564 3571 687 3626; x_wconf 85' lang='lat' dir='ltr'><strong>orbi</strong></span> <span class='ocrx_word' id='word_1_519' title='bbox 710 3578 889 3634; x_wconf 65' lang='lat' dir='ltr'><strong>terris,</strong></span> <span class='ocrx_word' id='word_1_520' title='bbox 920 3571 966 3624; x_wconf 88' lang='lat' dir='ltr'><strong>si</strong></span> <span class='ocrx_word' id='word_1_521' title='bbox 1002 3586 1102 3624; x_wconf 82' lang='lat' dir='ltr'><strong>vox</strong></span> <span class='ocrx_word' id='word_1_522' title='bbox 1133 3571 1358 3625; x_wconf 91' lang='lat' dir='ltr'><strong>tonitrui</strong></span> <span class='ocrx_word' id='word_1_523' title='bbox 1391 3570 1512 3639; x_wconf 86' lang='lat' dir='ltr'><strong>ejus</strong></span> <span class='ocrx_word' id='word_1_524' title='bbox 1547 3571 1790 3625; x_wconf 86' lang='lat' dir='ltr'><strong>insonuit</strong></span> <span class='ocrx_word' id='word_1_525' title='bbox 1827 3571 1882 3624; x_wconf 92' lang='lat' dir='ltr'><strong>in</strong></span> <span class='ocrx_word' id='word_1_526' title='bbox 1919 3581 2057 3635; x_wconf 88' lang='lat' dir='ltr'><strong>rota,</strong></span> <span class='ocrx_word' id='word_1_527' title='bbox 2093 3571 2132 3625; x_wconf 90' lang='lat' dir='ltr'><strong>si</strong></span> 
     </span>
    </p>
   </div>
   <div class='ocr_carea' id='block_1_68' title="bbox 2234 3552 3816 3639">
    <p class='ocr_par' dir='ltr' id='par_1_68' title="bbox 2245 3556 3816 3637">
     <span class='ocr_line' id='line_1_68' title="bbox 2245 3556 3816 3637; baseline -0.008 -15"><span class='ocrx_word' id='word_1_528' title='bbox 2245 3586 2341 3622; x_wconf 85' lang='grc' dir='ltr'><strong>ναν</strong></span> <span class='ocrx_word' id='word_1_529' title='bbox 2380 3570 2436 3620; x_wconf 79' lang='grc' dir='ltr'>αἱ</span> <span class='ocrx_word' id='word_1_530' title='bbox 2476 3565 2751 3637; x_wconf 74' lang='grc' dir='ltr'>ἀστραπαὶ</span> <span class='ocrx_word' id='word_1_531' title='bbox 2792 3561 2956 3618; x_wconf 81' lang='grc' dir='ltr'>αὑτοῦ</span> <span class='ocrx_word' id='word_1_532' title='bbox 2994 3565 3061 3633; x_wconf 75' lang='grc' dir='ltr'>τῇ</span> <span class='ocrx_word' id='word_1_533' title='bbox 3103 3560 3411 3632; x_wconf 75' lang='grc' dir='ltr'>οἰκουμένῃ,</span> <span class='ocrx_word' id='word_1_534' title='bbox 3443 3560 3479 3630; x_wconf 79' lang='grc' dir='ltr'><strong>ἡ</strong></span> <span class='ocrx_word' id='word_1_535' title='bbox 3525 3557 3685 3628; x_wconf 76' lang='grc' dir='ltr'>φωνὴ</span> <span class='ocrx_word' id='word_1_536' title='bbox 3727 3556 3816 3627; x_wconf 70' lang='grc' dir='ltr'>τῆς</span> 
     </span>
    </p>
   </div>
   <div class='ocr_carea' id='block_1_69' title="bbox 565 3659 2141 3729">
    <p class='ocr_par' dir='ltr' id='par_1_69' title="bbox 565 3659 2141 3729">
     <span class='ocr_line' id='line_1_69' title="bbox 565 3659 2141 3729; baseline 0.002 -14"><span class='ocrx_word' id='word_1_537' title='bbox 565 3661 782 3729; x_wconf 66' lang='lat' dir='ltr'><strong>sagittae</strong></span> <span class='ocrx_word' id='word_1_538' title='bbox 815 3659 936 3729; x_wconf 83' lang='lat' dir='ltr'><strong>ejus</strong></span> <span class='ocrx_word' id='word_1_539' title='bbox 981 3660 1037 3714; x_wconf 91' lang='lat' dir='ltr'><strong>in</strong></span> <span class='ocrx_word' id='word_1_540' title='bbox 1067 3675 1258 3715; x_wconf 87' lang='lat' dir='ltr'><strong>omnes</strong></span> <span class='ocrx_word' id='word_1_541' title='bbox 1289 3662 1644 3724; x_wconf 87' lang='lat' dir='ltr'><strong>transierunt,</strong></span> <span class='ocrx_word' id='word_1_542' title='bbox 1692 3661 1740 3716; x_wconf 93' lang='lat' dir='ltr'><strong>si</strong></span> <span class='ocrx_word' id='word_1_543' title='bbox 1770 3661 1945 3716; x_wconf 88' lang='lat' dir='ltr'><strong>nubes</strong></span> <span class='ocrx_word' id='word_1_544' title='bbox 1976 3662 2141 3718; x_wconf 85' lang='lat' dir='ltr'><strong>dede-</strong></span> 
     </span>
    </p>
   </div>
   <div class='ocr_carea' id='block_1_70' title="bbox 565 3751 2146 3822">
    <p class='ocr_par' dir='ltr' id='par_1_70' title="bbox 565 3751 2146 3822">
     <span class='ocr_line' id='line_1_70' title="bbox 565 3751 2146 3822; baseline 0.002 -18"><span class='ocrx_word' id='word_1_545' title='bbox 565 3757 701 3804; x_wconf 82' lang='lat' dir='ltr'><strong>runt</strong></span> <span class='ocrx_word' id='word_1_546' title='bbox 723 3765 911 3804; x_wconf 89' lang='lat' dir='ltr'><strong>vocem</strong></span> <span class='ocrx_word' id='word_1_547' title='bbox 947 3766 1125 3812; x_wconf 88' lang='lat' dir='ltr'><strong>suam,</strong></span> <span class='ocrx_word' id='word_1_548' title='bbox 1149 3766 1214 3805; x_wconf 81' lang='lat' dir='ltr'><strong>ex</strong></span> <span class='ocrx_word' id='word_1_549' title='bbox 1245 3751 1330 3807; x_wconf 88' lang='lat' dir='ltr'><strong>his</strong></span> <span class='ocrx_word' id='word_1_550' title='bbox 1355 3751 1610 3807; x_wconf 89' lang='lat' dir='ltr'><strong>omnibus</strong></span> <span class='ocrx_word' id='word_1_551' title='bbox 1645 3753 1894 3822; x_wconf 84' lang='lat' dir='ltr'><strong>sequitur</strong></span> <span class='ocrx_word' id='word_1_552' title='bbox 1915 3768 2146 3807; x_wconf 90' lang='lat' dir='ltr'><strong>concus-</strong></span> 
     </span>
    </p>
   </div>
   <div class='ocr_carea' id='block_1_71' title="bbox 568 3841 2145 3909">
    <p class='ocr_par' dir='ltr' id='par_1_71' title="bbox 568 3841 2145 3909">
     <span class='ocr_line' id='line_1_71' title="bbox 568 3841 2145 3909; baseline 0 -12"><span class='ocrx_word' id='word_1_553' title='bbox 568 3857 689 3897; x_wconf 86' lang='lat' dir='ltr'><strong>sam</strong></span> <span class='ocrx_word' id='word_1_554' title='bbox 737 3849 791 3896; x_wconf 94' lang='lat' dir='ltr'><strong>et</strong></span> <span class='ocrx_word' id='word_1_555' title='bbox 815 3851 1144 3896; x_wconf 84' lang='lat' dir='ltr'><strong>commotam</strong></span> <span class='ocrx_word' id='word_1_556' title='bbox 1175 3841 1348 3898; x_wconf 84' lang='lat' dir='ltr'><strong>fuisse</strong></span> <span class='ocrx_word' id='word_1_557' title='bbox 1376 3850 1600 3898; x_wconf 87' lang='lat' dir='ltr'><strong>terram.</strong></span> <span class='ocrx_word' id='word_1_558' title='bbox 1629 3842 1914 3909; x_wconf 84' lang='lat' dir='ltr'><strong>Quomodo</strong></span> <span class='ocrx_word' id='word_1_559' title='bbox 1961 3852 2145 3898; x_wconf 89' lang='lat' dir='ltr'><strong>autem</strong></span> 
     </span>
    </p>
   </div>
   <div class='ocr_carea' id='block_1_72' title="bbox 561 3932 2145 4006">
    <p class='ocr_par' dir='ltr' id='par_1_72' title="bbox 561 3932 2145 4006">
     <span class='ocr_line' id='line_1_72' title="bbox 561 3932 2145 4006; baseline 0.001 -18"><span class='ocrx_word' id='word_1_560' title='bbox 561 3932 628 3989; x_wconf 81' lang='lat' dir='ltr'><strong>in</strong></span> <span class='ocrx_word' id='word_1_561' title='bbox 679 3933 821 3986; x_wconf 83' lang='lat' dir='ltr'><strong>mari</strong></span> <span class='ocrx_word' id='word_1_562' title='bbox 852 3934 940 3986; x_wconf 76' lang='lat' dir='ltr'><strong>via</strong></span> <span class='ocrx_word' id='word_1_563' title='bbox 973 3933 1096 4002; x_wconf 84' lang='lat' dir='ltr'><strong>ejus</strong></span> <span class='ocrx_word' id='word_1_564' title='bbox 1147 3933 1330 3998; x_wconf 83' lang='lat' dir='ltr'><strong>fuerit,</strong></span> <span class='ocrx_word' id='word_1_565' title='bbox 1375 3944 1437 3991; x_wconf 86' lang='lat' dir='ltr'><strong>et</strong></span> <span class='ocrx_word' id='word_1_566' title='bbox 1485 3936 1693 3992; x_wconf 70' lang='lat' dir='ltr'><strong>semitae</strong></span> <span class='ocrx_word' id='word_1_567' title='bbox 1737 3936 1858 4006; x_wconf 82' lang='lat' dir='ltr'><strong>ejus</strong></span> <span class='ocrx_word' id='word_1_568' title='bbox 1893 3937 1947 3991; x_wconf 91' lang='lat' dir='ltr'><strong>in</strong></span> <span class='ocrx_word' id='word_1_569' title='bbox 1987 3937 2145 4006; x_wconf 84' lang='lat' dir='ltr'><strong>aquis</strong></span> 
     </span>
    </p>
   </div>
   <div class='ocr_carea' id='block_1_73' title="bbox 568 4023 2138 4098">
    <p class='ocr_par' dir='ltr' id='par_1_73' title="bbox 568 4023 2138 4098">
     <span class='ocr_line' id='line_1_73' title="bbox 568 4023 2138 4098; baseline 0.003 -22"><span class='ocrx_word' id='word_1_570' title='bbox 568 4023 784 4086; x_wconf 83' lang='lat' dir='ltr'><strong>multis,</strong></span> <span class='ocrx_word' id='word_1_571' title='bbox 813 4039 876 4075; x_wconf 88' lang='lat' dir='ltr'><strong>ac</strong></span> <span class='ocrx_word' id='word_1_572' title='bbox 911 4025 1187 4092; x_wconf 84' lang='lat' dir='ltr'><strong>quomodo</strong></span> <span class='ocrx_word' id='word_1_573' title='bbox 1215 4027 1447 4097; x_wconf 80' lang='lat' dir='ltr'><strong>vestigia</strong></span> <span class='ocrx_word' id='word_1_574' title='bbox 1498 4027 1619 4095; x_wconf 89' lang='lat' dir='ltr'><strong>ejus</strong></span> <span class='ocrx_word' id='word_1_575' title='bbox 1653 4043 1761 4082; x_wconf 89' lang='lat' dir='ltr'><strong>non</strong></span> <span class='ocrx_word' id='word_1_576' title='bbox 1795 4042 2138 4098; x_wconf 80' lang='lat' dir='ltr'><strong>cognoscan-</strong></span> 
     </span>
    </p>
   </div>
   <div class='ocr_carea' id='block_1_74' title="bbox 565 4114 2142 4186">
    <p class='ocr_par' dir='ltr' id='par_1_74' title="bbox 565 4114 2142 4186">
     <span class='ocr_line' id='line_1_74' title="bbox 565 4114 2142 4186; baseline 0.003 -18"><span class='ocrx_word' id='word_1_577' title='bbox 565 4119 688 4177; x_wconf 76' lang='lat' dir='ltr'><strong>tur,</strong></span> <span class='ocrx_word' id='word_1_578' title='bbox 721 4129 784 4167; x_wconf 83' lang='lat' dir='ltr'><strong>ex</strong></span> <span class='ocrx_word' id='word_1_579' title='bbox 817 4114 993 4182; x_wconf 83' lang='lat' dir='ltr'><strong>ipsius</strong></span> <span class='ocrx_word' id='word_1_580' title='bbox 1023 4115 1088 4168; x_wconf 85' lang='lat' dir='ltr'><strong>ad</strong></span> <span class='ocrx_word' id='word_1_581' title='bbox 1124 4116 1426 4186; x_wconf 85' lang='lat' dir='ltr'><strong>discipulos</strong></span> <span class='ocrx_word' id='word_1_582' title='bbox 1459 4118 1822 4186; x_wconf 86' lang='lat' dir='ltr'><strong>promissione</strong></span> <span class='ocrx_word' id='word_1_583' title='bbox 1850 4117 2142 4186; x_wconf 79' lang='lat' dir='ltr'><strong>intelligas,</strong></span> 
     </span>
    </p>
   </div>
   <div class='ocr_carea' id='block_1_75' title="bbox 568 4203 2146 4280">
    <p class='ocr_par' dir='ltr' id='par_1_75' title="bbox 568 4203 2146 4280">
     <span class='ocr_line' id='line_1_75' title="bbox 568 4203 2146 4280; baseline 0.003 -23"><span class='ocrx_word' id='word_1_584' title='bbox 568 4219 700 4273; x_wconf 58' lang='lat' dir='ltr'><strong>quae</strong></span> <span class='ocrx_word' id='word_1_585' title='bbox 734 4203 816 4257; x_wconf 88' lang='lat' dir='ltr'><strong>sic</strong></span> <span class='ocrx_word' id='word_1_586' title='bbox 843 4204 1006 4257; x_wconf 83' lang='lat' dir='ltr'><strong>habet</strong></span> <span class='ocrx_word' id='word_1_587' title='bbox 1040 4223 1053 4258; x_wconf 88' lang='lat'><strong>:</strong></span> <span class='ocrx_word' id='word_1_588' title='bbox 1089 4203 1286 4260; x_wconf 84' lang='lat' dir='ltr'><strong>Euntes</strong></span> <span class='ocrx_word' id='word_1_589' title='bbox 1325 4207 1504 4263; x_wconf 86' lang='lat' dir='ltr'><strong>docete</strong></span> <span class='ocrx_word' id='word_1_590' title='bbox 1539 4225 1715 4264; x_wconf 88' lang='lat' dir='ltr'><strong>omnes</strong></span> <span class='ocrx_word' id='word_1_591' title='bbox 1762 4219 1936 4280; x_wconf 78' lang='lat' dir='ltr'><strong>gentes</strong></span> <span class='ocrx_word' id='word_1_592' title='bbox 1967 4211 2020 4263; x_wconf 87' lang='lat' dir='ltr'><strong>in</strong></span> <span class='ocrx_word' id='word_1_593' title='bbox 2050 4226 2146 4264; x_wconf 85' lang='lat' dir='ltr'><strong>no-</strong></span> 
     </span>
    </p>
   </div>
   <div class='ocr_carea' id='block_1_76' title="bbox 570 4293 2144 4370">
    <p class='ocr_par' dir='ltr' id='par_1_76' title="bbox 570 4293 2144 4370">
     <span class='ocr_line' id='line_1_76' title="bbox 570 4293 2144 4370; baseline 0.004 -22"><span class='ocrx_word' id='word_1_594' title='bbox 570 4293 718 4348; x_wconf 71' lang='lat' dir='ltr'><strong>mine</strong></span> <span class='ocrx_word' id='word_1_595' title='bbox 747 4310 860 4348; x_wconf 87' lang='lat' dir='ltr'><strong>meo</strong></span> <span class='ocrx_word' id='word_1_596' title='bbox 889 4295 964 4362; x_wconf 78' lang='grc'>⁹⁶;</span> <span class='ocrx_word' id='word_1_597' title='bbox 999 4303 1053 4349; x_wconf 91' lang='lat' dir='ltr'><strong>et</strong></span> <span class='ocrx_word' id='word_1_598' title='bbox 1093 4315 1107 4351; x_wconf 88' lang='lat'><strong>:</strong></span> <span class='ocrx_word' id='word_1_599' title='bbox 1143 4296 1275 4351; x_wconf 84' lang='lat' dir='ltr'><strong>Ecce</strong></span> <span class='ocrx_word' id='word_1_600' title='bbox 1299 4316 1397 4370; x_wconf 83' lang='lat' dir='ltr'><strong>ego</strong></span> <span class='ocrx_word' id='word_1_601' title='bbox 1429 4299 1692 4355; x_wconf 76' lang='lat' dir='ltr'><strong>vobiscum</strong></span> <span class='ocrx_word' id='word_1_602' title='bbox 1744 4319 1861 4355; x_wconf 82' lang='lat' dir='ltr'><strong>sum</strong></span> <span class='ocrx_word' id='word_1_603' title='bbox 1902 4303 2144 4356; x_wconf 80' lang='lat' dir='ltr'><strong>omnibus</strong></span> 
     </span>
    </p>
   </div>
   <div class='ocr_carea' id='block_1_77' title="bbox 569 4381 2144 4454">
    <p class='ocr_par' dir='ltr' id='par_1_77' title="bbox 569 4381 2144 4454">
     <span class='ocr_line' id='line_1_77' title="bbox 569 4381 2144 4454; baseline 0.006 -19"><span class='ocrx_word' id='word_1_604' title='bbox 569 4381 764 4437; x_wconf 72' lang='lat' dir='ltr'><strong>diebus</strong></span> <span class='ocrx_word' id='word_1_605' title='bbox 808 4400 969 4454; x_wconf 79' lang='lat' dir='ltr'><strong>usque</strong></span> <span class='ocrx_word' id='word_1_606' title='bbox 1023 4386 1091 4437; x_wconf 85' lang='lat' dir='ltr'><strong>ad</strong></span> <span class='ocrx_word' id='word_1_607' title='bbox 1122 4391 1626 4444; x_wconf 84' lang='lat' dir='ltr'><strong>consummationem</strong></span> <span class='ocrx_word' id='word_1_608' title='bbox 1663 4392 1847 4446; x_wconf 61' lang='lat' dir='ltr'><strong>seculi</strong></span> <span class='ocrx_word' id='word_1_609' title='bbox 1887 4392 1952 4446; x_wconf 80' lang='lat'><strong>&quot;.</strong></span> <span class='ocrx_word' id='word_1_610' title='bbox 2010 4389 2144 4444; x_wconf 83' lang='lat' dir='ltr'><strong>Nam</strong></span> 
     </span>
    </p>
   </div>
   <div class='ocr_carea' id='block_1_78' title="bbox 576 4472 2146 4551">
    <p class='ocr_par' dir='ltr' id='par_1_78' title="bbox 576 4472 2146 4551">
     <span class='ocr_line' id='line_1_78' title="bbox 576 4472 2146 4551; baseline 0.007 -26"><span class='ocrx_word' id='word_1_611' title='bbox 576 4472 786 4542; x_wconf 83' lang='lat' dir='ltr'><strong>ubique</strong></span> <span class='ocrx_word' id='word_1_612' title='bbox 837 4481 1106 4528; x_wconf 70' lang='lat' dir='ltr'><strong>terrai-tun</strong></span> <span class='ocrx_word' id='word_1_613' title='bbox 1152 4476 1438 4548; x_wconf 88' lang='lat' dir='ltr'><strong>discipulis</strong></span> <span class='ocrx_word' id='word_1_614' title='bbox 1487 4481 1603 4536; x_wconf 90' lang='lat' dir='ltr'><strong>suis</strong></span> <span class='ocrx_word' id='word_1_615' title='bbox 1633 4481 1983 4536; x_wconf 76' lang='lat' dir='ltr'><strong>invisibiliter</strong></span> <span class='ocrx_word' id='word_1_616' title='bbox 2005 4497 2146 4551; x_wconf 55' lang='lat' dir='ltr'><strong>piae-</strong></span> 
     </span>
    </p>
   </div>
   <div class='ocr_carea' id='block_1_79' title="bbox 577 4567 2149 4644">
    <p class='ocr_par' dir='ltr' id='par_1_79' title="bbox 577 4567 2149 4644">
     <span class='ocr_line' id='line_1_79' title="bbox 577 4567 2149 4644; baseline 0.001 -21"><span class='ocrx_word' id='word_1_617' title='bbox 577 4583 730 4630; x_wconf 79' lang='lat' dir='ltr'><strong>oens,</strong></span> <span class='ocrx_word' id='word_1_618' title='bbox 761 4567 814 4622; x_wconf 94' lang='lat' dir='ltr'><strong>in</strong></span> <span class='ocrx_word' id='word_1_619' title='bbox 845 4570 982 4622; x_wconf 82' lang='lat' dir='ltr'><strong>mari</strong></span> <span class='ocrx_word' id='word_1_620' title='bbox 1013 4570 1160 4632; x_wconf 62' lang='lat' dir='ltr'><strong>vitae.</strong></span> <span class='ocrx_word' id='word_1_621' title='bbox 1191 4579 1245 4625; x_wconf 90' lang='lat' dir='ltr'><strong>et</strong></span> <span class='ocrx_word' id='word_1_622' title='bbox 1269 4574 1324 4626; x_wconf 91' lang='lat' dir='ltr'><strong>in</strong></span> <span class='ocrx_word' id='word_1_623' title='bbox 1361 4575 1547 4629; x_wconf 90' lang='lat' dir='ltr'><strong>multis</strong></span> <span class='ocrx_word' id='word_1_624' title='bbox 1582 4575 1823 4644; x_wconf 77' lang='lat' dir='ltr'><strong>gentium</strong></span> <span class='ocrx_word' id='word_1_625' title='bbox 1852 4573 2011 4642; x_wconf 90' lang='lat' dir='ltr'><strong>aquis</strong></span> <span class='ocrx_word' id='word_1_626' title='bbox 2033 4588 2149 4625; x_wconf 90' lang='lat' dir='ltr'><strong>am-</strong></span> 
     </span>
    </p>
   </div>
   <div class='ocr_carea' id='block_1_80' title="bbox 577 4654 2149 4732">
    <p class='ocr_par' dir='ltr' id='par_1_80' title="bbox 577 4654 2149 4732">
     <span class='ocr_line' id='line_1_80' title="bbox 577 4654 2149 4732; baseline 0.001 -17"><span class='ocrx_word' id='word_1_627' title='bbox 577 4654 803 4715; x_wconf 70' lang='lat' dir='ltr'><strong>bulabat</strong></span> <span class='ocrx_word' id='word_1_628' title='bbox 829 4677 842 4713; x_wconf 92' lang='lat'>:</span> <span class='ocrx_word' id='word_1_629' title='bbox 878 4660 1038 4729; x_wconf 81' lang='lat' dir='ltr'><strong>idque</strong></span> <span class='ocrx_word' id='word_1_630' title='bbox 1061 4663 1277 4715; x_wconf 82' lang='lat' dir='ltr'><strong>occulta</strong></span> <span class='ocrx_word' id='word_1_631' title='bbox 1305 4671 1359 4716; x_wconf 84' lang='lat' dir='ltr'><strong>et</strong></span> <span class='ocrx_word' id='word_1_632' title='bbox 1387 4664 1644 4720; x_wconf 78' lang='lat' dir='ltr'><strong>invisibili</strong></span> <span class='ocrx_word' id='word_1_633' title='bbox 1677 4665 1880 4718; x_wconf 87' lang='lat' dir='ltr'><strong>virtute</strong></span> <span class='ocrx_word' id='word_1_634' title='bbox 1925 4677 2149 4732; x_wconf 68' lang='lat' dir='ltr'><strong>perage-</strong></span> 
     </span>
    </p>
   </div>
   <div class='ocr_carea' id='block_1_81' title="bbox 569 4753 2149 4825">
    <p class='ocr_par' dir='ltr' id='par_1_81' title="bbox 569 4753 2149 4825">
     <span class='ocr_line' id='line_1_81' title="bbox 569 4753 2149 4825; baseline -0.001 -18"><span class='ocrx_word' id='word_1_635' title='bbox 569 4753 672 4807; x_wconf 63' lang='lat' dir='ltr'><strong>‘bat</strong></span> <span class='ocrx_word' id='word_1_636' title='bbox 711 4770 724 4804; x_wconf 86' lang='lat'><strong>:</strong></span> <span class='ocrx_word' id='word_1_637' title='bbox 763 4766 934 4820; x_wconf 85' lang='lat' dir='ltr'><strong>quare</strong></span> <span class='ocrx_word' id='word_1_638' title='bbox 965 4753 1188 4817; x_wconf 86' lang='lat' dir='ltr'><strong>dicitur,</strong></span> <span class='ocrx_word' id='word_1_639' title='bbox 1227 4754 1292 4806; x_wconf 83' lang='lat' dir='ltr'><strong>Et</strong></span> <span class='ocrx_word' id='word_1_640' title='bbox 1324 4756 1542 4825; x_wconf 83' lang='lat' dir='ltr'><strong>vestigia</strong></span> <span class='ocrx_word' id='word_1_641' title='bbox 1580 4766 1671 4810; x_wconf 87' lang='lat' dir='ltr'><strong>tua</strong></span> <span class='ocrx_word' id='word_1_642' title='bbox 1697 4773 1801 4810; x_wconf 88' lang='lat' dir='ltr'><strong>non</strong></span> <span class='ocrx_word' id='word_1_643' title='bbox 1831 4771 2149 4825; x_wconf 81' lang='lat' dir='ltr'><strong>cognoscen-</strong></span> 
     </span>
    </p>
   </div>
   <div class='ocr_carea' id='block_1_82' title="bbox 573 4841 2146 4916">
    <p class='ocr_par' dir='ltr' id='par_1_82' title="bbox 573 4841 2146 4916">
     <span class='ocr_line' id='line_1_82' title="bbox 573 4841 2146 4916; baseline 0.004 -23"><span class='ocrx_word' id='word_1_644' title='bbox 573 4851 686 4895; x_wconf 75' lang='lat' dir='ltr'><strong>tur.</strong></span> <span class='ocrx_word' id='word_1_645' title='bbox 725 4841 850 4896; x_wconf 69' lang='lat' dir='ltr'><strong>Haec</strong></span> <span class='ocrx_word' id='word_1_646' title='bbox 898 4843 1081 4913; x_wconf 88' lang='lat' dir='ltr'><strong>itaque</strong></span> <span class='ocrx_word' id='word_1_647' title='bbox 1111 4845 1163 4898; x_wconf 93' lang='lat' dir='ltr'><strong>in</strong></span> <span class='ocrx_word' id='word_1_648' title='bbox 1191 4846 1417 4900; x_wconf 88' lang='lat' dir='ltr'><strong>salutari</strong></span> <span class='ocrx_word' id='word_1_649' title='bbox 1451 4845 1544 4902; x_wconf 91' lang='lat' dir='ltr'><strong>Dei</strong></span> <span class='ocrx_word' id='word_1_650' title='bbox 1577 4846 1810 4900; x_wconf 91' lang='lat' dir='ltr'><strong>adventu</strong></span> <span class='ocrx_word' id='word_1_651' title='bbox 1845 4846 2146 4916; x_wconf 82' lang='lat' dir='ltr'><strong>impleban-</strong></span> 
     </span>
    </p>
   </div>
   <div class='ocr_carea' id='block_1_83' title="bbox 2248 3649 3815 3732">
    <p class='ocr_par' dir='ltr' id='par_1_83' title="bbox 2248 3649 3815 3732">
     <span class='ocr_line' id='line_1_83' title="bbox 2248 3649 3815 3732; baseline -0.008 -18"><span class='ocrx_word' id='word_1_652' title='bbox 2248 3660 2472 3732; x_wconf 81' lang='grc' dir='ltr'>βροντῆς</span> <span class='ocrx_word' id='word_1_653' title='bbox 2500 3656 2660 3712; x_wconf 79' lang='grc' dir='ltr'>αὐτοῦ</span> <span class='ocrx_word' id='word_1_654' title='bbox 2683 3655 2945 3727; x_wconf 83' lang='grc' dir='ltr'>ἐξήχησεν</span> <span class='ocrx_word' id='word_1_655' title='bbox 2983 3655 3042 3707; x_wconf 88' lang='grc' dir='ltr'><strong>ἐν</strong></span> <span class='ocrx_word' id='word_1_656' title='bbox 3065 3653 3143 3724; x_wconf 82' lang='grc' dir='ltr'>τῷ</span> <span class='ocrx_word' id='word_1_657' title='bbox 3166 3651 3361 3724; x_wconf 81' lang='grc' dir='ltr'>τροχῷ,</span> <span class='ocrx_word' id='word_1_658' title='bbox 3395 3652 3444 3704; x_wconf 79' lang='grc' dir='ltr'>εἰ</span> <span class='ocrx_word' id='word_1_659' title='bbox 3469 3651 3539 3703; x_wconf 83' lang='grc' dir='ltr'><strong>τά</strong></span> <span class='ocrx_word' id='word_1_660' title='bbox 3569 3650 3707 3721; x_wconf 78' lang='grc' dir='ltr'>βέλη</span> <span class='ocrx_word' id='word_1_661' title='bbox 3730 3649 3815 3702; x_wconf 80' lang='grc' dir='ltr'><strong>αὐ-</strong></span> 
     </span>
    </p>
   </div>
   <div class='ocr_carea' id='block_1_84' title="bbox 2242 3741 3814 3817">
    <p class='ocr_par' dir='ltr' id='par_1_84' title="bbox 2242 3741 3814 3817">
     <span class='ocr_line' id='line_1_84' title="bbox 2242 3741 3814 3817; baseline -0.008 -11"><span class='ocrx_word' id='word_1_662' title='bbox 2242 3753 2337 3806; x_wconf 86' lang='grc' dir='ltr'><strong>τοῦ</strong></span> <span class='ocrx_word' id='word_1_663' title='bbox 2377 3752 2470 3804; x_wconf 76' lang='grc' dir='ltr'>ἐπὶ</span> <span class='ocrx_word' id='word_1_664' title='bbox 2495 3751 2704 3812; x_wconf 84' lang='grc' dir='ltr'>πάντας</span> <span class='ocrx_word' id='word_1_665' title='bbox 2733 3746 3140 3817; x_wconf 82' lang='grc' dir='ltr'>διαπορεύηται,</span> <span class='ocrx_word' id='word_1_666' title='bbox 3167 3748 3216 3798; x_wconf 83' lang='grc' dir='ltr'><strong>εί</strong></span> <span class='ocrx_word' id='word_1_667' title='bbox 3257 3747 3312 3798; x_wconf 77' lang='grc' dir='ltr'><strong>αἱ</strong></span> <span class='ocrx_word' id='word_1_668' title='bbox 3341 3743 3562 3813; x_wconf 80' lang='grc' dir='ltr'>νεφέλαι</span> <span class='ocrx_word' id='word_1_669' title='bbox 3589 3744 3689 3815; x_wconf 76' lang='grc' dir='ltr'>τὴν</span> <span class='ocrx_word' id='word_1_670' title='bbox 3729 3741 3814 3794; x_wconf 80' lang='grc' dir='ltr'>αῦ-</span> 
     </span>
    </p>
   </div>
   <div class='ocr_carea' id='block_1_85' title="bbox 2243 3835 3813 3913">
    <p class='ocr_par' dir='ltr' id='par_1_85' title="bbox 2243 3835 3813 3913">
     <span class='ocr_line' id='line_1_85' title="bbox 2243 3835 3813 3913; baseline -0.009 -13"><span class='ocrx_word' id='word_1_671' title='bbox 2243 3846 2352 3900; x_wconf 84' lang='grc' dir='ltr'><strong>τῶν</strong></span> <span class='ocrx_word' id='word_1_672' title='bbox 2377 3845 2580 3898; x_wconf 72' lang='grc' dir='ltr'>ἔδωκαν</span> <span class='ocrx_word' id='word_1_673' title='bbox 2613 3843 2814 3913; x_wconf 77' lang='grc' dir='ltr'>φωνὴν,</span> <span class='ocrx_word' id='word_1_674' title='bbox 2841 3839 3129 3895; x_wconf 83' lang='grc' dir='ltr'>ἀκόλουθον</span> <span class='ocrx_word' id='word_1_675' title='bbox 3153 3835 3221 3911; x_wconf 85' lang='grc' dir='ltr'>ἦν</span> <span class='ocrx_word' id='word_1_676' title='bbox 3247 3840 3311 3891; x_wconf 86' lang='grc' dir='ltr'><strong>ἐκ</strong></span> <span class='ocrx_word' id='word_1_677' title='bbox 3331 3836 3536 3891; x_wconf 80' lang='grc' dir='ltr'>τούτων</span> <span class='ocrx_word' id='word_1_678' title='bbox 3563 3837 3813 3889; x_wconf 75' lang='grc' dir='ltr'>ἁπάντων</span> 
     </span>
    </p>
   </div>
   <div class='ocr_carea' id='block_1_86' title="bbox 2245 3925 3812 4007">
    <p class='ocr_par' dir='ltr' id='par_1_86' title="bbox 2245 3925 3812 4007">
     <span class='ocr_line' id='line_1_86' title="bbox 2245 3925 3812 4007; baseline -0.009 -17"><span class='ocrx_word' id='word_1_679' title='bbox 2245 3935 2568 4007; x_wconf 78' lang='grc' dir='ltr'>κλονηθῆναι</span> <span class='ocrx_word' id='word_1_680' title='bbox 2594 3933 2688 3986; x_wconf 71' lang='grc' dir='ltr'>καὶ</span> <span class='ocrx_word' id='word_1_681' title='bbox 2723 3930 3045 4001; x_wconf 85' lang='grc' dir='ltr'>σαλευθῆναι</span> <span class='ocrx_word' id='word_1_682' title='bbox 3073 3929 3171 3999; x_wconf 83' lang='grc' dir='ltr'>τὴν</span> <span class='ocrx_word' id='word_1_683' title='bbox 3201 3928 3325 3998; x_wconf 75' lang='grc' dir='ltr'>γῆν.</span> <span class='ocrx_word' id='word_1_684' title='bbox 3361 3927 3551 3988; x_wconf 82' lang='grc' dir='ltr'>Ὅπως</span> <span class='ocrx_word' id='word_1_685' title='bbox 3590 3926 3649 3980; x_wconf 84' lang='grc' dir='ltr'><strong>δέ</strong></span> <span class='ocrx_word' id='word_1_686' title='bbox 3676 3927 3732 3977; x_wconf 81' lang='grc' dir='ltr'><strong>ἐν</strong></span> <span class='ocrx_word' id='word_1_687' title='bbox 3754 3925 3812 3994; x_wconf 67' lang='grc' dir='ltr'>τῇ</span> 
     </span>
    </p>
   </div>
   <div class='ocr_carea' id='block_1_87' title="bbox 2247 4013 3812 4095">
    <p class='ocr_par' dir='ltr' id='par_1_87' title="bbox 2247 4013 3812 4095">
     <span class='ocr_line' id='line_1_87' title="bbox 2247 4013 3812 4095; baseline -0.01 -15"><span class='ocrx_word' id='word_1_688' title='bbox 2247 4026 2487 4095; x_wconf 79' lang='grc' dir='ltr'>θαλάσσῃ</span> <span class='ocrx_word' id='word_1_689' title='bbox 2524 4025 2558 4094; x_wconf 83' lang='grc' dir='ltr'><strong>ἡ</strong></span> <span class='ocrx_word' id='word_1_690' title='bbox 2587 4022 2705 4084; x_wconf 78' lang='grc' dir='ltr'>ὁδὸς</span> <span class='ocrx_word' id='word_1_691' title='bbox 2727 4019 2892 4073; x_wconf 84' lang='grc' dir='ltr'>αὑτοῦ</span> <span class='ocrx_word' id='word_1_692' title='bbox 2919 4019 3131 4088; x_wconf 78' lang='grc' dir='ltr'>γέγονε,</span> <span class='ocrx_word' id='word_1_693' title='bbox 3158 4017 3252 4071; x_wconf 72' lang='grc' dir='ltr'><strong>καὶ</strong></span> <span class='ocrx_word' id='word_1_694' title='bbox 3278 4017 3332 4069; x_wconf 89' lang='grc' dir='ltr'>αἱ</span> <span class='ocrx_word' id='word_1_695' title='bbox 3370 4014 3546 4083; x_wconf 70' lang='grc' dir='ltr'>τρίϐον.</span> <span class='ocrx_word' id='word_1_696' title='bbox 3574 4013 3738 4066; x_wconf 76' lang='grc' dir='ltr'>αὑτοῦ</span> <span class='ocrx_word' id='word_1_697' title='bbox 3763 4014 3812 4063; x_wconf 81' lang='grc' dir='ltr'><strong>ἐν</strong></span> 
     </span>
    </p>
   </div>
   <div class='ocr_carea' id='block_1_88' title="bbox 2248 4103 3814 4180">
    <p class='ocr_par' dir='ltr' id='par_1_88' title="bbox 2248 4103 3814 4180">
     <span class='ocr_line' id='line_1_88' title="bbox 2248 4103 3814 4180; baseline -0.01 -10"><span class='ocrx_word' id='word_1_698' title='bbox 2248 4116 2403 4170; x_wconf 78' lang='grc' dir='ltr'>ὕδασι</span> <span class='ocrx_word' id='word_1_699' title='bbox 2437 4113 2670 4176; x_wconf 84' lang='grc' dir='ltr'>πολλοῖς,</span> <span class='ocrx_word' id='word_1_700' title='bbox 2715 4112 2809 4166; x_wconf 76' lang='grc' dir='ltr'><strong>καὶ</strong></span> <span class='ocrx_word' id='word_1_701' title='bbox 2835 4110 2910 4174; x_wconf 85' lang='grc' dir='ltr'>ὼς</span> <span class='ocrx_word' id='word_1_702' title='bbox 2935 4109 3004 4163; x_wconf 76' lang='grc' dir='ltr'>τὰ</span> <span class='ocrx_word' id='word_1_703' title='bbox 3033 4108 3152 4180; x_wconf 84' lang='grc' dir='ltr'>ἴχνη</span> <span class='ocrx_word' id='word_1_704' title='bbox 3181 4105 3345 4162; x_wconf 81' lang='grc' dir='ltr'>αὐτοῦ</span> <span class='ocrx_word' id='word_1_705' title='bbox 3376 4106 3434 4158; x_wconf 76' lang='grc' dir='ltr'>οὐ</span> <span class='ocrx_word' id='word_1_706' title='bbox 3469 4103 3814 4174; x_wconf 79' lang='grc' dir='ltr'>γινώσκεται,</span> 
     </span>
    </p>
   </div>
   <div class='ocr_carea' id='block_1_89' title="bbox 2247 4195 3816 4279">
    <p class='ocr_par' dir='ltr' id='par_1_89' title="bbox 2247 4195 3816 4279">
     <span class='ocr_line' id='line_1_89' title="bbox 2247 4195 3816 4279; baseline -0.008 -20"><span class='ocrx_word' id='word_1_707' title='bbox 2247 4209 2366 4279; x_wconf 79' lang='grc' dir='ltr'>εἴσῃ</span> <span class='ocrx_word' id='word_1_708' title='bbox 2393 4206 2690 4274; x_wconf 77' lang='grc' dir='ltr'>ἐπιστήσας</span> <span class='ocrx_word' id='word_1_709' title='bbox 2714 4206 2778 4274; x_wconf 85' lang='grc' dir='ltr'>τῇ</span> <span class='ocrx_word' id='word_1_710' title='bbox 2807 4202 2943 4274; x_wconf 78' lang='grc' dir='ltr'>πρὸς</span> <span class='ocrx_word' id='word_1_711' title='bbox 2973 4201 3097 4263; x_wconf 81' lang='grc' dir='ltr'>τοὺς</span> <span class='ocrx_word' id='word_1_712' title='bbox 3125 4197 3371 4270; x_wconf 80' lang='grc' dir='ltr'>μαθητὰς</span> <span class='ocrx_word' id='word_1_713' title='bbox 3395 4195 3701 4266; x_wconf 66' lang='grc' dir='ltr'>ἐπαγγελίᾳ</span> <span class='ocrx_word' id='word_1_714' title='bbox 3727 4196 3816 4247; x_wconf 74' lang='grc' dir='ltr'>αῦ-</span> 
     </span>
    </p>
   </div>
   <div class='ocr_carea' id='block_1_90' title="bbox 2245 4286 3816 4370">
    <p class='ocr_par' dir='ltr' id='par_1_90' title="bbox 2245 4286 3816 4370">
     <span class='ocr_line' id='line_1_90' title="bbox 2245 4286 3816 4370; baseline -0.01 -17"><span class='ocrx_word' id='word_1_715' title='bbox 2245 4299 2340 4353; x_wconf 83' lang='grc' dir='ltr'><strong>τοῦ</strong></span> <span class='ocrx_word' id='word_1_716' title='bbox 2371 4299 2620 4370; x_wconf 70' lang='grc' dir='ltr'>φησάσῃ·</span> <span class='ocrx_word' id='word_1_717' title='bbox 2647 4293 3044 4364; x_wconf 77' lang='grc' dir='ltr'>Πορευθέντες</span> <span class='ocrx_word' id='word_1_718' title='bbox 3077 4292 3495 4362; x_wconf 82' lang='grc' dir='ltr'>μαθητεύσατε</span> <span class='ocrx_word' id='word_1_719' title='bbox 3526 4288 3723 4341; x_wconf 70' lang='grc' dir='ltr'>,πάντα</span> <span class='ocrx_word' id='word_1_720' title='bbox 3752 4286 3816 4339; x_wconf 80' lang='grc' dir='ltr'>τὰ</span> 
     </span>
    </p>
   </div>
   <div class='ocr_carea' id='block_1_91' title="bbox 2247 4379 3814 4458">
    <p class='ocr_par' dir='ltr' id='par_1_91' title="bbox 2247 4379 3814 4458">
     <span class='ocr_line' id='line_1_91' title="bbox 2247 4379 3814 4458; baseline -0.01 -13"><span class='ocrx_word' id='word_1_721' title='bbox 2247 4393 2390 4458; x_wconf 73' lang='grc' dir='ltr'>ἔθνη</span> <span class='ocrx_word' id='word_1_722' title='bbox 2438 4391 2508 4444; x_wconf 80' lang='grc' dir='ltr'>ἐν</span> <span class='ocrx_word' id='word_1_723' title='bbox 2551 4387 2631 4454; x_wconf 81' lang='grc' dir='ltr'>τῷ</span> <span class='ocrx_word' id='word_1_724' title='bbox 2680 4385 2924 4456; x_wconf 79' lang='grc' dir='ltr'>ὀνόματί</span> <span class='ocrx_word' id='word_1_725' title='bbox 2974 4401 3127 4454; x_wconf 75' lang='grc' dir='ltr'>μου·</span> <span class='ocrx_word' id='word_1_726' title='bbox 3171 4384 3284 4446; x_wconf 77' lang='grc' dir='ltr'>καὶ,</span> <span class='ocrx_word' id='word_1_727' title='bbox 3335 4380 3482 4435; x_wconf 84' lang='grc' dir='ltr'>Ἰδοὺ</span> <span class='ocrx_word' id='word_1_728' title='bbox 3530 4379 3651 4448; x_wconf 77' lang='grc' dir='ltr'>ἐγὼ</span> <span class='ocrx_word' id='word_1_729' title='bbox 3695 4379 3814 4447; x_wconf 82' lang='grc' dir='ltr'>μεθ’</span> 
     </span>
    </p>
   </div>
   <div class='ocr_carea' id='block_1_92' title="bbox 2248 4469 3815 4551">
    <p class='ocr_par' dir='ltr' id='par_1_92' title="bbox 2248 4469 3815 4551">
     <span class='ocr_line' id='line_1_92' title="bbox 2248 4469 3815 4551; baseline -0.01 -16"><span class='ocrx_word' id='word_1_730' title='bbox 2248 4479 2415 4551; x_wconf 77' lang='grc' dir='ltr'>ὑμῶν</span> <span class='ocrx_word' id='word_1_731' title='bbox 2439 4483 2562 4548; x_wconf 80' lang='grc' dir='ltr'>εἰμι</span> <span class='ocrx_word' id='word_1_732' title='bbox 2589 4478 2792 4542; x_wconf 79' lang='grc' dir='ltr'>πάσας</span> <span class='ocrx_word' id='word_1_733' title='bbox 2820 4479 2928 4542; x_wconf 84' lang='grc' dir='ltr'>τὰς</span> <span class='ocrx_word' id='word_1_734' title='bbox 2948 4473 3173 4544; x_wconf 72' lang='grc' dir='ltr'>ἡμέρας</span> <span class='ocrx_word' id='word_1_735' title='bbox 3196 4473 3306 4538; x_wconf 83' lang='grc' dir='ltr'><strong>ἕως</strong></span> <span class='ocrx_word' id='word_1_736' title='bbox 3333 4469 3440 4539; x_wconf 81' lang='grc' dir='ltr'>τῆς</span> <span class='ocrx_word' id='word_1_737' title='bbox 3466 4469 3815 4530; x_wconf 72' lang='grc' dir='ltr'>συντελείας</span> 
     </span>
    </p>
   </div>
   <div class='ocr_carea' id='block_1_93' title="bbox 2251 4560 3817 4641">
    <p class='ocr_par' dir='ltr' id='par_1_93' title="bbox 2251 4560 3817 4641">
     <span class='ocr_line' id='line_1_93' title="bbox 2251 4560 3817 4641; baseline -0.008 -15"><span class='ocrx_word' id='word_1_738' title='bbox 2251 4573 2358 4628; x_wconf 83' lang='grc' dir='ltr'><strong>τοῦ</strong></span> <span class='ocrx_word' id='word_1_739' title='bbox 2416 4563 2652 4638; x_wconf 71' lang='grc' dir='ltr'>αἰῶνος.</span> <span class='ocrx_word' id='word_1_740' title='bbox 2712 4569 2984 4641; x_wconf 79' lang='grc' dir='ltr'>Ἀοράτως</span> <span class='ocrx_word' id='word_1_741' title='bbox 3032 4566 3142 4639; x_wconf 82' lang='grc' dir='ltr'>γὰρ</span> <span class='ocrx_word' id='word_1_742' title='bbox 3191 4561 3502 4634; x_wconf 80' lang='grc' dir='ltr'>ἁπανταχοῦ</span> <span class='ocrx_word' id='word_1_743' title='bbox 3563 4562 3662 4632; x_wconf 75' lang='grc' dir='ltr'>τῆς</span> <span class='ocrx_word' id='word_1_744' title='bbox 3721 4560 3817 4629; x_wconf 75' lang='grc' dir='ltr'>γῆς</span> 
     </span>
    </p>
   </div>
   <div class='ocr_carea' id='block_1_94' title="bbox 2252 4653 3814 4733">
    <p class='ocr_par' dir='ltr' id='par_1_94' title="bbox 2252 4653 3814 4733">
     <span class='ocr_line' id='line_1_94' title="bbox 2252 4653 3814 4733; baseline -0.008 -17"><span class='ocrx_word' id='word_1_745' title='bbox 2252 4662 2424 4716; x_wconf 86' lang='grc' dir='ltr'>συνὼν</span> <span class='ocrx_word' id='word_1_746' title='bbox 2465 4666 2578 4726; x_wconf 81' lang='grc' dir='ltr'>τοῖς</span> <span class='ocrx_word' id='word_1_747' title='bbox 2608 4661 2772 4716; x_wconf 83' lang='grc' dir='ltr'>αὑτοῦ</span> <span class='ocrx_word' id='word_1_748' title='bbox 2810 4660 3076 4733; x_wconf 84' lang='grc' dir='ltr'>μαθηταῖς</span> <span class='ocrx_word' id='word_1_749' title='bbox 3113 4662 3170 4711; x_wconf 86' lang='grc' dir='ltr'><strong>ἐν</strong></span> <span class='ocrx_word' id='word_1_750' title='bbox 3209 4660 3274 4729; x_wconf 74' lang='grc' dir='ltr'>τῇ</span> <span class='ocrx_word' id='word_1_751' title='bbox 3303 4655 3395 4710; x_wconf 85' lang='grc' dir='ltr'><strong>τοῦ</strong></span> <span class='ocrx_word' id='word_1_752' title='bbox 3431 4654 3547 4724; x_wconf 78' lang='grc' dir='ltr'>βίου</span> <span class='ocrx_word' id='word_1_753' title='bbox 3584 4653 3814 4720; x_wconf 64' lang='grc' dir='ltr'>θαλάσσῃ</span> 
     </span>
    </p>
   </div>
   <div class='ocr_carea' id='block_1_95' title="bbox 2249 4748 3814 4820">
    <p class='ocr_par' dir='ltr' id='par_1_95' title="bbox 2249 4748 3814 4820">
     <span class='ocr_line' id='line_1_95' title="bbox 2249 4748 3814 4820; baseline -0.01 -10"><span class='ocrx_word' id='word_1_754' title='bbox 2249 4757 2486 4820; x_wconf 79' lang='grc' dir='ltr'>καὶτοῖς</span> <span class='ocrx_word' id='word_1_755' title='bbox 2518 4756 2731 4819; x_wconf 82' lang='grc' dir='ltr'>πολλοῖς</span> <span class='ocrx_word' id='word_1_756' title='bbox 2760 4755 2867 4808; x_wconf 79' lang='grc' dir='ltr'>τῶν</span> <span class='ocrx_word' id='word_1_757' title='bbox 2911 4752 3080 4806; x_wconf 83' lang='grc' dir='ltr'>ἐθνῶν</span> <span class='ocrx_word' id='word_1_758' title='bbox 3131 4751 3317 4806; x_wconf 82' lang='grc' dir='ltr'>ῦδασιν</span> <span class='ocrx_word' id='word_1_759' title='bbox 3361 4749 3684 4820; x_wconf 76' lang='grc' dir='ltr'>ἐπορεύετο’</span> <span class='ocrx_word' id='word_1_760' title='bbox 3729 4748 3814 4799; x_wconf 72' lang='grc' dir='ltr'><strong>καὶ</strong></span> 
     </span>
    </p>
   </div>
   <div class='ocr_carea' id='block_1_96' title="bbox 2252 4838 3815 4921">
    <p class='ocr_par' dir='ltr' id='par_1_96' title="bbox 2252 4838 3815 4921">
     <span class='ocr_line' id='line_1_96' title="bbox 2252 4838 3815 4921; baseline -0.01 -18"><span class='ocrx_word' id='word_1_761' title='bbox 2252 4849 2394 4902; x_wconf 85' lang='grc' dir='ltr'>τοῦτ’</span> <span class='ocrx_word' id='word_1_762' title='bbox 2424 4849 2689 4921; x_wconf 79' lang='grc' dir='ltr'>ἔπραττεν</span> <span class='ocrx_word' id='word_1_763' title='bbox 2721 4847 2939 4919; x_wconf 83' lang='grc' dir='ltr'>ἀοράτῳ</span> <span class='ocrx_word' id='word_1_764' title='bbox 2973 4846 3066 4899; x_wconf 79' lang='grc' dir='ltr'><strong>καὶ</strong></span> <span class='ocrx_word' id='word_1_765' title='bbox 3097 4846 3291 4914; x_wconf 77' lang='grc' dir='ltr'>ἀφανεῖ</span> <span class='ocrx_word' id='word_1_766' title='bbox 3322 4841 3546 4911; x_wconf 82' lang='grc' dir='ltr'>δυνάμει</span> <span class='ocrx_word' id='word_1_767' title='bbox 3567 4856 3580 4869; x_wconf 76' lang='grc'><strong>’</strong></span> <span class='ocrx_word' id='word_1_768' title='bbox 3623 4840 3700 4892; x_wconf 79' lang='grc' dir='ltr'>διὸ</span> <span class='ocrx_word' id='word_1_769' title='bbox 3736 4838 3815 4889; x_wconf 77' lang='grc' dir='ltr'>λέ-</span> 
     </span>
    </p>
   </div>
   <div class='ocr_carea' id='block_1_97' title="bbox 571 4916 2132 5009">
    <p class='ocr_par' dir='ltr' id='par_1_97' title="bbox 571 4931 2132 5006">
     <span class='ocr_line' id='line_1_97' title="bbox 571 4931 2132 5006; baseline 0.003 -20"><span class='ocrx_word' id='word_1_770' title='bbox 571 4940 690 4986; x_wconf 77' lang='lat' dir='ltr'><strong>tur.</strong></span> <span class='ocrx_word' id='word_1_771' title='bbox 725 4931 852 4986; x_wconf 74' lang='lat' dir='ltr'><strong>Hmc</strong></span> <span class='ocrx_word' id='word_1_772' title='bbox 884 4945 1085 4999; x_wconf 87' lang='lat' dir='ltr'><strong>autem,</strong></span> <span class='ocrx_word' id='word_1_773' title='bbox 1119 4936 1314 5006; x_wconf 90' lang='lat' dir='ltr'><strong>inquit,</strong></span> <span class='ocrx_word' id='word_1_774' title='bbox 1340 4939 1394 4993; x_wconf 93' lang='lat' dir='ltr'><strong>in</strong></span> <span class='ocrx_word' id='word_1_775' title='bbox 1427 4938 1650 4992; x_wconf 90' lang='lat' dir='ltr'><strong>salutari</strong></span> <span class='ocrx_word' id='word_1_776' title='bbox 1676 4937 1880 5006; x_wconf 90' lang='lat' dir='ltr'><strong>ejusad</strong></span> <span class='ocrx_word' id='word_1_777' title='bbox 1901 4937 2132 4991; x_wconf 71' lang='lat' dir='ltr'><strong>homines</strong></span> 
     </span>
    </p>
   </div>
   <div class='ocr_carea' id='block_1_98' title="bbox 2234 4916 3811 5009">
    <p class='ocr_par' dir='ltr' id='par_1_98' title="bbox 2253 4916 3811 5009">
     <span class='ocr_line' id='line_1_98' title="bbox 2253 4916 3811 5009; baseline -0.006 -15"><span class='ocrx_word' id='word_1_778' title='bbox 2253 4942 2437 4996; x_wconf 88' lang='grc' dir='ltr'>λεκται</span> <span class='ocrx_word' id='word_1_779' title='bbox 2470 4916 2508 4973; x_wconf 36' lang='grc' dir='ltr'><strong>ο-</strong></span> <span class='ocrx_word' id='word_1_780' title='bbox 2548 4940 2659 4995; x_wconf 84' lang='lat' dir='ltr'><strong>Kal</strong></span> <span class='ocrx_word' id='word_1_781' title='bbox 2718 4916 2802 4994; x_wconf 64' lang='lat' dir='ltr'><strong>ui</strong></span> <span class='ocrx_word' id='word_1_782' title='bbox 2844 4916 2982 5009; x_wconf 61' lang='lat' dir='ltr'><strong>lxi‘n</strong></span> <span class='ocrx_word' id='word_1_783' title='bbox 3043 4953 3160 4992; x_wconf 87' lang='grc' dir='ltr'><strong>σου</strong></span> <span class='ocrx_word' id='word_1_784' title='bbox 3223 4938 3293 4990; x_wconf 87' lang='grc' dir='ltr'>οὐ</span> <span class='ocrx_word' id='word_1_785' title='bbox 3345 4933 3811 5004; x_wconf 54' lang='lat' dir='ltr'><strong>rauco-liceretur.</strong></span> 
     </span>
    </p>
   </div>
   <div class='ocr_carea' id='block_1_99' title="bbox 577 5023 2148 5094">
    <p class='ocr_par' dir='ltr' id='par_1_99' title="bbox 577 5023 2148 5094">
     <span class='ocr_line' id='line_1_99' title="bbox 577 5023 2148 5094; baseline 0.001 -16"><span class='ocrx_word' id='word_1_786' title='bbox 577 5023 818 5078; x_wconf 82' lang='lat' dir='ltr'><strong>adventu</strong></span> <span class='ocrx_word' id='word_1_787' title='bbox 858 5041 954 5094; x_wconf 86' lang='lat' dir='ltr'><strong>per</strong></span> <span class='ocrx_word' id='word_1_788' title='bbox 979 5030 1334 5082; x_wconf 82' lang='lat' dir='ltr'><strong>mutationem</strong></span> <span class='ocrx_word' id='word_1_789' title='bbox 1367 5029 1605 5084; x_wconf 68' lang='lat' dir='ltr'><strong>dexterae</strong></span> <span class='ocrx_word' id='word_1_790' title='bbox 1630 5028 1897 5085; x_wconf 83' lang='lat' dir='ltr'><strong>Altissimi</strong></span> <span class='ocrx_word' id='word_1_791' title='bbox 1934 5029 2014 5082; x_wconf 88' lang='lat' dir='ltr'><strong>sic</strong></span> <span class='ocrx_word' id='word_1_792' title='bbox 2044 5026 2148 5080; x_wconf 84' lang='lat' dir='ltr'><strong>im-</strong></span> 
     </span>
    </p>
   </div>
   <div class='ocr_carea' id='block_1_100' title="bbox 578 5113 2148 5191">
    <p class='ocr_par' dir='ltr' id='par_1_100' title="bbox 578 5113 2148 5191">
     <span class='ocr_line' id='line_1_100' title="bbox 578 5113 2148 5191; baseline 0.006 -27"><span class='ocrx_word' id='word_1_793' title='bbox 578 5113 726 5182; x_wconf 82' lang='lat' dir='ltr'><strong>pleta</strong></span> <span class='ocrx_word' id='word_1_794' title='bbox 751 5125 914 5182; x_wconf 87' lang='lat' dir='ltr'><strong>sunt;</strong></span> <span class='ocrx_word' id='word_1_795' title='bbox 945 5119 1403 5186; x_wconf 89' lang='lat' dir='ltr'><strong>quemadmodum</strong></span> <span class='ocrx_word' id='word_1_796' title='bbox 1456 5120 1584 5172; x_wconf 88' lang='lat' dir='ltr'><strong>olim</strong></span> <span class='ocrx_word' id='word_1_797' title='bbox 1613 5120 1669 5173; x_wconf 91' lang='lat' dir='ltr'><strong>in</strong></span> <span class='ocrx_word' id='word_1_798' title='bbox 1718 5122 1900 5191; x_wconf 78' lang='lat' dir='ltr'><strong>priore</strong></span> <span class='ocrx_word' id='word_1_799' title='bbox 1930 5119 2148 5190; x_wconf 76' lang='lat' dir='ltr'><strong>pepulo,</strong></span> 
     </span>
    </p>
   </div>
   <div class='ocr_carea' id='block_1_101' title="bbox 579 5206 2153 5282">
    <p class='ocr_par' dir='ltr' id='par_1_101' title="bbox 579 5206 2153 5282">
     <span class='ocr_line' id='line_1_101' title="bbox 579 5206 2153 5282; baseline 0.005 -25"><span class='ocrx_word' id='word_1_800' title='bbox 579 5206 803 5274; x_wconf 82' lang='lat' dir='ltr'><strong>quando</strong></span> <span class='ocrx_word' id='word_1_801' title='bbox 845 5207 1059 5264; x_wconf 89' lang='lat' dir='ltr'><strong>eductis</strong></span> <span class='ocrx_word' id='word_1_802' title='bbox 1107 5210 1216 5263; x_wconf 86' lang='lat' dir='ltr'><strong>illis</strong></span> <span class='ocrx_word' id='word_1_803' title='bbox 1267 5225 1334 5262; x_wconf 81' lang='lat' dir='ltr'><strong>ex</strong></span> <span class='ocrx_word' id='word_1_804' title='bbox 1383 5217 1527 5264; x_wconf 89' lang='lat' dir='ltr'><strong>terra</strong></span> <span class='ocrx_word' id='word_1_805' title='bbox 1580 5211 1801 5282; x_wconf 67' lang='lat' dir='ltr'><strong>Aigypti</strong></span> <span class='ocrx_word' id='word_1_806' title='bbox 1852 5228 1949 5282; x_wconf 90' lang='lat' dir='ltr'><strong>per</strong></span> <span class='ocrx_word' id='word_1_807' title='bbox 2001 5225 2153 5265; x_wconf 87' lang='lat' dir='ltr'><strong>mare</strong></span> 
     </span>
    </p>
   </div>
   <div class='ocr_carea' id='block_1_102' title="bbox 581 5297 2149 5358">
    <p class='ocr_par' dir='ltr' id='par_1_102' title="bbox 581 5297 2149 5358">
     <span class='ocr_line' id='line_1_102' title="bbox 581 5297 2149 5358; baseline 0.004 -9"><span class='ocrx_word' id='word_1_808' title='bbox 581 5297 878 5351; x_wconf 81' lang='lat' dir='ltr'><strong>transitum</strong></span> <span class='ocrx_word' id='word_1_809' title='bbox 903 5301 1134 5353; x_wconf 85' lang='lat' dir='ltr'><strong>munivit</strong></span> <span class='ocrx_word' id='word_1_810' title='bbox 1165 5320 1178 5354; x_wconf 92' lang='lat'>:</span> <span class='ocrx_word' id='word_1_811' title='bbox 1216 5308 1346 5354; x_wconf 90' lang='lat' dir='ltr'><strong>tunc</strong></span> <span class='ocrx_word' id='word_1_812' title='bbox 1380 5302 1522 5355; x_wconf 90' lang='lat' dir='ltr'><strong>enim</strong></span> <span class='ocrx_word' id='word_1_813' title='bbox 1553 5311 1978 5358; x_wconf 88' lang='lat' dir='ltr'><strong>commonstrata</strong></span> <span class='ocrx_word' id='word_1_814' title='bbox 2037 5303 2149 5356; x_wconf 89' lang='lat' dir='ltr'><strong>vir-</strong></span> 
     </span>
    </p>
   </div>
   <div class='ocr_carea' id='block_1_103' title="bbox 581 5389 2149 5462">
    <p class='ocr_par' dir='ltr' id='par_1_103' title="bbox 581 5389 2149 5462">
     <span class='ocr_line' id='line_1_103' title="bbox 581 5389 2149 5462; baseline 0.003 -20"><span class='ocrx_word' id='word_1_815' title='bbox 581 5393 699 5442; x_wconf 86' lang='lat' dir='ltr'><strong>tute</strong></span> <span class='ocrx_word' id='word_1_816' title='bbox 735 5403 856 5452; x_wconf 89' lang='lat' dir='ltr'><strong>sua,</strong></span> <span class='ocrx_word' id='word_1_817' title='bbox 881 5389 1024 5442; x_wconf 87' lang='lat' dir='ltr'><strong>viam</strong></span> <span class='ocrx_word' id='word_1_818' title='bbox 1051 5397 1103 5442; x_wconf 90' lang='lat' dir='ltr'><strong>et</strong></span> <span class='ocrx_word' id='word_1_819' title='bbox 1144 5390 1370 5444; x_wconf 86' lang='lat' dir='ltr'><strong>semitas</strong></span> <span class='ocrx_word' id='word_1_820' title='bbox 1400 5390 1454 5444; x_wconf 91' lang='lat' dir='ltr'><strong>in</strong></span> <span class='ocrx_word' id='word_1_821' title='bbox 1485 5393 1644 5461; x_wconf 85' lang='lat' dir='ltr'><strong>aquis</strong></span> <span class='ocrx_word' id='word_1_822' title='bbox 1681 5393 1866 5448; x_wconf 89' lang='lat' dir='ltr'><strong>multis</strong></span> <span class='ocrx_word' id='word_1_823' title='bbox 1901 5392 2149 5462; x_wconf 85' lang='lat' dir='ltr'><strong>paravit;</strong></span> 
     </span>
    </p>
   </div>
   <div class='ocr_carea' id='block_1_104' title="bbox 579 5478 2151 5549">
    <p class='ocr_par' dir='ltr' id='par_1_104' title="bbox 579 5478 2151 5549">
     <span class='ocr_line' id='line_1_104' title="bbox 579 5478 2151 5549; baseline 0.001 -15"><span class='ocrx_word' id='word_1_824' title='bbox 579 5478 659 5534; x_wconf 76' lang='lat' dir='ltr'><strong>ita</strong></span> <span class='ocrx_word' id='word_1_825' title='bbox 695 5488 755 5532; x_wconf 84' lang='lat' dir='ltr'><strong>.ut</strong></span> <span class='ocrx_word' id='word_1_826' title='bbox 788 5486 1125 5548; x_wconf 63' lang='lat' dir='ltr'><strong>praeeuntem</strong></span> <span class='ocrx_word' id='word_1_827' title='bbox 1180 5481 1357 5549; x_wconf 84' lang='lat' dir='ltr'><strong>ipsum</strong></span> <span class='ocrx_word' id='word_1_828' title='bbox 1410 5487 1560 5538; x_wconf 88' lang='lat' dir='ltr'><strong>totus</strong></span> <span class='ocrx_word' id='word_1_829' title='bbox 1610 5482 1775 5538; x_wconf 87' lang='lat' dir='ltr'><strong>lsracl</strong></span> <span class='ocrx_word' id='word_1_830' title='bbox 1817 5484 1871 5537; x_wconf 93' lang='lat' dir='ltr'><strong>in</strong></span> <span class='ocrx_word' id='word_1_831' title='bbox 1913 5483 2151 5536; x_wconf 85' lang='lat' dir='ltr'><strong>transitu</strong></span> 
     </span>
    </p>
   </div>
   <div class='ocr_carea' id='block_1_105' title="bbox 582 5573 2153 5646">
    <p class='ocr_par' dir='ltr' id='par_1_105' title="bbox 582 5573 2153 5646">
     <span class='ocr_line' id='line_1_105' title="bbox 582 5573 2153 5646; baseline 0.001 -20"><span class='ocrx_word' id='word_1_832' title='bbox 582 5574 755 5626; x_wconf 84' lang='lat' dir='ltr'><strong>maris</strong></span> <span class='ocrx_word' id='word_1_833' title='bbox 777 5582 1119 5642; x_wconf 75' lang='lat' dir='ltr'><strong>sequeretur,</strong></span> <span class='ocrx_word' id='word_1_834' title='bbox 1151 5573 1512 5644; x_wconf 73' lang='lat' dir='ltr'><strong>incessusque</strong></span> <span class='ocrx_word' id='word_1_835' title='bbox 1541 5575 1660 5644; x_wconf 79' lang='lat' dir='ltr'><strong>ejus</strong></span> <span class='ocrx_word' id='word_1_836' title='bbox 1691 5575 1911 5646; x_wconf 79' lang='lat' dir='ltr'><strong>ignotus</strong></span> <span class='ocrx_word' id='word_1_837' title='bbox 1946 5576 2153 5630; x_wconf 88' lang='lat' dir='ltr'><strong>incom-</strong></span> 
     </span>
    </p>
   </div>
   <div class='ocr_carea' id='block_1_106' title="bbox 583 5662 2153 5735">
    <p class='ocr_par' dir='ltr' id='par_1_106' title="bbox 583 5662 2153 5735">
     <span class='ocr_line' id='line_1_106' title="bbox 583 5662 2153 5735; baseline 0.003 -22"><span class='ocrx_word' id='word_1_838' title='bbox 583 5663 1076 5735; x_wconf 79' lang='lat' dir='ltr'><strong>prelicnsibilisque</strong></span> <span class='ocrx_word' id='word_1_839' title='bbox 1106 5662 1419 5717; x_wconf 87' lang='lat' dir='ltr'><strong>hominibus</strong></span> <span class='ocrx_word' id='word_1_840' title='bbox 1457 5672 1624 5731; x_wconf 87' lang='lat' dir='ltr'><strong>esset,</strong></span> <span class='ocrx_word' id='word_1_841' title='bbox 1654 5664 1874 5734; x_wconf 87' lang='lat' dir='ltr'><strong>quando</strong></span> <span class='ocrx_word' id='word_1_842' title='bbox 1924 5664 2153 5719; x_wconf 78' lang='lat' dir='ltr'><strong>deduxit</strong></span> 
     </span>
    </p>
   </div>
   <div class='ocr_carea' id='block_1_107' title="bbox 670 5818 1243 5886">
    <p class='ocr_par' dir='ltr' id='par_1_107' title="bbox 670 5818 1243 5886">
     <span class='ocr_line' id='line_1_107' title="bbox 670 5818 1243 5886; baseline 0.014 -16"><span class='ocrx_word' id='word_1_843' title='bbox 670 5819 714 5852; x_wconf 79' lang='grc'><strong>⁸³</strong></span> <span class='ocrx_word' id='word_1_844' title='bbox 752 5819 812 5874; x_wconf 88' lang='lat' dir='ltr'><strong>lll</strong></span> <span class='ocrx_word' id='word_1_845' title='bbox 850 5818 1004 5874; x_wconf 57' lang='lat' dir='ltr'><strong>lisdr.</strong></span> <span class='ocrx_word' id='word_1_846' title='bbox 1041 5836 1114 5886; x_wconf 83' lang='lat' dir='ltr'><strong>Iv,</strong></span> <span class='ocrx_word' id='word_1_847' title='bbox 1154 5821 1243 5878; x_wconf 62' lang='lat' dir='ltr'><strong>3i.</strong></span> 
     </span>
    </p>
   </div>
   <div class='ocr_carea' id='block_1_108' title="bbox 2252 5024 3812 5104">
    <p class='ocr_par' dir='ltr' id='par_1_108' title="bbox 2252 5024 3812 5104">
     <span class='ocr_line' id='line_1_108' title="bbox 2252 5024 3812 5104; baseline -0.008 -17"><span class='ocrx_word' id='word_1_848' title='bbox 2252 5033 2438 5087; x_wconf 86' lang='grc' dir='ltr'>Ταῦτα</span> <span class='ocrx_word' id='word_1_849' title='bbox 2482 5032 2582 5103; x_wconf 85' lang='grc' dir='ltr'><strong>μὲν</strong></span> <span class='ocrx_word' id='word_1_850' title='bbox 2611 5028 2704 5085; x_wconf 80' lang='grc' dir='ltr'><strong>οῦν</strong></span> <span class='ocrx_word' id='word_1_851' title='bbox 2739 5029 3042 5104; x_wconf 84' lang='grc' dir='ltr'>ἐπληροῦτο</span> <span class='ocrx_word' id='word_1_852' title='bbox 3086 5028 3228 5084; x_wconf 84' lang='grc' dir='ltr'>κατὰ</span> <span class='ocrx_word' id='word_1_853' title='bbox 3259 5029 3359 5099; x_wconf 83' lang='grc' dir='ltr'>τὴν</span> <span class='ocrx_word' id='word_1_854' title='bbox 3398 5027 3665 5097; x_wconf 79' lang='grc' dir='ltr'>σωτήριον</span> <span class='ocrx_word' id='word_1_855' title='bbox 3703 5024 3812 5075; x_wconf 83' lang='grc' dir='ltr'>θεο-</span> 
     </span>
    </p>
   </div>
   <div class='ocr_carea' id='block_1_109' title="bbox 2249 5115 3812 5192">
    <p class='ocr_par' dir='ltr' id='par_1_109' title="bbox 2249 5115 3812 5192">
     <span class='ocr_line' id='line_1_109' title="bbox 2249 5115 3812 5192; baseline -0.008 -16"><span class='ocrx_word' id='word_1_856' title='bbox 2249 5123 2479 5192; x_wconf 69' lang='grc' dir='ltr'>φάνειαν</span> <span class='ocrx_word' id='word_1_857' title='bbox 2505 5139 2517 5152; x_wconf 88' lang='grc'><strong>·</strong></span> <span class='ocrx_word' id='word_1_858' title='bbox 2553 5119 2710 5175; x_wconf 81' lang='grc' dir='ltr'>Οὕτω</span> <span class='ocrx_word' id='word_1_859' title='bbox 2739 5121 2793 5174; x_wconf 86' lang='grc' dir='ltr'>δὲ</span> <span class='ocrx_word' id='word_1_860' title='bbox 2826 5121 3019 5183; x_wconf 90' lang='grc' dir='ltr'>ταῦτα,</span> <span class='ocrx_word' id='word_1_861' title='bbox 3047 5119 3232 5190; x_wconf 75' lang='grc' dir='ltr'>φησὶν,</span> <span class='ocrx_word' id='word_1_862' title='bbox 3265 5118 3472 5186; x_wconf 88' lang='grc' dir='ltr'>ἐγίνετο</span> <span class='ocrx_word' id='word_1_863' title='bbox 3496 5117 3590 5169; x_wconf 71' lang='grc' dir='ltr'><strong>ἐπὶ</strong></span> <span class='ocrx_word' id='word_1_864' title='bbox 3615 5115 3709 5184; x_wconf 78' lang='grc' dir='ltr'>τῆς</span> <span class='ocrx_word' id='word_1_865' title='bbox 3739 5115 3812 5174; x_wconf 85' lang='grc' dir='ltr'>εἰς</span> 
     </span>
    </p>
   </div>
   <div class='ocr_carea' id='block_1_110' title="bbox 2253 5207 3813 5283">
    <p class='ocr_par' dir='ltr' id='par_1_110' title="bbox 2253 5207 3813 5283">
     <span class='ocr_line' id='line_1_110' title="bbox 2253 5207 3813 5283; baseline -0.006 -18"><span class='ocrx_word' id='word_1_866' title='bbox 2253 5210 2572 5282; x_wconf 83' lang='grc' dir='ltr'>ἀνθρώπους</span> <span class='ocrx_word' id='word_1_867' title='bbox 2594 5212 2895 5283; x_wconf 84' lang='grc' dir='ltr'>παρουσίας</span> <span class='ocrx_word' id='word_1_868' title='bbox 2918 5211 3100 5274; x_wconf 85' lang='grc' dir='ltr'>αὐτοῦ,</span> <span class='ocrx_word' id='word_1_869' title='bbox 3130 5210 3270 5263; x_wconf 88' lang='grc' dir='ltr'><strong>κατά</strong></span> <span class='ocrx_word' id='word_1_870' title='bbox 3301 5209 3398 5279; x_wconf 79' lang='grc' dir='ltr'><strong>τὴν</strong></span> <span class='ocrx_word' id='word_1_871' title='bbox 3423 5207 3697 5262; x_wconf 85' lang='grc' dir='ltr'>ἀλλοίωσιν</span> <span class='ocrx_word' id='word_1_872' title='bbox 3718 5208 3813 5275; x_wconf 77' lang='grc' dir='ltr'>τῆς</span> 
     </span>
    </p>
   </div>
   <div class='ocr_carea' id='block_1_111' title="bbox 2249 5299 3812 5375">
    <p class='ocr_par' dir='ltr' id='par_1_111' title="bbox 2249 5299 3812 5375">
     <span class='ocr_line' id='line_1_111' title="bbox 2249 5299 3812 5375; baseline -0.004 -19"><span class='ocrx_word' id='word_1_873' title='bbox 2249 5303 2426 5368; x_wconf 78' lang='grc' dir='ltr'>δεξιᾶς</span> <span class='ocrx_word' id='word_1_874' title='bbox 2451 5302 2545 5356; x_wconf 86' lang='grc' dir='ltr'><strong>τοῦ</strong></span> <span class='ocrx_word' id='word_1_875' title='bbox 2585 5304 2838 5373; x_wconf 72' lang='grc' dir='ltr'>Ὑψίστου</span> <span class='ocrx_word' id='word_1_876' title='bbox 2859 5321 2871 5332; x_wconf 87' lang='grc'><strong>·</strong></span> <span class='ocrx_word' id='word_1_877' title='bbox 2903 5302 3088 5375; x_wconf 81' lang='grc' dir='ltr'>ὥσπερ</span> <span class='ocrx_word' id='word_1_878' title='bbox 3121 5302 3214 5356; x_wconf 79' lang='grc' dir='ltr'>καὶ</span> <span class='ocrx_word' id='word_1_879' title='bbox 3243 5301 3413 5354; x_wconf 87' lang='grc' dir='ltr'>πάλαι</span> <span class='ocrx_word' id='word_1_880' title='bbox 3442 5301 3535 5353; x_wconf 77' lang='grc' dir='ltr'><strong>ἐπὶ</strong></span> <span class='ocrx_word' id='word_1_881' title='bbox 3567 5299 3658 5353; x_wconf 88' lang='grc' dir='ltr'><strong>τοῦ</strong></span> <span class='ocrx_word' id='word_1_882' title='bbox 3684 5314 3812 5369; x_wconf 57' lang='grc' dir='ltr'><strong>πρ)-</strong></span> 
     </span>
    </p>
   </div>
   <div class='ocr_carea' id='block_1_112' title="bbox 2249 5389 3814 5465">
    <p class='ocr_par' dir='ltr' id='par_1_112' title="bbox 2249 5389 3814 5465">
     <span class='ocr_line' id='line_1_112' title="bbox 2249 5389 3814 5465; baseline -0.003 -18"><span class='ocrx_word' id='word_1_883' title='bbox 2249 5394 2408 5465; x_wconf 82' lang='grc' dir='ltr'>τέρου</span> <span class='ocrx_word' id='word_1_884' title='bbox 2446 5393 2573 5448; x_wconf 87' lang='grc' dir='ltr'>λαοῦ</span> <span class='ocrx_word' id='word_1_885' title='bbox 2611 5395 2846 5464; x_wconf 80' lang='grc' dir='ltr'>ὁπηνίκα</span> <span class='ocrx_word' id='word_1_886' title='bbox 2880 5393 3162 5463; x_wconf 80' lang='grc' dir='ltr'>ἐξαγαγὼν</span> <span class='ocrx_word' id='word_1_887' title='bbox 3197 5394 3394 5456; x_wconf 81' lang='grc' dir='ltr'>αὐτοὺς</span> <span class='ocrx_word' id='word_1_888' title='bbox 3430 5394 3498 5446; x_wconf 85' lang='grc' dir='ltr'><strong>ἐκ</strong></span> <span class='ocrx_word' id='word_1_889' title='bbox 3527 5396 3630 5464; x_wconf 82' lang='grc' dir='ltr'>γῆς</span> <span class='ocrx_word' id='word_1_890' title='bbox 3651 5389 3814 5458; x_wconf 75' lang='grc' dir='ltr'>Αίγύ-</span> 
     </span>
    </p>
   </div>
   <div class='ocr_carea' id='block_1_113' title="bbox 2254 5482 3814 5557">
    <p class='ocr_par' dir='ltr' id='par_1_113' title="bbox 2254 5482 3814 5557">
     <span class='ocr_line' id='line_1_113' title="bbox 2254 5482 3814 5557; baseline -0.001 -21"><span class='ocrx_word' id='word_1_891' title='bbox 2254 5502 2386 5537; x_wconf 81' lang='grc' dir='ltr'>πτου</span> <span class='ocrx_word' id='word_1_892' title='bbox 2420 5484 2645 5556; x_wconf 82' lang='grc' dir='ltr'>διήγαγε</span> <span class='ocrx_word' id='word_1_893' title='bbox 2681 5485 2769 5539; x_wconf 86' lang='grc' dir='ltr'>διὰ</span> <span class='ocrx_word' id='word_1_894' title='bbox 2796 5487 2895 5556; x_wconf 84' lang='grc' dir='ltr'>τῆς</span> <span class='ocrx_word' id='word_1_895' title='bbox 2927 5485 3200 5557; x_wconf 84' lang='grc' dir='ltr'>θαλάσσης</span> <span class='ocrx_word' id='word_1_896' title='bbox 3224 5504 3235 5515; x_wconf 89' lang='grc'><strong>·</strong></span> <span class='ocrx_word' id='word_1_897' title='bbox 3269 5487 3364 5539; x_wconf 71' lang='grc' dir='ltr'><strong>καὶ</strong></span> <span class='ocrx_word' id='word_1_898' title='bbox 3399 5485 3522 5538; x_wconf 81' lang='grc' dir='ltr'>τότε</span> <span class='ocrx_word' id='word_1_899' title='bbox 3564 5486 3666 5556; x_wconf 74' lang='grc' dir='ltr'>γὰρ</span> <span class='ocrx_word' id='word_1_900' title='bbox 3701 5482 3814 5537; x_wconf 70' lang='lat' dir='ltr'><strong>8st—</strong></span> 
     </span>
    </p>
   </div>
   <div class='ocr_carea' id='block_1_114' title="bbox 2253 5577 3814 5650">
    <p class='ocr_par' dir='ltr' id='par_1_114' title="bbox 2253 5577 3814 5650">
     <span class='ocr_line' id='line_1_114' title="bbox 2253 5577 3814 5650; baseline -0.003 -20"><span class='ocrx_word' id='word_1_901' title='bbox 2253 5577 2384 5640; x_wconf 77' lang='grc' dir='ltr'>κνὺς</span> <span class='ocrx_word' id='word_1_902' title='bbox 2416 5578 2516 5640; x_wconf 80' lang='grc' dir='ltr'>τὰς</span> <span class='ocrx_word' id='word_1_903' title='bbox 2563 5578 2763 5650; x_wconf 82' lang='grc' dir='ltr'>ἀρετὰς</span> <span class='ocrx_word' id='word_1_904' title='bbox 2813 5579 2976 5634; x_wconf 80' lang='grc' dir='ltr'>αὑτοῦ</span> <span class='ocrx_word' id='word_1_905' title='bbox 3016 5579 3133 5633; x_wconf 77' lang='grc' dir='ltr'>ὁδὸν</span> <span class='ocrx_word' id='word_1_906' title='bbox 3181 5579 3352 5632; x_wconf 85' lang='grc' dir='ltr'>ἐποίει</span> <span class='ocrx_word' id='word_1_907' title='bbox 3385 5579 3478 5633; x_wconf 70' lang='grc' dir='ltr'>καὶ</span> <span class='ocrx_word' id='word_1_908' title='bbox 3525 5577 3732 5650; x_wconf 72' lang='grc' dir='ltr'>τρίϐους</span> <span class='ocrx_word' id='word_1_909' title='bbox 3758 5579 3814 5627; x_wconf 82' lang='grc' dir='ltr'><strong>ἐν</strong></span> 
     </span>
    </p>
   </div>
   <div class='ocr_carea' id='block_1_115' title="bbox 2257 5666 3813 5742">
    <p class='ocr_par' dir='ltr' id='par_1_115' title="bbox 2257 5666 3813 5742">
     <span class='ocr_line' id='line_1_115' title="bbox 2257 5666 3813 5742; baseline -0.001 -23"><span class='ocrx_word' id='word_1_910' title='bbox 2257 5666 2410 5721; x_wconf 79' lang='grc' dir='ltr'>ῦδασι</span> <span class='ocrx_word' id='word_1_911' title='bbox 2449 5669 2680 5735; x_wconf 85' lang='grc' dir='ltr'>πολλοῖς,</span> <span class='ocrx_word' id='word_1_912' title='bbox 2715 5669 2792 5736; x_wconf 83' lang='grc' dir='ltr'>ὡς</span> <span class='ocrx_word' id='word_1_913' title='bbox 2839 5670 3230 5742; x_wconf 80' lang='grc' dir='ltr'>προηγουμένῳ</span> <span class='ocrx_word' id='word_1_914' title='bbox 3277 5669 3424 5740; x_wconf 74' lang='grc' dir='ltr'>αὐτῷ</span> <span class='ocrx_word' id='word_1_915' title='bbox 3447 5669 3813 5726; x_wconf 64' lang='grc' dir='ltr'>ἐπακολουθεῖν</span> 
     </span>
    </p>
   </div>
   <div class='ocr_carea' id='block_1_116' title="bbox 1319 5823 2132 5897">
    <p class='ocr_par' dir='ltr' id='par_1_116' title="bbox 1319 5823 2117 5890">
     <span class='ocr_line' id='line_1_116' title="bbox 1319 5823 2117 5890; baseline 0 -11"><span class='ocrx_word' id='word_1_916' title='bbox 1319 5825 1364 5856; x_wconf 66' lang='grc' dir='ltr'><strong>τ⁵³</strong></span> <span class='ocrx_word' id='word_1_917' title='bbox 1406 5823 1579 5880; x_wconf 88' lang='lat' dir='ltr'><strong>lCor.</strong></span> <span class='ocrx_word' id='word_1_918' title='bbox 1619 5839 1729 5889; x_wconf 77' lang='lat' dir='ltr'><strong>xu,</strong></span> <span class='ocrx_word' id='word_1_919' title='bbox 1767 5823 1819 5890; x_wconf 73' lang='grc'>4,</span> <span class='ocrx_word' id='word_1_920' title='bbox 1860 5823 1911 5890; x_wconf 89' lang='grc'>8,</span> <span class='ocrx_word' id='word_1_921' title='bbox 1944 5825 1998 5881; x_wconf 87' lang='lat'><strong>9.</strong></span> <span class='ocrx_word' id='word_1_922' title='bbox 2073 5828 2117 5860; x_wconf 74' lang='grc'><strong>’⁵</strong></span> 
     </span>
    </p>
   </div>
   <div class='ocr_carea' id='block_1_117' title="bbox 2234 5823 3740 5897">
    <p class='ocr_par' dir='ltr' id='par_1_117' title="bbox 2234 5827 3740 5897">
     <span class='ocr_line' id='line_1_117' title="bbox 2234 5827 3740 5897; baseline 0.003 -17"><span class='ocrx_word' id='word_1_923' title='bbox 2234 5827 2346 5882; x_wconf 77' lang='lat' dir='ltr'><strong>uth.</strong></span> <span class='ocrx_word' id='word_1_924' title='bbox 2383 5842 2504 5896; x_wconf 66' lang='lat' dir='ltr'><strong>ut,</strong></span> <span class='ocrx_word' id='word_1_925' title='bbox 2543 5827 2627 5883; x_wconf 85' lang='lat' dir='ltr'><strong>lO.</strong></span> <span class='ocrx_word' id='word_1_926' title='bbox 2706 5829 2751 5861; x_wconf 82' lang='lat'><strong>&quot;‘</strong></span> <span class='ocrx_word' id='word_1_927' title='bbox 2791 5827 2980 5887; x_wconf 80' lang='lat' dir='ltr'><strong>Matth.</strong></span> <span class='ocrx_word' id='word_1_928' title='bbox 3019 5847 3217 5897; x_wconf 73' lang='lat' dir='ltr'><strong>xsvru,</strong></span> <span class='ocrx_word' id='word_1_929' title='bbox 3257 5832 3339 5890; x_wconf 81' lang='lat' dir='ltr'><strong>l9.</strong></span> <span class='ocrx_word' id='word_1_930' title='bbox 3417 5836 3459 5867; x_wconf 59' lang='grc' dir='ltr'><strong>θ’</strong></span> <span class='ocrx_word' id='word_1_931' title='bbox 3504 5833 3606 5889; x_wconf 86' lang='lat' dir='ltr'><strong>ibid</strong></span> <span class='ocrx_word' id='word_1_932' title='bbox 3657 5831 3740 5887; x_wconf 73' lang='grc' dir='ltr'><strong>ΞΟ.</strong></span> 
     </span>
    </p>
   </div>
  </div>
