4004 6552
265 389 359 446 9m
507 347 510 350 ’
1363 381 1847 439 οοιιιιειιτλιιιι

1951 379 1971 436 ί
2011 379 2353 437 PSALMOS.

3415 372 3524 428 903

251 505 312 556 ἐν
333 502 397 572 τῇ
427 517 620 572 πορεια
645 498 745 569 τῆς
765 496 1045 569 θαλάσσης
1073 495 1166 551 τὸν
1190 497 1368 551 πάντα
1400 495 1634 567 Ἰσραὴλ,
1661 495 1837 564 ἄγνω-

1951 491 2241 564 ζνειιε.21)
2279 492 2418 546 sicut
2458 507 2574 546 oues
2618 489 2866 560 populum
2889 502 3043 540 suum
3070 486 3124 541 in
3157 500 3316 540 manu
3345 482 3525 555 Moysi

253 591 378 644 στόν
409 607 469 643 τε
504 586 644 643 εἶναι
684 589 778 642 καὶ
825 586 1212 657 ἀκατάληπτον
1256 585 1562 658 ἀνθρώποις
1600 585 1697 656 τὴν
1741 600 1840 637 που

253 683 408 757 ρελαν
441 679 631 745 αὑτοῦ,
680 681 770 734 ὅτε
825 680 919 733 καὶ
960 679 1244 752 ὡδήγησεν
1294 679 1374 744 ὡς
1423 679 1686 747 πρόϐατα
1735 676 1844 730 τὸν

249 773 408 831 λαὸν
453 771 642 827 αὐτοῦ
682 773 752 825 ἐν
794 771 942 841 χειρὶ
979 769 1208 839 Πωῢσῆ
1239 770 1336 824 καὶ
1381 768 1610 838 Ἀαρών.
1651 769 1844 833 Ἀλλος

263 868 362 939 μὲν
393 862 488 920 οὖν
521 865 589 918 τὰ
635 865 972 936 προκείμενα
1016 863 1232 917 ἅπαντα
1274 864 1365 916 ἐπὶ
1393 863 1492 934 τὴν
1536 862 1710 928 ἔξοδον
1742 862 1842 934 τὴν

250 959 347 1012 ἀπ’
377 957 654 1026 Αἰγύπτου
681 949 908 1021 άνοίσει,
933 956 1054 1008 τότε
1080 954 1468 1026 πεπληρῶσθαι
1506 955 1730 1025 φάσκων
1755 953 1838 1017 τὸ,

249 1048 521 1103 Εἷδοσάν
545 1065 620 1102 σε
646 1049 854 1111 ὕδατα,
883 1049 916 1101 ὀ
943 1045 1106 1113 Θεὸς,
1128 1046 1378 1100 εῖδοσάν
1403 1061 1477 1100 σε
1503 1045 1713 1111 ὕδατα,
1742 1045 1841 1100 καί

248 1136 688 1206 ἐφοϐήθησαν,
749 1137 1175 1206 ἐταράχθησαν
1238 1135 1540 1200 ἄϐυσσοι,
1607 1135 1841 1204 πλῆθος

247 1228 448 1300 ἤχους
476 1231 696 1298 ὕδατος
717 1248 731 1261 ⁸
767 1231 948 1284 πᾶσάν
976 1247 1037 1283 τε
1069 1231 1168 1301 τὴν
1201 1229 1504 1301 περικοπὴν
1535 1229 1843 1293 ἀκολούθως

247 1323 347 1376 ἐπὶ
381 1322 477 1394 τὴν
516 1323 638 1377 τότε
682 1322 1019 1395 πραχθείσαν
1064 1321 1304 1394 ἱστορίαν
1337 1321 1680 1392 ἀναπέμψειο
1729 1321 1842 1390 ἐγὼ

239 1413 332 1478 δὲ,
370 1415 444 1486 μὴ
473 1413 647 1487 εὑρὼν
674 1415 822 1478 ὅπως
850 1414 918 1467 τά
944 1414 1070 1486 ἑξῆς
1100 1415 1369 1486 εἰρημένα
1403 1414 1544 1468 κατὰ
1573 1413 1670 1484 τὴν
1695 1412 1843 1478 λέξιν

240 1506 559 1579 ἐπληροῦτο
583 1524 596 1537 ·
643 1508 704 1561 οὐ
735 1507 843 1576 γὰρ
880 1507 1150 1578 μέμνηται
1177 1509 1205 1559 ὁ
1233 1496 1511 1568 Μωῦσέως
1551 1505 1734 1576 νόμος,
1767 1505 1844 1569 ὼς

243 1599 478 1667 νεφέλαι
509 1600 651 1662 τινὲς
686 1598 826 1652 κατὰ
864 1599 956 1651 τὸν
991 1599 1180 1671 καιρὸν
1233 1599 1438 1652 ἐκεῖνον
1489 1597 1671 1669 φωνὴν
1717 1597 1844 1651 ἔδω⁹

249 1706 359 1742 καν
396 1689 746 1761 σωματικῶς,
779 1689 900 1743 οὐδὲ
931 1689 1008 1751 ὡς
1051 1689 1178 1760 βέλη
1219 1688 1452 1760 αἰσθητὰ
1477 1688 1840 1760 διεπορεύετο,

247 1779 486 1856 οὐδὲ-ὼς
513 1781 610 1854 ὅλῃ
638 1779 932 1852 οἰκουμένῃ
980 1779 1182 1848 ἐφαναν
1226 1779 1282 1831 αἱ
1326 1778 1606 1850 ἀστραπαὶ
1651 1778 1840 1841 αὐτοῦ,

1944 594 1995 638 et
2021 585 2225 639 Aaron.
2257 583 2414 638 Alius
2444 597 2560 637 uec
2585 581 2771 636 omnia
2825 579 2891 634 ad
2935 579 3144 634 exitum
3174 592 3240 632 ex
3284 576 3522 648 Egypto

1945 674 2163 737 referet,
2205 674 2460 743 dicetque
2501 672 2616 727 hac
2673 671 2864 733 verba,
2928 668 3186 722 Viderunt
3252 675 3300 720 te
3347 681 3522 736 aqute,

1945 765 2109 830 Deus,
2144 766 2386 820 uiderunt
2440 772 2490 818 te
2530 778 2699 833 aquae,
2731 772 2781 816 et
2810 762 3118 826 timuerunt,
3145 757 3374 811 turbatae
3401 765 3524 810 sunt

1945 859 2149 930 abyssi,
2201 855 2489 911 multitudo
2539 855 2744 910 sonitus
2795 868 3076 924 aquarum,
3119 858 3252 904 tunc
3302 849 3524 918 impleta

1944 949 2118 1007 fuisse
2151 969 2165 1004 :
2191 955 2472 1018 totamque
2495 947 2801 1002 clausulam
2822 943 2890 998 ad
2922 944 3073 997 illam
3105 942 3391 995 historiam
3438 955 3526 994 re~

1945 1046 2140 1111 ducet;
2170 1059 2272 1114 ego
2295 1059 2423 1098 vero
2453 1056 2578 1097 eum
2602 1035 3303 1108 nusquam'dcprehendam
3325 1049 3386 1088 ea
3405 1048 3527 1103 quas

1946 1147 2254 1211 sequuntur
2277 1136 2343 1191 ad
2372 1136 2609 1190 litteram
2645 1140 2797 1204 gesta
2827 1130 3029 1196 fuisse;
3077 1127 3277 1198 Moysis
3322 1127 3528 1196 quippe

1945 1230 2030 1286 lex
2060 1244 2168 1283 non
2201 1225 2469 1290 meminit,
2505 1225 2679 1278 nubes
2715 1221 2979 1292 quasdam
3009 1220 3102 1273 illo
3133 1227 3378 1287 tempore
3405 1231 3521 1268 cor-

1946 1337 2116 1394 poreo
2151 1335 2304 1374 more
2337 1333 2525 1374 vocem
2557 1316 2796 1377 dedisse,
2825 1328 3003 1382 neque
3038 1311 3269 1366 sensiles
3294 1309 3528 1378 sagittas

1946 1413 2257 1476 transiisse,
2285 1427 2460 1481 neque
2490 1425 2586 1479 per
2618 1417 2790 1460 totum
2826 1407 3015 1460 orbem
3053 1404 3267 1474 fulgura
3310 1401 3431 1470 ejus
3462 1402 3529 1454 il-

1946 1506 2173 1568 luxisse,
2205 1520 2316 1576 quo
2345 1511 2591 1572 tempore
2651 1500 2728 1553 illi
2779 1500 2832 1552 in
2888 1497 3107 1552 deserto
3160 1503 3336 1558 erant,
3377 1509 3528 1559 eam,

1943 1615 2065 1671 qua:
2092 1599 2225 1653 mihi
2263 1604 2376 1650 tum
2411 1593 2789 1654 succurrebat,
2833 1590 2900 1643 ad
2940 1588 3156 1659 singula
3185 1589 3303 1641 loca
3357 1587 3530 1640 inter-

1943 1691 2301 1764 pretationem
2327 1685 2534 1741 addidi.
2581 1685 2756 1750 Quam
2794 1696 2926 1736 vero
2957 1696 3022 1736 ex
3069 1680 3156 1734 his
3194 1679 3530 1747 interpreta-

1946 1784 2154 1838 tionem
2195 1777 2446 1851 amplecti
2486 1775 2701 1838 debeat,
2752 1789 2817 1828 ex
2862 1771 3087 1842 proprio
3115 1769 3328 1842 judicio
3357 1769 3530 1824 lector

244 1869 378 1923 καθ’
405 1871 462 1924 ὃν
493 1872 682 1943 χρόνον
713 1867 852 1942 ἦσαν
888 1873 945 1922 ὲν
975 1872 1039 1941 τῇ
1068 1869 1260 1940 ἐρήμῳ
1282 1909 1296 1933 ,
1329 1867 1426 1939 τὴν
1459 1869 1840 1923 ὑποπεσοῦσαν

1951 1873 2228 1944 intelliget.

247 1964 339 2025 εἰς
376 1963 502 2025 τοὺς
533 1942 748 2024 τόπους
788 1960 1084 2032 ἑρμηνείαν
1132 1958 1467 2033 παρεθέμην.
1525 1959 1743 2013 ὐποίαν
1779 1959 1835 2012 δὲ
1873 1963 1978 2036 χρὴ
2007 1942 2462 2034 τῶνείρημένων
2512 1953 2747 2026 ὲκδοχῶν
2786 1952 3058 2026 αἱρεῖσθαι
3088 1950 3208 2023 θείᾳ
3237 1949 3312 2021 (1)
3353 1942 3531 2019 κρίιιει

229 2053 282 2104 τὸ
313 2050 660 2122 ἐντυγχάνων
692 2052 918 2104 εἴσεται.

431 2201 433 2204 .
641 2146 1004 2200 ΣΥΝΕΣΕΩΣ
1033 2143 1120 2215 Tt)
1152 2145 1346 2198 ΑΣΑΦ.
1382 2145 1499 2198 OZ'.

326 2245 688 2309 Προσέχετε,
714 2241 865 2306 λαός
889 2257 1029 2308 μου,
1061 2237 1169 2291 τὸν
1192 2237 1382 2307 νόμον
1407 2253 1526 2307 μου
1551 2253 1565 2266 ·
1600 2237 1846 2290 κλινατε

241 2331 325 2386 τὸ
371 2326 482 2397 οὖς
511 2329 682 2400 ὑμῶν
709 2332 795 2395 εἰς
828 2334 902 2382 τὰ
924 2327 1166 2397 ῥήματα
1211 2327 1318 2381 τοῦ
1365 2328 1663 2396 στόματός
1699 2345 1840 2396 μου.

245 2421 746 2495 ΠαρορμιῖΝήμᾶς
774 2424 802 2474 ὁ
827 2420 983 2489 λόγος
1011 2421 1104 2473 ἐπὶ
1145 2419 1244 2490 τὴν
1280 2417 1491 2472 σύνεσιν
1531 2417 1641 2470 τῶν
1677 2419 1845 2488 ἐμφε-

243 2515 524 2586 ρομένων,
560 2512 872 2577 Συνέσεως
896 2511 995 2582 τὴν
1023 2509 1337 2583 ἐπιγραφὴν
1364 2509 1684 2580 ἐποιήσατο·
1711 2507 1845 2562 ταύ-

249 2624 358 2679 της
383 2605 493 2678 γὰρ
513 2603 742 2675 δεόμεθα
768 2605 848 2666 εἰς
877 2601 1049 2674 θήραν
1068 2603 1167 2674 τῆς
1195 2602 1565 2673 προκειμένης
1586 2601 1846 2666 διανοίας.

253 2697 484 2770 Πρῶτον
546 2697 643 2768 μὲν
688 2691 781 2750 οὖν
841 2695 1126 2766 ζητήσειεν
1178 2694 1242 2748 ἄν
1285 2711 1368 2758 τις
1402 2693 1658 2763 εὐλόγως,
1705 2694 1850 2757 τίνος

254 2791 552 2863 πρόσωπον
582 2787 844 2859 τυγχάνει
879 2787 941 2839 τὸ
974 2787 1182 2855 φάσκον
1214 2789 1271 2840 ὲν
1300 2787 1465 2856 ἀρχῇ,
1492 2783 1848 2854 Προσέχετε,

249 2883 410 2946 λαός
430 2899 569 2951 μου,
601 2881 708 2934 τὸν
744 2881 933 2948 νόμον
959 2897 1078 2949 μου
1106 2896 1119 2909 ·
1164 2879 1410 2933 κλίνατε
1437 2877 1503 2930 τὸ
1548 2872 1658 2944 οὖς
1681 2875 1851 2945 ὑμῶν

245 2976 351 3038 ἐὶς
382 2976 452 3026 τὰ
489 2973 730 3042 ῥήματα
773 2972 879 3025 τοῦ
928 2971 1222 3040 στόματός
1257 2989 1397 3039 μου.
1452 2967 1588 3022 Οὔτε
1629 2968 1736 3040 γάρ
1768 2967 1846 3038 τῷ

269 3064 447 3135 Ἀσὰφ
491 3065 614 3118 οὔτε
665 3063 744 3135 τῷ
783 3063 945 3117 Δαυῒδ
981 3062 1210 3134 ἁρμόζει
1261 3061 1432 3115 ταῦτα
1475 3061 1686 3129 λέγειν’
1724 3061 1848 3114 ἐπεὶ

2193 2135 2678 2194 INTELLECTUS
2731 2133 2976 2189 ASAPH.
3017 2130 3256 2185 LXXVII

2023 2232 2311 2296 Attendite,
2346 2229 2535 2300 popule
2592 2242 2758 2291 meus,
2807 2225 2974 2294 legem
3009 2241 3180 2279 meam
3221 2239 3239 2276 :
3281 2222 3534 2278 ine.inate

1952 2343 2133 2381 aurem
2162 2335 2391 2380 uestram
2418 2324 2473 2376 in
2507 2320 2663 2375 verba
2696 2319 2806 2372 oris
2841 2318 2961 2370 mei.
2988 2315 3124 2372 Cum
3151 2314 3218 2368 ad
3257 2313 3532 2368 dictorum

1950 2416 2373 2486 intelligentiam
2402 2427 2504 2468 nos
2554 2424 2736 2466 sermo
2783 2414 3062 2477 provocet,
3125 2404 3429 2459 Intellectus
3475 2404 3535 2459 in

1950 2509 2110 2564 titulo
2147 2506 2363 2572 t‘ertur;
2403 2519 2470 2560 eo
2495 2503 2695 2572 quippe
2725 2500 3037 2570 indigemus
3069 2495 3135 2552 ad
3167 2497 3288 2566 ejus
3311 2504 3536 2551 semen.

1955 2598 2568 2670 tiaminvestigandam.
2617 2596 2683 2650 Et
2729 2595 2906 2666 primo
2958 2590 3178 2663 quidem
3231 2598 3538 2660 opportune

1957 2703 2254 2766 quaeratur,
2286 2709 2408 2763 quae
2432 2706 2666 2762 persona
2708 2690 2825 2744 haec
2857 2686 3017 2741 initio
3047 2685 3220 2748 dicat,
3252 2683 3532 2746 attendite,

1957 2784 2146 2854 popule
2171 2799 2337 2846 meus,
2372 2781 2534 2851 legem
2564 2795 2771 2842 meam;
2823 2777 3076 2831 inclinate
3098 2790 3280 2828 aurem
3305 2783 3535 2827 uestram

1955 2878 2011 2929 in
2040 2875 2197 2930 verba
2245 2875 2354 2927 oris
2415 2873 2536 2926 mei.
2585 2870 2710 2924 Non
2761 2869 2906 2925 enim
2959 2865 3151 2920 Davidi
3195 2864 3280 2919 vel
3314 2864 3535 2933 Asaplio

1954 2968 2070 3021 haec
2100 2968 2282 3021 dicere
2309 2966 2599 3019 conveniat
2634 2982 2647 3017 :
2685 2961 2762 3016 illi
2797 2961 2997 3031 quippe
3040 2957 3385 3028 legislatores
3418 2969 3533 3009 non

1957 3059 2135 3124 luere;
2171 3073 2349 3128 neque
2390 3056 2551 3120 illud,
2602 3056 2799 3108 Aurem
2843 3059 3066 3106 vestram
3117 3050 3172 3103 in
3225 3045 3381 3102 verba
3424 3047 3534 3100 oris

257 3157 344 3228 μὴ
377 3156 664 3228 νομοθέται
698 3156 987 3224 γεγόνασιν
1028 3145 1174 3207 οὗτοι
1195 3169 1208 3183 '
1254 3152 1377 3206 οὔτε
1418 3152 1501 3216 τὸ,
1537 3147 1656 3218 Οὗς
1684 3150 1847 3221 ὑμῶν

1956 3150 2078 3212 mei,
2123 3149 2205 3202 vel
2251 3145 2507 3201 Davidem
2541 3144 2624 3199 vel
2651 3143 2933 3213 Asaphum
2990 3139 3175 3194 dicere
3226 3150 3325 3207 par
3371 3142 3534 3190 erat:

249 3224 354 3316 εἰς
381 3224 453 3303 τά
471 3248 712 3319 ¹ῥήματα
753 3247 865 3300 τοῦ
910 3246 1208 3315 στόματός
1246 3261 1389 3314 μου,
1422 3243 1628 3315 ἔπρεπε
1679 3242 1847 3311 λέγειν

1959 3254 2134 3310 neque
2175 3239 2322 3293 enim
2349 3236 2574 3308 prapria
2610 3234 2776 3290 verba
2811 3231 3199 3303 proferebant,
3237 3225 3330 3282 sed
3366 3224 3536 3280 divini

248 3341 384 3413 ἦτοι
417 3315 507 3392 τὸν
551 3315 746 3408 ίΑσὰφ,
787 3338 819 3408 ἢ
846 3337 938 3389 τὸν
964 3335 1158 3389 Δαυῖδ·
1191 3335 1251 3387 οὐ
1285 3333 1392 3402 γὰρ
1428 3335 1600 3386 οἰκεῖα
1633 3334 1847 3403 ῥήματα

1958 3330 2196 3402 Spiritus
2246 3327 2516 3383 voluntati
2575 3323 2990 3379 ministrabant.
3041 3318 3168 3374 ldeo
3227 3315 3536 3372 Intellectus

251 3433 624 3504 προσέφερον,
655 3434 721 3503 τῇ
764 3430 820 3483 δὲ
861 3429 954 3482 τοῦ
1005 3429 1150 3482 θείου
1185 3426 1500 3498 Πνεύματος
1532 3425 1692 3497 βουλῇ
1737 3426 1854 3496 διη-

250 3525 539 3579 κονοῦντο.
567 3523 657 3576 Διὸ
684 3519 997 3585 συνέσεως
1027 3518 1451 3590 ἐπιγέγραπται,
1480 3516 1555 3580 ὡς
1601 3516 1667 3569 ἂν
1724 3532 1852 3568 συν-

254 3617 418 3687 ῶμεν
449 3616 534 3679 τίς
559 3615 616 3668 τέ
652 3613 851 3668 ἐστινιὸ
885 3610 1058 3665 ταῦτα
1079 3610 1274 3680 λέγων,
1310 3609 1404 3661 καὶ
1434 3609 1516 3671 τίς
1536 3609 1564 3660 ὁ
1592 3607 1718 3671 λαὸς
1751 3608 1852 3661 αὐ-

250 3706 382 3771 τοῦ,
411 3706 504 3759 καί⁸
538 3706 621 3768 τίς
664 3707 691 3758 ό
721 3704 917 3775 νόμος·
952 3703 1139 3774 ἕτερος
1179 3699 1288 3771 γὰρ
1313 3700 1488 3753 ἔοικεν
1526 3695 1666 3752 εἶναι
1701 3698 1853 3770 παρὰ

253 3799 358 3852 τὸν
393 3797 693 3858 Μωῦσέως.
728 3794 915 3849 Ταῦτα
941 3795 986 3848 δ’
1021 3792 1297 3846 ὲπιλύεται
1320 3791 1382 3844 τὸ
1407 3790 1759 3859 Εὐαγγέλιον,
1795 3792 1853 3843 ὲν

260 3887 314 3961 ᾧ
346 3891 587 3962 εἴρηται·
638 3891 833 3945 Ταῦτα
878 3889 1077 3943 πάντα
1115 3887 1423 3953 ἐλάλησεν
1456 3887 1488 3938 d
1525 3883 1757 3952 Ἰησοῦς
1784 3884 1854 3937 ἐν

250 3983 632 4052 παραϐολαῖς
687 3983 810 4049 τοῖς
844 3982 1072 4052 ὄχλοις,
1127 3980 1224 4034 καί
1279 3978 1458 4047 χωρὶς
1505 3975 1854 4044 παραϐολῆς

256 4079 380 4131 οὐκ
413 4075 616 4129 ἐλάλει
643 4074 849 4141 αὐτοῖς
871 4090 884 4102 ⁸
918 4074 1078 4139 ὅπως
1116 4069 1401 4139 πληρωθῇ
1431 4070 1498 4123 τὸ
1533 4068 1726 4137 ῥηθὲν
1755 4067 1854 4122 διὰ

254 4169 374 4225 τοῦ
399 4167 712 4237 προφήτου
753 4156 1074 4237 λέγοντος·
1120 4162 1355 4227 Ἀνοίξω
1386 4164 1456 4215 ἐν
1487 4161 1855 4228 παραϐολαῖς

255 4262 332 4317 τὸ
361 4264 555 4331 στόμα
577 4277 696 4330 μου
721 4277 735 4290 ·
763 4257 1081 4327 ἐρεύξομαι
1111 4254 1489 4323 κεκρυμμένα
1517 4251 1638 4306 ἀπὸ
1676 4267 1856 4304 natav-

257 4352 470 4422 ϐολῆς.
505 4354 601 4407 Διὰ
631 4352 784 4405 ποίου
812 4351 876 4404 δὲ
919 4350 1198 4422 προφήτου
1243 4346 1415 4400 ταῦτα
1457 4347 1642 4417 εἴρητο
1687 4344 1720 4415 ἤ
1765 4343 1853 4396 διὰ

258 4449 361 4504 τοῦ
425 4447 786 4521 προκειμένου
845 4445 1053 4514 ’Δσάφ;
1107 4445 1171 4495 Ὃ
1236 4442 1308 4513 μὴ
1368 4439 1639 4501 συνιέντες
1685 4438 1850 4501 τινὲς,

258 4541 613 4614 προσέθηκαν
654 4541 712 4593 ὲν
750 4539 828 4610 τῷ
861 4535 1180 4607 Εὑαγγελίῳ
1210 4535 1292 4594 τὸ,
1334 4532 1432 4586 διὰ
1469 4532 1707 4586 Ἡσαΐου
1740 4529 1848 4583 τοῦ

258 4632 610 4702 προφήτουο
669 4633 728 4683 ἐν
779 4629 835 4683 δέ
885 4647 949 4699 γε
1002 4631 1115 4692 τοῖς
1152 4625 1439 4699 ἀκριϐέσιν
1495 4622 1852 4694 ἀντιγράφοις

258 4727 394 4782 ἄνευ
417 4728 518 4797 τῆς
546 4723 862 4795 προσθήκης
897 4721 997 4791 τῆς
1035 4719 1132 4773 διὰ
1168 4719 1430 4781 Ἡσαΐου,
1459 4715 1645 4778 ἁπλῶς
1676 4713 1850 4776 οὕτως

260 4819 511 4889 εἴρηται·
551 4819 744 4881 Ὅπως
773 4811 1061 4882 πληρωθῇ
1085 4810 1154 4865 τὸ
1193 4807 1384 4878 ῥηθὲν
1427 4807 1525 4862 διὰ
1562 4805 1669 4860 τοῦ
1711 4821 1852 4872 προ-

261 4910 462 4980 φήτου
483 4908 768 4978 λέγοντος
784 4925 797 4937 ·
834 4904 1071 4968 Ἀνοίξω
1090 4905 1159 4956 ἐν
1180 4900 1546 4970 παραϐολαῖς
1565 4898 1632 4952 τὸ
1658 4898 1853 4967 στόμα

255 5020 416 5074 μου·
467 5000 781 5070 ἐρεύξομαι
838 4994 1220 5066 κεκρυμμένα
1255 4994 1374 5049 ἀπὸ
1426 4990 1784 5058 καταϐολῆς,
1815 4989 1851 5043 ἆ

260 5096 329 5167 δὴ
362 5095 586 5167 φέρεται
618 5096 676 5146 ὲν
704 5094 816 5155 τοῖς
859 5088 1264 5163 προκειμένοις,
1301 5088 1361 5140 οὐ
1411 5085 1515 5158 μὴν
1561 5085 1619 5135 ὲν
1650 5085 1717 5154 τῇ
1750 5080 1845 5134 τοῦ

273 5186 501 5238 Ἡσαΐου
559 5179 884 5254 προφητείᾳ.
945 5175 1154 5231 Οὐκοῦν
1215 5176 1279 5229 ὲκ
1333 5177 1432 5246 τῆς
1488 5171 1848 5242 εὐαγγελικῆς

260 5277 625 5350 παραθέσεως
669 5276 698 5327 ὁ
734 5272 926 5344 Σωτὴρ
959 5271 1025 5324 ἂν
1070 5271 1174 5340 εἴη,
1213 5269 1306 5321 καὶ
1351 5267 1471 5320 οὐδὲ
1507 5265 1684 5329 ἄλλος,
1715 5267 1743 5318 ὁ
1789 5263 1849 5328 ἐξ

259 5367 470 5423 οἰκείου
533 5361 824 5440 προσώπου
879 5360 1104 5429 φάσκων
1156 5359 1248 5410 ἐπὶ
1297 5357 1390 5410 τοῦ
1445 5355 1712 5428 παρόντος
1752 5354 1846 5406 τό·

263 5457 626 5526 Προσέχετε,
673 5454 824 5518 λαός
864 5469 1003 5520 μου,
1053 5449 1160 5503 τὸν
1209 5450 1398 5518 νόμον
1443 5465 1581 5517 μου.
1629 5447 1745 5498 Ἵνα
1793 5445 1851 5498 δὲ

263 5550 518 5618 συνῶμεν
564 5546 745 5610 αὑτὸν,
787 5541 1096 5607 συνέσεως
1139 5541 1239 5611 τὴν
1293 5540 1619 5612 προγραφὴν
1659 5539 1848 5608 ἐποιή-

261 5657 432 5695 σατοο
463 5641 539 5703 ὡς
571 5639 707 5710 μήτε
738 5633 954 5706 ψαλμὸν
990 5636 1122 5706 μήτε
1163 5633 1309 5705 ᾠδὴν
1345 5633 1482 5706 μήτε
1527 5649 1580 5686 τι
1612 5629 1850 5687 τοιοῦτον

339 5760 386 5791 ’⁸
424 5757 613 5812 Matth.
651 5771 748 5810 xm
773 5796 796 5812 .
820 5754 914 5816 54,
953 5754 1046 5821 ᾆξ’»,

343 5853 423 5926 (1)
461 5848 646 5913 Forte,
677 5848 872 5918 οἰκεία.

1955 3423 2296 3485 inscribitur,
2356 3427 2416 3474 ut
2450 3418 2824 3488 intelligamus
2867 3417 2992 3486 quis
3025 3411 3142 3466 haec
3192 3410 3362 3472 dicat,
3408 3407 3536 3478 quis

1955 3515 2191 3582 p0pulus
2242 3511 2386 3580 ejus,
2427 3526 2552 3580 quae
2607 3509 2725 3575 lex;
2784 3521 2911 3560 nam
2960 3503 3180 3558 videtur
3217 3500 3323 3554 alia
3353 3514 3385 3552 a
3421 3500 3537 3568 lege

1955 3605 2156 3678 Moysis
2189 3620 2334 3659 esse.
2379 3603 2504 3657 Haec
2534 3616 2702 3672 porro
2725 3598 2889 3654 solvit
2922 3592 3278 3664 Evangelium
3306 3591 3373 3653 ⁸⁸,
3406 3604 3535 3643 cum

1951 3675 2072 3750 ait’:
2117 3696 2246 3748 Ηαό
2278 3694 2458 3748 omnia
2497 3691 2704 3745 locutus
2740 3699 2821 3743 est
2850 3685 3010 3740 Jesns
3051 3685 3105 3736 in
3153 3679 3424 3750 parabolis
3465 3675 3534 3730 ad

1955 3787 2160 3851 turbas,
2195 3797 2246 3842 et
2267 3788 2379 3840 sine
2403 3783 2665 3854 parabole
2697 3797 2802 3835 non
2849 3775 3161 3848 loquebatur
3182 3775 3289 3836 eis;
3319 3780 3377 3824 ut
3430 3771 3534 3822 im-

1952 3879 2184 3947 pleretur
2217 3876 2354 3948 quod
2377 3877 2575 3929 dictum
2604 3881 2720 3927 erat
2764 3887 2856 3936 per
2898 3868 3206 3939 prophetam
3251 3863 3530 3917 dicentem.

1951 3973 2203 4040 Aperiam
2246 3972 2299 4025 in
2326 3966 2599 4040 parabolis
2634 3982 2691 4019 os
2723 3977 2914 4024 meum,
2945 3957 3194 4013 eructabo
3224 3954 3536 4008 abscondita

1954 4081 1986 4117 a
2045 4063 2440 4117 constitutione.
2497 4057 2602 4111 Per
2650 4071 2814 4126 quem
2861 4050 3183 4122 prophetam
3227 4046 3341 4100 haec
3389 4043 3536 4098 dicta

1953 4161 2106 4217 sunt,
2139 4153 2244 4206 nisi
2277 4166 2375 4222 per
2404 4151 2552 4203 hunc
2590 4142 2910 4214 Asaphum?
2967 4137 3125 4206 Quod
3183 4151 3301 4197 non.
3332 4132 3536 4188 intelli-

1953 4253 2146 4316 gentes
2193 4242 2417 4314 quidam
2454 4238 2777 4308 adjecerunt
2819 4230 3134 4301 Evangelia,
3185 4242 3277 4296 per
3327 4223 3536 4278 Isaiam

1948 4314 2260 4408 prophetam
2319 4350 2337 4388 :
2390 4330 2486 4388 sed
2543 4330 2596 4383 in
2631 4324 2908 4382 accuratis
2941 4318 3371 4390 exemplaribus,
3413 4314 3538 4370 sine

1952 4406 2324 4484 additamenta
2363 4426 2481 4488 illo,
2513 4437 2605 4492 per
2657 4418 2886 4481 Isaiam,
2925 4415 3000 4469 ita
3031 4408 3357 4481 simpliciter
3389 4406 3531 4460 dici-

1951 4531 2064 4586 tur,
2093 4532 2151 4576 ut
2176 4520 2483 4589 impleretur
2513 4513 2651 4586 quod
2683 4511 2886 4564 dictum
2917 4513 3035 4560 erat
3080 4518 3172 4570 per
3226 4499 3535 4589 prophetam

1883 4609 1928 4663 D
1955 4588 2524 4679 dicentem,iAperiam
2556 4607 2612 4659 in
2641 4599 2918 4673 parabolis
2954 4614 3011 4650 os
3054 4609 3248 4656 meum,
3284 4588 3534 4644 eructabo

1958 4706 2272 4764 abscondita
2301 4720 2334 4757 a
2365 4697 2762 4759 constitutione,
2797 4705 2920 4762 quae
2952 4687 3044 4742 hic
3074 4684 3371 4746 habentur,
3423 4696 3535 4734 non

1955 4812 2137 4856 autem
2164 4797 2220 4852 in
2257 4792 2547 4866 prophetia
2581 4788 2758 4844 Isaiae.
2794 4783 2874 4837 Ex
2906 4777 3224 4848 evangelica
3259 4775 3427 4844 igitur
3461 4779 3537 4826 te-

1955 4889 2215 4948 stimonio
2237 4861 2496 4941 servator
2519 4889 2574 4936 et
2603 4893 2714 4932 non
2732 4875 2874 4930 alius
2905 4870 3090 4935 fuerit,
3109 4865 3202 4938 qui
3220 4881 3287 4921 ex
3315 4861 3536 4934 propria

1954 4995 2187 5054 persona
2209 4978 2263 5032 in
2281 4972 2539 5047 praesenti
2559 4969 2716 5033 dicit,
2741 4961 3030 5025 Attendite,
3053 4957 3242 5028 popule
3265 4969 3433 5018 meus,
3459 4951 3538 5054 le-

1953 5043 2067 5146 pem
2088 5043 2298 5127 meam;
2309 5067 2373 5124 Ut
2395 5073 2576 5120 autem
2596 5059 2968 5130 intelligamus
2989 5054 3164 5124 ipsam
3183 5063 3326 5110 esse,
3343 5043 3537 5100 inscri-

1954 5139 2194 5240 ptionem
2215 5161 2546 5218 Intellectus.
2564 5154 2777 5228 posuit;
2798 5151 2874 5204 ita
2891 5157 2952 5201 ut
2969 5158 3147 5215 neque
3159 5139 3424 5240 psalmus,
3438 5151 3536 5190 ne-

1955 5229 2062 5328 que
2090 5255 2390 5316 canticum,
2422 5261 2598 5318 neque
2621 5241 2754 5315 quid
2787 5238 2964 5295 simile
2993 5234 3110 5289 haec
3148 5229 3536 5286 existimentur

1956 5315 2110 5412 esse,
2145 5347 2240 5405 sed
2273 5315 2480 5401 Christi
2512 5315 2580 5394 ad
2618 5333 2884 5408 populum
2935 5341 3119 5389 suum,
3146 5323 3263 5378 sive
3304 5317 3375 5412 ad

1959 5407 2178 5496 clesiam
2227 5451 2382 5493 suam
2444 5407 2778 5489 doctrinam,
2814 5437 2922 5494 qua
2979 5419 3048 5474 de
3103 5411 3317 5470 Iudaici
3347 5407 3533 5480 pepuli

1958 5532 2258 5591 sceleribus
2291 5528 2456 5583 verba
2491 5522 2643 5579 facit.
2695 5516 2966 5588 Populum
3002 5522 3170 5582 porro
3196 5504 3317 5574 ejus
3365 5499 3533 5553 alium

1957 5641 2078 5682 esse
2124 5623 2192 5680 ab
2224 5637 2289 5678 eo
2317 5620 2410 5692 qui
2444 5619 2499 5673 in
2529 5609 2886 5687 sequentibus
2917 5606 3212 5660 accusatur
3236 5591 3536 5662 intelliges.
