4004 6542
278 322 378 378 9θὸ

273 550 461 605 gyrum
501 533 569 598 ἐξ
623 533 906 604 ἀρχῆθεν,
961 535 1289 588 ἐκδέδωκεν·
1335 535 1363 586 ὁ
1404 535 1460 587 δὲ
1519 535 1829 605 Σύμμαχος,

285 626 625 680 Ἀναόλύσω
666 626 1049 696 προϐλήματα
1077 626 1311 694 ἀρχαῖα.
1341 626 1560 680 Μέλλων
1597 626 1651 679 δὲ
1681 625 1709 676 ὁ
1740 624 1833 678 τοῦ

269 716 402 769 Θεοῦ
439 717 608 784 Λόγος
631 716 727 780 τάς
773 718 1102 790 κατηγορίας
1133 717 1225 770 τοῦ
1263 719 1526 789 προτέρου
1567 715 1832 769 ποιεῖσθαι

268 808 416 870 λαοῦ,
449 809 541 862 καὶ
577 808 675 872 τὰς
718 810 899 873 αίτίας
930 810 996 862 δι’
1034 809 1099 875 ἃς
1141 809 1506 880 ἀποϐέϐληται
1541 808 1832 880 παρατίθε-

266 900 409 965 σθαι,
443 901 751 969 ἀναγκαίως
791 905 854 972 τῇ
901 901 1091 955 ἑαυτοῦ
1132 901 1426 973 Ἐκκλησία
1470 901 1834 973 παρακελεύε-

263 1009 353 1044 ται
383 992 666 1064 προσέχειν
695 996 804 1055 τοῖς
830 993 1158 1064 λεγομένοις,
1195 994 1287 1046 καὶ
1321 992 1554 1045 συνιέναι
1583 991 1681 1055 τὰς
1726 1010 1830 1046 πα-

1359 320 1858 377 COMMENTARIA
1898 321 1963 376 IN
2002 321 2338 381 PSALMOS.

275 439 554 510 ταϐολῆς·
595 443 712 496 ἀνθ’
740 439 799 498 οὗ
845 446 873 498 ὁ
921 444 1018 515 μὲν
1056 443 1302 507 Ἀκύλας,
1345 445 1636 513 Ὀμϐρήσω
1685 445 1806 498 alr!

1935 451 2108 499 cetur.
2161 444 2297 501 Cum
2356 445 2580 503 dixisset
2629 464 2642 498 :

3388 330 3503 400 90o

2694 447 2941 516 Aperiunt
2998 447 3050 500 in
3121 450 3375 515 parabola
3433 469 3491 505 os

1934 553 2126 604 meum,
2162 536 2351 606 loquar
2377 537 2757 607 propositiones
2787 537 2851 590 ab
2879 538 3048 600 initio,
3082 539 3278 606 prioris
3311 526 3504 610 populi

1933 628 2314 684 accusationes
2340 629 2550 698 adjicit.
2578 627 2842 684 Parabola
2867 630 3065 700 quippe
3095 632 3324 700 exempli
3367 632 3488 686 loco

1934 720 2102 787 utitur
2127 719 2193 773 ad
2226 727 2466 775 nostram
2520 721 2940 777 institutionem.
2987 719 3294 778 Secundum
3330 724 3488 779 aliam

1934 828 2061 867 vero
2086 814 2391 882 explicandi
2426 815 2690 868 rationem
2733 815 2821 869 hic
2865 831 3066 877 sermo,
3113 815 3237 870 ideo
3277 814 3491 872 Judaici

1932 905 2113 978 populi
2150 904 2390 960 facinora
2435 914 2736 969 enumerat.
2777 908 2903 978 quia
2948 909 3199 978 superius
3229 907 3484 964 dixerat:

1935 997 2154 1068 thuid,
2217 997 2379 1060 Deus,
2418 999 2659 1067 repulisti
2700 999 2753 1052 in
2792 1000 2970 1068 ﬁnem,
3009 1001 3178 1053 iratus
3211 1009 3288 1055 est
3339 1001 3490 1070 furor

1930 1100 2050 1144 tuus
2097 1105 2250 1159 super
2272 1107 2387 1144 oves
2429 1105 2639 1158 pascua:
2669 1100 2770 1145 tua:
2813 1091 2875 1144 ’ἲ
2909 1099 2958 1145 et
3012 1092 3211 1146 similia
3263 1108 3383 1163 qua:
3421 1092 3490 1148 de

1927 1181 2142 1236 illorum
2173 1179 2456 1235 obsidione
2482 1180 2630 1234 dicta
2668 1188 2818 1236 sunt.
2854 1179 2988 1235 Nam
3021 1182 3109 1236 hic
3137 1197 3322 1236 eorum
3355 1199 3488 1236 cau-

262 1082 513 1153 ρ-αθέσεις
556 1084 655 1156 τῆς
694 1083 802 1138 τῶν
847 1083 1090 1137 παλαιῶν
1136 1083 1485 1155 κατηγορίας,
1524 1081 1598 1146 ὼς
1643 1082 1710 1136 ἂν
1755 1084 1830 1156 μὴ

257 1176 373 1236 τοῖς
411 1175 588 1238 αὐτοῖς
617 1175 921 1246 περιπέσοι,
953 1173 1196 1246 μαθοῦσα
1221 1175 1278 1227 δὲ
1309 1175 1373 1228 ὲκ
1405 1175 1503 1245 τῆς
1533 1179 1660 1246 περὶ
1687 1174 1830 1227 ὲκεί-

258 1281 367 1317 νων
408 1265 706 1336 διηγήσεως
750 1267 930 1319 ὁποῖον
973 1267 1168 1329 αὐτοὺς
1212 1265 1477 1329 διεδέξατο
1515 1265 1683 1328 τέλος,
1729 1283 1807 1318 σω

1925 1285 2019 1325 sas
2041 1271 2234 1339 aperit.
2272 1268 2334 1321 Et
2365 1269 2489 1339 quia
2538 1269 2593 1324 in
2641 1270 2969 1341 praecedenti
3028 1271 3236 1342 psalmo
3281 1270 3487 1324 dictum

256 1356 562 1427 φρονίζοιτο
587 1359 651 1415 ἐκ
679 1357 772 1410 τοῦ
801 1355 1257 1429 παραδείγματος.
1303 1355 1484 1410 Εἰπών
1502 1374 1514 1386 ·
1545 1357 1807 1419 Διανοίξιι

1922 1371 2049 1417 est:
2105 1359 2359 1430 Nunquid
2417 1360 2471 1412 in
2526 1369 2778 1414 teternum
2832 1361 3074 1431 projiciet
3128 1362 3402 1420 Dominus.
3429 1373 3477 1416 et

255 1447 328 1506 ἐν
358 1448 666 1517 παραϐολῇ
701 1449 765 1502 τὸ
811 1450 1001 1518 στόμα
1041 1467 1175 1517 μου,
1213 1447 1533 1519 φθέγξομαι
1568 1447 1807 1516 προϐλή-

1925 1469 2027 1507 non
2056 1461 2275 1521 apponet
2312 1461 2368 1504 ut
2401 1453 2720 1522 complaceat
2762 1453 2972 1510 adhuc?
2996 1464 3086 1508 aut
3118 1455 3171 1508 in
3199 1457 3354 1524 ﬁnem
3382 1457 3486 1508 mi—

251 1555 411 1606 ματα
439 1539 537 1610 ἀπ’
585 1539 796 1608 ἀρχῆς,
829 1541 1076 1610 ἐπιφέρει
1114 1541 1210 1595 τὰς
1255 1539 1347 1592 τοῦ
1389 1540 1651 1612 προτέρου
1693 1535 1807 1594 λαοῐ

1921 1539 2267 1596 sericordiam
2296 1557 2447 1595 suam
2487 1542 2778 1605 abscindet,
2809 1561 2841 1596 a
2881 1545 3214 1616 generatione
3246 1545 3297 1597 in
3330 1561 3484 1615 gene-

255 1631 606 1700 κατηγορίας.
655 1631 936 1702 Παραϐολῇ
977 1631 1084 1702 γὰρ
1137 1631 1362 1694 ἐκείνοις
1405 1630 1666 1701 κέχρηται
1701 1632 1807 1684 ἀντῚ

1919 1633 2218 1688 rationem?
2259 1643 2350 1686 aut
2395 1632 2726 1702 obliviscetur
2769 1635 3005 1688 misereri
3051 1634 3212 1697 Deus,
3241 1646 3332 1687 aut
3367 1651 3488 1688 con—
3527 1666 3529 1668 -

257 1721 650 1792 ὑποδείγματας
687 1725 765 1786 εἰς
791 1723 1060 1794 ἡμετέραν
1096 1722 1392 1776 νουθεσίαν.
1419 1723 1527 1776 Καὶ
1553 1721 1673 1775 καθ’
1707 1723 1807 1775 ἑτέ-

1922 1723 2103 1777 tinebit
2134 1725 2186 1777 in
2214 1725 2295 1778 ira
2325 1740 2420 1782 sua
2445 1724 2833 1778 misericordias
2861 1742 2986 1779 suas
3004 1729 3030 1778 7
3061 1725 3184 1796 jure
3206 1733 3328 1795 post
3369 1725 3484 1779 huic

257 1833 356 1884 ραν
381 1815 434 1866 δὲ
479 1815 713 1868 διάνοιαν
751 1819 779 1868 ὁ
810 1815 996 1886 παρὼν
1029 1815 1182 1884 λόγος
1219 1815 1318 1880 τὰς
1361 1815 1698 1887 παρανομίας
1727 1815 1807 1870 τοῐ

1925 1817 2206 1886 preposita
2262 1815 2447 1879 dubia,
2509 1832 2705 1872 causas
2746 1827 2993 1872 recenset
3051 1834 3149 1871 cur
3196 1816 3480 1870 Iudaicam

265 1907 532 1959 Ἰουδαίων
579 1906 762 1969 ἔθνους
813 1907 1369 1978 συγκαταριθμεῖται,
1420 1907 1713 1980 ἐπειδήπερ
1765 1909 1807 1959 ὲκ

1924 1913 2134 1976 gentem
2160 1906 2238 1960 ira
2266 1907 2318 1961 in
2351 1907 2507 1962 linem
2544 1909 2821 1964 invaserit.
2863 1909 3090 1978 Ipseque
3120 1907 3376 1963 Servator
3418 1908 3473 1961 in

249 2001 362 2060 τοῖς
396 1997 699 2068 ἔμπροσθεν
742 1997 983 2066 ἐλέγετο·
1027 2000 1148 2051 Ἵνα
1196 1999 1272 2065 τί,
1324 2002 1356 2052 d
1393 1997 1554 2063 Θεὸς,
1604 1996 1807 2052 ἀπώσει

1923 1999 2253 2070 Evangeliis,
2309 2000 2578 2055 similibus
2642 2017 2738 2055 eos
2802 2000 2960 2056 dictis
3019 2001 3476 2070 alloquebatur“:

246 2090 337 2153 τίς
364 2089 557 2154 τέλος,
591 2089 848 2158 ὠργίσθη
878 2093 910 2142 ό
936 2091 1118 2160 θυμός
1147 2105 1262 2148 σου
1304 2089 1400 2141 ἐπὶ
1434 2091 1695 2159 πρόϐατα
1723 2107 1807 2142 νο-

1923 2089 2135 2155 Quoties
2159 2090 2298 2143 volui
2348 2107 2659 2162 congregare
2687 2092 2826 2160 ﬁlios
2859 2102 2998 2154 tuos,
3043 2089 3482 2161 quemadmodum

240 2179 370 2248 μῆς
397 2195 512 2237 σου
535 2197 553 2243 ;
583 2183 677 2234 καὶ
708 2183 806 2234 ὅσα
834 2181 968 2236 ἄλλα
1007 2183 1132 2253 περὶ
1165 2184 1262 2253 τῆς
1287 2181 1698 2252 καταλαϐούσης
1722 2182 1807 2234 αύ-

1917 2183 2121 2252 gallina
2150 2193 2425 2254 congregat
2456 2184 2628 2252 pullos
2663 2200 2783 2237 suos
2815 2183 2910 2238 sub
2966 2185 3104 2250 alas,
3126 2193 3175 2238 et
3199 2183 3483 2238 noluistis?

243 2271 373 2333 τοὺς
421 2271 730 2342 πολιορκίας
779 2272 1012 2341 ἐλέγετο.
1063 2273 1172 2336 Τάς
1224 2271 1332 2344 γὰρ
1385 2273 1588 2326 τούτων
1637 2274 1807 2336 αἰτίας

1919 2271 2056 2326 Ecce
2078 2273 2400 2342 relinquetur
2429 2273 2569 2327 vobis
2600 2273 2786 2327 domus
2821 2284 2993 2328 vestra
3022 2275 3250 2328 deserta.

245 2362 537 2432 παρίστησι
583 2363 672 2416 διὰ
702 2364 807 2416 τῶν
841 2365 1232 2435 προκειμένων.
1288 2365 1391 2417 Καὶ
1459 2364 1646 2434 ἐπειδὴ
1688 2367 1743 2416 ὲν
1812 2361 1888 2432 τῷ
1921 2363 2028 2436 πρὸ
2071 2363 2258 2416 τούτου
2304 2364 2515 2432 ἐλέγετο
2552 2365 2779 2436 ψαλμῷσ
2817 2365 2912 2433 ,νὴ
2958 2368 3037 2432 εἰς
3079 2367 3219 2432 τοὺς
3263 2365 3481 2432 αἰῶνας

242 2458 541 2513 ἀπώσεται
578 2460 806 2528 Κύριος,
839 2459 932 2513 καὶ
964 2461 1034 2512 οὐ
1062 2457 1391 2526 προσθήσει
1419 2459 1523 2512 τοῦ
1548 2459 1871 2526 εὐδοκιῆσαι
1901 2459 2019 2522 ἐτι;
2046 2458 2082 2528 ἢ
2109 2461 2196 2526 εὶς
2224 2459 2398 2525 τέλος
2445 2460 2512 2514 τὸ
2538 2460 2708 2526 ἕλεος
2766 2447 2949 2514 αὐτοῦ
3008 2463 3302 2529 ἀποκόψει
3358 2462 3478 2517 ἀπὸ

245 2553 454 2622 γενεᾶς
528 2557 614 2621 εἰς
655 2553 865 2623 γενεάν
881 2569 900 2616 ;
934 2553 969 2621 ἧ
1018 2554 1365 2617 ἐπιλήσεται
1447 2554 1553 2608 τοῦ
1595 2551 1959 2622 οἰκτειρῆσαι
2007 2556 2041 2608 ό
2089 2554 2253 2621 Θεὸς,
2297 2554 2334 2624 ἣ
2382 2554 2627 2620 συνέξει
2668 2557 2738 2608 ἐν
2774 2555 2847 2624 τῇ
2912 2554 3058 2625 ὀργῇ
3102 2557 3287 2611 αὐτοῦ
3337 2557 3480 2624 τοὺς

241 2645 577 2715 οἰκτιρμοὺς
604 2646 823 2709 αὑτοῦ;
853 2647 1073 2708 εἰκότως
1105 2645 1289 2716 ἐπειδὴ
1311 2645 1536 2699 τοιαῦτα
1566 2646 1927 2717 ὲπηπόρηται,
1988 2645 2089 2710 τὰς
2123 2648 2300 2711 αἰτίας
2339 2647 2431 2701 ἐπὶ
2487 2648 2581 2702 τοῦ
2615 2648 2879 2719 παρόντος
2931 2648 3220 2718 καταλέγει
3258 2649 3358 2720 τῆς
3397 2650 3479 2713 εἰς

239 2736 304 2791 τὸ
341 2737 488 2800 τέλος
525 2736 878 2809 μετελθούσης
903 2737 960 2790 τὸ
1001 2737 1264 2790 Ἰουδαίων
1294 2737 1442 2801 ἔθνος
1469 2738 1657 2810 ὀργῆς.
1691 2740 1800 2792 Καὶ
1839 2739 1999 2803 αὐτὸς
2032 2740 2089 2793 δὲ
2117 2741 2190 2812 ,ὲν
2231 2741 2576 2810 Εὑαγγελίοις
2610 2743 2636 2795 ὁ
2668 2741 2858 2812 Σωτὴρ
2906 2741 3296 2812 παραπλησίως
3365 2744 3478 2802 τοῖς

239 2828 617 2899 προκειμένοις
692 2830 826 2899 πρὸς
897 2831 1022 2892 τοὺς
1066 2829 1261 2893 αὐτοὺς
1306 2830 1620 2891 ἀπετείνετο
1665 2831 1868 2899 λέγων’
1906 2832 2168 2899 Ποσιὶκις
2192 2833 2462 2901 ἠθέλησα
2500 2832 2960 2902 ἐπισυναγαγεῖν
3008 2833 3076 2886 τὰ
3117 2834 3300 2885 τέκνα
3336 2850 3474 2894 σου,

237 2921 316 2974 ὃν
353 2923 573 2990 τρόπον
617 2923 778 2991 ὄρνις
805 2923 1153 2995 ἐπισυνάγει
1189 2924 1256 2977 τό
1291 2925 1511 2978 νοσσία
1543 2925 1660 2980 ὑπὸ
1700 2925 1802 2992 τὰς
1843 2925 2156 2996 πτέρυγας,
2184 2928 2280 2981 καὶ
2308 2931 2418 2982 οὐκ
2445 2927 2811 2996 ἠθελήσατε,
2847 2927 2986 2982 Ἰδοὺ
3047 2929 3280 2998 ἀφίεται
3333 2924 3476 2996 ὑμῖν

235 3019 272 3073 ὁ
297 3011 460 3084 οἶκος
497 3018 662 3087 ὑμῶν
687 3017 922 3088 ἕρημος.

313 3133 460 3186 Ὅσα
496 3133 843 3202 ἠκούσαμεν
868 3133 967 3189 καὶ
993 3136 1256 3204 ἔγνωμεν
1284 3135 1455 3200 αὐτὰ,
1485 3138 1580 3191 καί
1611 3140 1664 3191 ol
1692 3151 1804 3190 πα-

1987 3137 2152 3191 Vsus.
2174 3137 2226 3191 5.
2275 3135 2490 3202 Quanta
2535 3134 2829 3188 audiuimus
2859 3143 2909 3188 et
2949 3135 3285 3205 cognovimus
3308 3152 3390 3202 ea,
3420 3145 3474 3190 et
3546 3196 3550 3202 ν

233 3223 404 3291 τέρες
448 3223 615 3293 ἡμῶν
656 3224 1021 3293 διηγήσαντο
1062 3215 1224 3296 ἡμῖν.
1268 3227 1348 3280 Τά
1383 3227 1481 3298 μὲν
1521 3227 1711 3300 πρῶτα
1748 3227 1806 3294 ἐξ

233 3317 358 3379 ἑνὸς
389 3315 603 3384 ἐλέγετο
637 3317 948 3388 προσώπου,
981 3319 1120 3389 ὅπερ
1149 3319 1290 3384 τίνος
1322 3315 1390 3390 ἦν
1432 3315 1806 3374 ἀποδέδεικται

233 3409 344 3480 μὲν
394 3409 458 3460 ὲκ
488 3407 581 3460 τοῦ
625 3409 808 3462 αὑτοῦ.
857 3410 1392 3481 Συμπαραλαμδάνει
1424 3411 1479 3464 δὲ
1521 3411 1614 3464 καὶ
1645 3411 1806 3482 ἕτερα

229 3497 586 3561 ὑποκαταϐὰς
629 3497 729 3568 τῆς
766 3499 928 3552 αὑτοῦ
958 3499 1230 3571 θεότητος,
1261 3502 1356 3555 καὶ
1394 3501 1805 3573 ἀνθρωπινώτε-

229 3607 332 3660 ρον
371 3588 756 3660 φθεγγόμενος,
790 3591 866 3654 ὡς
895 3590 961 3644 ἂν
996 3593 1056 3643 ὲκ
1104 3591 1394 3663 προσώπου
1427 3586 1487 3646 οὗ
1520 3593 1807 3663 ἀνείληφεν

226 3678 521 3750 ἀνθρώπου
555 3679 647 3731 τοῦ
679 3679 967 3750 γενομένου
1008 3681 1071 3732 ὲκ
1115 3681 1426 3752 σπέρματος
1469 3679 1627 3734 Δαυῒδ
1668 3683 1808 3736 κατὰ

229 3773 448 3844 σὰρκα’
493 3765 552 3825 οὗ
589 3771 687 3843 τὴν
735 3771 945 3840 γένεσιν
998 3773 1197 3844 ἱστορεῖ
1241 3773 1302 3826 τὸ
1334 3772 1660 3841 Εὐαγγέλιον
1701 3773 1805 3842 φάο

229 3883 366 3919 σκον
394 3882 407 3892 ·
463 3865 679 3932 Βίϐλος
737 3865 1030 3936 γενέσεως
1102 3866 1304 3934 Ἰησοῦ
1353 3865 1609 3934 Χριστοῦ
1672 3865 1805 3920 υἱοῦ

226 3957 436 4020 Δαυῒδ,
480 3958 613 4013 υἱοῦ
672 3959 936 4028 Ἀϐραάμ.
991 3958 1188 4030 Διόπερ
1251 3958 1806 4030 συμπαραλαμϐἀνων

226 4053 360 4113 τοὺς
393 4049 532 4102 κατὰ
561 4049 737 4119 σάρκα
767 4051 1042 4119 ὁμογενεῖς
1085 4049 1248 4102 αὑτοῦ
1278 4049 1597 4119 γενομένους
1632 4047 1806 4118 μαθη-

229 4143 336 4203 τὰς
379 4142 472 4194 καὶ
529 4140 880 4203 ἀποστόλους,
930 4139 1300 4211 πληθυντικῶς
1353 4139 1681 4210 διεξέρχεται
1735 4139 1806 4193 τά

231 4231 375 4302 μετά
407 4233 591 4302 χεῖρας
622 4229 822 4298 λέγων’
863 4231 1008 4283 Ὅσα
1035 4231 1381 4299 ἠκούσαμεν
1418 4229 1515 4282 καὶ
1540 4231 1804 4300 ἔγνωμεν

227 4322 408 4378 αὑτά.
441 4323 565 4376 Ὅτε
595 4323 691 4394 μὲν
724 4324 831 4395 γὰρ
860 4325 950 4378 τὸν
973 4324 1098 4377 λαὸν
1125 4322 1316 4376 ἑαυτοῦ
1341 4325 1673 4388 ἀνεκαλεῖτο,
1709 4324 1802 4378 καὶ

227 4418 430 4469 οἰκεῖον
451 4415 613 4486 νόμον
633 4417 816 4480 αὐτοῖς
847 4415 1235 4486 προύϐάλλετο,
1261 4416 1490 4486 παρῄνει
1515 4432 1575 4468 τε
1603 4415 1801 4468 κλίνειν

1910 3241 2085 3297 patres
2120 3227 2287 3281 nostri
2336 3233 2683 3279 narrarerunt
2720 3223 2890 3278 nobis.
2928 3221 3116 3278 Priora
3146 3223 3362 3292 quidem
3400 3239 3469 3277 ex

1909 3320 2074 3374 unius
2099 3333 2329 3388 persona
2362 3316 2700 3387 dicebantur,
2735 3329 2980 3384 quaenam
3015 3328 3145 3368 vero
3190 3329 3253 3368 ea
3301 3322 3469 3379 esset,

1908 3431 1976 3472 ex
2003 3413 2193 3470 iisdem
2233 3412 2395 3467 dictis
2440 3411 2870 3466 demonstratum
2903 3415 3006 3464 est.
3037 3406 3154 3461 Alia
3197 3423 3326 3462 vero
3355 3407 3468 3478 jam

1909 3506 2140 3562 assumit
2186 3517 2215 3557 a
2263 3503 2463 3557 deitate
2520 3515 2643 3558 sese
2691 3499 3005 3562 demittens,
3049 3508 3096 3554 ε·
3147 3498 3468 3554 humaniore

1908 3600 2136 3667 loquens
2184 3609 2356 3658 more,
2384 3593 2541 3662 quasi
2601 3606 2668 3646 ex
2720 3605 2952 3661 persona
3000 3589 3257 3646 hominis.
3306 3605 3466 3659 quem

1911 3682 2211 3754 assumpsit
2253 3698 2317 3738 ex
2373 3684 2580 3736 semine
2632 3678 2803 3734 David
2849 3677 3149 3734 secundum
3197 3694 3464 3734 carnem:

1908 3777 2068 3846 cujus
2099 3773 2498 3845 generationem
2517 3779 2704 3826 narrat
2722 3769 3071 3842 Evangelium
3097 3769 3184 3824 his
3204 3768 3383 3824 verbis
3403 3769 3422 3800 '
3451 3784 3464 3820 :

1907 3869 2063 3923 Liber
2080 3866 2426 3938 generationis
2459 3862 2586 3918 Iesu
2612 3862 2812 3918 Christi
2830 3863 2932 3931 ﬁlii
2956 3860 3145 3928 David,
3168 3861 3268 3930 ﬁlii
3297 3859 3470 3915 Abra-

1906 3960 2050 4014 ham.
2084 3957 2454 4025 Quamobrem
2510 3953 2807 4023 assumptis
2857 3968 3041 4007 secum
3099 3951 3384 4021 discipulis
3412 3960 3468 4005 et

1907 4050 2192 4122 apostolis,
2234 4047 2326 4119 qui
2383 4045 2686 4103 secundum
2735 4059 2955 4100 carnem
3010 4043 3253 4112 ejusdem
3309 4042 3467 4112 cujus

1907 4141 2022 4212 ipse
2044 4140 2259 4211 generis
2283 4148 2460 4202 erant,
2491 4136 2771 4208 pluraliter
2804 4135 2919 4189 hazc
2951 4135 3206 4190 edisserit
3234 4135 3422 4190 dicens
3449 4153 3461 4188 :

1907 4234 2122 4302 Quanta
2153 4231 2449 4286 audiuimus
2476 4239 2524 4284 et
2548 4229 2883 4299 cognouimus
2915 4244 3000 4281 ea.
3035 4226 3312 4296 Siquidem
3339 4241 3462 4280 cum

1907 4325 2163 4397 populum
2211 4339 2368 4380 suum
2405 4321 2717 4384 advocaret,
2751 4335 2815 4374 ac
2861 4319 3135 4390 propriam
3159 4318 3261 4388 ipsi
3294 4317 3464 4387 legem

1907 4421 2254 4486 proponeret,
2306 4414 2666 4482 invitaretque
2710 4418 2770 4464 ut
2812 4409 3139 4464 inclinarent
3185 4422 3371 4460 aurem
3397 4405 3465 4458 ad

225 4510 291 4564 τὺ
319 4505 411 4572 οὖς
436 4512 547 4572 τοῖς
572 4508 731 4562 αὑτοῦ
767 4510 991 4590 ῥήμασι,
1028 4508 1124 4561 σὺν
1154 4506 1436 4579 αὑθεντείᾳ
1465 4506 1715 4578 βασιλικῇ
1744 4505 1804 4570 ἑξ

1911 4507 2071 4564 verba
2105 4521 2226 4570 sua,
2258 4505 2582 4560 auctoritate
2620 4503 2766 4574 regia
2810 4517 2878 4556 ex
2919 4501 3082 4555 unius
3115 4512 3347 4569 persona
3368 4497 3464 4550 ad-

226 4601 351 4665 ἑνὸς
378 4600 669 4672 προσώπου
697 4599 1026 4671 προεφέρετο
1048 4599 1146 4670 τὴν
1175 4599 1544 4669 παραγγελίαν
1563 4615 1576 4628 ’
1601 4598 1696 4652 νῦν
1718 4597 1795 4662 δὲ,

224 4695 319 4748 ὅτε
339 4693 446 4745 τῶν
471 4692 710 4746 παλαιῶν
738 4693 1176 4764 ἀναγνωσμάτων
1198 4694 1544 4765 ἐπιτέμνεται
1567 4691 1666 4764 τὴν
1690 4691 1799 4762 διή-

225 4802 412 4857 γησιν,
449 4787 740 4840 κοινοποιεῖ
767 4786 855 4838 τὸν
884 4785 1038 4853 λόγον
1067 4787 1493 4857 ὑπομιμνήσκων
1523 4784 1594 4837 τά
1631 4782 1796 4836 πάλαι

225 4878 617 4950 πεπραγμένα,
639 4879 732 4933 καὶ⁵
750 4878 825 4943 ὡς
843 4877 908 4932 ἂν
935 4881 1045 4942 τοῖς
1069 4881 1201 4932 πᾶσι
1219 4877 1468 4950 γνώριμα
1488 4875 1798 4946 ἐπαναλαμ-

224 4973 406 5028 ϐἀνων
433 4973 502 5026 τά
533 4971 642 5026 ἀπὸ
669 4973 764 5043 τῆς
801 4971 1073 5040 ἱστορικῆς
1103 4970 1321 5041 Γραφῆς
1352 4968 1670 5040 δηλούμενα.
1707 4967 1799 5020 Διό

224 5082 394 5136 φησιν
407 5081 420 5094 ·
443 5065 590 5118 Ὅσα
610 5063 956 5131 ἠκούσαμεν
969 5059 1066 5114 καί
1089 5061 1353 5131 ἔγνωμεν
1371 5057 1543 5115 αὐτά.
1559 5058 1632 5112 Οὐ
1665 5057 1797 5111 πάν-

221 5169 337 5206 των
367 5151 424 5205 δέ
459 5154 574 5205 ἐστι
598 5151 659 5203 τὸ
689 5150 906 5205 ἀκούειν
943 5151 1035 5203 καὶ
1069 5148 1372 5219 γινώσκειν,
1399 5147 1513 5202 ἀλλ’
1546 5146 1580 5218 ἢ
1622 5146 1794 5218 μόνων

222 5247 336 5301 τῶν
366 5245 652 5300 συνιέντων
689 5245 814 5308 τοὺς
862 5243 1071 5312 λόγους.
1103 5242 1200 5295 Διὸ
1242 5243 1337 5296 καὶ
1373 5243 1403 5294 ό
1426 5239 1686 5303 Φίλιππος
1718 5237 1796 5310 τῷ

222 5336 465 5408 εὐνούχῳ
496 5337 675 5405 ἔλεγεν
693 5353 706 5366 ·
737 5331 889 5404 τΑρα
927 5333 1238 5405 γινώσκεις
1263 5333 1304 5388 ἂ
1331 5333 1794 5402 ἀναγιιαῢσκεις;

237 5430 378 5483 Ἀλλ’
409 5429 528 5482 οὐδὲ
560 5430 722 5483 πᾶσιν
749 5430 796 5482 οἰ
820 5427 1052 5498 πατέρες
1084 5425 1429 5497 διηγήσαντο.
1462 5423 1575 5476 Ούκ
1600 5422 1796 5494 ἔχομεν

221 5523 356 5592 γοῦν
391 5524 552 5594 ἡμεῖς
583 5523 632 5575 οἰ
671 5521 731 5588 ἐξ
762 5519 928 5574 ἐθνῶν
965 5519 1043 5590 τῷ
1069 5518 1198 5590 θείῳ
1234 5517 1378 5588 λόγῳ
1410 5513 1792 5587 προσελθόντες

221 5617 575 5680 διδασκάλους
640 5613 1044 5685 ὲπιγράψασθαι
1087 5611 1196 5666 τῶν
1242 5611 1400 5664 θείων
1459 5607 1792 5679 μαθημάτων

1903 4599 2256 4654 munitionem
2290 4596 2638 4668 proferebat;
2679 4608 2822 4648 nunc
2855 4607 2984 4647 vero
3030 4606 3152 4644 cum
3211 4588 3463 4658 antiqua-

1906 4705 2027 4744 rum
2045 4689 2338 4744 lectionum
2369 4686 2738 4741 narrationem
2771 4681 3092 4752 compendio
3127 4679 3314 4742 refert,
3346 4693 3464 4733 ser-

1904 4795 2121 4835 monem
2173 4778 2332 4848 quasi
2392 4777 2447 4830 in
2526 4773 2804 4829 communi
2865 4771 3130 4836 enuntiat,
3188 4769 3279 4822 illa
3333 4768 3462 4822 olim

1905 4879 2058 4941 gesta
2089 4881 2543 4929 commemorans,
2570 4871 2624 4919 et
2653 4878 2774 4933 qua:
2803 4861 2861 4916 in
2897 4859 3124 4915 historia
3168 4857 3466 4928 Scriptura!

1906 4958 2155 5013 feruntur
2209 4970 2309 5011 ceu
2376 4953 2631 5009 omnibus
2709 4959 2835 5007 nota
2911 4965 3216 5005 resumens.
3283 4947 3466 5015 Quare

1903 5049 1977 5102 ait
2019 5066 2034 5102 :
2087 5047 2302 5115 Quanta
2369 5044 2664 5098 audivimus
2723 5052 2773 5097 et
2839 5040 3173 5113 cognovimus
3228 5057 3309 5096 ea.
3344 5038 3464 5094 Non

1899 5141 2143 5196 omnium
2168 5154 2332 5211 porro
2362 5145 2448 5194 est
2470 5136 2657 5192 audire
2689 5143 2744 5192 et
2775 5149 3126 5206 cognoscere,
3150 5132 3242 5189 sed
3274 5147 3465 5187 eorum

1897 5241 2109 5288 tantum
2143 5231 2238 5302 qui
2277 5243 2584 5286 sermonem
2635 5227 2963 5295 intelligunt.
2995 5226 3205 5280 Idcirco
3247 5223 3464 5279 dicebat

1898 5323 2150 5382 eunucho
2175 5323 2457 5392 Philippus
2488 5339 2501 5374 :
2539 5319 2775 5373 Putasne
2815 5317 3067 5389 intelligis
3097 5333 3216 5389 qua:
3252 5316 3380 5386 legis
3410 5315 3466 5365 ‘?

1901 5417 2006 5474 Sed
2037 5431 2149 5472 non
2174 5416 2430 5471 omnibus
2458 5429 2748 5470 narravere
2782 5419 2986 5483 patres.
3019 5410 3131 5466 Nos
3160 5411 3342 5480 itaque
3370 5408 3465 5480 qui

1897 5525 1964 5562 ex
1987 5507 2238 5580 gentibus
2261 5506 2331 5561 ad
2361 5505 2603 5561 divinum
2635 5504 2862 5560 verbum
2904 5503 3258 5566 accessimus,
3281 5511 3463 5571 patres

1896 5613 2113 5658 nostros
2139 5599 2437 5664 secundum
2477 5615 2696 5656 carnem
2734 5599 3044 5654 divinarum
3090 5595 3247 5652 nobis
3295 5593 3464 5648 ἀίεῖὶ-

293 5777 318 5808 ⁸
353 5773 498 5830 Psal.
534 5786 735 5834 tum,
777 5772 827 5826 l.
902 5770 923 5799 ‘
962 5767 1149 5822 Matth.
1183 5784 1349 5834 unt,
1381 5768 1470 5823 37.
1543 5767 1564 5798 τ
1603 5761 1793 5818 Matth.
1829 5777 1869 5824 I,
1902 5760 1956 5814 I.
2016 5761 2052 5832 _'
2079 5759 2196 5814 Act.
2228 5773 2349 5826 vui,
2381 5757 2469 5813 30.

545 5859 817 5923 ΡΔτιιοι..
856 5857 971 5920 (in.
1009 5857 1241 5919 XXIII.

3062 5843 3142 5904 29
