4004 6582
569 357 676 414 907

1200 353 1470 411 ECSEBII
1508 352 1986 410 CESARIENSIS
2021 353 2170 410 OPP.
2210 352 2392 409 PARS
2428 352 2512 410 lll.
2553 383 2624 394 ——
2659 351 3066 408 EXECETICA.

3698 357 3800 417 908

565 483 835 552 pliuarum
856 477 1144 548 magistros
1169 476 1442 531 ascribere
1465 490 1572 530 non
1599 490 1924 547 possumus;
1946 490 2126 532 rerum

2235 475 2359 540 τοὺς
2389 472 2528 528 κατὰ
2554 472 2732 544 σάρκα
2765 473 3036 543 πατέραςο
3065 471 3177 525 ἀλλ’
3201 472 3229 526 δ
3259 491 3320 542 γε
3346 475 3537 547 Σωτὴρ
3561 475 3624 540 ἐξ
3646 480 3802 532 αὑτοῦ

569 566 825 624 Servator
849 582 974 622 cum
1011 582 1073 622 ex
1108 581 1204 621 sua
1241 573 1354 620 tum
1376 582 1440 621 ex
1464 568 1858 637 apostolorum,
1888 567 2131 637 discipu-

569 661 739 713 lorum
762 665 815 713 et
843 657 1300 728 evangelistarum
1335 673 1580 722 suorum,
1599 659 1690 729 qui
1718 657 1910 715 iisdem
1935 660 2132 729 quibus

566 750 683 820 ipse
700 749 947 818 patrihus
968 747 1265 804 secundum
1289 763 1508 804 carnem
1532 751 1798 821 progeniti
1830 759 1976 815 sunt,
2005 766 2132 822 per-

566 855 723 901 sona,
757 839 856 894 has
895 837 1098 909 profert
1137 853 1341 895 voces:
1368 840 1584 907 Quanta
1616 840 1912 895 audivimus
1955 850 2004 894 et
2044 857 2132 894 co-

561 931 836 1000 gnooimus
851 947 934 994 ea,
955 941 1004 985 et
1027 939 1202 999 patres
1231 931 1399 986 nostri
1424 942 1770 986 narraverunt
1795 931 1943 986 nobis
1962 935 1986 988 ?
2009 930 2134 987 Haec

560 1041 576 1071 ι
599 1021 706 1076 nim
756 1021 860 1093 ipsi
893 1037 924 1076 a
952 1023 1198 1093 patrihus
1232 1031 1454 1094 accepta
1485 1023 1642 1079 nobis
1680 1040 1745 1077 ex
1773 1023 2013 1095 gentium
2046 1037 2131 1078 se-

563 1113 708 1168 mine
732 1113 890 1178 ortis,
909 1121 970 1168 ut
992 1113 1216 1185 ignaris,
1234 1115 1659 1177 annuntiabunt,
1676 1115 2053 1184 docebuntque
2068 1129 2132 1169 ea

561 1219 684 1274 qua:
733 1205 975 1274 antiquis
1017 1204 1126 1260 illis
1154 1190 1530 1276 contigerunt;
1555 1220 1675 1276 quae
1704 1221 1735 1259 a
1763 1205 2008 1274 patribus
2038 1218 2132 1274 per

562 1297 968 1353 successionem
993 1296 1118 1354 liliis
1148 1296 1368 1362 tradita,
1405 1307 1459 1353 et
1485 1313 1704 1354 rursum
1737 1313 1858 1369 qua:
1893 1297 1961 1351 ab
1979 1297 2132 1352 hisce

561 1389 629 1444 ad
665 1400 911 1460 posteros
929 1391 1355 1455 trausmissa,ex
1383 1391 1578 1460 hisque
1601 1391 1796 1445 iterum
1831 1389 1898 1445 ad
1917 1389 2055 1444 lilios
2078 1388 2133 1442 li-

560 1483 758 1537 liorum
789 1483 1064 1538 memoria:
1083 1483 1330 1538 mandata
1362 1492 1509 1539 sunt.
1529 1483 1868 1554 Quapmpter
1891 1483 2128 1538 dicitur:

559 1602 629 1612 —
649 1570 818 1628 Vens.
839 1573 887 1626 4.
914 1573 1037 1627 Non
1056 1583 1175 1628 sunt
1201 1574 1466 1628 occultata
1487 1592 1517 1628 a
1544 1574 1672 1644 ﬁliis
1692 1591 1873 1628 eorum
1895 1574 1948 1627 in
1975 1587 2130 1644 gene-

561 1665 764 1719 ratione
818 1664 1006 1721 altera.
1041 1664 1342 1722 Narrantes
1373 1664 1556 1720 laudes
1591 1665 1802 1720 Domini
1828 1673 1878 1719 et
1916 1665 2130 1718 virtutes

563 1757 701 1826 ejus,
727 1768 778 1813 et
802 1759 1076 1813 mirabilia
1104 1759 1217 1828 ejus
1251 1776 1368 1830 qua:
1397 1759 1539 1830 fecit.
1573 1758 1738 1812 Multa
1783 1757 2001 1828 quidem
2030 1771 2131 1811 uo-

2236 563 2523 636 προσώπου
2559 565 2651 617 καὶ
2682 564 2789 616 τῶν
2823 563 2963 617 κατὰ
2997 563 3174 636 σάρκα
3207 566 3269 618 ὲκ
3299 565 3405 619 τῶν
3432 568 3612 622 αὐτῶν
3645 571 3803 624 πατέ-

2239 673 2344 728 ρων
2386 655 2690 726 γενομένων
2737 657 3050 712 ἀποστόλων
3091 656 3256 710 αὑτοῦ
3305 659 3401 710 καὶ
3432 659 3688 732 μαθητῶν
3718 663 3806 714 καὶ

2233 747 2632 817 εὐαγγελιστῶν
2661 748 2869 814 ταύτας
2901 749 3232 822 προφέρεται
3259 751 3358 815 τὰς
3391 749 3574 820 φωνάς
3602 750 3802 822 λέγων·

2237 842 2384 894 Ὅσα
2413 841 2762 910 ἠκούσαμεν
2793 841 2888 895 καί
2919 841 3184 912 ἔγνωμεν
3208 842 3381 906 αὐτὰ,
3413 844 3508 897 καί
3543 847 3600 897 οἱ
3635 845 3808 900 πατέ-

2227 947 2332 998 ρες
2351 930 2516 1001 ἡμῶν
2545 931 2912 1002 διηγήσαντο
2940 933 3115 1004 ἡμῖν;
3137 935 3317 989 Ταῦτα
3339 936 3446 1008 γὰρ
3473 941 3538 991 ὲκ
3559 940 3807 1012 πατέρων

2233 1021 2386 1072 αὐτοὶ
2416 1020 2828 1094 παρειληφότες,
2865 1023 2996 1094 ἡμῖν
3032 1027 3142 1088 τοῖς
3179 1023 3238 1090 ἐξ
3270 1025 3440 1079 ἐθνῶν
3472 1028 3548 1091 ὠς
3585 1030 3660 1100 μὴ
3696 1031 3807 1083 ὲπι-

2236 1113 2520 1184 σταμένοις
2557 1115 2963 1184 ἀπαγγελοῦσι,
3006 1116 3348 1182 διδάσκοντες
3403 1121 3548 1190 ἡμᾶς
3581 1120 3651 1174 τὰ
3699 1125 3806 1186 τοῖς

2235 1205 2481 1270 παλαιοῖς
2515 1206 2897 1278 συμϐεϐηκότα
2917 1224 2930 1237 °
2965 1207 3000 1261 ἃ
3045 1207 3106 1279 δὴ
3138 1209 3278 1263 κατὰ
3325 1210 3575 1282 διαδοχὴν
3610 1214 3674 1266 ὲκ
3710 1231 3807 1266 πα-

2231 1294 2406 1366 τέρων
2431 1295 2669 1366 ἠκούσθη
2704 1300 2817 1360 τοῖς
2851 1298 3028 1359 παισὶ,
3059 1300 3152 1351 καὶ
3192 1299 3352 1353 πάλιν
3381 1300 3438 1367 ἐξ
3474 1301 3701 1354 ἐκείνων
3735 1305 3807 1366 εἰς

2232 1389 2356 1452 τοὺς
2391 1388 2879 1460 μεταγενεστέρους
2912 1388 3188 1461 ἐλήλυθεν,
3224 1393 3287 1444 ὲκ
3321 1391 3526 1444 τούτων
3557 1409 3618 1445 τε
3656 1389 3806 1456 αὖθις

2232 1481 2310 1544 είς
2336 1481 2528 1544 παῖδας
2553 1480 2754 1534 παίδων
2777 1483 2843 1552 τῇ
2871 1487 3056 1554 μνήμῃ
3090 1482 3381 1554 παρεδόθη.
3409 1484 3500 1537 Διὸ
3525 1485 3803 1540 λέλεκται·

2237 1573 2356 1624 Οὐκ
2403 1572 2620 1639 ἐκρύϐη
2658 1571 2776 1624 ἀπὸ
2822 1570 2940 1625 τῶν
2991 1572 3215 1626 τέκνων
3241 1573 3441 1628 αὐτῶν
3482 1578 3572 1642 είς
3604 1579 3808 1646 τε·νεὶη

2231 1656 2458 1730 ἑτέραν.
2497 1661 3006 1732 Ἀπαγγέλλοντες
3037 1665 3143 1731 τὰς
3167 1665 3426 1732 αίνέσεις
3451 1666 3559 1721 τοῦ
3589 1671 3808 1737 Κιεριόυ

2233 1753 2330 1809 καὶ
2355 1755 2460 1821 τὰς
2497 1755 2859 1822 δυναστείας
2897 1757 3103 1821 αὐτοῦ,
3132 1759 3226 1812 καὶ
3266 1758 3337 1813 τὰ
3365 1760 3672 1829 θαυμάσια
3706 1764 3807 1815 αὐ-

559 1851 646 1906 bis
675 1866 706 1906 a
737 1853 982 1922 patribus
1013 1852 1215 1906 tradita
1243 1859 1391 1914 sunt,
1420 1852 1486 1906 de
1513 1849 1788 1906 beneﬁciis
1817 1864 1848 1904 a
1877 1848 1987 1905 Deo
2027 1849 2126 1904 sibi

2232 1847 2336 1900 τοῦ
2358 1847 2395 1900 ἃ
2414 1841 2684 1916 ἐποίησε.
2709 1847 2885 1901 Πολλὰ
2917 1849 3014 1920 μέν
3049 1853 3164 1904 ἐστι
3189 1851 3256 1904 τὰ
3284 1853 3660 1924 παραδοθέντα
3683 1858 3808 1926 ἡμῖν

558 1945 801 2012 collatis;
835 1961 1003 2000 unum
1061 1952 1241 1998 autem
1294 1944 1539 1998 omnium
1587 1944 1822 1999 maxime
1880 1957 2132 1998 necessa-

562 2035 727 2100 rium,
758 2043 843 2090 est
868 2035 1267 2098 testimonium,
1297 2035 1494 2104 lexque
1519 2034 1571 2088 in
1593 2034 1902 2091 testimonio
1932 2034 2127 2103 posita,

560 2140 726 2196 quam
765 2125 898 2195 ipsis
931 2125 1138 2196 scripto
1169 2123 1414 2188 tradidit,
1455 2124 1774 2195 praecipiens
1803 2132 1861 2178 ut
1901 2122 2132 2178 medita-

561 2224 750 2272 rentur
788 2217 982 2288 ipsam,
1015 2225 1068 2271 et
1097 2215 1218 2285 ejus
1239 2215 1643 2270 meditationem
1676 2215 2130 2284 ﬁliis,nepotilius

558 2317 612 2363 et
640 2309 870 2379 posteris
892 2322 986 2378 per
1008 2306 1409 2362 successionem
1447 2305 1737 2359 traderent.
1767 2303 2129 2370 Quamobrem

563 2402 640 2454 ait
663 2419 675 2453 :
701 2397 955 2453 —V£us.
987 2397 1041 2454 5.
1067 2396 1135 2450 Et
1163 2398 1437 2452 suscitavit
1471 2397 1826 2450 testimonium
1853 2398 1910 2450 in
1938 2395 2125 2462 Iacob,

561 2504 610 2548 ct
649 2492 809 2563 legem
842 2491 1016 2561 posuit
1046 2491 1099 2544 in
1148 2489 1340 2545 Israel.
1381 2488 1776 2545 Testimonium
1834 2489 2132 2545 vocabatur

565 2585 978 2639 tabernaculum
1018 2582 1412 2647 testimonii,in
1441 2598 1550 2652 quo
1576 2581 1819 2653 deposita
1849 2591 1968 2636 erat
1998 2596 2125 2635 arca

559 2675 918 2739 Testameuti,
953 2674 1039 2729 lex
1081 2674 1136 2728 in
1177 2687 1303 2728 arca
1343 2672 1542 2744 posita,
1572 2687 1781 2727 necnon
1845 2672 2126 2727 cherubim

557 2773 610 2821 et
639 2765 1101 2837 propitiatorium,
1134 2763 1548 2826 candelabrum,
1581 2778 1767 2818 mensa
1803 2769 1854 2818 et
1879 2764 2124 2834 pr0posi-

559 2857 637 2911 tio
657 2872 855 2928 panum
891 2874 905 2910 :
946 2871 1067 2926 qua:
1109 2855 1300 2925 jussus
1333 2854 1513 2910 facere
1561 2853 1795 2926 Moyses,
1826 2855 2126 2909 secundum

561 2947 838 3017 exemplar
865 2947 1008 3017 quod
1046 2947 1150 3017 ipsi
1182 2950 1236 3001 in
1261 2954 1444 3001 monte
1474 2955 1758 3001 ostensum
1799 2943 1976 3000 fuerat
2003 2961 2130 3000 con-

558 3038 780 3092 struxit.
814 3035 920 3090 Sed
948 3037 1078 3091 olint
1110 3035 1327 3106 quidem
1381 3038 1465 3091 lex
1505 3037 1595 3091 illa
1647 3044 1703 3092 et
1753 3037 2126 3093 testimonium

557 3130 693 3185 illud
746 3129 951 3185 Jacobo
985 3138 1040 3184 et
1071 3130 1186 3184 Isra
1226 3130 1258 3183 li
1316 3131 1512 3184 tradita
1565 3129 1799 3184 fuerant.
1857 3127 2126 3196 Quoniam

557 3237 687 3278 vero
726 3223 793 3277 iis
848 3223 1086 3292 acceptis
1145 3222 1222 3275 illi
1279 3223 1611 3293 tranSgressi
1649 3229 1796 3284 sunt,
1830 3221 1954 3291 jure
2008 3223 2126 3291 ipse

557 3331 682 3369 cum
720 3315 884 3369 alium
931 3315 1034 3368 sibi
1069 3321 1317 3383 parasset
1370 3314 1650 3384 populum,
1686 3313 1940 3382 aliudque
1970 3315 2125 3368 testi-

561 3409 825 3471 monium,
863 3405 1113 3461 videlicet
1142 3421 1344 3476 corpus
1391 3406 1618 3469 Christi,
1658 3405 1801 3477 quod
1835 3405 1927 3460 Dei
1963 3405 2123 3460 Verbi

560 3505 614 3556 in
644 3501 762 3572 ipso
796 3500 1092 3556 habitantis
1122 3501 1384 3570 templum
1425 3507 1563 3566 erat,
1605 3508 1663 3554 ut
1701 3505 1814 3570 ipse
1846 3501 1922 3554 ait
1953 3520 1965 3555 :
2002 3500 2126 3556 Sol-

559 3595 660 3649 nite
691 3593 938 3664 templum
969 3594 1086 3657 hoc,
1111 3602 1161 3646 et
1181 3594 1233 3646 in
1265 3591 1428 3646 tribus
1460 3592 1640 3648 diebus
1662 3593 1900 3648 excitabo
1921 3593 2057 3647 illud
2080 3594 2121 3659 ’;

546 3688 627 3742 φά
663 3687 776 3742 haec
813 3687 977 3741 etiam
1013 3687 1212 3757 populo
1243 3701 1344 3741 suo
1391 3686 1561 3757 legem
1617 3688 1774 3740 aliam
1797 3727 1810 3752 ,
1851 3688 2125 3757 evangeli-

556 3795 678 3835 cam
705 3779 978 3844 videlicet,
993 3778 1178 3832 tradit.
1218 3777 1339 3833 Ideo
1366 3778 1421 3832 in
1443 3778 1714 3849 principio
1740 3777 1905 3848 hujus
1929 3777 2125 3848 psalmi

557 3871 634 3926 ait
667 3889 682 3926 :
712 3868 994 3933 Attendite,
1026 3869 1212 3938 popule
1245 3885 1411 3933 meus,
1450 3868 1612 3939 legem
1640 3884 1841 3932 meam;
1869 3877 2124 3923 caeterum

543 3965 728 4036 “legem
761 3963 1051 4030 antiquam
1085 3968 1137 4016 et
1195 3969 1430 4015 veterem
1490 3959 1963 4028 testiﬁcationem)
2001 3975 2125 4013 nam

562 4059 642 4111 sic
676 4058 1062 4126 interpretatus
1110 4055 1473 4126 Symmachus
1509 4062 1614 4119 est,
1636 4053 1825 4109 dicens
1855 4074 1868 4108 ε
1909 4053 1976 4108 Et
2011 4063 2125 4107 sta—

557 4148 656 4200 tuit
688 4148 1102 4216 testiﬁcationem
1131 4144 1320 4216 Jacob)
1352 4160 1476 4199 cum
1507 4146 1687 4215 priore
1720 4145 1919 4215 populo
1949 4146 2127 4213 dispo-

555 4241 686 4306 suit,
707 4239 1023 4310 prazcipiens
1054 4239 1186 4308 ipsis
1213 4246 1272 4292 ut
1294 4245 1418 4292 uota
1442 4237 1680 4292 lacerent
1702 4252 1769 4292 ea
1800 4237 1921 4291 ﬁliis
1951 4245 2004 4292 et
2032 4254 2128 4292 ne-

552 4334 773 4404 potibus
799 4333 936 4397 suis,
975 4340 1033 4385 ut
1054 4332 1333 4402 generatio
1366 4331 1514 4386 nulla
1542 4334 1835 4402 ignoraret,
1867 4331 1958 4386 sed
1991 4331 2125 4401 legis

555 4425 800 4480 doctrina
845 4425 901 4480 in
943 4425 1178 4496 posteris
1233 4439 1449 4495 quoque
1505 4431 1767 4480 maneret.
1803 4422 2011 4478 Idcirco
2039 4423 2126 4477 di-

2231 1937 2336 1990 ὑπὺ
2373 1936 2481 1990 τῶν
2533 1939 2804 2009 πατέρων,
2847 1939 2990 2010 άπερ
3036 1942 3233 2005 αὐτοὺς
3275 1945 3302 1995 6
3345 1943 3478 2007 Θεὸς
3509 1946 3810 2016 εὐεργετῶν

2228 2028 2551 2100 διεπράξατο
2567 2047 2580 2061 ·
2606 2029 2662 2084 ἓν
2687 2031 2743 2084 δὲ
2767 2031 2822 2084 τὸ
2845 2031 3058 2086 πάντων
3081 2034 3502 2105 ἀναγκαιότερον
3527 2038 3708 2090 έκεῖνο
3728 2033 3809 2108 ἦν,

2229 2118 2372 2189 λέγω
2390 2119 2445 2173 δὲ
2476 2119 2536 2173 τὸ
2559 2119 2875 2192 μαρτύριον,
2899 2121 2992 2174 καὶ
3024 2123 3051 2174 6
3087 2125 3145 2176 ὲν
3183 2123 3262 2194 τῷ
3303 2125 3590 2198 μαρτυρίῳ
3628 2127 3808 2199 νόμος,

2229 2213 2289 2265 ὃν
2325 2213 2616 2283 ἐγγράφως
2677 2215 2861 2278 αὐτοῖς
2907 2215 3256 2288 παρέδωκεν,
3297 2219 3683 2290 ἐντειλάμενος
3721 2239 3808 2292 με·

2229 2303 2389 2375 λετᾷν
2423 2306 2474 2357 ὲν
2510 2305 2677 2376 αύτῷ,
2705 2309 2795 2360 καὶ
2838 2311 2944 2372 τοῖς
2976 2309 3154 2362 αὐτῶν
3197 2310 3353 2363 παισί
3385 2328 3445 2364 τε
3476 2314 3570 2364 καὶ
3615 2314 3809 2383 ἀπογό-

2231 2413 2338 2460 νοις
2366 2401 2477 2460 τοῖς
2503 2397 2644 2450 κατὰ
2664 2399 2912 2471 διαδοχὴν
2937 2401 3315 2471 γενησομένοις
3338 2405 3694 2474 παραδιδόναι

2229 2488 2418 2542 τούτου
2455 2489 2701 2560 μελέτην.
2734 2490 2823 2543 Διό
2845 2507 3005 2562 φησι·
3034 2493 3144 2546 Καὶ
3170 2493 3473 2561 ἀνέστησε
3487 2499 3810 2566 μαρτύριον

2229 2583 2299 2636 ἐν
2339 2582 2550 2646 Ἰακὼϐ,
2583 2583 2680 2637 καὶ
2705 2585 2894 2654 νόμον
2923 2588 3086 2640 ἐθετο
3111 2586 3182 2640 ἐν
3211 2587 3466 2655 Ἰσραήλ.
3495 2591 3809 2664 Μαρτύριον

2228 2673 2283 2726 δὲ
2316 2674 2561 2728 ἐκαλεῖτο
2585 2677 2618 2745 ἡ
2650 2676 2823 2748 σκηνὴ
2851 2676 2944 2730 τοῦ
2973 2678 3292 2749 μαρτυρίου,
3323 2681 3380 2732 ἐν
3474 2681 3742 2736 ἀπέκειτο
3779 2687 3806 2753 l;

2229 2765 2460 2830 κιϐωτὸς
2506 2767 2605 2837 τῆς
2637 2768 2943 2841 Διαθήκης,
2985 2772 3076 2824 καὶ
3107 2773 3135 2824 ὁ
3163 2774 3219 2824 ἐν
3248 2775 3314 2844 τῇ
3369 2772 3596 2845 κιϐωτῷ
3628 2775 3807 2847 νόμος,

2227 2857 2297 2910 τά
2320 2873 2377 2908 τε
2409 2858 2673 2929 χερουϐὶμ
2699 2859 2792 2912 καὶ
2820 2860 2880 2912 τὸ
2919 2860 3247 2934 ἱλαστήριον,
3283 2865 3376 2918 καὶ
3403 2865 3438 2934 ἠ
3467 2863 3689 2935 λυχνία,
3724 2866 3809 2920 καὶ

2229 2951 2262 3022 ὴ
2295 2949 2563 3022 τράπεζα,
2594 2953 2688 3006 καὶ
2711 2953 2745 3023 ἡ
2772 2951 3028 3026 πρόθεσις
3060 2953 3169 3008 τῶν
3194 2955 3372 3027 ἄρτων
3393 2973 3405 2985 ³
3440 2956 3589 3028 ειπερ
3628 2957 3809 3010 κελευ-

2231 3042 2379 3108 σθεὶς
2403 3045 2625 3116 ποιῆσαι
2652 3045 2887 3118 Μωσῆς,
2917 3047 3059 3099 κατὰ
3088 3046 3180 3100 τὸν
3206 3047 3375 3102 τύπον
3405 3048 3492 3102 τὸν
3533 3049 3806 3120 δειχθένττ

2230 3135 2377 3209 αὐτῷ
2420 3137 2478 3191 ὲν
2527 3137 2606 3208 τῷ
2651 3137 2770 3209 ὄρει
2817 3138 3235 3194 κατεσκεύασεν.
3282 3139 3445 3193 Ἀλλὰ
3495 3141 3672 3194 πάλαι
3721 3144 3807 3212 μὲν

2233 3229 2438 3292 ἐκεῖνος
2467 3228 2496 3280 6
2530 3229 2692 3299 νόμος
2727 3227 2905 3281 καὶτὸ
2951 3228 3245 3302 μαρτύριον
3284 3233 3461 3286 έκεῖνο
3500 3232 3582 3304 τῷ
3617 3233 3807 3287 Ἰακὼϐ

2232 3319 2324 3372 καὶ
2351 3317 2659 3391 τῷΊσραὴλ
2683 3320 2876 3378 δέδοτο.
2899 3322 3114 3395 Ἐπειδὴ
3140 3323 3194 3375 δὲ
3230 3323 3553 3396 παρέϐησαν
3581 3327 3631 3378 οἰ
3668 3344 3804 3398 παρ-

2235 3408 2553 3480 ειληφὸτες,
2607 3409 2830 3473 εἰκότως
2891 3408 3075 3481 ἕτερον
3125 3411 3301 3480 ἑαυτῷ
3344 3412 3805 3482 καταρτισάμενος

2231 3501 2357 3555 λαὸν
2383 3501 2478 3554 καὶ
2506 3500 2799 3572 μαρτύριον
2829 3501 3037 3572 ἕτερον,
3082 3502 3144 3555 τὸ
3190 3502 3424 3573 Χριστοῦ
3449 3503 3610 3573 σῶμα
3634 3543 3651 3565 ,
3689 3502 3803 3557 ναὸν

2231 3590 2289 3643 δν
2316 3590 2410 3644 τοῦ
2445 3590 2721 3654 οἰκοῦντος
2753 3592 2809 3642 ὲν
2841 3590 2988 3661 αύτῷ
3015 3591 3148 3645 Θεοῦ
3181 3592 3374 3660 Λόγου,
3403 3591 3478 3654 ὼς
3507 3592 3676 3655 αὐτὸς
3707 3591 3803 3644 ἐδί-

2229 3681 2386 3748 δαξεν
2426 3682 2622 3737 εἰπών·
2660 3684 2897 3739 Λύσατε
2949 3683 3054 3737 τὸν
3100 3683 3248 3737 ναὸν
3289 3683 3541 3749 τοῦτον,
3595 3686 3695 3738 καὶ
3743 3686 3804 3737 ἐν

2231 3775 2430 3844 τρισὶν
2457 3774 2704 3846 ἡμέραις
2727 3775 2914 3845 ἐγερῶ
2948 3777 3134 3830 αὐτόν
3150 3793 3163 3806 ·
3200 3777 3291 3830 καὶ
3322 3775 3456 3848 πρὸς
3480 3779 3697 3843 τούτοις
3723 3782 3804 3833 καὶ

2231 3869 2392 3939 νόμον
2410 3867 2597 3940 ἓτερον
2624 3869 2715 3923 τὸν
2755 3869 3106 3939 εύαγγελικὸν
3131 3869 3209 3940 τῷ
3242 3871 3433 3924 ἑαυτοῦ
3465 3872 3586 3943 λαῷ
3635 3891 3801 3944 παρα·

2230 3961 2430 4016 δίδωσι.
2471 3963 2559 4016 Διὸ
2596 3964 2653 4016 ὲν
2682 3964 2824 4035 ἀρχῇ
2853 3962 2960 4017 τῶν
2994 3965 3365 4038 προκειμένων
3400 3965 3554 4034 ἔλεγε
3575 3984 3588 3996 ·
3621 3971 3803 4034 Προσ-

2231 4055 2416 4124 έχετε,
2441 4057 2590 4122 λαός
2612 4074 2753 4126 μου,
2798 4057 2905 4110 τὸν
2946 4057 3133 4126 νόμον
3153 4075 3302 4128 μου·
3340 4057 3478 4128 πλὴν
3530 4059 3670 4112 ἀλλὰ
3718 4060 3802 4110 τὸν

2234 4147 2461 4201 παλαιὸν
2490 4148 2659 4218 νόμον
2683 4148 2776 4201 καὶ⁵
2795 4148 2896 4218 τὴν
2923 4148 3158 4202 παλαιάν
3202 4149 3604 4221 διαμαρτυρίαν
3648 4149 3802 4216 (οὕτω

2231 4240 2338 4311 γὰρ
2380 4240 2723 4312 ήρμήνευσεν
2763 4241 2790 4292 6
2840 4240 3134 4311 Σύμμαχος
3166 4243 3364 4294 εἰπών’
3417 4243 3530 4295 Καὶ
3583 4243 3804 4312 ἔστησε

2230 4331 2658 4399 διαμαρτυρίαν
2688 4331 2769 4398 τῷ
2807 4331 3032 4401 Ἰακώϐ)
3058 4331 3136 4402 τῷ
3167 4331 3415 4403 προτέρῳ
3443 4332 3561 4404 λαῷ
3581 4334 3800 4390 διέθετο.

2232 4423 2602 4493 ἐντειλάμενος
2634 4423 2816 4486 αὐτοῖς
2853 4422 3116 4494 γνωρίσαι
3149 4422 3286 4475 αὐτὰ
3316 4427 3427 4487 τοῖς
3461 4427 3601 4488 υἱοῖς
3630 4425 3802 4478 αὐτῶν

553 4528 697 4576 ctum
731 4527 847 4575 cst:
888 4550 958 4560 —
996 4515 1243 4572 Vens.'6.
1280 4518 1344 4571 Ut
1397 4525 1676 4587 cognoscat
1722 4515 1988 4584 generatio
2033 4513 2115 4567 al-

2235 4513 2330 4568 καὶ
2353 4513 2658 4582 ἀπογόνοις,
2700 4511 2776 4576 ὡς
2818 4512 2884 4566 ἂν
2920 4512 3188 4583 μηδεμίαν
3231 4513 3380 4566 λάθοι
3427 4515 3650 4581 γενεὰν,
3686 4513 3796 4566 Eta-

555 4619 686 4674 tera.
715 4613 817 4684 ﬁlii
843 4614 932 4684 qui
979 4622 1282 4673 nascentur,
1317 4619 1366 4664 et
1401 4619 1703 4681 casui-gent,
1744 4619 1793 4662 et
1829 4607 2124 4661 narrabant

552 4725 614 4761 ea
630 4707 756 4776 ﬁliis
784 4707 917 4761 suis.
946 4706 1411 4775 Complementum
1445 4712 1622 4757 autem
1647 4709 1701 4757 et
1727 4716 1928 4770 scopus
1954 4699 2123 4754 medi—

553 4798 774 4853 tationis
819 4798 955 4867 legis
1009 4797 1098 4851 hic
1134 4807 1249 4850 erat
1284 4815 1392 4850 :—
1423 4794 1586 4849 Vsus.
1617 4794 1668 4848 7.
1701 4791 1773 4846 'Ut
1821 4802 2018 4858 ponant
2072 4792 2124 4844 in

556 4891 662 4944 Deo
691 4906 854 4959 spem,
882 4901 930 4943 et
967 4907 1068 4942 non
1102 4889 1480 4942 obliviscantur
1513 4903 1723 4957 Operam
1753 4885 1868 4950 Dei,
1895 4894 1943 4938 et
1973 4901 2125 4938 man-

537 4996 681 5045 .data
706 4993 822 5062 ejus
847 4993 1165 5063 exquirant;
1193 5001 1249 5045 ut
1278 5009 1380 5045 non
1411 4991 1543 5060 [iant
1575 4991 1708 5044 sicut
1725 5000 1899 5058 patres
1919 5004 2121 5048 eorum.

551 5090 819 5159 generatio
854 5105 1017 5157 prava
1063 5098 1111 5142 et
1157 5102 1477 5156 exasperans
1509 5102 1524 5138 :
1553 5086 1821 5156 generatio
1854 5099 1971 5154 quae
2020 5100 2123 5138 non

534 5193 746 5247 direxit
780 5209 870 5246 cor
901 5209 1071 5256 suum,
1101 5199 1151 5244 et
1183 5207 1287 5245 non
1315 5189 1486 5259 ﬁdelis
1526 5188 1626 5257 fuit
1671 5205 1788 5242 cum
1818 5189 1926 5242 Deo
1960 5188 2123 5257 spiri-

553 5313 638 5357 tus
663 5300 798 5370 ejus.
832 5298 963 5366 Quae
1019 5299 1111 5352 illa
1144 5296 1294 5367 prior
1337 5304 1550 5365 patrum
1575 5295 1874 5366 generatio,
1905 5294 2010 5349 nisi
2061 5309 2123 5348 ea

535 5421 675 5478 quas
717 5417 962 5477 tempore
1003 5402 1206 5476 Moysis
1245 5400 1394 5456 erat?
1419 5409 1637 5471 propter
1690 5415 1851 5470 quam
1909 5399 2121 5471 Moyses

537 5519 806 5582 acceptas
852 5509 989 5579 legis
1021 5505 1235 5559 tabulas
1268 5503 1555 5569 contrivit;
1600 5504 1680 5559 sic
1712 5505 1858 5559 enim
1909 5503 2120 5574 Moyses

553 5614 680 5669 illos
709 5610 1115 5682 generationem
1168 5620 1389 5676 pravam
1422 5612 1475 5660 et
1505 5618 1816 5674 perversam
1861 5603 2119 5666 vocabat.

546 5711 675 5766 haec
713 5709 766 5762 in
798 5708 918 5761 illos
949 5703 1310 5774 pronuntians
1341 5722 1353 5759 :
1383 5700 1512 5759 Filii
1549 5700 2118 5774 rituperabilespgenc-

617 5870 645 5902 θ
683 5866 842 5922 Joau.
886 5879 949 5930 τι,
984 5863 1071 5919 l9.

2231 4605 2380 4677 μένοι
2406 4604 2464 4658 δὲ
2491 4607 2524 4674 ἡ
2550 4601 2643 4657 τοῦ
2686 4604 2852 4674 νόμου
2892 4603 3208 4658 διδασκαλία
3238 4606 3332 4659 καὶ¹
3365 4605 3444 4667 εἰς
3487 4607 3618 4668 τοὺς
3667 4605 3801 4676 μετὰ

2224 4695 2398 4750 ταῦτα
2434 4694 2848 4764 γενησομένους.
2889 4694 2980 4748 Διὸ
3026 4695 3273 4748 λέλεκται
3297 4713 3310 4725 ο
3343 4695 3540 4761 Ὅπως
3573 4695 3653 4748 ἂν
3685 4693 3800 4764 γνῷ

2225 4787 2399 4856 γενεὰ
2428 4787 2632 4855 ἑτέρα,
2667 4786 2784 4840 υἱοί
2821 4787 3246 4856 τεχθησόμενοι
3287 4787 3381 4840 καί
3418 4788 3798 4852 ἀναστήσω·-

2225 4895 2340 4940 τιιι,
2372 4878 2469 4932 καὶ
2498 4878 2940 4948 ἀναγγελοῦσιν
2961 4880 3110 4933 αὐτὰ
3147 4879 3272 4945 τοῖς
3295 4879 3444 4946 υἱοῖς
3479 4879 3698 4933 αὐτῶν.
3733 4879 3796 4931 τδ

2217 4969 2281 5024 δὲ
2306 4969 2676 5041 συμπέρασμα
2707 4971 2806 5041 τῆς
2836 4970 2930 5024 τοῦ
2955 4971 3121 5042 νόμου
3155 4971 3381 5043 μελέτης
3412 4973 3509 5024 καὶ
3545 4975 3574 5025 6
3604 4971 3799 5033 σκοπδς

2223 5056 2375 5126 οὗτος
2411 5057 2500 5131 ἦν,
2532 5061 2669 5117 Ἵνα
2709 5061 2923 5116 θῶνται
2953 5063 3052 5117 ἐπὶ
3097 5063 3204 5117 τὸν
3234 5064 3380 5118 Θεὸν
3401 5063 3518 5131 τὴν
3563 5064 3796 5124 ἐλπίδα,

2223 5154 2322 5208 καὶ
2351 5152 2437 5224 μὴ
2461 5153 2856 5209 ἐπιλάθωνται
2893 5154 3010 5209 τῶν
3034 5155 3220 5226 ἔργων
3248 5157 3355 5210 τοῦ
3382 5157 3553 5221 Θεοῦ,
3575 5157 3670 5209 καὶ
3695 5159 3799 5218 τὰς

2217 5245 2488 5313 ἐντολὰς
2527 5246 2710 5301 αὐτοῦ
2741 5245 3147 5315 ἐκζητήσωσιν
3169 5264 3184 5277 ·
3231 5249 3333 5301 ἵνα
3383 5248 3471 5317 μὴ
3512 5249 3796 5317 γένωνται

2223 5339 2304 5406 ὡς
2341 5342 2395 5392 oi
2438 5337 2689 5408 πατέρες
2720 5339 2949 5405 αὐτῶν,
2990 5340 3164 5410 γενεὰ
3209 5340 3427 5394 σκολιὰ
3477 5341 3575 5394 καὶ
3607 5353 3797 5407 παρα-

2223 5432 2654 5500 πικραίνουσα·
2686 5431 2858 5502 γενεὰ
2895 5433 3026 5501 ἥτις
3049 5435 3120 5488 οὺ
3151 5434 3485 5499 κατηύθυνε
3523 5432 3629 5500 τὴν
3649 5447 3799 5498 καρ-

2222 5520 2362 5576 δίαν
2384 5519 2602 5590 αὐτῆς,
2636 5522 2735 5576 καὶ
2779 5524 2890 5577 οὐκ
2918 5521 3213 5591 ἐπιστώθη
3237 5521 3388 5592 μετὰ
3421 5521 3526 5575 τοῦ
3557 5520 3705 5574 Θεοῦ
3731 5519 3798 5574 τὸ

2221 5613 2460 5684 πνεῦμα
2510 5614 2719 5683 αὐτῆς.
2757 5615 2853 5680 Τίς
2905 5615 2961 5670 δὲ
3011 5610 3081 5688 ἦν
3128 5617 3161 5686 ἡ
3209 5615 3445 5687 προτέρα
3493 5613 3644 5682 γενεὰ
3688 5611 3800 5664 τῶν

2225 5707 2473 5781 πατέρων
2506 5706 2619 5762 ἀλλ’
2653 5708 2686 5780 ἢ
2719 5708 2804 5761 ἐπ’
2838 5707 3000 5764 αὐτοῦ
3040 5709 3283 5773 Μωσέως
3314 5709 3571 5781 γενομένη
3592 5724 3604 5772 ;
3626 5705 3704 5761 δι’
3731 5707 3799 5776 ἦν

2917 5925 2934 5934 α
3030 5903 3113 5938 te.»
3180 5928 3207 5940 ..
