  <div class='ocr_page' id='page_1' title='image "/cluster/home/n/w/nwhite01/storage/ocr_20150623/23/hvd.32044019207711/484.png"; bbox 0 0 4004 6546; ppageno 0'>
   <div class='ocr_carea' id='block_1_1' title="bbox 228 348 332 403">
    <p class='ocr_par' dir='ltr' id='par_1_1' title="bbox 228 348 332 403">
     <span class='ocr_line' id='line_1_1' title="bbox 228 348 332 403; baseline -0.01 0"><span class='ocrx_word' id='word_1_1' title='bbox 228 348 332 403; x_wconf 81' lang='lat'><strong>909</strong></span> 
     </span>
    </p>
   </div>
   <div class='ocr_carea' id='block_1_2' title="bbox 1311 350 2286 409">
    <p class='ocr_par' dir='ltr' id='par_1_2' title="bbox 1311 350 2286 409">
     <span class='ocr_line' id='line_1_2' title="bbox 1311 350 2286 409; baseline -0.002 -2"><span class='ocrx_word' id='word_1_2' title='bbox 1311 350 1813 409; x_wconf 77' lang='lat' dir='ltr'><strong>COMMENTARIA</strong></span> <span class='ocrx_word' id='word_1_3' title='bbox 1854 351 1919 406; x_wconf 79' lang='lat' dir='ltr'><strong>IN</strong></span> <span class='ocrx_word' id='word_1_4' title='bbox 1951 351 2286 408; x_wconf 78' lang='lat' dir='ltr'><strong>PSALMOS.</strong></span> 
     </span>
    </p>
   </div>
   <div class='ocr_carea' id='block_1_3' title="bbox 3362 352 3466 407">
    <p class='ocr_par' dir='ltr' id='par_1_3' title="bbox 3362 352 3466 407">
     <span class='ocr_line' id='line_1_3' title="bbox 3362 352 3466 407; baseline 0 -1"><span class='ocrx_word' id='word_1_5' title='bbox 3362 352 3466 407; x_wconf 69' lang='lat'><strong>920</strong></span> 
     </span>
    </p>
   </div>
   <div class='ocr_carea' id='block_1_4' title="bbox 226 466 1803 544">
    <p class='ocr_par' dir='ltr' id='par_1_4' title="bbox 226 466 1801 544">
     <span class='ocr_line' id='line_1_4' title="bbox 226 466 1801 544; baseline 0.003 -26"><span class='ocrx_word' id='word_1_6' title='bbox 226 466 516 537; x_wconf 80' lang='grc' dir='ltr'>δεξάμενος</span> <span class='ocrx_word' id='word_1_7' title='bbox 544 470 749 540; x_wconf 77' lang='grc' dir='ltr'>Μωσῆς</span> <span class='ocrx_word' id='word_1_8' title='bbox 776 470 873 534; x_wconf 78' lang='grc' dir='ltr'>τὰς</span> <span class='ocrx_word' id='word_1_9' title='bbox 920 470 1131 535; x_wconf 81' lang='grc' dir='ltr'>πλάκας</span> <span class='ocrx_word' id='word_1_10' title='bbox 1172 473 1268 543; x_wconf 87' lang='grc' dir='ltr'><strong>τῆς</strong></span> <span class='ocrx_word' id='word_1_11' title='bbox 1314 473 1629 544; x_wconf 80' lang='grc' dir='ltr'><strong>νομοθεσίας</strong></span> <span class='ocrx_word' id='word_1_12' title='bbox 1676 491 1801 526; x_wconf 85' lang='grc' dir='ltr'>συν-</span> 
     </span>
    </p>
   </div>
   <div class='ocr_carea' id='block_1_5' title="bbox 1904 466 3537 544">
    <p class='ocr_par' dir='ltr' id='par_1_5' title="bbox 1905 467 3537 542">
     <span class='ocr_line' id='line_1_5' title="bbox 1905 467 3537 542; baseline 0.002 -17"><span class='ocrx_word' id='word_1_13' title='bbox 1905 474 2042 526; x_wconf 87' lang='lat' dir='ltr'><strong>ratio</strong></span> <span class='ocrx_word' id='word_1_14' title='bbox 2088 488 2252 542; x_wconf 87' lang='lat' dir='ltr'><strong>prava</strong></span> <span class='ocrx_word' id='word_1_15' title='bbox 2306 481 2353 527; x_wconf 87' lang='lat' dir='ltr'><strong>et</strong></span> <span class='ocrx_word' id='word_1_16' title='bbox 2389 487 2648 541; x_wconf 74' lang='lat' dir='ltr'><strong>perversa,</strong></span> <span class='ocrx_word' id='word_1_17' title='bbox 2694 470 2921 525; x_wconf 71' lang='lat' dir='ltr'><strong>haccine</strong></span> <span class='ocrx_word' id='word_1_18' title='bbox 2953 468 3175 522; x_wconf 86' lang='lat' dir='ltr'><strong>Domino</strong></span> <span class='ocrx_word' id='word_1_19' title='bbox 3211 467 3472 525; x_wconf 75' lang='lat' dir='ltr'><strong>redditis!</strong></span> <span class='ocrx_word' id='word_1_20' title='bbox 3522 526 3537 529; x_wconf 24' lang='grc' dir='ltr'><strong>ε</strong></span> 
     </span>
    </p>
   </div>
   <div class='ocr_carea' id='block_1_6' title="bbox 228 560 1797 637">
    <p class='ocr_par' dir='ltr' id='par_1_6' title="bbox 228 560 1797 637">
     <span class='ocr_line' id='line_1_6' title="bbox 228 560 1797 637; baseline 0.003 -23"><span class='ocrx_word' id='word_1_21' title='bbox 228 560 478 631; x_wconf 68' lang='grc' dir='ltr'>έτριψεν·</span> <span class='ocrx_word' id='word_1_22' title='bbox 514 560 685 635; x_wconf 76' lang='grc' dir='ltr'>οὕτως</span> <span class='ocrx_word' id='word_1_23' title='bbox 709 563 837 631; x_wconf 83' lang='grc' dir='ltr'>γοῦν</span> <span class='ocrx_word' id='word_1_24' title='bbox 877 563 971 616; x_wconf 72' lang='grc' dir='ltr'><strong>καὶ</strong></span> <span class='ocrx_word' id='word_1_25' title='bbox 1012 564 1173 629; x_wconf 75' lang='grc' dir='ltr'>αὐτὸς</span> <span class='ocrx_word' id='word_1_26' title='bbox 1203 565 1404 637; x_wconf 88' lang='grc' dir='ltr'>Μωσῆς</span> <span class='ocrx_word' id='word_1_27' title='bbox 1447 567 1637 637; x_wconf 75' lang='grc' dir='ltr'>γενεὰν</span> <span class='ocrx_word' id='word_1_28' title='bbox 1673 583 1797 619; x_wconf 89' lang='grc' dir='ltr'>σκο-</span> 
     </span>
    </p>
   </div>
   <div class='ocr_carea' id='block_1_7' title="bbox 226 652 1801 725">
    <p class='ocr_par' dir='ltr' id='par_1_7' title="bbox 226 652 1801 725">
     <span class='ocr_line' id='line_1_7' title="bbox 226 652 1801 725; baseline 0.003 -21"><span class='ocrx_word' id='word_1_29' title='bbox 226 652 347 705; x_wconf 82' lang='grc' dir='ltr'>λιὰν</span> <span class='ocrx_word' id='word_1_30' title='bbox 392 652 487 705; x_wconf 60' lang='grc' dir='ltr'><strong>κα)⁸</strong></span> <span class='ocrx_word' id='word_1_31' title='bbox 518 653 950 725; x_wconf 85' lang='grc' dir='ltr'>διεστραμμένην</span> <span class='ocrx_word' id='word_1_32' title='bbox 999 656 1195 720; x_wconf 75' lang='grc' dir='ltr'>αὐτοὺς</span> <span class='ocrx_word' id='word_1_33' title='bbox 1248 657 1461 719; x_wconf 76' lang='grc' dir='ltr'>ἐκάλει,</span> <span class='ocrx_word' id='word_1_34' title='bbox 1510 659 1589 720; x_wconf 84' lang='grc' dir='ltr'>εἰς</span> <span class='ocrx_word' id='word_1_35' title='bbox 1622 656 1801 710; x_wconf 81' lang='grc' dir='ltr'>αὐτῶν</span> 
     </span>
    </p>
   </div>
   <div class='ocr_carea' id='block_1_8' title="bbox 228 744 1803 818">
    <p class='ocr_par' dir='ltr' id='par_1_8' title="bbox 228 744 1803 818">
     <span class='ocr_line' id='line_1_8' title="bbox 228 744 1803 818; baseline 0.003 -23"><span class='ocrx_word' id='word_1_36' title='bbox 228 744 517 818; x_wconf 75' lang='grc' dir='ltr'>πρόσωπον</span> <span class='ocrx_word' id='word_1_37' title='bbox 558 745 969 817; x_wconf 81' lang='grc' dir='ltr'><strong>ἀποτεινόμενος</strong></span> <span class='ocrx_word' id='word_1_38' title='bbox 1015 748 1107 800; x_wconf 82' lang='grc' dir='ltr'>καὶ</span> <span class='ocrx_word' id='word_1_39' title='bbox 1139 747 1341 815; x_wconf 81' lang='grc' dir='ltr'>λέγων’</span> <span class='ocrx_word' id='word_1_40' title='bbox 1384 746 1568 801; x_wconf 72' lang='grc' dir='ltr'>Τέκνα</span> <span class='ocrx_word' id='word_1_41' title='bbox 1603 766 1803 817; x_wconf 85' lang='grc' dir='ltr'>μωμη-</span> 
     </span>
    </p>
   </div>
   <div class='ocr_carea' id='block_1_9' title="bbox 225 834 1803 908">
    <p class='ocr_par' dir='ltr' id='par_1_9' title="bbox 225 834 1803 908">
     <span class='ocr_line' id='line_1_9' title="bbox 225 834 1803 908; baseline 0.003 -21"><span class='ocrx_word' id='word_1_42' title='bbox 225 835 318 899; x_wconf 64' lang='lat' dir='ltr'><strong>re,</strong></span> <span class='ocrx_word' id='word_1_43' title='bbox 346 834 520 903; x_wconf 75' lang='grc' dir='ltr'>γενεὰ</span> <span class='ocrx_word' id='word_1_44' title='bbox 555 836 774 890; x_wconf 76' lang='grc' dir='ltr'>σκολιὰ</span> <span class='ocrx_word' id='word_1_45' title='bbox 800 838 896 889; x_wconf 80' lang='grc' dir='ltr'>καὶ</span> <span class='ocrx_word' id='word_1_46' title='bbox 923 836 1376 908; x_wconf 76' lang='grc' dir='ltr'><strong>διεστραμμένη,</strong></span> <span class='ocrx_word' id='word_1_47' title='bbox 1401 837 1583 893; x_wconf 85' lang='grc' dir='ltr'>ταῦτα</span> <span class='ocrx_word' id='word_1_48' title='bbox 1610 839 1803 907; x_wconf 83' lang='grc' dir='ltr'><strong>Κυρίῳ</strong></span> 
     </span>
    </p>
   </div>
   <div class='ocr_carea' id='block_1_10' title="bbox 226 926 1799 1001">
    <p class='ocr_par' dir='ltr' id='par_1_10' title="bbox 226 926 1799 1001">
     <span class='ocr_line' id='line_1_10' title="bbox 226 926 1799 1001; baseline 0 -19"><span class='ocrx_word' id='word_1_49' title='bbox 226 926 687 991; x_wconf 77' lang='grc' dir='ltr'>ἀνταποδίδοτε;</span> <span class='ocrx_word' id='word_1_50' title='bbox 711 929 863 981; x_wconf 82' lang='grc' dir='ltr'>οὕτω</span> <span class='ocrx_word' id='word_1_51' title='bbox 892 929 1044 995; x_wconf 76' lang='grc' dir='ltr'>λαὸς</span> <span class='ocrx_word' id='word_1_52' title='bbox 1061 930 1257 999; x_wconf 80' lang='grc' dir='ltr'>μωρὸς</span> <span class='ocrx_word' id='word_1_53' title='bbox 1278 932 1374 983; x_wconf 78' lang='grc' dir='ltr'>καὶ</span> <span class='ocrx_word' id='word_1_54' title='bbox 1406 932 1540 1000; x_wconf 77' lang='grc' dir='ltr'><strong>οὐχὶ</strong></span> <span class='ocrx_word' id='word_1_55' title='bbox 1571 935 1799 1001; x_wconf 69' lang='grc' dir='ltr'>σοφόςς</span> 
     </span>
    </p>
   </div>
   <div class='ocr_carea' id='block_1_11' title="bbox 240 1018 1801 1093">
    <p class='ocr_par' dir='ltr' id='par_1_11' title="bbox 240 1018 1801 1093">
     <span class='ocr_line' id='line_1_11' title="bbox 240 1018 1801 1093; baseline 0.002 -21"><span class='ocrx_word' id='word_1_56' title='bbox 240 1018 380 1072; x_wconf 81' lang='grc' dir='ltr'>Ἀλλ’</span> <span class='ocrx_word' id='word_1_57' title='bbox 412 1018 497 1072; x_wconf 77' lang='grc' dir='ltr'>ἵνα</span> <span class='ocrx_word' id='word_1_58' title='bbox 544 1019 619 1090; x_wconf 80' lang='grc' dir='ltr'><strong>μὴ</strong></span> <span class='ocrx_word' id='word_1_59' title='bbox 652 1019 702 1073; x_wconf 89' lang='grc' dir='ltr'><strong>οί</strong></span> <span class='ocrx_word' id='word_1_60' title='bbox 750 1020 886 1091; x_wconf 87' lang='grc' dir='ltr'>μετὰ</span> <span class='ocrx_word' id='word_1_61' title='bbox 935 1021 1108 1074; x_wconf 78' lang='grc' dir='ltr'>ταῦτα</span> <span class='ocrx_word' id='word_1_62' title='bbox 1159 1021 1508 1093; x_wconf 81' lang='grc' dir='ltr'><strong>γενησόμενοι</strong></span> <span class='ocrx_word' id='word_1_63' title='bbox 1541 1025 1649 1085; x_wconf 87' lang='grc' dir='ltr'>τοῖς</span> <span class='ocrx_word' id='word_1_64' title='bbox 1697 1040 1801 1075; x_wconf 92' lang='grc' dir='ltr'>πα-</span> 
     </span>
    </p>
   </div>
   <div class='ocr_carea' id='block_1_12' title="bbox 225 1110 1799 1183">
    <p class='ocr_par' dir='ltr' id='par_1_12' title="bbox 225 1110 1799 1183">
     <span class='ocr_line' id='line_1_12' title="bbox 225 1110 1799 1183; baseline 0.002 -20"><span class='ocrx_word' id='word_1_65' title='bbox 225 1110 418 1181; x_wconf 83' lang='grc' dir='ltr'>τράσιν</span> <span class='ocrx_word' id='word_1_66' title='bbox 449 1110 879 1165; x_wconf 78' lang='grc' dir='ltr'>ἀποτελεσθῶσιν</span> <span class='ocrx_word' id='word_1_67' title='bbox 907 1113 1101 1183; x_wconf 82' lang='grc' dir='ltr'>ὅμοιοι,</span> <span class='ocrx_word' id='word_1_68' title='bbox 1135 1112 1412 1183; x_wconf 80' lang='grc' dir='ltr'><strong>ἔγγραφον</strong></span> <span class='ocrx_word' id='word_1_69' title='bbox 1442 1113 1625 1175; x_wconf 73' lang='grc' dir='ltr'>αὐτοῖς</span> <span class='ocrx_word' id='word_1_70' title='bbox 1660 1130 1799 1183; x_wconf 81' lang='grc' dir='ltr'>παρ-</span> 
     </span>
    </p>
   </div>
   <div class='ocr_carea' id='block_1_13' title="bbox 226 1198 1797 1277">
    <p class='ocr_par' dir='ltr' id='par_1_13' title="bbox 226 1198 1797 1277">
     <span class='ocr_line' id='line_1_13' title="bbox 226 1198 1797 1277; baseline 0 -22"><span class='ocrx_word' id='word_1_71' title='bbox 226 1202 393 1255; x_wconf 79' lang='grc' dir='ltr'>έδωκε</span> <span class='ocrx_word' id='word_1_72' title='bbox 439 1202 527 1255; x_wconf 87' lang='grc' dir='ltr'><strong>τὸν</strong></span> <span class='ocrx_word' id='word_1_73' title='bbox 563 1203 744 1273; x_wconf 84' lang='grc' dir='ltr'>νόμον,</span> <span class='ocrx_word' id='word_1_74' title='bbox 766 1204 859 1258; x_wconf 76' lang='grc' dir='ltr'><strong>καὶ</strong></span> <span class='ocrx_word' id='word_1_75' title='bbox 882 1204 981 1275; x_wconf 83' lang='grc' dir='ltr'>τὴν</span> <span class='ocrx_word' id='word_1_76' title='bbox 1013 1204 1430 1277; x_wconf 82' lang='grc' dir='ltr'>διαμαρτυρίαν,</span> <span class='ocrx_word' id='word_1_77' title='bbox 1450 1205 1515 1258; x_wconf 81' lang='grc' dir='ltr'>δι’</span> <span class='ocrx_word' id='word_1_78' title='bbox 1540 1198 1606 1276; x_wconf 70' lang='grc' dir='ltr'><strong>ἧς</strong></span> <span class='ocrx_word' id='word_1_79' title='bbox 1627 1221 1797 1274; x_wconf 81' lang='grc' dir='ltr'>κατη-</span> 
     </span>
    </p>
   </div>
   <div class='ocr_carea' id='block_1_14' title="bbox 226 1292 1800 1367">
    <p class='ocr_par' dir='ltr' id='par_1_14' title="bbox 226 1292 1800 1367">
     <span class='ocr_line' id='line_1_14' title="bbox 226 1292 1800 1367; baseline -0.001 -21"><span class='ocrx_word' id='word_1_80' title='bbox 226 1296 380 1364; x_wconf 86' lang='grc' dir='ltr'>γορεῖ</span> <span class='ocrx_word' id='word_1_81' title='bbox 417 1292 515 1365; x_wconf 84' lang='grc' dir='ltr'>μὲν</span> <span class='ocrx_word' id='word_1_82' title='bbox 545 1294 652 1347; x_wconf 91' lang='grc' dir='ltr'><strong>τῶν</strong></span> <span class='ocrx_word' id='word_1_83' title='bbox 692 1295 960 1367; x_wconf 83' lang='grc' dir='ltr'>πατέρων,</span> <span class='ocrx_word' id='word_1_84' title='bbox 995 1296 1325 1350; x_wconf 80' lang='grc' dir='ltr'>διεστείλατο</span> <span class='ocrx_word' id='word_1_85' title='bbox 1355 1296 1411 1349; x_wconf 85' lang='grc' dir='ltr'>δὲ</span> <span class='ocrx_word' id='word_1_86' title='bbox 1452 1297 1545 1349; x_wconf 81' lang='grc' dir='ltr'><strong>καὶ</strong></span> <span class='ocrx_word' id='word_1_87' title='bbox 1578 1296 1800 1365; x_wconf 82' lang='grc' dir='ltr'>διεμαρ-</span> 
     </span>
    </p>
   </div>
   <div class='ocr_carea' id='block_1_15' title="bbox 223 1384 1794 1459">
    <p class='ocr_par' dir='ltr' id='par_1_15' title="bbox 223 1384 1794 1459">
     <span class='ocr_line' id='line_1_15' title="bbox 223 1384 1794 1459; baseline 0.002 -22"><span class='ocrx_word' id='word_1_88' title='bbox 223 1384 427 1453; x_wconf 85' lang='grc' dir='ltr'>τύρατο</span> <span class='ocrx_word' id='word_1_89' title='bbox 464 1388 577 1450; x_wconf 84' lang='grc' dir='ltr'>τοῖς</span> <span class='ocrx_word' id='word_1_90' title='bbox 607 1385 817 1450; x_wconf 88' lang='grc' dir='ltr'>τέκνοις</span> <span class='ocrx_word' id='word_1_91' title='bbox 849 1387 922 1459; x_wconf 81' lang='grc' dir='ltr'>μὴ</span> <span class='ocrx_word' id='word_1_92' title='bbox 957 1387 1333 1458; x_wconf 72' lang='grc' dir='ltr'>ἐξομοιοῦσθαι</span> <span class='ocrx_word' id='word_1_93' title='bbox 1387 1391 1497 1452; x_wconf 86' lang='grc' dir='ltr'>τοῖς</span> <span class='ocrx_word' id='word_1_94' title='bbox 1538 1388 1794 1458; x_wconf 83' lang='grc' dir='ltr'>πατράσι,</span> 
     </span>
    </p>
   </div>
   <div class='ocr_carea' id='block_1_16' title="bbox 228 1475 1799 1549">
    <p class='ocr_par' dir='ltr' id='par_1_16' title="bbox 228 1475 1799 1549">
     <span class='ocr_line' id='line_1_16' title="bbox 228 1475 1799 1549; baseline 0.003 -23"><span class='ocrx_word' id='word_1_95' title='bbox 228 1475 364 1545; x_wconf 83' lang='grc' dir='ltr'>μηδὲ</span> <span class='ocrx_word' id='word_1_96' title='bbox 402 1478 467 1546; x_wconf 82' lang='grc' dir='ltr'>τῇ</span> <span class='ocrx_word' id='word_1_97' title='bbox 501 1476 740 1549; x_wconf 67' lang='grc' dir='ltr'>προτέρᾳ</span> <span class='ocrx_word' id='word_1_98' title='bbox 778 1480 961 1549; x_wconf 83' lang='grc' dir='ltr'>γενεᾷ,</span> <span class='ocrx_word' id='word_1_99' title='bbox 1013 1478 1143 1546; x_wconf 82' lang='grc' dir='ltr'>ἣτις</span> <span class='ocrx_word' id='word_1_100' title='bbox 1193 1480 1265 1532; x_wconf 84' lang='grc' dir='ltr'>οὐ</span> <span class='ocrx_word' id='word_1_101' title='bbox 1313 1479 1644 1548; x_wconf 83' lang='grc' dir='ltr'>κατηύθυνε</span> <span class='ocrx_word' id='word_1_102' title='bbox 1684 1477 1799 1544; x_wconf 78' lang='grc' dir='ltr'><strong>τὴν</strong></span> 
     </span>
    </p>
   </div>
   <div class='ocr_carea' id='block_1_17' title="bbox 225 1565 1800 1637">
    <p class='ocr_par' dir='ltr' id='par_1_17' title="bbox 225 1565 1800 1637">
     <span class='ocr_line' id='line_1_17' title="bbox 225 1565 1800 1637; baseline 0.001 -19"><span class='ocrx_word' id='word_1_103' title='bbox 225 1565 477 1633; x_wconf 75' lang='grc' dir='ltr'>καρδίαν</span> <span class='ocrx_word' id='word_1_104' title='bbox 505 1567 715 1636; x_wconf 83' lang='grc' dir='ltr'>αὐτῆς,</span> <span class='ocrx_word' id='word_1_105' title='bbox 751 1568 848 1622; x_wconf 75' lang='grc' dir='ltr'>καὶ</span> <span class='ocrx_word' id='word_1_106' title='bbox 869 1570 979 1623; x_wconf 82' lang='grc' dir='ltr'>οὐκ</span> <span class='ocrx_word' id='word_1_107' title='bbox 1006 1567 1306 1637; x_wconf 81' lang='grc' dir='ltr'>ἐπιστώθη</span> <span class='ocrx_word' id='word_1_108' title='bbox 1335 1568 1484 1637; x_wconf 82' lang='grc' dir='ltr'>μετὰ</span> <span class='ocrx_word' id='word_1_109' title='bbox 1515 1567 1620 1621; x_wconf 84' lang='grc' dir='ltr'>τοῦ</span> <span class='ocrx_word' id='word_1_110' title='bbox 1653 1566 1800 1620; x_wconf 82' lang='grc' dir='ltr'>Θεοῦ</span> 
     </span>
    </p>
   </div>
   <div class='ocr_carea' id='block_1_18' title="bbox 224 1655 1801 1731">
    <p class='ocr_par' dir='ltr' id='par_1_18' title="bbox 224 1655 1801 1731">
     <span class='ocr_line' id='line_1_18' title="bbox 224 1655 1801 1731; baseline 0 -20"><span class='ocrx_word' id='word_1_111' title='bbox 224 1658 293 1711; x_wconf 79' lang='grc' dir='ltr'>τὸ</span> <span class='ocrx_word' id='word_1_112' title='bbox 324 1658 556 1727; x_wconf 79' lang='grc' dir='ltr'>πνεῦμα</span> <span class='ocrx_word' id='word_1_113' title='bbox 586 1659 795 1727; x_wconf 83' lang='grc' dir='ltr'>αὐτῆς.</span> <span class='ocrx_word' id='word_1_114' title='bbox 833 1660 906 1713; x_wconf 78' lang='grc' dir='ltr'><strong>Οὐ</strong></span> <span class='ocrx_word' id='word_1_115' title='bbox 942 1660 1051 1731; x_wconf 77' lang='grc' dir='ltr'><strong>γάρ</strong></span> <span class='ocrx_word' id='word_1_116' title='bbox 1092 1660 1303 1729; x_wconf 86' lang='grc' dir='ltr'>φύσεως</span> <span class='ocrx_word' id='word_1_117' title='bbox 1330 1659 1537 1731; x_wconf 81' lang='grc' dir='ltr'>φαύλης</span> <span class='ocrx_word' id='word_1_118' title='bbox 1561 1655 1649 1730; x_wconf 79' lang='grc' dir='ltr'>ἦν,</span> <span class='ocrx_word' id='word_1_119' title='bbox 1677 1658 1801 1711; x_wconf 83' lang='grc' dir='ltr'>ούδὲ</span> 
     </span>
    </p>
   </div>
   <div class='ocr_carea' id='block_1_19' title="bbox 1901 561 3471 635">
    <p class='ocr_par' dir='ltr' id='par_1_19' title="bbox 1901 561 3471 635">
     <span class='ocr_line' id='line_1_19' title="bbox 1901 561 3471 635; baseline -0.001 -17"><span class='ocrx_word' id='word_1_120' title='bbox 1901 565 2092 619; x_wconf 86' lang='lat' dir='ltr'><strong>siccine</strong></span> <span class='ocrx_word' id='word_1_121' title='bbox 2117 578 2338 635; x_wconf 77' lang='lat' dir='ltr'><strong>populus</strong></span> <span class='ocrx_word' id='word_1_122' title='bbox 2370 565 2564 619; x_wconf 85' lang='lat' dir='ltr'><strong>stultus</strong></span> <span class='ocrx_word' id='word_1_123' title='bbox 2595 574 2643 618; x_wconf 90' lang='lat' dir='ltr'><strong>et</strong></span> <span class='ocrx_word' id='word_1_124' title='bbox 2672 580 2775 618; x_wconf 85' lang='lat' dir='ltr'><strong>non</strong></span> <span class='ocrx_word' id='word_1_125' title='bbox 2791 564 2999 632; x_wconf 75' lang='lat' dir='ltr'><strong>sapiens</strong></span> <span class='ocrx_word' id='word_1_126' title='bbox 3026 561 3110 617; x_wconf 76' lang='lat'><strong>’°?</strong></span> <span class='ocrx_word' id='word_1_127' title='bbox 3140 562 3244 618; x_wconf 86' lang='lat' dir='ltr'><strong>Sed</strong></span> <span class='ocrx_word' id='word_1_128' title='bbox 3273 570 3335 617; x_wconf 87' lang='lat' dir='ltr'><strong>ut</strong></span> <span class='ocrx_word' id='word_1_129' title='bbox 3373 578 3471 618; x_wconf 90' lang='lat' dir='ltr'><strong>eo-</strong></span> 
     </span>
    </p>
   </div>
   <div class='ocr_carea' id='block_1_20' title="bbox 1902 652 3472 725">
    <p class='ocr_par' dir='ltr' id='par_1_20' title="bbox 1902 652 3472 725">
     <span class='ocr_line' id='line_1_20' title="bbox 1902 652 3472 725; baseline -0.001 -16"><span class='ocrx_word' id='word_1_130' title='bbox 1902 668 2026 709; x_wconf 98' lang='lat' dir='ltr'><strong>rum</strong></span> <span class='ocrx_word' id='word_1_131' title='bbox 2069 663 2293 725; x_wconf 76' lang='lat' dir='ltr'><strong>nepotes</strong></span> <span class='ocrx_word' id='word_1_132' title='bbox 2337 655 2586 725; x_wconf 85' lang='lat' dir='ltr'><strong>patribus</strong></span> <span class='ocrx_word' id='word_1_133' title='bbox 2618 653 2825 709; x_wconf 84' lang='lat' dir='ltr'><strong>similes</strong></span> <span class='ocrx_word' id='word_1_134' title='bbox 2857 668 2964 708; x_wconf 87' lang='lat' dir='ltr'><strong>non</strong></span> <span class='ocrx_word' id='word_1_135' title='bbox 2994 652 3306 718; x_wconf 76' lang='lat' dir='ltr'><strong>evaderent,</strong></span> <span class='ocrx_word' id='word_1_136' title='bbox 3333 655 3472 709; x_wconf 89' lang='lat' dir='ltr'><strong>scri-</strong></span> 
     </span>
    </p>
   </div>
   <div class='ocr_carea' id='block_1_21' title="bbox 1904 744 3471 816">
    <p class='ocr_par' dir='ltr' id='par_1_21' title="bbox 1904 744 3471 816">
     <span class='ocr_line' id='line_1_21' title="bbox 1904 744 3471 816; baseline 0.001 -18"><span class='ocrx_word' id='word_1_137' title='bbox 1904 754 2052 815; x_wconf 90' lang='lat' dir='ltr'><strong>ptam</strong></span> <span class='ocrx_word' id='word_1_138' title='bbox 2094 746 2228 816; x_wconf 84' lang='lat' dir='ltr'><strong>ipsis</strong></span> <span class='ocrx_word' id='word_1_139' title='bbox 2279 746 2450 816; x_wconf 81' lang='lat' dir='ltr'><strong>legem</strong></span> <span class='ocrx_word' id='word_1_140' title='bbox 2491 744 2737 809; x_wconf 74' lang='lat' dir='ltr'><strong>tradidit,</strong></span> <span class='ocrx_word' id='word_1_141' title='bbox 2775 753 2831 800; x_wconf 91' lang='lat' dir='ltr'><strong>et</strong></span> <span class='ocrx_word' id='word_1_142' title='bbox 2872 744 3335 809; x_wconf 87' lang='lat' dir='ltr'><strong>testilicationem,</strong></span> <span class='ocrx_word' id='word_1_143' title='bbox 3363 760 3471 814; x_wconf 88' lang='lat' dir='ltr'><strong>qua</strong></span> 
     </span>
    </p>
   </div>
   <div class='ocr_carea' id='block_1_22' title="bbox 1902 835 3473 909">
    <p class='ocr_par' dir='ltr' id='par_1_22' title="bbox 1902 835 3473 909">
     <span class='ocr_line' id='line_1_22' title="bbox 1902 835 3473 909; baseline 0 -19"><span class='ocrx_word' id='word_1_144' title='bbox 1902 845 2086 908; x_wconf 84' lang='lat' dir='ltr'><strong>patres</strong></span> <span class='ocrx_word' id='word_1_145' title='bbox 2126 837 2344 909; x_wconf 82' lang='lat' dir='ltr'><strong>quidem</strong></span> <span class='ocrx_word' id='word_1_146' title='bbox 2372 838 2665 901; x_wconf 85' lang='lat' dir='ltr'><strong>incusavit,</strong></span> <span class='ocrx_word' id='word_1_147' title='bbox 2691 838 2949 908; x_wconf 62' lang='lat' dir='ltr'><strong>praecepit</strong></span> <span class='ocrx_word' id='word_1_148' title='bbox 2980 844 3160 892; x_wconf 87' lang='lat' dir='ltr'><strong>autem</strong></span> <span class='ocrx_word' id='word_1_149' title='bbox 3192 844 3246 891; x_wconf 89' lang='lat' dir='ltr'><strong>et</strong></span> <span class='ocrx_word' id='word_1_150' title='bbox 3283 835 3473 893; x_wconf 78' lang='lat' dir='ltr'><strong>testiﬁ-</strong></span> 
     </span>
    </p>
   </div>
   <div class='ocr_carea' id='block_1_23' title="bbox 1905 927 3474 999">
    <p class='ocr_par' dir='ltr' id='par_1_23' title="bbox 1905 927 3474 999">
     <span class='ocr_line' id='line_1_23' title="bbox 1905 927 3474 999; baseline -0.001 -15"><span class='ocrx_word' id='word_1_151' title='bbox 1905 939 2061 984; x_wconf 87' lang='lat' dir='ltr'><strong>catus</strong></span> <span class='ocrx_word' id='word_1_152' title='bbox 2090 929 2215 983; x_wconf 85' lang='lat' dir='ltr'><strong>liliis</strong></span> <span class='ocrx_word' id='word_1_153' title='bbox 2236 937 2343 994; x_wconf 89' lang='lat' dir='ltr'><strong>est,</strong></span> <span class='ocrx_word' id='word_1_154' title='bbox 2381 936 2441 982; x_wconf 93' lang='lat' dir='ltr'><strong>ut</strong></span> <span class='ocrx_word' id='word_1_155' title='bbox 2471 944 2538 983; x_wconf 89' lang='lat' dir='ltr'><strong>ne</strong></span> <span class='ocrx_word' id='word_1_156' title='bbox 2565 928 2811 999; x_wconf 88' lang='lat' dir='ltr'><strong>patribus</strong></span> <span class='ocrx_word' id='word_1_157' title='bbox 2835 927 3044 984; x_wconf 83' lang='lat' dir='ltr'><strong>similes</strong></span> <span class='ocrx_word' id='word_1_158' title='bbox 3067 935 3274 992; x_wconf 86' lang='lat' dir='ltr'><strong>essent,</strong></span> <span class='ocrx_word' id='word_1_159' title='bbox 3298 943 3474 998; x_wconf 83' lang='lat' dir='ltr'><strong>neque</strong></span> 
     </span>
    </p>
   </div>
   <div class='ocr_carea' id='block_1_24' title="bbox 1907 1016 3474 1090">
    <p class='ocr_par' dir='ltr' id='par_1_24' title="bbox 1907 1016 3474 1090">
     <span class='ocr_line' id='line_1_24' title="bbox 1907 1016 3474 1090; baseline 0 -18"><span class='ocrx_word' id='word_1_160' title='bbox 1907 1020 2076 1089; x_wconf 82' lang='lat' dir='ltr'><strong>priori</strong></span> <span class='ocrx_word' id='word_1_161' title='bbox 2108 1020 2182 1073; x_wconf 91' lang='lat' dir='ltr'><strong>illi</strong></span> <span class='ocrx_word' id='word_1_162' title='bbox 2215 1018 2574 1090; x_wconf 81' lang='lat' dir='ltr'><strong>generationi.</strong></span> <span class='ocrx_word' id='word_1_163' title='bbox 2597 1035 2714 1089; x_wconf 76' lang='lat' dir='ltr'><strong>qua:</strong></span> <span class='ocrx_word' id='word_1_164' title='bbox 2742 1035 2845 1072; x_wconf 87' lang='lat' dir='ltr'><strong>non</strong></span> <span class='ocrx_word' id='word_1_165' title='bbox 2872 1016 3067 1071; x_wconf 77' lang='lat' dir='ltr'><strong>direxit</strong></span> <span class='ocrx_word' id='word_1_166' title='bbox 3097 1034 3188 1070; x_wconf 90' lang='lat' dir='ltr'><strong>cor</strong></span> <span class='ocrx_word' id='word_1_167' title='bbox 3220 1034 3399 1085; x_wconf 88' lang='lat' dir='ltr'><strong>suum,</strong></span> <span class='ocrx_word' id='word_1_168' title='bbox 3424 1030 3474 1072; x_wconf 87' lang='lat' dir='ltr'><strong>et</strong></span> 
     </span>
    </p>
   </div>
   <div class='ocr_carea' id='block_1_25' title="bbox 1905 1105 3474 1178">
    <p class='ocr_par' dir='ltr' id='par_1_25' title="bbox 1905 1105 3474 1178">
     <span class='ocr_line' id='line_1_25' title="bbox 1905 1105 3474 1178; baseline -0.001 -16"><span class='ocrx_word' id='word_1_169' title='bbox 1905 1126 2007 1162; x_wconf 89' lang='lat' dir='ltr'><strong>non</strong></span> <span class='ocrx_word' id='word_1_170' title='bbox 2056 1108 2229 1178; x_wconf 82' lang='lat' dir='ltr'><strong>ﬁdelis</strong></span> <span class='ocrx_word' id='word_1_171' title='bbox 2274 1109 2377 1178; x_wconf 80' lang='lat' dir='ltr'><strong>fuit</strong></span> <span class='ocrx_word' id='word_1_172' title='bbox 2420 1124 2536 1160; x_wconf 85' lang='lat' dir='ltr'><strong>cum</strong></span> <span class='ocrx_word' id='word_1_173' title='bbox 2569 1107 2677 1161; x_wconf 89' lang='lat' dir='ltr'><strong>Deo</strong></span> <span class='ocrx_word' id='word_1_174' title='bbox 2707 1107 2925 1177; x_wconf 80' lang='lat' dir='ltr'><strong>spiritus</strong></span> <span class='ocrx_word' id='word_1_175' title='bbox 2950 1107 3085 1177; x_wconf 84' lang='lat' dir='ltr'><strong>ejus.</strong></span> <span class='ocrx_word' id='word_1_176' title='bbox 3114 1105 3299 1176; x_wconf 87' lang='lat' dir='ltr'><strong>Neque</strong></span> <span class='ocrx_word' id='word_1_177' title='bbox 3328 1108 3474 1162; x_wconf 88' lang='lat' dir='ltr'><strong>enim</strong></span> 
     </span>
    </p>
   </div>
   <div class='ocr_carea' id='block_1_26' title="bbox 1904 1198 3475 1273">
    <p class='ocr_par' dir='ltr' id='par_1_26' title="bbox 1904 1198 3475 1273">
     <span class='ocr_line' id='line_1_26' title="bbox 1904 1198 3475 1273; baseline -0.003 -16"><span class='ocrx_word' id='word_1_178' title='bbox 1904 1217 2082 1273; x_wconf 65' lang='lat' dir='ltr'><strong>pravae</strong></span> <span class='ocrx_word' id='word_1_179' title='bbox 2119 1210 2326 1256; x_wconf 60' lang='lat' dir='ltr'><strong>natura:</strong></span> <span class='ocrx_word' id='word_1_180' title='bbox 2357 1209 2493 1265; x_wconf 88' lang='lat' dir='ltr'><strong>erat,</strong></span> <span class='ocrx_word' id='word_1_181' title='bbox 2525 1215 2701 1270; x_wconf 88' lang='lat' dir='ltr'><strong>neque</strong></span> <span class='ocrx_word' id='word_1_182' title='bbox 2730 1199 2884 1253; x_wconf 69' lang='lat' dir='ltr'><strong>mala:</strong></span> <span class='ocrx_word' id='word_1_183' title='bbox 2911 1198 3349 1263; x_wconf 84' lang='lat' dir='ltr'><strong>constitutionis;</strong></span> <span class='ocrx_word' id='word_1_184' title='bbox 3380 1199 3475 1254; x_wconf 86' lang='lat' dir='ltr'><strong>sed</strong></span> 
     </span>
    </p>
   </div>
   <div class='ocr_carea' id='block_1_27' title="bbox 1906 1291 3473 1362">
    <p class='ocr_par' dir='ltr' id='par_1_27' title="bbox 1906 1291 3473 1362">
     <span class='ocr_line' id='line_1_27' title="bbox 1906 1291 3473 1362; baseline -0.001 -14"><span class='ocrx_word' id='word_1_185' title='bbox 1906 1310 1973 1348; x_wconf 76' lang='lat' dir='ltr'><strong>ex</strong></span> <span class='ocrx_word' id='word_1_186' title='bbox 2012 1295 2292 1348; x_wconf 77' lang='lat' dir='ltr'><strong>voluntate</strong></span> <span class='ocrx_word' id='word_1_187' title='bbox 2319 1292 2428 1347; x_wconf 89' lang='lat' dir='ltr'><strong>Deo</strong></span> <span class='ocrx_word' id='word_1_188' title='bbox 2453 1292 2862 1362; x_wconf 87' lang='lat' dir='ltr'><strong>obsequentiam</strong></span> <span class='ocrx_word' id='word_1_189' title='bbox 2888 1291 3222 1356; x_wconf 79' lang='lat' dir='ltr'><strong>detrectans,</strong></span> <span class='ocrx_word' id='word_1_190' title='bbox 3254 1306 3473 1346; x_wconf 81' lang='lat' dir='ltr'><strong>exacer-</strong></span> 
     </span>
    </p>
   </div>
   <div class='ocr_carea' id='block_1_28' title="bbox 1907 1383 3472 1453">
    <p class='ocr_par' dir='ltr' id='par_1_28' title="bbox 1907 1383 3472 1453">
     <span class='ocr_line' id='line_1_28' title="bbox 1907 1383 3472 1453; baseline -0.003 -14"><span class='ocrx_word' id='word_1_191' title='bbox 1907 1385 2053 1439; x_wconf 87' lang='lat' dir='ltr'><strong>bavit</strong></span> <span class='ocrx_word' id='word_1_192' title='bbox 2077 1401 2225 1453; x_wconf 91' lang='lat' dir='ltr'><strong>eum,</strong></span> <span class='ocrx_word' id='word_1_193' title='bbox 2256 1394 2419 1453; x_wconf 86' lang='lat' dir='ltr'><strong>atque</strong></span> <span class='ocrx_word' id='word_1_194' title='bbox 2440 1400 2507 1438; x_wconf 83' lang='lat' dir='ltr'><strong>ex</strong></span> <span class='ocrx_word' id='word_1_195' title='bbox 2537 1384 2881 1453; x_wconf 85' lang='lat' dir='ltr'><strong>perversione</strong></span> <span class='ocrx_word' id='word_1_196' title='bbox 2902 1391 3145 1438; x_wconf 86' lang='lat' dir='ltr'><strong>tortuosa</strong></span> <span class='ocrx_word' id='word_1_197' title='bbox 3162 1383 3347 1438; x_wconf 70' lang='lat' dir='ltr'><strong>effecta</strong></span> <span class='ocrx_word' id='word_1_198' title='bbox 3370 1394 3472 1436; x_wconf 85' lang='lat' dir='ltr'><strong>est.</strong></span> 
     </span>
    </p>
   </div>
   <div class='ocr_carea' id='block_1_29' title="bbox 1904 1472 3473 1543">
    <p class='ocr_par' dir='ltr' id='par_1_29' title="bbox 1904 1472 3473 1543">
     <span class='ocr_line' id='line_1_29' title="bbox 1904 1472 3473 1543; baseline -0.002 -14"><span class='ocrx_word' id='word_1_199' title='bbox 1904 1473 2267 1542; x_wconf 85' lang='lat' dir='ltr'><strong>Quamobrem</strong></span> <span class='ocrx_word' id='word_1_200' title='bbox 2322 1474 2620 1530; x_wconf 88' lang='lat' dir='ltr'><strong>secundum</strong></span> <span class='ocrx_word' id='word_1_201' title='bbox 2662 1472 3047 1543; x_wconf 84' lang='lat' dir='ltr'><strong>Symmachum</strong></span> <span class='ocrx_word' id='word_1_202' title='bbox 3098 1474 3303 1529; x_wconf 88' lang='lat' dir='ltr'><strong>dictum</strong></span> <span class='ocrx_word' id='word_1_203' title='bbox 3343 1484 3473 1529; x_wconf 87' lang='lat' dir='ltr'><strong>est:</strong></span> 
     </span>
    </p>
   </div>
   <div class='ocr_carea' id='block_1_30' title="bbox 1910 1564 3476 1637">
    <p class='ocr_par' dir='ltr' id='par_1_30' title="bbox 1910 1564 3476 1637">
     <span class='ocr_line' id='line_1_30' title="bbox 1910 1564 3476 1637; baseline -0.001 -19"><span class='ocrx_word' id='word_1_204' title='bbox 1910 1564 2187 1619; x_wconf 82' lang='lat' dir='ltr'><strong>Generatio</strong></span> <span class='ocrx_word' id='word_1_205' title='bbox 2217 1566 2388 1619; x_wconf 82' lang='lat' dir='ltr'><strong>invita</strong></span> <span class='ocrx_word' id='word_1_206' title='bbox 2418 1564 2595 1630; x_wconf 86' lang='lat' dir='ltr'><strong>corde,</strong></span> <span class='ocrx_word' id='word_1_207' title='bbox 2630 1575 2678 1618; x_wconf 89' lang='lat' dir='ltr'><strong>et</strong></span> <span class='ocrx_word' id='word_1_208' title='bbox 2702 1564 2919 1635; x_wconf 76' lang='lat' dir='ltr'><strong>inﬁrma</strong></span> <span class='ocrx_word' id='word_1_209' title='bbox 2942 1582 3067 1637; x_wconf 90' lang='lat' dir='ltr'><strong>erga</strong></span> <span class='ocrx_word' id='word_1_210' title='bbox 3092 1566 3259 1619; x_wconf 89' lang='lat' dir='ltr'><strong>Deum</strong></span> <span class='ocrx_word' id='word_1_211' title='bbox 3287 1566 3476 1634; x_wconf 79' lang='lat' dir='ltr'><strong>spiritu</strong></span> 
     </span>
    </p>
   </div>
   <div class='ocr_carea' id='block_1_31' title="bbox 1907 1673 2023 1711">
    <p class='ocr_par' dir='ltr' id='par_1_31' title="bbox 1907 1673 2023 1711">
     <span class='ocr_line' id='line_1_31' title="bbox 1907 1673 2023 1711; baseline 0.017 -2"><span class='ocrx_word' id='word_1_212' title='bbox 1907 1673 2023 1711; x_wconf 86' lang='lat' dir='ltr'><strong>suo.</strong></span> 
     </span>
    </p>
   </div>
   <div class='ocr_carea' id='block_1_32' title="bbox 224 1748 3476 1827">
    <p class='ocr_par' dir='ltr' id='par_1_32' title="bbox 224 1748 3476 1827">
     <span class='ocr_line' id='line_1_32' title="bbox 224 1748 3476 1827; baseline 0 -24"><span class='ocrx_word' id='word_1_213' title='bbox 224 1752 568 1823; x_wconf 85' lang='grc' dir='ltr'>κατασκευῆς</span> <span class='ocrx_word' id='word_1_214' title='bbox 595 1756 855 1825; x_wconf 80' lang='grc' dir='ltr'>πονηρᾶς,</span> <span class='ocrx_word' id='word_1_215' title='bbox 886 1755 949 1807; x_wconf 82' lang='grc' dir='ltr'>ὲκ</span> <span class='ocrx_word' id='word_1_216' title='bbox 980 1754 1351 1827; x_wconf 84' lang='grc' dir='ltr'>προαιρέσεως</span> <span class='ocrx_word' id='word_1_217' title='bbox 1414 1754 1469 1807; x_wconf 84' lang='grc' dir='ltr'><strong>δὲ</strong></span> <span class='ocrx_word' id='word_1_218' title='bbox 1538 1752 1869 1807; x_wconf 85' lang='grc' dir='ltr'>ἁνανεύουσα</span> <span class='ocrx_word' id='word_1_219' title='bbox 1910 1752 2045 1823; x_wconf 76' lang='grc' dir='ltr'>πρὸς</span> <span class='ocrx_word' id='word_1_220' title='bbox 2074 1748 2183 1822; x_wconf 83' lang='grc' dir='ltr'>τὴν</span> <span class='ocrx_word' id='word_1_221' title='bbox 2232 1751 2327 1805; x_wconf 80' lang='grc' dir='ltr'>τοῦ</span> <span class='ocrx_word' id='word_1_222' title='bbox 2363 1750 2497 1804; x_wconf 80' lang='grc' dir='ltr'><strong>Θεοῦ</strong></span> <span class='ocrx_word' id='word_1_223' title='bbox 2538 1751 2782 1823; x_wconf 82' lang='grc' dir='ltr'>ὑπακοὴν</span> <span class='ocrx_word' id='word_1_224' title='bbox 2828 1753 3238 1824; x_wconf 84' lang='grc' dir='ltr'>παοεπίκρανε,</span> <span class='ocrx_word' id='word_1_225' title='bbox 3276 1752 3369 1805; x_wconf 77' lang='grc' dir='ltr'><strong>καὶ</strong></span> <span class='ocrx_word' id='word_1_226' title='bbox 3412 1753 3476 1804; x_wconf 84' lang='grc' dir='ltr'>ὲκ</span> 
     </span>
    </p>
   </div>
   <div class='ocr_carea' id='block_1_33' title="bbox 224 1840 3480 1918">
    <p class='ocr_par' dir='ltr' id='par_1_33' title="bbox 224 1840 3480 1918">
     <span class='ocr_line' id='line_1_33' title="bbox 224 1840 3480 1918; baseline 0.001 -25"><span class='ocrx_word' id='word_1_227' title='bbox 224 1840 555 1914; x_wconf 82' lang='grc' dir='ltr'>διαστροφῆς</span> <span class='ocrx_word' id='word_1_228' title='bbox 597 1844 783 1899; x_wconf 75' lang='grc' dir='ltr'>σκολιὰ</span> <span class='ocrx_word' id='word_1_229' title='bbox 818 1846 1004 1914; x_wconf 81' lang='grc' dir='ltr'>γέγονε</span> <span class='ocrx_word' id='word_1_230' title='bbox 1028 1864 1040 1877; x_wconf 89' lang='grc'><strong>·</strong></span> <span class='ocrx_word' id='word_1_231' title='bbox 1078 1846 1158 1899; x_wconf 82' lang='grc' dir='ltr'><strong>διὸ</strong></span> <span class='ocrx_word' id='word_1_232' title='bbox 1197 1847 1336 1900; x_wconf 84' lang='grc' dir='ltr'>κατὰ</span> <span class='ocrx_word' id='word_1_233' title='bbox 1381 1848 1471 1900; x_wconf 80' lang='grc' dir='ltr'><strong>τὸν</strong></span> <span class='ocrx_word' id='word_1_234' title='bbox 1508 1847 1802 1918; x_wconf 79' lang='grc' dir='ltr'>Σύμμαχον</span> <span class='ocrx_word' id='word_1_235' title='bbox 1842 1849 2083 1917; x_wconf 74' lang='grc' dir='ltr'>εἴρηται·</span> <span class='ocrx_word' id='word_1_236' title='bbox 2141 1846 2333 1900; x_wconf 83' lang='grc' dir='ltr'>Γενεὰ</span> <span class='ocrx_word' id='word_1_237' title='bbox 2375 1846 2762 1915; x_wconf 79' lang='grc' dir='ltr'>ἀπροαίρετος</span> <span class='ocrx_word' id='word_1_238' title='bbox 2799 1846 2876 1915; x_wconf 79' lang='grc' dir='ltr'>τῇ</span> <span class='ocrx_word' id='word_1_239' title='bbox 2933 1847 3167 1916; x_wconf 75' lang='grc' dir='ltr'>καρδίᾳ,</span> <span class='ocrx_word' id='word_1_240' title='bbox 3206 1848 3304 1900; x_wconf 76' lang='grc' dir='ltr'><strong>καί</strong></span> <span class='ocrx_word' id='word_1_241' title='bbox 3347 1843 3480 1901; x_wconf 80' lang='grc' dir='ltr'><strong>ἀϐέ-</strong></span> 
     </span>
    </p>
   </div>
   <div class='ocr_carea' id='block_1_34' title="bbox 227 1934 1692 2011">
    <p class='ocr_par' dir='ltr' id='par_1_34' title="bbox 227 1934 1692 2011">
     <span class='ocr_line' id='line_1_34' title="bbox 227 1934 1692 2011; baseline 0.008 -26"><span class='ocrx_word' id='word_1_242' title='bbox 227 1934 390 2001; x_wconf 74' lang='grc' dir='ltr'>ϐαιος</span> <span class='ocrx_word' id='word_1_243' title='bbox 416 1936 566 2004; x_wconf 81' lang='grc' dir='ltr'>πρὸς</span> <span class='ocrx_word' id='word_1_244' title='bbox 592 1937 697 1991; x_wconf 78' lang='grc' dir='ltr'>τὸν</span> <span class='ocrx_word' id='word_1_245' title='bbox 719 1938 867 1993; x_wconf 81' lang='grc' dir='ltr'>Θεὸν</span> <span class='ocrx_word' id='word_1_246' title='bbox 891 1940 972 2005; x_wconf 83' lang='grc' dir='ltr'>τῷ</span> <span class='ocrx_word' id='word_1_247' title='bbox 1006 1943 1299 2011; x_wconf 76' lang='grc' dir='ltr'>πνεύματι</span> <span class='ocrx_word' id='word_1_248' title='bbox 1344 1941 1424 2009; x_wconf 85' lang='grc' dir='ltr'>τῷ</span> <span class='ocrx_word' id='word_1_249' title='bbox 1452 1941 1692 2011; x_wconf 80' lang='grc' dir='ltr'>ἑαυτῆς.</span> 
     </span>
    </p>
   </div>
   <div class='ocr_carea' id='block_1_35' title="bbox 309 2052 1803 2127">
    <p class='ocr_par' dir='ltr' id='par_1_35' title="bbox 309 2052 1799 2127">
     <span class='ocr_line' id='line_1_35' title="bbox 309 2052 1799 2127; baseline 0.008 -24"><span class='ocrx_word' id='word_1_250' title='bbox 309 2052 429 2104; x_wconf 74' lang='grc' dir='ltr'><strong>Υἱοὶ</strong></span> <span class='ocrx_word' id='word_1_251' title='bbox 476 2053 716 2123; x_wconf 70' lang='grc' dir='ltr'>Ἐφραῒμ</span> <span class='ocrx_word' id='word_1_252' title='bbox 736 2094 752 2118; x_wconf 94' lang='grc'><strong>,</strong></span> <span class='ocrx_word' id='word_1_253' title='bbox 790 2057 1161 2125; x_wconf 74' lang='grc' dir='ltr'>ἐντείνοντες</span> <span class='ocrx_word' id='word_1_254' title='bbox 1199 2060 1295 2113; x_wconf 81' lang='grc' dir='ltr'><strong>καί</strong></span> <span class='ocrx_word' id='word_1_255' title='bbox 1324 2059 1666 2127; x_wconf 71' lang='grc' dir='ltr'>,ϐάλλοντες</span> <span class='ocrx_word' id='word_1_256' title='bbox 1703 2062 1799 2113; x_wconf 83' lang='grc' dir='ltr'>τό·</span> 
     </span>
    </p>
   </div>
   <div class='ocr_carea' id='block_1_36' title="bbox 1904 2052 3475 2127">
    <p class='ocr_par' dir='ltr' id='par_1_36' title="bbox 1974 2053 3475 2124">
     <span class='ocr_line' id='line_1_36' title="bbox 1974 2053 3475 2124; baseline 0 -15"><span class='ocrx_word' id='word_1_257' title='bbox 1974 2054 2139 2110; x_wconf 71' lang='lat' dir='ltr'><strong>Vens.</strong></span> <span class='ocrx_word' id='word_1_258' title='bbox 2197 2054 2252 2109; x_wconf 91' lang='lat'><strong>9.</strong></span> <span class='ocrx_word' id='word_1_259' title='bbox 2284 2053 2418 2108; x_wconf 80' lang='lat' dir='ltr'><strong>Filii</strong></span> <span class='ocrx_word' id='word_1_260' title='bbox 2463 2054 2720 2124; x_wconf 82' lang='lat' dir='ltr'><strong>Ephraim</strong></span> <span class='ocrx_word' id='word_1_261' title='bbox 2755 2053 3076 2108; x_wconf 81' lang='lat' dir='ltr'><strong>intendentes</strong></span> <span class='ocrx_word' id='word_1_262' title='bbox 3110 2061 3159 2107; x_wconf 87' lang='lat' dir='ltr'><strong>et</strong></span> <span class='ocrx_word' id='word_1_263' title='bbox 3186 2053 3475 2110; x_wconf 77' lang='lat' dir='ltr'><strong>eminentes</strong></span> 
     </span>
    </p>
   </div>
   <div class='ocr_carea' id='block_1_37' title="bbox 221 2140 1803 2223">
    <p class='ocr_par' dir='ltr' id='par_1_37' title="bbox 221 2140 1803 2223">
     <span class='ocr_line' id='line_1_37' title="bbox 221 2140 1803 2223; baseline 0.007 -28"><span class='ocrx_word' id='word_1_264' title='bbox 221 2140 379 2208; x_wconf 78' lang='grc' dir='ltr'>ξοις,</span> <span class='ocrx_word' id='word_1_265' title='bbox 408 2143 798 2213; x_wconf 71' lang='grc' dir='ltr'>ἐστράφησαν</span> <span class='ocrx_word' id='word_1_266' title='bbox 823 2147 892 2199; x_wconf 83' lang='grc' dir='ltr'>ἐν</span> <span class='ocrx_word' id='word_1_267' title='bbox 918 2148 1105 2218; x_wconf 75' lang='grc' dir='ltr'>ἡμέρᾳ</span> <span class='ocrx_word' id='word_1_268' title='bbox 1134 2150 1416 2220; x_wconf 80' lang='grc' dir='ltr'>πολέμου.</span> <span class='ocrx_word' id='word_1_269' title='bbox 1454 2152 1512 2206; x_wconf 87' lang='grc'><strong>’0</strong></span> <span class='ocrx_word' id='word_1_270' title='bbox 1545 2152 1643 2223; x_wconf 79' lang='grc' dir='ltr'><strong>μὲν</strong></span> <span class='ocrx_word' id='word_1_271' title='bbox 1668 2153 1803 2221; x_wconf 81' lang='grc' dir='ltr'>ἀγα-</span> 
     </span>
    </p>
   </div>
   <div class='ocr_carea' id='block_1_38' title="bbox 221 2231 1802 2317">
    <p class='ocr_par' dir='ltr' id='par_1_38' title="bbox 221 2231 1802 2317">
     <span class='ocr_line' id='line_1_38' title="bbox 221 2231 1802 2317; baseline 0.008 -33"><span class='ocrx_word' id='word_1_272' title='bbox 221 2231 323 2295; x_wconf 72' lang='grc' dir='ltr'>θὸς</span> <span class='ocrx_word' id='word_1_273' title='bbox 350 2236 443 2287; x_wconf 77' lang='grc' dir='ltr'><strong>καὶ</strong></span> <span class='ocrx_word' id='word_1_274' title='bbox 459 2235 831 2307; x_wconf 87' lang='grc' dir='ltr'>φιλάνθρωπος</span> <span class='ocrx_word' id='word_1_275' title='bbox 852 2239 1054 2311; x_wconf 85' lang='grc' dir='ltr'>Κύριος</span> <span class='ocrx_word' id='word_1_276' title='bbox 1073 2245 1184 2305; x_wconf 87' lang='grc' dir='ltr'>τοῖς</span> <span class='ocrx_word' id='word_1_277' title='bbox 1209 2242 1444 2314; x_wconf 84' lang='grc' dir='ltr'>πρώτοις</span> <span class='ocrx_word' id='word_1_278' title='bbox 1467 2246 1802 2317; x_wconf 85' lang='grc' dir='ltr'>προπάτορσι</span> 
     </span>
    </p>
   </div>
   <div class='ocr_carea' id='block_1_39' title="bbox 221 2326 1803 2407">
    <p class='ocr_par' dir='ltr' id='par_1_39' title="bbox 221 2326 1803 2407">
     <span class='ocr_line' id='line_1_39' title="bbox 221 2326 1803 2407; baseline 0.006 -27"><span class='ocrx_word' id='word_1_279' title='bbox 221 2326 323 2380; x_wconf 81' lang='grc' dir='ltr'>τοῦ</span> <span class='ocrx_word' id='word_1_280' title='bbox 370 2328 636 2381; x_wconf 85' lang='grc' dir='ltr'>Ἰουδαίων</span> <span class='ocrx_word' id='word_1_281' title='bbox 675 2328 859 2394; x_wconf 76' lang='grc' dir='ltr'>ἔθνους</span> <span class='ocrx_word' id='word_1_282' title='bbox 911 2331 1045 2402; x_wconf 72' lang='grc' dir='ltr'>ἔργα</span> <span class='ocrx_word' id='word_1_283' title='bbox 1089 2334 1289 2396; x_wconf 85' lang='grc' dir='ltr'>παντὸς</span> <span class='ocrx_word' id='word_1_284' title='bbox 1333 2334 1487 2403; x_wconf 88' lang='grc' dir='ltr'>λόγου</span> <span class='ocrx_word' id='word_1_285' title='bbox 1524 2337 1803 2407; x_wconf 82' lang='grc' dir='ltr'>κρείττονα</span> 
     </span>
    </p>
   </div>
   <div class='ocr_carea' id='block_1_40' title="bbox 226 2418 1801 2499">
    <p class='ocr_par' dir='ltr' id='par_1_40' title="bbox 226 2418 1801 2499">
     <span class='ocr_line' id='line_1_40' title="bbox 226 2418 1801 2499; baseline 0.007 -28"><span class='ocrx_word' id='word_1_286' title='bbox 226 2418 564 2473; x_wconf 70' lang='grc' dir='ltr'>ἐνεδείκνυτο</span> <span class='ocrx_word' id='word_1_287' title='bbox 597 2421 667 2473; x_wconf 82' lang='grc' dir='ltr'>τὰ</span> <span class='ocrx_word' id='word_1_288' title='bbox 706 2422 792 2474; x_wconf 84' lang='grc' dir='ltr'>διὰ</span> <span class='ocrx_word' id='word_1_289' title='bbox 835 2425 1107 2487; x_wconf 75' lang='grc' dir='ltr'>Μωσέωςο</span> <span class='ocrx_word' id='word_1_290' title='bbox 1148 2427 1196 2477; x_wconf 87' lang='grc' dir='ltr'>οἱ</span> <span class='ocrx_word' id='word_1_291' title='bbox 1235 2427 1291 2479; x_wconf 84' lang='grc' dir='ltr'><strong>δὲ</strong></span> <span class='ocrx_word' id='word_1_292' title='bbox 1322 2426 1563 2495; x_wconf 77' lang='grc' dir='ltr'>ἐγίνοντο</span> <span class='ocrx_word' id='word_1_293' title='bbox 1597 2428 1801 2499; x_wconf 82' lang='grc' dir='ltr'>σκληρ-</span> 
     </span>
    </p>
   </div>
   <div class='ocr_carea' id='block_1_41' title="bbox 227 2506 1797 2587">
    <p class='ocr_par' dir='ltr' id='par_1_41' title="bbox 227 2506 1797 2587">
     <span class='ocr_line' id='line_1_41' title="bbox 227 2506 1797 2587; baseline 0.008 -29"><span class='ocrx_word' id='word_1_294' title='bbox 227 2506 454 2577; x_wconf 87' lang='grc' dir='ltr'>αύχενες</span> <span class='ocrx_word' id='word_1_295' title='bbox 496 2509 588 2561; x_wconf 81' lang='grc' dir='ltr'><strong>καὶ</strong></span> <span class='ocrx_word' id='word_1_296' title='bbox 620 2510 695 2573; x_wconf 85' lang='grc' dir='ltr'>ὡς</span> <span class='ocrx_word' id='word_1_297' title='bbox 728 2511 939 2583; x_wconf 87' lang='grc' dir='ltr'>άληθῶς</span> <span class='ocrx_word' id='word_1_298' title='bbox 986 2512 1111 2577; x_wconf 75' lang='grc' dir='ltr'>λαὸς</span> <span class='ocrx_word' id='word_1_299' title='bbox 1140 2520 1321 2585; x_wconf 84' lang='grc' dir='ltr'>μωρὸς</span> <span class='ocrx_word' id='word_1_300' title='bbox 1346 2518 1438 2569; x_wconf 75' lang='grc' dir='ltr'><strong>καὶ</strong></span> <span class='ocrx_word' id='word_1_301' title='bbox 1470 2517 1589 2586; x_wconf 76' lang='grc' dir='ltr'>ούχὶ</span> <span class='ocrx_word' id='word_1_302' title='bbox 1618 2519 1797 2587; x_wconf 74' lang='grc' dir='ltr'>σοφὸς,</span> 
     </span>
    </p>
   </div>
   <div class='ocr_carea' id='block_1_42' title="bbox 225 2599 1801 2678">
    <p class='ocr_par' dir='ltr' id='par_1_42' title="bbox 225 2599 1801 2678">
     <span class='ocr_line' id='line_1_42' title="bbox 225 2599 1801 2678; baseline 0.008 -28"><span class='ocrx_word' id='word_1_303' title='bbox 225 2599 325 2651; x_wconf 77' lang='grc' dir='ltr'><strong>καὶ</strong></span> <span class='ocrx_word' id='word_1_304' title='bbox 377 2600 539 2669; x_wconf 83' lang='grc' dir='ltr'>γενεὰ</span> <span class='ocrx_word' id='word_1_305' title='bbox 592 2602 779 2656; x_wconf 86' lang='grc' dir='ltr'>σκολιὰ</span> <span class='ocrx_word' id='word_1_306' title='bbox 828 2604 920 2656; x_wconf 81' lang='grc' dir='ltr'><strong>καὶ</strong></span> <span class='ocrx_word' id='word_1_307' title='bbox 975 2605 1404 2678; x_wconf 83' lang='grc' dir='ltr'>διεστραμμένη.</span> <span class='ocrx_word' id='word_1_308' title='bbox 1484 2609 1642 2663; x_wconf 80' lang='grc' dir='ltr'>Ἀλλὰ</span> <span class='ocrx_word' id='word_1_309' title='bbox 1693 2611 1801 2663; x_wconf 90' lang='grc' dir='ltr'><strong>τῶν</strong></span> 
     </span>
    </p>
   </div>
   <div class='ocr_carea' id='block_1_43' title="bbox 234 2689 1801 2773">
    <p class='ocr_par' dir='ltr' id='par_1_43' title="bbox 234 2689 1801 2773">
     <span class='ocr_line' id='line_1_43' title="bbox 234 2689 1801 2773; baseline 0.008 -32"><span class='ocrx_word' id='word_1_310' title='bbox 234 2689 461 2761; x_wconf 73' lang='grc' dir='ltr'>τρώτων</span> <span class='ocrx_word' id='word_1_311' title='bbox 496 2694 749 2747; x_wconf 85' lang='grc' dir='ltr'>τοιούτων</span> <span class='ocrx_word' id='word_1_312' title='bbox 775 2695 1217 2766; x_wconf 86' lang='grc' dir='ltr'>άπελεγχθέντων</span> <span class='ocrx_word' id='word_1_313' title='bbox 1242 2738 1256 2762; x_wconf 89' lang='grc'><strong>,</strong></span> <span class='ocrx_word' id='word_1_314' title='bbox 1306 2701 1468 2772; x_wconf 83' lang='grc' dir='ltr'>νόμον</span> <span class='ocrx_word' id='word_1_315' title='bbox 1518 2706 1630 2765; x_wconf 86' lang='grc' dir='ltr'>τοῖς</span> <span class='ocrx_word' id='word_1_316' title='bbox 1664 2701 1801 2773; x_wconf 79' lang='grc' dir='ltr'>μετὰ</span> 
     </span>
    </p>
   </div>
   <div class='ocr_carea' id='block_1_44' title="bbox 224 2780 1802 2867">
    <p class='ocr_par' dir='ltr' id='par_1_44' title="bbox 224 2780 1802 2867">
     <span class='ocr_line' id='line_1_44' title="bbox 224 2780 1802 2867; baseline 0.011 -34"><span class='ocrx_word' id='word_1_317' title='bbox 224 2780 402 2835; x_wconf 80' lang='grc' dir='ltr'>ταῦτα</span> <span class='ocrx_word' id='word_1_318' title='bbox 434 2784 718 2853; x_wconf 85' lang='grc' dir='ltr'>παρεδίδου</span> <span class='ocrx_word' id='word_1_319' title='bbox 741 2826 755 2846; x_wconf 87' lang='grc'><strong>.</strong></span> <span class='ocrx_word' id='word_1_320' title='bbox 791 2787 1231 2860; x_wconf 83' lang='grc' dir='ltr'>διαστειλάμενος</span> <span class='ocrx_word' id='word_1_321' title='bbox 1282 2794 1376 2846; x_wconf 85' lang='grc' dir='ltr'>κα⁹ι</span> <span class='ocrx_word' id='word_1_322' title='bbox 1430 2794 1802 2867; x_wconf 88' lang='grc' dir='ltr'>διαμαρτυρά-</span> 
     </span>
    </p>
   </div>
   <div class='ocr_carea' id='block_1_45' title="bbox 228 2873 1803 2954">
    <p class='ocr_par' dir='ltr' id='par_1_45' title="bbox 228 2873 1803 2954">
     <span class='ocr_line' id='line_1_45' title="bbox 228 2873 1803 2954; baseline 0.01 -32"><span class='ocrx_word' id='word_1_323' title='bbox 228 2887 393 2941; x_wconf 85' lang='grc' dir='ltr'>μενος</span> <span class='ocrx_word' id='word_1_324' title='bbox 429 2873 486 2926; x_wconf 83' lang='grc' dir='ltr'>ὲν</span> <span class='ocrx_word' id='word_1_325' title='bbox 512 2873 662 2944; x_wconf 76' lang='grc' dir='ltr'>αὐτῷ</span> <span class='ocrx_word' id='word_1_326' title='bbox 683 2874 752 2929; x_wconf 86' lang='grc' dir='ltr'><strong>τά</strong></span> <span class='ocrx_word' id='word_1_327' title='bbox 776 2893 837 2928; x_wconf 89' lang='grc' dir='ltr'><strong>τε</strong></span> <span class='ocrx_word' id='word_1_328' title='bbox 868 2878 1116 2948; x_wconf 80' lang='grc' dir='ltr'>πρακτέα</span> <span class='ocrx_word' id='word_1_329' title='bbox 1145 2882 1239 2932; x_wconf 78' lang='grc' dir='ltr'>καὶ</span> <span class='ocrx_word' id='word_1_330' title='bbox 1271 2882 1339 2935; x_wconf 74' lang='grc' dir='ltr'><strong>τά</strong></span> <span class='ocrx_word' id='word_1_331' title='bbox 1382 2884 1455 2953; x_wconf 83' lang='grc' dir='ltr'>μή</span> <span class='ocrx_word' id='word_1_332' title='bbox 1477 2900 1488 2913; x_wconf 92' lang='grc'><strong>·</strong></span> <span class='ocrx_word' id='word_1_333' title='bbox 1526 2886 1803 2954; x_wconf 84' lang='grc' dir='ltr'>παραινῶν</span> 
     </span>
    </p>
   </div>
   <div class='ocr_carea' id='block_1_46' title="bbox 223 2962 1803 3046">
    <p class='ocr_par' dir='ltr' id='par_1_46' title="bbox 223 2962 1803 3046">
     <span class='ocr_line' id='line_1_46' title="bbox 223 2962 1803 3046; baseline 0.009 -32"><span class='ocrx_word' id='word_1_334' title='bbox 223 2976 288 3017; x_wconf 68' lang='grc' dir='ltr'><strong>τε</strong></span> <span class='ocrx_word' id='word_1_335' title='bbox 324 2962 395 3032; x_wconf 80' lang='grc' dir='ltr'>μὴ</span> <span class='ocrx_word' id='word_1_336' title='bbox 429 2965 710 3034; x_wconf 86' lang='grc' dir='ltr'>μιμεῖσθαι</span> <span class='ocrx_word' id='word_1_337' title='bbox 742 2968 868 3029; x_wconf 67' lang='grc' dir='ltr'>τοὺς</span> <span class='ocrx_word' id='word_1_338' title='bbox 896 2967 1157 3040; x_wconf 80' lang='grc' dir='ltr'>πατέρας,</span> <span class='ocrx_word' id='word_1_339' title='bbox 1186 2971 1317 3041; x_wconf 87' lang='grc' dir='ltr'>μηδὲ</span> <span class='ocrx_word' id='word_1_340' title='bbox 1348 2972 1447 3043; x_wconf 79' lang='grc' dir='ltr'><strong>τὴν</strong></span> <span class='ocrx_word' id='word_1_341' title='bbox 1483 2973 1674 3042; x_wconf 81' lang='grc' dir='ltr'>γενεάν</span> <span class='ocrx_word' id='word_1_342' title='bbox 1704 2976 1803 3046; x_wconf 80' lang='grc' dir='ltr'>τὴν</span> 
     </span>
    </p>
   </div>
   <div class='ocr_carea' id='block_1_47' title="bbox 227 3051 1807 3131">
    <p class='ocr_par' dir='ltr' id='par_1_47' title="bbox 227 3051 1807 3131">
     <span class='ocr_line' id='line_1_47' title="bbox 227 3051 1807 3131; baseline 0.009 -26"><span class='ocrx_word' id='word_1_343' title='bbox 227 3051 469 3117; x_wconf 78' lang='grc' dir='ltr'>σκολιὰν,</span> <span class='ocrx_word' id='word_1_344' title='bbox 508 3054 641 3124; x_wconf 82' lang='grc' dir='ltr'>μηδὲ</span> <span class='ocrx_word' id='word_1_345' title='bbox 684 3057 780 3128; x_wconf 80' lang='grc' dir='ltr'><strong>τὴν</strong></span> <span class='ocrx_word' id='word_1_346' title='bbox 814 3060 1375 3131; x_wconf 84' lang='grc' dir='ltr'>παραπικραίνουσαν,</span> <span class='ocrx_word' id='word_1_347' title='bbox 1406 3062 1538 3131; x_wconf 82' lang='grc' dir='ltr'>ἥτις</span> <span class='ocrx_word' id='word_1_348' title='bbox 1565 3067 1639 3119; x_wconf 83' lang='grc' dir='ltr'>οὐ</span> <span class='ocrx_word' id='word_1_349' title='bbox 1669 3083 1807 3121; x_wconf 85' lang='grc' dir='ltr'>κατ-</span> 
     </span>
    </p>
   </div>
   <div class='ocr_carea' id='block_1_48' title="bbox 222 3144 1803 3226">
    <p class='ocr_par' dir='ltr' id='par_1_48' title="bbox 222 3144 1803 3226">
     <span class='ocr_line' id='line_1_48' title="bbox 222 3144 1803 3226; baseline 0.011 -31"><span class='ocrx_word' id='word_1_350' title='bbox 222 3144 457 3211; x_wconf 78' lang='grc' dir='ltr'>ηύθυνε</span> <span class='ocrx_word' id='word_1_351' title='bbox 504 3146 618 3215; x_wconf 82' lang='grc' dir='ltr'>τὴν</span> <span class='ocrx_word' id='word_1_352' title='bbox 663 3148 914 3216; x_wconf 79' lang='grc' dir='ltr'>καρδίαν</span> <span class='ocrx_word' id='word_1_353' title='bbox 955 3151 1179 3219; x_wconf 82' lang='grc' dir='ltr'>αὐτῆς,</span> <span class='ocrx_word' id='word_1_354' title='bbox 1216 3154 1313 3208; x_wconf 81' lang='grc' dir='ltr'>καὶ</span> <span class='ocrx_word' id='word_1_355' title='bbox 1353 3158 1464 3210; x_wconf 82' lang='grc' dir='ltr'>οὐκ</span> <span class='ocrx_word' id='word_1_356' title='bbox 1508 3156 1803 3226; x_wconf 81' lang='grc' dir='ltr'>ἐπιστὼθη</span> 
     </span>
    </p>
   </div>
   <div class='ocr_carea' id='block_1_49' title="bbox 221 3236 1805 3321">
    <p class='ocr_par' dir='ltr' id='par_1_49' title="bbox 221 3236 1805 3321">
     <span class='ocr_line' id='line_1_49' title="bbox 221 3236 1805 3321; baseline 0.01 -34"><span class='ocrx_word' id='word_1_357' title='bbox 221 3236 378 3304; x_wconf 83' lang='grc' dir='ltr'>μετὰ</span> <span class='ocrx_word' id='word_1_358' title='bbox 422 3236 527 3291; x_wconf 84' lang='grc' dir='ltr'>τοῦ</span> <span class='ocrx_word' id='word_1_359' title='bbox 580 3239 726 3293; x_wconf 86' lang='grc' dir='ltr'>Θεοῦ</span> <span class='ocrx_word' id='word_1_360' title='bbox 758 3242 821 3294; x_wconf 83' lang='grc' dir='ltr'>τὸ</span> <span class='ocrx_word' id='word_1_361' title='bbox 850 3244 1085 3313; x_wconf 82' lang='grc' dir='ltr'>πνεῦμα</span> <span class='ocrx_word' id='word_1_362' title='bbox 1122 3244 1327 3314; x_wconf 80' lang='grc' dir='ltr'>αὐτῆς.</span> <span class='ocrx_word' id='word_1_363' title='bbox 1371 3250 1431 3302; x_wconf 85' lang='grc' dir='ltr'><strong>Οἱ</strong></span> <span class='ocrx_word' id='word_1_364' title='bbox 1480 3248 1554 3312; x_wconf 84' lang='grc' dir='ltr'><strong>δὲ,</strong></span> <span class='ocrx_word' id='word_1_365' title='bbox 1590 3250 1805 3321; x_wconf 84' lang='grc' dir='ltr'>χείρους</span> 
     </span>
    </p>
   </div>
   <div class='ocr_carea' id='block_1_50' title="bbox 225 3327 1801 3414">
    <p class='ocr_par' dir='ltr' id='par_1_50' title="bbox 225 3327 1801 3414">
     <span class='ocr_line' id='line_1_50' title="bbox 225 3327 1801 3414; baseline 0.01 -35"><span class='ocrx_word' id='word_1_366' title='bbox 225 3327 341 3380; x_wconf 84' lang='grc' dir='ltr'><strong>τῶν</strong></span> <span class='ocrx_word' id='word_1_367' title='bbox 376 3328 625 3400; x_wconf 84' lang='grc' dir='ltr'>πατέρων</span> <span class='ocrx_word' id='word_1_368' title='bbox 659 3332 973 3402; x_wconf 81' lang='grc' dir='ltr'>γενόμενοι,</span> <span class='ocrx_word' id='word_1_369' title='bbox 1007 3336 1156 3391; x_wconf 82' lang='grc' dir='ltr'>οὐδὲν</span> <span class='ocrx_word' id='word_1_370' title='bbox 1200 3338 1297 3408; x_wconf 81' lang='grc' dir='ltr'><strong>μὲν</strong></span> <span class='ocrx_word' id='word_1_371' title='bbox 1342 3340 1448 3393; x_wconf 80' lang='grc' dir='ltr'><strong>ἀπὸ</strong></span> <span class='ocrx_word' id='word_1_372' title='bbox 1479 3340 1577 3411; x_wconf 87' lang='grc' dir='ltr'><strong>τῆς</strong></span> <span class='ocrx_word' id='word_1_373' title='bbox 1621 3358 1801 3414; x_wconf 88' lang='grc' dir='ltr'>παρα-</span> 
     </span>
    </p>
   </div>
   <div class='ocr_carea' id='block_1_51' title="bbox 220 3400 1875 3504">
    <p class='ocr_par' dir='ltr' id='par_1_51' title="bbox 220 3400 1875 3504">
     <span class='ocr_line' id='line_1_51' title="bbox 220 3400 1875 3504; baseline 0.014 -36"><span class='ocrx_word' id='word_1_374' title='bbox 220 3414 477 3491; x_wconf 79' lang='grc' dir='ltr'>δοθείσης</span> <span class='ocrx_word' id='word_1_375' title='bbox 519 3421 612 3476; x_wconf 84' lang='grc' dir='ltr'>τοῦ</span> <span class='ocrx_word' id='word_1_376' title='bbox 663 3400 826 3494; x_wconf 85' lang='grc' dir='ltr'>νόμου</span> <span class='ocrx_word' id='word_1_377' title='bbox 876 3429 1090 3499; x_wconf 82' lang='grc' dir='ltr'>γραφῆς</span> <span class='ocrx_word' id='word_1_378' title='bbox 1161 3400 1463 3500; x_wconf 68' lang='grc' dir='ltr'>ωφελοῦντο</span> <span class='ocrx_word' id='word_1_379' title='bbox 1518 3400 1595 3497; x_wconf 72' lang='grc' dir='ltr'><strong>είς</strong></span> <span class='ocrx_word' id='word_1_380' title='bbox 1639 3400 1875 3504; x_wconf 35' lang='grc' dir='ltr'>βάὶθοςο</span> 
     </span>
    </p>
   </div>
   <div class='ocr_carea' id='block_1_52' title="bbox 222 3511 1800 3597">
    <p class='ocr_par' dir='ltr' id='par_1_52' title="bbox 222 3511 1800 3597">
     <span class='ocr_line' id='line_1_52' title="bbox 222 3511 1800 3597; baseline 0.011 -34"><span class='ocrx_word' id='word_1_381' title='bbox 222 3511 430 3575; x_wconf 77' lang='grc' dir='ltr'>κακίας</span> <span class='ocrx_word' id='word_1_382' title='bbox 464 3512 793 3579; x_wconf 82' lang='grc' dir='ltr'>ἐλαύνοντες.</span> <span class='ocrx_word' id='word_1_383' title='bbox 821 3518 930 3571; x_wconf 81' lang='lat' dir='ltr'><strong>Kal</strong></span> <span class='ocrx_word' id='word_1_384' title='bbox 968 3520 1173 3589; x_wconf 85' lang='grc' dir='ltr'>πρῶτοί</span> <span class='ocrx_word' id='word_1_385' title='bbox 1210 3539 1274 3591; x_wconf 86' lang='grc' dir='ltr'><strong>γε</strong></span> <span class='ocrx_word' id='word_1_386' title='bbox 1323 3523 1525 3577; x_wconf 86' lang='grc' dir='ltr'>τούτων</span> <span class='ocrx_word' id='word_1_387' title='bbox 1571 3521 1711 3597; x_wconf 83' lang='grc' dir='ltr'>ἦσαν</span> <span class='ocrx_word' id='word_1_388' title='bbox 1752 3529 1800 3580; x_wconf 81' lang='grc' dir='ltr'>οἱ</span> 
     </span>
    </p>
   </div>
   <div class='ocr_carea' id='block_1_53' title="bbox 221 3603 1801 3687">
    <p class='ocr_par' dir='ltr' id='par_1_53' title="bbox 221 3603 1801 3687">
     <span class='ocr_line' id='line_1_53' title="bbox 221 3603 1801 3687; baseline 0.01 -32"><span class='ocrx_word' id='word_1_389' title='bbox 221 3603 340 3656; x_wconf 76' lang='grc' dir='ltr'>υίοὶ</span> <span class='ocrx_word' id='word_1_390' title='bbox 380 3605 637 3677; x_wconf 81' lang='grc' dir='ltr'>Ἐφραῒμ,</span> <span class='ocrx_word' id='word_1_391' title='bbox 665 3608 983 3679; x_wconf 86' lang='grc' dir='ltr'>τιμηθέντες</span> <span class='ocrx_word' id='word_1_392' title='bbox 1019 3613 1116 3681; x_wconf 78' lang='grc' dir='ltr'><strong>μὲν</strong></span> <span class='ocrx_word' id='word_1_393' title='bbox 1149 3612 1409 3686; x_wconf 83' lang='grc' dir='ltr'>ὲξαιρετῷ</span> <span class='ocrx_word' id='word_1_394' title='bbox 1430 3619 1559 3687; x_wconf 81' lang='grc' dir='ltr'>τιμῇ</span> <span class='ocrx_word' id='word_1_395' title='bbox 1590 3616 1678 3670; x_wconf 84' lang='grc' dir='ltr'><strong>διὰ</strong></span> <span class='ocrx_word' id='word_1_396' title='bbox 1708 3617 1801 3671; x_wconf 81' lang='grc' dir='ltr'>τοῦ</span> 
     </span>
    </p>
   </div>
   <div class='ocr_carea' id='block_1_54' title="bbox 220 3695 1803 3779">
    <p class='ocr_par' dir='ltr' id='par_1_54' title="bbox 220 3695 1803 3779">
     <span class='ocr_line' id='line_1_54' title="bbox 220 3695 1803 3779; baseline 0.009 -32"><span class='ocrx_word' id='word_1_397' title='bbox 220 3695 332 3766; x_wconf 74' lang='grc' dir='ltr'><strong>τὴν</strong></span> <span class='ocrx_word' id='word_1_398' title='bbox 359 3696 535 3750; x_wconf 73' lang='grc' dir='ltr'>αὐτῶν</span> <span class='ocrx_word' id='word_1_399' title='bbox 575 3699 743 3769; x_wconf 82' lang='grc' dir='ltr'>φυλὴν</span> <span class='ocrx_word' id='word_1_400' title='bbox 771 3700 863 3753; x_wconf 75' lang='grc' dir='ltr'><strong>καὶ</strong></span> <span class='ocrx_word' id='word_1_401' title='bbox 894 3701 984 3753; x_wconf 83' lang='grc' dir='ltr'><strong>τὸν</strong></span> <span class='ocrx_word' id='word_1_402' title='bbox 1014 3703 1189 3756; x_wconf 79' lang='grc' dir='ltr'>αὐτῶν</span> <span class='ocrx_word' id='word_1_403' title='bbox 1222 3705 1419 3776; x_wconf 85' lang='grc' dir='ltr'>κλῆρον</span> <span class='ocrx_word' id='word_1_404' title='bbox 1446 3707 1803 3779; x_wconf 86' lang='grc' dir='ltr'>προκριθῆναι</span> 
     </span>
    </p>
   </div>
   <div class='ocr_carea' id='block_1_55' title="bbox 220 3786 1803 3872">
    <p class='ocr_par' dir='ltr' id='par_1_55' title="bbox 220 3786 1803 3872">
     <span class='ocr_line' id='line_1_55' title="bbox 220 3786 1803 3872; baseline 0.009 -31"><span class='ocrx_word' id='word_1_405' title='bbox 220 3786 329 3841; x_wconf 81' lang='grc' dir='ltr'>τοῦ</span> <span class='ocrx_word' id='word_1_406' title='bbox 356 3790 556 3853; x_wconf 83' lang='grc' dir='ltr'>παντὸς</span> <span class='ocrx_word' id='word_1_407' title='bbox 580 3791 784 3854; x_wconf 76' lang='grc' dir='ltr'>ἔθνους,</span> <span class='ocrx_word' id='word_1_408' title='bbox 812 3792 904 3845; x_wconf 77' lang='grc' dir='ltr'>καὶ</span> <span class='ocrx_word' id='word_1_409' title='bbox 926 3792 1023 3864; x_wconf 79' lang='grc' dir='ltr'><strong>τὴν</strong></span> <span class='ocrx_word' id='word_1_410' title='bbox 1051 3795 1282 3851; x_wconf 78' lang='grc' dir='ltr'>κιϐωτὸν</span> <span class='ocrx_word' id='word_1_411' title='bbox 1312 3799 1405 3851; x_wconf 81' lang='grc' dir='ltr'>τοῦ</span> <span class='ocrx_word' id='word_1_412' title='bbox 1433 3800 1567 3853; x_wconf 82' lang='grc' dir='ltr'>Θεοῦ</span> <span class='ocrx_word' id='word_1_413' title='bbox 1592 3802 1685 3855; x_wconf 75' lang='grc' dir='ltr'>καὶ</span> <span class='ocrx_word' id='word_1_414' title='bbox 1707 3801 1803 3872; x_wconf 82' lang='grc' dir='ltr'>τὴν</span> 
     </span>
    </p>
   </div>
   <div class='ocr_carea' id='block_1_56' title="bbox 225 3878 1805 3963">
    <p class='ocr_par' dir='ltr' id='par_1_56' title="bbox 225 3878 1805 3963">
     <span class='ocr_line' id='line_1_56' title="bbox 225 3878 1805 3963; baseline 0.008 -30"><span class='ocrx_word' id='word_1_415' title='bbox 225 3878 440 3950; x_wconf 85' lang='grc' dir='ltr'>σκηνὴν</span> <span class='ocrx_word' id='word_1_416' title='bbox 460 3880 554 3933; x_wconf 80' lang='grc' dir='ltr'>τοῦ</span> <span class='ocrx_word' id='word_1_417' title='bbox 582 3883 875 3954; x_wconf 79' lang='grc' dir='ltr'>μαρτυρίου</span> <span class='ocrx_word' id='word_1_418' title='bbox 899 3886 997 3956; x_wconf 84' lang='grc' dir='ltr'>τὴν</span> <span class='ocrx_word' id='word_1_419' title='bbox 1030 3887 1133 3939; x_wconf 84' lang='grc' dir='ltr'>ὑπὸ</span> <span class='ocrx_word' id='word_1_420' title='bbox 1164 3889 1405 3953; x_wconf 82' lang='grc' dir='ltr'>Μωσέως</span> <span class='ocrx_word' id='word_1_421' title='bbox 1431 3892 1488 3943; x_wconf 81' lang='grc' dir='ltr'>ὲν</span> <span class='ocrx_word' id='word_1_422' title='bbox 1517 3894 1582 3962; x_wconf 84' lang='grc' dir='ltr'>τῇ</span> <span class='ocrx_word' id='word_1_423' title='bbox 1612 3894 1805 3963; x_wconf 77' lang='grc' dir='ltr'>ἐρήμῳ</span> 
     </span>
    </p>
   </div>
   <div class='ocr_carea' id='block_1_57' title="bbox 224 3973 1804 4053">
    <p class='ocr_par' dir='ltr' id='par_1_57' title="bbox 224 3973 1804 4053">
     <span class='ocr_line' id='line_1_57' title="bbox 224 3973 1804 4053; baseline 0.01 -29"><span class='ocrx_word' id='word_1_424' title='bbox 224 3973 770 4028; x_wconf 81' lang='grc' dir='ltr'>κατασκευασθεῖσαν</span> <span class='ocrx_word' id='word_1_425' title='bbox 837 3977 1192 4043; x_wconf 78' lang='grc' dir='ltr'>ὑποδέξασθαι</span> <span class='ocrx_word' id='word_1_426' title='bbox 1249 3982 1529 4053; x_wconf 84' lang='grc' dir='ltr'>πρώτους·</span> <span class='ocrx_word' id='word_1_427' title='bbox 1588 3986 1617 4037; x_wconf 83' lang='grc' dir='ltr'><strong><em>ὁ</em></strong></span> <span class='ocrx_word' id='word_1_428' title='bbox 1674 3985 1804 4053; x_wconf 81' lang='grc' dir='ltr'>γοῦν</span> 
     </span>
    </p>
   </div>
   <div class='ocr_carea' id='block_1_58' title="bbox 222 4064 1805 4149">
    <p class='ocr_par' dir='ltr' id='par_1_58' title="bbox 222 4064 1805 4149">
     <span class='ocr_line' id='line_1_58' title="bbox 222 4064 1805 4149; baseline 0.01 -35"><span class='ocrx_word' id='word_1_429' title='bbox 222 4064 399 4126; x_wconf 86' lang='grc' dir='ltr'>τόπος</span> <span class='ocrx_word' id='word_1_430' title='bbox 426 4065 453 4115; x_wconf 84' lang='grc' dir='ltr'>ὁ</span> <span class='ocrx_word' id='word_1_431' title='bbox 478 4066 534 4117; x_wconf 81' lang='grc' dir='ltr'><strong>ὲν</strong></span> <span class='ocrx_word' id='word_1_432' title='bbox 563 4065 738 4136; x_wconf 82' lang='grc' dir='ltr'>Σηλῶ,</span> <span class='ocrx_word' id='word_1_433' title='bbox 770 4067 895 4122; x_wconf 79' lang='grc' dir='ltr'>ἔνθα</span> <span class='ocrx_word' id='word_1_434' title='bbox 928 4072 960 4141; x_wconf 79' lang='grc' dir='ltr'><strong>ἡ</strong></span> <span class='ocrx_word' id='word_1_435' title='bbox 996 4073 1168 4144; x_wconf 79' lang='grc' dir='ltr'>σκηνὴ</span> <span class='ocrx_word' id='word_1_436' title='bbox 1198 4074 1291 4126; x_wconf 83' lang='grc' dir='ltr'><strong>καὶ</strong></span> <span class='ocrx_word' id='word_1_437' title='bbox 1327 4073 1386 4126; x_wconf 87' lang='grc' dir='ltr'><strong>τὸ</strong></span> <span class='ocrx_word' id='word_1_438' title='bbox 1412 4075 1675 4146; x_wconf 87' lang='grc' dir='ltr'>ἁγίασμα,</span> <span class='ocrx_word' id='word_1_439' title='bbox 1699 4078 1805 4149; x_wconf 86' lang='grc' dir='ltr'><strong>πρὸ</strong></span> 
     </span>
    </p>
   </div>
   <div class='ocr_carea' id='block_1_59' title="bbox 224 4157 1799 4238">
    <p class='ocr_par' dir='ltr' id='par_1_59' title="bbox 224 4157 1799 4238">
     <span class='ocr_line' id='line_1_59' title="bbox 224 4157 1799 4238; baseline 0.009 -31"><span class='ocrx_word' id='word_1_440' title='bbox 224 4157 335 4226; x_wconf 83' lang='grc' dir='ltr'><strong>τῆς</strong></span> <span class='ocrx_word' id='word_1_441' title='bbox 383 4157 764 4230; x_wconf 79' lang='grc' dir='ltr'>Ἰερουσαλὴμ,</span> <span class='ocrx_word' id='word_1_442' title='bbox 815 4160 914 4231; x_wconf 87' lang='grc' dir='ltr'><strong>τῆς</strong></span> <span class='ocrx_word' id='word_1_443' title='bbox 963 4163 1131 4234; x_wconf 81' lang='grc' dir='ltr'>φυλῆς</span> <span class='ocrx_word' id='word_1_444' title='bbox 1191 4165 1425 4237; x_wconf 68' lang='grc' dir='ltr'>Ἐφραίμ</span> <span class='ocrx_word' id='word_1_445' title='bbox 1478 4167 1799 4238; x_wconf 64' lang='grc' dir='ltr'>ἐτύγχανεν*</span> 
     </span>
    </p>
   </div>
   <div class='ocr_carea' id='block_1_60' title="bbox 223 4245 1809 4326">
    <p class='ocr_par' dir='ltr' id='par_1_60' title="bbox 223 4245 1809 4326">
     <span class='ocr_line' id='line_1_60' title="bbox 223 4245 1809 4326; baseline 0.008 -25"><span class='ocrx_word' id='word_1_446' title='bbox 223 4245 371 4301; x_wconf 81' lang='grc' dir='ltr'>ἀλλὰ</span> <span class='ocrx_word' id='word_1_447' title='bbox 414 4248 620 4319; x_wconf 84' lang='grc' dir='ltr'>πρῶτοι</span> <span class='ocrx_word' id='word_1_448' title='bbox 665 4249 866 4321; x_wconf 77' lang='grc' dir='ltr'>ταύτης</span> <span class='ocrx_word' id='word_1_449' title='bbox 895 4253 1147 4322; x_wconf 86' lang='grc' dir='ltr'>τυχόντες</span> <span class='ocrx_word' id='word_1_450' title='bbox 1186 4256 1284 4326; x_wconf 89' lang='grc' dir='ltr'><strong>τῆς</strong></span> <span class='ocrx_word' id='word_1_451' title='bbox 1337 4256 1501 4326; x_wconf 86' lang='grc' dir='ltr'>τιμῆς</span> <span class='ocrx_word' id='word_1_452' title='bbox 1530 4296 1544 4322; x_wconf 98' lang='grc'><strong>,</strong></span> <span class='ocrx_word' id='word_1_453' title='bbox 1597 4258 1809 4313; x_wconf 78' lang='grc' dir='ltr'>εἰδωλο-</span> 
     </span>
    </p>
   </div>
   <div class='ocr_carea' id='block_1_61' title="bbox 224 4339 1803 4419">
    <p class='ocr_par' dir='ltr' id='par_1_61' title="bbox 224 4339 1803 4419">
     <span class='ocr_line' id='line_1_61' title="bbox 224 4339 1803 4419; baseline 0.007 -28"><span class='ocrx_word' id='word_1_454' title='bbox 224 4339 427 4410; x_wconf 84' lang='grc' dir='ltr'>λάτραι</span> <span class='ocrx_word' id='word_1_455' title='bbox 493 4341 760 4409; x_wconf 88' lang='grc' dir='ltr'>γεγόνασι.</span> <span class='ocrx_word' id='word_1_456' title='bbox 814 4344 921 4395; x_wconf 78' lang='grc' dir='ltr'>Καὶ</span> <span class='ocrx_word' id='word_1_457' title='bbox 969 4344 1084 4397; x_wconf 83' lang='grc' dir='ltr'>ἐστι</span> <span class='ocrx_word' id='word_1_458' title='bbox 1132 4361 1196 4413; x_wconf 89' lang='grc' dir='ltr'><strong>γε</strong></span> <span class='ocrx_word' id='word_1_459' title='bbox 1255 4346 1352 4417; x_wconf 81' lang='grc' dir='ltr'><strong>τὴν</strong></span> <span class='ocrx_word' id='word_1_460' title='bbox 1421 4347 1660 4419; x_wconf 85' lang='grc' dir='ltr'>ἱστορίαν</span> <span class='ocrx_word' id='word_1_461' title='bbox 1697 4349 1803 4403; x_wconf 87' lang='grc' dir='ltr'><strong>τῶν</strong></span> 
     </span>
    </p>
   </div>
   <div class='ocr_carea' id='block_1_62' title="bbox 223 4430 1803 4510">
    <p class='ocr_par' dir='ltr' id='par_1_62' title="bbox 223 4430 1803 4510">
     <span class='ocr_line' id='line_1_62' title="bbox 223 4430 1803 4510; baseline 0.005 -26"><span class='ocrx_word' id='word_1_462' title='bbox 223 4430 639 4502; x_wconf 72' lang='grc' dir='ltr'>πεπραγμένων</span> <span class='ocrx_word' id='word_1_463' title='bbox 685 4432 868 4495; x_wconf 74' lang='grc' dir='ltr'>αὐτοῖς</span> <span class='ocrx_word' id='word_1_464' title='bbox 916 4432 1025 4486; x_wconf 79' lang='grc' dir='ltr'><strong>άπὸ</strong></span> <span class='ocrx_word' id='word_1_465' title='bbox 1060 4435 1159 4503; x_wconf 88' lang='grc' dir='ltr'><strong>τῆς</strong></span> <span class='ocrx_word' id='word_1_466' title='bbox 1202 4434 1382 4505; x_wconf 72' lang='grc' dir='ltr'>βίϐλου</span> <span class='ocrx_word' id='word_1_467' title='bbox 1435 4436 1544 4489; x_wconf 91' lang='grc' dir='ltr'><strong>τῶν</strong></span> <span class='ocrx_word' id='word_1_468' title='bbox 1586 4438 1803 4510; x_wconf 87' lang='grc' dir='ltr'>Κριτῶν</span> 
     </span>
    </p>
   </div>
   <div class='ocr_carea' id='block_1_63' title="bbox 222 4516 1804 4602">
    <p class='ocr_par' dir='ltr' id='par_1_63' title="bbox 222 4516 1804 4602">
     <span class='ocr_line' id='line_1_63' title="bbox 222 4516 1804 4602; baseline 0.006 -29"><span class='ocrx_word' id='word_1_469' title='bbox 222 4516 611 4583; x_wconf 74' lang='grc' dir='ltr'>ἀναλέξασθαι.</span> <span class='ocrx_word' id='word_1_470' title='bbox 641 4521 881 4593; x_wconf 83' lang='grc' dir='ltr'>Ἐλέγχει</span> <span class='ocrx_word' id='word_1_471' title='bbox 905 4523 960 4575; x_wconf 85' lang='grc' dir='ltr'>δὲ</span> <span class='ocrx_word' id='word_1_472' title='bbox 990 4526 1083 4579; x_wconf 83' lang='grc' dir='ltr'>καί</span> <span class='ocrx_word' id='word_1_473' title='bbox 1102 4529 1128 4580; x_wconf 82' lang='grc' dir='ltr'>ὁ</span> <span class='ocrx_word' id='word_1_474' title='bbox 1153 4525 1343 4600; x_wconf 84' lang='grc' dir='ltr'>παρὼν</span> <span class='ocrx_word' id='word_1_475' title='bbox 1362 4527 1572 4600; x_wconf 70' lang='grc' dir='ltr'>ψαλμὸς</span> <span class='ocrx_word' id='word_1_476' title='bbox 1599 4529 1804 4602; x_wconf 84' lang='grc' dir='ltr'>προῖὼν</span> 
     </span>
    </p>
   </div>
   <div class='ocr_carea' id='block_1_64' title="bbox 224 4609 1804 4693">
    <p class='ocr_par' dir='ltr' id='par_1_64' title="bbox 224 4609 1804 4693">
     <span class='ocr_line' id='line_1_64' title="bbox 224 4609 1804 4693; baseline 0.009 -30"><span class='ocrx_word' id='word_1_477' title='bbox 224 4609 361 4680; x_wconf 76' lang='grc' dir='ltr'>ἑξῆς</span> <span class='ocrx_word' id='word_1_478' title='bbox 386 4611 480 4663; x_wconf 81' lang='grc' dir='ltr'><strong>καὶ</strong></span> <span class='ocrx_word' id='word_1_479' title='bbox 510 4611 679 4679; x_wconf 87' lang='grc' dir='ltr'>λέγων</span> <span class='ocrx_word' id='word_1_480' title='bbox 709 4614 835 4685; x_wconf 75' lang='grc' dir='ltr'>περὶ</span> <span class='ocrx_word' id='word_1_481' title='bbox 862 4615 1066 4668; x_wconf 73' lang='grc' dir='ltr'>αὐτῶν·</span> <span class='ocrx_word' id='word_1_482' title='bbox 1108 4618 1401 4673; x_wconf 85' lang='grc' dir='ltr'>Ἀπώσατο</span> <span class='ocrx_word' id='word_1_483' title='bbox 1426 4620 1491 4674; x_wconf 83' lang='grc' dir='ltr'>τὸ</span> <span class='ocrx_word' id='word_1_484' title='bbox 1514 4620 1804 4693; x_wconf 78' lang='grc' dir='ltr'>σκήνωμα</span> 
     </span>
    </p>
   </div>
   <div class='ocr_carea' id='block_1_65' title="bbox 1903 2144 3478 2213">
    <p class='ocr_par' dir='ltr' id='par_1_65' title="bbox 1903 2144 3478 2213">
     <span class='ocr_line' id='line_1_65' title="bbox 1903 2144 3478 2213; baseline 0 -14"><span class='ocrx_word' id='word_1_485' title='bbox 1903 2147 2154 2211; x_wconf 83' lang='lat' dir='ltr'><strong>arcubus,</strong></span> <span class='ocrx_word' id='word_1_486' title='bbox 2188 2147 2323 2200; x_wconf 85' lang='lat' dir='ltr'><strong>versi</strong></span> <span class='ocrx_word' id='word_1_487' title='bbox 2362 2156 2483 2200; x_wconf 87' lang='lat' dir='ltr'><strong>sunt</strong></span> <span class='ocrx_word' id='word_1_488' title='bbox 2530 2147 2584 2200; x_wconf 88' lang='lat' dir='ltr'><strong>in</strong></span> <span class='ocrx_word' id='word_1_489' title='bbox 2639 2145 2721 2199; x_wconf 88' lang='lat' dir='ltr'><strong>die</strong></span> <span class='ocrx_word' id='word_1_490' title='bbox 2760 2145 2901 2199; x_wconf 84' lang='lat' dir='ltr'><strong>belli.</strong></span> <span class='ocrx_word' id='word_1_491' title='bbox 2935 2144 3117 2199; x_wconf 93' lang='lat' dir='ltr'><strong>Bonus</strong></span> <span class='ocrx_word' id='word_1_492' title='bbox 3160 2144 3376 2213; x_wconf 88' lang='lat' dir='ltr'><strong>quidem</strong></span> <span class='ocrx_word' id='word_1_493' title='bbox 3423 2158 3478 2199; x_wconf 91' lang='lat' dir='ltr'><strong>et</strong></span> 
     </span>
    </p>
   </div>
   <div class='ocr_carea' id='block_1_66' title="bbox 1902 2238 3477 2309">
    <p class='ocr_par' dir='ltr' id='par_1_66' title="bbox 1902 2238 3477 2309">
     <span class='ocr_line' id='line_1_66' title="bbox 1902 2238 3477 2309; baseline -0.001 -15"><span class='ocrx_word' id='word_1_494' title='bbox 1902 2240 2144 2295; x_wconf 89' lang='lat' dir='ltr'><strong>clemens</strong></span> <span class='ocrx_word' id='word_1_495' title='bbox 2179 2238 2445 2293; x_wconf 85' lang='lat' dir='ltr'><strong>Dominus</strong></span> <span class='ocrx_word' id='word_1_496' title='bbox 2476 2239 2668 2309; x_wconf 83' lang='lat' dir='ltr'><strong>primis</strong></span> <span class='ocrx_word' id='word_1_497' title='bbox 2697 2238 2938 2293; x_wconf 69' lang='lat' dir='ltr'><strong>Judaicae</strong></span> <span class='ocrx_word' id='word_1_498' title='bbox 2976 2239 3151 2309; x_wconf 87' lang='lat' dir='ltr'><strong>gentis</strong></span> <span class='ocrx_word' id='word_1_499' title='bbox 3175 2238 3348 2294; x_wconf 77' lang='lat' dir='ltr'><strong>atavis</strong></span> <span class='ocrx_word' id='word_1_500' title='bbox 3380 2255 3477 2309; x_wconf 89' lang='lat' dir='ltr'><strong>per</strong></span> 
     </span>
    </p>
   </div>
   <div class='ocr_carea' id='block_1_67' title="bbox 1902 2330 3472 2401">
    <p class='ocr_par' dir='ltr' id='par_1_67' title="bbox 1902 2330 3472 2401">
     <span class='ocr_line' id='line_1_67' title="bbox 1902 2330 3472 2401; baseline -0.001 -18"><span class='ocrx_word' id='word_1_501' title='bbox 1902 2330 2139 2401; x_wconf 81' lang='lat' dir='ltr'><strong>Moyscm</strong></span> <span class='ocrx_word' id='word_1_502' title='bbox 2160 2331 2543 2386; x_wconf 82' lang='lat' dir='ltr'><strong>inenarrabilia</strong></span> <span class='ocrx_word' id='word_1_503' title='bbox 2559 2344 2723 2400; x_wconf 88' lang='lat' dir='ltr'><strong>opera</strong></span> <span class='ocrx_word' id='word_1_504' title='bbox 2738 2330 2926 2385; x_wconf 84' lang='lat' dir='ltr'><strong>edidit:</strong></span> <span class='ocrx_word' id='word_1_505' title='bbox 2948 2330 3048 2400; x_wconf 88' lang='lat' dir='ltr'><strong>ipsi</strong></span> <span class='ocrx_word' id='word_1_506' title='bbox 3062 2345 3188 2384; x_wconf 83' lang='lat' dir='ltr'><strong>vero</strong></span> <span class='ocrx_word' id='word_1_507' title='bbox 3202 2330 3338 2383; x_wconf 89' lang='lat' dir='ltr'><strong>dura</strong></span> <span class='ocrx_word' id='word_1_508' title='bbox 3356 2345 3472 2385; x_wconf 86' lang='lat' dir='ltr'><strong>cer-</strong></span> 
     </span>
    </p>
   </div>
   <div class='ocr_carea' id='block_1_68' title="bbox 1901 2401 3474 2490">
    <p class='ocr_par' dir='ltr' id='par_1_68' title="bbox 1901 2401 3474 2490">
     <span class='ocr_line' id='line_1_68' title="bbox 1901 2401 3474 2490; baseline -0.001 -15"><span class='ocrx_word' id='word_1_509' title='bbox 1901 2421 2020 2475; x_wconf 84' lang='lat' dir='ltr'><strong>vice</strong></span> <span class='ocrx_word' id='word_1_510' title='bbox 2045 2420 2342 2484; x_wconf 77' lang='lat' dir='ltr'><strong>luerunt,et</strong></span> <span class='ocrx_word' id='word_1_511' title='bbox 2360 2436 2543 2475; x_wconf 82' lang='lat' dir='ltr'><strong>revera</strong></span> <span class='ocrx_word' id='word_1_512' title='bbox 2564 2401 2804 2490; x_wconf 71' lang='lat' dir='ltr'><strong>populus</strong></span> <span class='ocrx_word' id='word_1_513' title='bbox 2813 2420 3014 2475; x_wconf 89' lang='lat' dir='ltr'><strong>stultus</strong></span> <span class='ocrx_word' id='word_1_514' title='bbox 3030 2431 3080 2476; x_wconf 90' lang='lat' dir='ltr'><strong>et</strong></span> <span class='ocrx_word' id='word_1_515' title='bbox 3100 2435 3208 2474; x_wconf 91' lang='lat' dir='ltr'><strong>non</strong></span> <span class='ocrx_word' id='word_1_516' title='bbox 3236 2421 3474 2489; x_wconf 86' lang='lat' dir='ltr'><strong>sapiens.</strong></span> 
     </span>
    </p>
   </div>
   <div class='ocr_carea' id='block_1_69' title="bbox 1901 2510 3475 2583">
    <p class='ocr_par' dir='ltr' id='par_1_69' title="bbox 1901 2510 3475 2583">
     <span class='ocr_line' id='line_1_69' title="bbox 1901 2510 3475 2583; baseline 0.002 -19"><span class='ocrx_word' id='word_1_517' title='bbox 1901 2520 1953 2565; x_wconf 85' lang='lat' dir='ltr'><strong>et</strong></span> <span class='ocrx_word' id='word_1_518' title='bbox 1988 2516 2271 2580; x_wconf 79' lang='lat' dir='ltr'><strong>generatio</strong></span> <span class='ocrx_word' id='word_1_519' title='bbox 2303 2522 2542 2566; x_wconf 86' lang='lat' dir='ltr'><strong>tortuosa</strong></span> <span class='ocrx_word' id='word_1_520' title='bbox 2574 2520 2627 2565; x_wconf 81' lang='lat' dir='ltr'><strong>et</strong></span> <span class='ocrx_word' id='word_1_521' title='bbox 2671 2526 2945 2581; x_wconf 71' lang='lat' dir='ltr'><strong>perversa.</strong></span> <span class='ocrx_word' id='word_1_522' title='bbox 2980 2510 3087 2566; x_wconf 89' lang='lat' dir='ltr'><strong>Sed</strong></span> <span class='ocrx_word' id='word_1_523' title='bbox 3112 2527 3233 2577; x_wconf 86' lang='lat' dir='ltr'><strong>cum</strong></span> <span class='ocrx_word' id='word_1_524' title='bbox 3262 2514 3475 2583; x_wconf 79' lang='lat' dir='ltr'><strong>priores</strong></span> 
     </span>
    </p>
   </div>
   <div class='ocr_carea' id='block_1_70' title="bbox 1902 2602 3477 2675">
    <p class='ocr_par' dir='ltr' id='par_1_70' title="bbox 1902 2602 3477 2675">
     <span class='ocr_line' id='line_1_70' title="bbox 1902 2602 3477 2675; baseline 0.003 -20"><span class='ocrx_word' id='word_1_525' title='bbox 1902 2602 2024 2658; x_wconf 89' lang='lat' dir='ltr'><strong>illos</strong></span> <span class='ocrx_word' id='word_1_526' title='bbox 2057 2603 2193 2658; x_wconf 86' lang='lat' dir='ltr'><strong>tales</strong></span> <span class='ocrx_word' id='word_1_527' title='bbox 2224 2603 2393 2659; x_wconf 77' lang='lat' dir='ltr'><strong>fuisse</strong></span> <span class='ocrx_word' id='word_1_528' title='bbox 2422 2604 2836 2674; x_wconf 86' lang='lat' dir='ltr'><strong>comprobatum</strong></span> <span class='ocrx_word' id='word_1_529' title='bbox 2892 2603 3078 2668; x_wconf 79' lang='lat' dir='ltr'><strong>fuerit,</strong></span> <span class='ocrx_word' id='word_1_530' title='bbox 3116 2605 3351 2675; x_wconf 84' lang='lat' dir='ltr'><strong>posteris</strong></span> <span class='ocrx_word' id='word_1_531' title='bbox 3380 2620 3477 2661; x_wconf 58' lang='grc' dir='ltr'>εον</span> 
     </span>
    </p>
   </div>
   <div class='ocr_carea' id='block_1_71' title="bbox 1903 2694 3479 2765">
    <p class='ocr_par' dir='ltr' id='par_1_71' title="bbox 1903 2694 3479 2765">
     <span class='ocr_line' id='line_1_71' title="bbox 1903 2694 3479 2765; baseline 0.002 -19"><span class='ocrx_word' id='word_1_532' title='bbox 1903 2709 2022 2747; x_wconf 84' lang='lat' dir='ltr'><strong>rum</strong></span> <span class='ocrx_word' id='word_1_533' title='bbox 2061 2694 2232 2764; x_wconf 87' lang='lat' dir='ltr'><strong>legem</strong></span> <span class='ocrx_word' id='word_1_534' title='bbox 2265 2694 2511 2758; x_wconf 86' lang='lat' dir='ltr'><strong>tradidit,</strong></span> <span class='ocrx_word' id='word_1_535' title='bbox 2550 2704 2824 2765; x_wconf 77' lang='lat' dir='ltr'><strong>praecepta</strong></span> <span class='ocrx_word' id='word_1_536' title='bbox 2862 2695 2999 2750; x_wconf 88' lang='lat' dir='ltr'><strong>dans</strong></span> <span class='ocrx_word' id='word_1_537' title='bbox 3044 2698 3172 2757; x_wconf 87' lang='lat' dir='ltr'><strong>illis.</strong></span> <span class='ocrx_word' id='word_1_538' title='bbox 3212 2705 3265 2750; x_wconf 88' lang='lat' dir='ltr'><strong>et</strong></span> <span class='ocrx_word' id='word_1_539' title='bbox 3291 2698 3479 2753; x_wconf 81' lang='lat' dir='ltr'><strong>testiﬁ-</strong></span> 
     </span>
    </p>
   </div>
   <div class='ocr_carea' id='block_1_72' title="bbox 1903 2786 3477 2856">
    <p class='ocr_par' dir='ltr' id='par_1_72' title="bbox 1903 2786 3477 2856">
     <span class='ocr_line' id='line_1_72' title="bbox 1903 2786 3477 2856; baseline 0.003 -17"><span class='ocrx_word' id='word_1_540' title='bbox 1903 2793 2059 2840; x_wconf 87' lang='lat' dir='ltr'><strong>catus</strong></span> <span class='ocrx_word' id='word_1_541' title='bbox 2090 2801 2341 2856; x_wconf 72' lang='lat' dir='ltr'><strong>qusenam</strong></span> <span class='ocrx_word' id='word_1_542' title='bbox 2390 2788 2622 2856; x_wconf 87' lang='lat' dir='ltr'><strong>agenda,</strong></span> <span class='ocrx_word' id='word_1_543' title='bbox 2667 2802 2697 2841; x_wconf 85' lang='lat' dir='ltr'><strong>a</strong></span> <span class='ocrx_word' id='word_1_544' title='bbox 2737 2787 2936 2856; x_wconf 87' lang='lat' dir='ltr'><strong>quibus</strong></span> <span class='ocrx_word' id='word_1_545' title='bbox 2970 2786 3353 2842; x_wconf 86' lang='lat' dir='ltr'><strong>abstinendum</strong></span> <span class='ocrx_word' id='word_1_546' title='bbox 3383 2802 3477 2843; x_wconf 82' lang='lat' dir='ltr'><strong>es-</strong></span> 
     </span>
    </p>
   </div>
   <div class='ocr_carea' id='block_1_73' title="bbox 1906 2878 3482 2948">
    <p class='ocr_par' dir='ltr' id='par_1_73' title="bbox 1906 2878 3482 2948">
     <span class='ocr_line' id='line_1_73' title="bbox 1906 2878 3482 2948; baseline 0.002 -18"><span class='ocrx_word' id='word_1_547' title='bbox 1906 2885 1987 2931; x_wconf 86' lang='lat' dir='ltr'><strong>set</strong></span> <span class='ocrx_word' id='word_1_548' title='bbox 2016 2896 2028 2930; x_wconf 89' lang='lat'><strong>:</strong></span> <span class='ocrx_word' id='word_1_549' title='bbox 2059 2878 2357 2931; x_wconf 89' lang='lat' dir='ltr'><strong>cohortans</strong></span> <span class='ocrx_word' id='word_1_550' title='bbox 2386 2892 2603 2947; x_wconf 86' lang='lat' dir='ltr'><strong>quoque</strong></span> <span class='ocrx_word' id='word_1_551' title='bbox 2640 2893 2709 2931; x_wconf 89' lang='lat' dir='ltr'><strong>ne</strong></span> <span class='ocrx_word' id='word_1_552' title='bbox 2752 2888 2935 2947; x_wconf 84' lang='lat' dir='ltr'><strong>patres</strong></span> <span class='ocrx_word' id='word_1_553' title='bbox 2969 2893 3143 2946; x_wconf 89' lang='lat' dir='ltr'><strong>neque</strong></span> <span class='ocrx_word' id='word_1_554' title='bbox 3169 2878 3482 2948; x_wconf 85' lang='lat' dir='ltr'><strong>generatio-</strong></span> 
     </span>
    </p>
   </div>
   <div class='ocr_carea' id='block_1_74' title="bbox 1905 2969 3475 3039">
    <p class='ocr_par' dir='ltr' id='par_1_74' title="bbox 1905 2969 3475 3039">
     <span class='ocr_line' id='line_1_74' title="bbox 1905 2969 3475 3039; baseline 0.001 -16"><span class='ocrx_word' id='word_1_555' title='bbox 1905 2984 2029 3023; x_wconf 89' lang='lat' dir='ltr'><strong>nem</strong></span> <span class='ocrx_word' id='word_1_556' title='bbox 2064 2969 2210 3021; x_wconf 90' lang='lat' dir='ltr'><strong>illam</strong></span> <span class='ocrx_word' id='word_1_557' title='bbox 2242 2977 2546 3023; x_wconf 87' lang='lat' dir='ltr'><strong>tortuosam</strong></span> <span class='ocrx_word' id='word_1_558' title='bbox 2580 2977 2633 3023; x_wconf 91' lang='lat' dir='ltr'><strong>et</strong></span> <span class='ocrx_word' id='word_1_559' title='bbox 2662 2976 3077 3039; x_wconf 81' lang='lat' dir='ltr'><strong>exasperantem</strong></span> <span class='ocrx_word' id='word_1_560' title='bbox 3104 2970 3475 3035; x_wconf 87' lang='lat' dir='ltr'><strong>imitarentur,</strong></span> 
     </span>
    </p>
   </div>
   <div class='ocr_carea' id='block_1_75' title="bbox 1904 3060 3478 3133">
    <p class='ocr_par' dir='ltr' id='par_1_75' title="bbox 1904 3060 3478 3133">
     <span class='ocr_line' id='line_1_75' title="bbox 1904 3060 3478 3133; baseline 0.002 -19"><span class='ocrx_word' id='word_1_561' title='bbox 1904 3077 2019 3130; x_wconf 68' lang='lat' dir='ltr'><strong>qua</strong></span> <span class='ocrx_word' id='word_1_562' title='bbox 2065 3077 2167 3114; x_wconf 89' lang='lat' dir='ltr'><strong>non</strong></span> <span class='ocrx_word' id='word_1_563' title='bbox 2217 3060 2411 3115; x_wconf 81' lang='lat' dir='ltr'><strong>direxit</strong></span> <span class='ocrx_word' id='word_1_564' title='bbox 2440 3077 2531 3115; x_wconf 86' lang='lat' dir='ltr'><strong>cor</strong></span> <span class='ocrx_word' id='word_1_565' title='bbox 2560 3077 2735 3125; x_wconf 84' lang='lat' dir='ltr'><strong>suum,</strong></span> <span class='ocrx_word' id='word_1_566' title='bbox 2767 3071 2815 3116; x_wconf 86' lang='lat' dir='ltr'><strong>et</strong></span> <span class='ocrx_word' id='word_1_567' title='bbox 2865 3078 2969 3115; x_wconf 88' lang='lat' dir='ltr'><strong>non</strong></span> <span class='ocrx_word' id='word_1_568' title='bbox 3001 3060 3172 3131; x_wconf 79' lang='lat' dir='ltr'><strong>ﬁdelis</strong></span> <span class='ocrx_word' id='word_1_569' title='bbox 3221 3062 3319 3133; x_wconf 78' lang='lat' dir='ltr'><strong>fuit</strong></span> <span class='ocrx_word' id='word_1_570' title='bbox 3358 3080 3478 3117; x_wconf 76' lang='lat' dir='ltr'><strong>cum</strong></span> 
     </span>
    </p>
   </div>
   <div class='ocr_carea' id='block_1_76' title="bbox 1905 3150 3478 3224">
    <p class='ocr_par' dir='ltr' id='par_1_76' title="bbox 1905 3150 3478 3224">
     <span class='ocr_line' id='line_1_76' title="bbox 1905 3150 3478 3224; baseline 0.004 -19"><span class='ocrx_word' id='word_1_571' title='bbox 1905 3150 2015 3206; x_wconf 89' lang='lat' dir='ltr'><strong>Deo</strong></span> <span class='ocrx_word' id='word_1_572' title='bbox 2046 3153 2265 3221; x_wconf 86' lang='lat' dir='ltr'><strong>spiritus</strong></span> <span class='ocrx_word' id='word_1_573' title='bbox 2294 3152 2430 3220; x_wconf 82' lang='lat' dir='ltr'><strong>ejus.</strong></span> <span class='ocrx_word' id='word_1_574' title='bbox 2462 3152 2542 3206; x_wconf 92' lang='lat' dir='ltr'><strong>llli</strong></span> <span class='ocrx_word' id='word_1_575' title='bbox 2585 3168 2715 3208; x_wconf 89' lang='lat' dir='ltr'><strong>vero</strong></span> <span class='ocrx_word' id='word_1_576' title='bbox 2735 3193 2750 3218; x_wconf 95' lang='lat'><strong>,</strong></span> <span class='ocrx_word' id='word_1_577' title='bbox 2777 3156 3024 3224; x_wconf 83' lang='lat' dir='ltr'><strong>patribus</strong></span> <span class='ocrx_word' id='word_1_578' title='bbox 3055 3154 3379 3222; x_wconf 84' lang='lat' dir='ltr'><strong>deteriores,</strong></span> <span class='ocrx_word' id='word_1_579' title='bbox 3409 3156 3478 3211; x_wconf 88' lang='lat' dir='ltr'><strong>ab</strong></span> 
     </span>
    </p>
   </div>
   <div class='ocr_carea' id='block_1_77' title="bbox 1907 3246 3475 3322">
    <p class='ocr_par' dir='ltr' id='par_1_77' title="bbox 1907 3246 3475 3322">
     <span class='ocr_line' id='line_1_77' title="bbox 1907 3246 3475 3322; baseline 0.001 -19"><span class='ocrx_word' id='word_1_580' title='bbox 1907 3248 2011 3304; x_wconf 83' lang='lat' dir='ltr'><strong>sibi</strong></span> <span class='ocrx_word' id='word_1_581' title='bbox 2042 3248 2241 3303; x_wconf 86' lang='lat' dir='ltr'><strong>tradita</strong></span> <span class='ocrx_word' id='word_1_582' title='bbox 2282 3246 2418 3318; x_wconf 80' lang='lat' dir='ltr'><strong>legis</strong></span> <span class='ocrx_word' id='word_1_583' title='bbox 2450 3247 2728 3318; x_wconf 87' lang='lat' dir='ltr'><strong>scriptura</strong></span> <span class='ocrx_word' id='word_1_584' title='bbox 2758 3251 3007 3307; x_wconf 89' lang='lat' dir='ltr'><strong>utilitatis</strong></span> <span class='ocrx_word' id='word_1_585' title='bbox 3034 3250 3170 3305; x_wconf 89' lang='lat' dir='ltr'><strong>nihil</strong></span> <span class='ocrx_word' id='word_1_586' title='bbox 3214 3266 3475 3322; x_wconf 83' lang='lat' dir='ltr'><strong>percepe-</strong></span> 
     </span>
    </p>
   </div>
   <div class='ocr_carea' id='block_1_78' title="bbox 1907 3338 3458 3411">
    <p class='ocr_par' dir='ltr' id='par_1_78' title="bbox 1907 3338 3458 3411">
     <span class='ocr_line' id='line_1_78' title="bbox 1907 3338 3458 3411; baseline 0.001 -16"><span class='ocrx_word' id='word_1_587' title='bbox 1907 3347 2074 3407; x_wconf 87' lang='lat' dir='ltr'><strong>runt;</strong></span> <span class='ocrx_word' id='word_1_588' title='bbox 2108 3342 2203 3396; x_wconf 85' lang='lat' dir='ltr'><strong>sed</strong></span> <span class='ocrx_word' id='word_1_589' title='bbox 2232 3340 2289 3394; x_wconf 87' lang='lat' dir='ltr'><strong>in</strong></span> <span class='ocrx_word' id='word_1_590' title='bbox 2332 3338 2665 3409; x_wconf 82' lang='lat' dir='ltr'><strong>profundum</strong></span> <span class='ocrx_word' id='word_1_591' title='bbox 2701 3341 2967 3395; x_wconf 88' lang='lat' dir='ltr'><strong>malorum</strong></span> <span class='ocrx_word' id='word_1_592' title='bbox 3016 3340 3153 3411; x_wconf 89' lang='lat' dir='ltr'><strong>lapsi</strong></span> <span class='ocrx_word' id='word_1_593' title='bbox 3198 3350 3346 3397; x_wconf 88' lang='lat' dir='ltr'><strong>sunt.</strong></span> <span class='ocrx_word' id='word_1_594' title='bbox 3375 3339 3458 3396; x_wconf 86' lang='lat' dir='ltr'><strong>Ho</strong></span> 
     </span>
    </p>
   </div>
   <div class='ocr_carea' id='block_1_79' title="bbox 1904 3431 3475 3505">
    <p class='ocr_par' dir='ltr' id='par_1_79' title="bbox 1904 3431 3475 3505">
     <span class='ocr_line' id='line_1_79' title="bbox 1904 3431 3475 3505; baseline -0.001 -16"><span class='ocrx_word' id='word_1_595' title='bbox 1904 3450 2026 3489; x_wconf 88' lang='lat' dir='ltr'><strong>rum</strong></span> <span class='ocrx_word' id='word_1_596' title='bbox 2058 3433 2220 3505; x_wconf 87' lang='lat' dir='ltr'><strong>primi</strong></span> <span class='ocrx_word' id='word_1_597' title='bbox 2254 3440 2410 3489; x_wconf 86' lang='lat' dir='ltr'><strong>erant</strong></span> <span class='ocrx_word' id='word_1_598' title='bbox 2442 3431 2537 3487; x_wconf 83' lang='lat' dir='ltr'><strong>lilii</strong></span> <span class='ocrx_word' id='word_1_599' title='bbox 2566 3431 2849 3502; x_wconf 88' lang='lat' dir='ltr'><strong>prraim,</strong></span> <span class='ocrx_word' id='word_1_600' title='bbox 2881 3433 2975 3503; x_wconf 89' lang='lat' dir='ltr'><strong>qui</strong></span> <span class='ocrx_word' id='word_1_601' title='bbox 3014 3433 3344 3503; x_wconf 71' lang='lat' dir='ltr'><strong>praecellenti</strong></span> <span class='ocrx_word' id='word_1_602' title='bbox 3372 3433 3475 3488; x_wconf 82' lang='lat' dir='ltr'><strong>ho—</strong></span> 
     </span>
    </p>
   </div>
   <div class='ocr_carea' id='block_1_80' title="bbox 1903 3526 3477 3598">
    <p class='ocr_par' dir='ltr' id='par_1_80' title="bbox 1903 3526 3477 3598">
     <span class='ocr_line' id='line_1_80' title="bbox 1903 3526 3477 3598; baseline -0.002 -14"><span class='ocrx_word' id='word_1_603' title='bbox 1903 3544 2039 3584; x_wconf 89' lang='lat' dir='ltr'><strong>nore</strong></span> <span class='ocrx_word' id='word_1_604' title='bbox 2067 3528 2276 3592; x_wconf 90' lang='lat' dir='ltr'><strong>donati,</strong></span> <span class='ocrx_word' id='word_1_605' title='bbox 2311 3527 2453 3598; x_wconf 90' lang='lat' dir='ltr'><strong>quod</strong></span> <span class='ocrx_word' id='word_1_606' title='bbox 2483 3526 2662 3582; x_wconf 87' lang='lat' dir='ltr'><strong>tribus</strong></span> <span class='ocrx_word' id='word_1_607' title='bbox 2704 3534 2758 3581; x_wconf 89' lang='lat' dir='ltr'><strong>ct</strong></span> <span class='ocrx_word' id='word_1_608' title='bbox 2795 3542 2915 3581; x_wconf 90' lang='lat' dir='ltr'><strong>sors</strong></span> <span class='ocrx_word' id='word_1_609' title='bbox 2953 3542 3144 3582; x_wconf 90' lang='lat' dir='ltr'><strong>eorum</strong></span> <span class='ocrx_word' id='word_1_610' title='bbox 3189 3527 3287 3581; x_wconf 92' lang='lat' dir='ltr'><strong>toti</strong></span> <span class='ocrx_word' id='word_1_611' title='bbox 3328 3528 3477 3598; x_wconf 88' lang='lat' dir='ltr'><strong>genti</strong></span> 
     </span>
    </p>
   </div>
   <div class='ocr_carea' id='block_1_81' title="bbox 1904 3617 3477 3691">
    <p class='ocr_par' dir='ltr' id='par_1_81' title="bbox 1904 3617 3477 3691">
     <span class='ocr_line' id='line_1_81' title="bbox 1904 3617 3477 3691; baseline -0.001 -18"><span class='ocrx_word' id='word_1_612' title='bbox 1904 3618 2199 3691; x_wconf 86' lang='lat' dir='ltr'><strong>praehabita</strong></span> <span class='ocrx_word' id='word_1_613' title='bbox 2259 3618 2442 3683; x_wconf 83' lang='lat' dir='ltr'><strong>fuerit,</strong></span> <span class='ocrx_word' id='word_1_614' title='bbox 2475 3626 2530 3674; x_wconf 88' lang='lat' dir='ltr'><strong>et</strong></span> <span class='ocrx_word' id='word_1_615' title='bbox 2575 3633 2756 3673; x_wconf 89' lang='lat' dir='ltr'><strong>arcam</strong></span> <span class='ocrx_word' id='word_1_616' title='bbox 2806 3617 2899 3672; x_wconf 87' lang='lat' dir='ltr'><strong>Dei</strong></span> <span class='ocrx_word' id='word_1_617' title='bbox 2958 3618 3477 3689; x_wconf 82' lang='lat' dir='ltr'><strong>tabernaculumque</strong></span> 
     </span>
    </p>
   </div>
   <div class='ocr_carea' id='block_1_82' title="bbox 1903 3710 3477 3782">
    <p class='ocr_par' dir='ltr' id='par_1_82' title="bbox 1903 3710 3477 3782">
     <span class='ocr_line' id='line_1_82' title="bbox 1903 3710 3477 3782; baseline 0 -14"><span class='ocrx_word' id='word_1_618' title='bbox 1903 3711 2201 3768; x_wconf 86' lang='lat' dir='ltr'><strong>testimonii</strong></span> <span class='ocrx_word' id='word_1_619' title='bbox 2256 3710 2323 3765; x_wconf 88' lang='lat' dir='ltr'><strong>ab</strong></span> <span class='ocrx_word' id='word_1_620' title='bbox 2361 3710 2547 3781; x_wconf 79' lang='lat' dir='ltr'><strong>Moyse</strong></span> <span class='ocrx_word' id='word_1_621' title='bbox 2591 3713 2644 3764; x_wconf 89' lang='lat' dir='ltr'><strong>in</strong></span> <span class='ocrx_word' id='word_1_622' title='bbox 2686 3714 2903 3766; x_wconf 88' lang='lat' dir='ltr'><strong>deserto</strong></span> <span class='ocrx_word' id='word_1_623' title='bbox 2943 3719 3318 3766; x_wconf 87' lang='lat' dir='ltr'><strong>constructum</strong></span> <span class='ocrx_word' id='word_1_624' title='bbox 3371 3711 3477 3782; x_wconf 87' lang='lat' dir='ltr'><strong>ipsi</strong></span> 
     </span>
    </p>
   </div>
   <div class='ocr_carea' id='block_1_83' title="bbox 1905 3799 3477 3872">
    <p class='ocr_par' dir='ltr' id='par_1_83' title="bbox 1905 3799 3477 3872">
     <span class='ocr_line' id='line_1_83' title="bbox 1905 3799 3477 3872; baseline 0.001 -17"><span class='ocrx_word' id='word_1_625' title='bbox 1905 3802 2063 3872; x_wconf 89' lang='lat' dir='ltr'><strong>primi</strong></span> <span class='ocrx_word' id='word_1_626' title='bbox 2089 3802 2402 3872; x_wconf 88' lang='lat' dir='ltr'><strong>acceperint</strong></span> <span class='ocrx_word' id='word_1_627' title='bbox 2433 3818 2445 3853; x_wconf 88' lang='lat'><strong>:</strong></span> <span class='ocrx_word' id='word_1_628' title='bbox 2482 3817 2607 3855; x_wconf 89' lang='lat' dir='ltr'><strong>nam</strong></span> <span class='ocrx_word' id='word_1_629' title='bbox 2634 3801 2788 3857; x_wconf 90' lang='lat' dir='ltr'><strong>locus</strong></span> <span class='ocrx_word' id='word_1_630' title='bbox 2812 3801 2902 3855; x_wconf 91' lang='lat' dir='ltr'><strong>ille</strong></span> <span class='ocrx_word' id='word_1_631' title='bbox 2932 3800 2988 3854; x_wconf 88' lang='lat' dir='ltr'><strong>in</strong></span> <span class='ocrx_word' id='word_1_632' title='bbox 3012 3799 3147 3865; x_wconf 90' lang='lat' dir='ltr'><strong>Silo,</strong></span> <span class='ocrx_word' id='word_1_633' title='bbox 3172 3802 3263 3856; x_wconf 89' lang='lat' dir='ltr'><strong>ubi</strong></span> <span class='ocrx_word' id='word_1_634' title='bbox 3293 3803 3477 3857; x_wconf 81' lang='lat' dir='ltr'><strong>taber-</strong></span> 
     </span>
    </p>
   </div>
   <div class='ocr_carea' id='block_1_84' title="bbox 1907 3888 3476 3963">
    <p class='ocr_par' dir='ltr' id='par_1_84' title="bbox 1907 3888 3476 3963">
     <span class='ocr_line' id='line_1_84' title="bbox 1907 3888 3476 3963; baseline 0 -16"><span class='ocrx_word' id='word_1_635' title='bbox 1907 3894 2163 3948; x_wconf 90' lang='lat' dir='ltr'><strong>naculum</strong></span> <span class='ocrx_word' id='word_1_636' title='bbox 2218 3901 2271 3948; x_wconf 88' lang='lat' dir='ltr'><strong>et</strong></span> <span class='ocrx_word' id='word_1_637' title='bbox 2306 3891 2668 3947; x_wconf 79' lang='lat' dir='ltr'><strong>sanctiﬁcatio</strong></span> <span class='ocrx_word' id='word_1_638' title='bbox 2708 3893 3021 3963; x_wconf 85' lang='lat' dir='ltr'><strong>(antequam</strong></span> <span class='ocrx_word' id='word_1_639' title='bbox 3070 3892 3125 3946; x_wconf 90' lang='lat' dir='ltr'><strong>in</strong></span> <span class='ocrx_word' id='word_1_640' title='bbox 3172 3888 3476 3949; x_wconf 87' lang='lat' dir='ltr'><strong>Jerusalem</strong></span> 
     </span>
    </p>
   </div>
   <div class='ocr_carea' id='block_1_85' title="bbox 1903 3983 3475 4055">
    <p class='ocr_par' dir='ltr' id='par_1_85' title="bbox 1903 3983 3475 4055">
     <span class='ocr_line' id='line_1_85' title="bbox 1903 3983 3475 4055; baseline -0.001 -14"><span class='ocrx_word' id='word_1_641' title='bbox 1903 3984 2072 4055; x_wconf 90' lang='lat' dir='ltr'><strong>esset)</strong></span> <span class='ocrx_word' id='word_1_642' title='bbox 2103 3984 2350 4055; x_wconf 85' lang='lat' dir='ltr'><strong>degebat,</strong></span> <span class='ocrx_word' id='word_1_643' title='bbox 2393 3985 2569 4040; x_wconf 87' lang='lat' dir='ltr'><strong>tribus</strong></span> <span class='ocrx_word' id='word_1_644' title='bbox 2612 3983 2869 4055; x_wconf 85' lang='lat' dir='ltr'><strong>Ephraim</strong></span> <span class='ocrx_word' id='word_1_645' title='bbox 2915 3991 3051 4039; x_wconf 89' lang='lat' dir='ltr'><strong>erat.</strong></span> <span class='ocrx_word' id='word_1_646' title='bbox 3115 3984 3310 4040; x_wconf 85' lang='lat' dir='ltr'><strong>Verum</strong></span> <span class='ocrx_word' id='word_1_647' title='bbox 3348 3999 3475 4039; x_wconf 81' lang='lat' dir='ltr'><strong>cum</strong></span> 
     </span>
    </p>
   </div>
   <div class='ocr_carea' id='block_1_86' title="bbox 1905 4075 3475 4147">
    <p class='ocr_par' dir='ltr' id='par_1_86' title="bbox 1905 4075 3475 4147">
     <span class='ocr_line' id='line_1_86' title="bbox 1905 4075 3475 4147; baseline 0.001 -17"><span class='ocrx_word' id='word_1_648' title='bbox 1905 4076 2009 4146; x_wconf 90' lang='lat' dir='ltr'><strong>ipsi</strong></span> <span class='ocrx_word' id='word_1_649' title='bbox 2040 4076 2201 4147; x_wconf 89' lang='lat' dir='ltr'><strong>primi</strong></span> <span class='ocrx_word' id='word_1_650' title='bbox 2254 4084 2408 4130; x_wconf 89' lang='lat' dir='ltr'><strong>tanto</strong></span> <span class='ocrx_word' id='word_1_651' title='bbox 2437 4076 2645 4131; x_wconf 86' lang='lat' dir='ltr'><strong>honore</strong></span> <span class='ocrx_word' id='word_1_652' title='bbox 2672 4075 2879 4146; x_wconf 86' lang='lat' dir='ltr'><strong>dignati</strong></span> <span class='ocrx_word' id='word_1_653' title='bbox 2915 4084 3101 4132; x_wconf 87' lang='lat' dir='ltr'><strong>essent</strong></span> <span class='ocrx_word' id='word_1_654' title='bbox 3127 4116 3142 4141; x_wconf 90' lang='lat'><strong>,</strong></span> <span class='ocrx_word' id='word_1_655' title='bbox 3170 4075 3475 4132; x_wconf 66' lang='lat' dir='ltr'><strong>idololatrte</strong></span> 
     </span>
    </p>
   </div>
   <div class='ocr_carea' id='block_1_87' title="bbox 1905 4168 3476 4237">
    <p class='ocr_par' dir='ltr' id='par_1_87' title="bbox 1905 4168 3476 4237">
     <span class='ocr_line' id='line_1_87' title="bbox 1905 4168 3476 4237; baseline 0 -13"><span class='ocrx_word' id='word_1_656' title='bbox 1905 4168 2081 4224; x_wconf 77' lang='lat' dir='ltr'><strong>elIecti</strong></span> <span class='ocrx_word' id='word_1_657' title='bbox 2115 4174 2263 4223; x_wconf 85' lang='lat' dir='ltr'><strong>sunt.</strong></span> <span class='ocrx_word' id='word_1_658' title='bbox 2293 4168 2370 4222; x_wconf 86' lang='lat' dir='ltr'><strong>Ac</strong></span> <span class='ocrx_word' id='word_1_659' title='bbox 2393 4168 2591 4237; x_wconf 87' lang='lat' dir='ltr'><strong>cuique</strong></span> <span class='ocrx_word' id='word_1_660' title='bbox 2623 4168 2752 4224; x_wconf 88' lang='lat' dir='ltr'><strong>licet</strong></span> <span class='ocrx_word' id='word_1_661' title='bbox 2780 4168 3066 4225; x_wconf 86' lang='lat' dir='ltr'><strong>historiam</strong></span> <span class='ocrx_word' id='word_1_662' title='bbox 3096 4182 3279 4224; x_wconf 89' lang='lat' dir='ltr'><strong>rerum</strong></span> <span class='ocrx_word' id='word_1_663' title='bbox 3314 4170 3382 4226; x_wconf 89' lang='lat' dir='ltr'><strong>ab</strong></span> <span class='ocrx_word' id='word_1_664' title='bbox 3404 4168 3476 4224; x_wconf 87' lang='lat' dir='ltr'><strong>il-</strong></span> 
     </span>
    </p>
   </div>
   <div class='ocr_carea' id='block_1_88' title="bbox 1906 4258 3479 4333">
    <p class='ocr_par' dir='ltr' id='par_1_88' title="bbox 1906 4258 3479 4333">
     <span class='ocr_line' id='line_1_88' title="bbox 1906 4258 3479 4333; baseline 0.001 -18"><span class='ocrx_word' id='word_1_665' title='bbox 1906 4261 1972 4316; x_wconf 91' lang='lat' dir='ltr'><strong>lis</strong></span> <span class='ocrx_word' id='word_1_666' title='bbox 2021 4270 2297 4330; x_wconf 84' lang='lat' dir='ltr'><strong>gestarum</strong></span> <span class='ocrx_word' id='word_1_667' title='bbox 2327 4274 2394 4315; x_wconf 78' lang='lat' dir='ltr'><strong>ex</strong></span> <span class='ocrx_word' id='word_1_668' title='bbox 2422 4259 2563 4315; x_wconf 91' lang='lat' dir='ltr'><strong>libro</strong></span> <span class='ocrx_word' id='word_1_669' title='bbox 2590 4258 2845 4315; x_wconf 87' lang='lat' dir='ltr'><strong>Judicum</strong></span> <span class='ocrx_word' id='word_1_670' title='bbox 2881 4259 3159 4331; x_wconf 87' lang='lat' dir='ltr'><strong>colligere.</strong></span> <span class='ocrx_word' id='word_1_671' title='bbox 3196 4259 3350 4333; x_wconf 89' lang='lat' dir='ltr'><strong>Ipsos</strong></span> <span class='ocrx_word' id='word_1_672' title='bbox 3379 4278 3479 4316; x_wconf 84' lang='lat' dir='ltr'><strong>au-</strong></span> 
     </span>
    </p>
   </div>
   <div class='ocr_carea' id='block_1_89' title="bbox 1904 4357 3461 4430">
    <p class='ocr_par' dir='ltr' id='par_1_89' title="bbox 1904 4357 3461 4430">
     <span class='ocr_line' id='line_1_89' title="bbox 1904 4357 3461 4430; baseline 0 -17"><span class='ocrx_word' id='word_1_673' title='bbox 1904 4365 2013 4413; x_wconf 90' lang='lat' dir='ltr'><strong>tem</strong></span> <span class='ocrx_word' id='word_1_674' title='bbox 2044 4373 2285 4428; x_wconf 66' lang='lat' dir='ltr'><strong>praesens</strong></span> <span class='ocrx_word' id='word_1_675' title='bbox 2317 4358 2563 4427; x_wconf 85' lang='lat' dir='ltr'><strong>psalmus</strong></span> <span class='ocrx_word' id='word_1_676' title='bbox 2598 4357 2653 4411; x_wconf 92' lang='lat' dir='ltr'><strong>in</strong></span> <span class='ocrx_word' id='word_1_677' title='bbox 2688 4357 3043 4427; x_wconf 87' lang='lat' dir='ltr'><strong>sequentibus</strong></span> <span class='ocrx_word' id='word_1_678' title='bbox 3078 4373 3296 4430; x_wconf 89' lang='lat' dir='ltr'><strong>quoque</strong></span> <span class='ocrx_word' id='word_1_679' title='bbox 3319 4374 3461 4414; x_wconf 88' lang='lat' dir='ltr'><strong>coar-</strong></span> 
     </span>
    </p>
   </div>
   <div class='ocr_carea' id='block_1_90' title="bbox 1882 4447 3468 4521">
    <p class='ocr_par' dir='ltr' id='par_1_90' title="bbox 1882 4447 3468 4521">
     <span class='ocr_line' id='line_1_90' title="bbox 1882 4447 3468 4521; baseline 0.001 -18"><span class='ocrx_word' id='word_1_680' title='bbox 1882 4451 2042 4521; x_wconf 71' lang='lat' dir='ltr'><strong>‘guit,</strong></span> <span class='ocrx_word' id='word_1_681' title='bbox 2084 4449 2272 4504; x_wconf 88' lang='lat' dir='ltr'><strong>dicens</strong></span> <span class='ocrx_word' id='word_1_682' title='bbox 2300 4462 2316 4502; x_wconf 89' lang='lat'><strong>:</strong></span> <span class='ocrx_word' id='word_1_683' title='bbox 2343 4447 2552 4517; x_wconf 73' lang='lat' dir='ltr'><strong>Repulit</strong></span> <span class='ocrx_word' id='word_1_684' title='bbox 2586 4448 2984 4504; x_wconf 84' lang='lat' dir='ltr'><strong>tabernaculum</strong></span> <span class='ocrx_word' id='word_1_685' title='bbox 3034 4448 3255 4519; x_wconf 75' lang='lat' dir='ltr'><strong>Ioseph,</strong></span> <span class='ocrx_word' id='word_1_686' title='bbox 3288 4459 3337 4504; x_wconf 88' lang='lat' dir='ltr'><strong>et</strong></span> <span class='ocrx_word' id='word_1_687' title='bbox 3378 4453 3468 4505; x_wconf 87' lang='lat' dir='ltr'><strong>tri-</strong></span> 
     </span>
    </p>
   </div>
   <div class='ocr_carea' id='block_1_91' title="bbox 1906 4538 3474 4610">
    <p class='ocr_par' dir='ltr' id='par_1_91' title="bbox 1906 4538 3474 4610">
     <span class='ocr_line' id='line_1_91' title="bbox 1906 4538 3474 4610; baseline 0 -15"><span class='ocrx_word' id='word_1_688' title='bbox 1906 4541 2027 4595; x_wconf 91' lang='lat' dir='ltr'><strong>bum</strong></span> <span class='ocrx_word' id='word_1_689' title='bbox 2060 4538 2315 4609; x_wconf 84' lang='lat' dir='ltr'><strong>Ephraim</strong></span> <span class='ocrx_word' id='word_1_690' title='bbox 2332 4557 2437 4594; x_wconf 89' lang='lat' dir='ltr'><strong>non</strong></span> <span class='ocrx_word' id='word_1_691' title='bbox 2466 4539 2653 4609; x_wconf 86' lang='lat' dir='ltr'><strong>elegit;</strong></span> <span class='ocrx_word' id='word_1_692' title='bbox 2684 4548 2736 4595; x_wconf 91' lang='lat' dir='ltr'><strong>et</strong></span> <span class='ocrx_word' id='word_1_693' title='bbox 2767 4554 2987 4594; x_wconf 87' lang='lat' dir='ltr'><strong>rursum</strong></span> <span class='ocrx_word' id='word_1_694' title='bbox 3026 4559 3039 4593; x_wconf 87' lang='lat'><strong>:</strong></span> <span class='ocrx_word' id='word_1_695' title='bbox 3072 4540 3142 4593; x_wconf 87' lang='lat' dir='ltr'><strong>Et</strong></span> <span class='ocrx_word' id='word_1_696' title='bbox 3173 4542 3362 4610; x_wconf 83' lang='lat' dir='ltr'><strong>repulit</strong></span> <span class='ocrx_word' id='word_1_697' title='bbox 3397 4554 3474 4596; x_wconf 88' lang='lat' dir='ltr'><strong>ta-</strong></span> 
     </span>
    </p>
   </div>
   <div class='ocr_carea' id='block_1_92' title="bbox 1906 4629 3478 4694">
    <p class='ocr_par' dir='ltr' id='par_1_92' title="bbox 1906 4629 3478 4694">
     <span class='ocr_line' id='line_1_92' title="bbox 1906 4629 3478 4694; baseline 0.001 -9"><span class='ocrx_word' id='word_1_698' title='bbox 1906 4630 2245 4687; x_wconf 86' lang='lat' dir='ltr'><strong>bernaculum</strong></span> <span class='ocrx_word' id='word_1_699' title='bbox 2276 4630 2412 4694; x_wconf 89' lang='lat' dir='ltr'><strong>Silo,</strong></span> <span class='ocrx_word' id='word_1_700' title='bbox 2438 4629 2835 4684; x_wconf 66' lang='lat' dir='ltr'><strong>tabernaculum</strong></span> <span class='ocrx_word' id='word_1_701' title='bbox 2861 4646 3016 4683; x_wconf 88' lang='lat' dir='ltr'><strong>suum</strong></span> <span class='ocrx_word' id='word_1_702' title='bbox 3035 4630 3124 4684; x_wconf 89' lang='lat' dir='ltr'><strong>ubi</strong></span> <span class='ocrx_word' id='word_1_703' title='bbox 3150 4632 3401 4687; x_wconf 81' lang='lat' dir='ltr'><strong>habitavit</strong></span> <span class='ocrx_word' id='word_1_704' title='bbox 3425 4634 3478 4687; x_wconf 90' lang='lat' dir='ltr'><strong>in</strong></span> 
     </span>
    </p>
   </div>
   <div class='ocr_carea' id='block_1_93' title="bbox 236 4703 1803 4794">
    <p class='ocr_par' dir='ltr' id='par_1_93' title="bbox 236 4703 1796 4783">
     <span class='ocr_line' id='line_1_93' title="bbox 236 4703 1796 4783; baseline 0.008 -24"><span class='ocrx_word' id='word_1_705' title='bbox 236 4703 479 4773; x_wconf 73' lang='grc' dir='ltr'>Ἰωσὴφ,</span> <span class='ocrx_word' id='word_1_706' title='bbox 513 4706 609 4758; x_wconf 78' lang='grc' dir='ltr'><strong>καί</strong></span> <span class='ocrx_word' id='word_1_707' title='bbox 645 4706 758 4775; x_wconf 81' lang='grc' dir='ltr'>τὴν</span> <span class='ocrx_word' id='word_1_708' title='bbox 789 4708 997 4777; x_wconf 68' lang='grc' dir='ltr'><strong>φυλὴν</strong></span> <span class='ocrx_word' id='word_1_709' title='bbox 1034 4709 1272 4783; x_wconf 68' lang='grc' dir='ltr'>Ἐφραῒμ</span> <span class='ocrx_word' id='word_1_710' title='bbox 1303 4714 1413 4768; x_wconf 84' lang='grc' dir='ltr'>οὐκ</span> <span class='ocrx_word' id='word_1_711' title='bbox 1449 4715 1796 4781; x_wconf 73' lang='grc' dir='ltr'>ἐξελέξατοο</span> 
     </span>
    </p>
   </div>
   <div class='ocr_carea' id='block_1_94' title="bbox 1904 4703 3481 4794">
    <p class='ocr_par' dir='ltr' id='par_1_94' title="bbox 1906 4720 3481 4791">
     <span class='ocr_line' id='line_1_94' title="bbox 1906 4720 3481 4791; baseline 0.003 -16"><span class='ocrx_word' id='word_1_712' title='bbox 1906 4722 2235 4786; x_wconf 83' lang='lat' dir='ltr'><strong>hominibus;</strong></span> <span class='ocrx_word' id='word_1_713' title='bbox 2273 4736 2604 4790; x_wconf 88' lang='lat' dir='ltr'><strong>causamque</strong></span> <span class='ocrx_word' id='word_1_714' title='bbox 2644 4720 2848 4791; x_wconf 78' lang='lat' dir='ltr'><strong>profert</strong></span> <span class='ocrx_word' id='word_1_715' title='bbox 2875 4720 2962 4776; x_wconf 92' lang='lat' dir='ltr'><strong>his</strong></span> <span class='ocrx_word' id='word_1_716' title='bbox 2984 4722 3168 4777; x_wconf 85' lang='lat' dir='ltr'><strong>verbis</strong></span> <span class='ocrx_word' id='word_1_717' title='bbox 3191 4743 3203 4778; x_wconf 88' lang='lat'>:</span> <span class='ocrx_word' id='word_1_718' title='bbox 3230 4723 3481 4780; x_wconf 80' lang='lat' dir='ltr'><strong>Conversi</strong></span> 
     </span>
    </p>
   </div>
   <div class='ocr_carea' id='block_1_95' title="bbox 224 4797 1798 4880">
    <p class='ocr_par' dir='ltr' id='par_1_95' title="bbox 224 4797 1798 4880">
     <span class='ocr_line' id='line_1_95' title="bbox 224 4797 1798 4880; baseline 0.008 -30"><span class='ocrx_word' id='word_1_719' title='bbox 224 4798 329 4850; x_wconf 58' lang='grc' dir='ltr'><strong>καὶ⁸</strong></span> <span class='ocrx_word' id='word_1_720' title='bbox 384 4797 575 4851; x_wconf 84' lang='grc' dir='ltr'>πάλιν·</span> <span class='ocrx_word' id='word_1_721' title='bbox 628 4800 739 4853; x_wconf 88' lang='lat' dir='ltr'><strong>Kal</strong></span> <span class='ocrx_word' id='word_1_722' title='bbox 786 4801 1067 4857; x_wconf 70' lang='grc' dir='ltr'>ἀπώσατο</span> <span class='ocrx_word' id='word_1_723' title='bbox 1110 4805 1225 4873; x_wconf 80' lang='grc' dir='ltr'>τὴν</span> <span class='ocrx_word' id='word_1_724' title='bbox 1268 4806 1509 4877; x_wconf 81' lang='grc' dir='ltr'>σκηνὴν</span> <span class='ocrx_word' id='word_1_725' title='bbox 1545 4809 1759 4880; x_wconf 80' lang='grc' dir='ltr'>Σηλὼμ</span> <span class='ocrx_word' id='word_1_726' title='bbox 1782 4850 1798 4876; x_wconf 90' lang='grc'><strong>,</strong></span> 
     </span>
    </p>
   </div>
   <div class='ocr_carea' id='block_1_96' title="bbox 223 4885 1803 4975">
    <p class='ocr_par' dir='ltr' id='par_1_96' title="bbox 223 4885 1803 4975">
     <span class='ocr_line' id='line_1_96' title="bbox 223 4885 1803 4975; baseline 0.009 -32"><span class='ocrx_word' id='word_1_727' title='bbox 223 4888 521 4959; x_wconf 76' lang='grc' dir='ltr'>σκήνωμα</span> <span class='ocrx_word' id='word_1_728' title='bbox 550 4885 620 4947; x_wconf 85' lang='grc' dir='ltr'>οὗ</span> <span class='ocrx_word' id='word_1_729' title='bbox 652 4896 1113 4961; x_wconf 71' lang='grc' dir='ltr'>κατεσκήνωσεν</span> <span class='ocrx_word' id='word_1_730' title='bbox 1136 4897 1207 4950; x_wconf 83' lang='grc' dir='ltr'>ἐν</span> <span class='ocrx_word' id='word_1_731' title='bbox 1229 4898 1577 4967; x_wconf 78' lang='grc' dir='ltr'>ἀνθρὼποις’</span> <span class='ocrx_word' id='word_1_732' title='bbox 1594 4904 1687 4956; x_wconf 77' lang='grc' dir='ltr'><strong>καὶ</strong></span> <span class='ocrx_word' id='word_1_733' title='bbox 1706 4903 1803 4975; x_wconf 83' lang='grc' dir='ltr'>τὴν</span> 
     </span>
    </p>
   </div>
   <div class='ocr_carea' id='block_1_97' title="bbox 223 4981 1805 5060">
    <p class='ocr_par' dir='ltr' id='par_1_97' title="bbox 223 4981 1805 5060">
     <span class='ocr_line' id='line_1_97' title="bbox 223 4981 1805 5060; baseline 0.007 -25"><span class='ocrx_word' id='word_1_734' title='bbox 223 4981 409 5035; x_wconf 73' lang='grc' dir='ltr'>αἰτίαν</span> <span class='ocrx_word' id='word_1_735' title='bbox 463 4984 790 5056; x_wconf 86' lang='grc' dir='ltr'>παρίστησιν</span> <span class='ocrx_word' id='word_1_736' title='bbox 860 4986 1027 5040; x_wconf 86' lang='grc' dir='ltr'>εἰπών</span> <span class='ocrx_word' id='word_1_737' title='bbox 1064 5004 1076 5016; x_wconf 93' lang='grc'><strong>·</strong></span> <span class='ocrx_word' id='word_1_738' title='bbox 1148 4989 1657 5060; x_wconf 66' lang='grc' dir='ltr'>Μετεστράφησαν</span> <span class='ocrx_word' id='word_1_739' title='bbox 1716 4997 1805 5060; x_wconf 84' lang='grc' dir='ltr'>εὶς</span> 
     </span>
    </p>
   </div>
   <div class='ocr_carea' id='block_1_98' title="bbox 221 5074 1804 5153">
    <p class='ocr_par' dir='ltr' id='par_1_98' title="bbox 221 5074 1804 5153">
     <span class='ocr_line' id='line_1_98' title="bbox 221 5074 1804 5153; baseline 0.008 -26"><span class='ocrx_word' id='word_1_740' title='bbox 221 5074 415 5137; x_wconf 78' lang='grc' dir='ltr'>τόξον</span> <span class='ocrx_word' id='word_1_741' title='bbox 440 5079 749 5144; x_wconf 74' lang='grc' dir='ltr'>στρεϐλόν.</span> <span class='ocrx_word' id='word_1_742' title='bbox 784 5081 895 5134; x_wconf 81' lang='grc' dir='ltr'><strong>Καὶ</strong></span> <span class='ocrx_word' id='word_1_743' title='bbox 933 5079 1314 5152; x_wconf 76' lang='grc' dir='ltr'>παρώργισαν</span> <span class='ocrx_word' id='word_1_744' title='bbox 1357 5083 1544 5137; x_wconf 86' lang='grc' dir='ltr'>αὐτὸν</span> <span class='ocrx_word' id='word_1_745' title='bbox 1584 5085 1654 5139; x_wconf 78' lang='grc' dir='ltr'>ἐν</span> <span class='ocrx_word' id='word_1_746' title='bbox 1680 5090 1804 5153; x_wconf 84' lang='grc' dir='ltr'>τοῖς</span> 
     </span>
    </p>
   </div>
   <div class='ocr_carea' id='block_1_99' title="bbox 219 5169 1802 5248">
    <p class='ocr_par' dir='ltr' id='par_1_99' title="bbox 219 5169 1802 5248">
     <span class='ocr_line' id='line_1_99' title="bbox 219 5169 1802 5248; baseline 0.006 -27"><span class='ocrx_word' id='word_1_747' title='bbox 219 5169 479 5236; x_wconf 76' lang='grc' dir='ltr'>βουνοῖς</span> <span class='ocrx_word' id='word_1_748' title='bbox 517 5172 733 5236; x_wconf 79' lang='grc' dir='ltr'>αὐτῶν,</span> <span class='ocrx_word' id='word_1_749' title='bbox 760 5174 855 5226; x_wconf 80' lang='grc' dir='ltr'>καὶ</span> <span class='ocrx_word' id='word_1_750' title='bbox 886 5175 955 5227; x_wconf 82' lang='grc' dir='ltr'>ἐν</span> <span class='ocrx_word' id='word_1_751' title='bbox 984 5174 1107 5241; x_wconf 85' lang='grc' dir='ltr'>τοῖς</span> <span class='ocrx_word' id='word_1_752' title='bbox 1128 5175 1416 5244; x_wconf 75' lang='grc' dir='ltr'>γλυπτοῖς</span> <span class='ocrx_word' id='word_1_753' title='bbox 1442 5175 1640 5231; x_wconf 83' lang='grc' dir='ltr'>αὐτῶν</span> <span class='ocrx_word' id='word_1_754' title='bbox 1655 5194 1802 5248; x_wconf 78' lang='grc' dir='ltr'>παρ-</span> 
     </span>
    </p>
   </div>
   <div class='ocr_carea' id='block_1_100' title="bbox 221 5261 1800 5341">
    <p class='ocr_par' dir='ltr' id='par_1_100' title="bbox 221 5261 1800 5341">
     <span class='ocr_line' id='line_1_100' title="bbox 221 5261 1800 5341; baseline 0.003 -24"><span class='ocrx_word' id='word_1_755' title='bbox 221 5261 540 5329; x_wconf 69' lang='grc' dir='ltr'>εζτὴλωσαν</span> <span class='ocrx_word' id='word_1_756' title='bbox 588 5266 814 5327; x_wconf 53' lang='grc' dir='ltr'>αὐτόνη</span> <span class='ocrx_word' id='word_1_757' title='bbox 846 5266 1082 5330; x_wconf 86' lang='grc' dir='ltr'>Εἰκότως</span> <span class='ocrx_word' id='word_1_758' title='bbox 1125 5262 1216 5320; x_wconf 78' lang='grc' dir='ltr'>οὖν</span> <span class='ocrx_word' id='word_1_759' title='bbox 1258 5267 1352 5321; x_wconf 71' lang='grc' dir='ltr'>καλ.</span> <span class='ocrx_word' id='word_1_760' title='bbox 1398 5268 1485 5321; x_wconf 81' lang='grc' dir='ltr'><strong>διὰ</strong></span> <span class='ocrx_word' id='word_1_761' title='bbox 1516 5267 1623 5322; x_wconf 89' lang='grc' dir='ltr'><strong>τῶν</strong></span> <span class='ocrx_word' id='word_1_762' title='bbox 1671 5288 1800 5341; x_wconf 88' lang='grc' dir='ltr'>προ-</span> 
     </span>
    </p>
   </div>
   <div class='ocr_carea' id='block_1_101' title="bbox 223 5356 1803 5431">
    <p class='ocr_par' dir='ltr' id='par_1_101' title="bbox 223 5356 1803 5431">
     <span class='ocr_line' id='line_1_101' title="bbox 223 5356 1803 5431; baseline 0.005 -21"><span class='ocrx_word' id='word_1_763' title='bbox 223 5356 497 5425; x_wconf 84' lang='grc' dir='ltr'>κειμένων</span> <span class='ocrx_word' id='word_1_764' title='bbox 536 5357 777 5428; x_wconf 73' lang='grc' dir='ltr'>εἴρηται·</span> <span class='ocrx_word' id='word_1_765' title='bbox 824 5360 940 5413; x_wconf 77' lang='grc' dir='ltr'><strong>Υἱοὶ</strong></span> <span class='ocrx_word' id='word_1_766' title='bbox 990 5361 1263 5431; x_wconf 71' lang='grc' dir='ltr'>Ἐφραῒμ,</span> <span class='ocrx_word' id='word_1_767' title='bbox 1308 5362 1673 5429; x_wconf 84' lang='grc' dir='ltr'>ἐντείνοντες</span> <span class='ocrx_word' id='word_1_768' title='bbox 1706 5363 1803 5418; x_wconf 79' lang='grc' dir='ltr'>καὶ</span> 
     </span>
    </p>
   </div>
   <div class='ocr_carea' id='block_1_102' title="bbox 222 5447 1801 5523">
    <p class='ocr_par' dir='ltr' id='par_1_102' title="bbox 222 5447 1801 5523">
     <span class='ocr_line' id='line_1_102' title="bbox 222 5447 1801 5523; baseline 0.004 -23"><span class='ocrx_word' id='word_1_769' title='bbox 222 5447 567 5513; x_wconf 70' lang='grc' dir='ltr'>βάλλοντες</span> <span class='ocrx_word' id='word_1_770' title='bbox 592 5449 790 5518; x_wconf 78' lang='grc' dir='ltr'>τόξον,</span> <span class='ocrx_word' id='word_1_771' title='bbox 806 5450 1196 5519; x_wconf 72' lang='grc' dir='ltr'>ἐστράφησαν</span> <span class='ocrx_word' id='word_1_772' title='bbox 1217 5453 1287 5506; x_wconf 82' lang='grc' dir='ltr'>ἐν</span> <span class='ocrx_word' id='word_1_773' title='bbox 1308 5452 1496 5523; x_wconf 78' lang='grc' dir='ltr'>ἡμέρᾳ</span> <span class='ocrx_word' id='word_1_774' title='bbox 1515 5451 1801 5522; x_wconf 79' lang='grc' dir='ltr'>πολέμου.</span> 
     </span>
    </p>
   </div>
   <div class='ocr_carea' id='block_1_103' title="bbox 224 5538 1797 5618">
    <p class='ocr_par' dir='ltr' id='par_1_103' title="bbox 224 5538 1797 5618">
     <span class='ocr_line' id='line_1_103' title="bbox 224 5538 1797 5618; baseline 0.004 -26"><span class='ocrx_word' id='word_1_775' title='bbox 224 5538 352 5601; x_wconf 82' lang='grc' dir='ltr'>Πῶς</span> <span class='ocrx_word' id='word_1_776' title='bbox 379 5539 436 5593; x_wconf 81' lang='grc' dir='ltr'>δὲ</span> <span class='ocrx_word' id='word_1_777' title='bbox 469 5540 817 5612; x_wconf 72' lang='grc' dir='ltr'>ἐστράφησαν</span> <span class='ocrx_word' id='word_1_778' title='bbox 867 5541 1195 5615; x_wconf 83' lang='grc' dir='ltr'>σαφέστερον</span> <span class='ocrx_word' id='word_1_779' title='bbox 1239 5545 1566 5618; x_wconf 84' lang='grc' dir='ltr'>παρίστησιν</span> <span class='ocrx_word' id='word_1_780' title='bbox 1600 5544 1797 5599; x_wconf 81' lang='grc' dir='ltr'>εἰπών·</span> 
     </span>
    </p>
   </div>
   <div class='ocr_carea' id='block_1_104' title="bbox 224 5628 1803 5708">
    <p class='ocr_par' dir='ltr' id='par_1_104' title="bbox 224 5628 1803 5708">
     <span class='ocr_line' id='line_1_104' title="bbox 224 5628 1803 5708; baseline 0.008 -26"><span class='ocrx_word' id='word_1_781' title='bbox 224 5629 332 5682; x_wconf 78' lang='lat' dir='ltr'><strong>Kal</strong></span> <span class='ocrx_word' id='word_1_782' title='bbox 372 5628 651 5699; x_wconf 76' lang='grc' dir='ltr'>ἐγένοντο</span> <span class='ocrx_word' id='word_1_783' title='bbox 692 5635 778 5697; x_wconf 80' lang='grc' dir='ltr'><strong>είς</strong></span> <span class='ocrx_word' id='word_1_784' title='bbox 810 5632 987 5697; x_wconf 80' lang='grc' dir='ltr'>τόξον</span> <span class='ocrx_word' id='word_1_785' title='bbox 1015 5636 1322 5704; x_wconf 74' lang='grc' dir='ltr'>στρεϐλόν.</span> <span class='ocrx_word' id='word_1_786' title='bbox 1374 5634 1498 5690; x_wconf 75' lang='grc' dir='ltr'>Δέον</span> <span class='ocrx_word' id='word_1_787' title='bbox 1526 5635 1637 5708; x_wconf 82' lang='grc' dir='ltr'>γὰρ</span> <span class='ocrx_word' id='word_1_788' title='bbox 1677 5635 1803 5705; x_wconf 81' lang='grc' dir='ltr'>βάλ-</span> 
     </span>
    </p>
   </div>
   <div class='ocr_carea' id='block_1_105' title="bbox 305 5784 832 5852">
    <p class='ocr_par' dir='ltr' id='par_1_105' title="bbox 305 5784 832 5852">
     <span class='ocr_line' id='line_1_105' title="bbox 305 5784 832 5852; baseline 0.006 -14"><span class='ocrx_word' id='word_1_789' title='bbox 305 5785 349 5818; x_wconf 82' lang='grc'><strong>¹⁹</strong></span> <span class='ocrx_word' id='word_1_790' title='bbox 382 5784 543 5841; x_wconf 83' lang='lat' dir='ltr'><strong>Deut.</strong></span> <span class='ocrx_word' id='word_1_791' title='bbox 571 5800 744 5852; x_wconf 77' lang='lat' dir='ltr'><strong>nm,</strong></span> <span class='ocrx_word' id='word_1_792' title='bbox 778 5786 832 5841; x_wconf 88' lang='lat'><strong>6.</strong></span> 
     </span>
    </p>
   </div>
   <div class='ocr_carea' id='block_1_106' title="bbox 1902 4812 3479 4884">
    <p class='ocr_par' dir='ltr' id='par_1_106' title="bbox 1902 4812 3479 4884">
     <span class='ocr_line' id='line_1_106' title="bbox 1902 4812 3479 4884; baseline -0.003 -14"><span class='ocrx_word' id='word_1_793' title='bbox 1902 4825 2023 4870; x_wconf 86' lang='lat' dir='ltr'><strong>sunt</strong></span> <span class='ocrx_word' id='word_1_794' title='bbox 2062 4816 2117 4868; x_wconf 90' lang='lat' dir='ltr'><strong>in</strong></span> <span class='ocrx_word' id='word_1_795' title='bbox 2144 4831 2326 4869; x_wconf 86' lang='lat' dir='ltr'><strong>arcum</strong></span> <span class='ocrx_word' id='word_1_796' title='bbox 2344 4830 2583 4884; x_wconf 81' lang='lat' dir='ltr'><strong>pravum.</strong></span> <span class='ocrx_word' id='word_1_797' title='bbox 2617 4812 2686 4866; x_wconf 86' lang='lat' dir='ltr'><strong>Et</strong></span> <span class='ocrx_word' id='word_1_798' title='bbox 2726 4813 3065 4867; x_wconf 81' lang='lat' dir='ltr'><strong>irritaverant</strong></span> <span class='ocrx_word' id='word_1_799' title='bbox 3093 4831 3210 4868; x_wconf 90' lang='lat' dir='ltr'><strong>eum</strong></span> <span class='ocrx_word' id='word_1_800' title='bbox 3242 4816 3295 4869; x_wconf 87' lang='lat' dir='ltr'><strong>in</strong></span> <span class='ocrx_word' id='word_1_801' title='bbox 3325 4818 3479 4872; x_wconf 78' lang='lat' dir='ltr'><strong>colli.</strong></span> 
     </span>
    </p>
   </div>
   <div class='ocr_carea' id='block_1_107' title="bbox 1905 4905 3477 4984">
    <p class='ocr_par' dir='ltr' id='par_1_107' title="bbox 1905 4905 3477 4984">
     <span class='ocr_line' id='line_1_107' title="bbox 1905 4905 3477 4984; baseline 0.003 -23"><span class='ocrx_word' id='word_1_802' title='bbox 1905 4907 1997 4962; x_wconf 91' lang='lat' dir='ltr'><strong>bus</strong></span> <span class='ocrx_word' id='word_1_803' title='bbox 2022 4908 2152 4973; x_wconf 87' lang='lat' dir='ltr'><strong>suis,</strong></span> <span class='ocrx_word' id='word_1_804' title='bbox 2178 4916 2227 4961; x_wconf 90' lang='lat' dir='ltr'><strong>et</strong></span> <span class='ocrx_word' id='word_1_805' title='bbox 2261 4908 2318 4961; x_wconf 89' lang='lat' dir='ltr'><strong>in</strong></span> <span class='ocrx_word' id='word_1_806' title='bbox 2346 4905 2675 4976; x_wconf 84' lang='lat' dir='ltr'><strong>sculptilibus</strong></span> <span class='ocrx_word' id='word_1_807' title='bbox 2707 4906 2817 4960; x_wconf 84' lang='lat' dir='ltr'><strong>suis</strong></span> <span class='ocrx_word' id='word_1_808' title='bbox 2849 4906 2919 4960; x_wconf 87' lang='lat' dir='ltr'><strong>ad</strong></span> <span class='ocrx_word' id='word_1_809' title='bbox 2950 4907 3334 4964; x_wconf 69' lang='lat' dir='ltr'><strong>aemulationem</strong></span> <span class='ocrx_word' id='word_1_810' title='bbox 3357 4927 3477 4984; x_wconf 82' lang='lat' dir='ltr'><strong>eum</strong></span> 
     </span>
    </p>
   </div>
   <div class='ocr_carea' id='block_1_108' title="bbox 1904 4996 3475 5068">
    <p class='ocr_par' dir='ltr' id='par_1_108' title="bbox 1904 4996 3475 5068">
     <span class='ocr_line' id='line_1_108' title="bbox 1904 4996 3475 5068; baseline 0.002 -15"><span class='ocrx_word' id='word_1_811' title='bbox 1904 5008 2331 5068; x_wconf 84' lang='lat' dir='ltr'><strong>provocaverunt.</strong></span> <span class='ocrx_word' id='word_1_812' title='bbox 2358 4996 2490 5053; x_wconf 80' lang='lat' dir='ltr'><strong>.lure</strong></span> <span class='ocrx_word' id='word_1_813' title='bbox 2514 5014 2645 5068; x_wconf 85' lang='lat' dir='ltr'><strong>ergo</strong></span> <span class='ocrx_word' id='word_1_814' title='bbox 2673 4996 2729 5052; x_wconf 91' lang='lat' dir='ltr'><strong>in</strong></span> <span class='ocrx_word' id='word_1_815' title='bbox 2756 4998 3111 5068; x_wconf 81' lang='lat' dir='ltr'><strong>praesentibus</strong></span> <span class='ocrx_word' id='word_1_816' title='bbox 3125 4998 3328 5054; x_wconf 92' lang='lat' dir='ltr'><strong>dictum</strong></span> <span class='ocrx_word' id='word_1_817' title='bbox 3356 5010 3436 5057; x_wconf 88' lang='lat' dir='ltr'><strong>est</strong></span> <span class='ocrx_word' id='word_1_818' title='bbox 3460 5021 3475 5056; x_wconf 90' lang='lat'><strong>:</strong></span> 
     </span>
    </p>
   </div>
   <div class='ocr_carea' id='block_1_109' title="bbox 1908 5089 3480 5159">
    <p class='ocr_par' dir='ltr' id='par_1_109' title="bbox 1908 5089 3480 5159">
     <span class='ocr_line' id='line_1_109' title="bbox 1908 5089 3480 5159; baseline 0 -16"><span class='ocrx_word' id='word_1_819' title='bbox 1908 5089 2043 5144; x_wconf 88' lang='lat' dir='ltr'><strong>Filii</strong></span> <span class='ocrx_word' id='word_1_820' title='bbox 2072 5089 2323 5159; x_wconf 83' lang='lat' dir='ltr'><strong>Ephraim</strong></span> <span class='ocrx_word' id='word_1_821' title='bbox 2352 5089 2675 5143; x_wconf 88' lang='lat' dir='ltr'><strong>intendentes</strong></span> <span class='ocrx_word' id='word_1_822' title='bbox 2722 5097 2772 5143; x_wconf 91' lang='lat' dir='ltr'><strong>et</strong></span> <span class='ocrx_word' id='word_1_823' title='bbox 2800 5089 3064 5144; x_wconf 87' lang='lat' dir='ltr'><strong>mittentes</strong></span> <span class='ocrx_word' id='word_1_824' title='bbox 3115 5107 3320 5154; x_wconf 83' lang='lat' dir='ltr'><strong>arcum,</strong></span> <span class='ocrx_word' id='word_1_825' title='bbox 3344 5091 3480 5146; x_wconf 83' lang='lat' dir='ltr'><strong>versi</strong></span> 
     </span>
    </p>
   </div>
   <div class='ocr_carea' id='block_1_110' title="bbox 1909 5178 3479 5250">
    <p class='ocr_par' dir='ltr' id='par_1_110' title="bbox 1909 5178 3479 5250">
     <span class='ocr_line' id='line_1_110' title="bbox 1909 5178 3479 5250; baseline 0 -14"><span class='ocrx_word' id='word_1_826' title='bbox 1909 5188 2029 5236; x_wconf 84' lang='lat' dir='ltr'><strong>sunt</strong></span> <span class='ocrx_word' id='word_1_827' title='bbox 2063 5180 2115 5234; x_wconf 88' lang='lat' dir='ltr'><strong>in</strong></span> <span class='ocrx_word' id='word_1_828' title='bbox 2138 5180 2222 5234; x_wconf 86' lang='lat' dir='ltr'><strong>die</strong></span> <span class='ocrx_word' id='word_1_829' title='bbox 2254 5179 2397 5235; x_wconf 87' lang='lat' dir='ltr'><strong>belli.</strong></span> <span class='ocrx_word' id='word_1_830' title='bbox 2427 5178 2547 5246; x_wconf 84' lang='lat' dir='ltr'><strong>Quo</strong></span> <span class='ocrx_word' id='word_1_831' title='bbox 2579 5185 2739 5250; x_wconf 88' lang='lat' dir='ltr'><strong>pacto</strong></span> <span class='ocrx_word' id='word_1_832' title='bbox 2769 5186 2950 5235; x_wconf 89' lang='lat' dir='ltr'><strong>autem</strong></span> <span class='ocrx_word' id='word_1_833' title='bbox 2991 5182 3243 5237; x_wconf 89' lang='lat' dir='ltr'><strong>conversi</strong></span> <span class='ocrx_word' id='word_1_834' title='bbox 3276 5180 3479 5236; x_wconf 80' lang='lat' dir='ltr'><strong>fuerint</strong></span> 
     </span>
    </p>
   </div>
   <div class='ocr_carea' id='block_1_111' title="bbox 1908 5268 3476 5338">
    <p class='ocr_par' dir='ltr' id='par_1_111' title="bbox 1908 5268 3476 5338">
     <span class='ocr_line' id='line_1_111' title="bbox 1908 5268 3476 5338; baseline -0.004 -8"><span class='ocrx_word' id='word_1_835' title='bbox 1908 5271 2109 5330; x_wconf 87' lang='lat' dir='ltr'><strong>clarius</strong></span> <span class='ocrx_word' id='word_1_836' title='bbox 2164 5269 2403 5325; x_wconf 86' lang='lat' dir='ltr'><strong>ostendit</strong></span> <span class='ocrx_word' id='word_1_837' title='bbox 2460 5269 2691 5325; x_wconf 90' lang='lat' dir='ltr'><strong>dicens:</strong></span> <span class='ocrx_word' id='word_1_838' title='bbox 2727 5268 2796 5325; x_wconf 85' lang='lat' dir='ltr'><strong>Et</strong></span> <span class='ocrx_word' id='word_1_839' title='bbox 2853 5268 2984 5338; x_wconf 78' lang='lat' dir='ltr'><strong>facti</strong></span> <span class='ocrx_word' id='word_1_840' title='bbox 3027 5279 3150 5324; x_wconf 86' lang='lat' dir='ltr'><strong>sunt</strong></span> <span class='ocrx_word' id='word_1_841' title='bbox 3200 5272 3255 5324; x_wconf 87' lang='lat' dir='ltr'><strong>in</strong></span> <span class='ocrx_word' id='word_1_842' title='bbox 3293 5287 3476 5324; x_wconf 84' lang='lat' dir='ltr'><strong>arcum</strong></span> 
     </span>
    </p>
   </div>
   <div class='ocr_carea' id='block_1_112' title="bbox 1907 5359 3479 5431">
    <p class='ocr_par' dir='ltr' id='par_1_112' title="bbox 1907 5359 3479 5431">
     <span class='ocr_line' id='line_1_112' title="bbox 1907 5359 3479 5431; baseline -0.001 -16"><span class='ocrx_word' id='word_1_843' title='bbox 1907 5377 2146 5431; x_wconf 82' lang='lat' dir='ltr'><strong>pravum.</strong></span> <span class='ocrx_word' id='word_1_844' title='bbox 2203 5359 2338 5415; x_wconf 87' lang='lat' dir='ltr'><strong>Nam</strong></span> <span class='ocrx_word' id='word_1_845' title='bbox 2390 5375 2514 5415; x_wconf 90' lang='lat' dir='ltr'><strong>cum</strong></span> <span class='ocrx_word' id='word_1_846' title='bbox 2566 5360 2897 5429; x_wconf 88' lang='lat' dir='ltr'><strong>oportuisset</strong></span> <span class='ocrx_word' id='word_1_847' title='bbox 2934 5360 3040 5416; x_wconf 88' lang='lat' dir='ltr'><strong>tela</strong></span> <span class='ocrx_word' id='word_1_848' title='bbox 3077 5360 3369 5416; x_wconf 83' lang='lat' dir='ltr'><strong>immittere</strong></span> <span class='ocrx_word' id='word_1_849' title='bbox 3422 5368 3479 5415; x_wconf 90' lang='lat' dir='ltr'><strong>et</strong></span> 
     </span>
    </p>
   </div>
   <div class='ocr_carea' id='block_1_113' title="bbox 1910 5449 3478 5520">
    <p class='ocr_par' dir='ltr' id='par_1_113' title="bbox 1910 5449 3478 5520">
     <span class='ocr_line' id='line_1_113' title="bbox 1910 5449 3478 5520; baseline -0.002 -13"><span class='ocrx_word' id='word_1_850' title='bbox 1910 5452 2110 5507; x_wconf 91' lang='lat' dir='ltr'><strong>bellum</strong></span> <span class='ocrx_word' id='word_1_851' title='bbox 2158 5450 2360 5507; x_wconf 78' lang='lat' dir='ltr'><strong>inferre</strong></span> <span class='ocrx_word' id='word_1_852' title='bbox 2392 5450 2633 5505; x_wconf 87' lang='lat' dir='ltr'><strong>inimicis</strong></span> <span class='ocrx_word' id='word_1_853' title='bbox 2683 5449 2799 5515; x_wconf 90' lang='lat' dir='ltr'><strong>Dei,</strong></span> <span class='ocrx_word' id='word_1_854' title='bbox 2838 5450 3144 5505; x_wconf 75' lang='lat' dir='ltr'><strong>idololatrae</strong></span> <span class='ocrx_word' id='word_1_855' title='bbox 3209 5450 3285 5503; x_wconf 88' lang='lat' dir='ltr'><strong>illi</strong></span> <span class='ocrx_word' id='word_1_856' title='bbox 3338 5464 3478 5520; x_wconf 74' lang='lat' dir='ltr'><strong>prae-</strong></span> 
     </span>
    </p>
   </div>
   <div class='ocr_carea' id='block_1_114' title="bbox 1910 5540 3472 5621">
    <p class='ocr_par' dir='ltr' id='par_1_114' title="bbox 1910 5540 3472 5621">
     <span class='ocr_line' id='line_1_114' title="bbox 1910 5540 3472 5621; baseline 0.001 -22"><span class='ocrx_word' id='word_1_857' title='bbox 1910 5549 2171 5614; x_wconf 85' lang='lat' dir='ltr'><strong>optarunt</strong></span> <span class='ocrx_word' id='word_1_858' title='bbox 2193 5541 2393 5621; x_wconf 87' lang='lat' dir='ltr'><strong>bellum</strong></span> <span class='ocrx_word' id='word_1_859' title='bbox 2411 5557 2629 5599; x_wconf 86' lang='lat' dir='ltr'><strong>movere</strong></span> <span class='ocrx_word' id='word_1_860' title='bbox 2656 5541 2786 5598; x_wconf 90' lang='lat' dir='ltr'><strong>Deo.</strong></span> <span class='ocrx_word' id='word_1_861' title='bbox 2813 5540 2992 5607; x_wconf 85' lang='lat' dir='ltr'><strong>Quare</strong></span> <span class='ocrx_word' id='word_1_862' title='bbox 3006 5541 3189 5596; x_wconf 90' lang='lat' dir='ltr'><strong>subdit</strong></span> <span class='ocrx_word' id='word_1_863' title='bbox 3214 5540 3472 5601; x_wconf 75' lang='lat' dir='ltr'><strong>:—V.r.ns.</strong></span> 
     </span>
    </p>
   </div>
   <div class='ocr_carea' id='block_1_115' title="bbox 1908 5632 3477 5707">
    <p class='ocr_par' dir='ltr' id='par_1_115' title="bbox 1908 5632 3477 5707">
     <span class='ocr_line' id='line_1_115' title="bbox 1908 5632 3477 5707; baseline -0.001 -14"><span class='ocrx_word' id='word_1_864' title='bbox 1908 5638 1996 5693; x_wconf 73' lang='grc'><strong>10.</strong></span> <span class='ocrx_word' id='word_1_865' title='bbox 2034 5634 2156 5695; x_wconf 77' lang='lat' dir='ltr'><strong>Non</strong></span> <span class='ocrx_word' id='word_1_866' title='bbox 2194 5635 2550 5695; x_wconf 82' lang='lat' dir='ltr'><strong>custodierunt</strong></span> <span class='ocrx_word' id='word_1_867' title='bbox 2608 5644 2976 5691; x_wconf 83' lang='lat' dir='ltr'><strong>testamentum</strong></span> <span class='ocrx_word' id='word_1_868' title='bbox 3006 5632 3124 5700; x_wconf 81' lang='lat' dir='ltr'><strong>Dei.</strong></span> <span class='ocrx_word' id='word_1_869' title='bbox 3154 5642 3206 5689; x_wconf 78' lang='lat' dir='ltr'><strong>st</strong></span> <span class='ocrx_word' id='word_1_870' title='bbox 3258 5632 3319 5689; x_wconf 72' lang='lat' dir='ltr'><strong>in</strong></span> <span class='ocrx_word' id='word_1_871' title='bbox 3367 5634 3477 5707; x_wconf 77' lang='lat' dir='ltr'><strong>lege</strong></span> 
     </span>
    </p>
   </div>
  </div>
