4004 6624
616 417 713 474 9η
1345 424 1614 480 EUSERII
1646 418 2131 485 CASSARIENSIS
2168 428 2318 487 OPP.
2360 430 2541 488 PARS
2584 435 2671 490 lli.
2713 468 2783 477 -—
2822 436 3235 495 EXECETICA.
3767 448 3861 502 91?.

611 535 726 603 ejus
757 536 1034 590 noluerunt
1070 538 1362 592 ambulare.
1396 536 1498 593 Per
1535 539 1675 597 ﬁlios
1717 557 1883 612 porro
1930 542 2170 616 Ephrain

2290 544 2402 597 λειν
2448 546 2541 599 καὶ
2574 547 2829 618 πολεμεῖν
2885 550 3009 614 τοὺς
3062 550 3139 621 τῷ
3192 551 3308 622 Θεῳ
3368 552 3689 625 πολεμίους,
3720 560 3765 610 oi
3810 562 3859 613 δὲ

614 628 854 697 reliquos
889 643 1078 685 omnes
1109 633 1274 685 totius
1310 632 1485 701 gentis
1537 634 1768 704 populos
1814 636 2170 705 metaplioricd

2274 630 2801 709 ἐίδω).ολατροῦντες
2853 640 3085 711 πόλεμον
3128 643 3328 712 ἡραντο
3376 644 3516 697 κατὰ
3567 646 3664 698 τοῦ
3713 647 3861 703 Θεοῦ.

612 722 916 789 signiﬁcat,
960 720 1070 774 imo
1116 722 1277 777 etiam
1335 724 1606 794 quoslibet
1652 727 1899 781 moribus
1958 728 2185 792 similes,

610 810 826 865 etiamsi
875 826 986 866 non
1040 828 1106 868 ex
1140 813 1329 868 eadem
1365 814 1508 869 tribu
1543 804 1765 871 fuerint.
1820 815 1956 873 Nam
2006 819 2101 889 qui
2133 820 2186 874 in

609 904 964 972 sequentibus
990 907 1330 976 temporibus
1365 923 1423 964 se
1459 910 1556 964 abs
1596 908 1897 965 Jerusalem
1929 928 2185 983 segrega-

609 1008 758 1061 runt,
792 1005 845 1051 et
878 998 933 1052 in
964 998 1211 1054 Samaria
1255 1002 1398 1056 idola
1442 1004 1750 1067 coluerunt,
1788 1004 1879 1059 ﬁlii
1930 992 2186 1076 Ephraim

608 1096 784 1142 erant.
820 1088 1012 1146 Merito
1034 1109 1163 1163 ergo
1189 1111 1312 1148 cum
1346 1095 1515 1150 totius
1544 1098 1720 1166 gentis
1753 1106 2187 1169 transgressores

608 1178 748 1235 ﬁlios
777 1182 1051 1238 Abraham
1099 1195 1369 1253 vocasset,
1401 1190 1691 1245 confertim
1722 1207 1913 1248 omnes
1948 1193 2182 1259 incusat,

605 1271 796 1329 dicens
829 1294 841 1329 :
882 1307 950 1316 ——
999 1276 1168 1334 Vens.
1212 1280 1300 1346 Η,
1334 1280 1421 1335 12.
1456 1281 1525 1336 Ει
1552 1282 1701 1335 obliti
1731 1296 1850 1337 sunt
1887 1283 2183 1353 benefacto-

603 1381 720 1418 rum
737 1366 872 1434 ejus.
904 1377 953 1422 et
980 1370 1305 1423 mirabilium
1334 1372 1447 1441 ejus
1478 1390 1595 1443 qua:
1628 1375 1968 1428 ostenditeis.
1989 1375 2182 1429 Coram

602 1458 840 1524 patribus
883 1478 1065 1515 eorum
1102 1462 1227 1532 fecit
1274 1463 1544 1517 mirabilia
1593 1464 1647 1517 in
1685 1474 1828 1519 terra
1855 1465 2095 1537 Aigypli,
2130 1468 2183 1521 in

601 1541 787 1620 carnpo
824 1552 1051 1610 Taneos.
1080 1555 1216 1610 Nam
1243 1556 1490 1611 omnium
1513 1571 1704 1610 eorum
1736 1558 1893 1612 obliti
1932 1575 2051 1628 quae
2086 1575 2181 1630 pa—

602 1642 775 1698 tribus
795 1645 910 1700 suis
926 1655 1146 1703 ostensa
1173 1657 1323 1712 sunt,
1341 1662 1492 1702 arma
1515 1648 1759 1703 tulerunt
1776 1658 1965 1703 contra
1988 1650 2177 1714 Deum,

600 1749 725 1817 cum
756 1737 962 1792 nollent
993 1737 1048 1791 in
1095 1738 1211 1809 lege
1238 1738 1357 1808 ejus
1404 1738 1686 1793 ambulare
1714 1758 1726 1793 :
1763 1739 1975 1794 etiamsi
2014 1756 2179 1809 penes

600 1824 751 1897 ipsos
778 1837 925 1885 esset
962 1839 1018 1885 ut
1067 1839 1292 1901 possent
1337 1838 1390 1887 et
1420 1832 1640 1887 vellent.
1668 1829 1749 1885 Illi
1788 1848 1918 1886 vero
1941 1822 2042 1888 etsi
2078 1834 2178 1885 hac

2291 727 2381 780 Διὸ
2436 728 2711 797 ἐπιλέγει·
2759 733 2880 785 Οὐκ
2932 732 3241 801 ἐφύλαξαν
3279 734 3395 802 τὴν
3439 734 3736 805 διαθήκην
3766 742 3862 794 τοῦ

2293 818 2461 881 Θεοῦ,
2501 820 2598 872 καὶ
2630 822 2699 874 ἐν
2730 820 2808 886 τῷ
2857 823 3018 892 νόμῳ
3058 823 3245 877 αὐτοῦ
3299 826 3409 879 οὐκ
3438 826 3867 896 ἠϐουλήθησαν

2291 910 2664 975 πορεύεσθαι.
2709 913 2817 965 Καὶ
2845 916 2967 977 τοὺς
2988 914 3206 978 λοιποὺς
3237 915 3293 968 δὲ
3327 916 3417 969 τοῦ
3446 918 3652 981 παντὸς
3685 920 3864 984 ἔθνους

2291 997 2443 1071 δηλοῖ
2477 1005 2856 1074 μεταφορικῶς
2884 1004 2970 1057 διὰ
3011 1005 3115 1058 τῶν
3152 1005 3283 1058 υἱῶν
3328 1006 3589 1078 Ἐφραῖμ,
3619 1010 3715 1062 καὶ
3748 1012 3863 1074 τοὺς

2287 1092 2502 1161 ὁμοίους
2532 1096 2640 1158 τοῖς
2664 1096 2903 1166 τρόποις,
2933 1098 2982 1149 εί
3015 1098 3108 1150 καὶ
3140 1097 3213 1169 μὴ
3237 1098 3336 1167 τῆς
3362 1099 3541 1167 ἀὐτῆς
3572 1100 3864 1172 ἐτύγχανον

2286 1179 2438 1245 ὄντες
2470 1183 2662 1252 φυλῆς,
2691 1185 2990 1254 σημαίνων.
3031 1185 3183 1237 Ἐπεὶ
3230 1187 3321 1240 καὶ
3370 1187 3419 1239 oi
3473 1190 3530 1240 ὲν
3582 1192 3699 1252 τοῖς
3734 1192 3865 1261 μετὰ

2286 1272 2455 1327 ταῦτα
2486 1274 2699 1346 χρόνοις
2728 1276 3123 1347 ἀποσχίσαντες
3156 1278 3254 1349 τῆς
3297 1280 3655 1351 Ἰερουσαλὴμ
3686 1282 3785 1334 καὶ
3812 1284 3864 1336 ὲν

2285 1366 2349 1435 τῇ
2384 1365 2663 1438 Σαμαρείᾳ
2698 1367 3252 1440 είδωλολατρήσαντες
3286 1371 3389 1423 υἱοὶ
3420 1366 3560 1443 ἦσαν
3604 1372 3861 1444 Ἐφραῖμ.

2284 1455 2522 1520 Εἰκότως
2547 1452 2637 1511 οὖν
2667 1459 2789 1522 τοὺς
2817 1460 3138 1531 παραϐάτας
3158 1462 3250 1514 τοῦ
3279 1463 3478 1526 παντὸς
3507 1463 3697 1528 ἔθνους
3724 1468 3863 1530 υἱοὺς

2297 1547 2544 1620 Ἀϐραὰμ
2578 1550 2867 1621 ὀνομάσας,
2912 1546 3131 1622 ’ἀθρόως
3179 1553 3450 1607 διαϐάλλει
3499 1557 3630 1619 τοὺς
3662 1557 3864 1621 πάντας

2282 1637 2453 1707 λέγων
2474 1656 2487 1669 ·
2528 1642 2637 1695 Καὶ
2682 1643 3047 1699 ἐπελάθοντο
3100 1645 3218 1699 τῶν
3273 1647 3631 1716 εὐεργεσιῶν
3683 1651 3863 1705 αὑτοῦ

2282 1730 2379 1782 καὶ
2439 1729 2559 1783 τῶν
2606 1734 2952 1803 θαυμασίων
2983 1736 3204 1799 αὐτοῦ,
3244 1731 3330 1791 ὧν
3374 1738 3611 1803 ἔδειξεν
3640 1741 3863 1808 αὐτοῖς.

2294 1821 2599 1877 Ἐναντίον
2629 1826 2747 1879 τῶν
2789 1826 3059 1897 πατέρων
3094 1828 3309 1896 αὐτῶν,
3355 1830 3392 1885 ἃ
3426 1832 3686 1900 ἐποίησε
3728 1837 3863 1889 θαυς

599 1930 870 1993 potestate
904 1922 1178 1987 instructi,
1220 1933 1370 1979 recto
1406 1924 1688 1994 pr0posito
1724 1924 1804 1977 uti
1845 1924 2170 1989 noluerunt;

2271 1910 2461 1979 μάσια
2490 1913 2559 1965 ἐν
2586 1912 2664 1985 γῇ
2692 1917 2991 1985 Αἰγύπτου
3017 1919 3086 1970 ἐν
3112 1919 3294 1985 πεδίῳ
3352 1922 3603 1988 Τάνεως.
3636 1926 3862 1978 Πάντων

597 2015 693 2070 sed
727 2013 839 2069 Deo
884 2023 1033 2085 terga
1063 2014 1258 2070 dantes
1306 2016 1362 2070 in
1407 2015 1625 2070 illorum
1659 2016 1790 2070 olim
1844 2015 2174 2069 mirabilium

596 2106 716 2175 ejus
739 2106 1063 2162 oblivionem
1104 2117 1389 2163 venerunt.
1429 2108 1683 2174 Quaiium
1736 2115 1914 2162 autem
1950 2108 2175 2162 mirabi-

598 2199 750 2264 lium,
782 2198 889 2254 nisi
921 2214 1109 2255 eorum
1147 2216 1269 2270 quae
1307 2200 1437 2256 olim
1490 2200 1545 2254 in
1574 2198 1810 2271 Egypto
1845 2207 1994 2271 gesta
2026 2209 2173 2262 sunt,

595 2304 772 2357 neque
800 2288 854 2342 in
879 2296 991 2343 tota
1013 2287 1271 2358 Egypto,
1304 2287 1401 2343 sed
1438 2288 1489 2341 in
1513 2302 1709 2357 campo
1731 2286 1980 2341 Taneos‘l
2018 2285 2173 2353 Quod

595 2387 779 2435 tamen
800 2379 1017 2451 Moyses
1054 2379 1108 2433 in
1145 2380 1429 2449 Scriptura
1460 2394 1559 2434 sua
1595 2394 1702 2432 non
1725 2377 2023 2432 declaravit
2045 2396 2058 2443 ;
2079 2378 2173 2431 sed

596 2471 803 2542 Asaph,
827 2473 921 2542 qui
946 2473 1209 2542 propheta
1254 2479 1393 2536 erat,
1421 2471 1477 2524 in
1510 2471 1763 2541 praesenti
1792 2468 1969 2534 docet,
2003 2469 2172 2523 admi-

594 2563 767 2619 randa
801 2564 892 2617 illa
922 2566 974 2617 in
1002 2561 1236 2633 Egypto
1270 2572 1443 2632 gesta,
1477 2578 1507 2615 a
1549 2562 1731 2632 Moyse
1770 2561 1825 2615 in
1854 2576 2046 2630 campo
2070 2559 2175 2613 Ta~

593 2670 729 2710 neos
758 2654 902 2709 edita
937 2654 1123 2711 fuisse.
1148 2654 1385 2709 Rursum
1426 2656 1571 2708 enim
1604 2654 1660 2707 in
1688 2653 2043 2724 sequentibus
2066 2653 2168 2707 ait:

590 2746 743 2803 Sicut
792 2748 966 2817 posuit
1019 2748 1071 2799 in
1114 2745 1345 2816 {Egypto
1380 2747 1532 2815 signa
1562 2762 1681 2812 sua,
1709 2755 1758 2799 et
1787 2745 2026 2815 prodigia
2073 2762 2171 2798 sua

584 2840 646 2895 in
675 2857 857 2909 campo
912 2839 1137 2893 Taneos.
1172 2838 1284 2893 Cur
1323 2839 1377 2893 in
1424 2852 1617 2907 campo
1666 2835 1918 2891 Taneos?
1947 2835 2082 2904 Quia
2117 2836 2168 2889 in

590 2928 694 2984 hoc
725 2931 961 2985 maxime
988 2928 1322 2984 daamoniaca
1347 2929 1429 2984 vis
1468 2929 1750 2984 obtinebat
1789 2947 1801 2982 :
1840 2934 1971 2982 tunc
2000 2929 2168 2982 multa

560 3020 841 3094 poterant
879 3022 1156 3077 daemones
1203 3022 1259 3076 in
1289 3036 1484 3092 campo
1518 3019 1734 3076 Taneos
1768 3021 2073 3076 constituti.
2112 3020 2168 3075 Id

586 3131 715 3171 vero
744 3113 913 3170 Isaias
946 3114 1210 3185 propheta
1242 3113 1485 3169 declarat
1515 3114 1572 3167 in
1603 3113 1813 3167 visione
1831 3110 2069 3184 Egypti,
2091 3113 2169 3169 di-

2280 2001 2389 2075 γὰρ
2417 2004 2619 2058 τούτων
2659 2006 2826 2078 λήθην
2872 2011 3228 2081 πεποιημένοι
3268 2012 3376 2065 τῶν
3424 2015 3562 2084 πρὸς
3600 2020 3731 2080 τοὺς
3767 2036 3863 2071 πα-

2277 2094 2441 2166 τέρας
2472 2094 2652 2149 αὐτῶν
2685 2096 3155 2169 ὲπιδεδειγμένων,
3188 2102 3324 2155 ὅπλα
3350 2105 3549 2175 ἤραντο
3592 2107 3737 2160 κατά
3768 2109 3858 2163 τοῦ

2277 2185 2432 2249 Θεοῦ,
2467 2187 2526 2239 οὐ
2554 2185 2905 2259 βουληθέντες
2930 2189 3034 2262 [ὲν]
3060 2191 3136 2262 τῷ
3153 2193 3299 2264 νόμῳ
3320 2196 3483 2249 αὐτοῦ
3504 2199 3857 2269 πορεύεσθαι,
3922 2184 3925 2187 Δ

2277 2279 2451 2331 καίτοι
2501 2282 2585 2331 ἐπ’
2631 2280 2825 2345 αὐτοὺς
2877 2287 3127 2354 κειμένου
3181 2286 3273 2339 τοῦ
3323 2287 3583 2343 δύνασθαι
3639 2295 3857 2347 καὶτοῦ

2279 2370 2579 2440 βούλεσθαι.
2618 2373 2767 2427 Οἰδὲ
2812 2375 2910 2447 τὴν
2944 2376 3171 2449 δύναμιν
3200 2378 3440 2450 ἔχοντες,
3480 2384 3585 2436 οὐκ
3627 2387 3858 2457 ἠϐουλήο

2277 2462 2445 2532 θησαν
2475 2463 2608 2535 ὀρθῇ
2644 2465 2951 2535 χρήσασθαι
2998 2469 3348 2539 προαιρέσει*
3390 2471 3535 2525 νῶτα
3569 2474 3627 2526 δὲ
3682 2476 3859 2539 δόντες

2275 2552 2350 2623 τῷ
2383 2552 2529 2623 Θεῷ,
2571 2554 2739 2625 λήθην
2794 2557 3118 2628 ἐποιήσαντο
3164 2559 3271 2612 τῶν
3319 2561 3481 2615 πάλαι
3532 2563 3857 2634 Θαυμασίων

2274 2644 2461 2698 αὑτοῦ.
2499 2645 2674 2698 Ποίων
2716 2645 2771 2698 δὲ
2817 2646 3137 2719 θαυμασίων
3190 2650 3221 2722 ἢ
3265 2651 3373 2703 τῶν
3410 2653 3469 2704 ἐν
3518 2655 3663 2725 αὐτῇ
3716 2674 3860 2723 γενος

2276 2734 2453 2805 μένων
2508 2738 2570 2805 τῇ
2631 2737 2923 2809 Αἰγύπτῳ,
2973 2741 3066 2793 καὶ
3111 2740 3209 2793 οὐκ
3259 2742 3317 2794 ὲν
3364 2744 3511 2816 πάσῃ
3554 2747 3855 2819 Αἰγύπτῳ,

2271 2827 2386 2881 ἀλλ’
2425 2829 2482 2880 ὲν
2514 2826 2591 2897 τῷ
2648 2830 2747 2900 τῆς
2780 2830 2997 2894 Τάνεως
3033 2832 3227 2902 πεδίῳ;
3265 2834 3437 2907 Ὅπερ
3481 2839 3702 2908 Μωσῆς
3763 2843 3857 2912 μὲν

2270 2918 2370 2971 οὐκ
2402 2918 2634 2991 ἐδήλωσε
2668 2920 2754 2973 διὰ
2790 2922 2889 2991 τῆς
2937 2923 3129 2976 ἑαυτοῦ
3161 2925 3376 2998 Γραφῆς
3400 2946 3412 2957 ·
3462 2931 3492 2980 ὁ
3538 2930 3595 2984 δὲ
3652 2934 3846 3005 Ἀσάφ,

2273 3011 2556 3082 προφήτης
2590 3011 2688 3076 ὢν,
2713 3012 2954 3067 διδάσκει
2986 3014 3074 3069 διὰ
3106 3015 3213 3070 τῶν
3253 3021 3662 3090 προκειμένων,
3695 3026 3772 3089 ὡς
3802 3029 3855 3079 ἐν

2267 3104 2347 3175 τῷ
2380 3103 2546 3174 πεδίῳ
2574 3102 2793 3167 Τάνεως
2835 3106 2903 3159 τά
2948 3109 3004 3160 ὲν
3057 3109 3313 3181 Αἰγύπτῳ
3356 3112 3677 3182 πραχθέντα
3728 3117 3852 3169 θαύ-

588 3219 720 3259 cens
757 3224 769 3258 :
809 3203 876 3257 Et
905 3196 1260 3257 stulti'ernnt
1316 3203 1577 3272 principes
1638 3201 1864 3268 Taneos,
1910 3203 2167 3271 sapientes

2275 3213 2418 3266 ματα
2456 3195 2544 3250 διὰ
2588 3198 2832 3262 Μωσέως
2879 3200 3225 3273 ἐπετελέσθη.
3281 3204 3442 3271 Λέγει
3474 3206 3521 3258 δ’
3566 3204 3667 3261 οὖν
3702 3207 3850 3273 αὖθις

590 3298 889 3351 consiliarii
925 3298 1084 3366 regis,
1116 3296 1398 3349 consilium
1424 3312 1605 3350 eorum
1631 3295 1852 3348 stultum
1884 3296 1994 3364 fiet.
2025 3295 2168 3361 Quo-

583 3388 741 3441 modo
767 3388 951 3441 dicetis
976 3391 1080 3458 regi
1100 3405 1118 3443 :
1137 3387 1267 3440 Filii
1290 3388 1608 3451 sapientium
1634 3402 1727 3438 nos
1750 3384 2071 3453 sumus,ﬁlii
2089 3402 2169 3439 re-

580 3495 710 3548 gum
736 3478 825 3548 qui
855 3495 886 3530 a
916 3479 1176 3546 principio
1207 3477 1463 3547 fuerunt?
1497 3473 1597 3529 Ubi
1629 3484 1750 3527 sunt
1776 3475 2040 3540 sapientes
2066 3476 2164 3536 tui,

586 3578 635 3623 et
662 3569 972 3621 annuntient
1000 3569 1114 3631 tibi,
1138 3580 1186 3622 et
1218 3568 1401 3621 dicant
1446 3567 1561 3631 tibi,
1587 3564 1713 3635 quid
1744 3565 1952 3619 consilii
1976 3563 2165 3617 Domi-

584 3678 687 3714 nus
721 3662 912 3730 ceperit
966 3677 1123 3723 super
1173 3660 1502 3731 rEgyptum?
1548 3658 1863 3727 Defecerunt
1906 3659 2163 3725 principes

589 3734 816 3816 Taneos,
848 3762 895 3806 et
919 3753 1190 3823 perierunt
1236 3751 1493 3820 principes
1527 3748 1828 3818 Mempheos
1852 3750 1916 3802 “.
1952 3748 2162 3803 Damio-

586 3856 682 3896 nes
712 3851 892 3896 autem
928 3841 1150 3910 maligni
1185 3850 1362 3906 erant,
1392 3851 1450 3893 ut
1483 3838 1779 3895 verisimile
1818 3848 1924 3902 est,
1948 3843 2035 3906 qui
2066 3855 2161 3907 per

578 3934 802 3986 oracula
851 3944 905 3987 et
947 3932 1318 3986 divinationes
1369 3921 1660 4001 quamdam
1708 3930 1984 4002 sapientiae
2029 3946 2153 3998 spe-

581 4023 719 4078 ciem
748 4024 1165 4092 proﬁlebantur,
1202 4034 1257 4077 et
1284 4023 1352 4077 ob
1379 4022 1527 4077 illam
1558 4038 1745 4078 eorum
1772 4022 1862 4092 qui
1894 4022 1948 4075 in
1980 4022 2155 4075 diver~

582 4115 660 4169 sis
696 4113 920 4185 Egypti
953 4114 1089 4168 locis
1118 4114 1391 4184 principes
1425 4122 1582 4169 erant
1619 4113 1918 4167 consiliarii
1970 4111 2145 4167 eﬁ‘ecti

582 4214 731 4260 sunt.
761 4205 898 4259 Num
936 4205 1073 4261 forte
1101 4208 1194 4277 qui
1240 4206 1529 4278 praestigiis
1554 4205 1889 4277 [Egyptiacis
1930 4220 2151 4275 Operam

580 4298 801 4363 dabant,
834 4307 888 4353 et
914 4299 950 4351 ii
1004 4300 1096 4368 qui
1126 4299 1401 4354 veneﬁciis
1448 4299 1563 4353 suis
1594 4297 1765 4369 Moysi
1799 4297 2147 4363 obstiterunt,

578 4390 853 4460 principes
874 4390 1089 4446 Taneos
1112 4400 1164 4446 et
1184 4393 1456 4462 sapientes
1479 4391 1779 4447 consiliarii
1808 4392 1952 4462 regis
1973 4390 2152 4445 erant?

578 4482 941 4548 Quamobmn
969 4483 1092 4553 jure
1120 4500 1244 4555 qua:
1276 4500 1372 4554 per
1403 4482 1639 4556 Moysen:
1666 4484 1721 4536 in
1750 4481 1983 4552 Egypto
2010 4481 2149 4536 facta

577 4585 723 4641 sunt,
756 4574 810 4628 in
833 4588 1026 4645 campo
1063 4574 1276 4631 Taneos
1314 4577 1453 4630 edita
1491 4591 1611 4629 esse
1639 4574 1728 4628 hic
1762 4574 2074 4629 edocemur.

2270 3288 2471 3361 προῖὼν
2503 3290 2591 3343 διὰ
2632 3290 2742 3344 τῶν
2774 3291 2932 3363 ἑξῆς·
2988 3294 3085 3360 Ὠς
3136 3295 3301 3349 ἔθετο
3343 3299 3413 3350 ἐν
3450 3302 3737 3369 Αἰγύπτῳ
3784 3303 3849 3357 τὰ

2265 3382 2483 3451 σημεῖα
2527 3383 2713 3438 αὐτοῦ
2775 3385 2871 3437 καὶ
2934 3387 3006 3439 τὰ
3062 3386 3272 3455 τέρατα
3292 3460 3295 3461 ν
3317 3391 3502 3445 αὑτοῦ
3541 3393 3611 3445 ἐν
3671 3397 3846 3461 mihi.

2274 3473 2516 3542 Τάνεως.
2551 3475 2651 3529 Διὰ
2675 3477 2727 3530 τί
2763 3477 2819 3530 δὲ
2848 3481 2906 3532 ἐν
2937 3478 3014 3550 τῷ
3036 3480 3138 3551 τῆς
3169 3481 3383 3546 Τάνεως
3429 3485 3637 3555 πεδίῳς
3678 3488 3846 3540 Ἐπει-

2264 3567 2435 3640 δήπερ
2463 3569 2521 3622 ἐν
2550 3567 2724 3639 τούτῳ
2757 3569 2990 3641 μάλιστα
3014 3572 3081 3624 τὰ
3105 3572 3202 3643 τῆς
3222 3572 3544 3643 δαιμονικῆς
3569 3578 3841 3646 ἐνεργείας

2265 3658 2557 3731 ἐπεκράτει
2581 3677 2593 3688 ·
2624 3661 2747 3713 τότε
2777 3660 2949 3714 πολλά
2981 3678 3039 3714 τε
3072 3662 3252 3731 ἴσχυον
3283 3665 3402 3715 κατ’
3431 3667 3616 3719 έκεῖνο
3656 3668 3841 3739 καιροῦ

2262 3753 2309 3804 οἱ
2343 3751 2400 3803 ἐν
2428 3754 2492 3823 τῇ
2545 3752 2708 3806 Τάνει
2760 3752 3035 3823 ἱδρυμένοι
3069 3751 3340 3823 δαίμονες.
3372 3755 3547 3809 Τοῦτο
3594 3758 3656 3812 δὲ
3699 3761 3843 3831 δηὶοξ

2273 3843 2498 3906 Ἡσαΐας
2550 3845 2577 3896 ὁ
2630 3844 2913 3916 προφήτης
2963 3846 3022 3897 ὲν
3070 3846 3137 3915 τῇ
3190 3846 3374 3916 ὁράσει
3422 3847 3527 3918 τῆς
3567 3851 3837 3917 Αἰγύπτου

2261 3933 2432 4003 λέγων
2455 3950 2467 3963 ·
2514 3935 2621 3988 Kal
2668 3934 2847 4004 μωροὶ
2880 3935 3125 3989 ἔσονται
3167 3940 3221 3989 οἱ
3256 3936 3544 4007 ἄρχοντες
3596 3943 3838 4009 Teir-emt,

2260 4027 2314 4077 ol
2340 4024 2517 4094 σοφοὶ
2537 4025 2863 4093 σύμϐουλοι
2888 4026 2991 4080 τοῦ
3015 4026 3388 4095 βασιλέως.ή
3406 4029 3617 4099 βουλὴ
3645 4032 3841 4086 αίτὲιν

2222 4116 2225 4117 ⁷
2258 4116 2723 4186 μωρανθήσεται.
2757 4115 2888 4181 Πῶς
2911 4118 3095 4183 ἐρεῖτε
3122 4117 3202 4184 τῷ
3226 4119 3494 4183 βασιλεῖ,
3542 4125 3658 4177 Υἱοὶ
3687 4141 3838 4177 συγ.

2258 4206 2409 4259 ετῶν
2453 4207 2641 4275 ἡμεῖς,
2685 4207 2800 4260 vloi
2836 4206 3144 4270 ,ϐασιλέων
3184 4209 3303 4262 τῶν
3333 4211 3402 4275 ἐξ
3440 4213 3675 4281 ἀρχῆς;
3706 4216 3838 4268 Urit

2255 4298 2414 4353 εἰσὶν
2449 4302 2501 4353 oi
2530 4299 2711 4366 σοφοί
2740 4313 2875 4365 σου,
2901 4299 2996 4353 καὶ
3028 4301 3556 4370 ἀναγγειλάτωσάν
3580 4322 3698 4365 σοι,
3737 4308 3839 4359 καὶ

2254 4389 2591 4443 εὶπάτωσάν
2617 4404 2715 4443 σοι
2758 4390 2815 4443 τι
2852 4390 3246 4454 ,ϐεϐούλευται
3288 4394 3502 4461 Κύριος
3527 4397 3623 4447 ἐπ’
3651 4399 3841 4465 Αἴξ-υ.

2254 4494 2436 4545 πτον;
2480 4480 2787 4544 Ἐξέλιπον
2824 4484 2876 4534 ol
2915 4481 3201 4549 ἄρχοντες
3243 4482 3499 4551 Τάνεως,
3534 4488 3631 4541 καί
3673 4488 3839 4541 ἀπώ-

2182 4553 2224 4606 Ῑ)
2252 4576 2432 4625 λοντο
2463 4576 2517 4626 ol
2544 4573 2830 4643 ἄρχοντες
2863 4573 3165 4643 Μέμφεως.
3195 4575 3457 4645 Δαίμονες
3478 4578 3536 4630 δὲ
3559 4575 3727 4649 ἦσαν,
3758 4582 3836 4642 ὡς

576 4672 739 4734 εἰκὸς,
773 4672 996 4742 πονηροὶ
1028 4670 1117 4745 διά
1168 4670 1428 4743 χρησμῶν
1489 4668 1583 4723 καὶ
1637 4669 1900 4741 μαντειῶν
1958 4668 2148 4739 σοφίαν
2188 4668 2307 4720 τινὰ
2370 4669 2844 4739 ἐπαγγελλόμενοι,
2869 4669 2964 4721 καὶ¹
2991 4672 3047 4722 έν
3079 4669 3276 4751 ταύτῃ.
3312 4671 3419 4724 τῶν
3454 4674 3598 4740 κατά
3630 4677 3837 4736 τόπους

577 4762 916 4833 κρατούντων
978 4764 1079 4834 τῆς
1143 4763 1415 4831 Αἰγύπτου
1454 4760 1745 4832 σύμϐουλοι
1808 4765 2101 4831 γινόμενοι.
2154 4762 2377 4830 Μήποτε
2428 4760 2484 4813 δὲ
2535 4762 2628 4814 καὶ
2677 4762 2725 4813 οί
2774 4764 2892 4823 ταῖς
2939 4763 3211 4828 γοητείᾶις
3254 4766 3373 4825 ταῖς
3422 4765 3833 4833 Αίγυπτιακαῖς

575 4858 1018 4931 προσανέχοντες,
1050 4859 1102 4911 οἵ
1125 4877 1183 4911 τε
1210 4860 1555 4922 ἀντιστάντες
1583 4860 1771 4912 Μωσεῖ
1790 4860 1909 4919 ταῖς
1932 4857 2301 4928 φαρμακείαις
2330 4856 2528 4921 αὐτῶν,
2546 4858 2596 4909 οἱ
2628 4858 2887 4925 ἄρχοντες
2914 4853 3052 4927 ἦσαν
3114 4857 3351 4921 Τάνεως,
3384 4859 3477 4912 καί
3543 4862 3592 4912 οἱ
3658 4865 3825 4929 σοφοὶ

579 4953 860 5023 σύμὸουλοι
906 4954 997 5007 τοῦ
1033 4954 1320 5024 βασιλέως;
1393 4954 1590 5025 Διόπερ
1636 4954 1859 5016 εἰκότως
1907 4955 1965 5005 ὲν
2013 4952 2179 5023 πεδίῳ
2243 4952 2460 5016 Τάνεως
2489 4953 2516 5004 ὁ
2548 4950 2735 5023 παρὼν
2768 4951 2923 5019 λόγος
2976 4951 3213 5006 διδάσκει
3259 4952 3574 5025 πεπρᾶχθαι
3619 4954 3687 5007 τά
3745 4956 3832 5005 δεὲ

574 5047 815 5113 Μωσέως
847 5052 904 5103 ἐν
923 5050 1182 5121 Αἰγύπτῳ
1212 5052 1566 5123 γεγενημένα.

648 5162 811 5220 Vens.
849 5166 934 5220 15.
971 5165 1419 5237 Interrupitmare
1448 5175 1497 5221 et
1535 5166 1777 5236 perduxit
1803 5182 1910 5231 eos,
1945 5176 1991 5217 et
2027 5172 2136 5217 sta-

2310 5160 2586 5231 Διέρῤηξε
2624 5161 2942 5216 θάλασσαν
2964 5162 3058 5215 καὶ
3090 5160 3372 5230 διήγαγεν
3394 5162 3632 5226 αὐτοὺς,
3668 5179 3835 5229 ..ταρ-

581 5258 678 5310 tuit
710 5273 871 5327 aquas
904 5259 1056 5327 quasi
1099 5270 1285 5312 utrem.
1319 5258 1449 5323 Qua:
1476 5259 1526 5311 in
1560 5256 1792 5328 Egypto
1822 5255 1962 5310 facta
1987 5264 2134 5317 sunt,

2271 5269 2506 5320 στησεν
2556 5254 2744 5309 ὕδατα
2794 5252 2934 5306 ὡσεί
2977 5254 3188 5308 ἀσκόν.
3218 5253 3299 5306 Τὰ
3335 5252 3432 5323 μὲν
3463 5254 3520 5305 έν
3549 5253 3689 5322 αὐτῇ
3729 5271 3837 5306 :2-

580 5364 690 5402 uno
721 5348 885 5403 verbo
902 5350 1216 5418 complexus
1246 5346 1419 5401 dixit:
1454 5346 1585 5412 Qua:
1625 5347 1745 5413 fecit
1786 5340 2138 5398 mirabilia‘in

2271 5344 2536 5416 εραγμένα
2572 5347 2635 5415 τῇ
2683 5343 2938 5413 Αἰγύπτῳ
2974 5343 3059 5397 διὰ
3108 5346 3235 5415 μιᾶς
3280 5344 3574 5414 έπετέμετο
3612 5342 3836 5408 λέξεως

580 5448 723 5493 terra
744 5436 987 5509 digypti,
1019 5446 1073 5495 et
1103 5439 1291 5507 adjicit
1334 5452 1398 5491 ea
1429 5451 1549 5506 quas
1572 5449 1680 5490 non
1713 5449 2061 5501 noveramus,
2087 5438 2139 5488 in

2277 5435 2411 5489 ίπών
2430 5452 2443 5464 α
2479 5438 2537 5489 Ἃ
2559 5435 2809 5503 ἐποίησε
2837 5433 3133 5503 θαυμάσια
3158 5435 3227 5488 ἐν
3253 5432 3331 5502 γῆ
3358 5435 3683 5501 Αἰγύπτου,
3729 5437 3839 5487 καὶ

573 5547 757 5599 campo
786 5532 1005 5587 Taneos.
1030 5532 1290 5598 003303!“
1314 5529 1406 5583 illa
1432 5528 1699 5583 mirabilia
1728 5535 1911 5585 essent
1940 5526 2139 5599 Moysis

2271 5527 2501 5601 προσθεὶς
2527 5528 2663 5598 ὅπερ
2696 5527 2795 5580 οὐκ
2823 5526 3062 5597 ᾔδειμεν,
3087 5526 3157 5578 ἐν
3190 5525 3371 5590 πεδίῳ
3402 5524 3639 5589 Τάνεως.
3676 5524 3836 5576 Tim

571 5619 855 5692 Scriptura
910 5623 1087 5678 fusius
1118 5629 1353 5676 enarrat.
1395 5618 1502 5676 Sed
1534 5635 1772 5691 praesens
1805 5620 2045 5690 psalmus
2071 5633 2133 5674 ea

2271 5621 2296 5673 ὲ
2326 5615 2394 5691 ἦν
2423 5619 2490 5672 τὰ
2513 5618 2810 5689 θαυμάσια,
2846 5621 2924 5680 είς
2956 5616 3154 5679 πλάτος
3188 5616 3340 5686 μὲνὴ
3374 5616 3605 5674 Μωσέως
3648 5632 3837 5687 πρι-

567 5714 922 5783 paucioribus
970 5713 1111 5767 infra
1154 5719 1422 5780 recenset,
1465 5712 1652 5768 dicens
1698 5728 1711 5764 :
1770 5711 2032 5766 Convertit
2074 5713 2126 5765 in

2271 5729 2346 5783 χει
2383 5711 2595 5783 Γραφή·
2636 5710 2978 5781 ἐπιτέμνεται
3016 5708 3071 5762 δὲ
3108 5707 3279 5763 ταῦτα
3305 5711 3334 5763 ὁ
3374 5707 3558 5780 παρὼν
3586 5706 3837 5777 Myth;

641 5868 681 5897 “
716 5866 815 5920 lsa.
840 5881 951 5930 χιι,
989 5865 1168 5921 11-13.
