4004 6552
268 405 369 461 915

1347 399 1848 459 COMMENTARIA
1891 398 1957 454 IN
1998 399 2340 458 PSALMOS.

3401 409 3505 467 9M

262 528 320 580 ὲν
356 529 468 590 τοῖς
511 527 648 597 μετὰ
679 525 847 580 ταῦτα
885 526 1086 594 λέγων·
1124 523 1541 592 Μετέστρεψεν
1581 525 1666 588 εις
1693 517 1819 590 aluo

1937 522 2244 598 sanguinem
2282 521 2505 601 ﬂumina
2525 537 2728 588 eorum,
2763 533 2812 595 et
2840 524 3038 594 imbres~
3053 543 3231 581 eorum
3273 545 3333 583 ne
3366 530 3506 582 bibe-

260 617 402 682 τοὺς
429 615 734 686 ποταμοὺς
755 613 970 677 αὐτῶν.
1009 614 1194 680 καὶτὰ
1211 613 1550 684 ὀμϐρήματα
1573 611 1727 678 ὅπως
1743 611 1828 681 μὴ

259 709 501 761 πίωσιν.
541 705 994 771 Ἐξαπέστειλεν
1016 709 1102 773 εὶς
1126 689 1346 772 αὐτοὺς
1369 705 1714 774 κοινόμυιαν
1735 703 1830 757 καὶ

259 797 592 868 κατέφαγεν
635 798 891 866 αὐτοὺς,
934 801 1030 853 καὶ
1079 799 1146 852 τὰ
1192 798 1400 860 τούτοις
1450 797 1828 868 ἐπιλεγόμενα.

258 889 444 946 Ταῦτα
495 890 591 960 μὲν
629 885 721 944 οὖν
783 891 902 944 κατ’
950 889 1260 959 Αἰγυπτίων
1307 890 1516 958 ἐγίνετο
1561 891 1619 942 έν
1664 885 1831 958 πεδίῳ

257 982 474 1046 Τάνεως
500 1000 513 1012 ·
613 981 676 1053 δὴ
714 981 1000 1053 παρελθὼν
1034 982 1125 1034 ἐπὶ
1171 979 1264 1034 τοῦ
1295 980 1559 1051 παρόντος
1593 980 1621 1031 ό
1655 979 1831 1047 λόγος,

257 1075 354 1142 τὰς
387 1077 466 1138 εἰς
510 1075 599 1127 τὸν
638 1073 764 1126 λαὸν
796 1075 1114 1145 εὐεργεσίας
1163 1073 1480 1144 προτάττειο
1507 1071 1581 1134 ὡς
1616 1069 1831 1141 διῆλθον

255 1165 353 1238 τὴν
401 1165 709 1232 Θάλασσαν,
753 1167 833 1229 εἰς
881 1165 1050 1220 πολλὰ
1107 1166 1246 1237 μέρη
1296 1162 1668 1233 διαιρεθέντων
1724 1162 1831 1215 τῶν

257 1260 496 1330 ὑδάτων·
532 1259 560 1312 ὃ
600 1257 664 1330 δὴ
707 1257 1035 1329 παρίσταται
1063 1257 1151 1312 διὰ
1184 1257 1274 1320 τοῦ
1308 1257 1603 1325 φάσκοντος
1635 1255 1792 1324 λόγου
1812 1272 1827 1286 ο

257 1350 340 1420 Τῷ
364 1349 769 1404 καταδιελόντι
799 1350 912 1417 τὴν
939 1348 1217 1417 Ἐρυθρὰν
1241 1347 1557 1401 θάλασσαν
1580 1349 1666 1412 εἰς
1686 1345 1831 1401 διαι-

246 1441 482 1510 ρέσεις,
538 1442 637 1496 καὶ
679 1443 1017 1512 διαγαγόντι
1057 1438 1164 1496 τὸν
1221 1440 1458 1509 Ἰσραὴλ
1493 1439 1589 1495 διὰ
1635 1439 1830 1509 μέσου

255 1532 463 1601 αὐτῆς.
493 1535 629 1587 Φασὶ
667 1535 795 1602 γοῦν
837 1533 1103 1604 Ἐϐραίων
1137 1533 1326 1596 παῖδες
1358 1534 1437 1596 εἰς
1467 1531 1532 1584 ιϐ’
1568 1532 1832 1602 τμήματα

255 1625 545 1698 διῃρῆσθαι
586 1625 756 1698 αὐτὴν
813 1626 930 1682 κατ’
957 1624 1189 1697 ἀριθμὸν
1233 1623 1340 1678 τῶν
1391 1623 1458 1676 ιϐ’
1509 1622 1690 1692 φυλῶν
1734 1622 1828 1676 τοῦ

255 1717 416 1788 λαοῦ’
463 1717 603 1771 ὥστε
652 1717 1048 1789 ἀφωρισμένως
1091 1716 1328 1788 ἑκάστην
1375 1714 1600 1768 διελθεῖν
1633 1714 1825 1787 φυλὴν,

254 1807 397 1860 κατὰ
431 1808 528 1879 τὴν
550 1807 986 1878 ἀπονεμηθεῖσαν
1018 1807 1154 1878 αὐτῇ
1183 1804 1425 1876 πορείαν.
1461 1805 1826 1875 Διισταμένων

1935 621 2069 666 rent.
2109 611 2254 666 Misit
2292 615 2344 667 in
2377 630 2464 668 eos
2496 603 2840 692 carnomgiam
2873 627 2922 671 et
2944 620 3165 673 comedit
3181 637 3288 684 eos,
3321 631 3376 675 et
3397 637 3503 676 caa-

1937 713 2074 758 tera.
2106 701 2227 758 Haec
2259 706 2439 774 itaque
2476 714 2666 760 contra
2685 706 2972 778 Egyptios
2991 710 3044 764 in
3069 727 3259 782 campo
3288 711 3499 769 Taueos

1932 795 2298 865 contigerunt,
2318 811 2438 865 quae
2467 787 2852 854 transcurrens
2879 799 2933 854 in
2963 805 3215 871 przesenti
3245 804 3506 860 beneticia

1931 885 1987 939 in
2022 886 2276 954 populum
2328 888 2645 956 pramittit:
2683 898 2740 943 ut
2774 891 2985 946 scilicet
3037 895 3193 964 aquis
3235 895 3419 966 plures
3449 897 3504 951 in

1934 991 2115 1056 partes
2151 978 2362 1046 divisis,
2388 997 2537 1058 mare
2584 986 2980 1053 pertransierit,
3011 987 3158 1055 quod
3196 989 3284 1046 liis
3327 992 3505 1047 verbis

1931 1071 2241 1125 declaratur
2275 1090 2288 1126 :
2324 1070 2428 1138 Qui
2454 1073 2635 1127 divisit
2671 1091 2816 1150 mare
2845 1073 3078 1146 Rubrum
3108 1079 3162 1132 in
3202 1077 3502 1144 divisiones,

1930 1173 1980 1216 et
2021 1162 2204 1217 eduxit
2246 1162 2419 1236 Israel
2449 1182 2540 1236 per
2575 1168 2803 1221 mediam
2855 1169 2968 1238 ejus
3005 1170 3070 1226 ¹⁵.
3104 1169 3274 1226 Aiunt
3324 1173 3505 1244 itaque

1932 1250 2142 1332 Hebraei
2175 1253 2228 1307 in
2262 1254 2546 1328 duodecim
2579 1259 2850 1314 sectiones
2886 1259 3132 1315 divisum.
3154 1260 3326 1318 fuisse
3355 1280 3504 1319 mare

1930 1345 2230 1413 secundum
2256 1364 2539 1403 numerum
2569 1349 2853 1406 duodecim
2892 1353 3075 1423 populi
3108 1355 3351 1409 tribuum
3379 1375 3395 1422 ;
3429 1359 3502 1410 ita

1932 1444 1989 1515 ut
2013 1438 2239 1509 singula:
2267 1440 2441 1506 tribus
2471 1443 2760 1513 separatim
2794 1443 2848 1496 iu
2878 1429 3154 1515 assignato
3185 1433 3290 1500 sibi
3322 1453 3503 1498 meatu

1929 1531 2347 1600 pertransirent.
2378 1533 2512 1590 Cum
2564 1551 2725 1605 porro
2764 1551 2917 1607 aqua:
2973 1537 3297 1592 intermedio
3328 1537 3505 1607 Spatio

1929 1622 2192 1692 sejuncta:
2215 1635 2420 1689 essent,
2454 1635 2509 1682 et
2538 1628 2690 1680 arida
2715 1642 2856 1682 terra
2889 1629 2944 1682 in
2979 1630 3158 1682 medio
3184 1629 3499 1692 haberetur,

1927 1729 2275 1789 consequens
2304 1725 2421 1771 erat
2439 1733 2609 1790 aquas
2636 1718 2689 1772 in
2713 1719 2990 1773 cumulum
3025 1730 3242 1775 evectas
3257 1719 3504 1775 contine-

1927 1808 1994 1872 ri,
2036 1809 2091 1862 in
2139 1825 2265 1865 aere
2311 1811 2548 1865 tumidas
2588 1810 2784 1865 elevari
2825 1818 2877 1865 et
2915 1811 3114 1876 attolli,
3163 1811 3217 1866 in
3272 1812 3503 1884 ipsoque

251 1895 309 1949 δὲ
335 1895 443 1950 τῶν
477 1896 704 1961 ὑδάτων,
751 1897 846 1949 καὶ
893 1894 1063 1967 ξηρᾶς
1092 1895 1195 1965 γῆς
1226 1896 1283 1947 ὲν
1322 1894 1400 1966 τῷ
1445 1892 1646 1965 μεταξὺ
1701 1911 1819 1947 συν-

1927 1914 2052 1955 aere
2088 1902 2244 1971 quasi
2308 1902 2362 1956 in
2411 1893 2532 1956 utre
2568 1903 2850 1970 concludi;
2901 1915 3232 1974 quapmpter
3259 1903 3496 1958 dicitur:

249 1989 567 2060 ι(κταμένης,
595 1987 884 2042 ἀκόλουθον
915 1983 982 2058 ἦν
1015 1985 1242 2056 συνοχὴν
1270 1984 1510 2054 γίνεσθαι
1541 1986 1647 2058 τῶν
1690 1985 1816 2040 ὑδά-

1927 1987 1992 2042 Et
2028 1992 2208 2043 statuit
2267 2009 2427 2066 aquas
2479 1981 2630 2055 quasi
2666 2001 2849 2045 utrem.

238 2101 378 2150 των,
433 2087 506 2152 ᾡς
561 2085 888 2157 κυρτοῦσθαι
931 2082 1069 2138 αύτὰ
1129 2083 1461 2154 συνεχόμενα
1510 2083 1646 2155 πρὸς
1699 2083 1898 2156 ἄλληλα
1948 2087 2040 2140 καὶ
2106 2090 2164 2140 ἐν
2225 2088 2374 2160 αύτῷ
2424 2075 2515 2158 ἳτῷ
2562 2087 2683 2158 ἀέρι
2726 2086 3042 2159 ἐπαίρεσθαι
3104 2086 3197 2140 καὶ
3257 2085 3510 2160 ύψοῦσθα.

242 2180 590 2253 κυρτούμενα
622 2183 713 2235 καὶ
746 2178 1202 2252 μετεωριζόμενα,
1246 2181 1340 2232 καὶ
1363 2179 1550 2253 ὥσπερ
1603 2183 1663 2234 ὲν
1715 2182 1870 2253 ἁσκῴ
1909 2182 1983 2254 τῷ
2014 2187 2136 2256 ἀέρι
2177 2186 2590 2258 περικλειόμενα
2614 2202 2626 2214 °
2658 2185 2738 2238 διὸ
2784 2184 3054 2238 λέλεκται·
3085 2185 3495 2254 Παρέστησενι

233 2273 438 2326 ὕδατα
464 2273 606 2326 ὡσεὶ
639 2273 854 2327 ἀσκόν.

314 2368 469 2430 Μετὰ
512 2367 569 2420 δὲ
599 2367 661 2434 τὸ
715 2368 1030 2439 τηλικοῦτον
1075 2367 1280 2439 θαῦμα,
1334 2367 1654 2438 ὡδήγησεν
1705 2373 1816 2424 αὐ-

1979 2372 2142 2426 Vans.
2172 2373 2237 2426 14
2298 2372 2428 2428 Post
2449 2382 2662 2426 tantum
2685 2371 3004 2425 miraculum
3027 2372 3244 2425 deduxit
3275 2388 3384 2435 eos,
3417 2372 3508 2426 1ης--

240 2458 409 2524 τοὺς,
440 2457 622 2528 φησιν,
694 2457 764 2509 ἐν
815 2456 1037 2526 νεφέλῃ
1087 2456 1330 2527 ἡμέρας,
1391 2457 1815 2530 ὲπισκιαζούσης

1923 2466 2058 2535 quit,
2104 2466 2157 2518 in
2186 2464 2318 2518 nube
2360 2465 2888 2536 diei,adumbrante,
2925 2472 3088 2534 atque
3118 2473 3494 2535 tegumentum

241 2548 347 2615 καὶ
376 2546 582 2617 σκέπην
644 2545 825 2608 αὐτοῖς
875 2544 1221 2617 παρεχούσης
1276 2549 1374 2617 τῆς
1420 2547 1670 2618 νεφέλης,
1737 2548 1814 2613 ὼς

1923 2555 2194 2625 praebente
2211 2555 2375 2619 nube,
2410 2563 2468 2608 ut
2489 2570 2556 2609 ne
2577 2555 2711 2610 solis
2736 2563 2870 2611 testu
2901 2554 3231 2610 laborarent.
3254 2552 3320 2609 Ut
3336 2567 3500 2624 porro

243 2640 312 2694 ἂν
347 2638 420 2709 μὴ
444 2638 547 2691 ὑπὸ
566 2637 658 2703 τοῦ
691 2637 930 2708 φλογμοῦ
979 2637 1072 2691 τοῦ
1121 2637 1348 2708 ἡλιακοῦ
1405 2642 1809 2694 καταπονοῖντο.

1923 2649 2060 2701 nube
2077 2647 2182 2701 diei
2205 2648 2544 2717 tegebantur,
2577 2647 2657 2702 sic
2685 2653 3048 2718 congruenter
3080 2645 3332 2700 columna
3357 2646 3497 2716 Ignis

242 2730 612 2801 Καταλλήλως
673 2730 728 2784 δὲ
786 2733 854 2806 τῇ
917 2731 1014 2802 τῆς
1065 2731 1274 2803 ἡμέρας
1323 2731 1548 2804 νεφέλῃ,
1619 2731 1809 2798 στύλος

1926 2738 2038 2809 psis
2074 2746 2234 2792 noctu
2253 2739 2476 2808 praeibat
2505 2738 2708 2792 claram
2741 2737 2883 2792 diem
2917 2720 3156 2792 elliciens
3177 2756 3189 2791 :
3212 2751 3382 2807 quare
3411 2728 3495 2791 di-

240 2825 418 2896 πυρὸς
474 2823 563 2877 διὰ
626 2824 724 2896 τῆς
782 2824 973 2887 νυκτὸς
1046 2824 1285 2899 προῆγεν
1355 2825 1592 2888 αὐτοὺς,
1668 2825 1811 2896 ἠμέ-

1923 2829 2078 2883 :itur:
2101 2827 2166 2880 Et
2183 2838 2293 2882 tota
2320 2838 2466 2882 nocte
2485 2829 2539 2882 in
2572 2827 2960 2880 illuminutione
2983 2826 3140 2896 ignis.
3161 2825 3240 2880 Ad
3273 2825 3387 2880 bazc
3414 2819 3498 2879 di-

244 2933 354 2987 ραν
414 2915 594 2980 αὐτοῖς
649 2917 916 2986 φωτεινὴν
993 2915 1463 2988 ᾷπεργαξόμενοςο
1527 2915 1606 2969 διὸ
1662 2915 1811 2968 λέλε-

1923 2920 2088 2974 :itur:
2120 2917 2286 2973 Vens.
2326 2920 2410 2973 15.
2450 2917 2742 2986 Interrupit
2776 2926 2978 2986 petram
3015 2917 3066 2968 in
3095 2932 3288 2980 eremo,
3309 2925 3357 2969 et
3379 2909 3498 2985 pot-

238 3021 395 3068 κται,
431 3004 538 3066 Kal
584 3004 738 3072 ὅλην
786 3005 900 3074 τὴν
943 3007 1131 3070 νύκτα
1169 3004 1238 3058 ἐν
1275 3003 1552 3074 φωτισμῷ
1601 3007 1810 3073 πυρός.

1923 3010 2015 3064 rvit
2043 3027 2129 3065 eos
2152 3009 2288 3064 velut
2313 3010 2366 3063 in
2405 3009 2597 3080 abysso
2634 3008 2824 3064 multa.
2847 3007 3114 3063 Observes
3141 3022 3305 3078 porro
3339 3009 3497 3061 velim

245 3097 381 3148 Ἐπὶ
441 3094 651 3162 τούτοις
708 3096 952 3164 λέγεται·
993 3095 1269 3164 Διέρῤηξε
1327 3094 1549 3164 πέτραν
1598 3096 1708 3162 ἐν,
1740 3093 1814 3166 τῇ

1923 3101 2008 3156 hic
2031 3102 2194 3156 etiam
2224 3102 2434 3172 copiam
2457 3115 2720 3170 aquarum
2753 3099 3000 3169 abyssum
3035 3099 3241 3153 vocari.
3267 3097 3374 3152 Pro
3405 3099 3498 3152 illo

228 3188 482 3259 ἐρήμῳ,
543 3191 637 3244 xal
686 3190 964 3262 ἐπότισεν
1020 3188 1241 3254 αὐτοὺς
1298 3189 1378 3254 ὡς
1431 3188 1500 3241 ὲν
1567 3189 1816 3256 ἀϐύσσῳ

1923 3202 2120 3256 autem,
2155 3194 2432 3262 interrupit
2487 3203 2714 3262 petram,
2746 3190 2964 3259 Aquila,
2995 3190 3174 3245 divisit
3219 3199 3394 3260 petras
3442 3193 3498 3244 iu

230 3283 469 3352 πολλῇ.
499 3285 666 3354 Τήρει
700 3283 755 3336 δὲ
784 3284 931 3358 ὅπως
961 3284 1055 3358 καὶ.
1103 3280 1336 3336 ἐνταῦθα
1377 3281 1438 3334 τὸ
1478 3280 1678 3350 πλῆθος
1709 3281 1816 3335 τῶν

233 3374 462 3428 ὑδάτων.
488 3375 764 3428 ἄϐυσσον
802 3373 1113 3445 ὠνόμασεν.
1149 3374 1292 3426 Ἀντὶ
1322 3372 1378 3426 δὲ
1411 3371 1526 3439 τοῦ,
1549 3372 1817 3441 διέρρηξε

230 3464 490 3534 πέτραν,
536 3467 564 3518 ὁ
619 3465 866 3530 Ἀκύλας,
905 3467 1118 3534 ἔσχισε
1185 3463 1439 3532 πέτρους
1480 3465 1550 3517 ἐν
1596 3462 1812 3533 ἐρήμῳ,

231 3558 496 3626 ἐξέδωκε,
525 3558 812 3622 δουλεύσας
833 3561 896 3630 τῇ
943 3558 1201 3629 Ἐϐραῖκῇ
1231 3559 1437 3629 γραφῇ,
1468 3556 1533 3609 δι’
1571 3551 1637 3628 ἦς
1669 3573 1814 3629 παρ-

231 3651 483 3714 ἕσταται,
519 3651 594 3717 ὼς
653 3651 714 3702 ού
751 3651 848 3722 μία
881 3653 1055 3722 πέτρα
1089 3645 1212 3722 ῆνὴ
1249 3648 1596 3703 ἀναδλύσασα
1634 3649 1815 3713 αὐτοῖς

229 3741 313 3798 se
350 3740 547 3805 ὕδατα,
609 3739 744 3794 ἀλλὰ
789 3739 998 3794 πολλαί.
1036 3740 1196 3793 Ὅθεν
1244 3739 1272 3790 ὁ
1306 3739 1447 3801 θεῖος
1499 3739 1814 3803 Ἀπόστολος

227 3833 665 3904 ἐπισημαίνεται
713 3833 917 3901 λέγων·
968 3833 1212 3885 Ἐπινον
1268 3831 1380 3901 γὰρ
1433 3830 1502 3884 ἐκ
1555 3846 1816 3898 πνευμα-

231 3922 420 3992 τικῆς
468 3924 925 3991 ἀκολουθούσης
947 3923 1207 3988 αὐτοὺς·
1244 3911 1495 3991 πέτρας*
1549 3922 1588 3990 ἡ
1630 3921 1817 3990 πέτρα

229 4016 313 4086 ρὲ
361 4015 435 4084 ἦν
487 4018 519 4070 ὀ
580 4014 866 4084 Χριστός·
923 4016 998 4080 ὡς
1055 4014 1368 4087 ἁπανταχοῦ
1432 4014 1818 4088 παρεπομένης

227 4108 442 4171 αὐτοὺς
469 4106 672 4181 πέτρας
694 4149 709 4172 ,
746 4108 836 4160 καὶ
877 4107 1016 4162 κατὰ
1049 4107 1320 4178 σταθμοὺς
1345 4106 1438 4160 καὶ
1477 4105 1617 4160 κατὰ
1649 4105 1816 4178 μονὰς

239 4193 345 4248 καὶ
415 4195 553 4248 κατὰ
608 4196 786 4250 πάντα
845 4196 1010 4250 τόπον
1080 4197 1380 4270 παρούσης.
1447 4197 1817 4268 Ἐπιτηρήσας

235 4287 302 4341 δὲ
333 4287 487 4340 τοῦτο
509 4287 603 4340 καὶ
634 4291 690 4342 ὲν
712 4293 775 4360 τῇ
802 4290 1041 4367 Μωσέως
1073 4291 1323 4362 εὑρήσεις
1375 4291 1565 4361 Γραφῇ
1591 4309 1605 4321 ο
1639 4292 1695 4342 ἐν
1719 4289 1816 4359 μὲν

238 4379 356 4453 γὰρ
389 4383 455 4452 τῇ
496 4380 689 4454 Ἐξόδῳ
736 4381 979 4454 εἴρηταιο
1012 4382 1120 4438 Kal
1151 4382 1560 4451 παρενέϐαλον
1596 4382 1665 4435 ἐν
1692 4383 1816 4434 Ῥα-

237 4471 442 4545 φιόεἷν
485 4472 587 4526 καὶ
623 4475 732 4528 οὐκ
772 4470 850 4544 ἦν
878 4473 1031 4543 ὕδωρ
1064 4473 1223 4528 πιεῖν
1249 4472 1328 4539 τῷ
1353 4473 1498 4539 λαῷ.
1527 4473 1636 4528 Kal
1664 4473 1817 4526 ἐλοι-

1917 3302 2110 3348 eremo,
2140 3284 2333 3349 edidit,
2369 3283 2645 3339 llebraicze
2692 3280 2946 3335 videlicet
2995 3281 3190 3336 littera:
3227 3281 3508 3344 serviens,.

1916 3392 2025 3450 qua
2055 3374 2366 3431 declaratur
2410 3390 2520 3428 non
2557 3390 2743 3438 unam,
2779 3374 2874 3430 sed
2904 3375 3091 3445 plures
3142 3379 3328 3443 petras
3361 3370 3496 3440 ipsis

1917 3485 2086 3540 aquas
2114 3469 2384 3523 emisisse.
2423 3465 2577 3522 Unde
2600 3466 2823 3522 divinus
2846 3467 3143 3538 Apostolus
3174 3465 3290 3520 hanc
3321 3465 3496 3518 adno-

1922 3567 2000 3612 tat
2022 3551 2319 3612 :"Bibebaut
2338 3565 2511 3609 autem
2535 3571 2599 3610 ex
2625 3555 2900 3626 spirituali
2927 3564 3274 3625 consequente
3302 3570 3388 3608 eos
3411 3569 3496 3623 pe-

1915 3656 2032 3701 tra:
2051 3659 2200 3717 petra
2217 3655 2518 3700 autemerat
2533 3645 2773 3700 Christus
2794 3644 3034 3712 ".Quasi
3053 3644 3258 3699 scilicet
3274 3655 3370 3698 eos
3387 3643 3498 3697 ubi-

1915 3757 2019 3816 que
2037 3749 2188 3812 petra
2222 3749 2638 3809 sequeretur,ac
2659 3738 2716 3792 in
2737 3736 3089 3800 stationibus,
3114 3735 3170 3788 in
3200 3735 3496 3789 mansioni-

1916 3836 2040 3900 bus,
2083 3835 2142 3889 in
2179 3835 2434 3902 omnique
2466 3833 2586 3887 loco
2627 3845 2871 3902 praesens
2905 3828 3142 3883 adesset.
3205 3826 3341 3880 lllud
3357 3817 3498 3896 quo-

1915 3911 2020 3998 que
2040 3928 2093 3980 in
2113 3926 2311 3998 Moysis
2323 3925 2605 3995 Scriptura
2624 3923 2916 3979 observare
2928 3921 3053 3976 licet
3069 3937 3086 3988 ;
3101 3935 3225 3973 nam
3243 3919 3296 3975 in
3311 3918 3498 3974 Exodo

1915 4004 2162 4075 dicitur:
2203 4019 2270 4072 lit
2325 4016 2690 4071 castrametati
2716 4023 2837 4069 sunt
2881 4017 2935 4068 in
2963 4011 3250 4080 Raphidin,
3300 4020 3349 4066 et
3391 4027 3511 4066 non.

1913 4121 2029 4166 erat
2048 4110 2237 4182 populo
2268 4128 2402 4180 aqua
2438 4109 2506 4162 ad
2531 4108 2828 4162 bibendum.
2860 4105 2928 4159 Et
2941 4105 3192 4176 jurgatus
3224 4113 3300 4157 est
3330 4119 3496 4172 popu-

1917 4205 1998 4259 lus
2029 4221 2146 4258 cum
2175 4203 2399 4274 Moyse;
2434 4217 2496 4256 ac
2528 4201 2761 4257 deinde:
2791 4198 2938 4252 Dixit
2965 4197 3222 4252 Dominus
3252 4197 3319 4250 ad
3343 4195 3496 4266 Moy-

1916 4315 2024 4352 sem
2050 4312 2067 4350 :
2101 4294 2358 4350 Antecede
2387 4293 2638 4364 populum
2665 4301 2713 4346 et
2744 4307 2890 4345 sume
2907 4299 3072 4345 tecum
3102 4304 3168 4343 ea:
3202 4287 3496 4342 senioribus

1913 4383 2114 4453 populi.
2134 4391 2182 4434 et
2205 4381 2402 4450 virgam
2415 4396 2518 4449 qua
2538 4377 3024 4447 percussistimare,
3041 4385 3090 4430 et
3106 4374 3283 4428 vades.
3309 4373 3386 4428 En
3403 4390 3496 4444 ego

1915 4473 2172 4527 steliante
2194 4479 2242 4523 te
2268 4470 2340 4522 ibi
2360 4484 2519 4536 supra
2536 4476 2736 4536 petram
2768 4467 2822 4519 in
2854 4465 3056 4521 Choreb
3089 4480 3108 4518 :
3135 4473 3185 4518 et
3205 4463 3497 4532 percutiam
3536 4475 3540 4480 ‘

237 4563 471 4631 δορεῖτο
511 4567 544 4618 ὀ
567 4563 716 4630 λαὸς
744 4563 890 4632 πρὸς
915 4563 1143 4634 Μωσῆν
1162 4580 1175 4594 ⁸
1210 4567 1304 4619 καὶ
1334 4565 1462 4636 ἑξῆς
1486 4581 1499 4596 ο
1525 4561 1674 4618 Eine
1695 4564 1809 4618 Κύι-

1923 4574 2111 4624 petram
2134 4575 2177 4618 et
2201 4563 2359 4618 exibit
2381 4577 2446 4615 ex
2469 4577 2530 4614 ea
2560 4575 2720 4622 aqua,
2751 4567 2799 4613 et
2831 4557 2965 4612 bibet
2987 4557 3246 4625 populus;
3274 4556 3497 4625 fecitque

230 4673 374 4728 ριος
404 4655 552 4724 πρὸς
578 4653 803 4721 Μωσνῆν
840 4673 853 4685 °
883 4657 1264 4724 Προπορεύου
1294 4656 1398 4711 τοῦ
1433 4655 1588 4712 λαοῦ
1614 4695 1628 4720 ,
1663 4653 1810 4710 λάϐε

234 4748 314 4803 δὲ
340 4749 490 4817 μετὰ
512 4747 770 4804 σεαυτοῦ
786 4747 902 4802 ἀπὸ
933 4748 1050 4802 τῶν
1073 4748 1488 4820 πρεσϐυτέρων
1500 4750 1608 4804 τοῦ
1636 4747 1810 4815 λαοῦ,

236 4840 344 4896 καὶ
403 4839 516 4908 τὴν
563 4839 791 4908 ῥάϐδον
826 4842 894 4894 ἐν
936 4834 976 4911 ᾗ
1003 4841 1303 4908 ἐπάταξας
1333 4842 1448 4911 τὴν
1469 4843 1809 4906 θάλασσαν,

237 4931 345 4987 καὶ
387 4933 673 5001 πορεύσῃ.
720 4932 844 4999 Ἰδέ,
878 4933 992 5002 ἐγὼ
1017 4933 1244 5002 ἕστηκα
1287 4934 1400 5002 πρὸ
1441 4933 1546 4988 τοῦ
1585 4949 1659 4988 σε
1691 4933 1819 4988 ἐκεῖ

235 5023 345 5079 ἐπὶ
396 5022 507 5092 τῆς
557 5024 774 5094 πέτρας
798 5025 868 5079 ἐν
890 5026 1087 5094 Χωρέϐ
1103 5044 1116 5057 ο
1153 5027 1250 5083 καὶ
1290 5025 1530 5091 πατάξω
1565 5025 1679 5095 τὴν
1708 5025 1812 5080 πέ-

238 5134 412 5185 τραν,
440 5116 536 5170 καὶ
561 5117 942 5182 ἐξελεύσεται
974 5118 1044 5184 ἐξ
1074 5117 1260 5188 αὐτῆς
1288 5119 1463 5187 ὕδωρ,
1494 5119 1591 5173 καὶ
1621 5118 1814 5173 πίεται

239 5211 466 5276 όλαός.
501 5211 609 5263 Kal
664 5211 949 5279 ἐποίησεν
981 5212 1166 5278 οὔτως
1202 5210 1445 5278 Μωσῆς.
1499 5211 1682 5265 Ταῦτα
1716 5211 1814 5281 μὲν

238 5296 339 5355 οὖν
366 5301 633 5372 ὲνἘξόδῳ
651 5319 664 5332 ο
695 5304 752 5355 ἐν
776 5301 832 5355 δὲ
844 5305 954 5366 τοῖς
982 5303 1254 5374 Ἀριθμοῖς
1270 5303 1515 5355 λέλεκται
1535 5318 1547 5330 ·
1564 5303 1670 5357 Kal
1707 5298 1814 5371 ἦλά

240 5399 356 5450 θον
403 5397 456 5447 ol
490 5394 606 5449 υἱοὶ
655 5394 890 5462 Ἰσραὴλ
936 5393 1102 5448 πᾶσα
1136 5396 1173 5463 ὴ
1210 5394 1531 5465 συναγωγὴ
1581 5397 1668 5461 εἰς
1699 5395 1814 5462 τὴν

239 5486 474 5554 ἔρημον
498 5485 656 5547 Σεῖν,
692 5487 787 5539 καὶ
818 5489 926 5540 οὐκ
957 5483 1035 5555 ἦν
1072 5485 1225 5554 ὕδωρ
1253 5487 1326 5556 τῇ
1352 5486 1691 5558 συναγωγῇ,
1715 5489 1814 5542 καὶ

239 5577 658 5645 ἠθροίσθησαν
679 5578 775 5630 ἐπὶ
803 5576 1028 5646 Μωσῆν
1052 5579 1149 5630 καὶ
1188 5578 1417 5646 Ἀαρών.
1450 5578 1557 5633 Kal
1589 5579 1814 5633 ἐλοιδο-

236 5669 402 5740 ρεῖτο
433 5672 466 5723 ό
503 5669 652 5736 λαός
679 5669 826 5737 πρὸς
867 5668 1113 5731 Μωσῆν.
1162 5671 1270 5725 Καὶ
1315 5669 1470 5741 ἑξῆς·
1517 5668 1816 5733 Ἔλάλῃσε

1921 4657 2129 4728 Moyses
2153 4657 2228 4708 ita
2256 4655 2320 4707 ⁸³.
2354 4652 2478 4707 Haec
2506 4653 2560 4706 in
2586 4650 2807 4716 Exodo;
2840 4650 2896 4702 in
2923 4648 3176 4703 N-umeris
3197 4654 3379 4701 autem
3408 4645 3496 4699 di-

1919 4751 2061 4806 citur
2093 4768 2105 4803 :
2149 4747 2508 4815 Veneruutque
2559 4742 2662 4813 filii
2696 4740 2868 4795 Israel
2908 4741 3074 4794 omnis
3116 4736 3401 4794 multitudo
3439 4741 3495 4790 in

1918 4841 2175 4896 desertum
2206 4838 2322 4904 Sin,
2362 4845 2410 4890 et
2455 4851 2557 4889 non
2591 4842 2705 4888 erat
2739 4849 2879 4901 aqua
2914 4829 3266 4896 multitudini,
3299 4839 3347 4884 et
3371 4846 3496 4884 con-

1917 4939 2163 4986 uenerunt
2202 4929 2270 4982 ad
2295 4928 2527 4997 Moysen:
2551 4934 2599 4979 et
2626 4924 2805 4977 Aaron
2833 4935 2850 4973 :
2877 4930 2926 4976 et
2947 4921 3197 4992 jurgatus
3227 4930 3302 4975 est
3330 4936 3495 4989 popu-

1919 5024 2000 5078 lus
2025 5033 2208 5077 contra
2237 5020 2509 5091 Moysem,‘
2533 5036 2595 5073 ac
2623 5018 2850 5074 deinde:
2883 5016 3109 5070 Locutus
3136 5025 3209 5068 est
3239 5013 3493 5067 Dominus

1920 5115 1988 5170 ad
2036 5113 2269 5186 Mogsem
2305 5114 2483 5167 dicens
2504 5129 2539 5166 :-
2557 5111 2707 5166 Tolle
2737 5112 2958 5181 virgam,
2990 5119 3040 5164 et
3069 5122 3326 5178 congrega
3354 5105 3494 5159 mul-

1921 5194 2217 5270 titudinem,
2255 5216 2312 5259 tu
2343 5214 2390 5260 et
2423 5205 2605 5258 Aaron
2648 5204 2816 5274 frater
2856 5213 2998 5265 tuus,
3027 5210 3076 5255 et
3115 5198 3394 5270 loquemini
3423 5195 3492 5249 ad

1918 5310 2117 5367 petram
2160 5314 2338 5350 coram
2369 5297 2465 5360 eis,
2491 5305 2541 5350 et
2571 5295 2720 5349 dabit
2763 5311 2928 5365 aquas
2971 5309 3118 5348 suas.
3156 5290 3222 5344 Et
3249 5290 3492 5358 eﬂeretur

1921 5393 2045 5460 ipsis
2077 5407 2215 5460 aqua
2247 5390 2310 5443 de
2338 5399 2505 5457 petra,
2543 5399 2589 5442 et
2629 5388 2878 5456 potabilis
2910 5385 3301 5439 multitudinem
3327 5391 3376 5436 et
3397 5382 3492 5450 ju-

1921 5467 2096 5538 menta
2132 5499 2311 5538 eorum
2340 5483 2402 5538 ".
2433 5480 2563 5537 Jurc
2607 5497 2737 5553 ergo
2765 5481 2893 5551 quia
2922 5477 3088 5533 variis
3118 5477 3173 5531 in
3213 5474 3348 5530 locis
3373 5473 3495 5527 visa-

1921 5584 2006 5631 est
2041 5587 2192 5644 petra
2224 5589 2418 5644 aquam
2471 5573 2911 5633 subministrare,
2947 5569 3016 5623 de
3054 5568 3236 5638 priore
3271 5565 3490 5635 quidem

1924 5668 1977 5722 in
2012 5667 2262 5739 purganti
2287 5666 2486 5721 dicitur
2521 5683 2534 5697 ·
2577 5663 2861 5728 Interrupit
2905 5672 3106 5727 petram
3137 5659 3190 5711 in
3215 5674 3408 5722 eremo,
3441 5663 3498 5712 α

319 5784 361 5816 ⁸³
398 5780 546 5839 Psal.
581 5799 778 5847 cum.
811 5783 1010 5848 13,,1·1.
1090 5785 1130 5815 ”
1172 5783 1345 5852 tum.
1381 5799 1433 5851 κ,
1471 5784 1521 5839 4.
1602 5782 1819 5862 “'Exod

1923 5798 2016 5848 vn,
2053 5782 2102 5847 1,
2137 5782 2194 5848 2,
2227 5781 2279 5847 5,
2315 5777 2368 5835 6.
2450 5780 2491 5811 ¹¹
2525 5772 2683 5832 Num.
2721 5792 2810 5842 xx,
2847 5775 2895 5842 l,
2926 5772 2983 5840 τ,
3015 5771 3068 5838 7,
3089 5771 3141 5826 8.
