4004 6584
574 457 680 513 915

1294 452 1562 511 EUSEBII
1601 450 2082 510 CJESARlENSIS
2119 449 2270 508 OPP.
2315 451 2494 508 PARS
2528 451 2618 507 ῐῐΙ.
2653 483 2726 496 -ο
2763 453 3167 511 EXEGETICA.
3649 467 3722 523 9m

574 574 864 645 adaquavit
909 591 996 629 eos
1033 573 1167 629 velut
1209 575 1263 628 in
1296 575 1488 646 abysso
1543 576 1746 640 multa;
1779 575 1847 630 de
1885 575 1988 630 alia
2029 589 2154 630 vero

2262 573 2477 642 Κύριος
2522 573 2670 642 πρὸς
2719 575 2947 645 Μωσῆν
2988 575 3217 646 ,λέγων’
3252 575 3393 630 Λάϐε
3431 578 3524 646 τὴν
3547 582 3725 651 ῥάϐδον,

573 663 770 720 deinde
795 663 1192 734 subjungitz—
1223 660 1392 717 Vens.
1424 663 1512 721 l6.
1542 661 1611 717 Et
1633 661 1851 716 deduxit
1877 678 2065 732 aquam
2097 659 2160 714 de

569 754 1027 824 petra,etdedu:cit
1046 764 1300 824 tanquam
1326 755 1551 823 [lumina
1569 770 1753 824 aquas.
1777 752 2160 808 Verumtamen

570 861 696 902 cum
717 852 793 900 tot
817 845 923 901 illis
939 844 1352 901 subministrata
1374 846 1516 900 bona
1529 845 1783 909 fuissent,
1804 843 2160 901 nihilominus

575 945 950 1007 apposuerunt
1007 949 1237 1006 peccare
1297 936 1486 1006 (Vsus.
1537 937 1648 1006 l7),
1703 951 1936 1010 peccare
1980 943 2159 990 autem

579 1045 691 1084 non
722 1027 851 1094 sibi,
884 1028 977 1084 sed
1031 1028 1158 1098 ipsi.
1188 1026 1250 1083 In
1283 1029 1464 1100 ipsum
1532 1028 1677 1084 enim
1742 1028 1912 1083 Deum
1959 1041 2162 1100 pecca-

571 1130 686 1175 tum
717 1135 905 1176 eorum
943 1121 1211 1181 vertebat,
1261 1119 1391 1173 dum
1437 1134 1536 1189 per
1571 1118 2066 1174 contradictionem
2104 1117 2158 1172 in

569 1214 751 1284 ipsum
803 1211 970 1283 impie
1027 1218 1274 1282 agerent.
1325 1210 1506 1277 Quare
1537 1210 1766 1278 subiicit
1800 1230 1814 1264 :
1853 1208 2160 1266 Exacerba-

570 1314 752 1358 uerunt
792 1301 1071 1359 Excelsum
1104 1301 1159 1360 in
1181 1303 1472 1373 inaquoso;
1504 1301 1620 1357 sive
1664 1301 1966 1358 secundum
1992 1301 2162 1372 Aqui-

569 1397 702 1461 lam,
750 1394 818 1450 Ut
854 1393 1166 1450 rebellarent
1206 1402 1391 1448 contra
1431 1392 1715 1448 Excelsum
1749 1395 1805 1448 in
1842 1395 2014 1458 invio;
2045 1394 2161 1450 sive

567 1487 871 1544 secundum
908 1487 1322 1560 Symmachum,
1364 1484 1432 1543 Ut
1483 1485 1852 1542 contenderent
1889 1502 2008 1544 cum
2047 1484 2160 1539 Ea:-

569 1578 709 1632 celso
744 1577 796 1632 in
823 1577 914 1632 siti
955 1578 1007 1632 in
1049 1577 1210 1635 invio.
1251 1575 1432 1644 Quare
1475 1584 1654 1631 autem
1691 1577 2162 1634 exacerbaveruut

569 1670 862 1727 Excelsum
914 1669 969 1724 in
1020 1669 1286 1738 inaquoso
1338 1669 1525 1724 docuit
1566 1668 1816 1742 Moyses;
1869 1678 2157 1740 postquam

567 1764 714 1819 enim
766 1761 1172 1833 suppeditasset
1206 1763 1288 1816 eis
1336 1776 1534 1830 aquam
1569 1761 1638 1816 de
1673 1771 1846 1832 petra,
1881 1761 1997 1816 haec
2029 1777 2159 1814 ηομ

565 1862 654 1912 rat
685 1855 765 1922 “,z
805 1852 869 1907 Et
899 1854 1100 1910 vocavit
1131 1868 1320 1910 nomen
1354 1853 1458 1906 loci
1484 1852 1651 1917 illius,
1691 1851 1936 1906 Tentatio
1969 1866 2017 1906 et
2041 1853 2157 1919 iur-

2263 667 2360 722 xal
2397 668 2814 735 ἐκκλησίασον
2840 669 2956 737 τὴν
2981 669 3335 739 συναγωγὴν
3353 672 3424 725 σὺ
3459 677 3538 727 καὶ
3570 677 3732 746 Ἀαρὼν

2263 760 2296 811 ό
2321 757 2587 828 ἀδελφός
2618 775 2755 825 σου,
2782 761 2882 814 καὶ
2931 760 3233 828 λαλήσετε
3273 763 3409 831 πρὸς
3444 764 3540 832 τὴν
3571 770 3732 837 πέτραν

2261 848 2539 902 ἐναντίον
2584 849 2801 914 αὐτῶν,
2845 851 2942 904 καὶ
2984 851 3162 907 δώσει
3191 855 3260 907 τὰ
3281 854 3451 909 ὕδατα
3476 857 3642 926 αὐτῆς.
3657 863 3732 914 Kal

2260 941 2559 1006 ἐξοίσεται
2571 943 2775 1009 αὐτοῖς
2801 943 2957 1012 ὕδωρ
2982 943 3050 998 ἐκ
3072 945 3182 1014 τῆς
3200 946 3425 1014 πέτρας,
3447 950 3528 1002 καὶ
3552 953 3736 1007 nostri“

2262 1033 2377 1104 τὴν
2426 1034 2790 1106 συναγωγὴν
2841 1037 2939 1090 καὶ
2987 1039 3060 1091 τὰ
3121 1038 3309 1107 κτήνη
3340 1040 3533 1096 αὐτῶν.
3565 1042 3736 1108 Εἰκότως

2260 1120 2354 1179 οὖν
2384 1125 2679 1198 ἐπειδήπερ
2709 1128 2766 1179 ὲν
2796 1125 3076 1198 διαφόροις
3112 1129 3296 1193 τόποις
3319 1131 3585 1204 φαίνεταιὴ
3615 1135 3737 1204 πέτρα

2261 1219 2615 1289 χορηγήσασα
2636 1219 2696 1271 τὸ
2722 1217 2887 1290 ὕδωρ,
2912 1220 3041 1291 περὶ
3077 1221 3176 1291 μὲν
3201 1221 3297 1292 τῆς
3325 1224 3562 1295 προτέρας
3585 1225 3651 1278 διὰ
3665 1227 3738 1278 τῶν

2262 1308 2643 1381 προκειμένων
2678 1310 2890 1382 εἴρηται
2909 1329 2923 1343 ·
2957 1311 3235 1380 Διέρῤηξε
3266 1313 3472 1382 πέτραν
3503 1317 3562 1368 ὲν
3586 1315 3739 1385 ἐρήμῳ,

2261 1401 2358 1454 καὶ
2391 1402 2673 1456 ἐπότισεν
2697 1403 2921 1470 αὐτοὺς
2948 1404 3028 1470 ὡς
3057 1405 3126 1458 ἐν
3157 1405 3400 1473 ἀϐύσσῳ
3427 1407 3624 1474 πολλῇ·
3650 1410 3742 1478 περὶ

2260 1492 2316 1546 δὲ
2343 1493 2440 1564 τῆς
2464 1493 2655 1566 ἐτέρας
2689 1494 2816 1566 ἑξῆς
2847 1496 3042 1564 ἐπάγει
3062 1511 3076 1526 ⁸
3101 1495 3208 1550 Kal
3241 1495 3514 1568 ἐξήγαγεν
3553 1499 3670 1567 ὕδωρ
3697 1501 3742 1553 ἐι

2261 1583 2502 1652 πέτρας,
2533 1585 2630 1639 καὶ
2661 1586 2997 1656 κατήγαγεν
3019 1587 3100 1654 ὡς
3126 1589 3423 1660 ποταμοὺς
3447 1589 3618 1643 ὕδατα.
3643 1591 3743 1663 Πλὴν

2259 1675 2395 1734 ἀλλὰ
2420 1678 2688 1732 τοσούτων
2705 1680 2888 1744 αὐτοῖς
2900 1681 3334 1752 χορηγηθέντων,
3350 1683 3488 1754 ὅμως
3501 1682 3748 1754 προσέθεντο

2259 1769 2354 1823 τοῦ
2382 1771 2740 1844 ἁμαρτάνειν,
2776 1774 2868 1827 καὶ
2901 1774 3236 1845 ἁμαρτάνειν
3293 1776 3387 1846 οὐχ
3440 1776 3635 1839 ἑαυτοῖς,
3670 1776 3746 1829 ἀλλ’

2260 1863 2424 1936 αὐτῷ.
2446 1866 2751 1921 Κατάὐτοῦ
2776 1866 2885 1940 γὰρ
2914 1867 3006 1922 τοῦ
3039 1867 3174 1920 Θεοῦ
3199 1867 3296 1939 τὴν
3316 1869 3750 1940 ἁμαρτὶανήμάρτα-

565 1949 730 2017 gium,
755 1957 968 2016 propter
999 1946 1237 2018 jurgium
1258 1947 1495 2017 ﬁliorum
1529 1944 1720 2009 Israel,
1751 1955 1800 2002 et
1827 1946 1953 2015 quia
1984 1954 2154 2001 tenta-

2255 1969 2364 2014 νον,
2417 1953 2743 2021 ἀσεϐοῦντες
2795 1956 2885 2010 διὰ
2923 1956 3024 2028 τῆς
3054 1958 3191 2029 πρὸς
3214 1958 3370 2011 αὐτὸν
3393 1957 3667 2024 ἀντιλογίας.
3691 1956 3751 2008 Διὸ

566 2045 748 2092 ver'ant
771 2037 1056 2094 Dominum
1073 2039 1412 2103 dicentes,An
1431 2047 1509 2094 est
1529 2036 1665 2092 Deus
1681 2039 1738 2092 in
1761 2038 1933 2103 nobis,
1951 2055 2107 2101 necne
2125 2042 2151 2095 ?

2259 2043 2519 2114 ἐπιλέγει·
2550 2049 3008 2117 Παρεπίκραναν
3023 2048 3130 2102 τὸν
3148 2049 3432 2118 Ὕψιστον
3443 2049 3506 2101 ἐν
3519 2047 3752 2115 ἀνύδρῳοῆ

565 2134 710 2188 κατὰ
722 2135 813 2188 τὸν
830 2135 1083 2200 Ἀκύλαν,
1117 2135 1226 2196 Τοῦ
1250 2135 1598 2204 προτερίσαι
1625 2135 1960 2203 Ὑψίστῳέν
1983 2135 2178 2202 ἀϐάτῳ
2198 2154 2211 2168 ·
2266 2139 2299 2211 ἥ
2333 2142 2475 2196 κατὰ
2497 2142 2587 2196 τὸν
2627 2143 2945 2214 Σύμμαχον,
2981 2143 3350 2198 Φιλονεικεῖν
3372 2142 3447 2207 τῷ
3472 2142 3679 2210 ’Υψίστῳ
3708 2139 3752 2190 ἐν

565 2227 818 2296 δίλψειὲν
856 2228 1070 2294 ἀϐάτῳ.
1107 2227 1206 2281 Διὰ
1231 2227 1282 2280 τι
1320 2228 1378 2281 δὲ
1404 2227 1820 2298 παρεπίκραναν
1859 2227 1950 2280 τὸν
1983 2227 2244 2298 ’Ὕψιστον
2304 2233 2362 2285 ὲν
2396 2233 2630 2310 ἀνύδρῳ,
2688 2236 2890 2302 ἐδίδαξε
2945 2236 3152 2307 Μωσῆς
3176 2251 3191 2266 ο
3231 2235 3371 2305 μετὰ
3400 2234 3500 2305 γὰρ
3536 2231 3588 2285 τδ
3630 2248 3753 2300 παρι-

566 2324 716 2392 σχεῖν
737 2325 920 2386 αὐτοῖς
949 2323 1014 2375 ὲκ
1040 2321 1245 2392 πέτρας
1280 2319 1340 2373 τὸ
1370 2319 1534 2397 ὕδωρ,
1570 2321 1770 2392 ἱστορεῖ
1798 2319 1970 2389 λέγων
1988 2337 2003 2352 ·
2030 2320 2139 2374 Kal.
2165 2320 2516 2392 ἐπωνόμασε
2549 2326 2611 2382 τὸ
2640 2325 2825 2398 ὄνομα
2857 2325 2964 2381 τοῦ
2995 2326 3183 2379 τόπου
3214 2324 3468 2386 ἐκείνου,
3505 2321 3755 2389 Πειρασμύς

567 2413 668 2466 καὶ
715 2411 1097 2479 λοιδόρησις,
1155 2408 1253 2463 διὰ
1306 2407 1422 2478 τὴν
1458 2409 1766 2477 λοιδορίαν
1820 2410 1936 2464 τῶν
1981 2410 2127 2467 υἱῶν
2199 2410 2456 2485 Ἰσραὴλ⁹
2491 2417 2588 2472 καὶ
2640 2419 2736 2473 διὰ
2765 2419 2832 2474 τὸ
2875 2417 3164 2487 πειράζειν
3207 2415 3430 2484 αὐτοὺς
3468 2415 3650 2482 Κύριον
3691 2414 3758 2468 λέ.

564 2521 782 2577 γοντας
801 2520 814 2532 ·
849 2505 918 2561 El
954 2504 1087 2557 ἐστι
1110 2501 1256 2570 Θεὸς
1283 2501 1354 2556 ἐν
1381 2501 1546 2571 ἡμῖν,
1577 2503 1615 2572 ἢ
1653 2504 1724 2557 οῦ
1750 2520 1768 2565 ;

638 2595 801 2653 Vsus.
836 2595 1046 2662 18,19.
1098 2594 1167 2652 Ει
1215 2604 1544 2653 tentaverunt
1588 2596 1760 2652 Deum
1800 2615 1854 2652 tn
1909 2598 2154 2653 cordibus

2334 2597 2444 2652 Kal
2473 2597 2875 2664 ἐξεπείρασαν
2914 2595 3020 2649 τὸν
3053 2595 3202 2650 Θεὸν
3229 2595 3304 2649 ὲν
3331 2594 3578 2665 καρδίαῑς
3601 2590 3758 2654 αὐτῶν.

562 2689 696 2754 suis,
734 2699 792 2742 ut
819 2697 1052 2758 peterent
1079 2705 1257 2743 escam
1302 2689 1584 2746 animabus
1607 2692 1739 2748 suis.
1785 2691 1852 2744 Et
1888 2693 2028 2746 male
2085 2692 2154 2746 lo-

2271 2691 2378 2745 τοῦ
2402 2688 2644 2757 αἰτῆσαι
2662 2687 2874 2758 ,βρῶμα
2895 2687 3024 2754 ταῖς
3048 2687 3282 2758 ψυχαῖς
3311 2687 3516 2743 αὐτῶν.
3541 2686 3630 2740 Kal
3651 2701 3760 2737 κατε-

563 2780 673 2835 cuti
693 2790 815 2838 sunt
842 2781 906 2835 de
942 2779 1069 2836 Deo.
1099 2779 1389 2848 Quomodo
1419 2782 1560 2838 male
1605 2782 1772 2836 locuti
1810 2784 1922 2837 sint
1953 2782 2019 2838 de
2053 2783 2154 2838 Deo

2268 2783 2554 2852 λάλησαν
2590 2781 2695 2835 τοῦ
2749 2780 2920 2835 Θεοῦ.
2954 2781 3142 2844 Ὅπως
3175 2780 3540 2851 κατελάλησαν
3572 2779 3646 2833 τοῦ
3670 2777 3760 2830 8εοῦ

562 2883 751 2928 narrat
763 2871 979 2945 Moyses
990 2871 1182 2929 dicens
1203 2873 1243 2904 "
1273 2892 1286 2931 :
1307 2871 1376 2930 Et
1401 2876 1753 2929 murmuravit
1767 2876 1936 2929 omnis
1951 2892 2154 2949 congre-

2267 2876 2362 2930 καὶ
2389 2874 2596 2945 Μωσῆς
2624 2873 2864 2927 διδάσκει
2913 2871 3121 2942 λέγων’
3174 2871 3294 2926 Kal
3331 2871 3620 2942 ἐγόγγυζον
3646 2868 3760 2923 πᾶσα

561 2967 705 3037 gatio
736 2966 970 3038 ﬁliorum
985 2963 1162 3025 Israel
1191 2973 1378 3020 contra
1391 2965 1446 3018 Μ
1451 2983 1624 3037 oysem
1641 2976 1691 3021 et
1719 2967 1922 3032 Aaron,
1941 2977 1990 3022 et
2007 2967 2154 3027 dixe-

2265 2963 2586 3035 συναπωγὴ
2609 2963 2755 3018 υἱῶν
2799 2962 3047 3032 Ἰσραὴλ
3074 2963 3172 3016 ἐπὶ
3206 2963 3436 3032 Μωσῆν
3465 2961 3554 3016 καὶ
3584 2957 3760 3029 Ἀαρὼν,

563 3069 684 3114 runt
709 3058 778 3113 ad
789 3075 877 3114 eos
895 3075 913 3112 :
937 3057 1152 3113 Utinam
1171 3059 1367 3114 mortui
1380 3075 1610 3114 essemus
1627 3062 1865 3130 percussi
1881 3080 1913 3115 a
1932 3062 2154 3116 Domino

2264 3059 2364 3116 καὶ
2417 3058 2595 3112 εἶπαν
2644 3055 2794 3124 πρὸς
2853 3055 3078 3121 αὐτούς
3099 3071 3113 3086 ο
3166 3056 3426 3124 Ὄφελον
3469 3053 3762 3120 ἀπεθάνομεν

563 3153 617 3209 in
651 3162 795 3208 terra
817 3150 1060 3222 Egypti,
1093 3150 1305 3221 quando
1344 3150 1655 3207 sedebamus
1680 3169 1837 3222 super
1870 3153 2079 3220 lebetes,
2106 3167 2154 3210 et

2261 3149 2594 3226 πληγέντες
2644 3149 2762 3204 ὑπὸ
2825 3148 3048 3218 Κυρίου
3104 3149 3174 3202 ἐν
3209 3147 3295 3217 τῇ
3333 3149 3626 3218 Αἰγύπτου,
3662 3144 3758 3196 ὅταν

562 3245 960 3305 comedebamus
995 3259 1155 3314 panes
1207 3243 1276 3303 ad
1304 3244 1676 3302 saturitatem!
1711 3244 1853 3312 Quia
1894 3245 2155 3302 eduxistis

562 3357 680 3402 nos,
732 3348 789 3392 ut
823 3335 1127 3396 occideretis
1161 3344 1326 3390 totam
1372 3334 1509 3390 hanc
1559 3337 1953 3392 multitudinem
1993 3337 2152 3410 fame.

561 3429 760 3485 Postea
779 3444 912 3485 vero
955 3428 1031 3482 ait
1079 3427 1294 3500 Moyses
1335 3427 1404 3482 ad
1454 3429 1716 3499 populum
1743 3428 1828 3483 "z
1871 3427 1985 3483 Nos
2038 3448 2155 3486 vero

561 3519 687 3591 quid
725 3535 907 3573 sumus
938 3532 958 3572 :
988 3534 1090 3574 non
1133 3519 1272 3573 enim
1303 3527 1492 3575 contra
1514 3535 1608 3573 nos
1647 3535 1889 3578 murmur
1924 3530 2154 3577 vestrum

561 3623 662 3676 est,
688 3612 778 3668 sed
811 3621 999 3667 contra
1035 3610 1227 3666 Deum.
1259 3611 1506 3669 Accedite
1543 3628 1725 3668 coram
1757 3612 1906 3669 Deo:
1949 3615 2153 3674 audivit

561 3705 700 3760 enim
730 3719 970 3758 murmur
998 3713 1249 3759 vestrum.
1294 3702 1427 3759 Post
1457 3703 1569 3758 haec
1604 3711 1786 3759 autem
1818 3705 1885 3769 ¹⁹,
1917 3703 2151 3761 Locutus

561 3806 651 3852 est
671 3795 929 3851 Dominus
955 3795 1023 3850 ad
1052 3793 1289 3868 Moysem
1305 3794 1482 3851 dicens
1519 3811 1538 3850 :
1573 3812 1665 3868 ego
1701 3795 1881 3856 audivi
1911 3814 2154 3852 murmur

563 3889 801 3958 ﬁliorum
855 3887 1054 3952 Israel,
1095 3895 1202 3944 etc.
1254 3885 1383 3944 Hac
1430 3887 1598 3958 igitur
1648 3897 1917 3948 memorat
1973 3905 2153 3946 sermo

563 3996 806 4052 praesens
835 3980 922 4036 his
957 3980 1140 4037 verbis
1173 3998 1188 4034 :
1223 3981 1292 4035 Et
1329 3989 1656 4038 tentaverunt
1698 3979 1862 4036 Deum
1891 3982 1946 4036 in
1977 3982 2154 4038 cordi-

563 4076 660 4127 bus
693 4072 828 4134 suis,
870 4080 928 4126 ut
957 4081 1188 4142 peterent
1226 4087 1403 4127 escam
1434 4070 1715 4128 animabus
1741 4073 1873 4126 suis.
1905 4071 1975 4130 Et
2015 4072 2155 4130 male

562 4164 728 4219 locuti
770 4173 893 4220 sunt
937 4163 1001 4218 de
1054 4162 1184 4232 Deo,
1227 4172 1277 4220 et
1320 4163 1600 4229 dixerunt,
1646 4162 1921 4237 Numquid
1961 4167 2152 4235 poterit

561 4255 705 4310 Deus
733 4270 927 4323 parare
959 4271 1193 4308 mensam
1228 4255 1284 4309 in
1318 4254 1526 4309 deserto
1546 4257 1571 4310 ?
1589 4284 1660 4293 —
1682 4253 1854 4313 Vsus.
1887 4255 1979 4312 20.
2006 4255 2152 4322 Quo-

561 4349 706 4402 niam
726 4349 982 4417 percussit
1011 4357 1215 4418 petram
1247 4361 1297 4402 et
1327 4347 1595 4416 ﬂuxerunt
1626 4364 1797 4418 aqum,
1817 4358 1867 4402 et
1895 4359 2150 4404 torrentes

561 4438 987 4504 inundaverant;
1019 4439 1272 4510 numquid
1311 4450 1361 4494 et
1392 4455 1582 4508 panem
1621 4441 1811 4509 poterit
1857 4440 2008 4506 dare,
2057 4431 2151 4499 aut

2261 3243 2626 3312 ἐκαθίσαμεν
2652 3241 2752 3294 ἐπὶ
2802 3240 2918 3295 τῶν
2954 3241 3247 3306 λεσήτων,
3288 3241 3389 3295 καὶ
3421 3238 3680 3310 ἐφάγομεν
3697 3235 3762 3302 ἆρ-

2268 3354 2412 3404 τους
2489 3339 2578 3403 εὶς
2646 3332 3060 3404 πλησμονήν]
3121 3335 3239 3388 Ὅτι
3309 3333 3606 3403 ἐξηγάγετε
3659 3326 3762 3400 ἡμᾶς

2260 3425 2604 3481 ἀποκτεῖναι
2659 3425 2868 3479 πᾶσαν
2921 3423 3036 3492 τὴν
3091 3421 3460 3493 συναγωγὴν
3498 3424 3684 3486 ταύτην
3719 3417 3764 3468 ἐν

2259 3517 2432 3590 λιμῷ.
2460 3519 2572 3579 Καὶ
2603 3518 2741 3590 μετὰ
2783 3516 2958 3571 ταῦτα
2988 3512 3108 3570 εἷπε
3138 3518 3348 3588 Μωσῆς
3382 3518 3510 3589 πρὸς
3545 3517 3621 3570 τὸν
3649 3512 3762 3566 λαόν·

2257 3611 2463 3682 ’Ἡμεῖς
2501 3611 2569 3664 δὲ
2617 3613 2676 3665 τί
2721 3609 2942 3681 ἐσμεψ
2972 3611 3044 3664 οὺ
3079 3609 3189 3680 γὰρ
3222 3614 3357 3665 καθ’
3379 3609 3539 3681 ἡμῶν
3559 3612 3588 3662 ό
3617 3623 3764 3677 γεγεν-

2260 3705 2417 3775 σμὸς
2443 3703 2612 3773 ὑμῶν
2643 3703 2834 3765 ἐστιν,
2871 3703 3032 3757 ἀλλὰ
3073 3702 3222 3756 κατὰ
3252 3702 3362 3757 τοῦ
3397 3701 3555 3758 Θεοῦ.
3569 3695 3762 3767 Προσω-

2259 3798 2391 3850 θετε
2416 3795 2695 3849 ἐναντίον
2729 3794 2836 3849 τοῦ
2870 3794 3038 3857 Θεοῦ,
3072 3793 3402 3862 εὶσακήκοε
3441 3795 3545 3864 γὰρ
3571 3791 3656 3844 τοῦ
3680 3804 3765 3857 rer

2260 3889 2495 3967 Ψσμοῧ
2538 3887 2722 3958 ὑμῶν.
2789 3888 2899 3941 Καὶ
2947 3887 3085 3958 μετὰ
3139 3889 3347 3942 ταῦτα·
3405 3887 3666 3953 Ἐλάλησε
3689 3880 3763 3933 Κέ.

2253 3997 2383 4049 ριος
2443 3979 2594 4050 πρὸς
2652 3976 2880 4045 Μωσῆν
2940 3978 3162 4048 λέγων·
3235 3979 3393 4050 Ἐγὼ
3451 3976 3656 4044 ἀκήκοα
3697 3969 3765 4022 τὸν

2259 4071 2608 4147 ιὋγῪυσμὸν
2655 4071 2802 4126 υἱῶν
2834 4069 3104 4140 Ἰσραὴλ,
3165 4071 3263 4125 καὶ
3312 4071 3383 4125 τὰ
3421 4070 3560 4140 ἑξῆς.
3611 4063 3764 4120 Τούτων

2257 4161 2350 4219 οὖν
2385 4147 2740 4240 ¹μεμνημένος
2767 4162 2864 4216 καὶ
2896 4165 2925 4216 ὁ
2958 4161 3147 4234 παρὼν
3179 4164 3363 4233 λόγος,
3392 4159 3508 4216 εἷπε
3530 4179 3543 4192 ·
3574 4157 3662 4215 Καὶ
3683 4154 3768 4218 ἔξι»

2259 4257 2560 4325 πείρησαν
2594 4253 2700 4310 τὸν
2722 4254 2874 4309 Θεὸν
2897 4254 2967 4308 ἐν
2998 4255 3273 4329 καρδίαις
3304 4254 3521 4317 αὐτῶν,
3547 4250 3638 4305 τοῦ
3661 4241 3766 4310 alii}

2257 4361 2362 4402 σαι
2380 4345 2595 4416 βρῶμα
2615 4345 2744 4412 ταῖς
2763 4344 2991 4415 ψυχαῖς
3020 4343 3234 4399 αὐτῶν.
3274 4348 3387 4402 Kal
3421 4341 3768 4404 κατελόλησαν

2257 4439 2363 4494 τοῦ
2394 4439 2563 4505 Θεοῦ,
2604 4433 2931 4498 καὶεῖπαν·
2976 4438 3075 4508 Μὴ
3113 4439 3446 4507 δυνήσεται
3471 4443 3502 4492 ό
3523 4436 3646 4500 Θεὸς
3664 4435 3767 4484 ἐτει-

559 4547 754 4604 parare
781 4549 1016 4587 mensam
1042 4531 1234 4602 popula
1264 4534 1400 4589 suo?
1423 4531 1549 4589 Haec
1603 4533 1822 4608 quidem
1880 4537 1934 4590 in
1979 4537 2153 4594 histo-

2255 4531 2441 4602 μᾶσαι
2466 4530 2760 4601 τράπεζαν
2787 4531 2858 4585 ἐν
2877 4530 3107 4602 ἐρήμῳ;
3144 4533 3308 4587 Ἐπεὶ
3337 4531 3587 4596 ἐπάταξε
3610 4525 3770 4592 πέτραν

559 4625 642 4679 ria
699 4640 809 4680 non
856 4624 1142 4691 feruntur,
1178 4625 1273 4681 sed
1315 4627 1402 4680 hic
1438 4625 1766 4683 observatur
1815 4644 1911 4686 eos
1957 4631 2147 4686 isthm

2255 4623 2350 4677 καὶ
2377 4623 2686 4699 ἐρρύησαν
2713 4623 2921 4688 ὕδατα,
2963 4624 3061 4677 καὶ
3082 4626 3398 4694 χείμαρροι
3431 4618 3767 4679 κατεπαύσθη·

556 4721 849 4790 cogitasse.
915 4719 1287 4783 Tentarerunt,
1337 4722 1536 4794 inquit,
1585 4721 1755 4783 Deum
1800 4724 1854 4778 in
1900 4723 2147 4781 cordibus

2255 4730 2404 4768 aar'
2427 4714 2514 4785 μὴ
2562 4716 2663 4769 καὶ
2700 4715 2884 4791 ἄρτον
2931 4715 3182 4769 δύναται
3203 4716 3500 4786 δοῦναι,ῆ
3532 4708 3769 4781 ἑτοιμάσαι

555 4811 690 4876 suis,
715 4818 793 4876 et,
839 4809 984 4865 Male
1034 4811 1201 4867 locuti
1228 4821 1352 4866 sunt
1401 4812 1465 4867 de
1506 4813 1634 4871 Deo.
1667 4812 1954 4884 Quomodo
2004 4815 2148 4872 male

2255 4805 2544 4875 τράπεζαν
2557 4806 2640 4874 τῷ
2668 4807 2792 4874 λαῷ
2834 4807 3045 4873 αὐτοῖς
3076 4809 3164 4869 Ἐν
3185 4810 3288 4879 μὲν
3311 4806 3408 4864 οὖν
3440 4812 3505 4880 τῇ
3539 4798 3766 4874 ἱστορίᾳοὺ

555 4901 726 4963 locuti
765 4909 918 4966 sunt,
948 4903 1055 4958 nisi
1088 4903 1204 4958 haec
1235 4903 1550 4975 cogitando,
1578 4904 1682 4962 etsi
1716 4906 1769 4960 id
1800 4906 2026 4962 minime
2062 4907 2142 4965 la-

2255 4899 2476 4971 ιρέρεται
2505 4901 2678 4956 ταῦτα
2703 4918 2716 4933 σ
2743 4899 2976 4955 ἐνταῦθα
3008 4900 3065 4954 δὲ
3089 4902 3415 4973 τετήρηται,
3441 4903 3513 4966 ὡς
3535 4900 3630 4971 ἄρα
3650 4891 3769 4948 uit:

555 4992 665 5047 biis
713 4995 1064 5063 protulerint,
1114 4996 1211 5052 sed
1267 5007 1447 5054 mente
1490 4998 1846 5070 revolverint,
1890 5014 2012 5072 quas
2057 4999 2148 5057 ille

2255 4989 2602 5063 διενοήθησαν
2625 5004 2639 5019 ⁸
2679 4989 3123 5058 Ἐξεπείρασαν,
3155 4989 3263 5062 γάρ
3283 5008 3442 5060 φησι,
3467 4989 3569 5042 τὸν
3595 4984 3714 5075 Θειῖυν

553 5085 804 5140 cordium
833 5088 1081 5158 cognito:-
1118 5091 1258 5146 bene
1297 5091 1449 5146 novit
1481 5093 1838 5163 audivitque?
1866 5091 2146 5159 Quamob-

2255 5083 2522 5155 καρδίαις
2561 5079 2793 5145 αὐτῶν,
2839 5082 2953 5145 καὶ,
3018 5081 3468 5150 Κατελὰλησαν
3507 5076 3603 5133 τοῦ
3647 5074 3767 5163 Θεοῦ..

554 5193 669 5233 rem
705 5177 910 5234 dicitur
955 5199 1062 5236 :--
1095 5181 1262 5243 Vsus.
1290 5184 1382 5242 2|.
1413 5184 1630 5239 Audiuit
1662 5161 1920 5242 Dominus
1959 5195 2009 5240 et
2039 5185 2150 5243 dis-

2255 5175 2373 5240 Πῶς
2395 5176 2453 5232 δὲ
2486 5175 2860 5248 κατελάλησαν
2900 5175 2933 5248 ἢ
2973 5174 3097 5229 τάδε
3125 5174 3524 5248 διανοηθέντες,
3561 5173 3605 5224 si
3629 5161 3768 5230 ualli".

554 5269 700 5326 tulit.
741 5267 849 5326 Pro
905 5287 1017 5342 quo
1063 5273 1278 5344 Aquila,
1309 5283 1357 5328 et
1396 5292 1501 5329 non
1531 5275 1845 5346 supersedit,
1876 5277 2149 5347 interpre-

2255 5266 2450 5338 χείλεσι
2495 5265 2879 5340 φθεγξάμενοι,
2912 5265 3049 5320 ἀλλὰ
3073 5269 3193 5328 ταῖς
3221 5265 3430 5340 ψυχαῖς
3470 5259 3768 5332 λογισάμενοιη

551 5370 702 5420 tatus
731 5372 840 5429 est,
890 5365 945 5421 id
994 5375 1102 5432 est,
1131 5382 1241 5422 non
1285 5367 1542 5434 distulit;
1594 5367 1958 5440 Symmachus
1990 5382 2142 5434 vero,

2255 5362 2369 5435 ὶδὴ
2422 5365 2451 5420 ὁ
2497 5361 2934 5442 καρδιογνώστης
2969 5358 3125 5423 εἰδὼς
3170 5359 3377 5430 ἢκῡυσε
3406 5377 3421 5425 ;
3457 5356 3546 5412 Διδ
3572 5353 3768 5442 εἴρηται·

548 5467 600 5511 et
648 5458 823 5512 iratus
854 5466 953 5513 est.
991 5456 1199 5514 Deinde
1232 5457 1329 5524 ait,
1391 5457 1460 5512 Et
1507 5436 1650 5529 ignis
1678 5475 1928 5516 accensus
1969 5468 2046 5514 est
2091 5460 2146 5513 in

2255 5455 2506 5510 Ἤκουσε
2545 5437 2761 5524 Κύριος
2815 5456 2914 5510 καὶ
2971 5452 3322 5510 ἀνεϐάλετο.
3388 5449 3529 5506 Ἀνθ’
3559 5440 3664 5501 citi
3703 5436 3770 5510 μὲν

548 5548 741 5615 Iacob,
770 5559 820 5606 et
848 5552 931 5604 ira
956 5549 1194 5606 ascendit
1229 5551 1281 5604 in
1321 5549 1517 5605 Israel.
1546 5551 1702 5620 Apud
1738 5551 1978 5624 Moysem
2007 5567 2146 5623 quo-

550 5655 658 5708 que
692 5643 956 5698 scribitur
982 5644 1064 5698 ὀι
1095 5635 1164 5697 Ει
1190 5651 1305 5698 erat
1334 5642 1556 5712 populus
1585 5661 1926 5700 murmurans
1959 5655 2146 5702 contra

553 5732 862 5796 Dominum,
898 5742 950 5789 et
992 5732 1194 5790 audivit
1238 5733 1500 5792 Dominus
1530 5744 1579 5789 et
1621 5736 1793 5793 iratus
1811 5746 1939 5792 est:
1988 5747 2036 5792 et
2069 5737 2146 5790 in-

547 5839 734 5880 census
761 5833 839 5878 est
868 5825 922 5878 in
952 5826 1027 5879 eis
1063 5826 1197 5896 ignis
1225 5843 1258 5879 a
1286 5824 1537 5894 Domino,
1570 5836 1620 5881 et
1645 5825 1913 5882 devoravit
1935 5836 2143 5896 partem

625 5937 666 5973 "
702 5938 874 5998 Exod.
903 5957 1036 6008 ml,
1066 5941 1119 5996 't'.

1200 5943 1240 5975 ¹⁷
1274 5939 1446 6000 Ι⁴ἶιοὰ.
1480 5958 1588 6007 1m,
1621 5942 1677 6009 ‘2,
1709 5943 1763 6001 5.
1845 5944 1888 5977 ¹⁸
1917 5943 2047 6001 ibid.
2080 5943 2203 6009 7,9.

2257 5545 2507 5614 .Ακύλας,
2526 5549 2631 5606 Kal
2647 5547 3153 5616 ἀνυπερθέτησεν,
3179 5548 3518 5618 ἡρμήνευσε,
3535 5536 3771 5593 τουτέστιν,

2242 5643 2341 5712 οὐχ
2369 5637 2669 5711 ὑπερέθετο
2691 5655 2706 5670 ’
2731 5639 2760 5691 ὁ
2787 5638 2843 5692 δὲ
2874 5637 3187 5708 Σύμμαχος,
3221 5635 3340 5689 Καὶ
3356 5632 3614 5705 ἐχολώθη
3633 5643 3647 5658 ⁸
3669 5618 3771 5676 εἶτα.

2250 5736 2358 5790 Kal
2387 5733 2506 5802 πῦρ
2531 5731 2792 5800 ἀνήφθη,
2825 5732 3011 5800 φησὶν,
3029 5727 3334 5790 ἑνἸακὼό,
3362 5729 3462 5781 καὶ
3488 5715 3774 5794 ὁρτὴάνέση

2244 5827 2342 5880 ἐπὶ
2374 5825 2480 5880 τὸν
2521 5824 2778 5893 Ἰσραήλ.
2827 5822 2939 5877 Καὶ
2985 5821 3132 5893 παρὰ
3173 5821 3370 5876 Μωσεῖ
3395 5819 3452 5872 δὲ
3483 5817 3768 5887 γέγραπτιν

2316 5945 2356 5976 ι’
2387 5941 2518 6012 ibid,
2567 5941 2651 6011 ιι,
2681 5939 2765 5995 ιε.
2847 5941 2890 5974 ιο
2917 5938 3079 5996 Num.
3114 5955 3190 6008 xl,
3229 5935 3354 5991 1-3.
