4004 6550
281 372 403 433 ΜΤ

1361 371 1861 430 COMMENTARIA
1901 370 1969 427 IN
1986 364 2343 429 ‘PSALMOS.

3399 350 3504 402 9l8

280 488 385 542 Kal
446 482 522 556 ἦν
561 489 594 540 ό
622 485 772 552 λαός
815 481 1106 556 roer
1131 482 1408 543 ἐναντιον
1447 484 1690 552 Κυρίου,
1745 484 1839 537 καὶ

1951 493 2260 540 castrorum.
2290 480 2358 534 Et
2394 477 2641 535 clamavit
2680 473 2898 545 populus
2927 471 2994 526 ad
3031 465 3290 539 Mogsem,
3321 474 3368 519 et
3401 480 3513 532 pre.

278 580 507 648 ἢκουσε
552 580 784 648 Κύριος,
832 580 928 633 καὶ
976 580 1242 650 ἐθυμώθη
1288 580 1431 650 ὀργὴ
1479 579 1695 634 αὑτοῦ·
1740 583 1839 636 καὶ

276 670 566 735 ἐξεκαύθη
600 667 668 721 ὲν
712 666 913 734 αὐτοῖς
937 667 1056 737 πῦρ
1079 669 1237 737 παρὰ
1274 670 1513 738 Κυρίου,
1548 670 1644 724 καὶ
1673 670 1841 723 κατέ-

278 776 428 829 pars
471 758 653 829 μέρος
696 757 804 827 τῆς
856 760 1255 829 παρεμϐολῆς.
1296 760 1405 814 Kal
1445 760 1767 830 ἐκέκραξεν
1812 766 1843 817 ό

276 850 427 916 λαὸς
449 849 597 918 πρὸς
628 848 850 917 Μωσῆν
869 867 882 879 ·
911 850 1007 903 καὶ
1032 851 1257 916 ηὔξατο
1298 850 1520 921 Μωσῆς
1550 854 1699 921 πρὸς
1731 855 1845 907 Κύ-

273 958 425 1009 ριον,
447 942 543 994 καὶ
587 942 853 995 ἐκόπασε
880 940 945 995 τὸ
995 942 1134 1011 πῦρ.
1166 942 1273 996 Καὶ
1303 943 1530 1011 ἐκλήθη
1570 944 1635 997 τὸ
1661 945 1846 1015 ὄνομα

276 1033 384 1087 τοῦ
410 1035 596 1088 τόπου
615 1034 847 1088 ἐκείνου
882 1035 1302 1104 Ἐμπυρισμός,
1340 1034 1428 1089 ὅτι
1455 1035 1747 1105 ἐξεκαύθη
1778 1038 1848 1090 ἐν

276 1122 482 1189 αὐτοῖς
509 1121 628 1190 πῦρ
658 1123 817 1190 παρὰ
865 1124 1105 1192 Κυρίου.
1140 1125 1232 1177 Διὸ
1264 1125 1359 1179 καὶ
1391 1126 1447 1178 ἐν
1478 1126 1554 1196 τῷ
1579 1126 1714 1197 μετὰ
1747 1130 1848 1199 xz?-

277 1233 382 1287 ρας
418 1215 630 1286 εἴρηται
659 1234 672 1249 ο
708 1218 816 1271 Kal
848 1216 1083 1286 ἀνήφθη
1110 1219 1227 1287 πῦρ
1247 1218 1316 1271 ἐν
1343 1218 1557 1283 Ἰακὼϐ,
1587 1222 1682 1274 καὶ
1702 1220 1845 1290 ὁρτὴ

275 1307 461 1375 ἀνέϐη
483 1307 581 1360 ἐπὶ
608 1308 716 1361 τὸν
751 1308 1007 1377 Ἰσραὴλ.
1033 1309 1119 1363 ὅτι
1142 1312 1249 1363 οὐκ
1276 1311 1648 1366 ἐπίστευσαν
1674 1314 1742 1366 ἐν
1769 1313 1848 1379 τῷ

279 1397 423 1463 Θεῷ,
454 1398 595 1452 οὐδὲ
642 1398 911 1468 ἤλπισαν
947 1400 1043 1453 ἐπὶ
1085 1401 1151 1455 τὸ
1184 1402 1480 1471 σωτήριον
1508 1405 1711 1459 αὑτοῦ.
1737 1406 1847 1467 Kal

273 1490 612 1544 ἐνετείλατο
642 1491 924 1560 νεφέλαις
958 1492 1352 1562 ὺπεράνωθεν,
1388 1496 1481 1548 καὶ
1529 1498 1711 1565 θύρας
1750 1500 1850 1553 οὑ-

268 1578 464 1646 ρανοῦ
479 1579 719 1647 ἀνέῳξε.
750 1580 859 1635 Kal
890 1582 1130 1651 ἔϐρεξεν
1158 1585 1250 1636 ἐπ’
1274 1585 1493 1652 αὐτοὺς
1510 1585 1710 1657 μάννα
1739 1606 1849 1657 φας

274 1670 427 1739 γεῐν,
453 1670 550 1724 καὶ
594 1672 775 1740 ἄρτον
821 1675 1080 1741 οὐρανοῦ
1133 1675 1353 1729 ἔδωκεν
1388 1679 1609 1745 αὐτοῖς.
1643 1681 1850 1750 Ἄρτον

272 1760 548 1830 ἀγγέλων
597 1761 818 1832 ἔφαγεν
862 1763 1186 1833 ἅνθρωπος.
1237 1768 1309 1819 Τὸ
1360 1767 1437 1834 δὲ,
1488 1770 1849 1825 Ἐνετείλατο

272 1852 560 1921 νεφέλαις
586 1854 986 1947 ὑπεράνωθεν,
1018 1859 1348 1913 αἰνίττεσθαί
1385 1879 1472 1933 μοι
1503 1861 1650 1916 δοκεῖ
1680 1862 1847 1935 πρόσ-
1878 1893 1920 1947 Β

271 1962 466 2016 ταγμα
507 1946 749 2000 δεδόσθαι
801 1949 1119 2018 ἀγγεὶιικαίς
1162 1951 1443 2022 δυνάμεσι,
1477 1957 1598 2017 ταῖς
1642 1956 1721 2018 εἰς
1779 1954 1848 2010 τὰ

269 2036 558 2109 παράδοξα
600 2039 718 2093 τότε
766 2041 1224 2113 διακονουμέναις,
1259 2045 1325 2097 δι’
1352 2039 1426 2099 ὧν
1456 2047 1550 2099 καὶ
1581 2046 1641 2100 τὸ
1676 2046 1849 2117 μάννα

268 2130 595 2200 ἐχορηγεῖτο
644 2130 723 2202 τῷ
758 2132 891 2204 λαῷ.
932 2135 1303 2207 Διδασκὸμεθα
1347 2136 1401 2189 δὲ
1450 2138 1543 2191 καὶ
1580 2139 1846 2205 ἐντεῦθεν,

268 2219 356 2284 ὡς
391 2220 498 2291 ἄρα
530 2222 825 2291 νεφέλαιαὶ
854 2226 1140 2293 ἀγγελικαὶ
1159 2228 1413 2300 δυνάμεις
1440 2230 1746 2300 κέκληνται,
1774 2231 1849 2295 ὡς

268 2313 374 2364 καὶ
403 2315 461 2365 ἐν
486 2313 582 2383 τῷ.
614 2316 872 2383 φάσκοντι
904 2320 1156 2390 προφήτῃ
1183 2338 1198 2352 ο
1234 2320 1341 2373 Καὶ
1391 2321 1520 2387 ταῖς
1569 2322 1849 2391 νεφέλαις

267 2402 647 2509 έςνιέλοῦμαι¹
673 2407 780 2509 τοῦ
839 2407 927 2477 μὴ
981 2410 1193 2476 βρέξαι
1264 2414 1351 2477 εὶς
1402 2412 1587 2466 αὐτὸν
1638 2416 1844 2467 ὑετόν·

270 2496 575 2559 ὥστε-τοὺς
623 2498 884 2567 ἀγγέλους
932 2500 1165 2554 νοεῖσθαι
1212 2502 1310 2566 τὰς
1364 2504 1622 2573 νεφέλας,
1662 2503 1853 2577 ὥσπερ

267 2581 370 2639 οὖν
392 2586 486 2640 καὶ
536 2588 786 2643 ἐνταῦθα.
834 2592 945 2644 Καὶ
974 2592 1122 2656 εἰκός
1152 2611 1213 2662 γε
1245 2589 1312 2665 ἦν
1345 2594 1435 2649 διὰ
1468 2596 1565 2667 μὲν
1597 2597 1849 2671 πονηρῶν

269 2675 557 2747 δυνάμεων
584 2676 701 2740 τὰς
731 2681 851 2731 κατ’
890 2681 1204 2747 Αἰγυπτίων
1238 2682 1850 2755 ὲπιτελεῖσθαιπληγὰς

273 2769 420 2821 κατὰ
446 2769 537 2821 τὸν
563 2770 837 2838 φάσκοντα
878 2771 1033 2841 λόγον
1059 2791 1072 2805 ο
1118 2774 1499 2830 Ἀπέστειλεν
1524 2780 1611 2843 εὶς
1631 2778 1851 2843 αὐτοὺς

271 2862 467 2931 ὀργὴν
489 2863 585 2916 καὶ
623 2864 834 2934 θυμὸν,
887 2866 1103 2934 θλίψιν
1120 2869 1215 2921 καὶ
1263 2868 1617 2937 ἀποστολὴν
1640 2868 1714 2922 δι’
1750 2870 1853 2939 ἀγ-

271 2953 471 3026 γέλων
525 2955 835 3025 πονηρῶνο
874 2959 941 3012 τὰ
991 2960 1047 3013 δὲ
1074 2963 1411 3034 χρηστότερα
1455 2963 1520 3015 δι’
1543 2964 1730 3017 αἰσίων
1760 2965 1853 3016 καὶ

272 3044 464 3109 δεξιῶν
490 3045 735 3115 ἀγγέλων
764 3049 1115 3120 γεγενῆσθαι.
1150 3052 1244 3103 Διδ
1270 3051 1517 3106 λέλεκται
1541 3070 1554 3083 ·
1588 3054 1696 3106 Kal
1727 3054 1853 3107 ἐνε·

272 3138 519 3193 τείλατο
546 3137 825 3207 νεφέλαις
858 3140 1255 3210 ὐπεράνωθεν,
1273 3144 1566 3214 καὶθύρας
1590 3145 1851 3215 οὐρανοῦ

1944 585 2095 629 catus
2124 583 2201 628 est
2242 571 2450 643 Moyses
2480 569 2781 629 Dominum,
2811 574 2858 619 et
2890 561 3108 617 cessavit
3142 558 3300 629 ignis.
3326 553 3395 609 Et
3425 571 3512 609 vo-

1944 678 2123 721 catum
2149 674 2225 720 est
2255 681 2437 719 nomen
2460 662 2561 717 loci
2596 661 2764 723 illius,
2796 653 3125 718 Incendium,
3162 649 3284 721 quia
3311 647 3512 702 exarsit

1945 763 1999 815 in
2048 761 2124 815 eis
2177 760 2311 829 ignis
2371 773 2404 811 a
2448 753 2695 809 Domino.
2748 748 3089 818 Quapropter
3148 742 3202 796 in
3262 737 3513 811 praesenti

1946 850 2155 921 psillmo
2177 827 2379 903 dictum
2402 851 2485 900 est
2513 862 2525 896 :
2581 838 2649 894 Et
2687 853 2931 893 accensus
2961 844 3036 889 est
3068 833 3204 904 ignis
3242 831 3295 887 in
3325 827 3512 889 Iacob,

1944 949 1995 994 et
2052 939 2133 991 ira
2187 935 2418 1001 ascendit
2461 934 2515 986 in
2551 930 2746 993 Israel,
2805 922 3196 997 (Vens.22-25)
3250 922 3371 992 quia
3414 933 3515 972 non

1945 1030 2279 1085 crediderunt
2315 1027 2367 1080 in
2400 1024 2531 1086 Deo,
2562 1039 2653 1077 nec
2684 1025 3017 1089 speraverant
3046 1016 3101 1068 in
3124 1011 3353 1067 salutari
3380 1009 3512 1078 ejus.

1948 1122 2015 1176 Et
2046 1121 2313 1175 mandavit
2345 1117 2566 1173 nubibus
2587 1114 2823 1181 desuper,
2855 1118 2905 1166 et
2926 1109 3126 1179 januas
3152 1105 3267 1159 caeli
3293 1101 3515 1171 aperuit.

1948 1213 2017 1268 Et
2046 1214 2178 1283 pluit
2229 1212 2337 1266 illis
2370 1225 2565 1264 manna
2615 1206 2683 1259 ad
2732 1199 3178 1260 manducandum,
3226 1204 3275 1249 et
3330 1208 3518 1262 panem

1947 1305 2061 1360 caeli
2088 1304 2230 1360 dedit
2265 1305 2363 1361 eis.
2401 1301 2595 1353 Panem
2627 1295 2932 1367 angelorum
2972 1288 3306 1346 manducavit
3341 1286 3536 1342 homo..

1946 1396 2083 1451 Illud
2114 1404 2317 1460 autem,
2350 1393 2404 1447 Μ
2410 1391 2621 1447 andavit
2651 1386 2872 1444 nubibus
2902 1386 3144 1453 desuper.
3173 1377 3536 1436 subindicare»

1946 1489 2160 1549 videtur
2191 1488 2343 1551 mihi,
2387 1484 2701 1542 mandatum
2734 1478 2996 1551 angelicis
3034 1474 3352 1537 virtutibus,
3398 1483 3539 1540 quia:

1949 1584 2015 1639 ad
2064 1582 2309 1654 prodigia
2364 1577 2572 1634 edenda
2620 1583 2752 1629 tunc
2801 1569 3206 1630 ministrabant;
3258 1563 3538 1618 traditum;

1947 1682 2166 1742 esse,et
2190 1673 2258 1727 ab
2289 1671 2395 1727 illis
2426 1669 2625 1741 populo
2652 1679 2851 1721 manna
2887 1660 3292 1733 suppeditatum
3325 1655 3527 1710 fuisse:

1950 1770 2087 1824 Hinc
2122 1768 2249 1822 item
2279 1765 2569 1821 edocemur
2603 1759 2877 1831 angelicas
2906 1756 3139 1811 virtutes
3178 1751 3316 1807 forte
3345 1744 3527 1804 nubes

1948 1866 2168 1917 vocatas
2212 1858 2398 1921 fuisse,
2453 1850 2909 1925 quemadmodum
2944 1855 2998 1903 et
3040 1848 3092 1900 in
3130 1846 3392 1915 propheta
3425 1841 3520 1911 qui

1950 1952 2027 2006 ait
2055 1970 2068 2005 :
2106 1948 2174 2002 Et
2206 1947 2428 2001 nubibus
2471 1942 2736 1998 mandabo
2770 1957 2832 1995 ne
2855 1939 3039 2010 pluant
3079 1951 3236 2005 super
3265 1951 3380 1989 eam
3419 1933 3523 1986 im-

1951 2046 2093 2099 brem
2131 2044 2173 2074 ²¹
2203 2060 2217 2098 :
2249 2041 2323 2096 ita
2352 2046 2413 2094 ut
2442 2037 2614 2107 angeli
2638 2037 2810 2090 nubes
2836 2048 2958 2088 esse
2979 2030 3370 2099 intelligantur,
3396 2040 3527 2096 per-

1952 2136 2079 2192 inde
2132 2141 2294 2204 atque
2325 2132 2378 2187 in
2403 2131 2505 2187 hoc
2535 2131 2655 2183 loco
2684 2146 2697 2180 :
2729 2141 2791 2180 ac
2817 2141 2913 2195 par
2940 2130 3060 2179 erat
3084 2138 3113 2175 a
3143 2119 3393 2191 malignis
3418 2118 3525 2171 vir-

1950 2227 2156 2283 tutibus
2194 2226 2380 2296 plagas
2408 2221 2680 2293 .Egyptiis
2722 2216 2915 2286 inﬂigi,
2943 2222 3001 2269 ut
3036 2215 3122 2268 his
3166 2210 3482 2267 enuntiatur
3509 2226 3541 2267 ε,

1950 2320 2103 2375 Misit
2136 2320 2188 2372 in
2209 2335 2295 2372 eos
2328 2319 2463 2370 iram
2494 2324 2540 2368 et
2573 2313 2805 2382 furerent
2830 2318 2881 2362 et
2914 2305 3330 2365 tribulationem,
3356 2311 3401 2354 et
3425 2300 3539 2353 ἕνη-κ

1950 2414 2248 2467 missionem
2282 2426 2373 2479 per
2402 2406 2612 2477 angelos
2644 2404 2847 2467 malos;
2873 2410 3062 2455 contra
3109 2411 3251 2453 vero.
3267 2410 3387 2466 qua:
3418 2407 3530 2447 me-

1950 2506 2088 2561 liora
2117 2510 2275 2560 erant
2316 2516 2411 2572 per
2442 2497 2990 2567 faustosprobosque
3012 2491 3232 2563 angelos
3256 2486 3525 2562 praestari.

1951 2596 2130 2663 Quare
2167 2592 2388 2652 dicitur.
2421 2588 2489 2644 Et
2512 2587 2792 2643 mandavit
2841 2583 3063 2639 nubibus
3099 2581 3337 2649 desuper.
3369 2588 3418 2631 et
3445 2576 3533 2647 ja-

1951 2706 2085 2744 nuas
2132 2687 2249 2741 caeli
2305 2684 2529 2753 aperuit.
2587 2680 2795 2736 Januas
2847 2678 2971 2734 cmli
3028 2685 3259 2747 apertas.
3282 2669 3537 2727 coelestia

1950 2795 2119 2851 opera
2146 2793 2269 2833 esse
2297 2775 2632 2831 existimato.
2666 2769 2862 2827 Omnia
2901 2769 3101 2837 quippe
3128 2778 3249 2833 quae
3288 2756 3545 2813 mirabili.

1952 2871 2114 2927 modo
2140 2870 2299 2925 aDee
2328 2866 2781 2938 perpetrabantur
2796 2860 2980 2917 divina
3002 2854 3323 2912 ett-coelestia
3346 2858 3525 2914 erant,

1953 2979 2075 3035 quae
2102 2971 2223 3017 eum
2250 2976 2357 3014 non
2387 2959 2597 3022 tierent,
2624 2954 2944 3010 hominibus
2962 2948 3383 3008 claudebantur;
3401 2955 3533 2995 cum

1954 3063 2132 3107 autem
2166 3048 2435 3120 stupenda
2484 3048 2693 3101 ratione
2726 3043 2871 3098 edita
2905 3047 3067 3103 sunt,
3106 3037 3189 3094 sic
3219 3050 3318 3091 ceu
3362 3046 3531 3102 quas-

1954 3143 2078 3198 dam
2128 3142 2380 3197 caelestes
2409 3139 2607 3209 januas
2645 3135 2779 3207 ipsis
2813 3131 3111 3189 reserabat.
3142 3127 3250 3182 Pro
3290 3125 3382 3180 illo
3429 3137 3531 3175 au-

272 3231 519 3298 ἀνέῳξε.
569 3232 750 3303 Θύρας
788 3233 844 3285 δὲ
869 3234 1096 3305 οὐρανοῦ
1128 3238 1518 3308 ἁνοιγνυμένας
1560 3237 1660 3301 τὰς
1698 3240 1851 3309 οὐρα-

1957 3244 2088 3297 tem,
2136 3234 2336 3288 Panem
2368 3231 2673 3303 angelorum
2718 3225 3053 3281 manducavit
3104 3223 3278 3286 homo,
3310 3217 3525 3288 Aquila,

273 3320 423 3384 νίους
447 3322 558 3374 νόει
591 3320 835 3393 πράξεις.
861 3324 1045 3377 Πάντα
1062 3326 1168 3398 γὰρ
1193 3327 1261 3380 τὰ
1290 3326 1604 3398 παραδόξως
1632 3328 1736 3381 ὑπὸ
1758 3327 1851 3381 τοῦ

274 3413 411 3467 Θεοῦ
464 3416 826 3486 πεπραγμένα
868 3415 987 3469 Θεῖα
1025 3417 1118 3470 καὶ
1168 3418 1391 3489 οὐράνια
1451 3415 1556 3491 ἦν’
1583 3419 1619 3474 ἆ
1664 3419 1729 3492 δὴ
1759 3421 1853 3474 καὶ

274 3504 586 3577 ἀνθρώποις
643 3507 1049 3573 ἀποκέκλειστο,
1097 3510 1185 3562 ὅτε
1223 3509 1296 3581 μὴ
1355 3511 1598 3580 ἐγίγνετο
1621 3527 1636 3543 ’
1675 3514 1764 3566 ὅτε
1796 3513 1852 3566 δὲ

275 3597 594 3669 ⁸παραδόξως
637 3600 901 3669 ἐγίγνετο,
930 3598 1118 3671 ὥσπερ
1150 3599 1320 3672 Θύρας
1372 3603 1524 3666 τινας
1571 3604 1854 3676 οὐρανίους

276 3691 517 3760 ἀνέῳγεν
567 3691 770 3755 αὐτοῖς.
832 3691 978 3745 Ἀντὶ
1020 3691 1075 3744 δὲ
1131 3692 1224 3745 τοῦ
1248 3732 1262 3757 ,
1319 3695 1527 3761 Ἄρτον
1584 3696 1853 3766 ἀγγέλων

276 3782 502 3853 ἔφαγεν
548 3782 874 3852 ἅνθρωπος,
919 3785 947 3837 ὁ
989 3782 1239 3851 Ἀκύλας,
1276 3786 1480 3853 Ἄρτον
1536 3786 1853 3842 δυναστῶν

276 3875 502 3944 ἔφαγεν
521 3874 700 3944 ἀνὴρ,
731 3876 1076 3947 ήρμήνευσεν
1134 3878 1161 3929 ὁ
1186 3876 1242 3929 δὲ
1262 3876 1576 3949 Σύμμαχος,
1602 3880 1710 3932 Kal
1743 3897 1853 3935 πυ-

270 3968 389 4037 ρὸν
429 3966 713 4036 οὐράνιον
762 3966 1069 4036 παρέσχεν
1107 3967 1330 4035 αὐτοῖς,
1367 3968 1547 4037 ἄρτον
1577 3971 1853 4042 μεγάλων

278 4060 507 4130 ἔφαγεν
569 4060 896 4129 ἄνθρωπος.
949 4062 1058 4114 Καὶ
1113 4062 1268 4133 τήρει
1314 4063 1463 4126 ὅπως
1504 4066 1537 4135 ή
1591 4065 1850 4139 Ἐὁραῖκὴ

280 4151 434 4223 φωνὴ
472 4154 532 4206 οὺ
594 4153 834 4225 περιέχει
875 4154 960 4219 τὸ,
999 4155 1215 4223 Ἀρτον
1251 4154 1555 4224 ἀγγέλῶν·
1596 4157 1707 4210 ἀλλ’
1735 4158 1850 4229 ἦτοι

281 4244 423 4298 κατὰ
460 4243 551 4298 τὸν
616 4245 866 4311 Ἀκύλαν,
891 4247 1081 4323 ,ἄρτον
1109 4246 1427 4301 δυναστῶν
1447 4265 1458 4279 ’
1514 4249 1548 4319 ἢ
1580 4248 1722 4302 κατὰ
1760 4249 1851 4302 τὸν

280 4334 594 4405 Σύμμαχον,
624 4335 806 4404 ἄρτον
820 4335 1123 4407 μεγάλων·
1157 4337 1190 4409 ἢ
1218 4339 1359 4391 κατὰ
1379 4338 1470 4392 τὸν
1502 4339 1848 4407 Θεοδοτίωνα,

279 4426 465 4495 ἇρτον
515 4427 830 4482 δυναστῶν
856 4448 871 4462 ·
921 4428 1124 4500 ἢκατὰ
1170 4429 1267 4502 τὴν
1318 4430 1579 4503 πέμπτην
1619 4432 1848 4500 ἔκδοσιν,

278 4516 465 4586 ἄρτον
490 4519 827 4576 δυναστῶν.
871 4522 1155 4591 Ἀγγέλων
1180 4524 1257 4588 δὲ,
1273 4524 1459 4588 ὀὐδεὶς
1484 4525 1847 4597 ἡρμήνευσεν.

1959 3327 2161 3381 Panem
2218 3327 2509 3395 potentium
2566 3320 2904 3376 manducavit
2961 3318 3071 3381 vir,
3136 3315 3529 3383 interpretatus

1952 3426 2069 3485 est;
2107 3417 2467 3490 Symmachus
2508 3431 2659 3479 vero,
2694 3412 2761 3466 Et
2797 3413 3120 3482 frumentum
3149 3406 3351 3461 caeleste
3392 3416 3531 3471 pra:-

1954 3513 2064 3567 buit
2085 3516 2180 3579 eis,
2209 3528 2395 3581 panem
2422 3524 2731 3580 magnorum
2762 3504 3093 3560 manducavit
3128 3500 3298 3555 homo.
3324 3496 3529 3551 Notan-

1952 3605 2081 3660 dum
2110 3613 2280 3659 auten
2311 3600 2635 3656 Hebraicam
2670 3613 2857 3653 vocem
2882 3611 2991 3650 non
3016 3594 3217 3648 habere
3244 3588 3397 3652 illud,
3432 3603 3528 3656 pa-

1952 3714 2068 3752 nem
2116 3696 2454 3766 angelorum;
2484 3692 2575 3747 sed
2608 3690 2724 3745 sive
2769 3686 3067 3743 secundum
3126 3681 3398 3751 Aquilam,
3432 3692 3530 3746 pa-

1952 3806 2066 3842 nem
2087 3787 2374 3856 potentium
2394 3783 2550 3847 ;-sive
2582 3779 2884 3837 secundum
2915 3774 3322 3849 Symmachum,
3343 3784 3534 3839 panem.

1952 3891 2299 3947 magnorum;
2333 3874 2447 3929 sive
2493 3869 2795 3927 secundum
2845 3865 3299 3927 Theodotionem,
3340 3875 3529 3929 panem

1949 3968 2237 4039 potentium
2260 3965 2379 4031 ;vel
2410 3963 2707 4019 secundum
2729 3961 2974 4030 quintam
3000 3955 3315 4016 editionem,
3343 3966 3530 4021 panem

1949 4059 2255 4131 potentium.
2299 4055 2617 4127 Angelorum
2660 4067 2790 4107 vero
2821 4051 2961 4107 alius
3009 4062 3170 4103 nemo
3203 4046 3533 4114 interpreta-

1952 4162 2044 4208 tus
2075 4160 2179 4215 est,
2214 4149 2344 4221 quia
2384 4146 2711 4202 Hebraicum
2739 4142 3017 4211 exemplar
3064 4153 3173 4193 non
3208 4137 3287 4190 sic
3334 4133 3529 4198 habet;

1951 4253 2013 4298 ut
2037 4259 2105 4299 ne
2133 4243 2256 4314 quis
2290 4242 2586 4297 arbitretur
2618 4237 2893 4309 angelicas
2931 4235 3093 4289 etiam
3125 4232 3358 4286 virtutes
3399 4242 3530 4281 sen-

1952 4337 2038 4390 sili
2063 4338 2142 4391 uti
2193 4336 2469 4391 alimento.
2509 4334 2565 4388 In
2601 4329 2912 4403 Evangeliis
2962 4334 3145 4381 autem
3176 4322 3433 4378 Servalor
3474 4328 3533 4376 et

1950 4428 2216 4485 Dominus
2246 4437 2433 4487 noster
2472 4443 2568 4482 eos
2607 4424 2875 4495 coarguit,
2899 4422 2991 4492 qui
3037 4425 3289 4487 putarent
3330 4430 3535 4471 manna

1954 4524 2156 4593 populo
2206 4522 2263 4577 in
2313 4520 2608 4579 solitudine
2660 4516 3177 4573 subministratum,
3215 4510 3535 4579 angelorum

294 4610 445 4663 Ἐπεὶ
499 4611 636 4681 μηδὲ
686 4611 747 4664 τὸ
781 4612 1067 4684 Ἑϐραῖκὸν
1114 4615 1301 4670 τοῦτον
1339 4616 1575 4688 ἔχειτὸν
1630 4617 1849 4690 τρόπον,

1955 4630 2074 4670 esse
2100 4615 2317 4682 cibum;
2339 4628 2510 4684 quare
2536 4611 2732 4666 dicit"
2768 4628 2781 4664 :
2812 4609 3004 4669 Amen,
3032 4621 3184 4659 amen
3219 4602 3352 4658 dico.
3368 4600 3532 4681 vobis,

282 4699 367 4754 ἵνα
395 4701 470 4772 μή
496 4719 579 4766 τις
629 4703 827 4774 νομίσῃ
867 4706 960 4758 καὶ
1011 4706 1110 4771 τὰς
1142 4707 1731 4780 ἀγγελικὰςιδυνάμεις
1763 4709 1849 4763 αξ-

283 4792 453 4864 σθητῇ
476 4793 707 4864 χρῆσθαι
731 4798 924 4868 τροφῇ.
949 4798 1238 4869 Μέμφεται
1269 4800 1325 4854 δὲ
1356 4802 1451 4854 καὶ
1483 4803 1511 4855 ὁ
1540 4802 1729 4873 Σωτὴρ
1763 4802 1855 4855 καὶ

282 4883 487 4955 Κύριος
536 4885 692 4955 ἡμῶν
724 4888 781 4938 ὲν
816 4888 1167 4957 Εὐαγγελίοις
1213 4894 1326 4955 τοῖς
1383 4890 1712 4963 νομίζουσιν,
1771 4895 1853 4947 ὅτι

281 4974 528 5044 ἀγγέλων
566 4971 633 5046 ἦν
682 4977 856 5049 τροφὴ
912 4978 972 5031 τὸ
1014 4979 1165 5050 έντῇ
1213 4980 1404 5051 ἐρήμῳ
1447 4982 1854 5054 χορηγηθὲνητῷ

280 5066 392 5137 λαῷ
431 5067 606 5138 μάννα
633 5084 647 5098 ·
690 5069 771 5121 διὸ
804 5069 987 5139 ἔλεγεν
1013 5085 1022 5097 '
1076 5069 1280 5140 Ἀμὴν,
1310 5071 1472 5141 ἀμὴν
1488 5072 1640 5143 λέγω
1666 5074 1808 5143 ὑμῖν
1834 5092 1847 5106 ·

281 5160 354 5211 οὐ
382 5156 607 5225 Μωσῆς
651 5157 910 5212 δέδωκεν
940 5160 1081 5229 ὑμῖν
1099 5161 1209 5216 τὸν
1240 5161 1422 5228 ἄρτον
1456 5163 1524 5215 ἐκ
1546 5162 1654 5216 τοῦ
1676 5166 1853 5233 οὐρα-

279 5248 391 5302 νοῦ
431 5248 540 5302 τόν
592 5250 916 5315 ἀληθινόν·
953 5252 1047 5307 καὶ
1072 5252 1231 5306 πάλιν
1259 5270 1272 5283 ·
1319 5256 1381 5307 Οἱ
1417 5253 1666 5323 πατέρες
1689 5254 1854 5326 ὑμῶν

278 5339 591 5408 ἔφαγον-ὲν
611 5338 686 5408 τῇ
717 5340 913 5409 ἐρήμῳ
936 5341 1001 5394 τὸ
1025 5340 1247 5410 μάννα,
1275 5344 1369 5396 καὶ
1403 5343 1723 5399 ἀπέθανον.
1750 5342 1855 5402 05'-

277 5432 383 5498 τός
412 5432 583 5485 ἐστιν
614 5435 647 5486 ό
671 5432 849 5499 ἄρτος
878 5436 910 5485 ὀ
934 5432 1002 5485 ἑκ
1036 5431 1140 5486 τοῦ
1170 5435 1432 5501 οὐρανοῦ
1462 5438 1850 5504 καταϐαίνων,

279 5524 381 5577 ἵνα
404 5540 492 5590 τις
513 5523 583 5588 ἐξ
603 5523 788 5577 αὑτοῦ
818 5525 980 5593 φάγῃ
1013 5526 1110 5578 καὶ
1144 5524 1229 5594 μὴ
1253 5526 1628 5593 ἀποθνήσκῃ.
1660 5530 1723 5583 Εἰ
1754 5531 1855 5601 μὲν

279 5610 394 5679 οὖν,
424 5616 868 5686 φησὶν,οὐράνιος
898 5614 963 5687 ἦν
995 5618 1177 5689 ἄρτος,
1212 5612 1257 5687 ᾧ
1282 5620 1513 5691 χρῆσθαι
1531 5622 1656 5685 τοὺς
1690 5624 1852 5692 ἀγγέὲ

352 5799 394 5831 ³⁸
423 5795 527 5853 lsa.
557 5816 610 5863 ν,
640 5800 691 5855 6.
767 5804 807 5831 ’θ
839 5801 991 5855 Joan.
1027 5820 1098 5867 γι,
1130 5803 1214 5857 59..
1294 5806 1336 5837 ³³
1361 5806 1429 5859 ibi
1456 5806 1489 5859 l.
1518 5806 1604 5872 49,
1640 5805 1729 5861 50.

1957 4726 2059 4763 non
2080 4706 2287 4779 Moyses
2320 4706 2462 4760 dedit
2479 4705 2621 4760 vobis
2630 4719 2817 4775 panem
2840 4700 2904 4754 de
2919 4700 3045 4753 caelo
3062 4714 3245 4752 verum
3261 4712 3300 4761 ;Δ
3318 4710 3389 4751 ac.
3409 4709 3534 4748 rur-

1958 4815 2079 4854 sum
2113 4799 2197 4856 ²³ι
2231 4797 2420 4852 Patres
2458 4798 2614 4851 vestri
2642 4795 3090 4850 manducaverunt
3136 4789 3412 4845 mannain
3439 4786 3533 4842 de-

1956 4898 2115 4954 serto,
2149 4897 2199 4943 et
2240 4889 2615 4944 mortuisurt.
2658 4886 2764 4947 Hic
2795 4896 2872 4941 est
2914 4886 3067 4957 panis
3098 4883 3188 4955 qui
3216 4882 3283 4935 de
3299 4880 3424 4935 caelo
3443 4879 3537 4934 de-

1955 4981 2178 5048 scendit,
2213 4993 2271 5037 ut
2299 4984 2491 5054 siquis
2532 4998 2597 5037 ex
2633 4982 2747 5051 ipso
2781 4979 3081 5041 manducet,
3117 4992 3223 5030 non
3250 4974 3534 5029 moriatur.

1959 5073 2016 5129 Si
2062 5075 2267 5145 itaque,
2301 5074 2399 5140 ait,
2430 5073 2854 5129 caslestisesset
2889 5070 3047 5141 panis
3073 5082 3181 5139 quo
3209 5066 3288 5121 uti
3314 5066 3534 5137 angelos

1956 5166 2254 5221 verisimile
2274 5174 2379 5228 est,
2416 5179 2758 5236 nequaquam
2786 5163 2990 5219 mortui
3014 5168 3197 5217 essent
3226 5158 3319 5229 qui
3355 5173 3421 5212 ex
3443 5156 3536 5209 illo

1958 5274 2098 5328 pane
2125 5258 2178 5311 in
2220 5259 2439 5314 deserto
2472 5264 2828 5330 gustaverant
2855 5276 2866 5310 :
2900 5263 2954 5309 at
2983 5255 3111 5326 quia
3137 5268 3239 5308 nec
3269 5249 3531 5313 ccelestis,

1957 5367 2058 5405 nec
2092 5367 2217 5407 vero
2254 5351 2413 5422 panis
2447 5354 2765 5423 angelorum
2799 5358 2937 5414 erat,
2976 5349 3096 5403 ideo
3139 5343 3339 5400 mortui
3386 5349 3531 5397 sunt.

1958 5442 2057 5497 Hic
2088 5458 2214 5499 vere
2259 5446 2506 5500 cmlestis
2549 5445 2709 5515 panis
2742 5453 2846 5507 est,
2893 5441 3051 5511 cujus
3084 5436 3332 5508 quisquis
3368 5436 3537 5498 parti-

1958 5551 2089 5606 ceps
2140 5537 2339 5601 fuerit,
2392 5552 2669 5607 nunquam
2721 5536 3004 5590 morietur.
3053 5531 3199 5597 Quis.
3235 5528 3323 5582 hic
3379 5526 3536 5589 panis

1959 5634 2106 5683 esset
2133 5627 2294 5684 docet
2330 5630 2414 5684 his
2446 5630 2624 5685 verbis
2661 5647 2672 5681 :
2712 5627 2875 5682 Panis
2911 5634 3084 5679 autem
3116 5620 3213 5675 Dei
3245 5628 3320 5677 est
3354 5618 3442 5690 qui
3470 5616 3552 5680 de;
