  <div class='ocr_page' id='page_1' title='image "/cluster/home/n/w/nwhite01/storage/ocr_20150623/23/hvd.32044019207711/489.png"; bbox 0 0 4004 6534; ppageno 0'>
   <div class='ocr_carea' id='block_1_1' title="bbox 565 387 669 443">
    <p class='ocr_par' dir='ltr' id='par_1_1' title="bbox 565 387 669 443">
     <span class='ocr_line' id='line_1_1' title="bbox 565 387 669 443; baseline 0 -2"><span class='ocrx_word' id='word_1_1' title='bbox 565 387 669 443; x_wconf 71' lang='grc'><strong><em>919</em></strong></span> 
     </span>
    </p>
   </div>
   <div class='ocr_carea' id='block_1_2' title="bbox 1229 349 3743 453">
    <p class='ocr_par' dir='ltr' id='par_1_2' title="bbox 1229 349 3743 453">
     <span class='ocr_line' id='line_1_2' title="bbox 1229 349 3743 453; baseline 0.004 -9"><span class='ocrx_word' id='word_1_2' title='bbox 1229 387 1496 448; x_wconf 80' lang='lat' dir='ltr'><strong><em>EUSEBH</em></strong></span> <span class='ocrx_word' id='word_1_3' title='bbox 1531 391 2005 448; x_wconf 57' lang='lat' dir='ltr'><strong><em>cmssmexsxs</em></strong></span> <span class='ocrx_word' id='word_1_4' title='bbox 2044 349 2191 450; x_wconf 60' lang='lat' dir='ltr'><strong><em>ore.</em></strong></span> <span class='ocrx_word' id='word_1_5' title='bbox 2236 392 2418 450; x_wconf 69' lang='lat' dir='ltr'><strong><em>mas</em></strong></span> <span class='ocrx_word' id='word_1_6' title='bbox 2456 393 2540 448; x_wconf 85' lang='lat' dir='ltr'><strong><em>Ill.</em></strong></span> <span class='ocrx_word' id='word_1_7' title='bbox 2580 424 2651 434; x_wconf 88' lang='lat'><strong>_</strong></span> <span class='ocrx_word' id='word_1_8' title='bbox 2689 379 3095 448; x_wconf 76' lang='lat' dir='ltr'><strong><em>EXEGETICA.</em></strong></span> <span class='ocrx_word' id='word_1_9' title='bbox 3663 397 3743 453; x_wconf 71' lang='lat' dir='ltr'><strong><em>no</em></strong></span> 
     </span>
    </p>
   </div>
   <div class='ocr_carea' id='block_1_3' title="bbox 566 501 2138 580">
    <p class='ocr_par' dir='ltr' id='par_1_3' title="bbox 566 501 2138 574">
     <span class='ocr_line' id='line_1_3' title="bbox 566 501 2138 574; baseline 0.006 -17"><span class='ocrx_word' id='word_1_10' title='bbox 566 503 694 557; x_wconf 74' lang='lat' dir='ltr'><strong><em>calo</em></strong></span> <span class='ocrx_word' id='word_1_11' title='bbox 734 501 1019 568; x_wconf 74' lang='lat' dir='ltr'><strong><em>descendit,</em></strong></span> <span class='ocrx_word' id='word_1_12' title='bbox 1051 505 1141 574; x_wconf 93' lang='lat' dir='ltr'><strong><em>qui</em></strong></span> <span class='ocrx_word' id='word_1_13' title='bbox 1168 503 1260 558; x_wconf 91' lang='lat' dir='ltr'><strong><em>dat</em></strong></span> <span class='ocrx_word' id='word_1_14' title='bbox 1291 507 1451 560; x_wconf 88' lang='lat' dir='ltr'><strong><em>vitam</em></strong></span> <span class='ocrx_word' id='word_1_15' title='bbox 1491 508 1686 564; x_wconf 87' lang='lat' dir='ltr'><strong><em>mundo</em></strong></span> <span class='ocrx_word' id='word_1_16' title='bbox 1710 512 1776 566; x_wconf 73' lang='lat'><strong><em>&quot;.</em></strong></span> <span class='ocrx_word' id='word_1_17' title='bbox 1809 509 1862 565; x_wconf 88' lang='lat' dir='ltr'><strong><em>Id</em></strong></span> <span class='ocrx_word' id='word_1_18' title='bbox 1889 511 2014 566; x_wconf 91' lang='lat' dir='ltr'><strong><em>item</em></strong></span> <span class='ocrx_word' id='word_1_19' title='bbox 2049 510 2138 567; x_wconf 49' lang='lat' dir='ltr'><strong><em>de.</em></strong></span> 
     </span>
    </p>
   </div>
   <div class='ocr_carea' id='block_1_4' title="bbox 2237 501 3737 580">
    <p class='ocr_par' dir='ltr' id='par_1_4' title="bbox 2239 506 3737 580">
     <span class='ocr_line' id='line_1_4' title="bbox 2239 506 3737 580; baseline -0.007 -15"><span class='ocrx_word' id='word_1_20' title='bbox 2239 512 2372 576; x_wconf 54' lang='lat' dir='ltr'><strong><em>Qouc</em></strong></span> <span class='ocrx_word' id='word_1_21' title='bbox 2405 510 2570 574; x_wconf 74' lang='grc' dir='ltr'><em>εξκδς,</em></span> <span class='ocrx_word' id='word_1_22' title='bbox 2601 509 2712 563; x_wconf 79' lang='grc' dir='ltr'>οὐδ’</span> <span class='ocrx_word' id='word_1_23' title='bbox 2741 509 2807 563; x_wconf 86' lang='grc' dir='ltr'><strong><em>ἂν</em></strong></span> <span class='ocrx_word' id='word_1_24' title='bbox 2840 508 3110 563; x_wconf 72' lang='grc' dir='ltr'><em>ἀπέθανον</em></span> <span class='ocrx_word' id='word_1_25' title='bbox 3141 509 3188 560; x_wconf 86' lang='grc' dir='ltr'>οἱ</span> <span class='ocrx_word' id='word_1_26' title='bbox 3218 507 3272 560; x_wconf 82' lang='grc' dir='ltr'><strong><em>ἐν</em></strong></span> <span class='ocrx_word' id='word_1_27' title='bbox 3303 509 3368 578; x_wconf 74' lang='grc' dir='ltr'><em>τῇ</em></span> <span class='ocrx_word' id='word_1_28' title='bbox 3406 506 3577 578; x_wconf 74' lang='grc' dir='ltr'><em>ἐρήμῳ</em></span> <span class='ocrx_word' id='word_1_29' title='bbox 3613 527 3737 580; x_wconf 69' lang='grc' dir='ltr'><em>μετα.</em></span> 
     </span>
    </p>
   </div>
   <div class='ocr_carea' id='block_1_5' title="bbox 565 593 2138 673">
    <p class='ocr_par' dir='ltr' id='par_1_5' title="bbox 565 594 2138 671">
     <span class='ocr_line' id='line_1_5' title="bbox 565 594 2138 671; baseline 0.005 -23"><span class='ocrx_word' id='word_1_30' title='bbox 565 594 740 648; x_wconf 84' lang='lat' dir='ltr'><strong><em>clarat</em></strong></span> <span class='ocrx_word' id='word_1_31' title='bbox 762 595 949 650; x_wconf 84' lang='lat' dir='ltr'><strong><em>dicens</em></strong></span> <span class='ocrx_word' id='word_1_32' title='bbox 979 615 989 648; x_wconf 93' lang='lat'>:</span> <span class='ocrx_word' id='word_1_33' title='bbox 1028 594 1138 665; x_wconf 81' lang='lat' dir='ltr'><strong><em>Ego</em></strong></span> <span class='ocrx_word' id='word_1_34' title='bbox 1165 613 1280 650; x_wconf 89' lang='lat' dir='ltr'><strong><em>sum</em></strong></span> <span class='ocrx_word' id='word_1_35' title='bbox 1307 598 1459 666; x_wconf 86' lang='lat' dir='ltr'><strong><em>panis</em></strong></span> <span class='ocrx_word' id='word_1_36' title='bbox 1492 602 1608 653; x_wconf 79' lang='lat' dir='ltr'><strong><em>vita:</em></strong></span> <span class='ocrx_word' id='word_1_37' title='bbox 1632 615 1650 652; x_wconf 91' lang='lat'><strong><em>:</em></strong></span> <span class='ocrx_word' id='word_1_38' title='bbox 1685 601 1772 671; x_wconf 97' lang='lat' dir='ltr'><strong><em>qui</em></strong></span> <span class='ocrx_word' id='word_1_39' title='bbox 1806 601 1938 655; x_wconf 87' lang='lat' dir='ltr'><strong><em>venit</em></strong></span> <span class='ocrx_word' id='word_1_40' title='bbox 1968 602 2037 655; x_wconf 88' lang='lat' dir='ltr'><strong><em>ad</em></strong></span> <span class='ocrx_word' id='word_1_41' title='bbox 2060 619 2138 656; x_wconf 91' lang='lat' dir='ltr'><strong><em>me</em></strong></span> 
     </span>
    </p>
   </div>
   <div class='ocr_carea' id='block_1_6' title="bbox 2237 593 3747 673">
    <p class='ocr_par' dir='ltr' id='par_1_6' title="bbox 2243 593 3747 673">
     <span class='ocr_line' id='line_1_6' title="bbox 2243 593 3747 673; baseline 0 -19"><span class='ocrx_word' id='word_1_42' title='bbox 2243 602 2463 672; x_wconf 83' lang='grc' dir='ltr'><strong><em>σχόντες</em></strong></span> <span class='ocrx_word' id='word_1_43' title='bbox 2511 600 2672 673; x_wconf 79' lang='grc' dir='ltr'><em>ἄρτου</em></span> <span class='ocrx_word' id='word_1_44' title='bbox 2696 617 2710 632; x_wconf 77' lang='grc' dir='ltr'><strong>ο</strong></span> <span class='ocrx_word' id='word_1_45' title='bbox 2740 601 2834 653; x_wconf 83' lang='grc' dir='ltr'><em>νῦν</em></span> <span class='ocrx_word' id='word_1_46' title='bbox 2876 599 2933 652; x_wconf 79' lang='grc' dir='ltr'>δὲ</span> <span class='ocrx_word' id='word_1_47' title='bbox 2988 599 3107 651; x_wconf 73' lang='grc' dir='ltr'><strong><em>ἐπεὶ</em></strong></span> <span class='ocrx_word' id='word_1_48' title='bbox 3133 598 3231 652; x_wconf 77' lang='grc' dir='ltr'><strong><em>οὐκ</em></strong></span> <span class='ocrx_word' id='word_1_49' title='bbox 3266 593 3334 669; x_wconf 78' lang='grc' dir='ltr'><strong><em>ἦν</em></strong></span> <span class='ocrx_word' id='word_1_50' title='bbox 3380 599 3622 670; x_wconf 80' lang='grc' dir='ltr'><em>οὐράνιος,</em></span> <span class='ocrx_word' id='word_1_51' title='bbox 3653 603 3747 655; x_wconf 66' lang='grc' dir='ltr'>οὐδὲ</span> 
     </span>
    </p>
   </div>
   <div class='ocr_carea' id='block_1_7' title="bbox 565 687 2132 762">
    <p class='ocr_par' dir='ltr' id='par_1_7' title="bbox 565 687 2132 762">
     <span class='ocr_line' id='line_1_7' title="bbox 565 687 2132 762; baseline 0.004 -24"><span class='ocrx_word' id='word_1_52' title='bbox 565 701 670 738; x_wconf 89' lang='lat' dir='ltr'><strong><em>non</em></strong></span> <span class='ocrx_word' id='word_1_53' title='bbox 691 687 902 749; x_wconf 88' lang='lat' dir='ltr'><strong><em>esuriet,</em></strong></span> <span class='ocrx_word' id='word_1_54' title='bbox 939 695 987 739; x_wconf 92' lang='lat' dir='ltr'><strong><em>et</em></strong></span> <span class='ocrx_word' id='word_1_55' title='bbox 1006 687 1095 756; x_wconf 91' lang='lat' dir='ltr'><strong><em>qui</em></strong></span> <span class='ocrx_word' id='word_1_56' title='bbox 1125 687 1287 740; x_wconf 86' lang='lat' dir='ltr'><strong><em>credit</em></strong></span> <span class='ocrx_word' id='word_1_57' title='bbox 1311 689 1364 740; x_wconf 88' lang='lat' dir='ltr'><strong><em>in</em></strong></span> <span class='ocrx_word' id='word_1_58' title='bbox 1390 705 1468 742; x_wconf 89' lang='lat' dir='ltr'><strong><em>me</em></strong></span> <span class='ocrx_word' id='word_1_59' title='bbox 1492 707 1592 743; x_wconf 87' lang='lat' dir='ltr'><strong><em>non</em></strong></span> <span class='ocrx_word' id='word_1_60' title='bbox 1620 690 1761 744; x_wconf 87' lang='lat' dir='ltr'><strong><em>sitiet</em></strong></span> <span class='ocrx_word' id='word_1_61' title='bbox 1791 708 2015 762; x_wconf 83' lang='lat' dir='ltr'><strong><em>unquam</em></strong></span> <span class='ocrx_word' id='word_1_62' title='bbox 2042 695 2087 724; x_wconf 72' lang='grc'><strong><em>’³</em></strong></span> <span class='ocrx_word' id='word_1_63' title='bbox 2118 712 2132 760; x_wconf 89' lang='grc'><strong>;</strong></span> 
     </span>
    </p>
   </div>
   <div class='ocr_carea' id='block_1_8' title="bbox 566 776 2183 852">
    <p class='ocr_par' dir='ltr' id='par_1_8' title="bbox 566 776 2183 852">
     <span class='ocr_line' id='line_1_8' title="bbox 566 776 2183 852; baseline 0.007 -24"><span class='ocrx_word' id='word_1_64' title='bbox 566 791 630 830; x_wconf 82' lang='lat' dir='ltr'><strong><em>uc</em></strong></span> <span class='ocrx_word' id='word_1_65' title='bbox 663 791 882 830; x_wconf 83' lang='lat' dir='ltr'><strong><em>rursum</em></strong></span> <span class='ocrx_word' id='word_1_66' title='bbox 921 795 934 830; x_wconf 91' lang='lat'><strong>:</strong></span> <span class='ocrx_word' id='word_1_67' title='bbox 970 776 1082 847; x_wconf 81' lang='lat' dir='ltr'><strong><em>Ego</em></strong></span> <span class='ocrx_word' id='word_1_68' title='bbox 1121 795 1237 832; x_wconf 90' lang='lat' dir='ltr'><strong><em>sum</em></strong></span> <span class='ocrx_word' id='word_1_69' title='bbox 1267 781 1418 848; x_wconf 87' lang='lat' dir='ltr'><strong><em>panis</em></strong></span> <span class='ocrx_word' id='word_1_70' title='bbox 1467 782 1608 836; x_wconf 82' lang='lat' dir='ltr'><strong><em>vivus</em></strong></span> <span class='ocrx_word' id='word_1_71' title='bbox 1640 784 1728 852; x_wconf 86' lang='lat' dir='ltr'><strong><em>qui</em></strong></span> <span class='ocrx_word' id='word_1_72' title='bbox 1775 781 1838 837; x_wconf 88' lang='lat' dir='ltr'><strong><em>de</em></strong></span> <span class='ocrx_word' id='word_1_73' title='bbox 1875 785 2002 838; x_wconf 83' lang='lat' dir='ltr'><strong><em>coelo</em></strong></span> <span class='ocrx_word' id='word_1_74' title='bbox 2049 783 2140 838; x_wconf 90' lang='lat' dir='ltr'><strong><em>de-</em></strong></span> <span class='ocrx_word' id='word_1_75' title='bbox 2178 816 2183 821; x_wconf 83' lang='lat'><strong><em>~</em></strong></span> 
     </span>
    </p>
   </div>
   <div class='ocr_carea' id='block_1_9' title="bbox 563 866 2137 944">
    <p class='ocr_par' dir='ltr' id='par_1_9' title="bbox 563 866 2137 944">
     <span class='ocr_line' id='line_1_9' title="bbox 563 866 2137 944; baseline 0.005 -22"><span class='ocrx_word' id='word_1_76' title='bbox 563 867 761 924; x_wconf 86' lang='lat' dir='ltr'><strong><em>scendi.</em></strong></span> <span class='ocrx_word' id='word_1_77' title='bbox 800 866 858 923; x_wconf 83' lang='lat' dir='ltr'><strong><em>St</em></strong></span> <span class='ocrx_word' id='word_1_78' title='bbox 888 871 1003 938; x_wconf 90' lang='lat' dir='ltr'><strong><em>quis</em></strong></span> <span class='ocrx_word' id='word_1_79' title='bbox 1050 871 1442 926; x_wconf 86' lang='lat' dir='ltr'><strong><em>manducaverit</em></strong></span> <span class='ocrx_word' id='word_1_80' title='bbox 1497 890 1563 928; x_wconf 68' lang='lat' dir='ltr'><strong><em>ex</em></strong></span> <span class='ocrx_word' id='word_1_81' title='bbox 1602 891 1735 944; x_wconf 90' lang='lat' dir='ltr'><strong><em>pane</em></strong></span> <span class='ocrx_word' id='word_1_82' title='bbox 1763 893 1895 940; x_wconf 89' lang='lat' dir='ltr'><strong><em>meo,</em></strong></span> <span class='ocrx_word' id='word_1_83' title='bbox 1927 877 2054 930; x_wconf 83' lang='lat' dir='ltr'><strong><em>vivet</em></strong></span> <span class='ocrx_word' id='word_1_84' title='bbox 2084 878 2137 930; x_wconf 89' lang='lat' dir='ltr'><strong><em>in</em></strong></span> 
     </span>
    </p>
   </div>
   <div class='ocr_carea' id='block_1_10' title="bbox 567 959 2137 1037">
    <p class='ocr_par' dir='ltr' id='par_1_10' title="bbox 567 959 2137 1037">
     <span class='ocr_line' id='line_1_10' title="bbox 567 959 2137 1037; baseline 0.006 -26"><span class='ocrx_word' id='word_1_85' title='bbox 567 967 816 1013; x_wconf 71' lang='lat' dir='ltr'><strong><em>aternum</em></strong></span> <span class='ocrx_word' id='word_1_86' title='bbox 839 962 903 1016; x_wconf 80' lang='grc'><strong><em>²⁶.</em></strong></span> <span class='ocrx_word' id='word_1_87' title='bbox 933 959 1116 1032; x_wconf 83' lang='lat' dir='ltr'><strong><em>Itaque</em></strong></span> <span class='ocrx_word' id='word_1_88' title='bbox 1133 966 1388 1035; x_wconf 68' lang='lat' dir='ltr'><strong><em>angelica:</em></strong></span> <span class='ocrx_word' id='word_1_89' title='bbox 1404 981 1622 1036; x_wconf 92' lang='lat' dir='ltr'><strong><em>quoque</em></strong></span> <span class='ocrx_word' id='word_1_90' title='bbox 1649 967 1879 1022; x_wconf 75' lang='lat' dir='ltr'><strong><em>virtutes</em></strong></span> <span class='ocrx_word' id='word_1_91' title='bbox 1912 983 1979 1022; x_wconf 83' lang='lat' dir='ltr'><strong><em>ex</em></strong></span> <span class='ocrx_word' id='word_1_92' title='bbox 2011 983 2137 1037; x_wconf 87' lang='lat' dir='ltr'><strong><em>par-</em></strong></span> 
     </span>
    </p>
   </div>
   <div class='ocr_carea' id='block_1_11' title="bbox 563 1055 2134 1125">
    <p class='ocr_par' dir='ltr' id='par_1_11' title="bbox 563 1055 2134 1125">
     <span class='ocr_line' id='line_1_11' title="bbox 563 1055 2134 1125; baseline 0.005 -17"><span class='ocrx_word' id='word_1_93' title='bbox 563 1055 876 1125; x_wconf 86' lang='lat' dir='ltr'><strong><em>ticipatione</em></strong></span> <span class='ocrx_word' id='word_1_94' title='bbox 915 1057 1073 1114; x_wconf 78' lang='lat' dir='ltr'><strong><em>Verbi</em></strong></span> <span class='ocrx_word' id='word_1_95' title='bbox 1104 1061 1212 1115; x_wconf 87' lang='lat' dir='ltr'><strong><em>vita</em></strong></span> <span class='ocrx_word' id='word_1_96' title='bbox 1265 1060 1522 1116; x_wconf 84' lang='lat' dir='ltr'><strong><em>fruuntur</em></strong></span> <span class='ocrx_word' id='word_1_97' title='bbox 1549 1070 1771 1117; x_wconf 65' lang='lat' dir='ltr'><strong><em>aeterna.</em></strong></span> <span class='ocrx_word' id='word_1_98' title='bbox 1799 1061 1930 1115; x_wconf 81' lang='lat' dir='ltr'><strong><em>Nam</em></strong></span> <span class='ocrx_word' id='word_1_99' title='bbox 1958 1064 2134 1117; x_wconf 89' lang='lat' dir='ltr'><strong><em>solum</em></strong></span> 
     </span>
    </p>
   </div>
   <div class='ocr_carea' id='block_1_12' title="bbox 562 1131 2134 1217">
    <p class='ocr_par' dir='ltr' id='par_1_12' title="bbox 562 1131 2134 1217">
     <span class='ocr_line' id='line_1_12' title="bbox 562 1131 2134 1217; baseline 0.006 -19"><span class='ocrx_word' id='word_1_100' title='bbox 562 1131 898 1217; x_wconf 75' lang='lat' dir='ltr'><strong><em>unigenitum</em></strong></span> <span class='ocrx_word' id='word_1_101' title='bbox 941 1149 1030 1204; x_wconf 85' lang='lat' dir='ltr'><strong><em>Dci</em></strong></span> <span class='ocrx_word' id='word_1_102' title='bbox 1067 1147 1328 1216; x_wconf 76' lang='lat' dir='ltr'><strong><em>Verbum,</em></strong></span> <span class='ocrx_word' id='word_1_103' title='bbox 1385 1153 1726 1209; x_wconf 81' lang='lat' dir='ltr'><strong><em>rationabilis</em></strong></span> <span class='ocrx_word' id='word_1_104' title='bbox 1772 1155 1952 1210; x_wconf 93' lang='lat' dir='ltr'><strong><em>omnis</em></strong></span> <span class='ocrx_word' id='word_1_105' title='bbox 2002 1156 2134 1209; x_wconf 87' lang='lat' dir='ltr'><strong><em>sub-</em></strong></span> 
     </span>
    </p>
   </div>
   <div class='ocr_carea' id='block_1_13' title="bbox 561 1239 2136 1316">
    <p class='ocr_par' dir='ltr' id='par_1_13' title="bbox 561 1239 2136 1316">
     <span class='ocr_line' id='line_1_13' title="bbox 561 1239 2136 1316; baseline 0.006 -26"><span class='ocrx_word' id='word_1_106' title='bbox 561 1239 778 1292; x_wconf 65' lang='lat' dir='ltr'><strong><em>stantias</em></strong></span> <span class='ocrx_word' id='word_1_107' title='bbox 821 1240 1137 1296; x_wconf 79' lang='lat' dir='ltr'><strong><em>alimentum</em></strong></span> <span class='ocrx_word' id='word_1_108' title='bbox 1189 1253 1296 1300; x_wconf 92' lang='lat' dir='ltr'><strong><em>est.</em></strong></span> <span class='ocrx_word' id='word_1_109' title='bbox 1337 1245 1698 1311; x_wconf 79' lang='lat' dir='ltr'><strong><em>Quamobrem</em></strong></span> <span class='ocrx_word' id='word_1_110' title='bbox 1743 1247 1990 1316; x_wconf 85' lang='lat' dir='ltr'><strong><em>apposite</em></strong></span> <span class='ocrx_word' id='word_1_111' title='bbox 2033 1245 2136 1300; x_wconf 86' lang='lat' dir='ltr'><strong><em>He—</em></strong></span> 
     </span>
    </p>
   </div>
   <div class='ocr_carea' id='block_1_14' title="bbox 563 1329 2135 1403">
    <p class='ocr_par' dir='ltr' id='par_1_14' title="bbox 563 1329 2135 1403">
     <span class='ocr_line' id='line_1_14' title="bbox 563 1329 2135 1403; baseline 0.004 -20"><span class='ocrx_word' id='word_1_112' title='bbox 563 1329 749 1384; x_wconf 83' lang='lat' dir='ltr'><strong><em>braica</em></strong></span> <span class='ocrx_word' id='word_1_113' title='bbox 781 1331 942 1386; x_wconf 86' lang='lat' dir='ltr'><strong><em>lectio</em></strong></span> <span class='ocrx_word' id='word_1_114' title='bbox 987 1332 1040 1386; x_wconf 93' lang='lat' dir='ltr'><strong><em>in</em></strong></span> <span class='ocrx_word' id='word_1_115' title='bbox 1076 1337 1325 1403; x_wconf 68' lang='lat' dir='ltr'><strong><em>praesenti</em></strong></span> <span class='ocrx_word' id='word_1_116' title='bbox 1357 1352 1463 1390; x_wconf 86' lang='lat' dir='ltr'><strong><em>non</em></strong></span> <span class='ocrx_word' id='word_1_117' title='bbox 1521 1336 1683 1392; x_wconf 83' lang='lat' dir='ltr'><strong><em>habet</em></strong></span> <span class='ocrx_word' id='word_1_118' title='bbox 1735 1330 1892 1402; x_wconf 87' lang='lat' dir='ltr'><strong><em>illud,</em></strong></span> <span class='ocrx_word' id='word_1_119' title='bbox 1940 1337 2135 1391; x_wconf 80' lang='lat' dir='ltr'><strong><em>Panem</em></strong></span> 
     </span>
    </p>
   </div>
   <div class='ocr_carea' id='block_1_15' title="bbox 562 1426 1440 1494">
    <p class='ocr_par' dir='ltr' id='par_1_15' title="bbox 562 1426 1440 1494">
     <span class='ocr_line' id='line_1_15' title="bbox 562 1426 1440 1494; baseline 0.002 -16"><span class='ocrx_word' id='word_1_120' title='bbox 562 1426 870 1494; x_wconf 80' lang='lat' dir='ltr'><strong><em>angelorum</em></strong></span> <span class='ocrx_word' id='word_1_121' title='bbox 899 1428 1234 1481; x_wconf 79' lang='lat' dir='ltr'><strong><em>manducavit</em></strong></span> <span class='ocrx_word' id='word_1_122' title='bbox 1267 1429 1440 1483; x_wconf 83' lang='lat' dir='ltr'><strong><em>homo.</em></strong></span> 
     </span>
    </p>
   </div>
   <div class='ocr_carea' id='block_1_16' title="bbox 2239 685 3748 764">
    <p class='ocr_par' dir='ltr' id='par_1_16' title="bbox 2239 685 3748 764">
     <span class='ocr_line' id='line_1_16' title="bbox 2239 685 3748 764; baseline -0.001 -18"><span class='ocrx_word' id='word_1_123' title='bbox 2239 689 2308 764; x_wconf 77' lang='grc' dir='ltr'><strong><em>ἦν</em></strong></span> <span class='ocrx_word' id='word_1_124' title='bbox 2338 692 2548 762; x_wconf 72' lang='grc' dir='ltr'><em>ἀληθῶς</em></span> <span class='ocrx_word' id='word_1_125' title='bbox 2575 693 2732 763; x_wconf 83' lang='grc' dir='ltr'><strong>ἄρτος</strong></span> <span class='ocrx_word' id='word_1_126' title='bbox 2761 691 3026 759; x_wconf 76' lang='grc' dir='ltr'><strong><em>ἀγγέλων,</em></strong></span> <span class='ocrx_word' id='word_1_127' title='bbox 3049 688 3136 742; x_wconf 77' lang='grc' dir='ltr'><strong><em>διὰ</em></strong></span> <span class='ocrx_word' id='word_1_128' title='bbox 3157 688 3309 742; x_wconf 77' lang='grc' dir='ltr'><em>τοῦτο</em></span> <span class='ocrx_word' id='word_1_129' title='bbox 3335 688 3599 742; x_wconf 77' lang='grc' dir='ltr'><em>ἀπέθανον.</em></span> <span class='ocrx_word' id='word_1_130' title='bbox 3618 685 3748 754; x_wconf 66' lang='grc' dir='ltr'><em>θῖιτος</em></span> 
     </span>
    </p>
   </div>
   <div class='ocr_carea' id='block_1_17' title="bbox 2239 771 3749 854">
    <p class='ocr_par' dir='ltr' id='par_1_17' title="bbox 2239 771 3749 854">
     <span class='ocr_line' id='line_1_17' title="bbox 2239 771 3749 854; baseline -0.004 -16"><span class='ocrx_word' id='word_1_131' title='bbox 2239 784 2295 838; x_wconf 82' lang='grc' dir='ltr'>δέ</span> <span class='ocrx_word' id='word_1_132' title='bbox 2331 787 2476 838; x_wconf 77' lang='grc' dir='ltr'><em>ἐστιν</em></span> <span class='ocrx_word' id='word_1_133' title='bbox 2508 782 2720 854; x_wconf 74' lang='grc' dir='ltr'><em>ἀληθῶς</em></span> <span class='ocrx_word' id='word_1_134' title='bbox 2736 781 2983 852; x_wconf 77' lang='grc' dir='ltr'><em>οὐράνιος</em></span> <span class='ocrx_word' id='word_1_135' title='bbox 3013 780 3197 850; x_wconf 78' lang='grc' dir='ltr'><em>ἄρτος,</em></span> <span class='ocrx_word' id='word_1_136' title='bbox 3227 771 3330 831; x_wconf 73' lang='grc' dir='ltr'><strong><em>οὔὸ</em></strong></span> <span class='ocrx_word' id='word_1_137' title='bbox 3358 777 3652 848; x_wconf 77' lang='grc' dir='ltr'><em>μεταλαϐὼν.</em></span> <span class='ocrx_word' id='word_1_138' title='bbox 3673 781 3749 832; x_wconf 74' lang='grc' dir='ltr'><strong><em>οὐκ</em></strong></span> 
     </span>
    </p>
   </div>
   <div class='ocr_carea' id='block_1_18' title="bbox 2242 865 3746 941">
    <p class='ocr_par' dir='ltr' id='par_1_18' title="bbox 2242 865 3746 941">
     <span class='ocr_line' id='line_1_18' title="bbox 2242 865 3746 941; baseline -0.003 -13"><span class='ocrx_word' id='word_1_139' title='bbox 2242 873 2305 928; x_wconf 82' lang='grc' dir='ltr'>ἂν</span> <span class='ocrx_word' id='word_1_140' title='bbox 2329 874 2585 928; x_wconf 78' lang='grc' dir='ltr'><strong><em>ἀποθάνοι</em></strong></span> <span class='ocrx_word' id='word_1_141' title='bbox 2629 873 2777 926; x_wconf 82' lang='grc' dir='ltr'><em>ποτέ.</em></span> <span class='ocrx_word' id='word_1_142' title='bbox 2817 872 2925 925; x_wconf 69' lang='grc' dir='ltr'><strong><em>Καὶ</em></strong></span> <span class='ocrx_word' id='word_1_143' title='bbox 2946 871 3029 935; x_wconf 81' lang='grc' dir='ltr'><strong><em>τίς</em></strong></span> <span class='ocrx_word' id='word_1_144' title='bbox 3063 866 3214 933; x_wconf 76' lang='grc' dir='ltr'>οὗτος</span> <span class='ocrx_word' id='word_1_145' title='bbox 3239 865 3305 941; x_wconf 77' lang='grc' dir='ltr'><strong><em>ἦν</em></strong></span> <span class='ocrx_word' id='word_1_146' title='bbox 3332 870 3558 923; x_wconf 78' lang='grc' dir='ltr'><strong><em>διδάσκει</em></strong></span> <span class='ocrx_word' id='word_1_147' title='bbox 3584 871 3746 939; x_wconf 71' lang='grc' dir='ltr'><em>λέγων’</em></span> 
     </span>
    </p>
   </div>
   <div class='ocr_carea' id='block_1_19' title="bbox 2255 963 3749 1039">
    <p class='ocr_par' dir='ltr' id='par_1_19' title="bbox 2255 963 3749 1039">
     <span class='ocr_line' id='line_1_19' title="bbox 2255 963 3749 1039; baseline -0.003 -17"><span class='ocrx_word' id='word_1_148' title='bbox 2255 970 2307 1022; x_wconf 87' lang='lat'><strong><em>&#39;0</em></strong></span> <span class='ocrx_word' id='word_1_149' title='bbox 2354 969 2464 1039; x_wconf 76' lang='grc' dir='ltr'><strong><em>γὰρ</em></strong></span> <span class='ocrx_word' id='word_1_150' title='bbox 2502 968 2677 1036; x_wconf 82' lang='grc' dir='ltr'><em>ἄρτος</em></span> <span class='ocrx_word' id='word_1_151' title='bbox 2708 966 2813 1020; x_wconf 89' lang='grc' dir='ltr'><strong><em>τοῦ</em></strong></span> <span class='ocrx_word' id='word_1_152' title='bbox 2863 965 3009 1020; x_wconf 86' lang='grc' dir='ltr'><strong><em>Θεοῦ</em></strong></span> <span class='ocrx_word' id='word_1_153' title='bbox 3072 965 3240 1018; x_wconf 81' lang='grc' dir='ltr'><em>ἐστιν</em></span> <span class='ocrx_word' id='word_1_154' title='bbox 3268 967 3300 1018; x_wconf 91' lang='grc' dir='ltr'><strong><em>ό</em></strong></span> <span class='ocrx_word' id='word_1_155' title='bbox 3333 963 3669 1017; x_wconf 82' lang='grc' dir='ltr'><em>καταϐαίνων</em></span> <span class='ocrx_word' id='word_1_156' title='bbox 3697 965 3749 1017; x_wconf 72' lang='grc' dir='ltr'><em>ἐκ</em></span> 
     </span>
    </p>
   </div>
   <div class='ocr_carea' id='block_1_20' title="bbox 2239 1054 3747 1127">
    <p class='ocr_par' dir='ltr' id='par_1_20' title="bbox 2239 1054 3747 1127">
     <span class='ocr_line' id='line_1_20' title="bbox 2239 1054 3747 1127; baseline -0.005 -13"><span class='ocrx_word' id='word_1_157' title='bbox 2239 1059 2344 1114; x_wconf 84' lang='grc' dir='ltr'><strong><em>τοῦ</em></strong></span> <span class='ocrx_word' id='word_1_158' title='bbox 2393 1057 2650 1127; x_wconf 84' lang='grc' dir='ltr'><em>ούρανοῦ</em></span> <span class='ocrx_word' id='word_1_159' title='bbox 2699 1057 2796 1110; x_wconf 77' lang='grc' dir='ltr'><em>καὶ</em></span> <span class='ocrx_word' id='word_1_160' title='bbox 2857 1055 3010 1125; x_wconf 79' lang='grc' dir='ltr'><em>ζωὴν</em></span> <span class='ocrx_word' id='word_1_161' title='bbox 3063 1055 3265 1121; x_wconf 83' lang='grc' dir='ltr'>διδοὺς</span> <span class='ocrx_word' id='word_1_162' title='bbox 3298 1054 3377 1121; x_wconf 81' lang='grc' dir='ltr'><em>τῷ</em></span> <span class='ocrx_word' id='word_1_163' title='bbox 3403 1056 3616 1124; x_wconf 75' lang='grc' dir='ltr'><em>κόσμῳο</em></span> <span class='ocrx_word' id='word_1_164' title='bbox 3641 1071 3747 1126; x_wconf 67' lang='grc' dir='ltr'><em>περι</em></span> 
     </span>
    </p>
   </div>
   <div class='ocr_carea' id='block_1_21' title="bbox 2251 1145 3747 1224">
    <p class='ocr_par' dir='ltr' id='par_1_21' title="bbox 2251 1145 3747 1224">
     <span class='ocr_line' id='line_1_21' title="bbox 2251 1145 3747 1224; baseline 0.001 -18"><span class='ocrx_word' id='word_1_165' title='bbox 2251 1151 2429 1224; x_wconf 66' lang='grc' dir='ltr'><em>ἔστησε</em></span> <span class='ocrx_word' id='word_1_166' title='bbox 2457 1169 2516 1204; x_wconf 88' lang='grc' dir='ltr'><em>τε</em></span> <span class='ocrx_word' id='word_1_167' title='bbox 2536 1150 2693 1205; x_wconf 73' lang='grc' dir='ltr'><em>αὑτὸν</em></span> <span class='ocrx_word' id='word_1_168' title='bbox 2712 1149 2882 1218; x_wconf 77' lang='grc' dir='ltr'><em>λέγων</em></span> <span class='ocrx_word' id='word_1_169' title='bbox 2897 1162 2912 1177; x_wconf 86' lang='grc'><em>’</em></span> <span class='ocrx_word' id='word_1_170' title='bbox 2931 1147 3074 1218; x_wconf 78' lang='grc' dir='ltr'><strong><em>Ἐγώ</em></strong></span> <span class='ocrx_word' id='word_1_171' title='bbox 3097 1150 3210 1218; x_wconf 70' lang='grc' dir='ltr'><em>εἰμι</em></span> <span class='ocrx_word' id='word_1_172' title='bbox 3235 1151 3266 1202; x_wconf 93' lang='grc' dir='ltr'><strong><em>ό</em></strong></span> <span class='ocrx_word' id='word_1_173' title='bbox 3285 1147 3458 1215; x_wconf 76' lang='grc' dir='ltr'><em>ἄρτος</em></span> <span class='ocrx_word' id='word_1_174' title='bbox 3484 1145 3580 1213; x_wconf 78' lang='grc' dir='ltr'><em>τῆς</em></span> <span class='ocrx_word' id='word_1_175' title='bbox 3609 1145 3747 1215; x_wconf 55' lang='lat' dir='ltr'><strong><em>Italic“</em></strong></span> 
     </span>
    </p>
   </div>
   <div class='ocr_carea' id='block_1_22' title="bbox 2241 1237 3751 1314">
    <p class='ocr_par' dir='ltr' id='par_1_22' title="bbox 2241 1237 3751 1314">
     <span class='ocr_line' id='line_1_22' title="bbox 2241 1237 3751 1314; baseline -0.004 -15"><span class='ocrx_word' id='word_1_176' title='bbox 2241 1248 2272 1299; x_wconf 89' lang='grc' dir='ltr'><strong><em>ό</em></strong></span> <span class='ocrx_word' id='word_1_177' title='bbox 2301 1245 2619 1314; x_wconf 64' lang='grc' dir='ltr'><em>ἐρχόμενος</em></span> <span class='ocrx_word' id='word_1_178' title='bbox 2654 1243 2800 1310; x_wconf 79' lang='grc' dir='ltr'><em>πρὸς</em></span> <span class='ocrx_word' id='word_1_179' title='bbox 2826 1240 2905 1312; x_wconf 85' lang='grc' dir='ltr'><em>μὲ</em></span> <span class='ocrx_word' id='word_1_180' title='bbox 2942 1244 3014 1294; x_wconf 86' lang='grc' dir='ltr'><em>οὺ</em></span> <span class='ocrx_word' id='word_1_181' title='bbox 3045 1240 3130 1310; x_wconf 85' lang='grc' dir='ltr'><em>μὴ</em></span> <span class='ocrx_word' id='word_1_182' title='bbox 3173 1237 3461 1301; x_wconf 85' lang='grc' dir='ltr'><em>πεινάσει,</em></span> <span class='ocrx_word' id='word_1_183' title='bbox 3500 1239 3585 1291; x_wconf 79' lang='grc' dir='ltr'><strong><em>καὶ</em></strong></span> <span class='ocrx_word' id='word_1_184' title='bbox 3624 1243 3650 1292; x_wconf 86' lang='grc' dir='ltr'><strong><em>ό</em></strong></span> <span class='ocrx_word' id='word_1_185' title='bbox 3689 1254 3751 1293; x_wconf 70' lang='grc' dir='ltr'><strong><em>περ</em></strong></span> 
     </span>
    </p>
   </div>
   <div class='ocr_carea' id='block_1_23' title="bbox 2238 1325 3752 1405">
    <p class='ocr_par' dir='ltr' id='par_1_23' title="bbox 2238 1325 3752 1405">
     <span class='ocr_line' id='line_1_23' title="bbox 2238 1325 3752 1405; baseline -0.005 -15"><span class='ocrx_word' id='word_1_186' title='bbox 2238 1338 2470 1390; x_wconf 81' lang='grc' dir='ltr'><strong><em>στεύων</em></strong></span> <span class='ocrx_word' id='word_1_187' title='bbox 2493 1338 2579 1401; x_wconf 82' lang='grc' dir='ltr'><em>εἰς</em></span> <span class='ocrx_word' id='word_1_188' title='bbox 2610 1335 2734 1405; x_wconf 84' lang='grc' dir='ltr'><em>ἐμὲ,</em></span> <span class='ocrx_word' id='word_1_189' title='bbox 2765 1336 2836 1388; x_wconf 89' lang='grc' dir='ltr'><em>οὐ</em></span> <span class='ocrx_word' id='word_1_190' title='bbox 2877 1333 2962 1403; x_wconf 82' lang='grc' dir='ltr'><em>μὴ</em></span> <span class='ocrx_word' id='word_1_191' title='bbox 2997 1333 3242 1402; x_wconf 70' lang='grc' dir='ltr'><em>διψήσει</em></span> <span class='ocrx_word' id='word_1_192' title='bbox 3297 1330 3550 1384; x_wconf 80' lang='grc' dir='ltr'><em>πώποτε·</em></span> <span class='ocrx_word' id='word_1_193' title='bbox 3584 1332 3662 1382; x_wconf 79' lang='grc' dir='ltr'><em>καὶ</em></span> <span class='ocrx_word' id='word_1_194' title='bbox 3683 1325 3752 1383; x_wconf 69' lang='grc' dir='ltr'><strong><em>αὖ·</em></strong></span> 
     </span>
    </p>
   </div>
   <div class='ocr_carea' id='block_1_24' title="bbox 2240 1421 3752 1497">
    <p class='ocr_par' dir='ltr' id='par_1_24' title="bbox 2240 1421 3752 1497">
     <span class='ocr_line' id='line_1_24' title="bbox 2240 1421 3752 1497; baseline -0.005 -15"><span class='ocrx_word' id='word_1_195' title='bbox 2240 1429 2323 1492; x_wconf 84' lang='grc' dir='ltr'><strong><em>Θις</em></strong></span> <span class='ocrx_word' id='word_1_196' title='bbox 2351 1446 2365 1458; x_wconf 74' lang='grc' dir='ltr'>ο</span> <span class='ocrx_word' id='word_1_197' title='bbox 2419 1427 2564 1497; x_wconf 73' lang='grc' dir='ltr'><strong><em>Ἐγώ</em></strong></span> <span class='ocrx_word' id='word_1_198' title='bbox 2587 1430 2700 1496; x_wconf 65' lang='grc' dir='ltr'><em>εἰμι</em></span> <span class='ocrx_word' id='word_1_199' title='bbox 2724 1429 2756 1480; x_wconf 92' lang='grc' dir='ltr'><strong><em>ό</em></strong></span> <span class='ocrx_word' id='word_1_200' title='bbox 2787 1425 2964 1494; x_wconf 81' lang='grc' dir='ltr'><strong><em>ἄρτος</em></strong></span> <span class='ocrx_word' id='word_1_201' title='bbox 3011 1428 3043 1479; x_wconf 92' lang='grc' dir='ltr'><strong><em>ό</em></strong></span> <span class='ocrx_word' id='word_1_202' title='bbox 3086 1422 3196 1486; x_wconf 80' lang='grc' dir='ltr'><strong><em>ζῶν</em></strong></span> <span class='ocrx_word' id='word_1_203' title='bbox 3225 1427 3257 1477; x_wconf 92' lang='grc' dir='ltr'><strong><em>ό</em></strong></span> <span class='ocrx_word' id='word_1_204' title='bbox 3290 1423 3358 1476; x_wconf 84' lang='grc' dir='ltr'><em>ἑκ</em></span> <span class='ocrx_word' id='word_1_205' title='bbox 3403 1422 3502 1476; x_wconf 92' lang='grc' dir='ltr'><strong><em>τοῦ</em></strong></span> <span class='ocrx_word' id='word_1_206' title='bbox 3546 1421 3752 1489; x_wconf 83' lang='grc' dir='ltr'><em>οὐρανοῦ</em></span> 
     </span>
    </p>
   </div>
   <div class='ocr_carea' id='block_1_25' title="bbox 560 1518 3754 1594">
    <p class='ocr_par' dir='ltr' id='par_1_25' title="bbox 560 1518 3754 1594">
     <span class='ocr_line' id='line_1_25' title="bbox 560 1518 3754 1594; baseline -0.002 -20"><span class='ocrx_word' id='word_1_207' title='bbox 560 1521 837 1588; x_wconf 82' lang='grc' dir='ltr'><em>καταϐάς.</em></span> <span class='ocrx_word' id='word_1_208' title='bbox 879 1523 1018 1577; x_wconf 86' lang='grc' dir='ltr'><em>Ἐάν</em></span> <span class='ocrx_word' id='word_1_209' title='bbox 1065 1542 1152 1590; x_wconf 84' lang='grc' dir='ltr'><strong><em>τις</em></strong></span> <span class='ocrx_word' id='word_1_210' title='bbox 1183 1524 1340 1594; x_wconf 70' lang='grc' dir='ltr'><em>φάγῃ</em></span> <span class='ocrx_word' id='word_1_211' title='bbox 1382 1525 1450 1578; x_wconf 82' lang='grc' dir='ltr'><em>ἐκ</em></span> <span class='ocrx_word' id='word_1_212' title='bbox 1484 1524 1589 1578; x_wconf 90' lang='grc' dir='ltr'><strong><em>τοῦ</em></strong></span> <span class='ocrx_word' id='word_1_213' title='bbox 1623 1525 1768 1594; x_wconf 82' lang='grc' dir='ltr'><strong><em>ἐμοῦ</em></strong></span> <span class='ocrx_word' id='word_1_214' title='bbox 1791 1526 1970 1594; x_wconf 82' lang='grc' dir='ltr'><em>ἄρτου</em></span> <span class='ocrx_word' id='word_1_215' title='bbox 1990 1565 2004 1591; x_wconf 96' lang='grc'><strong><em>,</em></strong></span> <span class='ocrx_word' id='word_1_216' title='bbox 2036 1525 2271 1592; x_wconf 68' lang='grc' dir='ltr'><em>ζήσεται</em></span> <span class='ocrx_word' id='word_1_217' title='bbox 2297 1527 2384 1592; x_wconf 84' lang='grc' dir='ltr'><strong><em>είς</em></strong></span> <span class='ocrx_word' id='word_1_218' title='bbox 2412 1525 2518 1578; x_wconf 68' lang='grc' dir='ltr'><em>τὸν</em></span> <span class='ocrx_word' id='word_1_219' title='bbox 2541 1522 2744 1576; x_wconf 69' lang='grc' dir='ltr'><em>αἰῶνα.</em></span> <span class='ocrx_word' id='word_1_220' title='bbox 2767 1521 2974 1576; x_wconf 82' lang='grc' dir='ltr'><em>Οὐκοῦν</em></span> <span class='ocrx_word' id='word_1_221' title='bbox 2999 1522 3092 1575; x_wconf 73' lang='grc' dir='ltr'><em>καὶ</em></span> <span class='ocrx_word' id='word_1_222' title='bbox 3116 1523 3171 1574; x_wconf 75' lang='grc' dir='ltr'><em>αἱ</em></span> <span class='ocrx_word' id='word_1_223' title='bbox 3225 1519 3506 1590; x_wconf 80' lang='grc' dir='ltr'>ἀγγελικαὶ</span> <span class='ocrx_word' id='word_1_224' title='bbox 3551 1518 3754 1588; x_wconf 72' lang='grc' dir='ltr'><em>δυνάμεις</em></span> 
     </span>
    </p>
   </div>
   <div class='ocr_carea' id='block_1_26' title="bbox 559 1615 3753 1693">
    <p class='ocr_par' dir='ltr' id='par_1_26' title="bbox 559 1615 3753 1693">
     <span class='ocr_line' id='line_1_26' title="bbox 559 1615 3753 1693; baseline -0 -25"><span class='ocrx_word' id='word_1_225' title='bbox 559 1617 623 1668; x_wconf 78' lang='grc' dir='ltr'><em>ὲκ</em></span> <span class='ocrx_word' id='word_1_226' title='bbox 638 1617 733 1687; x_wconf 81' lang='grc' dir='ltr'><em>τῆς</em></span> <span class='ocrx_word' id='word_1_227' title='bbox 761 1617 852 1670; x_wconf 79' lang='grc' dir='ltr'><strong><em>τοῦ</em></strong></span> <span class='ocrx_word' id='word_1_228' title='bbox 887 1619 1058 1688; x_wconf 85' lang='grc' dir='ltr'>Λόγου</span> <span class='ocrx_word' id='word_1_229' title='bbox 1089 1619 1439 1692; x_wconf 65' lang='grc' dir='ltr'><em>μεταλήψεως</em></span> <span class='ocrx_word' id='word_1_230' title='bbox 1495 1619 1707 1675; x_wconf 78' lang='grc' dir='ltr'><strong><em>αἰώνιον</em></strong></span> <span class='ocrx_word' id='word_1_231' title='bbox 1771 1621 1913 1692; x_wconf 74' lang='grc' dir='ltr'><em>ζωὴν</em></span> <span class='ocrx_word' id='word_1_232' title='bbox 1971 1621 2324 1693; x_wconf 72' lang='grc' dir='ltr'><em>καρποῦνται.</em></span> <span class='ocrx_word' id='word_1_233' title='bbox 2375 1620 2547 1683; x_wconf 81' lang='grc' dir='ltr'>Μόνος</span> <span class='ocrx_word' id='word_1_234' title='bbox 2576 1620 2684 1690; x_wconf 82' lang='grc' dir='ltr'><strong><em>γὰρ</em></strong></span> <span class='ocrx_word' id='word_1_235' title='bbox 2715 1619 2744 1671; x_wconf 88' lang='grc' dir='ltr'>ὁ</span> <span class='ocrx_word' id='word_1_236' title='bbox 2771 1618 3061 1690; x_wconf 80' lang='grc' dir='ltr'><em>μονογενὴς</em></span> <span class='ocrx_word' id='word_1_237' title='bbox 3104 1617 3198 1670; x_wconf 77' lang='grc' dir='ltr'><strong><em>τοῦ</em></strong></span> <span class='ocrx_word' id='word_1_238' title='bbox 3227 1616 3364 1670; x_wconf 80' lang='grc' dir='ltr'><em>Θεοῦ</em></span> <span class='ocrx_word' id='word_1_239' title='bbox 3422 1617 3578 1684; x_wconf 80' lang='grc' dir='ltr'>Λόγος</span> <span class='ocrx_word' id='word_1_240' title='bbox 3617 1615 3753 1683; x_wconf 73' lang='grc' dir='ltr'><em>πάσης</em></span> 
     </span>
    </p>
   </div>
   <div class='ocr_carea' id='block_1_27' title="bbox 557 1707 3752 1788">
    <p class='ocr_par' dir='ltr' id='par_1_27' title="bbox 557 1707 3752 1788">
     <span class='ocr_line' id='line_1_27' title="bbox 557 1707 3752 1788; baseline -0.005 -12"><span class='ocrx_word' id='word_1_241' title='bbox 557 1710 777 1783; x_wconf 75' lang='grc' dir='ltr'><strong><em>λογικῆς</em></strong></span> <span class='ocrx_word' id='word_1_242' title='bbox 823 1713 1008 1778; x_wconf 71' lang='grc' dir='ltr'><em>οὐσίας</em></span> <span class='ocrx_word' id='word_1_243' title='bbox 1059 1715 1344 1787; x_wconf 78' lang='grc' dir='ltr'><strong><em>θρεπτικὸς</em></strong></span> <span class='ocrx_word' id='word_1_244' title='bbox 1394 1716 1667 1786; x_wconf 77' lang='grc' dir='ltr'><strong><em>τυγχάνει.</em></strong></span> <span class='ocrx_word' id='word_1_245' title='bbox 1726 1717 1923 1786; x_wconf 82' lang='grc' dir='ltr'><strong><em>Διόπερ</em></strong></span> <span class='ocrx_word' id='word_1_246' title='bbox 1980 1717 2222 1788; x_wconf 76' lang='grc' dir='ltr'><em>ἀκριϐῶς</em></span> <span class='ocrx_word' id='word_1_247' title='bbox 2285 1717 2318 1788; x_wconf 80' lang='grc' dir='ltr'>ἡ</span> <span class='ocrx_word' id='word_1_248' title='bbox 2387 1713 2646 1786; x_wconf 78' lang='grc' dir='ltr'><em>Ἐδραῖκὴ</em></span> <span class='ocrx_word' id='word_1_249' title='bbox 2701 1713 3006 1781; x_wconf 79' lang='grc' dir='ltr'><strong><em>ἀνάγνωσις</em></strong></span> <span class='ocrx_word' id='word_1_250' title='bbox 3075 1713 3135 1765; x_wconf 79' lang='grc' dir='ltr'>ἐν</span> <span class='ocrx_word' id='word_1_251' title='bbox 3173 1715 3285 1775; x_wconf 88' lang='grc' dir='ltr'><em>τοῖς</em></span> <span class='ocrx_word' id='word_1_252' title='bbox 3342 1707 3681 1782; x_wconf 73' lang='grc' dir='ltr'><strong><em>προκειμένοις</em></strong></span> <span class='ocrx_word' id='word_1_253' title='bbox 3708 1707 3752 1759; x_wconf 68' lang='grc' dir='ltr'><strong><em>οὗ</em></strong></span> 
     </span>
    </p>
   </div>
   <div class='ocr_carea' id='block_1_28' title="bbox 560 1805 2027 1880">
    <p class='ocr_par' dir='ltr' id='par_1_28' title="bbox 560 1805 2027 1880">
     <span class='ocr_line' id='line_1_28' title="bbox 560 1805 2027 1880; baseline 0.003 -22"><span class='ocrx_word' id='word_1_254' title='bbox 560 1805 797 1878; x_wconf 77' lang='grc' dir='ltr'>περιέχει</span> <span class='ocrx_word' id='word_1_255' title='bbox 814 1806 893 1870; x_wconf 85' lang='grc' dir='ltr'><em>τὸ,</em></span> <span class='ocrx_word' id='word_1_256' title='bbox 932 1809 1138 1876; x_wconf 81' lang='grc' dir='ltr'><em>Ἄρτον</em></span> <span class='ocrx_word' id='word_1_257' title='bbox 1165 1808 1435 1878; x_wconf 79' lang='grc' dir='ltr'><em>ἀγγέλων</em></span> <span class='ocrx_word' id='word_1_258' title='bbox 1462 1810 1682 1880; x_wconf 63' lang='grc' dir='ltr'><em>ἔφαγεν</em></span> <span class='ocrx_word' id='word_1_259' title='bbox 1700 1809 2027 1877; x_wconf 83' lang='grc' dir='ltr'><em>ἄνθρωπος.</em></span> 
     </span>
    </p>
   </div>
   <div class='ocr_carea' id='block_1_29' title="bbox 631 1923 2213 1989">
    <p class='ocr_par' dir='ltr' id='par_1_29' title="bbox 631 1923 2213 1989">
     <span class='ocr_line' id='line_1_29' title="bbox 631 1923 2213 1989; baseline 0.004 -13"><span class='ocrx_word' id='word_1_260' title='bbox 631 1923 797 1980; x_wconf 67' lang='lat' dir='ltr'><strong><em>Vens.</em></strong></span> <span class='ocrx_word' id='word_1_261' title='bbox 846 1924 1035 1980; x_wconf 56' lang='grc' dir='ltr'><em>εδει.</em></span> <span class='ocrx_word' id='word_1_262' title='bbox 1078 1926 1295 1980; x_wconf 82' lang='lat' dir='ltr'><strong><em>Cibaria</em></strong></span> <span class='ocrx_word' id='word_1_263' title='bbox 1349 1928 1494 1981; x_wconf 90' lang='lat' dir='ltr'><strong><em>misit</em></strong></span> <span class='ocrx_word' id='word_1_264' title='bbox 1542 1928 1616 1982; x_wconf 87' lang='lat' dir='ltr'><strong><em>eis</em></strong></span> <span class='ocrx_word' id='word_1_265' title='bbox 1671 1927 1739 1980; x_wconf 89' lang='lat' dir='ltr'><strong><em>ad</em></strong></span> <span class='ocrx_word' id='word_1_266' title='bbox 1782 1929 2139 1982; x_wconf 78' lang='lat' dir='ltr'><strong><em>saturitatem.</em></strong></span> <span class='ocrx_word' id='word_1_267' title='bbox 2177 1937 2213 1989; x_wconf 79' lang='grc' dir='ltr'><strong>Β</strong></span> 
     </span>
    </p>
   </div>
   <div class='ocr_carea' id='block_1_30' title="bbox 562 2019 2140 2085">
    <p class='ocr_par' dir='ltr' id='par_1_30' title="bbox 562 2019 2140 2085">
     <span class='ocr_line' id='line_1_30' title="bbox 562 2019 2140 2085; baseline 0.002 -12"><span class='ocrx_word' id='word_1_268' title='bbox 562 2019 858 2075; x_wconf 78' lang='lat' dir='ltr'><strong><em>Transtulit</em></strong></span> <span class='ocrx_word' id='word_1_269' title='bbox 885 2019 1136 2076; x_wconf 82' lang='lat' dir='ltr'><strong><em>Austrum</em></strong></span> <span class='ocrx_word' id='word_1_270' title='bbox 1159 2021 1222 2077; x_wconf 90' lang='lat' dir='ltr'><strong><em>de</em></strong></span> <span class='ocrx_word' id='word_1_271' title='bbox 1253 2023 1401 2085; x_wconf 74' lang='lat' dir='ltr'><strong><em>caelo,</em></strong></span> <span class='ocrx_word' id='word_1_272' title='bbox 1426 2033 1475 2076; x_wconf 91' lang='lat' dir='ltr'><strong><em>et</em></strong></span> <span class='ocrx_word' id='word_1_273' title='bbox 1499 2023 1708 2077; x_wconf 75' lang='lat' dir='ltr'><strong><em>induxit</em></strong></span> <span class='ocrx_word' id='word_1_274' title='bbox 1746 2025 1801 2076; x_wconf 87' lang='lat' dir='ltr'><strong><em>in</em></strong></span> <span class='ocrx_word' id='word_1_275' title='bbox 1829 2023 2019 2077; x_wconf 87' lang='lat' dir='ltr'><strong><em>virtute</em></strong></span> <span class='ocrx_word' id='word_1_276' title='bbox 2041 2039 2140 2076; x_wconf 90' lang='lat' dir='ltr'><strong><em>sua</em></strong></span> 
     </span>
    </p>
   </div>
   <div class='ocr_carea' id='block_1_31' title="bbox 559 2111 2137 2184">
    <p class='ocr_par' dir='ltr' id='par_1_31' title="bbox 559 2111 2137 2184">
     <span class='ocr_line' id='line_1_31' title="bbox 559 2111 2137 2184; baseline 0.003 -21"><span class='ocrx_word' id='word_1_277' title='bbox 559 2113 822 2179; x_wconf 68' lang='lat' dir='ltr'><strong><em>Africum.</em></strong></span> <span class='ocrx_word' id='word_1_278' title='bbox 864 2111 931 2166; x_wconf 87' lang='lat' dir='ltr'><strong><em>Et</em></strong></span> <span class='ocrx_word' id='word_1_279' title='bbox 957 2115 1087 2182; x_wconf 89' lang='lat' dir='ltr'><strong><em>pluit</em></strong></span> <span class='ocrx_word' id='word_1_280' title='bbox 1133 2131 1288 2184; x_wconf 82' lang='lat' dir='ltr'><strong><em>super</em></strong></span> <span class='ocrx_word' id='word_1_281' title='bbox 1328 2131 1416 2170; x_wconf 90' lang='lat' dir='ltr'><strong><em>eos</em></strong></span> <span class='ocrx_word' id='word_1_282' title='bbox 1464 2116 1602 2169; x_wconf 81' lang='lat' dir='ltr'><strong><em>sicut</em></strong></span> <span class='ocrx_word' id='word_1_283' title='bbox 1637 2115 1897 2184; x_wconf 78' lang='lat' dir='ltr'><strong><em>pulverem</em></strong></span> <span class='ocrx_word' id='word_1_284' title='bbox 1930 2131 2137 2178; x_wconf 81' lang='lat' dir='ltr'><strong><em>carnes,</em></strong></span> 
     </span>
    </p>
   </div>
   <div class='ocr_carea' id='block_1_32' title="bbox 559 2205 2140 2276">
    <p class='ocr_par' dir='ltr' id='par_1_32' title="bbox 559 2205 2140 2276">
     <span class='ocr_line' id='line_1_32' title="bbox 559 2205 2140 2276; baseline 0.004 -20"><span class='ocrx_word' id='word_1_285' title='bbox 559 2215 609 2256; x_wconf 88' lang='lat' dir='ltr'><strong><em>et</em></strong></span> <span class='ocrx_word' id='word_1_286' title='bbox 641 2205 772 2256; x_wconf 85' lang='lat' dir='ltr'><strong><em>sicut</em></strong></span> <span class='ocrx_word' id='word_1_287' title='bbox 803 2221 1021 2258; x_wconf 87' lang='lat' dir='ltr'><strong><em>arenam</em></strong></span> <span class='ocrx_word' id='word_1_288' title='bbox 1047 2207 1276 2260; x_wconf 89' lang='lat' dir='ltr'><strong><em>marium</em></strong></span> <span class='ocrx_word' id='word_1_289' title='bbox 1295 2207 1538 2262; x_wconf 83' lang='lat' dir='ltr'><strong><em>volatilia</em></strong></span> <span class='ocrx_word' id='word_1_290' title='bbox 1564 2217 1794 2276; x_wconf 87' lang='lat' dir='ltr'><strong><em>pennata</em></strong></span> <span class='ocrx_word' id='word_1_291' title='bbox 1820 2223 1838 2260; x_wconf 91' lang='lat'><strong><em>:</em></strong></span> <span class='ocrx_word' id='word_1_292' title='bbox 1862 2218 1911 2262; x_wconf 92' lang='lat' dir='ltr'><strong><em>et</em></strong></span> <span class='ocrx_word' id='word_1_293' title='bbox 1939 2209 2140 2262; x_wconf 84' lang='lat' dir='ltr'><strong><em>cecide-</em></strong></span> 
     </span>
    </p>
   </div>
   <div class='ocr_carea' id='block_1_33' title="bbox 559 2296 2139 2357">
    <p class='ocr_par' dir='ltr' id='par_1_33' title="bbox 559 2296 2139 2357">
     <span class='ocr_line' id='line_1_33' title="bbox 559 2296 2139 2357; baseline 0.003 -11"><span class='ocrx_word' id='word_1_294' title='bbox 559 2305 680 2348; x_wconf 86' lang='lat' dir='ltr'><strong><em>runt</em></strong></span> <span class='ocrx_word' id='word_1_295' title='bbox 718 2296 770 2348; x_wconf 90' lang='lat' dir='ltr'><strong><em>in</em></strong></span> <span class='ocrx_word' id='word_1_296' title='bbox 822 2296 992 2350; x_wconf 87' lang='lat' dir='ltr'><strong><em>medio</em></strong></span> <span class='ocrx_word' id='word_1_297' title='bbox 1025 2307 1323 2350; x_wconf 87' lang='lat' dir='ltr'><strong><em>castrorum</em></strong></span> <span class='ocrx_word' id='word_1_298' title='bbox 1373 2313 1575 2357; x_wconf 86' lang='lat' dir='ltr'><strong><em>eorum,</em></strong></span> <span class='ocrx_word' id='word_1_299' title='bbox 1618 2299 1760 2350; x_wconf 88' lang='lat' dir='ltr'><strong><em>circa</em></strong></span> <span class='ocrx_word' id='word_1_300' title='bbox 1796 2297 2139 2350; x_wconf 84' lang='lat' dir='ltr'><strong><em>tabernacula</em></strong></span> 
     </span>
    </p>
   </div>
   <div class='ocr_carea' id='block_1_34' title="bbox 556 2385 2138 2449">
    <p class='ocr_par' dir='ltr' id='par_1_34' title="bbox 556 2385 2138 2449">
     <span class='ocr_line' id='line_1_34' title="bbox 556 2385 2138 2449; baseline 0.003 -12"><span class='ocrx_word' id='word_1_301' title='bbox 556 2401 756 2437; x_wconf 86' lang='lat' dir='ltr'><strong><em>eorum.</em></strong></span> <span class='ocrx_word' id='word_1_302' title='bbox 797 2385 862 2438; x_wconf 84' lang='lat' dir='ltr'><strong><em>Et</em></strong></span> <span class='ocrx_word' id='word_1_303' title='bbox 901 2385 1346 2440; x_wconf 78' lang='lat' dir='ltr'><strong><em>manducaverunt</em></strong></span> <span class='ocrx_word' id='word_1_304' title='bbox 1379 2398 1427 2441; x_wconf 93' lang='lat' dir='ltr'><strong><em>et</em></strong></span> <span class='ocrx_word' id='word_1_305' title='bbox 1454 2389 1686 2442; x_wconf 87' lang='lat' dir='ltr'><strong><em>saturati</em></strong></span> <span class='ocrx_word' id='word_1_306' title='bbox 1725 2399 1845 2442; x_wconf 89' lang='lat' dir='ltr'><strong><em>sunt</em></strong></span> <span class='ocrx_word' id='word_1_307' title='bbox 1887 2387 2063 2449; x_wconf 89' lang='lat' dir='ltr'><strong><em>nimis,</em></strong></span> <span class='ocrx_word' id='word_1_308' title='bbox 2088 2396 2138 2441; x_wconf 91' lang='lat' dir='ltr'><strong><em>et</em></strong></span> 
     </span>
    </p>
   </div>
   <div class='ocr_carea' id='block_1_35' title="bbox 557 2477 2138 2552">
    <p class='ocr_par' dir='ltr' id='par_1_35' title="bbox 557 2477 2138 2552">
     <span class='ocr_line' id='line_1_35' title="bbox 557 2477 2138 2552; baseline 0.006 -24"><span class='ocrx_word' id='word_1_309' title='bbox 557 2477 876 2531; x_wconf 81' lang='lat' dir='ltr'><strong><em>desiderium</em></strong></span> <span class='ocrx_word' id='word_1_310' title='bbox 921 2496 1100 2550; x_wconf 72' lang='lat' dir='ltr'><strong><em>eorum</em></strong></span> <span class='ocrx_word' id='word_1_311' title='bbox 1137 2483 1317 2535; x_wconf 84' lang='lat' dir='ltr'><strong><em>attulit</em></strong></span> <span class='ocrx_word' id='word_1_312' title='bbox 1361 2484 1437 2537; x_wconf 90' lang='lat' dir='ltr'><strong><em>eis</em></strong></span> <span class='ocrx_word' id='word_1_313' title='bbox 1461 2522 1476 2545; x_wconf 93' lang='lat'><strong><em>,</em></strong></span> <span class='ocrx_word' id='word_1_314' title='bbox 1529 2499 1630 2536; x_wconf 88' lang='lat' dir='ltr'><strong><em>non</em></strong></span> <span class='ocrx_word' id='word_1_315' title='bbox 1670 2493 1792 2536; x_wconf 90' lang='lat' dir='ltr'><strong><em>sunt</em></strong></span> <span class='ocrx_word' id='word_1_316' title='bbox 1831 2483 2074 2552; x_wconf 79' lang='lat' dir='ltr'><strong><em>fraudati</em></strong></span> <span class='ocrx_word' id='word_1_317' title='bbox 2105 2497 2138 2538; x_wconf 74' lang='grc' dir='ltr'><strong><em>ι</em></strong></span> 
     </span>
    </p>
   </div>
   <div class='ocr_carea' id='block_1_36' title="bbox 558 2567 2135 2643">
    <p class='ocr_par' dir='ltr' id='par_1_36' title="bbox 558 2567 2135 2643">
     <span class='ocr_line' id='line_1_36' title="bbox 558 2567 2135 2643; baseline 0.003 -20"><span class='ocrx_word' id='word_1_318' title='bbox 558 2568 814 2624; x_wconf 64' lang='lat' dir='ltr'><strong><em>desiderio</em></strong></span> <span class='ocrx_word' id='word_1_319' title='bbox 849 2588 964 2625; x_wconf 86' lang='lat' dir='ltr'><strong><em>suo.</em></strong></span> <span class='ocrx_word' id='word_1_320' title='bbox 983 2572 1164 2626; x_wconf 81' lang='lat' dir='ltr'><strong><em>Adhuc</em></strong></span> <span class='ocrx_word' id='word_1_321' title='bbox 1185 2590 1303 2627; x_wconf 86' lang='lat' dir='ltr'><strong><em>esca</em></strong></span> <span class='ocrx_word' id='word_1_322' title='bbox 1339 2591 1517 2628; x_wconf 89' lang='lat' dir='ltr'><strong><em>eorum</em></strong></span> <span class='ocrx_word' id='word_1_323' title='bbox 1545 2584 1657 2628; x_wconf 84' lang='lat' dir='ltr'><strong><em>erat</em></strong></span> <span class='ocrx_word' id='word_1_324' title='bbox 1679 2576 1732 2628; x_wconf 90' lang='lat' dir='ltr'><strong><em>in</em></strong></span> <span class='ocrx_word' id='word_1_325' title='bbox 1754 2567 1843 2629; x_wconf 80' lang='lat' dir='ltr'><strong><em>ore</em></strong></span> <span class='ocrx_word' id='word_1_326' title='bbox 1879 2577 2135 2643; x_wconf 89' lang='lat' dir='ltr'><strong><em>ipsorum,</em></strong></span> 
     </span>
    </p>
   </div>
   <div class='ocr_carea' id='block_1_37' title="bbox 560 2661 2138 2734">
    <p class='ocr_par' dir='ltr' id='par_1_37' title="bbox 560 2661 2138 2734">
     <span class='ocr_line' id='line_1_37' title="bbox 560 2661 2138 2734; baseline 0.004 -21"><span class='ocrx_word' id='word_1_327' title='bbox 560 2672 609 2714; x_wconf 87' lang='lat' dir='ltr'><strong><em>et</em></strong></span> <span class='ocrx_word' id='word_1_328' title='bbox 648 2661 728 2714; x_wconf 88' lang='lat' dir='ltr'><strong><em>ira</em></strong></span> <span class='ocrx_word' id='word_1_329' title='bbox 765 2661 859 2715; x_wconf 89' lang='lat' dir='ltr'><strong><em>Dei</em></strong></span> <span class='ocrx_word' id='word_1_330' title='bbox 904 2663 1137 2716; x_wconf 81' lang='lat' dir='ltr'><strong><em>ascendit</em></strong></span> <span class='ocrx_word' id='word_1_331' title='bbox 1169 2679 1324 2732; x_wconf 83' lang='lat' dir='ltr'><strong><em>super</em></strong></span> <span class='ocrx_word' id='word_1_332' title='bbox 1351 2679 1476 2718; x_wconf 87' lang='lat' dir='ltr'><strong><em>eos:</em></strong></span> <span class='ocrx_word' id='word_1_333' title='bbox 1519 2675 1566 2719; x_wconf 92' lang='lat' dir='ltr'><strong><em>et</em></strong></span> <span class='ocrx_word' id='word_1_334' title='bbox 1601 2664 1792 2719; x_wconf 88' lang='lat' dir='ltr'><strong><em>occidit</em></strong></span> <span class='ocrx_word' id='word_1_335' title='bbox 1833 2664 2009 2734; x_wconf 85' lang='lat' dir='ltr'><strong><em>plures</em></strong></span> <span class='ocrx_word' id='word_1_336' title='bbox 2050 2681 2138 2719; x_wconf 88' lang='lat' dir='ltr'><strong><em>eo-</em></strong></span> 
     </span>
    </p>
   </div>
   <div class='ocr_carea' id='block_1_38' title="bbox 562 2753 2138 2825">
    <p class='ocr_par' dir='ltr' id='par_1_38' title="bbox 562 2753 2138 2825">
     <span class='ocr_line' id='line_1_38' title="bbox 562 2753 2138 2825; baseline 0.003 -21"><span class='ocrx_word' id='word_1_337' title='bbox 562 2769 699 2815; x_wconf 79' lang='lat' dir='ltr'><strong><em>rum,</em></strong></span> <span class='ocrx_word' id='word_1_338' title='bbox 737 2763 784 2804; x_wconf 90' lang='lat' dir='ltr'><strong><em>et</em></strong></span> <span class='ocrx_word' id='word_1_339' title='bbox 832 2753 1020 2807; x_wconf 86' lang='lat' dir='ltr'><strong><em>electos</em></strong></span> <span class='ocrx_word' id='word_1_340' title='bbox 1069 2753 1241 2808; x_wconf 88' lang='lat' dir='ltr'><strong><em>Israel</em></strong></span> <span class='ocrx_word' id='word_1_341' title='bbox 1291 2755 1576 2825; x_wconf 84' lang='lat' dir='ltr'><strong><em>impedivit.</em></strong></span> <span class='ocrx_word' id='word_1_342' title='bbox 1609 2753 1765 2822; x_wconf 85' lang='lat' dir='ltr'><strong><em>Quod</em></strong></span> <span class='ocrx_word' id='word_1_343' title='bbox 1816 2770 1924 2809; x_wconf 88' lang='lat' dir='ltr'><strong><em>non</em></strong></span> <span class='ocrx_word' id='word_1_344' title='bbox 1976 2754 2138 2809; x_wconf 86' lang='lat' dir='ltr'><strong><em>modo</em></strong></span> 
     </span>
    </p>
   </div>
   <div class='ocr_carea' id='block_1_39' title="bbox 559 2846 2140 2920">
    <p class='ocr_par' dir='ltr' id='par_1_39' title="bbox 559 2846 2140 2920">
     <span class='ocr_line' id='line_1_39' title="bbox 559 2846 2140 2920; baseline 0.002 -23"><span class='ocrx_word' id='word_1_345' title='bbox 559 2863 776 2918; x_wconf 77' lang='lat' dir='ltr'><strong><em>panem,</em></strong></span> <span class='ocrx_word' id='word_1_346' title='bbox 813 2848 908 2902; x_wconf 91' lang='lat' dir='ltr'><strong><em>sed</em></strong></span> <span class='ocrx_word' id='word_1_347' title='bbox 937 2847 1100 2902; x_wconf 83' lang='lat' dir='ltr'><strong><em>etiam</em></strong></span> <span class='ocrx_word' id='word_1_348' title='bbox 1130 2849 1418 2917; x_wconf 89' lang='lat' dir='ltr'><strong><em>opsonium</em></strong></span> <span class='ocrx_word' id='word_1_349' title='bbox 1450 2847 1829 2920; x_wconf 78' lang='lat' dir='ltr'><strong><em>procuraverit</em></strong></span> <span class='ocrx_word' id='word_1_350' title='bbox 1859 2848 1942 2902; x_wconf 90' lang='lat' dir='ltr'><strong><em>eis</em></strong></span> <span class='ocrx_word' id='word_1_351' title='bbox 1979 2846 2140 2902; x_wconf 87' lang='lat' dir='ltr'><strong><em>docet</em></strong></span> 
     </span>
    </p>
   </div>
   <div class='ocr_carea' id='block_1_40' title="bbox 558 2935 2136 3011">
    <p class='ocr_par' dir='ltr' id='par_1_40' title="bbox 558 2935 2136 3011">
     <span class='ocr_line' id='line_1_40' title="bbox 558 2935 2136 3011; baseline 0.001 -19"><span class='ocrx_word' id='word_1_352' title='bbox 558 2939 760 3010; x_wconf 82' lang='lat' dir='ltr'><strong><em>Moysis</em></strong></span> <span class='ocrx_word' id='word_1_353' title='bbox 803 2939 1114 3011; x_wconf 87' lang='lat' dir='ltr'><strong><em>Scriptura,</em></strong></span> <span class='ocrx_word' id='word_1_354' title='bbox 1149 2939 1203 2994; x_wconf 91' lang='lat' dir='ltr'><strong><em>in</em></strong></span> <span class='ocrx_word' id='word_1_355' title='bbox 1241 2939 1427 3000; x_wconf 77' lang='lat' dir='ltr'><strong><em>Exodo</em></strong></span> <span class='ocrx_word' id='word_1_356' title='bbox 1468 2940 1688 3010; x_wconf 86' lang='lat' dir='ltr'><strong><em>quidem</em></strong></span> <span class='ocrx_word' id='word_1_357' title='bbox 1719 2940 1908 2997; x_wconf 85' lang='lat' dir='ltr'><strong><em>dicens</em></strong></span> <span class='ocrx_word' id='word_1_358' title='bbox 1939 2942 1985 2972; x_wconf 82' lang='grc'><strong><em>³⁷</em></strong></span> <span class='ocrx_word' id='word_1_359' title='bbox 2018 2960 2031 2996; x_wconf 93' lang='lat'>:</span> <span class='ocrx_word' id='word_1_360' title='bbox 2071 2935 2136 2994; x_wconf 83' lang='lat' dir='ltr'><strong><em>Et</em></strong></span> 
     </span>
    </p>
   </div>
   <div class='ocr_carea' id='block_1_41' title="bbox 554 3030 2136 3101">
    <p class='ocr_par' dir='ltr' id='par_1_41' title="bbox 554 3030 2136 3101">
     <span class='ocr_line' id='line_1_41' title="bbox 554 3030 2136 3101; baseline 0.001 -19"><span class='ocrx_word' id='word_1_361' title='bbox 554 3031 801 3084; x_wconf 74' lang='lat' dir='ltr'><strong><em>dixerunt</em></strong></span> <span class='ocrx_word' id='word_1_362' title='bbox 839 3030 1046 3101; x_wconf 81' lang='lat' dir='ltr'><strong><em>Moyses</em></strong></span> <span class='ocrx_word' id='word_1_363' title='bbox 1084 3042 1132 3086; x_wconf 94' lang='lat' dir='ltr'><strong><em>et</em></strong></span> <span class='ocrx_word' id='word_1_364' title='bbox 1167 3034 1344 3086; x_wconf 78' lang='lat' dir='ltr'><strong><em>Aaron</em></strong></span> <span class='ocrx_word' id='word_1_365' title='bbox 1375 3032 1443 3086; x_wconf 83' lang='lat' dir='ltr'><strong><em>ad</em></strong></span> <span class='ocrx_word' id='word_1_366' title='bbox 1479 3042 1646 3086; x_wconf 87' lang='lat' dir='ltr'><strong><em>totum</em></strong></span> <span class='ocrx_word' id='word_1_367' title='bbox 1675 3042 1868 3086; x_wconf 73' lang='lat' dir='ltr'><strong><em>emtum</em></strong></span> <span class='ocrx_word' id='word_1_368' title='bbox 1900 3032 2136 3101; x_wconf 79' lang='lat' dir='ltr'><strong><em>ﬁliorum</em></strong></span> 
     </span>
    </p>
   </div>
   <div class='ocr_carea' id='block_1_42' title="bbox 557 3111 2138 3194">
    <p class='ocr_par' dir='ltr' id='par_1_42' title="bbox 557 3111 2138 3194">
     <span class='ocr_line' id='line_1_42' title="bbox 557 3111 2138 3194; baseline 0.001 -19"><span class='ocrx_word' id='word_1_369' title='bbox 557 3120 764 3176; x_wconf 89' lang='lat' dir='ltr'><strong><em>Israel:</em></strong></span> <span class='ocrx_word' id='word_1_370' title='bbox 795 3111 1010 3192; x_wconf 75' lang='lat' dir='ltr'><strong><em>Vespere</em></strong></span> <span class='ocrx_word' id='word_1_371' title='bbox 1039 3125 1214 3178; x_wconf 85' lang='lat' dir='ltr'><strong><em>scietis</em></strong></span> <span class='ocrx_word' id='word_1_372' title='bbox 1239 3127 1376 3194; x_wconf 88' lang='lat' dir='ltr'><strong><em>quod</em></strong></span> <span class='ocrx_word' id='word_1_373' title='bbox 1411 3123 1665 3177; x_wconf 88' lang='lat' dir='ltr'><strong><em>Dominus</em></strong></span> <span class='ocrx_word' id='word_1_374' title='bbox 1693 3123 1930 3178; x_wconf 71' lang='lat' dir='ltr'><strong><em>eduxerit</em></strong></span> <span class='ocrx_word' id='word_1_375' title='bbox 1964 3140 2050 3177; x_wconf 85' lang='lat' dir='ltr'><strong><em>vos</em></strong></span> <span class='ocrx_word' id='word_1_376' title='bbox 2073 3121 2138 3177; x_wconf 89' lang='lat' dir='ltr'><strong><em>de</em></strong></span> 
     </span>
    </p>
   </div>
   <div class='ocr_carea' id='block_1_43' title="bbox 560 3211 2183 3285">
    <p class='ocr_par' dir='ltr' id='par_1_43' title="bbox 560 3211 2183 3285">
     <span class='ocr_line' id='line_1_43' title="bbox 560 3211 2183 3285; baseline 0.002 -23"><span class='ocrx_word' id='word_1_377' title='bbox 560 3223 625 3265; x_wconf 74' lang='lat' dir='ltr'><strong><em>ter</em></strong></span> <span class='ocrx_word' id='word_1_378' title='bbox 640 3230 699 3266; x_wconf 90' lang='lat' dir='ltr'><strong><em>ra</em></strong></span> <span class='ocrx_word' id='word_1_379' title='bbox 728 3211 977 3283; x_wconf 60' lang='lat' dir='ltr'><strong><em>zEgypti;</em></strong></span> <span class='ocrx_word' id='word_1_380' title='bbox 1008 3230 1160 3268; x_wconf 87' lang='lat' dir='ltr'><strong><em>mane</em></strong></span> <span class='ocrx_word' id='word_1_381' title='bbox 1183 3213 1358 3268; x_wconf 86' lang='lat' dir='ltr'><strong><em>autem</em></strong></span> <span class='ocrx_word' id='word_1_382' title='bbox 1385 3213 1624 3268; x_wconf 83' lang='lat' dir='ltr'><strong><em>videbitis</em></strong></span> <span class='ocrx_word' id='word_1_383' title='bbox 1647 3214 1874 3285; x_wconf 89' lang='lat' dir='ltr'><strong><em>gloriam</em></strong></span> <span class='ocrx_word' id='word_1_384' title='bbox 1903 3213 2132 3275; x_wconf 87' lang='lat' dir='ltr'><strong><em>Domini,</em></strong></span> <span class='ocrx_word' id='word_1_385' title='bbox 2172 3257 2183 3285; x_wconf 38' lang='grc' dir='ltr'><em>λ</em></span> 
     </span>
    </p>
   </div>
   <div class='ocr_carea' id='block_1_44' title="bbox 555 3305 2137 3375">
    <p class='ocr_par' dir='ltr' id='par_1_44' title="bbox 555 3305 2137 3375">
     <span class='ocr_line' id='line_1_44' title="bbox 555 3305 2137 3375; baseline 0 -17"><span class='ocrx_word' id='word_1_386' title='bbox 555 3307 681 3374; x_wconf 86' lang='lat' dir='ltr'><strong><em>quia</em></strong></span> <span class='ocrx_word' id='word_1_387' title='bbox 715 3305 917 3358; x_wconf 86' lang='lat' dir='ltr'><strong><em>audivit</em></strong></span> <span class='ocrx_word' id='word_1_388' title='bbox 958 3322 1108 3358; x_wconf 89' lang='lat' dir='ltr'><strong><em>omne</em></strong></span> <span class='ocrx_word' id='word_1_389' title='bbox 1159 3305 1399 3358; x_wconf 84' lang='lat' dir='ltr'><strong><em>murmur</em></strong></span> <span class='ocrx_word' id='word_1_390' title='bbox 1441 3315 1689 3360; x_wconf 83' lang='lat' dir='ltr'><strong><em>vestrum.</em></strong></span> <span class='ocrx_word' id='word_1_391' title='bbox 1746 3305 1904 3358; x_wconf 87' lang='lat' dir='ltr'><strong><em>Dabit</em></strong></span> <span class='ocrx_word' id='word_1_392' title='bbox 1951 3306 2137 3375; x_wconf 87' lang='lat' dir='ltr'><strong><em>quippe</em></strong></span> 
     </span>
    </p>
   </div>
   <div class='ocr_carea' id='block_1_45' title="bbox 557 3395 2140 3463">
    <p class='ocr_par' dir='ltr' id='par_1_45' title="bbox 557 3395 2140 3463">
     <span class='ocr_line' id='line_1_45' title="bbox 557 3395 2140 3463; baseline -0.001 -13"><span class='ocrx_word' id='word_1_393' title='bbox 557 3396 701 3450; x_wconf 89' lang='lat' dir='ltr'><strong><em>vobis</em></strong></span> <span class='ocrx_word' id='word_1_394' title='bbox 750 3395 1002 3450; x_wconf 89' lang='lat' dir='ltr'><strong><em>Dominus</em></strong></span> <span class='ocrx_word' id='word_1_395' title='bbox 1047 3411 1248 3463; x_wconf 85' lang='lat' dir='ltr'><strong><em>vespere</em></strong></span> <span class='ocrx_word' id='word_1_396' title='bbox 1289 3411 1470 3451; x_wconf 87' lang='lat' dir='ltr'><strong><em>carnes</em></strong></span> <span class='ocrx_word' id='word_1_397' title='bbox 1507 3396 1576 3450; x_wconf 90' lang='lat' dir='ltr'><strong><em>ad</em></strong></span> <span class='ocrx_word' id='word_1_398' title='bbox 1617 3395 2059 3459; x_wconf 83' lang='lat' dir='ltr'><strong><em>manducandum,</em></strong></span> <span class='ocrx_word' id='word_1_399' title='bbox 2091 3406 2140 3449; x_wconf 90' lang='lat' dir='ltr'><strong><em>et</em></strong></span> 
     </span>
    </p>
   </div>
   <div class='ocr_carea' id='block_1_46' title="bbox 564 3485 2136 3556">
    <p class='ocr_par' dir='ltr' id='par_1_46' title="bbox 564 3485 2136 3556">
     <span class='ocr_line' id='line_1_46' title="bbox 564 3485 2136 3556; baseline -0.001 -17"><span class='ocrx_word' id='word_1_400' title='bbox 564 3503 716 3539; x_wconf 87' lang='lat' dir='ltr'><strong><em>mane</em></strong></span> <span class='ocrx_word' id='word_1_401' title='bbox 744 3501 902 3553; x_wconf 89' lang='lat' dir='ltr'><strong><em>panes</em></strong></span> <span class='ocrx_word' id='word_1_402' title='bbox 926 3485 994 3539; x_wconf 85' lang='lat' dir='ltr'><strong><em>ad</em></strong></span> <span class='ocrx_word' id='word_1_403' title='bbox 1015 3487 1371 3540; x_wconf 83' lang='lat' dir='ltr'><strong><em>saturitatem.</em></strong></span> <span class='ocrx_word' id='word_1_404' title='bbox 1398 3485 1592 3541; x_wconf 87' lang='lat' dir='ltr'><strong><em>Postea</em></strong></span> <span class='ocrx_word' id='word_1_405' title='bbox 1612 3501 1741 3540; x_wconf 82' lang='lat' dir='ltr'><strong><em>vero</em></strong></span> <span class='ocrx_word' id='word_1_406' title='bbox 1758 3486 2036 3556; x_wconf 80' lang='lat' dir='ltr'><strong><em>subjungit</em></strong></span> <span class='ocrx_word' id='word_1_407' title='bbox 2057 3487 2101 3515; x_wconf 78' lang='lat'><strong><em>&quot;‘</em></strong></span> <span class='ocrx_word' id='word_1_408' title='bbox 2124 3503 2136 3537; x_wconf 88' lang='lat'><strong>:</strong></span> 
     </span>
    </p>
   </div>
   <div class='ocr_carea' id='block_1_47' title="bbox 562 3577 2141 3647">
    <p class='ocr_par' dir='ltr' id='par_1_47' title="bbox 562 3577 2141 3647">
     <span class='ocr_line' id='line_1_47' title="bbox 562 3577 2141 3647; baseline 0.002 -17"><span class='ocrx_word' id='word_1_409' title='bbox 562 3577 630 3630; x_wconf 79' lang='lat' dir='ltr'><strong><em>Et</em></strong></span> <span class='ocrx_word' id='word_1_410' title='bbox 653 3579 855 3646; x_wconf 75' lang='lat' dir='ltr'><strong><em>factum</em></strong></span> <span class='ocrx_word' id='word_1_411' title='bbox 898 3588 975 3632; x_wconf 90' lang='lat' dir='ltr'><strong><em>est</em></strong></span> <span class='ocrx_word' id='word_1_412' title='bbox 1008 3594 1230 3647; x_wconf 86' lang='lat' dir='ltr'><strong><em>vespere,</em></strong></span> <span class='ocrx_word' id='word_1_413' title='bbox 1264 3588 1314 3633; x_wconf 88' lang='lat' dir='ltr'><strong><em>et</em></strong></span> <span class='ocrx_word' id='word_1_414' title='bbox 1339 3578 1573 3633; x_wconf 85' lang='lat' dir='ltr'><strong><em>ascendit</em></strong></span> <span class='ocrx_word' id='word_1_415' title='bbox 1620 3580 1884 3642; x_wconf 72' lang='lat' dir='ltr'><strong><em>coturnix,</em></strong></span> <span class='ocrx_word' id='word_1_416' title='bbox 1924 3588 1973 3632; x_wconf 87' lang='lat' dir='ltr'><strong><em>et</em></strong></span> <span class='ocrx_word' id='word_1_417' title='bbox 2021 3594 2141 3646; x_wconf 90' lang='lat' dir='ltr'><strong><em>ope-</em></strong></span> 
     </span>
    </p>
   </div>
   <div class='ocr_carea' id='block_1_48' title="bbox 561 3671 2140 3740">
    <p class='ocr_par' dir='ltr' id='par_1_48' title="bbox 561 3671 2140 3740">
     <span class='ocr_line' id='line_1_48' title="bbox 561 3671 2140 3740; baseline 0.001 -18"><span class='ocrx_word' id='word_1_418' title='bbox 561 3671 666 3723; x_wconf 90' lang='lat' dir='ltr'><strong><em>ruit</em></strong></span> <span class='ocrx_word' id='word_1_419' title='bbox 695 3681 876 3724; x_wconf 87' lang='lat' dir='ltr'><strong><em>caslra</em></strong></span> <span class='ocrx_word' id='word_1_420' title='bbox 906 3686 924 3723; x_wconf 92' lang='lat'><em>:</em></span> <span class='ocrx_word' id='word_1_421' title='bbox 949 3688 1100 3725; x_wconf 88' lang='lat' dir='ltr'><strong><em>mane</em></strong></span> <span class='ocrx_word' id='word_1_422' title='bbox 1126 3673 1241 3726; x_wconf 77' lang='lat' dir='ltr'><strong><em>vero</em></strong></span> <span class='ocrx_word' id='word_1_423' title='bbox 1282 3687 1369 3725; x_wconf 91' lang='lat' dir='ltr'><strong><em>ros</em></strong></span> <span class='ocrx_word' id='word_1_424' title='bbox 1389 3671 1562 3740; x_wconf 87' lang='lat' dir='ltr'><strong><em>jacuit</em></strong></span> <span class='ocrx_word' id='word_1_425' title='bbox 1590 3671 1644 3724; x_wconf 89' lang='lat' dir='ltr'><strong><em>in</em></strong></span> <span class='ocrx_word' id='word_1_426' title='bbox 1684 3671 1906 3724; x_wconf 89' lang='lat' dir='ltr'><strong><em>circuitu</em></strong></span> <span class='ocrx_word' id='word_1_427' title='bbox 1933 3681 2140 3724; x_wconf 86' lang='lat' dir='ltr'><strong><em>castra-</em></strong></span> 
     </span>
    </p>
   </div>
   <div class='ocr_carea' id='block_1_49' title="bbox 555 3763 2136 3835">
    <p class='ocr_par' dir='ltr' id='par_1_49' title="bbox 555 3763 2136 3835">
     <span class='ocr_line' id='line_1_49' title="bbox 555 3763 2136 3835; baseline -0.001 -18"><span class='ocrx_word' id='word_1_428' title='bbox 555 3780 712 3818; x_wconf 89' lang='lat' dir='ltr'><strong><em>rum:</em></strong></span> <span class='ocrx_word' id='word_1_429' title='bbox 733 3775 781 3819; x_wconf 89' lang='lat' dir='ltr'><strong><em>et</em></strong></span> <span class='ocrx_word' id='word_1_430' title='bbox 809 3781 925 3819; x_wconf 89' lang='lat' dir='ltr'><strong><em>ecce</em></strong></span> <span class='ocrx_word' id='word_1_431' title='bbox 950 3766 1006 3818; x_wconf 90' lang='lat' dir='ltr'><strong><em>in</em></strong></span> <span class='ocrx_word' id='word_1_432' title='bbox 1051 3764 1184 3835; x_wconf 76' lang='lat' dir='ltr'><strong><em>facie</em></strong></span> <span class='ocrx_word' id='word_1_433' title='bbox 1199 3763 1522 3826; x_wconf 86' lang='lat' dir='ltr'><strong><em>solitudinis,</em></strong></span> <span class='ocrx_word' id='word_1_434' title='bbox 1568 3763 1736 3816; x_wconf 86' lang='lat' dir='ltr'><strong><em>tenuis</em></strong></span> <span class='ocrx_word' id='word_1_435' title='bbox 1778 3763 1914 3815; x_wconf 88' lang='lat' dir='ltr'><strong><em>sicut</em></strong></span> <span class='ocrx_word' id='word_1_436' title='bbox 1945 3763 2136 3830; x_wconf 84' lang='lat' dir='ltr'><strong><em>pulvis,</em></strong></span> 
     </span>
    </p>
   </div>
   <div class='ocr_carea' id='block_1_50' title="bbox 556 3851 2140 3924">
    <p class='ocr_par' dir='ltr' id='par_1_50' title="bbox 556 3851 2140 3924">
     <span class='ocr_line' id='line_1_50' title="bbox 556 3851 2140 3924; baseline -0.001 -16"><span class='ocrx_word' id='word_1_437' title='bbox 556 3854 709 3910; x_wconf 86' lang='lat' dir='ltr'><strong><em>albus</em></strong></span> <span class='ocrx_word' id='word_1_438' title='bbox 738 3856 874 3909; x_wconf 89' lang='lat' dir='ltr'><strong><em>sicut</em></strong></span> <span class='ocrx_word' id='word_1_439' title='bbox 923 3856 1115 3924; x_wconf 87' lang='lat' dir='ltr'><strong><em>pruina</em></strong></span> <span class='ocrx_word' id='word_1_440' title='bbox 1139 3857 1294 3924; x_wconf 82' lang='lat' dir='ltr'><strong><em>super</em></strong></span> <span class='ocrx_word' id='word_1_441' title='bbox 1319 3864 1534 3908; x_wconf 88' lang='lat' dir='ltr'><strong><em>terram.</em></strong></span> <span class='ocrx_word' id='word_1_442' title='bbox 1571 3852 1674 3907; x_wconf 88' lang='lat' dir='ltr'><strong><em>Sed</em></strong></span> <span class='ocrx_word' id='word_1_443' title='bbox 1709 3852 1836 3922; x_wconf 85' lang='lat' dir='ltr'><strong><em>quia</em></strong></span> <span class='ocrx_word' id='word_1_444' title='bbox 1860 3860 2048 3922; x_wconf 83' lang='lat' dir='ltr'><strong><em>postea</em></strong></span> <span class='ocrx_word' id='word_1_445' title='bbox 2083 3851 2140 3906; x_wconf 86' lang='lat' dir='ltr'><strong><em>in</em></strong></span> 
     </span>
    </p>
   </div>
   <div class='ocr_carea' id='block_1_51' title="bbox 552 3945 2140 4017">
    <p class='ocr_par' dir='ltr' id='par_1_51' title="bbox 552 3945 2140 4017">
     <span class='ocr_line' id='line_1_51' title="bbox 552 3945 2140 4017; baseline -0.004 -15"><span class='ocrx_word' id='word_1_446' title='bbox 552 3947 804 4002; x_wconf 80' lang='lat' dir='ltr'><strong><em>Numeris</em></strong></span> <span class='ocrx_word' id='word_1_447' title='bbox 834 3948 1035 4004; x_wconf 89' lang='lat' dir='ltr'><strong><em>dictum</em></strong></span> <span class='ocrx_word' id='word_1_448' title='bbox 1066 3948 1204 4004; x_wconf 81' lang='lat' dir='ltr'><strong><em>est&quot;</em></strong></span> <span class='ocrx_word' id='word_1_449' title='bbox 1224 3947 1520 4017; x_wconf 77' lang='lat' dir='ltr'><strong><em>:—-Vulgus</em></strong></span> <span class='ocrx_word' id='word_1_450' title='bbox 1548 3955 1746 4016; x_wconf 85' lang='lat' dir='ltr'><strong><em>quoque</em></strong></span> <span class='ocrx_word' id='word_1_451' title='bbox 1785 3945 2140 4012; x_wconf 85' lang='lat' dir='ltr'><strong><em>promiscuum</em></strong></span> 
     </span>
    </p>
   </div>
   <div class='ocr_carea' id='block_1_52' title="bbox 554 4034 2136 4110">
    <p class='ocr_par' dir='ltr' id='par_1_52' title="bbox 554 4034 2136 4110">
     <span class='ocr_line' id='line_1_52' title="bbox 554 4034 2136 4110; baseline -0.003 -18"><span class='ocrx_word' id='word_1_452' title='bbox 554 4042 798 4110; x_wconf 80' lang='lat' dir='ltr'><strong><em>ﬂagravit</em></strong></span> <span class='ocrx_word' id='word_1_453' title='bbox 817 4039 1116 4102; x_wconf 87' lang='lat' dir='ltr'><strong><em>desiderio;</em></strong></span> <span class='ocrx_word' id='word_1_454' title='bbox 1147 4048 1198 4092; x_wconf 91' lang='lat' dir='ltr'><strong><em>et</em></strong></span> <span class='ocrx_word' id='word_1_455' title='bbox 1231 4039 1466 4092; x_wconf 87' lang='lat' dir='ltr'><strong><em>sedentes</em></strong></span> <span class='ocrx_word' id='word_1_456' title='bbox 1496 4036 1692 4105; x_wconf 80' lang='lat' dir='ltr'><strong><em>ﬂebant</em></strong></span> <span class='ocrx_word' id='word_1_457' title='bbox 1722 4037 1824 4104; x_wconf 85' lang='lat' dir='ltr'><strong><em>filii</em></strong></span> <span class='ocrx_word' id='word_1_458' title='bbox 1862 4034 2059 4100; x_wconf 86' lang='lat' dir='ltr'><strong><em>Israel,</em></strong></span> <span class='ocrx_word' id='word_1_459' title='bbox 2089 4045 2136 4088; x_wconf 89' lang='lat' dir='ltr'><strong><em>et</em></strong></span> 
     </span>
    </p>
   </div>
   <div class='ocr_carea' id='block_1_53' title="bbox 553 4127 2139 4196">
    <p class='ocr_par' dir='ltr' id='par_1_53' title="bbox 553 4127 2139 4196">
     <span class='ocr_line' id='line_1_53' title="bbox 553 4127 2139 4196; baseline -0.003 -12"><span class='ocrx_word' id='word_1_460' title='bbox 553 4133 798 4184; x_wconf 66' lang='lat' dir='ltr'><strong><em>dixerunt</em></strong></span> <span class='ocrx_word' id='word_1_461' title='bbox 831 4147 848 4184; x_wconf 90' lang='lat'><strong><em>:</em></strong></span> <span class='ocrx_word' id='word_1_462' title='bbox 885 4131 1016 4196; x_wconf 85' lang='lat' dir='ltr'><strong><em>Quis</em></strong></span> <span class='ocrx_word' id='word_1_463' title='bbox 1037 4130 1185 4183; x_wconf 88' lang='lat' dir='ltr'><strong><em>dabit</em></strong></span> <span class='ocrx_word' id='word_1_464' title='bbox 1215 4131 1364 4184; x_wconf 88' lang='lat' dir='ltr'><strong><em>nobis</em></strong></span> <span class='ocrx_word' id='word_1_465' title='bbox 1396 4145 1580 4183; x_wconf 88' lang='lat' dir='ltr'><strong><em>carnes</em></strong></span> <span class='ocrx_word' id='word_1_466' title='bbox 1599 4132 1624 4184; x_wconf 71' lang='grc' dir='ltr'><em>γ</em></span> <span class='ocrx_word' id='word_1_467' title='bbox 1671 4127 2027 4182; x_wconf 80' lang='lat' dir='ltr'><strong><em>Recordamur</em></strong></span> <span class='ocrx_word' id='word_1_468' title='bbox 2056 4129 2139 4196; x_wconf 83' lang='lat' dir='ltr'><strong><em>pi-</em></strong></span> 
     </span>
    </p>
   </div>
   <div class='ocr_carea' id='block_1_54' title="bbox 554 4219 2140 4291">
    <p class='ocr_par' dir='ltr' id='par_1_54' title="bbox 554 4219 2140 4291">
     <span class='ocr_line' id='line_1_54' title="bbox 554 4219 2140 4291; baseline -0.001 -17"><span class='ocrx_word' id='word_1_469' title='bbox 554 4225 725 4276; x_wconf 83' lang='lat' dir='ltr'><strong><em>scium</em></strong></span> <span class='ocrx_word' id='word_1_470' title='bbox 761 4239 889 4290; x_wconf 89' lang='lat' dir='ltr'><strong><em>quos</em></strong></span> <span class='ocrx_word' id='word_1_471' title='bbox 919 4221 1316 4276; x_wconf 88' lang='lat' dir='ltr'><strong><em>comedebamus</em></strong></span> <span class='ocrx_word' id='word_1_472' title='bbox 1342 4222 1399 4274; x_wconf 89' lang='lat' dir='ltr'><strong><em>in</em></strong></span> <span class='ocrx_word' id='word_1_473' title='bbox 1427 4219 1658 4291; x_wconf 64' lang='lat' dir='ltr'><strong><em>Egypto</em></strong></span> <span class='ocrx_word' id='word_1_474' title='bbox 1686 4220 1879 4290; x_wconf 89' lang='lat' dir='ltr'><strong><em>gratis,</em></strong></span> <span class='ocrx_word' id='word_1_475' title='bbox 1907 4229 1954 4274; x_wconf 90' lang='lat' dir='ltr'><strong><em>et</em></strong></span> <span class='ocrx_word' id='word_1_476' title='bbox 1978 4236 2140 4273; x_wconf 84' lang='lat' dir='ltr'><strong><em>cucu-</em></strong></span> 
     </span>
    </p>
   </div>
   <div class='ocr_carea' id='block_1_55' title="bbox 556 4311 2136 4381">
    <p class='ocr_par' dir='ltr' id='par_1_55' title="bbox 556 4311 2136 4381">
     <span class='ocr_line' id='line_1_55' title="bbox 556 4311 2136 4381; baseline -0.001 -15"><span class='ocrx_word' id='word_1_477' title='bbox 556 4330 718 4366; x_wconf 86' lang='lat' dir='ltr'><strong><em>mercs</em></strong></span> <span class='ocrx_word' id='word_1_478' title='bbox 743 4324 790 4365; x_wconf 90' lang='lat' dir='ltr'><strong><em>et</em></strong></span> <span class='ocrx_word' id='word_1_479' title='bbox 820 4328 1035 4381; x_wconf 87' lang='lat' dir='ltr'><strong><em>pepones</em></strong></span> <span class='ocrx_word' id='word_1_480' title='bbox 1060 4323 1109 4365; x_wconf 89' lang='lat' dir='ltr'><strong><em>et</em></strong></span> <span class='ocrx_word' id='word_1_481' title='bbox 1132 4328 1319 4381; x_wconf 87' lang='lat' dir='ltr'><strong><em>porros</em></strong></span> <span class='ocrx_word' id='word_1_482' title='bbox 1348 4322 1396 4366; x_wconf 92' lang='lat' dir='ltr'><strong><em>et</em></strong></span> <span class='ocrx_word' id='word_1_483' title='bbox 1417 4327 1554 4380; x_wconf 88' lang='lat' dir='ltr'><strong><em>cepe.</em></strong></span> <span class='ocrx_word' id='word_1_484' title='bbox 1582 4311 1740 4365; x_wconf 80' lang='lat' dir='ltr'><strong><em>Nunc</em></strong></span> <span class='ocrx_word' id='word_1_485' title='bbox 1760 4321 1932 4364; x_wconf 88' lang='lat' dir='ltr'><strong><em>autem</em></strong></span> <span class='ocrx_word' id='word_1_486' title='bbox 1957 4312 2136 4364; x_wconf 89' lang='lat' dir='ltr'><strong><em>anima</em></strong></span> 
     </span>
    </p>
   </div>
   <div class='ocr_carea' id='block_1_56' title="bbox 552 4401 2138 4473">
    <p class='ocr_par' dir='ltr' id='par_1_56' title="bbox 552 4401 2138 4473">
     <span class='ocr_line' id='line_1_56' title="bbox 552 4401 2138 4473; baseline 0.001 -18"><span class='ocrx_word' id='word_1_487' title='bbox 552 4415 736 4456; x_wconf 69' lang='lat' dir='ltr'><strong><em>nostra</em></strong></span> <span class='ocrx_word' id='word_1_488' title='bbox 764 4401 1014 4471; x_wconf 80' lang='lat' dir='ltr'><strong><em>peranda</em></strong></span> <span class='ocrx_word' id='word_1_489' title='bbox 1069 4401 1272 4457; x_wconf 86' lang='lat' dir='ltr'><strong><em>Deinde</em></strong></span> <span class='ocrx_word' id='word_1_490' title='bbox 1301 4402 1594 4472; x_wconf 85' lang='lat' dir='ltr'><strong><em>subjicitur</em></strong></span> <span class='ocrx_word' id='word_1_491' title='bbox 1618 4403 1662 4434; x_wconf 81' lang='grc' dir='ltr'><strong><em>³ο</em></strong></span> <span class='ocrx_word' id='word_1_492' title='bbox 1696 4421 1709 4455; x_wconf 85' lang='lat'><strong>:</strong></span> <span class='ocrx_word' id='word_1_493' title='bbox 1741 4401 1803 4455; x_wconf 88' lang='lat' dir='ltr'><strong><em>Et</em></strong></span> <span class='ocrx_word' id='word_1_494' title='bbox 1831 4402 1963 4456; x_wconf 87' lang='lat' dir='ltr'><strong><em>abiit</em></strong></span> <span class='ocrx_word' id='word_1_495' title='bbox 1989 4401 2138 4473; x_wconf 76' lang='lat' dir='ltr'><strong><em>Mog-</em></strong></span> 
     </span>
    </p>
   </div>
   <div class='ocr_carea' id='block_1_57' title="bbox 553 4491 2137 4564">
    <p class='ocr_par' dir='ltr' id='par_1_57' title="bbox 553 4491 2137 4564">
     <span class='ocr_line' id='line_1_57' title="bbox 553 4491 2137 4564; baseline 0.001 -18"><span class='ocrx_word' id='word_1_496' title='bbox 553 4509 634 4547; x_wconf 85' lang='lat' dir='ltr'><strong><em>ses</em></strong></span> <span class='ocrx_word' id='word_1_497' title='bbox 666 4493 719 4546; x_wconf 90' lang='lat' dir='ltr'><strong><em>in</em></strong></span> <span class='ocrx_word' id='word_1_498' title='bbox 745 4501 921 4546; x_wconf 88' lang='lat' dir='ltr'><strong><em>castra</em></strong></span> <span class='ocrx_word' id='word_1_499' title='bbox 946 4493 1053 4560; x_wconf 84' lang='lat' dir='ltr'><strong><em>ipse</em></strong></span> <span class='ocrx_word' id='word_1_500' title='bbox 1081 4501 1129 4546; x_wconf 91' lang='lat' dir='ltr'><strong><em>et</em></strong></span> <span class='ocrx_word' id='word_1_501' title='bbox 1152 4494 1380 4546; x_wconf 87' lang='lat' dir='ltr'><strong><em>seniores</em></strong></span> <span class='ocrx_word' id='word_1_502' title='bbox 1403 4491 1596 4546; x_wconf 82' lang='lat' dir='ltr'><strong><em>Israel.</em></strong></span> <span class='ocrx_word' id='word_1_503' title='bbox 1626 4491 1690 4546; x_wconf 82' lang='lat' dir='ltr'><strong><em>Et</em></strong></span> <span class='ocrx_word' id='word_1_504' title='bbox 1717 4494 1936 4562; x_wconf 86' lang='lat' dir='ltr'><strong><em>spiritus</em></strong></span> <span class='ocrx_word' id='word_1_505' title='bbox 1963 4510 2137 4564; x_wconf 84' lang='lat' dir='ltr'><strong><em>egres-</em></strong></span> 
     </span>
    </p>
   </div>
   <div class='ocr_carea' id='block_1_58' title="bbox 2324 1922 3753 1997">
    <p class='ocr_par' dir='ltr' id='par_1_58' title="bbox 2324 1922 3753 1997">
     <span class='ocr_line' id='line_1_58' title="bbox 2324 1922 3753 1997; baseline -0.006 -17"><span class='ocrx_word' id='word_1_506' title='bbox 2324 1926 2733 1997; x_wconf 82' lang='grc' dir='ltr'><em>Ἐπισιτισμὸν</em></span> <span class='ocrx_word' id='word_1_507' title='bbox 2782 1924 3138 1979; x_wconf 83' lang='grc' dir='ltr'><em>ἀπέστειλεν</em></span> <span class='ocrx_word' id='word_1_508' title='bbox 3182 1922 3389 1988; x_wconf 84' lang='grc' dir='ltr'><em>αὐτοῖς</em></span> <span class='ocrx_word' id='word_1_509' title='bbox 3426 1923 3508 1986; x_wconf 79' lang='grc' dir='ltr'><em>εὶς</em></span> <span class='ocrx_word' id='word_1_510' title='bbox 3540 1923 3753 1987; x_wconf 76' lang='grc' dir='ltr'><em>πλησμο-</em></span> 
     </span>
    </p>
   </div>
   <div class='ocr_carea' id='block_1_59' title="bbox 2241 2012 3753 2089">
    <p class='ocr_par' dir='ltr' id='par_1_59' title="bbox 2241 2012 3753 2089">
     <span class='ocr_line' id='line_1_59' title="bbox 2241 2012 3753 2089; baseline -0.007 -14"><span class='ocrx_word' id='word_1_511' title='bbox 2241 2019 2373 2087; x_wconf 86' lang='grc' dir='ltr'><em>νήν.</em></span> <span class='ocrx_word' id='word_1_512' title='bbox 2447 2019 2694 2089; x_wconf 82' lang='grc' dir='ltr'><em>Ἀπῆρεν</em></span> <span class='ocrx_word' id='word_1_513' title='bbox 2741 2019 2934 2074; x_wconf 87' lang='grc' dir='ltr'><em>Νότον</em></span> <span class='ocrx_word' id='word_1_514' title='bbox 2957 2017 3027 2081; x_wconf 77' lang='grc' dir='ltr'><strong><em>ἐξ</em></strong></span> <span class='ocrx_word' id='word_1_515' title='bbox 3074 2015 3356 2085; x_wconf 83' lang='grc' dir='ltr'><em>οὐρανοῦ,</em></span> <span class='ocrx_word' id='word_1_516' title='bbox 3388 2015 3481 2068; x_wconf 80' lang='grc' dir='ltr'><em>καὶ</em></span> <span class='ocrx_word' id='word_1_517' title='bbox 3513 2012 3753 2082; x_wconf 52' lang='grc' dir='ltr'><em>ἐπήγαγεν</em></span> 
     </span>
    </p>
   </div>
   <div class='ocr_carea' id='block_1_60' title="bbox 2238 2105 3754 2182">
    <p class='ocr_par' dir='ltr' id='par_1_60' title="bbox 2238 2105 3754 2182">
     <span class='ocr_line' id='line_1_60' title="bbox 2238 2105 3754 2182; baseline -0.006 -17"><span class='ocrx_word' id='word_1_518' title='bbox 2238 2113 2308 2166; x_wconf 84' lang='grc' dir='ltr'><strong><em>ἐν</em></strong></span> <span class='ocrx_word' id='word_1_519' title='bbox 2340 2111 2414 2182; x_wconf 77' lang='grc' dir='ltr'><em>τῇ</em></span> <span class='ocrx_word' id='word_1_520' title='bbox 2449 2112 2699 2182; x_wconf 79' lang='grc' dir='ltr'><strong><em>δυνάμει</em></strong></span> <span class='ocrx_word' id='word_1_521' title='bbox 2734 2110 2919 2165; x_wconf 87' lang='grc' dir='ltr'><em>αὑτοῦ</em></span> <span class='ocrx_word' id='word_1_522' title='bbox 2955 2109 3124 2164; x_wconf 88' lang='grc' dir='ltr'><em>Λίϐα.</em></span> <span class='ocrx_word' id='word_1_523' title='bbox 3154 2108 3267 2162; x_wconf 96' lang='lat' dir='ltr'><strong><em>Kal</em></strong></span> <span class='ocrx_word' id='word_1_524' title='bbox 3311 2107 3543 2176; x_wconf 76' lang='grc' dir='ltr'><em>ἔϐρεξεν</em></span> <span class='ocrx_word' id='word_1_525' title='bbox 3576 2105 3652 2157; x_wconf 82' lang='grc' dir='ltr'><strong><em>ἐπ’</em></strong></span> <span class='ocrx_word' id='word_1_526' title='bbox 3673 2105 3754 2157; x_wconf 84' lang='grc' dir='ltr'><strong><em>αὺ-</em></strong></span> 
     </span>
    </p>
   </div>
   <div class='ocr_carea' id='block_1_61' title="bbox 2238 2198 3753 2272">
    <p class='ocr_par' dir='ltr' id='par_1_61' title="bbox 2238 2198 3753 2272">
     <span class='ocr_line' id='line_1_61' title="bbox 2238 2198 3753 2272; baseline -0.006 -16"><span class='ocrx_word' id='word_1_527' title='bbox 2238 2203 2378 2269; x_wconf 86' lang='grc' dir='ltr'><em>τοὺς</em></span> <span class='ocrx_word' id='word_1_528' title='bbox 2407 2201 2550 2256; x_wconf 76' lang='grc' dir='ltr'><em>ὡσεὶ</em></span> <span class='ocrx_word' id='word_1_529' title='bbox 2598 2202 2750 2272; x_wconf 83' lang='grc' dir='ltr'><em>χοῦν</em></span> <span class='ocrx_word' id='word_1_530' title='bbox 2781 2199 3033 2269; x_wconf 81' lang='grc' dir='ltr'><em>σάρκας,</em></span> <span class='ocrx_word' id='word_1_531' title='bbox 3067 2199 3165 2254; x_wconf 75' lang='grc' dir='ltr'><em>καὶ</em></span> <span class='ocrx_word' id='word_1_532' title='bbox 3191 2198 3335 2253; x_wconf 74' lang='grc' dir='ltr'><em>ὡσεὶ</em></span> <span class='ocrx_word' id='word_1_533' title='bbox 3375 2199 3559 2267; x_wconf 79' lang='grc' dir='ltr'><em>ἅμμον</em></span> <span class='ocrx_word' id='word_1_534' title='bbox 3581 2198 3753 2251; x_wconf 81' lang='grc' dir='ltr'><em>θαλασ-</em></span> 
     </span>
    </p>
   </div>
   <div class='ocr_carea' id='block_1_62' title="bbox 2238 2286 3752 2361">
    <p class='ocr_par' dir='ltr' id='par_1_62' title="bbox 2238 2286 3752 2361">
     <span class='ocr_line' id='line_1_62' title="bbox 2238 2286 3752 2361; baseline -0.005 -12"><span class='ocrx_word' id='word_1_535' title='bbox 2238 2294 2366 2348; x_wconf 85' lang='grc' dir='ltr'><em>σῶν</em></span> <span class='ocrx_word' id='word_1_536' title='bbox 2393 2295 2631 2349; x_wconf 86' lang='grc' dir='ltr'><em>πετεινὰ</em></span> <span class='ocrx_word' id='word_1_537' title='bbox 2659 2292 2924 2361; x_wconf 86' lang='grc' dir='ltr'><em>πτερωτά</em></span> <span class='ocrx_word' id='word_1_538' title='bbox 2941 2309 2954 2324; x_wconf 71' lang='grc'><strong>⁸</strong></span> <span class='ocrx_word' id='word_1_539' title='bbox 2984 2294 3080 2346; x_wconf 75' lang='grc' dir='ltr'><em>καὶ</em></span> <span class='ocrx_word' id='word_1_540' title='bbox 3101 2293 3402 2347; x_wconf 82' lang='grc' dir='ltr'><strong><em>ἐπέπεσεν</em></strong></span> <span class='ocrx_word' id='word_1_541' title='bbox 3427 2291 3494 2345; x_wconf 87' lang='grc' dir='ltr'><strong><em>ὲν</em></strong></span> <span class='ocrx_word' id='word_1_542' title='bbox 3511 2289 3654 2360; x_wconf 79' lang='grc' dir='ltr'><em>μέσῳ</em></span> <span class='ocrx_word' id='word_1_543' title='bbox 3675 2286 3752 2353; x_wconf 75' lang='grc' dir='ltr'><em>τῆς</em></span> 
     </span>
    </p>
   </div>
   <div class='ocr_carea' id='block_1_63' title="bbox 2238 2381 3752 2457">
    <p class='ocr_par' dir='ltr' id='par_1_63' title="bbox 2238 2381 3752 2457">
     <span class='ocr_line' id='line_1_63' title="bbox 2238 2381 3752 2457; baseline -0.005 -17"><span class='ocrx_word' id='word_1_544' title='bbox 2238 2385 2615 2457; x_wconf 82' lang='grc' dir='ltr'><em>παρεμϐολῆς</em></span> <span class='ocrx_word' id='word_1_545' title='bbox 2647 2383 2863 2448; x_wconf 78' lang='grc' dir='ltr'><em>αὐτῶν,</em></span> <span class='ocrx_word' id='word_1_546' title='bbox 2896 2384 3099 2450; x_wconf 69' lang='grc' dir='ltr'><em>κύκλῳ</em></span> <span class='ocrx_word' id='word_1_547' title='bbox 3129 2383 3248 2438; x_wconf 85' lang='grc' dir='ltr'><strong><em>τῶν</em></strong></span> <span class='ocrx_word' id='word_1_548' title='bbox 3276 2381 3653 2452; x_wconf 72' lang='grc' dir='ltr'><em>σκηνωμάτων</em></span> <span class='ocrx_word' id='word_1_549' title='bbox 3678 2383 3752 2434; x_wconf 78' lang='grc' dir='ltr'><strong><em>αὑ-</em></strong></span> 
     </span>
    </p>
   </div>
   <div class='ocr_carea' id='block_1_64' title="bbox 2240 2474 3752 2548">
    <p class='ocr_par' dir='ltr' id='par_1_64' title="bbox 2240 2474 3752 2548">
     <span class='ocr_line' id='line_1_64' title="bbox 2240 2474 3752 2548; baseline -0.007 -14"><span class='ocrx_word' id='word_1_550' title='bbox 2240 2479 2374 2535; x_wconf 87' lang='grc' dir='ltr'><em>τῶν.</em></span> <span class='ocrx_word' id='word_1_551' title='bbox 2400 2480 2508 2534; x_wconf 87' lang='lat' dir='ltr'><strong><em>Kal</em></strong></span> <span class='ocrx_word' id='word_1_552' title='bbox 2528 2479 2754 2548; x_wconf 54' lang='grc' dir='ltr'><em>ἔφαγον</em></span> <span class='ocrx_word' id='word_1_553' title='bbox 2785 2478 2883 2532; x_wconf 76' lang='grc' dir='ltr'><em>καὶ</em></span> <span class='ocrx_word' id='word_1_554' title='bbox 2913 2477 3391 2544; x_wconf 73' lang='grc' dir='ltr'><em>ἐνεπλήσθησαν</em></span> <span class='ocrx_word' id='word_1_555' title='bbox 3427 2475 3653 2544; x_wconf 64' lang='grc' dir='ltr'><em>σφόδρα,</em></span> <span class='ocrx_word' id='word_1_556' title='bbox 3685 2474 3752 2525; x_wconf 68' lang='grc' dir='ltr'><em>καὶ</em></span> 
     </span>
    </p>
   </div>
   <div class='ocr_carea' id='block_1_65' title="bbox 2240 2567 3751 2641">
    <p class='ocr_par' dir='ltr' id='par_1_65' title="bbox 2240 2567 3751 2641">
     <span class='ocr_line' id='line_1_65' title="bbox 2240 2567 3751 2641; baseline -0.005 -15"><span class='ocrx_word' id='word_1_557' title='bbox 2240 2573 2353 2639; x_wconf 73' lang='grc' dir='ltr'><em>τὴν</em></span> <span class='ocrx_word' id='word_1_558' title='bbox 2376 2569 2694 2641; x_wconf 80' lang='grc' dir='ltr'><em>ἐπιθυμίαν</em></span> <span class='ocrx_word' id='word_1_559' title='bbox 2737 2570 2936 2625; x_wconf 85' lang='grc' dir='ltr'><em>αὐτῶν</em></span> <span class='ocrx_word' id='word_1_560' title='bbox 2972 2571 3224 2638; x_wconf 75' lang='grc' dir='ltr'><em>ἤνεγκεν</em></span> <span class='ocrx_word' id='word_1_561' title='bbox 3257 2569 3481 2635; x_wconf 79' lang='grc' dir='ltr'><em>αὐτοῖς,</em></span> <span class='ocrx_word' id='word_1_562' title='bbox 3509 2571 3606 2622; x_wconf 82' lang='grc' dir='ltr'><em>οὐκ</em></span> <span class='ocrx_word' id='word_1_563' title='bbox 3630 2567 3751 2620; x_wconf 76' lang='grc' dir='ltr'><em>ἐστε-</em></span> 
     </span>
    </p>
   </div>
   <div class='ocr_carea' id='block_1_66' title="bbox 2231 2653 3751 2732">
    <p class='ocr_par' dir='ltr' id='par_1_66' title="bbox 2231 2653 3751 2732">
     <span class='ocr_line' id='line_1_66' title="bbox 2231 2653 3751 2732; baseline -0.006 -16"><span class='ocrx_word' id='word_1_564' title='bbox 2231 2662 2515 2732; x_wconf 86' lang='grc' dir='ltr'><em>ρήθησαν</em></span> <span class='ocrx_word' id='word_1_565' title='bbox 2579 2661 2697 2717; x_wconf 81' lang='grc' dir='ltr'><em>ἀπὸ</em></span> <span class='ocrx_word' id='word_1_566' title='bbox 2751 2661 2862 2729; x_wconf 79' lang='grc' dir='ltr'><em>τῆς</em></span> <span class='ocrx_word' id='word_1_567' title='bbox 2913 2661 3228 2729; x_wconf 81' lang='grc' dir='ltr'><em>ἐπιθυμίας</em></span> <span class='ocrx_word' id='word_1_568' title='bbox 3270 2657 3490 2713; x_wconf 82' lang='grc' dir='ltr'><em>αὐτῶν.</em></span> <span class='ocrx_word' id='word_1_569' title='bbox 3531 2659 3634 2709; x_wconf 84' lang='grc' dir='ltr'><em>Ἔτι</em></span> <span class='ocrx_word' id='word_1_570' title='bbox 3673 2653 3751 2719; x_wconf 77' lang='grc' dir='ltr'><em>τῆς</em></span> 
     </span>
    </p>
   </div>
   <div class='ocr_carea' id='block_1_67' title="bbox 2233 2747 3748 2824">
    <p class='ocr_par' dir='ltr' id='par_1_67' title="bbox 2233 2747 3748 2824">
     <span class='ocr_line' id='line_1_67' title="bbox 2233 2747 3748 2824; baseline -0.005 -17"><span class='ocrx_word' id='word_1_571' title='bbox 2233 2755 2514 2824; x_wconf 82' lang='grc' dir='ltr'><em>βρώσεως</em></span> <span class='ocrx_word' id='word_1_572' title='bbox 2541 2755 2732 2821; x_wconf 83' lang='grc' dir='ltr'><em>οὔσης</em></span> <span class='ocrx_word' id='word_1_573' title='bbox 2757 2753 2828 2806; x_wconf 89' lang='grc' dir='ltr'><strong><em>ὲν</em></strong></span> <span class='ocrx_word' id='word_1_574' title='bbox 2852 2751 2932 2817; x_wconf 86' lang='grc' dir='ltr'><em>τῷ</em></span> <span class='ocrx_word' id='word_1_575' title='bbox 2963 2752 3211 2820; x_wconf 88' lang='grc' dir='ltr'><em>στόματι</em></span> <span class='ocrx_word' id='word_1_576' title='bbox 3235 2747 3435 2802; x_wconf 85' lang='grc' dir='ltr'><em>αὐτῶν</em></span> <span class='ocrx_word' id='word_1_577' title='bbox 3462 2747 3551 2802; x_wconf 80' lang='grc' dir='ltr'><em>καὶ</em></span> <span class='ocrx_word' id='word_1_578' title='bbox 3577 2749 3608 2814; x_wconf 84' lang='grc' dir='ltr'><strong><em>ή</em></strong></span> <span class='ocrx_word' id='word_1_579' title='bbox 3643 2747 3748 2814; x_wconf 73' lang='grc' dir='ltr'><em>ὀργὴ</em></span> 
     </span>
    </p>
   </div>
   <div class='ocr_carea' id='block_1_68' title="bbox 2237 2837 3750 2913">
    <p class='ocr_par' dir='ltr' id='par_1_68' title="bbox 2237 2837 3750 2913">
     <span class='ocr_line' id='line_1_68' title="bbox 2237 2837 3750 2913; baseline -0.008 -11"><span class='ocrx_word' id='word_1_580' title='bbox 2237 2848 2343 2904; x_wconf 88' lang='grc' dir='ltr'><strong><em>τοῦ</em></strong></span> <span class='ocrx_word' id='word_1_581' title='bbox 2398 2847 2546 2903; x_wconf 81' lang='grc' dir='ltr'><em>Θεοῦ</em></span> <span class='ocrx_word' id='word_1_582' title='bbox 2604 2846 2787 2913; x_wconf 87' lang='grc' dir='ltr'><em>ἀνέϐη</em></span> <span class='ocrx_word' id='word_1_583' title='bbox 2832 2845 2926 2898; x_wconf 85' lang='grc' dir='ltr'><strong><em>ἐπ’</em></strong></span> <span class='ocrx_word' id='word_1_584' title='bbox 2969 2843 3218 2910; x_wconf 84' lang='grc' dir='ltr'><em>αὐτούς·</em></span> <span class='ocrx_word' id='word_1_585' title='bbox 3246 2843 3346 2896; x_wconf 79' lang='grc' dir='ltr'><em>καὶ</em></span> <span class='ocrx_word' id='word_1_586' title='bbox 3373 2837 3750 2896; x_wconf 77' lang='grc' dir='ltr'><em>ἀπέκτεινενὲν</em></span> 
     </span>
    </p>
   </div>
   <div class='ocr_carea' id='block_1_69' title="bbox 2238 2927 3748 3006">
    <p class='ocr_par' dir='ltr' id='par_1_69' title="bbox 2238 2927 3748 3006">
     <span class='ocr_line' id='line_1_69' title="bbox 2238 2927 3748 3006; baseline -0.009 -11"><span class='ocrx_word' id='word_1_587' title='bbox 2238 2939 2364 3006; x_wconf 86' lang='grc' dir='ltr'><em>τοῖς</em></span> <span class='ocrx_word' id='word_1_588' title='bbox 2411 2940 2692 2994; x_wconf 78' lang='grc' dir='ltr'><em>πλείοσιν</em></span> <span class='ocrx_word' id='word_1_589' title='bbox 2753 2936 2972 3000; x_wconf 86' lang='grc' dir='ltr'><em>αὐτῶν,</em></span> <span class='ocrx_word' id='word_1_590' title='bbox 3010 2935 3108 2988; x_wconf 77' lang='grc' dir='ltr'><em>καὶ</em></span> <span class='ocrx_word' id='word_1_591' title='bbox 3150 2934 3294 3000; x_wconf 84' lang='grc' dir='ltr'><em>τοὺς</em></span> <span class='ocrx_word' id='word_1_592' title='bbox 3350 2932 3639 2996; x_wconf 81' lang='grc' dir='ltr'><em>ἐκλεκτοὺς</em></span> <span class='ocrx_word' id='word_1_593' title='bbox 3674 2927 3748 2982; x_wconf 81' lang='grc' dir='ltr'><strong><em>τοῦ</em></strong></span> 
     </span>
    </p>
   </div>
   <div class='ocr_carea' id='block_1_70' title="bbox 2253 3021 3750 3102">
    <p class='ocr_par' dir='ltr' id='par_1_70' title="bbox 2253 3021 3750 3102">
     <span class='ocr_line' id='line_1_70' title="bbox 2253 3021 3750 3102; baseline -0.011 -12"><span class='ocrx_word' id='word_1_594' title='bbox 2253 3033 2501 3102; x_wconf 80' lang='grc' dir='ltr'><em>Ἰσραὴλ</em></span> <span class='ocrx_word' id='word_1_595' title='bbox 2534 3031 2960 3086; x_wconf 83' lang='grc' dir='ltr'><em>συνεπόδισεν.</em></span> <span class='ocrx_word' id='word_1_596' title='bbox 2998 3031 3119 3082; x_wconf 82' lang='grc' dir='ltr'><strong><em>Ὅτι</em></strong></span> <span class='ocrx_word' id='word_1_597' title='bbox 3154 3028 3228 3099; x_wconf 80' lang='grc' dir='ltr'><em>μὴ</em></span> <span class='ocrx_word' id='word_1_598' title='bbox 3262 3027 3425 3098; x_wconf 82' lang='grc' dir='ltr'><em>μόνου</em></span> <span class='ocrx_word' id='word_1_599' title='bbox 3468 3028 3631 3096; x_wconf 80' lang='grc' dir='ltr'><em>ἄρτου,</em></span> <span class='ocrx_word' id='word_1_600' title='bbox 3653 3021 3750 3075; x_wconf 73' lang='grc' dir='ltr'><strong><em>ἀλλὰ</em></strong></span> 
     </span>
    </p>
   </div>
   <div class='ocr_carea' id='block_1_71' title="bbox 2238 3117 3749 3199">
    <p class='ocr_par' dir='ltr' id='par_1_71' title="bbox 2238 3117 3749 3199">
     <span class='ocr_line' id='line_1_71' title="bbox 2238 3117 3749 3199; baseline -0.007 -18"><span class='ocrx_word' id='word_1_601' title='bbox 2238 3128 2332 3182; x_wconf 77' lang='grc' dir='ltr'><em>καὶ</em></span> <span class='ocrx_word' id='word_1_602' title='bbox 2357 3127 2487 3197; x_wconf 70' lang='grc' dir='ltr'>ὄψου</span> <span class='ocrx_word' id='word_1_603' title='bbox 2511 3125 2836 3199; x_wconf 79' lang='grc' dir='ltr'><strong><em>προενόησεν</em></strong></span> <span class='ocrx_word' id='word_1_604' title='bbox 2868 3125 3069 3187; x_wconf 81' lang='grc' dir='ltr'><em>αὐτοῖς,</em></span> <span class='ocrx_word' id='word_1_605' title='bbox 3101 3123 3346 3176; x_wconf 80' lang='grc' dir='ltr'>διδάσκει</span> <span class='ocrx_word' id='word_1_606' title='bbox 3361 3122 3449 3175; x_wconf 72' lang='grc' dir='ltr'><em>καὶ</em></span> <span class='ocrx_word' id='word_1_607' title='bbox 3484 3123 3514 3189; x_wconf 79' lang='grc' dir='ltr'><strong>ἡ</strong></span> <span class='ocrx_word' id='word_1_608' title='bbox 3566 3117 3749 3178; x_wconf 75' lang='grc' dir='ltr'><em>Μωσέως</em></span> 
     </span>
    </p>
   </div>
   <div class='ocr_carea' id='block_1_72' title="bbox 2239 3208 3747 3292">
    <p class='ocr_par' dir='ltr' id='par_1_72' title="bbox 2239 3208 3747 3292">
     <span class='ocr_line' id='line_1_72' title="bbox 2239 3208 3747 3292; baseline -0.008 -18"><span class='ocrx_word' id='word_1_609' title='bbox 2239 3221 2520 3292; x_wconf 79' lang='grc' dir='ltr'><strong><em>Γραφὴ,ὲν</em></strong></span> <span class='ocrx_word' id='word_1_610' title='bbox 2549 3218 2644 3288; x_wconf 81' lang='grc' dir='ltr'><strong><em>μὲν</em></strong></span> <span class='ocrx_word' id='word_1_611' title='bbox 2673 3217 2866 3287; x_wconf 77' lang='grc' dir='ltr'>Ἐξόδῳ</span> <span class='ocrx_word' id='word_1_612' title='bbox 2894 3215 3143 3284; x_wconf 81' lang='grc' dir='ltr'><strong><em>λέγουσα·</em></strong></span> <span class='ocrx_word' id='word_1_613' title='bbox 3181 3215 3295 3269; x_wconf 89' lang='lat' dir='ltr'><strong><em>Kal</em></strong></span> <span class='ocrx_word' id='word_1_614' title='bbox 3332 3211 3458 3268; x_wconf 85' lang='grc' dir='ltr'><em>εἷπε</em></span> <span class='ocrx_word' id='word_1_615' title='bbox 3471 3208 3658 3276; x_wconf 81' lang='grc' dir='ltr'><em>Μωσῆς</em></span> <span class='ocrx_word' id='word_1_616' title='bbox 3679 3209 3747 3262; x_wconf 69' lang='grc' dir='ltr'><em>καὶ</em></span> 
     </span>
    </p>
   </div>
   <div class='ocr_carea' id='block_1_73' title="bbox 2254 3302 3744 3380">
    <p class='ocr_par' dir='ltr' id='par_1_73' title="bbox 2254 3302 3744 3380">
     <span class='ocr_line' id='line_1_73' title="bbox 2254 3302 3744 3380; baseline -0.009 -14"><span class='ocrx_word' id='word_1_617' title='bbox 2254 3310 2468 3380; x_wconf 84' lang='grc' dir='ltr'><em>Ἀαρὼν</em></span> <span class='ocrx_word' id='word_1_618' title='bbox 2496 3309 2636 3378; x_wconf 73' lang='grc' dir='ltr'><em>πρὸς</em></span> <span class='ocrx_word' id='word_1_619' title='bbox 2694 3309 2901 3363; x_wconf 84' lang='grc' dir='ltr'><em>πᾶσαν</em></span> <span class='ocrx_word' id='word_1_620' title='bbox 2931 3307 3293 3378; x_wconf 70' lang='grc' dir='ltr'><em>συναγωγὴν</em></span> <span class='ocrx_word' id='word_1_621' title='bbox 3349 3305 3491 3361; x_wconf 85' lang='grc' dir='ltr'><strong><em>υἱῶν</em></strong></span> <span class='ocrx_word' id='word_1_622' title='bbox 3537 3302 3744 3371; x_wconf 71' lang='grc' dir='ltr'><em>Ἰσραήλ·</em></span> 
     </span>
    </p>
   </div>
   <div class='ocr_carea' id='block_1_74' title="bbox 2251 3387 3747 3470">
    <p class='ocr_par' dir='ltr' id='par_1_74' title="bbox 2251 3387 3747 3470">
     <span class='ocr_line' id='line_1_74' title="bbox 2251 3387 3747 3470; baseline -0.002 -15"><span class='ocrx_word' id='word_1_623' title='bbox 2251 3401 2546 3470; x_wconf 81' lang='grc' dir='ltr'><em>Ἑσπέραν</em></span> <span class='ocrx_word' id='word_1_624' title='bbox 2586 3399 2910 3470; x_wconf 68' lang='grc' dir='ltr'><em>γνώσεσθε,</em></span> <span class='ocrx_word' id='word_1_625' title='bbox 2945 3399 3034 3452; x_wconf 85' lang='grc' dir='ltr'><em>ὅτι</em></span> <span class='ocrx_word' id='word_1_626' title='bbox 3071 3400 3284 3466; x_wconf 77' lang='grc' dir='ltr'><em>Κύριος</em></span> <span class='ocrx_word' id='word_1_627' title='bbox 3341 3396 3611 3465; x_wconf 70' lang='grc' dir='ltr'><em>ἐξήγαγεν</em></span> <span class='ocrx_word' id='word_1_628' title='bbox 3635 3387 3747 3458; x_wconf 75' lang='grc' dir='ltr'><em>ὑμᾶς</em></span> 
     </span>
    </p>
   </div>
   <div class='ocr_carea' id='block_1_75' title="bbox 2239 3484 3748 3564">
    <p class='ocr_par' dir='ltr' id='par_1_75' title="bbox 2239 3484 3748 3564">
     <span class='ocr_line' id='line_1_75' title="bbox 2239 3484 3748 3564; baseline -0.011 -15"><span class='ocrx_word' id='word_1_629' title='bbox 2239 3496 2308 3549; x_wconf 83' lang='grc' dir='ltr'><em>ἐκ</em></span> <span class='ocrx_word' id='word_1_630' title='bbox 2339 3493 2443 3564; x_wconf 75' lang='grc' dir='ltr'><strong><em>τῆς</em></strong></span> <span class='ocrx_word' id='word_1_631' title='bbox 2469 3494 2773 3563; x_wconf 73' lang='grc' dir='ltr'><strong><em>Αἰγύπτου</em></strong></span> <span class='ocrx_word' id='word_1_632' title='bbox 2790 3509 2803 3523; x_wconf 88' lang='grc'><strong>·</strong></span> <span class='ocrx_word' id='word_1_633' title='bbox 2829 3492 2978 3560; x_wconf 87' lang='grc' dir='ltr'><em>πρωῒ</em></span> <span class='ocrx_word' id='word_1_634' title='bbox 3001 3490 3068 3544; x_wconf 89' lang='grc' dir='ltr'>δὲ</span> <span class='ocrx_word' id='word_1_635' title='bbox 3091 3490 3321 3560; x_wconf 76' lang='grc' dir='ltr'><em>ὄψεσθε</em></span> <span class='ocrx_word' id='word_1_636' title='bbox 3352 3489 3462 3557; x_wconf 79' lang='grc' dir='ltr'><em>τὴν</em></span> <span class='ocrx_word' id='word_1_637' title='bbox 3484 3487 3644 3548; x_wconf 76' lang='grc' dir='ltr'><em>δόξαν</em></span> <span class='ocrx_word' id='word_1_638' title='bbox 3668 3484 3748 3534; x_wconf 79' lang='lat' dir='ltr'><strong><em>Ku-</em></strong></span> 
     </span>
    </p>
   </div>
   <div class='ocr_carea' id='block_1_76' title="bbox 2231 3579 3747 3655">
    <p class='ocr_par' dir='ltr' id='par_1_76' title="bbox 2231 3579 3747 3655">
     <span class='ocr_line' id='line_1_76' title="bbox 2231 3579 3747 3655; baseline -0.005 -15"><span class='ocrx_word' id='word_1_639' title='bbox 2231 3587 2389 3655; x_wconf 83' lang='grc' dir='ltr'><em>ρίου,</em></span> <span class='ocrx_word' id='word_1_640' title='bbox 2412 3589 2482 3640; x_wconf 84' lang='grc' dir='ltr'><strong><em>ἐν</em></strong></span> <span class='ocrx_word' id='word_1_641' title='bbox 2509 3585 2588 3652; x_wconf 82' lang='grc' dir='ltr'><em>τῷ</em></span> <span class='ocrx_word' id='word_1_642' title='bbox 2617 3585 2971 3639; x_wconf 72' lang='grc' dir='ltr'><em>εἰσακοῦσαι</em></span> <span class='ocrx_word' id='word_1_643' title='bbox 3009 3582 3194 3638; x_wconf 76' lang='grc' dir='ltr'><em>αὑτὸν</em></span> <span class='ocrx_word' id='word_1_644' title='bbox 3220 3581 3419 3636; x_wconf 82' lang='grc' dir='ltr'><em>πάντα</em></span> <span class='ocrx_word' id='word_1_645' title='bbox 3465 3579 3562 3634; x_wconf 70' lang='grc' dir='ltr'><strong><em>τὸν</em></strong></span> <span class='ocrx_word' id='word_1_646' title='bbox 3598 3592 3747 3645; x_wconf 64' lang='lat' dir='ltr'><strong><em>rom“</em></strong></span> 
     </span>
    </p>
   </div>
   <div class='ocr_carea' id='block_1_77' title="bbox 2240 3661 3746 3749">
    <p class='ocr_par' dir='ltr' id='par_1_77' title="bbox 2240 3661 3746 3749">
     <span class='ocr_line' id='line_1_77' title="bbox 2240 3661 3746 3749; baseline -0.012 -14"><span class='ocrx_word' id='word_1_647' title='bbox 2240 3678 2398 3747; x_wconf 80' lang='grc' dir='ltr'><em>σμὸν</em></span> <span class='ocrx_word' id='word_1_648' title='bbox 2423 3678 2610 3749; x_wconf 86' lang='grc' dir='ltr'><em>ὑμῶν,</em></span> <span class='ocrx_word' id='word_1_649' title='bbox 2634 3679 2704 3731; x_wconf 86' lang='grc' dir='ltr'><em>ἐν</em></span> <span class='ocrx_word' id='word_1_650' title='bbox 2726 3675 2805 3742; x_wconf 84' lang='grc' dir='ltr'><em>τῷ</em></span> <span class='ocrx_word' id='word_1_651' title='bbox 2830 3676 3059 3730; x_wconf 82' lang='grc' dir='ltr'><strong><em>διδόναι</em></strong></span> <span class='ocrx_word' id='word_1_652' title='bbox 3088 3674 3192 3728; x_wconf 82' lang='grc' dir='ltr'><strong><em>τόν</em></strong></span> <span class='ocrx_word' id='word_1_653' title='bbox 3226 3675 3448 3742; x_wconf 76' lang='grc' dir='ltr'><em>Κύριον</em></span> <span class='ocrx_word' id='word_1_654' title='bbox 3468 3669 3593 3741; x_wconf 81' lang='grc' dir='ltr'><em>ὑμῖν</em></span> <span class='ocrx_word' id='word_1_655' title='bbox 3614 3661 3746 3720; x_wconf 75' lang='grc' dir='ltr'><em>ἐσπέ-</em></span> 
     </span>
    </p>
   </div>
   <div class='ocr_carea' id='block_1_78' title="bbox 2233 3759 3746 3839">
    <p class='ocr_par' dir='ltr' id='par_1_78' title="bbox 2233 3759 3746 3839">
     <span class='ocr_line' id='line_1_78' title="bbox 2233 3759 3746 3839; baseline -0.02 0"><span class='ocrx_word' id='word_1_656' title='bbox 2233 3788 2347 3839; x_wconf 69' lang='grc' dir='ltr'><strong><em>ρας</em></strong></span> <span class='ocrx_word' id='word_1_657' title='bbox 2376 3770 2521 3838; x_wconf 79' lang='grc' dir='ltr'><em>κρέα</em></span> <span class='ocrx_word' id='word_1_658' title='bbox 2556 3768 2786 3838; x_wconf 65' lang='grc' dir='ltr'><em>φαγεῖν,</em></span> <span class='ocrx_word' id='word_1_659' title='bbox 2843 3767 2941 3820; x_wconf 75' lang='grc' dir='ltr'><em>καὶ</em></span> <span class='ocrx_word' id='word_1_660' title='bbox 2988 3765 3206 3835; x_wconf 75' lang='grc' dir='ltr'><em>ἄρτους</em></span> <span class='ocrx_word' id='word_1_661' title='bbox 3256 3765 3324 3818; x_wconf 88' lang='grc' dir='ltr'><em>τὸ</em></span> <span class='ocrx_word' id='word_1_662' title='bbox 3348 3763 3496 3832; x_wconf 78' lang='grc' dir='ltr'><em>πρωῒ</em></span> <span class='ocrx_word' id='word_1_663' title='bbox 3533 3763 3607 3823; x_wconf 75' lang='grc' dir='ltr'><strong><em>εις</em></strong></span> <span class='ocrx_word' id='word_1_664' title='bbox 3637 3759 3746 3819; x_wconf 72' lang='grc' dir='ltr'><em>πλη-</em></span> 
     </span>
    </p>
   </div>
   <div class='ocr_carea' id='block_1_79' title="bbox 2240 3845 3745 3935">
    <p class='ocr_par' dir='ltr' id='par_1_79' title="bbox 2240 3845 3745 3935">
     <span class='ocr_line' id='line_1_79' title="bbox 2240 3845 3745 3935; baseline -0.012 -16"><span class='ocrx_word' id='word_1_665' title='bbox 2240 3864 2621 3935; x_wconf 73' lang='grc' dir='ltr'><em>σμονήν.Καὶ</em></span> <span class='ocrx_word' id='word_1_666' title='bbox 2645 3861 2882 3929; x_wconf 76' lang='grc' dir='ltr'><strong><em>ἐπιλέγει</em></strong></span> <span class='ocrx_word' id='word_1_667' title='bbox 2901 3860 3042 3929; x_wconf 62' lang='grc' dir='ltr'><strong><em>ἑξῆς</em></strong></span> <span class='ocrx_word' id='word_1_668' title='bbox 3073 3858 3182 3912; x_wconf 86' lang='grc' dir='ltr'><strong><em>Καὶ</em></strong></span> <span class='ocrx_word' id='word_1_669' title='bbox 3203 3857 3439 3927; x_wconf 68' lang='grc' dir='ltr'><em>ἐγένετο</em></span> <span class='ocrx_word' id='word_1_670' title='bbox 3466 3845 3745 3919; x_wconf 66' lang='grc' dir='ltr'><em>ἐσπέρα,καὶ</em></span> 
     </span>
    </p>
   </div>
   <div class='ocr_carea' id='block_1_80' title="bbox 2239 3938 3742 4024">
    <p class='ocr_par' dir='ltr' id='par_1_80' title="bbox 2239 3938 3742 4024">
     <span class='ocr_line' id='line_1_80' title="bbox 2239 3938 3742 4024; baseline -0.012 -12"><span class='ocrx_word' id='word_1_671' title='bbox 2239 3955 2419 4023; x_wconf 82' lang='grc' dir='ltr'><em>ἀνέϐη</em></span> <span class='ocrx_word' id='word_1_672' title='bbox 2447 3953 2868 4024; x_wconf 71' lang='grc' dir='ltr'><em>ὀρτυγομήτρα,</em></span> <span class='ocrx_word' id='word_1_673' title='bbox 2885 3953 2979 4006; x_wconf 75' lang='grc' dir='ltr'><strong><em>καὶ</em></strong></span> <span class='ocrx_word' id='word_1_674' title='bbox 2994 3950 3263 4018; x_wconf 70' lang='grc' dir='ltr'><em>ἐκάλυψε</em></span> <span class='ocrx_word' id='word_1_675' title='bbox 3282 3948 3399 4016; x_wconf 85' lang='grc' dir='ltr'><em>τὴν</em></span> <span class='ocrx_word' id='word_1_676' title='bbox 3413 3938 3742 4014; x_wconf 71' lang='grc' dir='ltr'><em>παρεμϐολήν·</em></span> 
     </span>
    </p>
   </div>
   <div class='ocr_carea' id='block_1_81' title="bbox 2239 4027 3744 4114">
    <p class='ocr_par' dir='ltr' id='par_1_81' title="bbox 2239 4027 3744 4114">
     <span class='ocr_line' id='line_1_81' title="bbox 2239 4027 3744 4114; baseline -0.011 -16"><span class='ocrx_word' id='word_1_677' title='bbox 2239 4046 2306 4100; x_wconf 81' lang='grc' dir='ltr'><em>τὸ</em></span> <span class='ocrx_word' id='word_1_678' title='bbox 2330 4047 2478 4114; x_wconf 82' lang='grc' dir='ltr'><em>πρωῒ</em></span> <span class='ocrx_word' id='word_1_679' title='bbox 2489 4044 2556 4097; x_wconf 85' lang='grc' dir='ltr'>δὲ</span> <span class='ocrx_word' id='word_1_680' title='bbox 2574 4043 2810 4114; x_wconf 72' lang='grc' dir='ltr'><em>ἐγένετο</em></span> <span class='ocrx_word' id='word_1_681' title='bbox 2828 4041 3323 4109; x_wconf 82' lang='grc' dir='ltr'><em>καταπαυομένης</em></span> <span class='ocrx_word' id='word_1_682' title='bbox 3339 4037 3442 4106; x_wconf 82' lang='grc' dir='ltr'><em>τῆς</em></span> <span class='ocrx_word' id='word_1_683' title='bbox 3463 4037 3655 4104; x_wconf 87' lang='grc' dir='ltr'><em>δρόσου</em></span> <span class='ocrx_word' id='word_1_684' title='bbox 3673 4027 3744 4080; x_wconf 76' lang='grc' dir='ltr'><em>κύο</em></span> 
     </span>
    </p>
   </div>
   <div class='ocr_carea' id='block_1_82' title="bbox 2239 4120 3743 4207">
    <p class='ocr_par' dir='ltr' id='par_1_82' title="bbox 2239 4120 3743 4207">
     <span class='ocr_line' id='line_1_82' title="bbox 2239 4120 3743 4207; baseline -0.011 -14"><span class='ocrx_word' id='word_1_685' title='bbox 2239 4142 2364 4207; x_wconf 84' lang='grc' dir='ltr'><em>κλῳ</em></span> <span class='ocrx_word' id='word_1_686' title='bbox 2383 4138 2493 4206; x_wconf 83' lang='grc' dir='ltr'><em>τῆς</em></span> <span class='ocrx_word' id='word_1_687' title='bbox 2524 4135 2927 4206; x_wconf 83' lang='grc' dir='ltr'><em>παρεμϐολῆς·</em></span> <span class='ocrx_word' id='word_1_688' title='bbox 2967 4137 3061 4189; x_wconf 79' lang='grc' dir='ltr'><em>καὶ</em></span> <span class='ocrx_word' id='word_1_689' title='bbox 3091 4135 3173 4189; x_wconf 74' lang='grc' dir='ltr'><strong><em>Ῑδί</em></strong></span> <span class='ocrx_word' id='word_1_690' title='bbox 3185 4135 3330 4188; x_wconf 78' lang='grc' dir='ltr'><em>ὺὲπὶ</em></span> <span class='ocrx_word' id='word_1_691' title='bbox 3357 4129 3647 4200; x_wconf 74' lang='grc' dir='ltr'><em>προσώπου</em></span> <span class='ocrx_word' id='word_1_692' title='bbox 3669 4120 3743 4186; x_wconf 79' lang='grc' dir='ltr'><em>τῆς</em></span> 
     </span>
    </p>
   </div>
   <div class='ocr_carea' id='block_1_83' title="bbox 2239 4214 3742 4300">
    <p class='ocr_par' dir='ltr' id='par_1_83' title="bbox 2239 4214 3742 4300">
     <span class='ocr_line' id='line_1_83' title="bbox 2239 4214 3742 4300; baseline -0.011 -16"><span class='ocrx_word' id='word_1_693' title='bbox 2239 4229 2480 4300; x_wconf 79' lang='grc' dir='ltr'><strong><em>ἐρήμου,</em></strong></span> <span class='ocrx_word' id='word_1_694' title='bbox 2509 4228 2738 4284; x_wconf 77' lang='grc' dir='ltr'><em>λεπτὸν</em></span> <span class='ocrx_word' id='word_1_695' title='bbox 2761 4228 2902 4281; x_wconf 79' lang='grc' dir='ltr'><em>ὡσεὶ</em></span> <span class='ocrx_word' id='word_1_696' title='bbox 2935 4229 3160 4287; x_wconf 85' lang='grc' dir='ltr'><em>κόνιον,</em></span> <span class='ocrx_word' id='word_1_697' title='bbox 3200 4225 3427 4280; x_wconf 77' lang='grc' dir='ltr'><em>λευκὸν</em></span> <span class='ocrx_word' id='word_1_698' title='bbox 3452 4222 3578 4276; x_wconf 77' lang='grc' dir='ltr'><em>ὡσεὶ</em></span> <span class='ocrx_word' id='word_1_699' title='bbox 3606 4214 3742 4284; x_wconf 72' lang='grc' dir='ltr'><em>πάνυ(</em></span> 
     </span>
    </p>
   </div>
   <div class='ocr_carea' id='block_1_84' title="bbox 2238 4308 3742 4391">
    <p class='ocr_par' dir='ltr' id='par_1_84' title="bbox 2238 4308 3742 4391">
     <span class='ocr_line' id='line_1_84' title="bbox 2238 4308 3742 4391; baseline -0.012 -13"><span class='ocrx_word' id='word_1_700' title='bbox 2238 4324 2337 4378; x_wconf 74' lang='grc' dir='ltr'><strong><em>ἐπὶ</em></strong></span> <span class='ocrx_word' id='word_1_701' title='bbox 2365 4321 2474 4390; x_wconf 86' lang='grc' dir='ltr'><em>τῆς</em></span> <span class='ocrx_word' id='word_1_702' title='bbox 2529 4322 2662 4391; x_wconf 72' lang='grc' dir='ltr'><em>γῆς.</em></span> <span class='ocrx_word' id='word_1_703' title='bbox 2711 4321 2847 4374; x_wconf 80' lang='grc' dir='ltr'><em>Ἀλλ’</em></span> <span class='ocrx_word' id='word_1_704' title='bbox 2877 4322 3063 4391; x_wconf 81' lang='grc' dir='ltr'>ἐπειδὴ</span> <span class='ocrx_word' id='word_1_705' title='bbox 3105 4320 3245 4391; x_wconf 77' lang='grc' dir='ltr'><em>μετὰ</em></span> <span class='ocrx_word' id='word_1_706' title='bbox 3287 4319 3458 4373; x_wconf 78' lang='grc' dir='ltr'><em>ταῦτα</em></span> <span class='ocrx_word' id='word_1_707' title='bbox 3489 4315 3667 4386; x_wconf 69' lang='grc' dir='ltr'><em>εἴρηται</em></span> <span class='ocrx_word' id='word_1_708' title='bbox 3706 4308 3742 4357; x_wconf 77' lang='grc' dir='ltr'><strong><em>ἐν</em></strong></span> 
     </span>
    </p>
   </div>
   <div class='ocr_carea' id='block_1_85' title="bbox 2253 4407 3741 4488">
    <p class='ocr_par' dir='ltr' id='par_1_85' title="bbox 2253 4407 3741 4488">
     <span class='ocr_line' id='line_1_85' title="bbox 2253 4407 3741 4488; baseline -0.016 -10"><span class='ocrx_word' id='word_1_709' title='bbox 2253 4417 2310 4468; x_wconf 81' lang='grc' dir='ltr'>Ἀ</span> <span class='ocrx_word' id='word_1_710' title='bbox 2321 4414 2403 4488; x_wconf 83' lang='grc' dir='ltr'><em>ριθ</em></span> <span class='ocrx_word' id='word_1_711' title='bbox 2413 4416 2738 4485; x_wconf 76' lang='grc' dir='ltr'><strong><em>μαῖς’-Καὶ</em></strong></span> <span class='ocrx_word' id='word_1_712' title='bbox 2756 4419 2787 4469; x_wconf 90' lang='grc' dir='ltr'><strong><em>ό</em></strong></span> <span class='ocrx_word' id='word_1_713' title='bbox 2802 4416 2902 4468; x_wconf 81' lang='grc' dir='ltr'><em>ἐπί</em></span> <span class='ocrx_word' id='word_1_714' title='bbox 2899 4425 3106 4484; x_wconf 80' lang='grc' dir='ltr'><em>μικτος</em></span> <span class='ocrx_word' id='word_1_715' title='bbox 3129 4414 3198 4466; x_wconf 76' lang='grc' dir='ltr'><strong><em>ὲν</em></strong></span> <span class='ocrx_word' id='word_1_716' title='bbox 3220 4416 3298 4465; x_wconf 83' lang='grc' dir='ltr'><em>αὑ</em></span> <span class='ocrx_word' id='word_1_717' title='bbox 3309 4411 3424 4476; x_wconf 79' lang='grc' dir='ltr'><em>τοῖς</em></span> <span class='ocrx_word' id='word_1_718' title='bbox 3437 4407 3741 4472; x_wconf 76' lang='grc' dir='ltr'><em>ἐπεθύμησεν</em></span> 
     </span>
    </p>
   </div>
   <div class='ocr_carea' id='block_1_86' title="bbox 2239 4488 3742 4572">
    <p class='ocr_par' dir='ltr' id='par_1_86' title="bbox 2239 4488 3742 4572">
     <span class='ocr_line' id='line_1_86' title="bbox 2239 4488 3742 4572; baseline -0.002 -15"><span class='ocrx_word' id='word_1_719' title='bbox 2239 4503 2573 4572; x_wconf 79' lang='grc' dir='ltr'><em>ἐπιθυμίαν,</em></span> <span class='ocrx_word' id='word_1_720' title='bbox 2607 4504 2702 4556; x_wconf 77' lang='grc' dir='ltr'><em>καὶ</em></span> <span class='ocrx_word' id='word_1_721' title='bbox 2719 4505 3075 4570; x_wconf 79' lang='grc' dir='ltr'><em>καθίσαντες</em></span> <span class='ocrx_word' id='word_1_722' title='bbox 3100 4503 3327 4557; x_wconf 73' lang='grc' dir='ltr'><em>ἔκλαον</em></span> <span class='ocrx_word' id='word_1_723' title='bbox 3355 4505 3404 4555; x_wconf 80' lang='lat' dir='ltr'><strong><em>oi</em></strong></span> <span class='ocrx_word' id='word_1_724' title='bbox 3421 4498 3522 4554; x_wconf 81' lang='lat' dir='ltr'><strong><em>vlol</em></strong></span> <span class='ocrx_word' id='word_1_725' title='bbox 3540 4488 3742 4562; x_wconf 67' lang='grc' dir='ltr'><em>Ἰσραῆ-Ῑν</em></span> 
     </span>
    </p>
   </div>
   <div class='ocr_carea' id='block_1_87' title="bbox 553 4585 2138 4673">
    <p class='ocr_par' dir='ltr' id='par_1_87' title="bbox 553 4585 2133 4652">
     <span class='ocr_line' id='line_1_87' title="bbox 553 4585 2133 4652; baseline 0 -12"><span class='ocrx_word' id='word_1_726' title='bbox 553 4602 644 4640; x_wconf 88' lang='lat' dir='ltr'><strong><em>sus</em></strong></span> <span class='ocrx_word' id='word_1_727' title='bbox 674 4595 752 4640; x_wconf 89' lang='lat' dir='ltr'><strong><em>est</em></strong></span> <span class='ocrx_word' id='word_1_728' title='bbox 800 4603 832 4640; x_wconf 92' lang='lat' dir='ltr'><strong><em>a</em></strong></span> <span class='ocrx_word' id='word_1_729' title='bbox 869 4585 1120 4650; x_wconf 89' lang='lat' dir='ltr'><strong><em>Domino,</em></strong></span> <span class='ocrx_word' id='word_1_730' title='bbox 1151 4595 1199 4640; x_wconf 84' lang='lat' dir='ltr'><strong><em>et</em></strong></span> <span class='ocrx_word' id='word_1_731' title='bbox 1247 4587 1422 4640; x_wconf 84' lang='lat' dir='ltr'><strong><em>emisit</em></strong></span> <span class='ocrx_word' id='word_1_732' title='bbox 1459 4587 1778 4641; x_wconf 86' lang='lat' dir='ltr'><strong><em>coturnicem</em></strong></span> <span class='ocrx_word' id='word_1_733' title='bbox 1818 4605 1847 4640; x_wconf 92' lang='lat' dir='ltr'><strong><em>a</em></strong></span> <span class='ocrx_word' id='word_1_734' title='bbox 1895 4588 2052 4652; x_wconf 89' lang='lat' dir='ltr'><strong><em>mari,</em></strong></span> <span class='ocrx_word' id='word_1_735' title='bbox 2083 4595 2133 4641; x_wconf 88' lang='lat' dir='ltr'><strong><em>et</em></strong></span> 
     </span>
    </p>
   </div>
   <div class='ocr_carea' id='block_1_88' title="bbox 2237 4585 3742 4673">
    <p class='ocr_par' dir='ltr' id='par_1_88' title="bbox 2241 4588 3742 4673">
     <span class='ocr_line' id='line_1_88' title="bbox 2241 4588 3742 4673; baseline -0.004 -23"><span class='ocrx_word' id='word_1_736' title='bbox 2241 4595 2336 4650; x_wconf 65' lang='lat' dir='ltr'><strong><em>zeal</em></strong></span> <span class='ocrx_word' id='word_1_737' title='bbox 2359 4592 2558 4660; x_wconf 84' lang='grc' dir='ltr'><em>εἶπαν,</em></span> <span class='ocrx_word' id='word_1_738' title='bbox 2595 4597 2690 4662; x_wconf 85' lang='grc' dir='ltr'><strong><em>Τίς</em></strong></span> <span class='ocrx_word' id='word_1_739' title='bbox 2721 4597 2978 4666; x_wconf 69' lang='grc' dir='ltr'><em>ψωμίσει</em></span> <span class='ocrx_word' id='word_1_740' title='bbox 3006 4595 3150 4664; x_wconf 76' lang='grc' dir='ltr'><em>ἡμῖν</em></span> <span class='ocrx_word' id='word_1_741' title='bbox 3173 4594 3356 4662; x_wconf 86' lang='grc' dir='ltr'><em>κρέα;</em></span> <span class='ocrx_word' id='word_1_742' title='bbox 3400 4588 3742 4673; x_wconf 67' lang='grc' dir='ltr'><em>ἘμνήσοΨ</em></span> 
     </span>
    </p>
   </div>
   <div class='ocr_carea' id='block_1_89' title="bbox 551 4680 2131 4748">
    <p class='ocr_par' dir='ltr' id='par_1_89' title="bbox 551 4680 2131 4748">
     <span class='ocr_line' id='line_1_89' title="bbox 551 4680 2131 4748; baseline 0.001 -16"><span class='ocrx_word' id='word_1_743' title='bbox 551 4680 731 4748; x_wconf 87' lang='lat' dir='ltr'><strong><em>injecit</em></strong></span> <span class='ocrx_word' id='word_1_744' title='bbox 761 4680 819 4732; x_wconf 90' lang='lat' dir='ltr'><strong><em>in</em></strong></span> <span class='ocrx_word' id='word_1_745' title='bbox 847 4688 1027 4732; x_wconf 90' lang='lat' dir='ltr'><strong><em>castra</em></strong></span> <span class='ocrx_word' id='word_1_746' title='bbox 1057 4680 1244 4733; x_wconf 86' lang='lat' dir='ltr'><strong><em>itinere</em></strong></span> <span class='ocrx_word' id='word_1_747' title='bbox 1269 4680 1425 4735; x_wconf 82' lang='lat' dir='ltr'><strong><em>unius</em></strong></span> <span class='ocrx_word' id='word_1_748' title='bbox 1453 4680 1558 4733; x_wconf 89' lang='lat' dir='ltr'><strong><em>diei</em></strong></span> <span class='ocrx_word' id='word_1_749' title='bbox 1596 4680 1650 4733; x_wconf 91' lang='lat' dir='ltr'><strong><em>in</em></strong></span> <span class='ocrx_word' id='word_1_750' title='bbox 1673 4680 1894 4734; x_wconf 88' lang='lat' dir='ltr'><strong><em>circuitu</em></strong></span> <span class='ocrx_word' id='word_1_751' title='bbox 1925 4691 2131 4734; x_wconf 87' lang='lat' dir='ltr'><strong><em>castro-</em></strong></span> 
     </span>
    </p>
   </div>
   <div class='ocr_carea' id='block_1_90' title="bbox 551 4771 2130 4843">
    <p class='ocr_par' dir='ltr' id='par_1_90' title="bbox 551 4771 2130 4843">
     <span class='ocr_line' id='line_1_90' title="bbox 551 4771 2130 4843; baseline 0.002 -19"><span class='ocrx_word' id='word_1_752' title='bbox 551 4787 690 4833; x_wconf 83' lang='lat' dir='ltr'><strong><em>rum,</em></strong></span> <span class='ocrx_word' id='word_1_753' title='bbox 722 4772 876 4841; x_wconf 83' lang='lat' dir='ltr'><strong><em>quasi</em></strong></span> <span class='ocrx_word' id='word_1_754' title='bbox 907 4771 1112 4826; x_wconf 79' lang='lat' dir='ltr'><strong><em>duobus</em></strong></span> <span class='ocrx_word' id='word_1_755' title='bbox 1151 4771 1340 4826; x_wconf 86' lang='lat' dir='ltr'><strong><em>cubitis</em></strong></span> <span class='ocrx_word' id='word_1_756' title='bbox 1370 4788 1527 4841; x_wconf 87' lang='lat' dir='ltr'><strong><em>super</em></strong></span> <span class='ocrx_word' id='word_1_757' title='bbox 1556 4781 1774 4826; x_wconf 88' lang='lat' dir='ltr'><strong><em>terram.</em></strong></span> <span class='ocrx_word' id='word_1_758' title='bbox 1802 4771 1869 4826; x_wconf 85' lang='lat' dir='ltr'><strong><em>Et</em></strong></span> <span class='ocrx_word' id='word_1_759' title='bbox 1912 4790 2130 4843; x_wconf 88' lang='lat' dir='ltr'><strong><em>surgens</em></strong></span> 
     </span>
    </p>
   </div>
   <div class='ocr_carea' id='block_1_91' title="bbox 548 4863 2131 4936">
    <p class='ocr_par' dir='ltr' id='par_1_91' title="bbox 548 4863 2131 4936">
     <span class='ocr_line' id='line_1_91' title="bbox 548 4863 2131 4936; baseline 0.003 -22"><span class='ocrx_word' id='word_1_760' title='bbox 548 4863 771 4932; x_wconf 83' lang='lat' dir='ltr'><strong><em>populus</em></strong></span> <span class='ocrx_word' id='word_1_761' title='bbox 794 4871 902 4915; x_wconf 85' lang='lat' dir='ltr'><strong><em>toto</em></strong></span> <span class='ocrx_word' id='word_1_762' title='bbox 925 4863 1011 4916; x_wconf 89' lang='lat' dir='ltr'><strong><em>die</em></strong></span> <span class='ocrx_word' id='word_1_763' title='bbox 1037 4863 1131 4918; x_wconf 87' lang='lat' dir='ltr'><strong><em>illo</em></strong></span> <span class='ocrx_word' id='word_1_764' title='bbox 1154 4873 1204 4918; x_wconf 88' lang='lat' dir='ltr'><strong><em>et</em></strong></span> <span class='ocrx_word' id='word_1_765' title='bbox 1229 4874 1398 4926; x_wconf 84' lang='lat' dir='ltr'><strong><em>nocte,</em></strong></span> <span class='ocrx_word' id='word_1_766' title='bbox 1421 4882 1694 4936; x_wconf 79' lang='lat' dir='ltr'><strong><em>congregaz</em></strong></span> <span class='ocrx_word' id='word_1_767' title='bbox 1712 4867 1751 4918; x_wconf 92' lang='lat' dir='ltr'><strong><em>it</em></strong></span> <span class='ocrx_word' id='word_1_768' title='bbox 1779 4866 2131 4935; x_wconf 87' lang='lat' dir='ltr'><strong><em>unusquisque</em></strong></span> 
     </span>
    </p>
   </div>
   <div class='ocr_carea' id='block_1_92' title="bbox 549 4952 2128 5024">
    <p class='ocr_par' dir='ltr' id='par_1_92' title="bbox 549 4952 2128 5024">
     <span class='ocr_line' id='line_1_92' title="bbox 549 4952 2128 5024; baseline 0.002 -20"><span class='ocrx_word' id='word_1_769' title='bbox 549 4952 687 5020; x_wconf 87' lang='lat' dir='ltr'><strong><em>quod</em></strong></span> <span class='ocrx_word' id='word_1_770' title='bbox 715 4953 997 5022; x_wconf 75' lang='lat' dir='ltr'><strong><em>su/ﬁciebat</em></strong></span> <span class='ocrx_word' id='word_1_771' title='bbox 1030 4970 1048 5006; x_wconf 92' lang='lat'><strong><em>:</em></strong></span> <span class='ocrx_word' id='word_1_772' title='bbox 1083 4955 1172 5024; x_wconf 91' lang='lat' dir='ltr'><strong><em>qui</em></strong></span> <span class='ocrx_word' id='word_1_773' title='bbox 1219 4954 1463 5015; x_wconf 88' lang='lat' dir='ltr'><strong><em>multum.</em></strong></span> <span class='ocrx_word' id='word_1_774' title='bbox 1510 4973 1612 5009; x_wconf 88' lang='lat' dir='ltr'><strong><em>non</em></strong></span> <span class='ocrx_word' id='word_1_775' title='bbox 1642 4955 2128 5024; x_wconf 86' lang='lat' dir='ltr'><strong><em>superabundavit;</em></strong></span> 
     </span>
    </p>
   </div>
   <div class='ocr_carea' id='block_1_93' title="bbox 546 5044 2126 5118">
    <p class='ocr_par' dir='ltr' id='par_1_93' title="bbox 546 5044 2126 5118">
     <span class='ocr_line' id='line_1_93' title="bbox 546 5044 2126 5118; baseline 0.003 -22"><span class='ocrx_word' id='word_1_776' title='bbox 546 5053 598 5096; x_wconf 89' lang='lat' dir='ltr'><strong><em>et</em></strong></span> <span class='ocrx_word' id='word_1_777' title='bbox 617 5044 705 5112; x_wconf 87' lang='lat' dir='ltr'><strong><em>qui</em></strong></span> <span class='ocrx_word' id='word_1_778' title='bbox 735 5059 946 5112; x_wconf 90' lang='lat' dir='ltr'><strong><em>parum,</em></strong></span> <span class='ocrx_word' id='word_1_779' title='bbox 964 5061 1067 5099; x_wconf 87' lang='lat' dir='ltr'><strong><em>non</em></strong></span> <span class='ocrx_word' id='word_1_780' title='bbox 1093 5046 1337 5116; x_wconf 84' lang='lat' dir='ltr'><strong><em>indiguit.</em></strong></span> <span class='ocrx_word' id='word_1_781' title='bbox 1356 5048 1461 5114; x_wconf 85' lang='lat' dir='ltr'><strong><em>Qui</em></strong></span> <span class='ocrx_word' id='word_1_782' title='bbox 1492 5064 1701 5116; x_wconf 88' lang='lat' dir='ltr'><strong><em>parum,</em></strong></span> <span class='ocrx_word' id='word_1_783' title='bbox 1722 5049 1924 5118; x_wconf 88' lang='lat' dir='ltr'><strong><em>collegit</em></strong></span> <span class='ocrx_word' id='word_1_784' title='bbox 1952 5048 2126 5102; x_wconf 90' lang='lat' dir='ltr'><strong><em>decem</em></strong></span> 
     </span>
    </p>
   </div>
   <div class='ocr_carea' id='block_1_94' title="bbox 548 5136 2123 5204">
    <p class='ocr_par' dir='ltr' id='par_1_94' title="bbox 548 5136 2123 5204">
     <span class='ocr_line' id='line_1_94' title="bbox 548 5136 2123 5204; baseline 0.002 -14"><span class='ocrx_word' id='word_1_785' title='bbox 548 5153 720 5190; x_wconf 85' lang='lat' dir='ltr'><strong><em>caros.</em></strong></span> <span class='ocrx_word' id='word_1_786' title='bbox 747 5136 814 5189; x_wconf 81' lang='lat' dir='ltr'><strong><em>Et</em></strong></span> <span class='ocrx_word' id='word_1_787' title='bbox 837 5138 1048 5191; x_wconf 71' lang='lat' dir='ltr'><strong><em>siccata:</em></strong></span> <span class='ocrx_word' id='word_1_788' title='bbox 1081 5149 1202 5193; x_wconf 87' lang='lat' dir='ltr'><strong><em>sunt</em></strong></span> <span class='ocrx_word' id='word_1_789' title='bbox 1229 5141 1280 5193; x_wconf 90' lang='lat' dir='ltr'><strong><em>in</em></strong></span> <span class='ocrx_word' id='word_1_790' title='bbox 1299 5141 1436 5194; x_wconf 85' lang='lat' dir='ltr'><strong><em>vasis</em></strong></span> <span class='ocrx_word' id='word_1_791' title='bbox 1474 5141 1524 5192; x_wconf 89' lang='lat' dir='ltr'><strong><em>in</em></strong></span> <span class='ocrx_word' id='word_1_792' title='bbox 1559 5141 1780 5194; x_wconf 87' lang='lat' dir='ltr'><strong><em>circuitu</em></strong></span> <span class='ocrx_word' id='word_1_793' title='bbox 1807 5151 2123 5204; x_wconf 87' lang='lat' dir='ltr'><strong><em>castrorum,</em></strong></span> 
     </span>
    </p>
   </div>
   <div class='ocr_carea' id='block_1_95' title="bbox 547 5229 2125 5302">
    <p class='ocr_par' dir='ltr' id='par_1_95' title="bbox 547 5229 2125 5302">
     <span class='ocr_line' id='line_1_95' title="bbox 547 5229 2125 5302; baseline 0.006 -21"><span class='ocrx_word' id='word_1_794' title='bbox 547 5246 665 5297; x_wconf 76' lang='lat' dir='ltr'><strong><em>qua:</em></strong></span> <span class='ocrx_word' id='word_1_795' title='bbox 694 5229 915 5284; x_wconf 89' lang='lat' dir='ltr'><strong><em>aderant</em></strong></span> <span class='ocrx_word' id='word_1_796' title='bbox 949 5247 1153 5294; x_wconf 87' lang='lat' dir='ltr'><strong><em>carnes,</em></strong></span> <span class='ocrx_word' id='word_1_797' title='bbox 1209 5243 1482 5301; x_wconf 87' lang='lat' dir='ltr'><strong><em>antequam</em></strong></span> <span class='ocrx_word' id='word_1_798' title='bbox 1512 5233 1814 5302; x_wconf 85' lang='lat' dir='ltr'><strong><em>deﬁcerent.</em></strong></span> <span class='ocrx_word' id='word_1_799' title='bbox 1840 5233 1906 5286; x_wconf 86' lang='lat' dir='ltr'><strong><em>Et</em></strong></span> <span class='ocrx_word' id='word_1_800' title='bbox 1954 5235 2125 5290; x_wconf 87' lang='lat' dir='ltr'><strong><em>iratus</em></strong></span> 
     </span>
    </p>
   </div>
   <div class='ocr_carea' id='block_1_96' title="bbox 545 5315 2128 5389">
    <p class='ocr_par' dir='ltr' id='par_1_96' title="bbox 545 5315 2128 5389">
     <span class='ocr_line' id='line_1_96' title="bbox 545 5315 2128 5389; baseline 0.006 -19"><span class='ocrx_word' id='word_1_801' title='bbox 545 5325 626 5370; x_wconf 87' lang='lat' dir='ltr'><strong><em>est</em></strong></span> <span class='ocrx_word' id='word_1_802' title='bbox 660 5315 916 5373; x_wconf 86' lang='lat' dir='ltr'><strong><em>Dominus</em></strong></span> <span class='ocrx_word' id='word_1_803' title='bbox 942 5335 960 5372; x_wconf 92' lang='lat'><strong><em>:</em></strong></span> <span class='ocrx_word' id='word_1_804' title='bbox 989 5331 1039 5373; x_wconf 90' lang='lat' dir='ltr'><strong><em>et</em></strong></span> <span class='ocrx_word' id='word_1_805' title='bbox 1091 5330 1328 5374; x_wconf 84' lang='lat' dir='ltr'><strong><em>vocatum</em></strong></span> <span class='ocrx_word' id='word_1_806' title='bbox 1366 5331 1445 5377; x_wconf 85' lang='lat' dir='ltr'><strong><em>est</em></strong></span> <span class='ocrx_word' id='word_1_807' title='bbox 1484 5337 1669 5375; x_wconf 87' lang='lat' dir='ltr'><strong><em>nomen</em></strong></span> <span class='ocrx_word' id='word_1_808' title='bbox 1701 5323 1802 5376; x_wconf 90' lang='lat' dir='ltr'><strong><em>loci</em></strong></span> <span class='ocrx_word' id='word_1_809' title='bbox 1834 5323 1999 5389; x_wconf 88' lang='lat' dir='ltr'><strong><em>illius,</em></strong></span> <span class='ocrx_word' id='word_1_810' title='bbox 2033 5324 2128 5379; x_wconf 84' lang='lat' dir='ltr'><strong><em>Se-</em></strong></span> 
     </span>
    </p>
   </div>
   <div class='ocr_carea' id='block_1_97' title="bbox 545 5409 2126 5487">
    <p class='ocr_par' dir='ltr' id='par_1_97' title="bbox 545 5409 2126 5487">
     <span class='ocr_line' id='line_1_97' title="bbox 545 5409 2126 5487; baseline 0.009 -29"><span class='ocrx_word' id='word_1_811' title='bbox 545 5409 733 5476; x_wconf 83' lang='lat' dir='ltr'><strong><em>pulcra</em></strong></span> <span class='ocrx_word' id='word_1_812' title='bbox 773 5413 1227 5481; x_wconf 71' lang='lat' dir='ltr'><strong><em>concupiscentia,</em></strong></span> <span class='ocrx_word' id='word_1_813' title='bbox 1251 5414 1377 5481; x_wconf 89' lang='lat' dir='ltr'><strong><em>quia</em></strong></span> <span class='ocrx_word' id='word_1_814' title='bbox 1415 5413 1490 5466; x_wconf 90' lang='lat' dir='ltr'><strong><em>ibi</em></strong></span> <span class='ocrx_word' id='word_1_815' title='bbox 1535 5416 1846 5483; x_wconf 86' lang='lat' dir='ltr'><strong><em>sepelierunt</em></strong></span> <span class='ocrx_word' id='word_1_816' title='bbox 1875 5419 2126 5487; x_wconf 85' lang='lat' dir='ltr'><strong><em>populum</em></strong></span> 
     </span>
    </p>
   </div>
   <div class='ocr_carea' id='block_1_98' title="bbox 544 5504 2124 5580">
    <p class='ocr_par' dir='ltr' id='par_1_98' title="bbox 544 5504 2124 5580">
     <span class='ocr_line' id='line_1_98' title="bbox 544 5504 2124 5580; baseline 0.008 -27"><span class='ocrx_word' id='word_1_817' title='bbox 544 5504 633 5569; x_wconf 74' lang='lat' dir='ltr'><strong><em>qui</em></strong></span> <span class='ocrx_word' id='word_1_818' title='bbox 680 5507 1042 5574; x_wconf 85' lang='lat' dir='ltr'><strong><em>concupiverat</em></strong></span> <span class='ocrx_word' id='word_1_819' title='bbox 1059 5518 1458 5575; x_wconf 85' lang='lat' dir='ltr'><strong><em>;—opporluue</em></strong></span> <span class='ocrx_word' id='word_1_820' title='bbox 1485 5507 1932 5576; x_wconf 75' lang='lat' dir='ltr'><strong><em>igiturelausula,</em></strong></span> <span class='ocrx_word' id='word_1_821' title='bbox 1961 5527 2124 5580; x_wconf 87' lang='lat' dir='ltr'><strong><em>quam</em></strong></span> 
     </span>
    </p>
   </div>
   <div class='ocr_carea' id='block_1_99' title="bbox 549 5597 2124 5661">
    <p class='ocr_par' dir='ltr' id='par_1_99' title="bbox 549 5597 2124 5661">
     <span class='ocr_line' id='line_1_99' title="bbox 549 5597 2124 5661; baseline 0.005 -13"><span class='ocrx_word' id='word_1_822' title='bbox 549 5606 871 5661; x_wconf 80' lang='lat' dir='ltr'><strong><em>tractamus,</em></strong></span> <span class='ocrx_word' id='word_1_823' title='bbox 905 5599 1019 5654; x_wconf 61' lang='lat' dir='ltr'><strong><em>huic</em></strong></span> <span class='ocrx_word' id='word_1_824' title='bbox 1052 5597 1209 5653; x_wconf 89' lang='lat' dir='ltr'><strong><em>docet</em></strong></span> <span class='ocrx_word' id='word_1_825' title='bbox 1233 5599 1318 5652; x_wconf 79' lang='lat' dir='ltr'><strong><em>his</em></strong></span> <span class='ocrx_word' id='word_1_826' title='bbox 1355 5602 1536 5656; x_wconf 78' lang='lat' dir='ltr'><strong><em>verbis</em></strong></span> <span class='ocrx_word' id='word_1_827' title='bbox 1571 5619 1581 5654; x_wconf 91' lang='lat'>:</span> <span class='ocrx_word' id='word_1_828' title='bbox 1621 5601 1840 5656; x_wconf 78' lang='lat' dir='ltr'><strong><em>Cibaria</em></strong></span> <span class='ocrx_word' id='word_1_829' title='bbox 1871 5605 2016 5656; x_wconf 81' lang='lat' dir='ltr'><strong><em>misit</em></strong></span> <span class='ocrx_word' id='word_1_830' title='bbox 2049 5604 2124 5656; x_wconf 89' lang='lat' dir='ltr'><strong><em>eis</em></strong></span> 
     </span>
    </p>
   </div>
   <div class='ocr_carea' id='block_1_100' title="bbox 547 5689 2123 5755">
    <p class='ocr_par' dir='ltr' id='par_1_100' title="bbox 547 5689 2123 5755">
     <span class='ocr_line' id='line_1_100' title="bbox 547 5689 2123 5755; baseline 0.008 -16"><span class='ocrx_word' id='word_1_831' title='bbox 547 5689 616 5740; x_wconf 86' lang='lat' dir='ltr'><strong><em>ad</em></strong></span> <span class='ocrx_word' id='word_1_832' title='bbox 645 5693 1005 5755; x_wconf 86' lang='lat' dir='ltr'><strong><em>saturitatem,</em></strong></span> <span class='ocrx_word' id='word_1_833' title='bbox 1031 5699 1085 5746; x_wconf 91' lang='lat' dir='ltr'><strong><em>ct</em></strong></span> <span class='ocrx_word' id='word_1_834' title='bbox 1113 5702 1326 5747; x_wconf 73' lang='lat' dir='ltr'><strong><em>czetera.</em></strong></span> <span class='ocrx_word' id='word_1_835' title='bbox 1363 5692 1529 5748; x_wconf 85' lang='lat' dir='ltr'><strong><em>Docet</em></strong></span> <span class='ocrx_word' id='word_1_836' title='bbox 1551 5704 1732 5749; x_wconf 85' lang='lat' dir='ltr'><strong><em>autem</em></strong></span> <span class='ocrx_word' id='word_1_837' title='bbox 1762 5696 1998 5750; x_wconf 80' lang='lat' dir='ltr'><strong><em>volatilia</em></strong></span> <span class='ocrx_word' id='word_1_838' title='bbox 2033 5697 2123 5751; x_wconf 81' lang='lat' dir='ltr'><strong><em>illa</em></strong></span> 
     </span>
    </p>
   </div>
   <div class='ocr_carea' id='block_1_101' title="bbox 619 5807 1978 5883">
    <p class='ocr_par' dir='ltr' id='par_1_101' title="bbox 619 5807 1978 5883">
     <span class='ocr_line' id='line_1_101' title="bbox 619 5807 1978 5883; baseline 0.004 -20"><span class='ocrx_word' id='word_1_839' title='bbox 619 5812 663 5883; x_wconf 53' lang='grc' dir='ltr'><strong><em>τέ</em></strong></span> <span class='ocrx_word' id='word_1_840' title='bbox 687 5807 841 5883; x_wconf 65' lang='lat' dir='ltr'><strong><em>Joan.</em></strong></span> <span class='ocrx_word' id='word_1_841' title='bbox 877 5811 1062 5883; x_wconf 32' lang='grc' dir='ltr'><strong><em>ηιμ-55.</em></strong></span> <span class='ocrx_word' id='word_1_842' title='bbox 1140 5813 1183 5844; x_wconf 78' lang='grc'><strong><em>’⁸</em></strong></span> <span class='ocrx_word' id='word_1_843' title='bbox 1220 5812 1443 5868; x_wconf 75' lang='lat' dir='ltr'><strong><em>ibid.55.</em></strong></span> <span class='ocrx_word' id='word_1_844' title='bbox 1552 5817 1594 5848; x_wconf 77' lang='lat'><strong>&quot;</strong></span> <span class='ocrx_word' id='word_1_845' title='bbox 1621 5815 1750 5871; x_wconf 86' lang='lat' dir='ltr'><strong><em>ibid.</em></strong></span> <span class='ocrx_word' id='word_1_846' title='bbox 1783 5815 1978 5883; x_wconf 69' lang='lat'><strong><em>51,52.</em></strong></span> 
     </span>
    </p>
   </div>
   <div class='ocr_carea' id='block_1_102' title="bbox 550 5878 986 5935">
    <p class='ocr_par' dir='ltr' id='par_1_102' title="bbox 550 5878 986 5935">
     <span class='ocr_line' id='line_1_102' title="bbox 550 5878 986 5935; baseline 0.014 -6"><span class='ocrx_word' id='word_1_847' title='bbox 550 5878 592 5908; x_wconf 80' lang='grc'>³⁸</span> <span class='ocrx_word' id='word_1_848' title='bbox 625 5878 753 5931; x_wconf 75' lang='lat' dir='ltr'><strong><em>ibid.</em></strong></span> <span class='ocrx_word' id='word_1_849' title='bbox 781 5879 868 5935; x_wconf 74' lang='lat' dir='ltr'><strong><em>3U.</em></strong></span> <span class='ocrx_word' id='word_1_850' title='bbox 900 5881 986 5934; x_wconf 62' lang='grc'><strong><em>34.</em></strong></span> 
     </span>
    </p>
   </div>
   <div class='ocr_carea' id='block_1_103' title="bbox 2095 5817 2634 5885">
    <p class='ocr_par' dir='ltr' id='par_1_103' title="bbox 2095 5817 2634 5885">
     <span class='ocr_line' id='line_1_103' title="bbox 2095 5817 2634 5885; baseline -0.006 -13"><span class='ocrx_word' id='word_1_851' title='bbox 2095 5819 2135 5848; x_wconf 75' lang='grc'><strong><em>³⁷</em></strong></span> <span class='ocrx_word' id='word_1_852' title='bbox 2161 5817 2329 5874; x_wconf 76' lang='lat' dir='ltr'><strong><em>Exod.</em></strong></span> <span class='ocrx_word' id='word_1_853' title='bbox 2365 5833 2473 5885; x_wconf 72' lang='lat' dir='ltr'><strong><em>xw,</em></strong></span> <span class='ocrx_word' id='word_1_854' title='bbox 2517 5817 2634 5873; x_wconf 88' lang='lat'><strong><em>6-8.</em></strong></span> 
     </span>
    </p>
   </div>
   <div class='ocr_carea' id='block_1_104' title="bbox 2236 4669 3741 4753">
    <p class='ocr_par' dir='ltr' id='par_1_104' title="bbox 2236 4669 3741 4753">
     <span class='ocr_line' id='line_1_104' title="bbox 2236 4669 3741 4753; baseline -0.015 -2"><span class='ocrx_word' id='word_1_855' title='bbox 2236 4685 2379 4750; x_wconf 79' lang='grc' dir='ltr'><em>τοὺς</em></span> <span class='ocrx_word' id='word_1_856' title='bbox 2407 4687 2635 4753; x_wconf 67' lang='grc' dir='ltr'><em>ἰχθύας,</em></span> <span class='ocrx_word' id='word_1_857' title='bbox 2684 4685 2792 4750; x_wconf 81' lang='grc' dir='ltr'><em>οὓς</em></span> <span class='ocrx_word' id='word_1_858' title='bbox 2827 4686 3118 4753; x_wconf 77' lang='grc' dir='ltr'><em>ήσθίομεν</em></span> <span class='ocrx_word' id='word_1_859' title='bbox 3149 4685 3220 4737; x_wconf 76' lang='grc' dir='ltr'><strong><em>ἐν</em></strong></span> <span class='ocrx_word' id='word_1_860' title='bbox 3251 4683 3518 4752; x_wconf 76' lang='grc' dir='ltr'><em>Αἰγύπτῳ</em></span> <span class='ocrx_word' id='word_1_861' title='bbox 3553 4669 3741 4739; x_wconf 74' lang='grc' dir='ltr'><em>δωρεάνο</em></span> 
     </span>
    </p>
   </div>
   <div class='ocr_carea' id='block_1_105' title="bbox 2235 4758 3740 4842">
    <p class='ocr_par' dir='ltr' id='par_1_105' title="bbox 2235 4758 3740 4842">
     <span class='ocr_line' id='line_1_105' title="bbox 2235 4758 3740 4842; baseline -0.008 -12"><span class='ocrx_word' id='word_1_862' title='bbox 2235 4777 2334 4830; x_wconf 79' lang='grc' dir='ltr'><em>καὶ</em></span> <span class='ocrx_word' id='word_1_863' title='bbox 2363 4776 2505 4842; x_wconf 78' lang='grc' dir='ltr'><em>τοὺς</em></span> <span class='ocrx_word' id='word_1_864' title='bbox 2529 4776 2800 4842; x_wconf 84' lang='grc' dir='ltr'><em>σικυοὺς,</em></span> <span class='ocrx_word' id='word_1_865' title='bbox 2817 4776 2914 4830; x_wconf 76' lang='grc' dir='ltr'><em>καὶ</em></span> <span class='ocrx_word' id='word_1_866' title='bbox 2944 4775 3086 4842; x_wconf 86' lang='grc' dir='ltr'><em>τοὺς</em></span> <span class='ocrx_word' id='word_1_867' title='bbox 3125 4775 3412 4840; x_wconf 82' lang='grc' dir='ltr'><em>πέπονας,</em></span> <span class='ocrx_word' id='word_1_868' title='bbox 3435 4771 3524 4824; x_wconf 75' lang='grc' dir='ltr'><em>καὶ</em></span> <span class='ocrx_word' id='word_1_869' title='bbox 3552 4767 3613 4820; x_wconf 83' lang='grc' dir='ltr'><strong><em>τὰ</em></strong></span> <span class='ocrx_word' id='word_1_870' title='bbox 3639 4758 3740 4826; x_wconf 72' lang='grc' dir='ltr'><em>πρά-</em></span> 
     </span>
    </p>
   </div>
   <div class='ocr_carea' id='block_1_106' title="bbox 2235 4852 3740 4938">
    <p class='ocr_par' dir='ltr' id='par_1_106' title="bbox 2235 4852 3740 4938">
     <span class='ocr_line' id='line_1_106' title="bbox 2235 4852 3740 4938; baseline -0.005 -16"><span class='ocrx_word' id='word_1_871' title='bbox 2235 4883 2337 4932; x_wconf 89' lang='grc' dir='ltr'><strong><em>σα,</em></strong></span> <span class='ocrx_word' id='word_1_872' title='bbox 2367 4869 2465 4921; x_wconf 77' lang='grc' dir='ltr'><em>καὶ</em></span> <span class='ocrx_word' id='word_1_873' title='bbox 2495 4871 2567 4922; x_wconf 86' lang='grc' dir='ltr'><strong><em>τὰ</em></strong></span> <span class='ocrx_word' id='word_1_874' title='bbox 2588 4869 2834 4938; x_wconf 87' lang='grc' dir='ltr'><em>κρόμυα.</em></span> <span class='ocrx_word' id='word_1_875' title='bbox 2850 4868 3003 4922; x_wconf 74' lang='grc' dir='ltr'><em>Νυνὶ</em></span> <span class='ocrx_word' id='word_1_876' title='bbox 3025 4868 3094 4921; x_wconf 81' lang='grc' dir='ltr'>δὲ</span> <span class='ocrx_word' id='word_1_877' title='bbox 3119 4869 3156 4936; x_wconf 83' lang='grc' dir='ltr'><strong><em>ή</em></strong></span> <span class='ocrx_word' id='word_1_878' title='bbox 3173 4866 3346 4936; x_wconf 66' lang='grc' dir='ltr'><em>ψυχὴ</em></span> <span class='ocrx_word' id='word_1_879' title='bbox 3378 4862 3534 4934; x_wconf 76' lang='grc' dir='ltr'><em>ήμῶν</em></span> <span class='ocrx_word' id='word_1_880' title='bbox 3546 4852 3740 4914; x_wconf 78' lang='grc' dir='ltr'><em>κατάξη-</em></span> 
     </span>
    </p>
   </div>
   <div class='ocr_carea' id='block_1_107' title="bbox 2225 4943 3741 5039">
    <p class='ocr_par' dir='ltr' id='par_1_107' title="bbox 2225 4943 3741 5039">
     <span class='ocr_line' id='line_1_107' title="bbox 2225 4943 3741 5039; baseline -0.005 -26"><span class='ocrx_word' id='word_1_881' title='bbox 2225 4978 2352 5030; x_wconf 77' lang='grc' dir='ltr'><em>ρος.</em></span> <span class='ocrx_word' id='word_1_882' title='bbox 2382 4958 2513 5013; x_wconf 81' lang='grc' dir='ltr'><em>Εἶτα</em></span> <span class='ocrx_word' id='word_1_883' title='bbox 2531 4961 2838 5029; x_wconf 80' lang='grc' dir='ltr'><em>ὲπιλέγεται</em></span> <span class='ocrx_word' id='word_1_884' title='bbox 2873 4962 3024 5032; x_wconf 78' lang='grc' dir='ltr'><strong><em>ἑξῆς·</em></strong></span> <span class='ocrx_word' id='word_1_885' title='bbox 3057 4962 3166 5015; x_wconf 88' lang='lat' dir='ltr'><strong><em>Kal</em></strong></span> <span class='ocrx_word' id='word_1_886' title='bbox 3200 4959 3432 5028; x_wconf 80' lang='grc' dir='ltr'><em>ἀπῆλθε</em></span> <span class='ocrx_word' id='word_1_887' title='bbox 3451 4949 3645 5016; x_wconf 77' lang='grc' dir='ltr'><em>Μωσῆς</em></span> <span class='ocrx_word' id='word_1_888' title='bbox 3681 4943 3741 5039; x_wconf 61' lang='grc' dir='ltr'><strong><em>εἷς</em></strong></span> 
     </span>
    </p>
   </div>
   <div class='ocr_carea' id='block_1_108' title="bbox 2234 5049 3741 5124">
    <p class='ocr_par' dir='ltr' id='par_1_108' title="bbox 2234 5049 3741 5124">
     <span class='ocr_line' id='line_1_108' title="bbox 2234 5049 3741 5124; baseline -0.019 1"><span class='ocrx_word' id='word_1_889' title='bbox 2234 5055 2348 5123; x_wconf 72' lang='grc' dir='ltr'><em>τὴν</em></span> <span class='ocrx_word' id='word_1_890' title='bbox 2376 5054 2781 5124; x_wconf 73' lang='grc' dir='ltr'><em>παρεμϐολὴν,</em></span> <span class='ocrx_word' id='word_1_891' title='bbox 2819 5053 3002 5120; x_wconf 83' lang='grc' dir='ltr'><em>αὐτὸς</em></span> <span class='ocrx_word' id='word_1_892' title='bbox 3040 5054 3137 5107; x_wconf 77' lang='grc' dir='ltr'><em>καὶ</em></span> <span class='ocrx_word' id='word_1_893' title='bbox 3188 5057 3242 5107; x_wconf 85' lang='grc' dir='ltr'><em>οι</em></span> <span class='ocrx_word' id='word_1_894' title='bbox 3287 5050 3638 5120; x_wconf 82' lang='grc' dir='ltr'><em>πρεσϐύτεροι</em></span> <span class='ocrx_word' id='word_1_895' title='bbox 3664 5049 3741 5090; x_wconf 80' lang='grc' dir='ltr'><strong><em>του</em></strong></span> 
     </span>
    </p>
   </div>
   <div class='ocr_carea' id='block_1_109' title="bbox 2247 5129 3740 5216">
    <p class='ocr_par' dir='ltr' id='par_1_109' title="bbox 2247 5129 3740 5216">
     <span class='ocr_line' id='line_1_109' title="bbox 2247 5129 3740 5216; baseline -0.005 -16"><span class='ocrx_word' id='word_1_896' title='bbox 2247 5147 2512 5215; x_wconf 87' lang='grc' dir='ltr'><em>Ἰσραήλ.</em></span> <span class='ocrx_word' id='word_1_897' title='bbox 2532 5147 2639 5201; x_wconf 81' lang='grc' dir='ltr'><strong><em>Καὶ</em></strong></span> <span class='ocrx_word' id='word_1_898' title='bbox 2655 5147 2888 5216; x_wconf 83' lang='grc' dir='ltr'><em>πνεῦμα</em></span> <span class='ocrx_word' id='word_1_899' title='bbox 2913 5147 3132 5215; x_wconf 81' lang='grc' dir='ltr'><em>ἐξῆλθε</em></span> <span class='ocrx_word' id='word_1_900' title='bbox 3144 5145 3300 5216; x_wconf 89' lang='grc' dir='ltr'><em>παρὰ</em></span> <span class='ocrx_word' id='word_1_901' title='bbox 3315 5145 3542 5213; x_wconf 81' lang='grc' dir='ltr'><em>Κυρίου,</em></span> <span class='ocrx_word' id='word_1_902' title='bbox 3559 5135 3638 5190; x_wconf 74' lang='grc' dir='ltr'><strong><em>καὶ</em></strong></span> <span class='ocrx_word' id='word_1_903' title='bbox 3651 5129 3740 5192; x_wconf 74' lang='grc' dir='ltr'><strong><em>ἐξέ-</em></strong></span> 
     </span>
    </p>
   </div>
   <div class='ocr_carea' id='block_1_110' title="bbox 2233 5215 3738 5308">
    <p class='ocr_par' dir='ltr' id='par_1_110' title="bbox 2233 5215 3738 5308">
     <span class='ocr_line' id='line_1_110' title="bbox 2233 5215 3738 5308; baseline -0.018 -2"><span class='ocrx_word' id='word_1_904' title='bbox 2233 5240 2458 5305; x_wconf 71' lang='grc' dir='ltr'><em>θρασεν</em></span> <span class='ocrx_word' id='word_1_905' title='bbox 2473 5215 2916 5308; x_wconf 77' lang='grc' dir='ltr'><em>ὀρτυγομήτραν</em></span> <span class='ocrx_word' id='word_1_906' title='bbox 2929 5239 3046 5292; x_wconf 84' lang='grc' dir='ltr'><em>ἀπὸ</em></span> <span class='ocrx_word' id='word_1_907' title='bbox 3065 5237 3174 5306; x_wconf 80' lang='grc' dir='ltr'><em>τῆς</em></span> <span class='ocrx_word' id='word_1_908' title='bbox 3192 5215 3516 5300; x_wconf 81' lang='grc' dir='ltr'><em>θαλάσσης,</em></span> <span class='ocrx_word' id='word_1_909' title='bbox 3548 5225 3628 5281; x_wconf 68' lang='grc' dir='ltr'><strong><em>καὶ</em></strong></span> <span class='ocrx_word' id='word_1_910' title='bbox 3639 5215 3738 5274; x_wconf 55' lang='lat' dir='ltr'><strong><em>iﬁl-</em></strong></span> 
     </span>
    </p>
   </div>
   <div class='ocr_carea' id='block_1_111' title="bbox 2233 5315 3738 5399">
    <p class='ocr_par' dir='ltr' id='par_1_111' title="bbox 2233 5315 3738 5399">
     <span class='ocr_line' id='line_1_111' title="bbox 2233 5315 3738 5399; baseline -0.007 -16"><span class='ocrx_word' id='word_1_911' title='bbox 2233 5331 2418 5383; x_wconf 82' lang='grc' dir='ltr'><em>ϐαλεν</em></span> <span class='ocrx_word' id='word_1_912' title='bbox 2443 5330 2540 5383; x_wconf 75' lang='grc' dir='ltr'><strong><em>ἐπὶ</em></strong></span> <span class='ocrx_word' id='word_1_913' title='bbox 2566 5331 2679 5398; x_wconf 74' lang='grc' dir='ltr'><em>τὴν</em></span> <span class='ocrx_word' id='word_1_914' title='bbox 2700 5329 3085 5399; x_wconf 81' lang='grc' dir='ltr'><em>παρεμϐολὴν</em></span> <span class='ocrx_word' id='word_1_915' title='bbox 3095 5329 3238 5383; x_wconf 82' lang='grc' dir='ltr'><em>όδὸν</em></span> <span class='ocrx_word' id='word_1_916' title='bbox 3267 5327 3500 5398; x_wconf 75' lang='grc' dir='ltr'><em>ἡμέρας,</em></span> <span class='ocrx_word' id='word_1_917' title='bbox 3521 5315 3738 5375; x_wconf 69' lang='grc' dir='ltr'><em>ἐντεῦθεν</em></span> 
     </span>
    </p>
   </div>
   <div class='ocr_carea' id='block_1_112' title="bbox 2235 5403 3733 5491">
    <p class='ocr_par' dir='ltr' id='par_1_112' title="bbox 2235 5403 3733 5491">
     <span class='ocr_line' id='line_1_112' title="bbox 2235 5403 3733 5491; baseline -0.006 -17"><span class='ocrx_word' id='word_1_918' title='bbox 2235 5422 2438 5485; x_wconf 78' lang='grc' dir='ltr'><em>κύκλῳ</em></span> <span class='ocrx_word' id='word_1_919' title='bbox 2468 5420 2576 5489; x_wconf 84' lang='grc' dir='ltr'><em>τῆς</em></span> <span class='ocrx_word' id='word_1_920' title='bbox 2604 5422 2982 5491; x_wconf 84' lang='grc' dir='ltr'><em>παρεμϐολῆς</em></span> <span class='ocrx_word' id='word_1_921' title='bbox 3000 5421 3141 5476; x_wconf 80' lang='grc' dir='ltr'><em>ὡσεὶ</em></span> <span class='ocrx_word' id='word_1_922' title='bbox 3157 5421 3379 5487; x_wconf 84' lang='grc' dir='ltr'><em>δίπηχυ</em></span> <span class='ocrx_word' id='word_1_923' title='bbox 3405 5416 3513 5472; x_wconf 72' lang='grc' dir='ltr'><strong><em>ἀπὸ</em></strong></span> <span class='ocrx_word' id='word_1_924' title='bbox 3529 5410 3622 5477; x_wconf 71' lang='grc' dir='ltr'><em>τῆς</em></span> <span class='ocrx_word' id='word_1_925' title='bbox 3640 5403 3733 5491; x_wconf 57' lang='grc' dir='ltr'><strong><em>γῆςέ</em></strong></span> 
     </span>
    </p>
   </div>
   <div class='ocr_carea' id='block_1_113' title="bbox 2235 5490 3733 5581">
    <p class='ocr_par' dir='ltr' id='par_1_113' title="bbox 2235 5490 3733 5581">
     <span class='ocr_line' id='line_1_113' title="bbox 2235 5490 3733 5581; baseline -0.008 -15"><span class='ocrx_word' id='word_1_926' title='bbox 2235 5513 2341 5566; x_wconf 86' lang='lat' dir='ltr'><strong><em>Kal</em></strong></span> <span class='ocrx_word' id='word_1_927' title='bbox 2368 5513 2636 5579; x_wconf 82' lang='grc' dir='ltr'><em>ἀναστὰς</em></span> <span class='ocrx_word' id='word_1_928' title='bbox 2660 5517 2692 5566; x_wconf 95' lang='grc' dir='ltr'><strong><em>ό</em></strong></span> <span class='ocrx_word' id='word_1_929' title='bbox 2711 5490 2856 5579; x_wconf 82' lang='grc' dir='ltr'><em>λαὸς</em></span> <span class='ocrx_word' id='word_1_930' title='bbox 2891 5513 3048 5579; x_wconf 82' lang='grc' dir='ltr'><em>ὅλην</em></span> <span class='ocrx_word' id='word_1_931' title='bbox 3063 5511 3178 5580; x_wconf 76' lang='grc' dir='ltr'><em>τὴν</em></span> <span class='ocrx_word' id='word_1_932' title='bbox 3195 5511 3416 5581; x_wconf 81' lang='grc' dir='ltr'><em>ἡμέραν</em></span> <span class='ocrx_word' id='word_1_933' title='bbox 3445 5504 3651 5566; x_wconf 76' lang='grc' dir='ltr'><em>ἐκείνην</em></span> <span class='ocrx_word' id='word_1_934' title='bbox 3665 5490 3733 5545; x_wconf 61' lang='grc' dir='ltr'><strong><em>καὶ</em></strong></span> 
     </span>
    </p>
   </div>
   <div class='ocr_carea' id='block_1_114' title="bbox 2234 5586 3732 5674">
    <p class='ocr_par' dir='ltr' id='par_1_114' title="bbox 2234 5586 3732 5674">
     <span class='ocr_line' id='line_1_114' title="bbox 2234 5586 3732 5674; baseline -0.005 -15"><span class='ocrx_word' id='word_1_935' title='bbox 2234 5604 2387 5671; x_wconf 80' lang='grc' dir='ltr'><em>ὅλην</em></span> <span class='ocrx_word' id='word_1_936' title='bbox 2412 5604 2526 5671; x_wconf 71' lang='grc' dir='ltr'><em>τὴν</em></span> <span class='ocrx_word' id='word_1_937' title='bbox 2551 5607 2762 5672; x_wconf 83' lang='grc' dir='ltr'><em>νύκτα,</em></span> <span class='ocrx_word' id='word_1_938' title='bbox 2800 5605 2899 5658; x_wconf 79' lang='grc' dir='ltr'><em>καὶ</em></span> <span class='ocrx_word' id='word_1_939' title='bbox 2941 5603 3288 5674; x_wconf 61' lang='grc' dir='ltr'><em>συνήγαγεν</em></span> <span class='ocrx_word' id='word_1_940' title='bbox 3317 5602 3556 5661; x_wconf 75' lang='grc' dir='ltr'><em>ἕκαστος</em></span> <span class='ocrx_word' id='word_1_941' title='bbox 3584 5592 3635 5644; x_wconf 80' lang='grc' dir='ltr'><em>τὸ</em></span> <span class='ocrx_word' id='word_1_942' title='bbox 3658 5586 3732 5652; x_wconf 74' lang='grc' dir='ltr'><strong><em>ἀρ’</em></strong></span> 
     </span>
    </p>
   </div>
   <div class='ocr_carea' id='block_1_115' title="bbox 2232 5681 3733 5759">
    <p class='ocr_par' dir='ltr' id='par_1_115' title="bbox 2232 5681 3733 5759">
     <span class='ocr_line' id='line_1_115' title="bbox 2232 5681 3733 5759; baseline -0.004 -9"><span class='ocrx_word' id='word_1_943' title='bbox 2232 5697 2410 5750; x_wconf 81' lang='grc' dir='ltr'><em>κοῦν’</em></span> <span class='ocrx_word' id='word_1_944' title='bbox 2447 5701 2479 5751; x_wconf 92' lang='grc' dir='ltr'><strong><em>ό</em></strong></span> <span class='ocrx_word' id='word_1_945' title='bbox 2510 5697 2576 5750; x_wconf 84' lang='grc' dir='ltr'><em>τὸ</em></span> <span class='ocrx_word' id='word_1_946' title='bbox 2602 5698 2760 5751; x_wconf 83' lang='grc' dir='ltr'><em>πολὺ</em></span> <span class='ocrx_word' id='word_1_947' title='bbox 2788 5699 2896 5750; x_wconf 72' lang='grc' dir='ltr'><em>οὐκ</em></span> <span class='ocrx_word' id='word_1_948' title='bbox 2927 5697 3287 5759; x_wconf 82' lang='grc' dir='ltr'><em>ἐπλεόνασε,</em></span> <span class='ocrx_word' id='word_1_949' title='bbox 3313 5694 3404 5747; x_wconf 69' lang='grc' dir='ltr'><em>κατ’</em></span> <span class='ocrx_word' id='word_1_950' title='bbox 3437 5695 3466 5744; x_wconf 87' lang='grc' dir='ltr'><strong><em>ό</em></strong></span> <span class='ocrx_word' id='word_1_951' title='bbox 3497 5687 3549 5741; x_wconf 81' lang='grc' dir='ltr'><strong><em>τὸ</em></strong></span> <span class='ocrx_word' id='word_1_952' title='bbox 3576 5681 3733 5745; x_wconf 59' lang='lat' dir='ltr'><strong><em>Nil“</em></strong></span> 
     </span>
    </p>
   </div>
   <div class='ocr_carea' id='block_1_116' title="bbox 2741 5790 3725 5884">
    <p class='ocr_par' dir='ltr' id='par_1_116' title="bbox 2741 5790 3725 5884">
     <span class='ocr_line' id='line_1_116' title="bbox 2741 5790 3725 5884; baseline -0.006 -11"><span class='ocrx_word' id='word_1_953' title='bbox 2741 5814 2961 5884; x_wconf 70' lang='lat' dir='ltr'><strong><em>&quot;ibid,</em></strong></span> <span class='ocrx_word' id='word_1_954' title='bbox 2999 5815 3084 5874; x_wconf 81' lang='lat' dir='ltr'><strong><em>t3.</em></strong></span> <span class='ocrx_word' id='word_1_955' title='bbox 3128 5815 3280 5869; x_wconf 77' lang='lat' dir='ltr'><strong><em>H-o.</em></strong></span> <span class='ocrx_word' id='word_1_956' title='bbox 3389 5790 3725 5862; x_wconf 52' lang='lat' dir='ltr'><strong><em>&quot;Num-“J-</em></strong></span> 
     </span>
    </p>
   </div>
  </div>
