4004 6562
234 407 327 461 931

1336 397 1843 459 COMMENTARIA
1881 394 1952 453 IN
1991 393 2331 453 PSALMOS.

3389 385 3498 445 9Ξῖ

229 524 338 579 οὐκ
357 521 772 590 ἠλαττόνησεν
787 535 802 551 °
828 521 862 573 ό
877 518 946 575 τὸ
975 519 1512 591 όλίτον,συνήγατε
1534 522 1679 576 δέκα
1703 523 1802 576 κό-

1902 529 2066 574 vento
2081 517 2334 589 impulsa,
2353 513 2605 584 injcastra
2618 511 2787 568 fuisse
2802 510 2997 568 delata.
3018 505 3329 564 Secundum
3343 505 3496 578 Sym-

224 627 387 688 ρους.
447 617 554 670 Kal
609 615 839 686 ἔψυξεν
868 615 939 668 ἐν
967 615 1090 682 τοῖς
1118 616 1424 684 ψυκτῆρσι
1457 617 1662 679 κύκλῳ
1696 615 1807 684 τῆς

229 705 609 777 παρεμϐολῆς
651 705 723 761 τὰ
746 705 889 776 κρέα
927 703 1008 776 ἦν
1042 707 1174 774 πρὶν
1211 705 1250 774 ἣ
1279 706 1548 761 ἐκλιπεῖν
1576 706 1674 778 (l).
1698 704 1808 759 Kal

231 794 492 869 ὠργίσθη
523 797 758 866 Κύριος.
790 797 896 851 Kal
925 795 1151 865 ἐκλήθη
1185 795 1252 849 τό
1281 796 1464 866 ὄνομα
1499 796 1605 850 τοῦ
1624 795 1809 849 τόπου

222 892 482 955 ἐκείνου,
514 891 806 960 Μνήματα
824 890 1158 960 ἐπιθυμίας,
1187 887 1664 957 ὄτιέκεῐὲθαψαν
1702 886 1810 942 τόν

218 983 378 1036 ,λαόν
404 981 510 1036 τὸν
537 980 1226 1052 ἐπιθυμητήν-εἰκότως
1256 975 1348 1033 οὖν
1366 980 1458 1034 καὶ
1487 982 1521 1051 ὴ
1547 978 1685 1051 μετά
1709 981 1812 1050 χεῖ-

227 1080 326 1144 ρας
378 1074 651 1146 περικοπὴ
722 1072 960 1127 διδάσκει
1018 1071 1191 1124 ταῦτα
1258 1070 1523 1140 λέγουσαι
1593 1071 1812 1124 Ἐπισι-

221 1164 437 1234 τισμόν
463 1164 822 1220 ἀπέστειλεν
853 1163 1060 1231 αὐτοῖς
1081 1166 1167 1230 εἰς
1200 1162 1594 1233 πλησμονὴν,
1629 1164 1723 1217 καὶ
1743 1163 1811 1218 τᾶ

219 1256 370 1327 ἑξῆς.
431 1257 788 1322 Διδάσκειοδὲ,
821 1257 896 1321 ὡς
922 1257 1031 1329 ἄρα
1077 1257 1166 1309 fin"
1199 1256 1417 1328 ἀνέμων
1473 1258 1811 1330 ἐλαυνόμενα

218 1346 288 1399 τὰ
321 1348 499 1419 πτηνὰ
534 1347 864 1420 κατεφέρετο
889 1349 969 1410 είς
989 1347 1088 1419 τὴν
1116 1347 1490 1420 παρεμϐολήν.
1523 1349 1634 1402 Καὶ
1668 1349 1810 1403 κατὰ

215 1437 310 1491 τὸν
338 1440 631 1511 Σύμμαχον
665 1440 721 1494 δὲ
763 1439 1009 1513 εἴρηται·
1048 1441 1151 1506 Ὃς
1196 1437 1345 1510 ἦρεν
1373 1435 1572 1508 Εὗρον
1611 1440 1682 1506 ἐξ
1710 1442 1810 1496 οὐ-

207 1532 426 1597 ρανοῦ,
455 1531 551 1585 καὶ
579 1531 879 1604 ἐπήγαγεν
907 1531 978 1585 ἐν
1015 1531 1088 1602 τῇ
1126 1532 1453 1599 δυναστείᾳ
1493 1533 1678 1587 αὐτοῦ
1706 1535 1812 1587 Νό-

213 1640 347 1689 τον,
384 1625 526 1679 ὡσεί
552 1625 746 1694 ἄμμον
762 1627 1092 1682 θαλασσῶν
1114 1625 1356 1680 πετεινά
1385 1626 1668 1694 πτερωτά.
1699 1626 1809 1682 Καὶ

205 1713 512 1769 ἐπέϐαλεν
532 1715 711 1770 ἔνδον
734 1717 820 1782 είς
838 1715 952 1785 τὴν
981 1714 1370 1785 παρεμϐολὴν
1383 1715 1580 1770 αὐτῶν
1606 1714 1813 1783 κύκλῳ

204 1804 339 1858 τῶν
363 1807 626 1875 σκηνῶν.
662 1809 771 1863 Καὶ
797 1807 1113 1877 φαγόντες,
1149 1807 1624 1875 ἐνεπλήσθησαν
1654 1809 1808 1876 σφό-

201 1897 330 1964 δρα
353 1914 366 1926 ·
393 1898 494 1951 καί
544 1897 659 1968 τὴν
687 1899 1006 1968 ἐπιθυμίαν
1041 1897 1241 1953 αὐτῶν
1284 1898 1539 1968 ἤνεγκεν
1583 1899 1808 1966 αὐτοῖς,

1908 611 2164 665 machum
2177 623 2307 664 vero
2322 607 2526 662 dicitur
2555 603 2690 671 :Qui
2718 603 2837 658 tulit
2861 602 3064 657 Eurum
3082 601 3145 655 de
3162 600 3310 662 calo,
3339 609 3387 653 et
3409 601 3495 652 in-

1906 701 2061 754 duxit
2108 702 2165 754 in
2196 700 2386 754 uirtute
2433 714 2532 751 sua
2577 695 2802 760 Notum,
2837 694 2993 766 quasi
3017 709 3232 748 arenam
3265 693 3495 746 marium

1908 794 2148 851 volatilia
2189 802 2440 864 pennata.
2478 791 2548 847 Et
2579 792 2754 861 injecit
2801 790 2942 844 intus
2974 789 3029 842 in
3057 797 3238 843 castra
3288 803 3496 851 eorum,

1907 890 1963 943 in
1994 888 2216 942 circuitu
2253 886 2734 942 tabernaculorum.
2763 881 2830 936 Et
2853 880 3231 935 manducantes
3263 881 3496 934 saturati

1907 988 2029 1035 sunt
2052 978 2204 1034 valde
2229 994 2247 1032 :
2273 989 2322 1032 et
2344 975 2817 1046 concupiscentiam
2846 986 3026 1028 eorum
3055 971 3236 1026 attulit
3260 971 3359 1034 eis,
3390 987 3496 1024 non

1909 1071 2221 1128 abstiterunt
2263 1089 2295 1124 a
2350 1069 2771 1139 concupiscentia
2817 1083 2937 1121 sua.
2972 1063 3106 1122 Cum
3157 1065 3329 1119 adhuc
3373 1080 3496 1119 esca

1908 1183 2088 1222 eorum
2109 1172 2242 1220 esset
2276 1180 2328 1218 tn
2360 1161 2599 1218 dentibus
2633 1177 2836 1227 eorum,
2859 1161 2943 1213 ira
2979 1159 3144 1229 igitur
3173 1157 3270 1211 Dei
3300 1158 3495 1211 invasit

1908 1257 2050 1325 illos,
2083 1265 2132 1312 et
2166 1254 2361 1309 occidit
2388 1255 2688 1323 pinguiores
2717 1268 2920 1316 eorum,
2944 1260 2994 1304 et
3007 1250 3249 1318 juniores
3274 1247 3493 1303 Israelis

1908 1351 2216 1418 prostravit.
2251 1347 2376 1402 Haec
2397 1361 2561 1418 porro
2584 1348 2709 1417 jure
2739 1347 2890 1418 passi
2913 1352 3061 1399 sunt.
3093 1342 3228 1396 Nam
3263 1343 3356 1397 ille
3379 1342 3497 1413 qui-

1909 1442 2032 1497 dem
2066 1441 2133 1496 ad
2163 1441 2414 1512 potentiae
2445 1454 2558 1496 suae
2585 1439 2850 1494 indicium
2881 1434 3206 1490 mirabiliter
3237 1435 3327 1488 illa
3364 1448 3495 1504 sup-

1909 1532 2173 1603 peditavit
2193 1548 2209 1600 ;
2232 1530 2335 1602 ipsi
2361 1546 2490 1587 vero
2512 1530 2854 1586 insaturabili
2879 1531 3128 1585 carnium
3156 1526 3495 1581 comestiOnc

1912 1625 2018 1690 usi,
2059 1625 2443 1680 intestinorum
2486 1624 2678 1678 morbo
2711 1624 3025 1694 perierunt:
3063 1621 3266 1693 ingenti
3323 1619 3494 1673 mira-

1909 1721 2036 1774 culo
2071 1733 2180 1773 non
2229 1718 2473 1772 animum
2528 1715 2874 1776 adhibentes.
2917 1729 3020 1768 nec
3076 1711 3304 1783 gloriam
3359 1711 3494 1764 tanti

1910 1807 2145 1878 prodigii
2196 1807 2406 1862 auctori
2449 1805 2791 1872 referentes;
2824 1805 2918 1861 sed
2967 1805 3065 1858 loti
3097 1802 3356 1857 carnibus
3401 1801 3496 1855 dc-

1915 1897 2038 1964 diti,
2063 1913 2220 1953 suam
2250 1899 2354 1954 sibi
2385 1898 2679 1970 perniciem
2711 1904 3098 1969 procurarunt.

199 1991 330 2043 οὺκ
369 1989 732 2060 ἀπέστησαν
787 1990 896 2060 τῆς
945 1991 1259 2062 ἐπιθυμίας
1287 1992 1505 2048 αὐτῶν,
1548 1994 1669 2046 Ἔτι
1695 1991 1806 2060 τῆς
1837 1991 2122 2060 βρώσεως
2182 1991 2382 2046 αὐτῶν
2426 1992 2621 2061 οὔσης
2653 1993 2724 2046 ἐν
2768 1991 2893 2058 τοῖς
2962 1991 3214 2047 ὀδοῦσιν
3274 1989 3494 2050 αὐτῶν,

194 2085 365 2157 ὀργὴ
419 2082 534 2142 οὖν
584 2087 732 2142 Θεοῦ
786 2087 1051 2157 ἐπῆλθεν
1095 2089 1318 2157 αὐτοῖς,
1361 2089 1458 2144 καὶ
1492 2089 1807 2146 ἀπέκτεινε
1840 2089 1984 2155 τοὺς
2039 2088 2483 2157 λιπαρωτέρους
2526 2089 2726 2143 αὐτῶν
2758 2089 2857 2142 καὶ
2925 2088 3068 2156 τοὺς
3129 2087 3497 2152 νεανίσκους

190 2179 323 2234 τοῦ
365 2180 603 2250 Ἰσραὴλ
639 2181 900 2236 ὤκλασε.
937 2180 1045 2235 Καὶ
1072 2181 1226 2236 ταῦτ’
1251 2182 1488 2255 ἔπασχον
1557 2183 1828 2252 εὐλόγωςι
1868 2183 1897 2232 ὁ
1933 2180 2031 2254 μὲν
2079 2181 2184 2254 γὰρ
2228 2181 2412 2245 αὐτοῖς
2456 2183 2536 2245 εἰς
2575 2180 2794 2244 ἔνδειξιν
2842 2179 2939 2252 τῆς
2983 2179 3147 2234 αὑτοῦ
3213 2179 3499 2250 δυνάμεως,

193 2269 535 2345 ἐταραδόξως
561 2275 655 2327 καὶ
680 2274 852 2328 ταῦτα
871 2273 1160 2348 παρεῖχενο
1227 2277 1275 2330 οἱ
1343 2276 1399 2330 δὲ
1464 2277 1726 2349 ἀπλήστῳ
1789 2275 2062 2349 χρώμενοι
2105 2271 2171 2347 τῇ
2222 2275 2564 2347 κρεωφαγία,
2603 2273 2869 2345 χολερικῷ
2910 2273 3071 2328 πάθει
3106 2272 3494 2340 διεφθείροντο,

197 2369 292 2440 μὴ
333 2371 690 2442 προσέχοντες
736 2372 835 2443 μὲν
894 2371 972 2443 τῷ
1029 2371 1121 2426 τοῦ
1180 2373 1483 2444 παραδόξου
1525 2373 1783 2444 θαύματι,
1863 2374 2000 2445 μηδὲ
2055 2370 2368 2436 δοξάζοντες
2446 2371 2538 2424 τὸν
2591 2368 3020 2438 παραδοξοποιόν
3045 2384 3058 2399 ·
3117 2367 3227 2421 ὅλοι
3278 2366 3335 2420 δὲ
3383 2364 3496 2420 τῶν

194 2463 433 2537 σαρκῶν
467 2465 795 2536 γιγνόμενοι,
830 2465 910 2519 διὸ
945 2467 1038 2519 καὶ
1066 2467 1383 2521 ἐπεσπῶντο
1423 2469 1634 2530 ἑαυτοῖς
1666 2466 1906 2538 ὄλεθρον.

297 2585 393 2637 Ἐν
436 2581 586 2637 πᾶσι
636 2584 868 2650 τούτοις
919 2583 1188 2654 ἥμαρτον
1240 2586 1349 2651 ἔτι,
1391 2587 1488 2640 καὶ
1529 2590 1639 2642 οὐκ
1668 2589 1797 2642 ἐπί-

1971 2584 2139 2641 Vens.
2173 2584 2264 2650 52,
2291 2585 2382 2642 55.
2417 2582 2484 2638 In
2530 2583 2770 2638 omnibus
2801 2584 2882 2636 Itis
2919 2591 3262 2650 peccaverunt
3300 2578 3492 2642 adhuc.

192 2683 482 2724 στευσαν
510 2669 580 2721 ἐν
598 2669 718 2735 τοῖς
746 2673 1099 2740 θαυμασίοις
1128 2674 1334 2728 αὐτοῦ,
1365 2675 1474 2728 Kal
1511 2676 1797 2740 ἐξέλιπον

192 2763 280 2816 ἐν
297 2764 646 2832 ματαιότητι
665 2767 722 2817 αἱ
749 2762 958 2833 ἡμέραι
988 2765 1186 2818 αὐτῶν
1211 2767 1306 2819 καὶ
1340 2764 1410 2820 τὰ
1460 2766 1568 2838 ἔτη
1600 2769 1798 2833 αὑτῶν

191 2858 358 2926 μετὰ
387 2852 687 2923 σπουδῆς.
732 2856 1075 2924 Ἐλεγκτικὸς
1117 2856 1191 2910 ὢν
1237 2857 1332 2911 καὶ
1365 2861 1796 2932 κατηγορητικδς

196 2949 312 3017 τῆς
350 2945 618 2999 Ἰουδαίων
641 2945 943 3017 μοχθηρίας
965 2947 992 2997 ὁ
1023 2947 1197 3016 λόγος,
1229 2947 1632 3020 καταρίθμησιν
1654 2951 1799 3002 ποιεῖ

199 3037 306 3090 καὶ
333 3035 444 3088 τῶν
475 3035 1022 3108 πεπλημμελημένων
1050 3038 1253 3101 αὐτοῖς,
1295 3038 1593 3108 παριστῶν,
1623 3040 1703 3092 ὅτι
1723 3039 1798 3112 μὴ

205 3129 392 3199 ματην
422 3128 617 3192 αὐτοὺς
630 3128 697 3181 τὰ
715 3130 812 3198 τῆς
844 3129 1010 3200 ὀργῆς
1025 3128 1115 3182 τοῦ
1133 3129 1268 3182 Θεοῦ
1289 3129 1572 3202 μετῆλθεν.
1599 3131 1701 3185 Καὶ
1733 3132 1798 3204 δὴ

197 3217 472 3279 διδάσκει,
505 3217 580 3280 ὼς
610 3218 702 3271 καὶ
740 3219 877 3289 μετὰ
904 3219 970 3272 τὰ
984 3219 1345 3291 προλεχθέντα
1379 3220 1577 3290 πάντα,
1611 3222 1800 3290 αὔξον-

202 3327 304 3373 τες
333 3309 540 3362 ἑαυτῶν
575 3311 641 3363 τὰ
671 3311 833 3375 κακὰ,
856 3312 1102 3383 ἥμαρτον
1129 3308 1236 3365 ἔτι·
1275 3313 1368 3366 καὶ
1393 3314 1660 3387 ἥμαρτον,
1679 3316 1800 3370 ἐπεὶ

205 3404 312 3455 οὐκ
355 3403 681 3455 ἐπίστευσαν
712 3406 822 3466 τοῖς
852 3403 1176 3474 θαυμασίοις
1206 3405 1392 3462 αὑτοῦ.
1423 3407 1658 3462 Τοιαῦτα
1689 3408 1797 3480 γὰρ

205 3494 506 3564 όιρθαλμοίς
545 3493 798 3564 ὁρῶντες,
825 3495 1081 3548 ἐνικῶντο
1102 3496 1204 3549 ὑπὸ
1224 3496 1326 3566 τῆς
1359 3497 1654 3570 ἐπιθυμίας
1699 3501 1796 3571 (Ξ).

211 3581 368 3650 Ε’Ϊτα,
408 3587 504 3639 καὶ
535 3585 818 3651 ἐξέλιπον
847 3587 916 3638 ἐν
944 3588 1291 3656 ματαιότητι
1337 3591 1397 3643 al
1439 3589 1648 3660 ἡμέραι
1695 3592 1800 3644 αὐ-

211 3676 352 3729 τῶν.
386 3676 514 3728 Δέον
535 3674 642 3746 γὰρ
675 3673 913 3747 θεωροὺς
941 3674 1268 3745 γενομένους
1295 3675 1403 3729 τῶν
1425 3674 1519 3729 τοῦ
1543 3675 1678 3728 Θεοῦ
1706 3691 1802 3746 με·

209 3769 703 3839 γαλουργημὰτων,
733 3767 886 3829 ὅλους
921 3767 1117 3830 αὐτοὺς
1144 3767 1420 3820 ἀναθεῖναι
1450 3767 1600 3838 αὐτῷ
1619 3785 1632 3799 ·
1664 3769 1712 3820 οἱ
1744 3767 1801 3820 δὲ

211 3860 546 3932 θρεμμάτων
578 3859 787 3928 ἀλόγων
825 3859 980 3929 δίκην
1020 3860 1086 3931 τῇ
1124 3860 1230 3914 τῶν
1266 3861 1535 3931 σωμάτων
1579 3861 1802 3930 προσεῖ-

1897 2691 1945 2735 et
1969 2697 2073 2734 non
2099 2678 2438 2734 crediderunt
2469 2677 2523 2732 in
2557 2675 2894 2730 mirabilibm
2920 2675 3054 2744 ejus.
3092 2673 3159 2727 Et
3191 2671 3494 2742 defecerunt

1898 2773 1951 2826 in
1967 2773 2200 2826 vanitate
2219 2771 2331 2825 dies
2358 2786 2560 2834 eorum,
2577 2777 2627 2821 et
2641 2769 2768 2820 anni
2792 2782 2973 2819 eorum
2992 2781 3109 2818 cum
3134 2764 3489 2828 festinatione.

1896 2864 2031 2920 Cum
2055 2878 2236 2919 sermo
2259 2863 2313 2917 in
2350 2860 2625 2932 arguenda
2641 2867 2695 2914 et
2725 2857 3026 2912 incusanda
3051 2856 3360 2911 Judaeorum
3392 2854 3494 2908 im-

1897 2957 2166 3025 probitate
2184 2954 2434 3016 totussit,
2461 2968 2648 3007 eorum
2682 2951 2885 3004 scelera
2905 2955 3209 3010 enumerat,
3227 2948 3496 3002 declarat—

1897 3063 2003 3117 que
2025 3064 2132 3102 non
2150 3048 2268 3102 sine
2285 3061 2452 3101 causa
2475 3046 2626 3115 ipsos
2648 3043 2783 3096 iram
2810 3041 2898 3096 Del
2926 3039 3294 3096 invasisse.Ac
3313 3038 3492 3103 docet,

1896 3153 1992 3195 eos
2011 3149 2133 3211 post
2147 3137 2402 3210 prtedicta
2420 3138 2508 3190 illa
2522 3136 2725 3198 omnia,
2743 3134 2883 3188 mala
2901 3141 3163 3205 augentes
3181 3149 3300 3207 spa,
3317 3132 3494 3186 adhuc

1897 3247 2155 3303 peccasse
2179 3250 2191 3285 :
2223 3245 2479 3303 peccasse
2501 3229 2711 3285 scilicet
2729 3229 2856 3299 quia
2879 3243 2985 3282 non
3011 3227 3354 3282 crediderunt
3387 3226 3494 3280 mi-

1897 3321 2090 3376 rabilia
2119 3321 2261 3391 ejus.
2297 3320 2432 3376 Cum
2469 3317 2600 3374 talia
2654 3333 2890 3387 namque
2941 3316 3077 3386 ipsis
3126 3315 3300 3371 oculis
3342 3314 3494 3370 vide-

1897 3420 2038 3476 rent,
2072 3428 2102 3466 a
2136 3410 2585 3482 concupiscentia
2640 3426 2739 3465 sua
2780 3409 3203 3478 superabantur.
3263 3405 3488 3471 Deinde,

1897 3514 1947 3559 et
1995 3503 2296 3573 defecerunt
2322 3504 2377 3557 in
2409 3503 2641 3557 vanitate
2673 3501 2786 3556 dies
2814 3517 3017 3556 eorum.
3043 3502 3182 3555 Cum
3215 3499 3492 3570 oportuis-

1899 3609 1982 3656 set
2014 3598 2158 3654 enim
2196 3597 2342 3660 illos,
2377 3603 2720 3666 spectatores
2743 3608 2939 3664 nempe
2967 3591 3345 3664 prodigiorum
3370 3588 3487 3653 Dei,

1898 3695 2046 3744 totos
2097 3703 2218 3743 sese
2265 3686 2372 3758 ipsi
2403 3685 2802 3752 "committere;
2834 3684 2912 3737 illi
2957 3689 3148 3739 contra
3202 3682 3488 3737 brutorum

1900 3781 2075 3836 instar
2123 3778 2372 3850 corporis
2423 3777 2650 3834 vanitati
2705 3776 2946 3830 animum
2995 3775 3305 3840 habebant,
3364 3789 3488 3828 cum

1893 3874 2136 3930 stultitia
2184 3881 2238 3928 et
2283 3868 2598 3942 insipientia
2649 3874 3083 3938 conquerentes,
3130 3865 3377 3936 nihilque
3422 3881 3491 3920 ex

210 3972 307 4025 χον
358 3951 697 4024 ματαιότητι,
722 3955 779 4005 ἐν
804 3952 996 4025 ἀλογίᾳ
1017 3953 1112 4006 καὶ
1137 3953 1293 4025 ἀνοίᾳ
1345 3953 1796 4026 κατηγοροῦντες,

1902 3967 2062 4023 bonis
2108 3965 2212 4022 sibi
2261 3960 2697 4020 subministratis
2744 3960 2812 4014 ad
2863 3958 2961 4015 Dei
3016 3959 3383 4029 cognitionem
3437 3967 3492 4014 et

209 4047 309 4100 καὶ
363 4045 530 4116 μηδὲν
581 4044 742 4098 πλέον
790 4046 855 4098 ὲκ
901 4045 1010 4099 τῶν
1043 4047 1123 4110 εἰς
1151 4046 1346 4112 αὐτοὺς
1375 4046 1800 4120 χορηγουμένων

209 4142 291 4203 εἰς
326 4137 525 4206 γνῶσιν
557 4137 690 4191 Θεοῦ
741 4139 835 4192 καὶ
876 4138 1054 4211 ψυχῆς
1109 4138 1380 4212 σωτηρίαν
1434 4139 1798 4211 ποριζόμενοι.

210 4227 400 4290 Οὕτως
433 4223 526 4280 οὖν
551 4226 840 4292 ἐξέλιπον
877 4228 947 4282 ἐν
968 4229 1331 4300 ματαιότητιξ
1357 4233 1417 4284 al
1449 4229 1662 4300 ἡμέραι
1692 4232 1800 4284 αὺ-

209 4318 361 4373 τῶνο
398 4319 456 4371 οὐ
494 4319 674 4388 μόνον,
704 4319 838 4374 ἀλλὰ
860 4321 954 4374 καὶ
982 4321 1052 4374 τὰ
1079 4322 1182 4390 ἐτη
1212 4319 1412 4376 αὐτῶν
1431 4322 1583 4392 μετὰ
1610 4337 1802 4376 σπου-

210 4410 326 4480 δῆς
359 4410 602 4475 ἐξέλιπον
627 4429 641 4441 ·
679 4411 820 4466 κατὰ
867 4413 1046 4466 κοινοῦ
1075 4413 1182 4486 γὰρ
1214 4414 1505 4468 ἀκουστέον
1532 4414 1648 4479 τοῦ,
1671 4415 1800 4480 ἐξέ-

209 4505 422 4554 llam“
453 4494 644 4554 ἀνθόῦ
675 4502 971 4575 πεποίηκεν
998 4506 1026 4557 ὁ
1055 4504 1311 4568 Ἀκύλας·
1341 4505 1448 4558 Καὶ
1483 4503 1804 4558 συνετέλε-

210 4609 327 4646 σεν
351 4593 432 4658 ὠς
458 4593 649 4662 ἀτμὸν
679 4592 787 4660 τὰς
813 4593 1037 4664 ἡμέρας
1077 4595 1293 4658 αὐτῶν,
1324 4595 1424 4649 καὶ
1462 4597 1533 4651 τὰ
1560 4595 1664 4664 ἔτη
1697 4597 1804 4650 αὐ-

210 4684 332 4738 τῶν
377 4683 776 4739 κατέσπευσε.
808 4685 912 4738 Τοῦ
968 4687 1066 4758 μὲν
1114 4688 1223 4758 γὰρ
1254 4689 1311 4739 ἐν
1341 4687 1662 4758 ματαιότητι
1702 4686 1802 4752 τὰς

209 4773 426 4848 ἡμέρας
459 4776 945 4840 καταναλίσκοντος
983 4779 1077 4831 καὶ
1106 4778 1173 4831 τὰ
1201 4778 1293 4850 ἔτη
1324 4778 1802 4850 παρατρέχεικατ-

208 4867 600 4938 εσπευσμένως
619 4885 632 4898 ο
659 4867 754 4921 τοῦ
785 4868 842 4922 δὲ
890 4869 990 4932 τὰς
1019 4869 1234 4940 ἡμέρας
1262 4869 1319 4922 ὲν
1351 4871 1488 4939 φωτὶ
1511 4871 1604 4923 καὶ
1630 4870 1686 4923 ὲν
1707 4868 1800 4939 ερ-

207 4975 326 5026 γοις
354 4957 578 5026 ἀγαθοῖς
605 4959 950 5023 ὲκτελοῦντος
984 4960 1040 5012 αἱ
1074 4959 1272 5031 ἡμέραι
1302 4962 1402 5015 οὐκ
1434 4961 1798 5026 ἐκλείπουσιν,

207 5047 346 5126 ἀλλὰ
368 5047 591 5121 πλήρεις
607 5050 866 5118 γίνονται,
883 5050 976 5104 καὶ
992 5050 1060 5104 τὰ
1083 5050 1177 5121 ἔτη
1202 5050 1366 5104 αὐτοῦ
1387 5051 1576 5121 ἐντελῆ
1599 5051 1802 5120 τυγχά-

208 5157 289 5192 νει
331 5140 423 5192 ml.
454 5142 918 5215 μεμακρυμμένα.
951 5142 1042 5196 Διό
1075 5142 1348 5208 κάκείνοις
1380 5146 1491 5208 τοῖς
1524 5143 1661 5215 μετὰ
1687 5161 1799 5197 τοι-

1903 4060 2098 4115 animte
2145 4059 2380 4114 salutem
2429 4052 2800 4109 conferentes.
2831 4051 2924 4107 Sic
2956 4051 3142 4124 itaque
3191 4051 3488 4121 defecerunt

1902 4154 1958 4208 in
1982 4153 2216 4208 vanitate
2249 4151 2360 4204 dies
2393 4163 2610 4213 eorum;
2637 4160 2812 4216 neque
2841 4144 2894 4199 id
2929 4150 3164 4208 tantum,
3200 4141 3294 4198 sed
3326 4142 3487 4199 etiam

1903 4247 2029 4302 anni
2059 4260 2240 4300 eorum
2261 4260 2378 4298 cum
2409 4241 2749 4312 festinatione
2775 4235 3132 4294 defecerunt:
3157 4252 3282 4290 nam
3314 4235 3448 4290 illud
3472 4276 3486 4303 ,

1901 4340 2222 4410 defecerunt,
2255 4338 2312 4392 in
2354 4336 2632 4392 communi
2672 4348 2771 4404 pro
2809 4339 3046 4403 utroque
3088 4329 3486 4400 accipiendum.

1902 4431 2008 4487 Pro
2041 4447 2150 4502 quo
2180 4429 2378 4500 Aquila
2416 4427 2586 4484 edidit
2618 4446 2631 4482 :
2664 4423 2735 4479 Et
2777 4422 3160 4480 consummavit
3198 4421 3353 4492 quasi
3399 4437 3491 4474 va-

1901 4543 2077 4598 parem
2110 4525 2222 4579 dies
2252 4540 2454 4588 eorum,
2491 4530 2540 4576 et
2593 4537 2759 4575 annos
2813 4534 2995 4574 eorum
3045 4516 3296 4586 festinare
3342 4514 3484 4584 fecit.

1902 4617 2034 4688 Ejus
2061 4618 2263 4687 quippe
2290 4615 2383 4685 qui
2419 4615 2473 4668 in
2501 4613 2739 4668 vanitate
2768 4609 2886 4666 dies
2915 4624 3046 4665 suos
3078 4605 3354 4676 transigit,
3385 4620 3486 4658 an-

1903 4709 1959 4764 ni
1994 4708 2319 4764 festinanter
2351 4704 2692 4766 decurrunt;
2727 4701 2849 4770 ejus
2896 4707 3092 4754 contra
3135 4697 3231 4768 qui
3279 4695 3398 4752 dies
3430 4697 3486 4753 in

1903 4800 2024 4854 luce
2051 4809 2105 4855 et
2128 4798 2284 4854 bonis
2309 4796 2571 4868 operibus
2607 4792 2855 4856 insumit,
2890 4788 3011 4846 dies
3041 4805 3150 4844 non
3184 4785 3484 4852 deﬁciunt;

1903 4889 1998 4946 sed
2032 4889 2177 4961 pleni
2209 4887 2470 4952 evadunt,
2507 4892 2562 4942 et
2586 4884 2715 4939 anui
2747 4883 2868 4954 ejus
2899 4880 3126 4953 perfecti
3154 4887 3210 4935 et
3241 4879 3485 4936 diuturni

1903 4989 2052 5037 sunt.
2076 4981 2446 5047 Quamobrem
2477 4978 2546 5034 iis
2573 4977 2667 5047 qui
2698 4983 2821 5046 post
2853 4982 2935 5029 tot
2964 4982 3172 5044 patrata
3195 4972 3481 5036 miracula,

1904 5075 1958 5129 in
2003 5073 2384 5129 incredulitate
2428 5075 2856 5133 consenuerunt,
2890 5067 3014 5122 vitae
3039 5075 3254 5138 tempus
3283 5080 3480 5119 vanum

1902 5175 1985 5224 est
2015 5173 2070 5223 et
2101 5166 2426 5222 festinanter
2468 5163 2728 5219 decurrit.
2758 5162 2800 5213 A
2835 5160 3112 5215 miraculis
3138 5160 3320 5229 itaque
3350 5157 3478 5220 illis,

210 5231 384 5295 αὐτας
406 5233 858 5302 παραδοξοποιίας
888 5239 946 5289 ἐν
972 5236 1198 5306 ἀπιστία
1226 5234 1670 5307 καταγηράσασιν
1699 5234 1801 5306 μά-

1904 5268 1958 5315 et
1992 5276 2022 5314 a
2052 5259 2267 5314 collatis
2297 5257 2400 5313 sibi
2432 5255 2713 5312 beneﬁciis
2743 5253 2877 5309 nihil
2905 5253 3087 5307 statim
3122 5251 3334 5307 fruetus
3359 5267 3480 5321 per-

209 5339 370 5385 :ato;
388 5323 482 5375 καὶ
507 5325 893 5396 ἐσπευσμένως
922 5328 1276 5399 παρατρέχων
1300 5328 1327 5380 ό
1353 5329 1560 5400 χρόνος.
1591 5329 1798 5381 Αὐτίκα

1903 5351 2219 5422 cipiebant;
2255 5352 2350 5406 sed
2399 5365 2495 5420 per
2547 5349 2752 5402 illatam
2802 5346 2906 5402 sibi
2933 5345 3193 5399 ultionem
3225 5343 3480 5398 meliores

209 5411 253 5464 δ’
279 5407 378 5466 οὖν
405 5411 494 5466 διὰ
523 5413 622 5483 μὲν
649 5413 756 5467 τῶν
785 5415 1074 5486 θαυμάτων
1098 5417 1191 5471 καὶ
1213 5416 1320 5471 τῶν
1339 5419 1417 5482 είς
1438 5419 1633 5482 αὐτοὺς
1653 5419 1800 5490 εὐερ-

285 5615 363 5682 (l)
395 5615 504 5668 Kal
533 5614 832 5682 ἔψυξεν...
859 5614 931 5668 τὰ
955 5613 1097 5686 κρέα
1127 5615 1205 5686 ἦν
1232 5615 1373 5684 πρὶν
1409 5617 1446 5686 ἢ
1474 5617 1797 5686 ἐπιλείπειν.

212 5683 445 5756 Phrasis
511 5686 736 5756 onyiino
813 5685 1094 5740 lllt’ltdthﬂ.
1139 5683 1442 5756 Exemplar
1475 5685 1794 5742 Vaticanum

205 5754 481 5828 ,γοεέἰοιιίε
533 5753 863 5828 μὶςΧγίζδίὶε
913 5756 1072 5828 habet
1109 5771 1128 5828 7:
1169 5757 1276 5811 Καὶ
1311 5753 1530 5828 ίὲψυξαν
1585 5759 1797 5828 lay-toi;

405 5827 418 5862 ἒ

211 5825 465 5896 ψυγμοὺς
497 5824 681 5895 κύκλῳ
711 5824 828 5898 τῆς
854 5843 990 5900 παρε
1003 5827 1223 5899 μόολῆς.
1257 5827 1335 5883 Τὰ
1369 5824 1504 5896 κρέα
1535 5827 1612 5883 ἔτι
1640 5825 1706 5896 ἢν
1736 5831 1792 5884 ὲν

1900 5444 2223 5501 evadebant.
2257 5443 2437 5510 Quare
2460 5441 2658 5497 deinde
2697 5440 2883 5496 subdit
2917 5435 3155 5493 z—Vuus
3207 5435 3296 5491 '54.
3344 5431 3477 5491 Cum

1898 5623 2010 5683 τοῖς
2033 5617 2242 5672 ὀδοῦσιν
2274 5618 2448 5689 αὐτῶν
2478 5615 2642 5689 πρινὴ
2674 5615 2967 5675 ἐκλείπειν,
3003 5612 3096 5665 καὶ
3123 5607 3323 5680 Κύριος
3349 5607 3477 5671 ἐθι)-

1904 5689 2078 5762 μώθη,
2103 5707 2160 5762 κ.
2186 5707 2248 5762 τ.
2268 5689 2318 5742 λ.
2351 5688 2509 5742 Eutr.

1974 5757 2056 5832 (2)
2096 5761 2196 5816 Ms.
2239 5760 2292 5814 in
2325 5775 2496 5830 marg.
2544 5777 2558 5814 :
2595 5761 2699 5827 I'p.
2738 5757 3010 5821 ἀπιστίας.
