4004 6538
551 383 656 441 925

1281 378 1551 437 EUSEBII
1588 374 2066 435 CAESABIENSIS
2102 375 2252 434 OPP.
2287 374 2467 431 PARS
2503 373 2592 432 Ill.
2628 405 2697 421 -—-
2735 369 3142 429 EXEGETICA.

3705 362 3805 416 θξι

551 495 810 550 occideret
830 511 917 549 eos
941 493 1244 565 qurerebant
1265 510 1406 557 eum,
1429 503 1478 547 et
1502 492 1889 546 revertebantur
1912 500 1961 545 et
1985 490 2127 544 dilu-

2232 490 2429 558 γεσιῶν
2459 488 2609 542 οὐδὲν
2651 486 2810 542 πλέον
2862 484 3097 541 ἐκτῶντο
3135 481 3270 553 πρὸς
3318 478 3606 549 ὠφέλειαν,
3639 479 3730 532 διὰ
3751 480 3805 532 δὲ

550 589 669 644 culo
693 588 960 641 veitiebant
996 586 1064 639 ad
1092 583 1571 641 Deum.Verberati
1601 584 1801 655 quippe
1830 591 1884 639 et
1923 583 2131 653 suppli-

550 680 638 733 cio
678 676 855 731 allecti
888 677 1172 730 brutorum
1200 676 1572 745 jumentorum
1606 676 1780 729 instar
1826 675 1893 728 ad
1939 674 2125 729 verbe-

548 763 723 817 rantis
755 777 978 817 sensum
1013 761 1413 816 revocabantur
1441 758 1631 828 (Vens.
1666 758 1777 829 55),
1807 774 1930 812 cum
1953 774 2018 813 ex
2045 774 2129 813 re-

548 860 635 907 cta
671 853 883 907 ratione
916 851 984 905 ad
1016 852 1293 907 meliorem
1328 865 1386 905 se
1414 850 1622 921 frugem
1658 867 1765 905 non
1798 850 2129 920 reciperent.

547 945 698 1013 Quos
750 946 831 1002 sic
888 945 1190 1015 alloquitur
1240 943 1566 1013 Scriptura:
1604 942 1784 998 Nolite
1830 945 1947 1013 ﬁeri
1991 944 2127 997 sicut

547 1055 708 1107 equus
759 1048 810 1092 et
859 1038 1055 1101 mulus,
1087 1035 1274 1107 quibus
1299 1052 1400 1089 non
1424 1045 1503 1089 est
1538 1034 1851 1089 intellectus.
1883 1034 1947 1089 In
1978 1052 2128 1089 came

548 1140 597 1184 et
634 1130 784 1199 freno
818 1128 1070 1183 maxillas
1109 1143 1289 1182 eorum
1322 1127 1616 1195 constringe
1635 1126 1724 1195 qui
1757 1142 1853 1178 non
1879 1128 2130 1194 approxi-

547 1233 695 1276 mant
726 1222 795 1275 ad
830 1232 894 1275 te.
926 1220 1101 1274 Multa
1127 1219 1339 1290 ﬂagella
1363 1229 1717 1287 peccatorum,
1743 1228 2009 1286 sperantes
2032 1236 2128 1273 au-

550 1325 653 1368 tem
687 1315 741 1367 in
777 1314 1003 1368 Domino
1032 1310 1398 1366 misericordia
1425 1310 1859 1363 circumdabit“.

2231 584 2330 653 τῆς
2355 580 2758 652 μετερχομένης
2788 577 2986 640 αὐτοὺς
3014 576 3183 646 ὀργῆς
3209 572 3488 645 κρείττους
3508 572 3804 641 ἐγίγνοντο.

2232 674 2323 727 Διὸ
2353 672 2477 743 ἑξῆς
2508 671 2750 738 ἐπιλέγει
2774 687 2786 699 ·
2826 669 3009 721 Ὅταν
3036 666 3385 720 ἀπέκτεινεν
3415 665 3659 731 αὐτοὺς,
3685 665 3808 729 ἐξε-

2231 762 2445 830 ζήτουν
2470 761 2673 824 αὑτὸν,
2710 759 2808 813 καὶ
2832 758 3202 825 ἐπέστρεφον
3224 755 3321 809 καὶ
3349 754 3627 823 ὦρθριζον
3660 758 3810 824 πρές

2232 854 2339 908 τὸν
2370 854 2537 908 Θεόν.
2574 850 2974 920 Μαστιζόμενοι
3023 849 3130 918 γὰρ
3154 848 3247 899 καὶ
3280 846 3651 917 κολαζόμενοι,
3681 866 3808 920 κτη-

2235 945 2339 999 νῶν
2368 944 2574 1012 ἀλόγων
2599 942 2753 1012 δίκην
2787 940 3036 1011 αἴσθησιν
3070 938 3437 1009 ἀνελάμϐανον
3464 939 3558 996 τοῦ
3581 941 3811 996 τύπτον-α

2233 1057 2343 1103 τος,
2369 1038 2510 1108 λόγῳ
2543 1038 2637 1108 μὲν
2665 1034 2807 1106 ὀρθῷ
2834 1034 2908 1105 μὴ
2938 1034 3418 1105 σωφρονιζόμενοι·
3450 1033 3588 1103 πρὸς
3612 1034 3710 1097 οὓς
3740 1030 3813 1087 εἷ.

2234 1148 2337 1185 πεν
2363 1130 2430 1184 ἂν
2453 1132 2481 1183 ὁ
2512 1129 2666 1197 λόγος
2682 1144 2695 1158 ·
2720 1126 2816 1195 Μὴ
2844 1126 3081 1197 γίνεσθε
3103 1126 3182 1191 ῶς
3198 1126 3380 1190 ἵππος
3409 1126 3505 1178 καὶ
3537 1127 3809 1194 ἡμίονος,

2232 1220 2323 1291 οἷς
2353 1226 2465 1278 οὐκ
2498 1222 2628 1275 ἐστι
2663 1220 2934 1286 σύνεσις.
2953 1220 3056 1272 Ἐν
3088 1217 3254 1287 κημῷ
3301 1216 3400 1271 καὶ
3444 1218 3678 1285 χαλινῷ
3708 1223 3809 1287 τὰς

2232 1317 2519 1386 σιαγόνας
2545 1312 2744 1367 αὐτῶν
2789 1310 2964 1381 ἅγξαι
3012 1310 3129 1364 τῶν
3172 1312 3257 1380 μὴ
3286 1310 3635 1381 ἐγγιζόντων
3662 1312 3811 1381 πρὶς

545 1409 638 1463 σέ.
656 1409 881 1463 Πολλοὶ
912 1413 969 1462 αὶ
992 1407 1281 1477 μάστιγες
1306 1404 1423 1458 τῶν
1452 1405 1843 1474 ἁμαρτωλῶν·
1880 1408 2020 1476 τοὺς
2049 1412 2116 1466 δὲ
2144 1412 2490 1475 ἐλπίζοντας
2521 1408 2617 1461 ἐπὶ
2650 1407 2867 1474 Κύριον
2892 1405 3065 1471 ἕλεος
3098 1402 3411 1458 κυκλώσει.

627 1501 793 1558 Vens.
828 1503 917 1569 56,
954 1502 1043 1556 57.
1089 1500 1156 1554 Et
1205 1501 1501 1555 dilexerunt
1544 1517 1661 1553 eum
1704 1502 1758 1554 in
1801 1519 1890 1557 ore
1930 1522 2046 1571 suo,
2084 1519 2135 1561 et

545 1594 729 1665 lingua
783 1611 882 1648 sua
918 1594 1120 1648 mentiti
1166 1604 1289 1647 sunt
1334 1594 1400 1647 ei.
1430 1592 1536 1647 Cor
1580 1603 1756 1647 autem
1798 1613 1978 1652 eorum
2029 1617 2131 1655 non

543 1694 659 1739 erat
688 1694 886 1738 rectum
914 1702 1031 1738 cum
1061 1701 1142 1749 eo,
1172 1702 1262 1739 nec
1294 1684 1473 1754 ﬁdeles
1505 1684 1673 1738 habili
1699 1697 1821 1740 sunt
1871 1691 1926 1743 in
1970 1700 2133 1746 testa-

543 1787 717 1832 mento
744 1778 880 1847 ejus.
914 1777 1051 1831 Cum
1099 1794 1153 1831 in
1188 1777 1274 1833 sui
1307 1777 1543 1847 gratiam
1588 1778 1851 1833 miracula
1903 1781 2129 1838 ederen-

544 1879 654 1935 tur,
686 1885 794 1924 non
845 1868 1140 1924 credebant
1175 1888 1188 1923 :
1220 1870 1490 1923 verberati
1547 1877 1727 1924 autem
1763 1879 1819 1926 et
1852 1872 2125 1929 interfecti

542 1964 960 2017 revertebantur
987 1962 1056 2016 ad
1089 1960 1500 2018 Deum.Verum
1531 1962 1583 2016 id
1614 1980 1723 2018 non
1756 1965 1965 2020 sincere
1987 1982 2127 2037 prae-

2299 1508 2407 1562 Kal
2434 1502 2759 1575 ἠγάπησαν
2782 1500 2967 1554 αὑτὸν
2990 1500 3059 1554 ἐν
3080 1499 3160 1565 τῷ
3187 1502 3431 1569 στόματι
3466 1499 3690 1564 αὐτῶν,
3714 1518 3810 1553 και

2228 1601 2304 1670 τῇ
2332 1598 2584 1670 γλώσσῃ
2616 1593 2814 1650 αὐτῶν
2841 1594 3183 1663 ἐψεύσαντο
3210 1591 3387 1657 αὐτῷ.
3406 1594 3467 1647 Ἡ
3496 1593 3567 1646 δὲ
3601 1594 3814 1661 καρδιά

2227 1690 2425 1748 αὐτῶν
2445 1690 2556 1743 οὐκ
2588 1685 2787 1742 εὐθεῖα
2821 1688 2946 1755 μετ’
2975 1685 3183 1750 αὑτοῦ,
3214 1685 3357 1739 οὐδὲ
3386 1684 3813 1752 ἐπιστώθησαν

2227 1785 2296 1838 έν
2339 1782 2415 1851 τῇ
2460 1778 2712 1847 διαθήκῃ
2769 1777 2973 1832 αὑτοῦ.
3007 1777 3127 1830 Τῶν
3178 1778 3276 1847 μὲν
3321 1776 3643 1849 παραδόξων
3681 1779 3813 1830 ἀπο·

2230 1877 2486 1938 λαύοντες
2534 1873 2636 1927 οὐκ
2681 1870 2992 1924 ἐπίστευον·
3045 1868 3426 1941 μαστιζόμενοι
3457 1869 3512 1922 δὲ
3554 1868 3648 1922 καὶ
3680 1871 3813 1921 ἀπο-

2231 1964 2587 2034 κτεινόμενοι,
2632 1960 2967 2030 ἐπέστρεφον
3015 1959 3150 2031 πρὸς
3201 1958 3291 2011 τὸν
3337 1958 3489 2011 Θεόν.
3521 1958 3667 2011 Ἀλλ’
3698 1958 3814 2011 οὐδὲ

545 2054 786 2117 stabant,
827 2053 921 2109 sed
970 2054 1227 2109 simulate
1279 2062 1491 2108 tantum
1548 2063 1597 2110 et
1650 2056 1920 2111 labiorum
1965 2067 2127 2115 tenus

2231 2054 2387 2111 τοῦτο
2418 2052 2657 2125 γνησίως
2686 2050 2923 2114 ἐποίουν,
2955 2051 3314 2121 προσποιήσει
3342 2048 3397 2101 δὲ
3428 2050 3521 2103 καὶ
3562 2049 3816 2119 εἰρωνείᾳ

540 2144 638 2201 Dei
694 2145 884 2200 laudes
932 2146 1305 2209 celebrabant,
1340 2162 1442 2201 nec
1474 2162 1611 2215 puro
1648 2163 1778 2202 sane
1812 2152 2026 2216 animo;
2058 2152 2133 2206 ita

542 2246 603 2291 ut
647 2237 756 2293 illis
808 2237 912 2292 hoc
966 2238 1169 2292 dictum
1202 2238 1536 2293 conveniat:
1574 2238 1809 2308 Populus
1845 2242 1928 2295 hic
1970 2242 2131 2298 labiis

543 2345 625 2384 me
653 2329 898 2392 honorat,
935 2346 1027 2383 cor
1059 2338 1235 2383 autem
1284 2346 1463 2382 eorum
1502 2330 1653 2401 longe
1683 2342 1759 2385 est
1796 2350 1828 2386 a
1858 2350 1957 2390 me.
1988 2333 2134 2388 Fru-

545 2435 661 2475 stra
698 2431 873 2475 autem
910 2422 1088 2475 colunt
1115 2439 1196 2476 me
1213 2422 1278 2474 ³³.
1332 2422 1397 2475 Et
1441 2423 1545 2493 ipsi
1580 2424 1801 2493 quidem
1828 2426 1895 2479 ad
1926 2436 2132 2482 tantam

545 2513 951 2583 improbitatem
986 2514 1358 2580 devenerunt;
1388 2513 1479 2569 ille
1506 2530 1638 2570 vero
1672 2516 1801 2570 boni
1848 2519 2022 2587 patris
2055 2519 2133 2573 in-

542 2614 680 2667 star,
738 2606 941 2675 majore
991 2622 1119 2676 erga
1181 2606 1302 2660 illos
1358 2606 1736 2662 misericordia
1800 2617 2131 2671 commotus.

550 2697 823 2766 pr0pitius
873 2707 988 2751 erat
1035 2697 1274 2765 peccatis
1304 2712 1517 2758 eorum,
1552 2713 1728 2768 neque
1752 2698 2005 2753 tradebat
2036 2714 2132 2755 eos

542 2788 599 2842 in
636 2794 933 2841 extremam
965 2787 1294 2856 perniciem;
1324 2787 1431 2842 imo
1458 2804 1587 2843 vero
1618 2788 1919 2843 daemonem
1950 2798 2132 2845 exter-

549 2878 899 2942 minatorcm,
929 2887 981 2933 et
1024 2880 1117 2933 ira:
1163 2894 1273 2933 sua:
1314 2880 1623 2934 ministrum
1664 2882 2003 2952 ultoremque
2032 2898 2129 2935 au-

543 2967 747 3037 gelum,
774 2969 868 3039 qui
902 2971 1053 3023 l'uror
1071 2971 1193 3039 ejus
1225 2970 1544 3033 vocabatur,
1572 2974 1787 3042 placato
1819 2972 1980 3029 Patre
2004 2991 2126 3035 suo,

540 3060 611 3113 ab
640 3060 830 3115 iisdem
856 3062 1152 3115 avertebat.
1181 3062 1359 3126 Quare
1385 3062 1590 3116 dictum
1627 3072 1710 3117 est
1744 3063 2004 3120 :-—VERS.
2034 3066 2103 3120 58

544 3150 663 3219 Ipse
712 3157 887 3205 autem
933 3162 1009 3206 est
1060 3154 1380 3218 misericors,
1412 3163 1460 3207 et
1486 3156 1745 3223 propitius
1781 3156 1867 3224 ﬁet
1898 3156 2125 3225 peccatis

543 3263 749 3311 eorum,
796 3256 845 3300 et
901 3264 999 3300 non
1038 3247 1319 3315 disperdet.
1367 3246 1433 3300 Et
1479 3247 1765 3300 abundabit
1816 3258 1873 3300 ut
1924 3259 2127 3303 avertat

542 3340 680 3391 iram
711 3356 887 3402 suam,
918 3348 967 3392 et
999 3357 1100 3393 non
1128 3339 1372 3393 accendet
1407 3356 1610 3393 omnem
1636 3342 1772 3393 iram
1799 3358 1967 3395 suam.
1988 3341 2122 3397 Nam

540 3446 667 3485 cum
718 3446 812 3485 eos
869 3433 1135 3501 patienter
1186 3432 1374 3495 ferret,
1413 3433 1651 3486 nondum
1709 3433 1758 3486 in
1813 3434 1970 3487 linem
2002 3435 2125 3490 illos

548 3519 891 3588 repudiabat.
921 3517 1233 3575 Secundum
1262 3519 1648 3591 Symmachum
1674 3529 1852 3573 autem
1880 3521 2081 3574 dicitur
2110 3540 2121 3575 :

548 3609 669 3679 Ipse
702 3612 1025 3673 misericors,
1046 3612 1305 3681 propitius
1329 3620 1560 3679 peccato,
1584 3622 1632 3664 et
1670 3628 1772 3666 non
1800 3610 2123 3679 disperdens.

544 3701 612 3755 Et
648 3704 873 3756 multum
903 3704 1091 3757 avertit
1147 3705 1284 3756 iram
1321 3719 1494 3766 suam,
1534 3712 1582 3756 et
1617 3720 1721 3756 non
1760 3704 2007 3757 excitavit
2050 3714 2129 3756 to-

543 3805 653 3847 tum
684 3795 918 3863 furorem
953 3812 1128 3851 suum.
1153 3794 1235 3849 Ad
1273 3795 1387 3849 haec
1421 3795 1581 3848 aliam
1617 3796 1670 3849 in
1701 3812 1795 3851 eos
1823 3797 2128 3852 accusatio—

542 3903 666 3941 ncm
726 3886 963 3943 instituit
1014 3887 1204 3943 dicens
1246 3906 1360 3942 :—-
1401 3886 1565 3944 Vens.
1601 3890 1686 3944 59.
1728 3888 1794 3942 Ει
1823 3890 2127 3945 recordatus

540 3988 619 4033 est
658 3980 786 4049 quia
825 3995 950 4032 caro
986 3989 1132 4046 sunt,
1170 3981 1389 4047 spiritus
1451 3980 1644 4034 vadens
1684 3990 1732 4034 et
1767 3998 1868 4034 non
1900 3983 2127 4036 rediens.

547 4070 689 4139 Quia
711 4073 855 4125 enim
890 4072 980 4141 qui
1005 4070 1238 4125 adliceret
1266 4071 1509 4137 Domino,
1534 4090 1666 4127 unus
1692 4074 1909 4143 spiritus
1935 4084 2033 4138 est,
2055 4084 2127 4139 et,

544 4165 635 4233 qui
678 4162 911 4218 adliceret
941 4165 1114 4229 carni,
1146 4181 1306 4218 unum
1333 4182 1519 4236 corpus
1541 4168 1700 4234 est”;
1731 4167 1854 4237 jure
1881 4168 2130 4222 carnales

543 4266 595 4312 et
624 4273 920 4327 eorporeos
951 4257 1074 4313 illos
1106 4273 1229 4313 esse
1274 4258 1345 4313 ob
1390 4261 1640 4329 corporis
1685 4268 1740 4314 et
1784 4260 2127 4330 voluptatum

551 4364 818 4411 amorem,
850 4359 903 4404 et
929 4364 1150 4404 carnem
1183 4366 1305 4406 esse
1338 4350 1516 4407 factos
1548 4351 1644 4407 ait.
1677 4350 1802 4405 Ideo
1829 4350 1963 4405 dicit
1995 4350 2129 4406 :Re-

540 4440 791 4495 cordatus
841 4450 918 4495 est
965 4442 1089 4513 quia
1136 4460 1263 4498 caro
1293 4453 1435 4498 sunt.
1473 4442 1757 4511 Quomodo
1787 4450 1967 4496 autem
2001 4458 2131 4497 caro

541 4534 653 4588 sint
685 4532 787 4587 sub
815 4533 929 4587 haec
963 4534 1201 4604 explicat
1231 4535 1318 4591 bis
1347 4534 1529 4591 verbis
1560 4555 1571 4589 :
1603 4534 2049 4605 Spiritusmadens
2081 4545 2131 4590 et

547 4640 653 4677 non
693 4623 920 4680 rediens.
954 4623 1089 4679 Nam
1145 4626 1372 4697 spiritus
1402 4628 1585 4681 carnis
1617 4635 1891 4693 terrenus,
1924 4638 2132 4682 morta-

2235 2149 2397 2222 μέχρι
2426 2144 2647 2217 χειλέων
2679 2143 2945 2213 εὐφημεῖν
2977 2142 3214 2205 ἐδόκουν,
3240 2142 3300 2194 οὐ
3339 2142 3444 2212 μὴν
3470 2139 3706 2212 καθαρῷ
3730 2139 3815 2191 λο-

2230 2238 2412 2309 γισμῴ
2442 2236 2587 2289 τοῦτ’
2618 2234 2916 2303 ἔπραττον·
2948 2233 3023 2297 ὡς
3064 2234 3157 2285 καὶ
3196 2234 3280 2285 ἐπ’
3312 2232 3490 2285 αὐτῶν
3520 2232 3814 2304 ἁρμόττειν

2230 2332 2291 2384 τὸ
2338 2330 2514 2400 φῆσαν
2555 2327 2769 2396 λόγιον·
2812 2326 2864 2377 ’0
2895 2325 3042 2390 λαὸς
3074 2320 3251 2390 οὗτος
3295 2322 3416 2389 τοῖς
3459 2324 3703 2391 χείλεσι
3743 2340 3815 2392 με

2231 2420 2370 2491 τιμᾷ
2389 2438 2402 2450 ·
2431 2420 2469 2487 ἢ
2496 2419 2563 2473 δὲ
2594 2418 2808 2487 καρδία
2840 2416 3037 2471 αὐτῶν
3059 2418 3255 2486 πόρῤω
3283 2415 3491 2484 ἀπέχει
3515 2413 3620 2470 ἀπ’
3644 2415 3811 2485 ἐμοῦ.

2233 2512 2442 2580 Μάτην
2478 2510 2546 2564 δὲ
2582 2511 2863 2564 σέϐονταί
2886 2526 2981 2579 με.
3010 2508 3121 2561 Καὶ
3147 2508 3298 2561 αὐτοὶ
3328 2508 3423 2578 μὲν
3453 2508 3533 2571 εἰς
3561 2506 3813 2560 τοσοῦτον

2230 2603 2459 2676 ἤλαυνον
2508 2601 2839 2674 μοχθηρίας·
2887 2604 2914 2654 ό
2947 2600 3028 2664 δὲ,
3064 2599 3267 2671 πατρὸς
3307 2598 3510 2667 ἀγαθοῦ
3547 2598 3708 2668 δίκην
3740 2594 3812 2651 οἶ-

2230 2713 2357 2750 κτον
2386 2694 2561 2748 αὐτῶν
2598 2693 2819 2748 πλείονα
2848 2692 3160 2763 λαμϐάνων,
3194 2691 3441 2745 ἱλάσκετο
3470 2693 3592 2753 ταῖς
3631 2692 3811 2761 ἁμαρ-

2228 2788 2367 2851 τίαις
2415 2786 2614 2851 αὐτῶν,
2650 2788 2742 2840 καὶ
2786 2788 2847 2839 οὐ
2897 2785 3178 2858 παρεδίδου
3237 2785 3433 2847 αὐτοὺς
3471 2785 3552 2847 είς
3580 2783 3811 2852 ἐσχάτην

2226 2881 2522 2952 διαφθοράν
2543 2897 2555 2909 ·
2588 2879 2724 2932 ἀλλὰ
2751 2880 2846 2932 καὶ
2878 2878 2969 2931 τὸν
3005 2876 3325 2949 φθοροποιὸν
3346 2876 3579 2946 δαίμονα
3608 2876 3706 2928 καὶ
3734 2876 3811 2929 τὸν

2225 2976 2325 3044 τῆς
2366 2974 2537 3047 όργῆς
2569 2972 2849 3044 ὑπηρέτην
2888 2970 3116 3040 ἄγγελον
3147 2969 3405 3042 τιμωρὸν,
3441 2969 3615 3039 θυμὸν
3650 2970 3809 3022 αὑτοῦ

2225 3064 2643 3135 ὀνομαζόμενον,
2672 3064 3015 3134 ἀπέστρεφεν
3042 3062 3099 3128 ἐξ
3123 3062 3320 3125 αὐτῶν,
3357 3062 3445 3115 τὸν
3475 3062 3675 3116 ἑαυτοῦ
3705 3064 3810 3115 Ila-

2226 3158 2357 3229 τέρα
2405 3156 2544 3227 ὑπὲρ
2586 3155 2763 3209 αὐτῶν
2796 3155 3165 3224 ἱλασκόμενος.
3208 3155 3299 3207 Διὸ
3339 3156 3587 3227 εἴρηται·
3622 3155 3808 3220 Αὐτές

2224 3250 2292 3303 δέ
2324 3250 2495 3302 ἐστιν
2533 3249 2847 3316 οἰκτίρμων
2899 3247 2996 3300 καὶ
3038 3246 3305 3300 ἱλάσεται
3341 3247 3468 3313 ταῖς
3502 3247 3806 3316 ἁμαρτίαις

2226 3341 2442 3406 αὐτῶν,
2472 3342 2568 3395 καὶ
2598 3344 2671 3395 οὐ
2705 3339 3021 3409 διαφθερεῖ.
3054 3340 3160 3394 Καὶ
3191 3339 3494 3407 πληθυνεῖ
3530 3341 3640 3394 τοῦ
3665 3342 3802 3393 dxc~

2228 3433 2483 3502 στρέψαι
2512 3434 2617 3486 τὸν
2640 3432 2829 3501 θυμὸν
2850 3432 3057 3495 αὑτοῦ,
3091 3432 3187 3485 καὶ
3218 3431 3353 3500 οὐχι
3380 3431 3672 3485 ἐκκαύσει
3701 3430 3802 3485 πᾶ-

2228 3542 2349 3579 σαν
2383 3524 2496 3593 τὴν
2530 3524 2716 3594 ὀργὴν
2743 3522 3077 3577 αὺτοῦ.Ἕτι
3124 3522 3234 3594 γὰρ
3276 3523 3395 3576 τότε
3445 3523 3803 3595 μακροθύμως

2228 3618 2424 3681 αὐτοὺς
2454 3618 2646 3686 ἔφερεν
2679 3616 2831 3668 οὔπω
2855 3616 2931 3677 εἰς
2955 3614 3107 3678 τέλος
3155 3615 3350 3677 αὐτοὺς
3399 3613 3799 3685 ἀπωθούμενος.

2229 3710 2386 3763 Κατὰ
2429 3709 2485 3762 δὲ
2536 3708 2626 3762 τὸν
2669 3706 2989 3778 Σύμμαχον·
3026 3706 3237 3772 Αὐτὸς,
3282 3706 3467 3777 φησιν,
3513 3706 3795 3775 elerum.

2228 3800 2572 3865 ἐξιλάσκων
2604 3800 2909 3869 ἁμαρτίας,
2939 3800 3033 3853 καὶ
3058 3797 3144 3867 μὴ
3178 3798 3555 3868 διαφθείρων.
3581 3798 3795 3852 Καὶέπι

2230 3894 2389 3947 πολὺ
2419 3893 2802 3963 ἀπέστρεψεν
2830 3892 2943 3961 τὴν
2972 3892 3159 3962 ὀργὴν
3186 3892 3390 3957 αὐτοῦ,
3426 3894 3526 3946 καὶ
3583 3894 3656 3945 οὐ
3687 3891 3797 3957 dui-

2230 4003 2424 4055 γειρεν
2469 3984 2617 4039 ὅλον
2662 3985 2770 4039 τὸν
2802 3983 2991 4054 θυμὸν
3017 3984 3363 4040 αὐτοῦ.Ἐπὶ
3394 3984 3608 4047 τούτοις
3635 3984 3796 4038 ᾶλλοτι

2230 4079 2410 4133 αὐτῶν
2459 4082 2755 4151 κατηγορεῖ
2795 4079 3002 4147 λέγων·
3039 4078 3151 4131 Καὶ
3194 4078 3487 4148 ἐμνήσθη,
3514 4077 3606 4131 ὅτι
3657 4076 3796 4144 σάρξ

2229 4170 2368 4231 εισι,
2417 4168 2658 4238 πνεῦμα
2707 4169 3111 4237 πορευόμενον
3154 4168 3251 4221 καὶ
3284 4170 3395 4222 οὐκ
3422 4167 3791 4236 ἐπιστρέφον.

2243 4259 2457 4331 Ἐπειδὴ
2499 4261 2608 4330 γὰρ
2652 4262 2685 4313 ό
2728 4258 3105 4329 κολλώμενος
3142 4258 3220 4324 τῷ
3252 4260 3450 4327 ΚιῬΙῳ
3478 4258 3550 4312 ἐν
3577 4256 3794 4328 πνεῦμά

2229 4351 2380 4417 ἐστι,
2425 4351 2521 4406 καὶ
2565 4354 2597 4405 ό
2629 4350 3008 4421 κολλώμενος
3035 4350 3110 4419 τῇ
3137 4351 3315 4419 σαρκὶ
3346 4350 3413 4403 ἓν
3452 4352 3625 4421 σῶμα
3658 4353 3794 4420 γίνε-

2231 4460 2345 4509 ται,
2370 4444 2595 4508 εἰκότως
2628 4442 2885 4515 κρεώδεις
2918 4444 3068 4507 τινὰς
3094 4444 3187 4496 καὶ
3213 4443 3509 4515 σαρκώδεις
3534 4446 3694 4514 φησιν
3714 4443 3793 4495 αὖ-

2230 4538 2356 4600 τοὺς
2385 4536 2663 4606 γεγονέναι
2709 4536 2798 4590 διὰ
2840 4537 2901 4589 τὸ
2948 4536 3223 4606 φιλήδονον
3270 4536 3361 4589 καὶ
3411 4536 3790 4605 φιλοσώματον,

2233 4628 2325 4682 καὶ
2342 4627 2516 4692 οὕτως
2542 4630 2738 4692 αὐτοὺς
2762 4628 3013 4696 γενέσθαι
3038 4629 3261 4701 σάρκας.
3280 4629 3368 4681 Διό
3388 4646 3553 4698 φησιν
3568 4648 3580 4659 ·
3614 4630 3793 4697 Ὲμνήο

539 4716 631 4778 lis,
660 4723 713 4770 et
746 4716 918 4771 ruina:
946 4717 1242 4774 obnoxius.
1278 4718 1439 4773 Tales
1471 4727 1629 4775 erant
1662 4720 1738 4774 illi
1768 4728 2014 4791 tempore
2044 4720 2127 4774 di—

2233 4720 2350 4784 σθη
2401 4718 2487 4770 ὅτι
2534 4716 2692 4785 σάρξ
2736 4720 2877 4771 εὶσι.
2911 4718 3033 4782 Πῶς
3058 4719 3115 4771 δὲ
3145 4719 3344 4787 σάρκες
3372 4714 3512 4788 ἦσαν
3559 4720 3791 4786 διασαφεῖ

541 4809 675 4862 luvii
735 4809 803 4864 de
844 4810 1045 4879 quibus
1094 4809 1295 4866 dicitur
1328 4830 1341 4867 :
1378 4811 1499 4865 Non
1533 4814 1858 4881 permanebit
1911 4816 2125 4884 spiritus

543 4916 686 4953 meus
716 4901 768 4953 in
797 4900 1116 4969 hominibus,
1143 4905 1267 4974 quia
1310 4921 1497 4958 carnes
1533 4915 1654 4959 sunt
1676 4903 1721 4934 “
1747 4922 1762 4969 ;
1794 4905 1869 4959 ita
1900 4915 1955 4958 ut
1984 4905 2124 4959 alius

542 4991 618 5047 sit
646 4992 879 5061 spiritus
907 4992 1128 5051 divinus
1155 4994 1315 5049 initio
1348 4996 1664 5051 hominibus
1698 4993 1941 5058 inditus;
1981 4996 2122 5051 alius

542 5097 673 5136 vero
698 5083 927 5152 spiritus
955 5087 1161 5142 carnis.
1194 5085 1331 5140 Nam
1372 5088 1599 5158 spiritus
1631 5088 1814 5142 carnis
1844 5089 1969 5143 talis
2002 5088 2120 5143 fue-

546 5176 618 5229 rit
649 5177 827 5245 qualis
862 5178 951 5232 ille
983 5179 1075 5248 qui
1108 5178 1162 5232 in
1191 5179 1367 5235 brutis
1398 5186 1501 5244 est,
1534 5180 1762 5250 spiritus
1789 5181 1997 5236 scilicet
2026 5196 2123 5235 va-

543 5266 681 5322 dens
730 5279 783 5324 et
829 5285 937 5323 non
988 5270 1226 5325 rediens.
1262 5270 1444 5340 Ipsum
1482 5288 1612 5326 vero
1642 5273 1863 5343 proprio
1904 5272 2126 5327 nomine

544 5359 882 5426 prudentiam
911 5362 1087 5415 carnis
1119 5370 1279 5416 vocat
1309 5363 1627 5432 Apostolus,
1662 5380 1784 5419 cum
1822 5366 1897 5420 ait
1933 5385 1944 5419 :
1982 5364 2126 5417 Nam

544 5451 827 5519 prudentia
870 5452 1045 5505 carnis
1080 5452 1360 5505 inimicitia
1390 5464 1467 5507 est
1518 5455 1572 5507 in
1621 5454 1783 5507 Deum
1814 5472 1831 5507 :
1861 5457 1959 5523 legi
1989 5456 2127 5508 enim

546 5542 643 5595 Dei
669 5560 773 5596 non
795 5541 1098 5611 subjicitur,
1128 5558 1287 5611 neque
1314 5543 1446 5597 enim
1470 5554 1657 5613 potest.
1697 5544 1983 5600 Prudentia
2012 5562 2128 5598 vero

544 5632 784 5698 spiritus,
820 5631 925 5685 vita
954 5640 1003 5684 et
1032 5632 1220 5699 pax".
1249 5630 1340 5687 Sic
1370 5649 1533 5703 porro
1562 5636 1652 5704 qui
1685 5640 2008 5689 incnsantur
2030 5650 2126 5687 ca-

619 5754 659 5783 “
696 5754 838 5807 Psal.
874 5769 1019 5810 χχιι,
1057 5753 1109 5817 9,
1149 5756 1231 5809 lli.

547 5823 591 5855 ⁸⁸
627 5822 780 5879 Roxn.
816 5841 928 5889 vm,
961 5824 1017 5889 6,
1052 5826 1097 5877 7.

1340 5758 1383 5787 ³⁸
1417 5755 1603 5810 Matth.
1644 5772 1732 5819 xv,
1761 5756 1814 5819 8,
1848 5754 1948 5822 9.;
2008 5756 2110 5812 lsa.
2147 5775 2309 5823 nix,
2372 5762 2449 5815 i3.

2232 4809 2405 4878 λέγων
2456 4809 2612 4879 ἑξῆς·
2651 4809 2894 4877 Πνεῦμα
2937 4811 3341 4882 πορευόμενον
3387 4810 3481 4861 καὶ
3525 4812 3634 4862 οὐκ
3683 4800 3789 4858 eis:-

2232 4898 2514 4968 στρέψον.
2551 4898 2622 4951 Τὸ
2651 4899 2759 4970 γὰρ
2789 4898 3005 4970 πνεῦμα
3029 4899 3128 4969 τῆς
3158 4898 3355 4969 σαρκὸς
3391 4898 3651 4960 τοιοῦτον,
3678 4895 3789 4965 γεῶ-

2227 4990 2315 5055 δες
2349 4992 2441 5045 καὶ
2487 4990 2679 5062 θνητὸν
2728 4992 2822 5044 καὶ
2867 4991 3254 5062 ἀπολλύμενον.
3286 4992 3529 5044 Τοιοῦτοι
3576 4991 3632 5043 δέ
3663 5004 3788 5047 τινες

2225 5084 2542 5153 γεγόνεισαν
2591 5084 2686 5137 καὶ
2736 5085 2787 5137 οἱ
2839 5084 2931 5137 ἐπὶ
2982 5083 3078 5139 τοῦ
3133 5082 3544 5153 κατακλυσμοῦ,
3575 5082 3695 5152 περὶ
3723 5073 3786 5131 ὧν

2224 5178 2408 5249 εἴρητο
2431 5191 2446 5207 ·
2490 5177 2571 5230 οὐ
2598 5174 2685 5245 μὴ
2720 5177 3044 5245 καταμείνῃ
3085 5175 3149 5229 τὸ
3184 5176 3421 5245 πνεῦμά
3446 5194 3568 5245 μου
3592 5176 3657 5228 ἐν
3681 5171 3785 5236 ττῖς

2227 5270 2578 5338 ἀνθρώποις,
2607 5269 2705 5323 διὰ
2726 5269 2789 5323 τὸ
2813 5266 2964 5323 εἶναι
2988 5270 3209 5336 αὐτοὺς
3229 5269 3460 5339 σάρκας
3480 5286 3492 5298 ·
3522 5269 3595 5333 ὡς
3619 5267 3782 5336 ἐτέρου

2234 5363 2331 5432 μὲν
2373 5362 2523 5425 ὄντος
2572 5363 2665 5415 τοῦ
2698 5362 2841 5415 θείου
2879 5363 3189 5433 πνεύματος
3220 5364 3311 5416 τοῦ
3354 5364 3475 5417 κατ’
3505 5362 3669 5433 ἀρχὰς
3710 5360 3785 5410 ἁν-

2231 5452 2468 5524 θρώποις
2500 5454 2951 5524 ἐμπνευσοέντος,
2982 5454 3169 5527 ἑτέρου
3224 5456 3280 5509 δὲ
3324 5455 3417 5508 τοῦ
3470 5455 3567 5524 τῆς
3610 5448 3784 5523 σαρκὸς

2232 5546 2556 5616 πνεύματος.
2586 5546 2658 5599 Τό
2686 5545 2749 5615 γέ
2782 5562 2861 5599 τοι
2887 5546 2987 5617 τῆς
3018 5548 3215 5619 σαρκὸς
3245 5552 3458 5617 πνεῦμα
3483 5546 3699 5599 τοιοῦτον
3725 5542 3783 5593 iv

2229 5638 2337 5708 εἴη,
2370 5633 2482 5692 οἷον
2536 5639 2629 5690 καὶ
2674 5638 2735 5691 τὸ
2787 5639 2845 5691 ἐν
2892 5641 3003 5703 τοῖς
3046 5639 3257 5707 ἀλόγοις
3302 5638 3480 5704 ζώοις·
3510 5641 3635 5705 ὅπερ
3677 5633 3781 5686 ἐπὶ

2559 5762 2600 5790 ³³
2636 5761 2649 5812 1
2680 5761 2805 5816 Cor.
2868 5777 2949 5823 vx,
3008 5762 3092 5821 16,
3138 5761 3221 5815 17.
3333 5763 3378 5794 ³⁸
3414 5762 3546 5818 Gen.
3600 5775 3677 5819 γι.
3726 5752 3779 5811 3.
