4004 6550
288 391 389 447 935

1372 390 1875 449 COMMENTARIA
1909 392 1974 448 ΙΝ
2014 392 2354 450 PSALMOS.

3430 369 3535 453 νεά

284 508 497 579 πνεῦμα
528 510 887 581 πορευόμενον
931 511 1023 566 καὶ
1069 511 1168 564 οὐκ
1213 511 1852 585 ὲπιστρὲφον.’ονομάζει

1968 531 2022 569 ro
2058 514 2187 569 lacti
2221 522 2372 579 sunt,
2392 514 2538 584 quod
2570 528 2773 584 corpus
2806 513 3130 584 diligerent;
3155 520 3213 565 ut
3237 512 3540 582 justissima

282 602 336 654 δὲ
361 600 491 653 αὐτὸ
518 601 703 672 οἰκείῳ
730 603 952 673 ὀνόματι
984 607 1012 657 ὁ
1048 604 1387 672 Ἀπόστολος,
1415 608 1687 676 φρόνημα
1712 622 1858 677 σαρ-

283 693 487 758 κὸς-,ὲν
528 687 611 756 οἷς
654 710 816 764 φησιο
877 698 947 749 Τὸ
1000 696 1110 765 γὰρ
1160 698 1434 765 φρόνημα
1487 698 1595 765 τῆς
1635 702 1858 767 σαρκὸς

281 786 465 853 ἐχθρα
486 786 572 851 εις
603 787 751 839 Θεόν
769 804 781 817 ·
814 786 894 850 τῷ
930 789 1040 855 γὰρ
1070 790 1229 857 νόμῳ
1253 789 1359 843 τοῦ
1396 790 1543 844 Θεοῦ
1568 793 1681 860 οὐχ
1711 794 1859 847 ὑπο-

1960 606 2027 660 de
2060 606 2169 661 illis
2197 605 2412 659 dicatur
2438 624 2450 658 :
2480 603 2651 658 Homo
2682 620 2799 657 cum
2829 605 2881 657 in
2912 604 3104 657 honore
3129 613 3282 665 esset,
3317 619 3421 656 non
3450 603 3537 654 in-

1964 698 2181 763 tellexit,
2210 706 2546 766 comparatus
2574 706 2651 749 est
2673 695 2928 764 jumentis
2956 692 3343 761 insipientibus,
3378 701 3427 746 et
3460 693 3537 745 si-

1965 792 2105 846 milis
2139 791 2312 859 factus
2340 799 2419 843 est
2448 789 2633 843 illis”.

280 877 585 944 τάσσεται,
616 880 758 933 οὐδὲ
793 879 901 948 γὰρ
934 881 1182 935 δύναται
1202 899 1216 911 ’
1252 882 1316 935 τὸ
1356 882 1424 935 δὲ
1452 884 1727 953 φρόνημα
1758 885 1864 940 τοῦ
1902 886 2240 955 πνεύματος
2273 884 2383 953 (wh
2425 884 2519 936 καὶ
2553 882 2781 951 είρήνη.
2813 880 2966 933 Οὕτω
2992 880 3048 932 δὲ
3079 875 3279 951 σάρκες
3315 880 3364 932 οἱ
3418 896 3540 931 κατα

280 971 991 1079 ηγορορμενοιιδγεγόνεισαν
1038 977 1101 1028 ὲκ
1148 974 1240 1028 τοῦ
1290 975 1721 1047 φιλοσωματεῖνο
1750 978 1826 1042 ὡς
1863 981 1955 1032 καὶ
2017 978 2143 1049 περὶ
2197 976 2374 1030 αὐτῶν
2442 975 2752 1028 δικαιότατα
2780 972 2845 1026 ἂν
2874 971 3124 1042 εἰρῆσθαι
3156 971 3247 1023 τό·
3289 972 3537 1039 Ἀνθρω-

279 1076 392 1127 πος
427 1064 499 1116 ἐν
529 1063 665 1132 τιμῇ
702 1062 787 1117 ὢν
814 1066 881 1118 οὐ
911 1066 1162 1133 συνῆκε,
1191 1068 1697 1137 παρασυνεϐλήθη
1730 1069 1857 1137 τοῖς
1893 1070 2140 1139 κτήνεσι
2168 1068 2290 1134 τοῖς
2318 1065 2614 1136 ἀνοήτοις,
2652 1065 2750 1118 καὶ
2782 1063 3042 1134 ὡμοιώθη
3069 1059 3290 1128 αὐτοῖς.

355 1175 618 1243 Ποσάκις
666 1179 1116 1247 παρεπίκραναν
1168 1182 1354 1235 αὐτὸν
1402 1182 1472 1236 ἐν
1518 1182 1593 1252 τῇ
1640 1182 1856 1253 ἐρήμῳ,

277 1265 661 1337 παρώργισαν
690 1270 877 1324 αὐτὸν
907 1271 976 1325 ἐν
1002 1270 1078 1342 τῇ
1118 1273 1355 1343 ἀνύδρῳ
1384 1274 1404 1327 .'
1443 1275 1552 1328 Καὶ
1580 1274 1860 1344 ἐπέστρε-

276 1358 407 1423 ψαν
427 1358 523 1410 καὶ
554 1359 881 1429 ἐπείρασαν
911 1363 1016 1416 τὸν
1050 1363 1217 1431 Θεὸν,
1248 1365 1348 1419 καὶ
1378 1366 1486 1419 τὸν
1519 1366 1725 1436 "Artor-
1752 1366 1858 1420 τοῦ

290 1446 529 1516 Ἰσραὴλ
560 1450 940 1518 παρώξυναν.
982 1456 1101 1508 Οὐκ
1144 1454 1544 1524 ἐμνήσθησαν
1591 1455 1699 1525 τῆς
1740 1474 1859 1527 χει-

274 1541 381 1607 ρὸς
411 1541 617 1604 αὑτοῦ,
650 1542 874 1612 ἡμέρας
900 1540 976 1615 ἧς
999 1546 1377 1616 ἐλυτρώσατο
1411 1548 1631 1614 αὐτοὺς
1654 1548 1723 1601 ἐκ
1747 1566 1863 1617 χει-

273 1632 381 1699 ρὸς
410 1635 856 1703 θλίϐοντος.Ὡς
897 1639 1062 1692 ἔθετο
1100 1640 1169 1693 ἐν
1199 1641 1474 1710 Αἰγύπτῳ
1517 1640 1588 1694 τὰ
1635 1641 1860 1710 σημεῖα

273 1726 486 1792 αὐτοῦ,
523 1728 621 1782 καὶ
674 1730 744 1783 τὰ
785 1729 999 1798 τέρατα
1044 1733 1230 1785 αὑτοῦ
1275 1732 1335 1783 ἐν
1400 1732 1583 1797 πεδίῳ
1613 1731 1859 1798 Τάνεως.

274 1819 695 1889 Μετέστρεψεν
727 1826 813 1889 εἱς
844 1818 986 1893 αἷμα
1014 1824 1151 1889 τοὺς
1182 1825 1486 1894 ποταμοὺς
1513 1824 1729 1886 αὐτῶν,
1762 1824 1860 1878 καὶ

274 1912 352 1965 τὰ
400 1914 742 1983 ὀμϐρήματα
791 1914 987 1969 αὐτῶν
1024 1916 1183 1982 ὅπως
1221 1915 1302 1985 μὴ
1351 1918 1591 1970 πίωσιν.
1622 1916 1863 1981 Ἐξαπέοι

2034 1181 2200 1238 Vens.
2229 1181 2298 1236 40
2323 1211 2344 1221 -
2365 1180 2454 1236 48.
2500 1180 2716 1246 Quoties
2744 1176 3182 1231 exacerbaverunt
3221 1192 3337 1229 eum
3373 1176 3426 1228 in
3449 1175 3539 1226 de-

1963 1288 2124 1341 serto,
2156 1277 2209 1330 in
2238 1277 2371 1328 iram
2409 1274 2801 1328 concitaverunt
2831 1287 2946 1324 eum
2978 1270 3029 1322 in
3064 1280 3203 1322 terra
3240 1268 3542 1338 inaquosa!

1965 1370 2031 1424 Et
2079 1371 2316 1424 conversi
2367 1378 2489 1422 sunt
2536 1376 2585 1421 et
2632 1374 2959 1419 tentaverunt
2991 1363 3180 1426 Deum,
3209 1372 3257 1416 et
3285 1361 3540 1416 Sanctum

1964 1460 2141 1515 Israel
2179 1458 2645 1515 exacerbaverant.
2690 1454 2813 1510 Non
2859 1464 2982 1509 sunt
3035 1454 3298 1507 recordati
3353 1469 3541 1505 manus

1958 1554 2093 1623 ejus,
2127 1552 2231 1606 diei
2260 1569 2362 1622 qua
2394 1549 2610 1604 redemit
2635 1566 2721 1603 eos
2753 1546 2816 1602 de
2846 1563 3006 1600 manu
3034 1545 3361 1599 tribulautis.
3394 1544 3541 1598 Sicut

1959 1646 2135 1716 posuit
2162 1646 2213 1697 in
2243 1642 2476 1713 x‘Egypto
2507 1642 2659 1712 signa
2689 1657 2809 1704 sua,
2834 1648 2883 1693 et
2909 1636 3153 1708 prodigia
3180 1654 3277 1691 sua
3314 1637 3368 1689 in
3398 1652 3543 1689 cam-

1960 1756 2027 1809 po
2054 1738 2277 1793 Taneos.
2312 1735 2579 1790 Convertit
2619 1735 2673 1788 in
2708 1734 3019 1804 sanguinem
3065 1731 3289 1801 ﬂumina
3337 1745 3539 1792 eorum,

1960 1839 2011 1883 et
2036 1827 2225 1881 imbres
2254 1843 2435 1882 eorum
2466 1843 2528 1880 ne
2551 1824 2803 1879 biberent.
2835 1822 2985 1877 Misit
3014 1823 3065 1876 in
3091 1838 3176 1876 eos
3201 1821 3543 1890 cuznomyiam

1963 1930 2011 1976 et
2047 1921 2269 1975 comedit
2301 1937 2411 1983 eos,
2440 1928 2487 1973 et
2518 1934 2709 1971 ranam
2739 1926 2788 1972 et
2811 1915 3127 1986 disperdidit
3158 1930 3266 1969 eos.
3299 1912 3365 1966 Et
3401 1913 3543 1966 dedit

271 2009 523 2058 στειλεν
551 2008 629 2072 εἰς
663 2007 886 2074 αὐτοὺς
916 2011 1249 2077 κυνόμυιαν
1275 2008 1373 2061 καὶ
1399 2009 1733 2079 κατέφαγεν
1756 2009 1863 2061 αὑ-

1968 2014 2189 2084 amtgini
2232 2013 2464 2082 fructum
2495 2027 2699 2075 eorum,
2736 2018 2785 2064 et
2827 2009 3032 2063 labores
3074 2024 3256 2062 eorum
3307 2008 3540 2060 locustar.

272 2096 449 2161 τοὺς,
479 2098 577 2150 καὶ
620 2097 933 2168 βάτραχον
966 2099 1061 2153 καὶ
1095 2099 1425 2170 διέφθειρεν
1470 2103 1712 2168 αὐτούς.
1751 2101 1862 2158 Καὶ

267 2188 466 2242 ἔδωκε
514 2187 590 2256 τῇ
637 2189 886 2259 ἐρυσίϐῃ
930 2190 1035 2244 τὸν
1078 2193 1308 2260 καρπὸν
1337 2190 1554 2257 αὐτῶν,
1583 2190 1682 2245 καὶ
1722 2190 1865 2258 τοὺς

267 2280 506 2347 πόνους
536 2279 736 2333 αὐτῶν
769 2280 843 2349 τῇ
879 2282 1097 2350 ἀκρίδι.
1131 2284 1241 2337 Καὶ
1267 2282 1619 2337 ἀπέκτεινεν
1659 2286 1729 2338 ὲν
1758 2302 1865 2353 χα-

268 2370 425 2438 λάζῃ
471 2372 583 2438 τὴν
623 2371 896 2440 ἄμπελον
933 2373 1161 2439 αὐτῶν,
1198 2375 1293 2428 καὶ
1337 2375 1445 2441 τὰς
1491 2377 1865 2446 συκαμίνους

269 2456 478 2521 αῠτῷν
503 2463 573 2516 ἐν
601 2460 675 2531 τῇ
702 2462 922 2533 πάχνη.
968 2465 1077 2521 Kal
1109 2465 1450 2532 παρέδωκεν
1486 2469 1573 2533 είς
1598 2466 1865 2536 χάλαζαν

271 2562 353 2615 τὰ
380 2561 568 2630 κτήνη
590 2560 807 2627 αὐτῶν,
828 2565 927 2617 καὶ
953 2564 1068 2630 τὴν
1086 2564 1283 2633 ὒπαρξ
1288 2582 1344 2617 ιν
1368 2564 1569 2619 αὐτῶν
1592 2564 1672 2632 τῷ
1696 2567 1860 2634 πυρί.

270 2652 435 2706 Μετὰ
468 2654 535 2707 τὰ
563 2654 923 2726 προλεχῦέντα
955 2657 1131 2710 πάντα
1151 2656 1456 2727 παρέμενον
1486 2659 1863 2729 παραπικραί-

271 2760 479 2808 νοντες,
515 2745 756 2797 τουτέστι
794 2747 987 2818 πικρὸν
1014 2749 1225 2811 ἑαυτοῖς
1252 2749 1343 2801 τὸν
1391 2749 1522 2802 Θεὸν
1569 2748 1867 2802 καθιστῶν-

272 2853 391 2902 τες,
428 2837 662 2908 χρηστὸν
691 2837 820 2892 ὄντα
860 2842 925 2909 τῇ
959 2839 1116 2909 φύσει
1152 2841 1245 2893 κού⁴
1290 2840 1491 2909 ἀγαθὸν
1522 2840 1613 2895 καὶ
1642 2840 1863 2909 γλυκὺν,

272 2932 392 2991 τοῖς
442 2928 499 2981 δὲ
540 2928 809 3001 τιμωρίας
850 2930 1019 2994 ἀξίοις
1064 2931 1259 3002 πικρὸν
1303 2930 1677 3002 νομιζόμενον.
1709 2927 1866 2986 Οὗτοι

273 3012 413 3082 γοῦν
446 3015 494 3068 oi
531 3015 586 3068 ἒν
611 3019 675 3087 τῇ
713 3018 905 3089 ἐρήμῳ
938 3017 1293 3089 παρώργισαν
1324 3020 1504 3084 αὐτὸν,
1532 3022 1745 3084 ἑαυτοῖς
1769 3020 1868 3092 τὴν

272 3107 450 3178 ὀργὴν
483 3106 874 3186 ἐπισπώμενοι.
904 3112 1013 3164 Καὶ
1037 3112 1197 3166 πάλιν
1230 3112 1565 3182 ἐπέστρεφον
1599 3113 1693 3165 καὶ
1716 3113 1866 3165 ἐπεί-

278 3201 447 3269 ραζον
480 3200 570 3253 τὸν
602 3201 753 3266 Θεὸν,
793 3202 886 3256 καὶ
921 3204 1011 3256 τὸν
1039 3206 1221 3273 Ἅγιον
1256 3205 1349 3259 τοῦ
1368 3205 1581 3277 Ἰσραὴλ
1612 3202 1866 3277 παρώξυο

275 3308 392 3343 νον.
413 3291 523 3344 Καὶ
543 3291 715 3346 ταῦτα
739 3293 916 3348 πάντα
940 3295 1260 3367 διέπραττον
1292 3298 1365 3369 μὴ
1398 3296 1867 3368 ἀναλαμϐάνοντες

275 3386 348 3454 τῇ
397 3386 585 3455 μνήμῃ
616 3384 715 3447 τὰς
762 3386 924 3440 πάλαι
953 3365 1256 3459 δειχθείσας
1293 3365 1483 3453 ⁷αὐτοῖς
1530 3365 1866 3462 παραδόξους
1892 3365 1934 3421 C

277 3476 571 3547 δυνάμεις·
596 3478 716 3531 καθ’
744 3476 802 3533 ὃν
832 3480 1022 3552 καιρὸν
1042 3480 1407 3551 λυτρούμενος
1435 3482 1632 3545 αὐτοὺς
1663 3483 1727 3535 ὲκ
1751 3498 1864 3551 χει-

281 3570 378 3643 ρὸς
421 3570 695 3634 θλίϐοντος
738 3570 830 3625 τοῦ
882 3572 1100 3643 Φαραὼ,
1129 3573 1421 3644 ἠλευθέρου
1444 3574 1544 3645 τῆς
1573 3572 1681 3627 τῶν
1706 3575 1869 3643 Αιγυ-

278 3663 455 3715 πτίων
488 3663 828 3727 δυναστείας,
859 3664 1130 3737 διαφόρως
1156 3666 1281 3728 τοὺς
1322 3666 1553 3737 ἐχθροὺς
1580 3665 1758 3718 αὐτῶν
1786 3667 1870 3719 αἰ·-

278 3753 566 3825 κιζόμενος
590 3759 647 3809 ὲν
670 3757 749 3826 τῴ
772 3757 988 3822 Τάνεως
1016 3758 1181 3829 πεδίῳ
1202 3777 1214 3790 ’
1241 3760 1298 3811 ὲν
1318 3752 1362 3826 ᾧ
1387 3757 1605 3829 πρῶτον
1626 3758 1870 3827 ἐγίγνετο

277 3849 315 3917 ἡ
363 3847 456 3900 τοῦ
497 3849 743 3920 ποταμοῦ
776 3850 856 3915 εἰς
892 3845 1029 3921 αἷμα
1062 3850 1348 3921 μεταϐολὴ,
1388 3850 1706 3919 Αἰγυπτίοις
1734 3845 1871 3904 οὖσα

278 3939 528 4012 τοιαύτη,
557 3941 615 3993 οὐ
648 3940 753 4012 μὴν
792 3942 1023 4005 καὶτοῖς
1056 3940 1631 4013 βοηθουμένοις.“¹06εν
1665 3941 1758 3994 καὶ
1800 3939 1871 3993 τὰ

277 4032 616 4105 ὀμϐρήματα
655 4032 914 4105 αὑτῶν,ἢ
963 4034 1105 4087 κατὰ
1150 4034 1240 4087 τὸν
1278 4033 1527 4098 Ἀκύλαν,
1560 4035 1620 4088 αἱ
1650 4031 1870 4101 κατάρο

279 4125 436 4190 ροιαι
463 4122 680 4188 αὐτῶν,
711 4123 742 4194 ἢ
771 4126 910 4183 κατὰ
940 4125 1030 4178 τὸν
1057 4125 1372 4198 Σύμμαχον,
1409 4126 1481 4179 τὰ
1513 4125 1719 4194 ῥεῖθρα
1765 4126 1871 4179 αὑ-

283 4212 441 4277 τῶν,
490 4214 847 4285 μετεϐάλλετο
897 4218 976 4280 εἰς
1031 4211 1188 4288 αἷμα.
1249 4218 1405 4271 Πᾶσα
1456 4215 1565 4289 γὰρ
1613 4216 1870 4279 σύστασις

284 4307 496 4359 ὑδάτων
526 4308 595 4361 τὰ
633 4308 790 4378 ὅμοια
820 4307 895 4379 τῷ
923 4308 1150 4380 ποταμῷ
1194 4309 1450 4380 ἔπασχεν.
1470 4307 1632 4361 Ἀλλὰ
1666 4307 1869 4362 τούτων

282 4400 539 4471 οὐδεμίαν
582 4400 860 4457 ἐποιοῦντο
894 4403 1111 4473 μνήμην
1154 4404 1202 4455 ol
1231 4400 1715 4473 κατηγορούμενα,
1750 4399 1869 4454 οὐδὲ

281 4495 349 4563 τῇ
375 4491 464 4544 διά
489 4493 587 4562 τῆς
618 4493 914 4563 κυνομυίας
943 4494 1062 4546 κατ’
1088 4494 1403 4562 Αἰγυπτίων
1434 4494 1615 4565 πληγῇ
1657 4497 1868 4565 προσεῖ-

283 4601 378 4654 χον
402 4583 493 4636 τὸν
519 4583 665 4648 νοῦν,
687 4584 807 4637 οὐδὲ
831 4588 896 4655 τῇ
917 4584 1004 4639 διὰ
1034 4586 1142 4639 τῶν
1165 4586 1449 4659 βατράχων
1479 4587 1723 4657 μάστιγι,
1746 4586 1869 4639 οὐδὲ

281 4679 350 4747 τῇ
371 4674 461 4730 διὰ
487 4676 588 4747 τῆς
616 4677 873 4750 ἐρυσίϐης
909 4678 1007 4749 (1)’
1045 4678 1157 4732 ἀλλ’
1191 4680 1299 4733 οὐδ’
1332 4681 1479 4743 ὅπως
1512 4679 1579 4733 δι’
1602 4680 1799 4742 αὐτοὺς
1818 4680 1867 4732 οἱ

1965 2105 2034 2159 Et
2080 2104 2272 2159 occidit
2311 2105 2367 2158 in
2396 2102 2655 2175 grandine
2700 2103 2901 2156 vineam
2934 2118 3137 2166 eorum,
3175 2110 3224 2154 et
3254 2117 3427 2153 muros
3457 2116 3546 2153 eo-

1964 2214 2082 2252 rum
2111 2198 2165 2251 in
2188 2198 2403 2267 pruina.
2441 2195 2508 2249 Et
2541 2194 2760 2249 tradidit
2801 2195 3049 2265 grandini
3071 2193 3313 2264 jumenta
3341 2210 3542 2256 eorum,

1962 2303 2011 2346 et
2050 2290 2431 2361 possessionem
2481 2303 2661 2340 eorum
2710 2286 2837 2356 igni.
2871 2283 2999 2340 Post
3052 2285 3311 2354 praedicta
3337 2284 3541 2345 omnia,

1963 2382 2377 2442 exacerbantes,
2416 2379 2611 2448 inquit,
2650 2383 3093 2447 permanserunt,
3129 2376 3180 2430 id
3233 2384 3337 2439 est,
3374 2373 3542 2429 Deum

1964 2476 2069 2532 sibi
2119 2474 2377 2529 acerbum
2424 2471 2843 2533 constituentes,
2879 2469 2973 2538 qui
3010 2476 3191 2521 tamen
3228 2473 3546 2521 mansuetus

1962 2579 2181 2631 natura,
2218 2569 2395 2623 bonus
2438 2574 2491 2620 et
2518 2564 2697 2619 dulcis
2727 2573 2849 2630 est;
2884 2562 2979 2618 sed
3009 2562 3077 2616 ab
3112 2562 3178 2617 iis
3212 2560 3306 2631 qui
3338 2560 3547 2630 suppli~

1962 2664 2047 2719 cio
2072 2660 2224 2732 digni
2257 2667 2387 2715 sunt
2417 2657 2649 2712 acerbus
2678 2656 3047 2711 existimatur.
3082 2652 3146 2707 lii
3181 2654 3344 2723 igitur
3371 2653 3461 2722 qui
3491 2651 3545 2704 in

1963 2752 2182 2807 deserto
2230 2748 2586 2803 irritaverunt
2632 2762 2780 2812 eum,
2827 2744 2932 2800 sibi
2984 2745 3121 2798 iram
3175 2751 3541 2797 attraxerant.

1964 2844 2315 2912 Rursumque
2344 2841 2698 2895 vertebantur
2734 2846 2792 2893 ut
2818 2844 3094 2892 tentarent
3117 2834 3306 2897 Deum,
3334 2845 3387 2889 et
3410 2832 3549 2889 San-

1965 2943 2115 2990 ctum
2140 2935 2307 2988 Israel
2335 2933 2748 2988 exacerbarent.
2773 2929 2901 2986 Haec
2926 2943 3092 2999 porro
3109 2927 3291 2981 omnia
3316 2926 3550 2995 agebant

1965 3027 2111 3099 quod
2143 3025 2422 3080 mirabiles
2443 3025 2564 3078 illas
2595 3022 2699 3077 sibi
2722 3021 2852 3076 olim
2882 3018 3156 3074 exhibitas
3184 3016 3412 3070 virtutes
3434 3031 3548 3070 me—

1968 3120 2139 3173 moria
2168 3133 2276 3172 non
2307 3122 2617 3186 repeterent
2646 3131 2661 3169 :
2696 3128 2806 3184 quo
2841 3122 3086 3183 tempore
3117 3108 3185 3165 de
3221 3124 3384 3163 manu
3408 3106 3550 3161 Pha-

1967 3212 2152 3265 raonis
2186 3226 2245 3264 se
2270 3208 2631 3280 opprimentis
2661 3205 2894 3262 redemit
2922 3220 3039 3269 eos,
3075 3213 3128 3260 et
3161 3202 3228 3257 ab
3261 3201 3549 3273 Egyptio-

1968 3318 2088 3355 rum
2121 3301 2403 3356 dominatu
2438 3299 2707 3363 liberavit,
2740 3298 3032 3366 variasque
3076 3293 3314 3349 inimicis
3360 3307 3549 3348 eorum

1968 3398 2166 3453 inﬂixit
2194 3397 2382 3468 plagas
2412 3399 2466 3450 in
2501 3410 2697 3466 campo
2730 3392 2943 3448 Taneos
2976 3410 2988 3444 :
3029 3390 3121 3445 ubi
3162 3391 3338 3460 primo
3371 3389 3552 3442 conti-

1969 3494 2046 3564 git
2096 3492 2336 3547 ﬂuminis
2386 3491 2441 3544 in
2497 3488 2819 3559 sanguinem
2873 3485 3125 3548 mutatio,
3159 3499 3279 3554 qua:
3330 3482 3549 3552 quidem

1970 3583 2243 3656 Egyptiis
2290 3583 2418 3638 talis
2464 3592 2603 3646 erat,
2632 3595 2741 3634 non
2763 3573 2947 3633 autem
2978 3578 3045 3632 iis
3076 3576 3167 3646 qui
3193 3575 3549 3644 iuvabantur.

1970 3675 2151 3742 Quare
2186 3675 2390 3730 imbres
2422 3687 2643 3744 quoque
2671 3686 2882 3736 eorum,
2917 3669 3031 3725 sive
3057 3666 3359 3724 secundum
3383 3666 3556 3735 Aqui~

1969 3764 2100 3828 lam,
2133 3764 2312 3833 ﬂuxus
2334 3777 2547 3825 eorum;
2568 3761 2682 3816 sive
2707 3758 3007 3815 secundum
3036 3755 3447 3828 Symmachum,
3471 3755 3555 3808 al-

1970 3858 2048 3911 vei
2076 3873 2279 3920 eorum,
2310 3854 2364 3909 in
2395 3854 2716 3924 sanguinem
2753 3851 3124 3907 vertebantur.
3140 3847 3330 3903 Omnis
3357 3847 3555 3917 quippe

1972 3963 2237 4020 aquarum
2288 3947 2563 4009 collectio,
2598 3945 2751 4015 paria
2790 3943 3003 4000 ﬂumini
3052 3956 3215 4013 passa
3262 3948 3367 3996 est.
3401 3939 3471 3996 At
3514 3940 3554 3996 ii

1969 4042 2064 4111 qui
2109 4047 2461 4103 accusantur,
2483 4039 2688 4093 nullam
2740 4051 2931 4092 eorum
2984 4034 3305 4091 memoriam
3351 4034 3556 4090 retineo

1969 4130 2124 4194 bant,
2154 4146 2333 4201 neque
2382 4130 2565 4184 animo
2617 4127 2938 4198 repetebant
2973 4126 3297 4197 cmnomyia:
3340 4116 3565 4196 plagam

1970 4222 2244 4296 Egyptiis
2278 4221 2607 4285 immissam,
2644 4236 2753 4277 non
2784 4234 3043 4275 ranarum
3074 4233 3254 4288 neque
3296 4216 3554 4288 aeruginis

1969 4314 2277 4383 ﬂagellum;
2329 4313 2425 4369 sed
2487 4328 2665 4382 neque
2714 4326 2823 4382 qua
2873 4310 3088 4365 ratione
3133 4308 3349 4362 illorum
3381 4306 3554 4378 gratia

1970 4406 2211 4479 IEgyptii
2260 4406 2507 4468 locustae,
2541 4401 3052 4474 grandini,pruinaa
3103 4407 3160 4454 et
3207 4398 3318 4469 igni
3372 4396 3555 4452 traditi

1968 4499 2405 4571 castigabantur.
2425 4495 2630 4549 Horum
2667 4494 3099 4564 experimentum
3122 4505 3246 4546 cum
3268 4504 3433 4560 opere
3462 4504 3555 4544 ce-

1972 4593 2201 4663 pissent,
2236 4592 2586 4645 immemores
2637 4600 2820 4642 tamen
2869 4584 3113 4639 omnium
3160 4589 3338 4636 erant.
3375 4581 3558 4646 Quare

1974 4681 2276 4738 secundum
2316 4678 2709 4750 Symmachum
2756 4674 2967 4729 dictum
2998 4684 3081 4728 est
3117 4691 3129 4727 :
3171 4671 3295 4725 Non
3324 4680 3445 4725 sunt
3476 4687 3560 4725 re-

281 4769 571 4837 Αἰγύπτιοι
612 4770 794 4841 ἀκρίδι
839 4772 933 4823 καὶ
984 4770 1215 4844 χαλάζῃ,
1247 4774 1341 4827 καὶ
1382 4773 1562 4844 πάχνῃ
1592 4775 1687 4827 καὶ
1733 4772 1866 4843 πυρὶ

1974 4772 2182 4827 cordati
2225 4787 2413 4824 manus
2459 4770 2595 4837 ejus,
2631 4768 2734 4822 diei
2758 4784 2862 4839 qua
2892 4766 3132 4820 liberavit
3174 4781 3260 4819 eos
3291 4764 3354 4818 de
3382 4762 3556 4817 tribu-

283 4862 682 4934 παραδοθέντες
714 4863 1046 4929 ἐκολάζοντο.
1082 4865 1300 4919 Τούτων
1331 4867 1375 4919 δ’
1405 4866 1587 4938 ἔργοις
1621 4865 1719 4936 τὴν
1750 4866 1867 4916 πεῖ-

285 4969 387 5027 ραν
438 4953 739 5025 εἰληφότες,
770 4957 1081 5028 ἀμνήμονες
1120 4957 1378 5012 ἁπάντων
1430 4959 1726 5027 ἐγίγνοντο.
1776 4956 1868 5010 Διὸ

284 5046 425 5099 κατά
455 5045 544 5098 τὸν
575 5047 869 5118 Σύμμαχον
912 5048 1157 5120 εἴρηται’
1198 5051 1318 5103 Οὐκ
1351 5049 1868 5121 ἀνεμιμνήσκοντο

284 5138 399 5206 τὴν
449 5138 617 5208 χεῖρα
658 5139 859 5205 αὑτοῦ,
884 5140 997 5210 τὴν
1022 5140 1250 5211 ἡμέραν
1274 5142 1344 5196 ἑν
1368 5138 1408 5214 ᾖ
1438 5143 1733 5211 ἐρρύσατο
1762 5143 1869 5196 αὐ-

282 5228 428 5294 τοὺς
463 5230 530 5283 ἐκ
565 5229 670 5284 τοῦ
701 5232 1042 5299 θλίϐοντοςο
1084 5233 1189 5287 τοῦ
1232 5233 1599 5300 ποιήσαντος
1644 5234 1716 5287 τὰ
1754 5249 1867 5300 ση-

285 5320 419 5388 asia
456 5321 641 5375 αὐτοῦ
676 5321 775 5376 καὶ
806 5323 879 5377 τὰ
910 5323 1121 5393 τέρατα
1152 5326 1339 5380 αὐτοῦ
1366 5325 1436 5379 ἐν
1457 5328 1755 5397 Αἰγύπτῳ,
1799 5328 1869 5381 ἐν

284 5412 469 5477 πεδίῳ
514 5412 775 5499 οΤάνεως·
810 5415 914 5470 τοῦ
956 5420 1395 5486 μεταϐαλόντος
1436 5421 1522 5485 εὶς
1560 5414 1704 5489 αἷμα
1730 5419 1871 5486 τοὺς

283 5506 592 5573 ποταμοὺς
642 5507 861 5575 αὐτῶν,
888 5509 988 5565 καὶ
1036 5511 1108 5565 τὰ
1146 5511 1352 5580 ῥεῖθρα
1398 5510 1616 5578 αὐτῶν,
1646 5513 1746 5567 ἵνα
1780 5511 1867 5581 μὴ

287 5599 470 5651 πίωσι
494 5615 507 5628 ·
538 5599 643 5652 τοῦ
672 5598 1118 5675 ἐπιπέμψαντος
1155 5601 1359 5670 αὐτοῖς
1391 5603 1724 5675 κυνόμυιαν
1757 5618 1868 5671 φα-

359 5715 403 5746 “
430 5714 574 5769 Psal.
605 5731 795 5780 XLVIII,
820 5716 911 5777 2!.

363 5829 438 5897 Η)
474 5827 572 5883 Ms.
607 5827 884 5901 ὲρισύΰης,

1974 4868 2141 4930 (ante,
2168 4865 2283 4935 ejus
2336 4863 2427 4933 qui
2480 4862 2602 4931 fecit
2654 4862 2808 4931 signa
2853 4877 2954 4914 sua
2995 4867 3045 4914 et
3093 4857 3333 4928 prodigia
3363 4874 3460 4911 sua
3504 4857 3558 4909 in

1974 4959 2229 5030 zEgypto,
2264 4958 2318 5010 in
2347 4971 2532 5024 campo
2552 4954 2593 5008 Τ
2598 4970 2792 5015 aneos;
2815 4954 2906 5024 qui
2934 4950 3229 5006 immutavit
3262 4950 3315 5003 in
3350 4948 3561 5019 sangui-

1973 5068 2091 5107 nem
2118 5051 2344 5120 ﬂumina
2376 5065 2578 5114 eorum,
2610 5057 2659 5100 et
2690 5047 2862 5100 alveos
2898 5062 3079 5101 eorum
3102 5054 3278 5098 utnon
3298 5042 3557 5105 biberent;

1973 5142 2063 5213 qui
2105 5142 2249 5195 misit
2278 5141 2406 5209 ipsis
2451 5138 2799 5208 canomyiam
2848 5136 2916 5190 ad
2950 5133 3323 5189 comedendum
3365 5148 3475 5193 eos,
3508 5141 3558 5183 et

1974 5248 2165 5285 ranam
2200 5231 2268 5284 ad
2304 5228 2709 5299 disperdendum
2739 5243 2861 5291 eos;
2908 5226 2997 5297 qui
3024 5222 3168 5279 dedit
3195 5222 3416 5292 aerugini
3442 5221 3559 5289 [ru-

1971 5334 2088 5377 ctus
2119 5338 2302 5377 eorum
2331 5330 2381 5375 et
2415 5321 2620 5374 labores
2649 5334 2830 5372 eorum
2862 5318 3111 5378 locustw,’
3142 5315 3231 5384 qui
3286 5312 3471 5365 occidit
3504 5312 3559 5361 in

1970 5416 2228 5486 grandine
2268 5416 2475 5470 vineam
2520 5430 2721 5480 eorum,
2754 5424 2801 5467 et
2827 5427 3126 5482 sycomoros
3153 5422 3330 5461 eorum
3361 5406 3411 5456 in
3442 5420 3558 5456 ver-

1973 5523 2089 5572 me;
2118 5509 2208 5577 qui
2240 5506 2460 5561 tradidit
2484 5506 2617 5575 pesti
2636 5504 2880 5573 jumenta
2910 5516 3111 5563 eorum,
3135 5508 3184 5551 et
3206 5497 3557 5565 possessiones

1972 5618 2151 5658 eorum
2184 5601 2389 5659 avibus.
2423 5600 2526 5655 Pro
2552 5600 2644 5655 illo
2687 5607 2889 5660 autem,
2923 5593 3166 5664 arrugim’,
3200 5588 3559 5662 Symmachus
