4004 6566
467 373 574 432 927
1120 369 1392 430 EUSEBII
1449 370 1936 429 CESARIENSIS
1972 371 2123 430 OPP.
2171 370 2351 432 PARS
2390 371 2478 430 Ill.
2507 404 2573 414 -—
2613 369 3022 428 EXEGETICA.
3633 368 3736 426 9‘28

471 516 729 572 similiter
756 523 997 586 mysetw,
1033 513 1149 571 sive
1175 515 1402 585 arrugini
1424 530 1443 577 ,'
1474 514 1671 585 Aquila
1701 522 1904 580 autem,
1938 514 2060 569 bru-

2165 517 2286 587 γεῖν
2321 516 2564 584 αὐτοὺς,
2607 515 2708 570 καὶ
2747 513 3058 583 βάτραχον
3102 509 3428 581 διαφθεῖραι
3475 510 3697 575 αὐτούς
3720 526 3738 542 ’

469 609 588 676 cito,
624 608 963 678 interpretati
995 614 1162 675 sunt;
1190 624 1254 661 ac
1283 623 1503 663 rursum
1535 623 1633 679 pro
1667 608 1782 671 illo,
1818 607 2048 677 pruinas,

2165 609 2264 664 τοῦ
2291 609 2504 677 δόντος
2537 608 2619 675 τῷ
2654 605 2881 678 μυξήτῃ
2919 606 2994 660 τὰ
3023 604 3360 676 γεννήματα
3385 601 3605 667 αὐτῶνξ
3643 602 3741 656 καὶ

472 701 854 776 Symmachus,
894 702 1073 769 vermi,
1109 701 1328 771 Aquila,
1365 701 1419 754 in
1461 700 1652 772 glacie,
1685 699 1877 755 edidit.
1929 699 2055 755 Hace

2165 701 2300 767 τοὺς
2326 701 2552 766 κόπους
2577 697 2778 755 αὐτῶν
2821 698 2895 768 τῇ
2926 697 3124 766 ἀκριδι
3147 716 3160 730 -
3210 696 3318 750 τοῦ
3345 696 3736 750 ἀποκτείνανο

471 807 638 864 porro
683 807 713 846 a
761 791 946 864 Moyse
977 793 1346 864 praetermissa
1376 793 1465 847 hic
1495 801 1826 848 enarrantur
1860 812 1872 847 :
1908 792 2056 847 vide-

2165 809 2257 859 τος
2279 795 2348 846 ἐν
2377 792 2603 863 χαλάζῃ
2630 793 2745 862 τὴν
2769 791 3041 863 ἄμπελον
3070 788 3266 848 αὐτῶν
3287 789 3387 843 καὶ
3418 789 3526 854 τὰς
3557 805 3741 842 συκο-

471 894 564 941 tur
592 892 772 940 autem
799 899 984 955 aerugo
1002 891 1056 939 et
1077 893 1336 956 myzetes,
1370 884 1511 940 idem
1545 901 1668 939 esse
1691 885 1784 954 qui
1816 901 1847 939 a
1872 884 2055 956 Moyse

2165 888 2374 956 μόρους
2420 885 2619 941 αὐτῶν
2660 886 2730 940 ἐν
2775 885 3071 954 σκώληκι·
3103 882 3209 936 τοῦ
3240 880 3528 946 ἐκδόντος
3555 880 3742 948 λοιμῷ

469 976 649 1047 cinips
680 984 926 1031 vocatur.
960 974 1097 1030 Nam
1144 991 1270 1030 cum
1305 975 1506 1048 Moysis
1541 975 1827 1048 Scriptura
1867 977 2053 1032 decem

2165 979 2229 1030 τὰ
2258 976 2447 1045 κτήνη
2479 977 2696 1042 αὐτῶν,
2723 977 2822 1030 καὶ
2868 976 2939 1029 τὰ
2971 973 3240 1044 κτήματα
3264 969 3464 1027 αὐτῶν
3485 969 3739 1034 οἰωνοῖς.

469 1069 660 1142 plagas
687 1077 985 1136 memoret;
1020 1069 1106 1123 hic
1134 1083 1336 1131 sermo,
1361 1069 1704 1139 sanguinem,
1735 1083 1917 1130 ranas,
1936 1083 2056 1122 coe-

474 1163 770 1235 nomyiam,
792 1165 1084 1228 locustam,
1129 1162 1472 1234 grandinem,
1507 1163 1878 1232 jumentorum
1910 1178 2057 1218 mor-

471 1262 604 1320 tem,
633 1256 1122 1327 primogenitorum
1145 1255 1376 1321 obitum,
1406 1256 1679 1311 recensuit
1703 1272 1717 1320 ;
1743 1271 1849 1309 non
1876 1263 2054 1309 autem

472 1347 739 1418 ciniphes,
775 1363 881 1400 non
936 1357 1201 1412 tumores,
1237 1363 1345 1400 non
1379 1345 1667 1411 tenebras;
1699 1360 1797 1415 pro
1827 1345 1932 1400 illis
1959 1357 2059 1397 au—

473 1447 582 1494 tem
609 1439 904 1509 aeruginem
935 1437 1071 1492 dixit
1100 1447 1154 1493 et
1187 1439 1474 1507 pruinam;
1505 1451 1737 1506 quorum
1774 1437 1913 1498 loco,
1934 1450 2053 1505 my-

474 1540 628 1586 zeten
661 1540 754 1586 aut
782 1531 1070 1596 bruclium,
1107 1546 1342 1586 vermem
1376 1541 1470 1584 aut
1495 1530 1722 1602 glaciem
1753 1527 1948 1598 reliqui
1979 1528 2058 1581 iu-

476 1620 759 1691 terpretati
785 1629 935 1674 sunt.

2171 1070 2314 1122 Ἀντὶ
2365 1069 2420 1122 δέ
2467 1068 2582 1134 τοῦ,
2642 1067 2715 1137 τῇ
2761 1068 3005 1137 ἐρυσίϐῃ
3060 1067 3176 1136 (Ι),
3225 1066 3253 1118 6
3306 1063 3404 1134 μὲν
3449 1061 3744 1132 Σύμμαχος

2155 1161 2358 1233 ὁμοίως
2389 1159 2470 1228 τῷ
2495 1159 2745 1230 μυζήτῃ,
2779 1162 2808 1214 6
2852 1159 2907 1212 δὲ
2954 1157 3184 1221 Ἀκύλας
3215 1155 3296 1222 τῷ
3342 1155 3612 1223 βρούχφ,
3648 1155 3745 1223 ἦρι

2163 1255 2426 1326 μήνευσε·
2484 1255 2579 1308 καὶ
2629 1252 2791 1307 πάλιν
2842 1252 2962 1306 ἀντὶ
3014 1249 3130 1313 τοῦ,
3168 1247 3243 1317 τῇ
3295 1246 3524 1317 πάχνη,
3569 1246 3596 1298 6
3648 1244 3743 1312 μὲν

2160 1343 2453 1414 Σύμμαχος
2476 1343 2556 1409 τῷ
2585 1343 2872 1411 σκώληκι,
2909 1343 2936 1394 ὁ
2969 1342 3024 1395 δὲ
3071 1340 3298 1403 Ἀκύλας
3329 1339 3399 1392 ἐν
3446 1336 3634 1405 κρύει,
3657 1336 3746 1387 ἐκ-

2159 1434 2443 1488 δεδώκασι.
2481 1435 2876 1506 Σεσιωπημένα
2927 1435 2982 1488 δέ
3028 1433 3202 1497 ταῦτα
3238 1429 3390 1502 παρὰ
3439 1428 3633 1483 Μωσεί
3685 1425 3742 1478 τὸ

2161 1528 2336 1599 παρὸν
2359 1527 2540 1597 λόγιον
2569 1529 3016 1594 ἐδίδαξεν.Ἐοικε
3041 1527 3098 1581 δὲ
3130 1529 3164 1597 ή
3195 1523 3423 1597 ἐρυσίϐη
3461 1521 3556 1576 καὶ
3587 1521 3616 1574 6
3646 1537 3742 1589 μυο

2161 1615 2331 1690 ξήτης
2365 1619 2525 1683 αὐτὸς
2557 1615 2692 1673 εἶναι
2726 1621 2754 1672 6
2788 1619 2937 1691 παρὰ
2985 1620 3174 1673 Μωσεί
3210 1615 3549 1687 κεκλημένος
3593 1610 3739 1678 κνίψ.

477 1715 589 1787 Τῆς
621 1716 730 1787 γὰρ
763 1716 1006 1779 Μωσέως
1036 1715 1264 1786 Γραφῆς
1303 1714 1746 1786 μνημονευούσης
1805 1714 1938 1768 δέκα
1965 1715 1968 1718 ⁴
1995 1714 2238 1786 πληγῶν,
2308 1718 2337 1770 6
2373 1716 2562 1790 παρὼν
2629 1717 2785 1787 λόγος
2827 1717 2920 1772 τοῦ
2963 1718 3194 1788 αἵματος
3238 1713 3610 1785 ἐμνημόνευσε
3653 1709 3747 1762 καὶ

475 1807 584 1861 τῶν
617 1807 902 1879 βατράχων
949 1807 1042 1860 καὶ
1073 1807 1174 1878 τῆς
1215 1807 1511 1879 κυνομυίας
1545 1808 1641 1861 καὶ
1690 1808 1789 1880 τῆς
1845 1807 2064 1880 ἀκρίδος
2101 1809 2319 1879 καὶτῆς
2351 1810 2611 1881 χαλάζης,
2680 1810 2772 1865 καὶ
2807 1811 2901 1864 τοῦ
2951 1809 3179 1862 θανάτου
3208 1807 3316 1860 τῶν
3347 1803 3587 1875 κτηνῶν,
3656 1799 3745 1852 καὶ

477 1901 572 1953 τοῦ
605 1900 833 1953 θανάτου
867 1899 975 1953 τῶν
1041 1899 1427 1972 πρωτοτόκων·
1471 1900 1714 1954 σκνιπῶν
1758 1917 1816 1953 τε
1855 1900 1974 1970 (sic)
2005 1900 2103 1952 οὐκ
2140 1901 2408 1972 ἐμνήσθη,
2478 1903 2597 1956 οὐδὲ
2647 1901 2756 1955 τῶν
2805 1901 3142 1972 φλυκτανῶν,
3177 1899 3297 1954 ούδέ
3341 1897 3437 1953 τοῦ
3480 1896 3704 1956 σκότους
3729 1913 3744 1928 ·

478 1988 599 2050 ἀντὶ
643 1997 699 2049 δὲ
744 1996 946 2048 τούτων
993 1993 1251 2067 ἐρυσίϐην
1277 1989 1396 2048 εἷπε
1431 1995 1523 2048 καὶ
1558 1995 1804 2066 πάχνην·
1839 1993 1954 2048 ἀνθ’
1987 1985 2061 2047 ὧν
2101 1993 2347 2068 μυζήτην
2418 1997 2452 2069 ἦ
2490 1995 2740 2067 βροῦχον,
2777 1995 2810 2068 ἢ
2882 1992 3159 2068 σκώληκα,
3193 1993 3227 2065 ἢ
3269 1991 3437 2064 κρύος
3477 1989 3532 2042 οἱ
3575 1987 3746 2041 λοιποὶ

477 2092 853 2164 ἡρμήνευσαν.

546 2193 712 2250 Vens.
745 2194 937 2250 49-51.
979 2194 1129 2250 Misit
1152 2196 1207 2251 in
1237 2212 1324 2251 eos
1350 2197 1485 2251 iram
1514 2196 1897 2268 indignationis
1922 2212 2055 2256 sum.
2093 2199 2134 2254 Β

473 2283 888 2354 indignationem
923 2293 971 2339 et
1005 2285 1143 2340 iram
1166 2294 1216 2343 et
1240 2284 1656 2349 tribulationem,
1683 2286 2060 2342 immissionem

479 2395 574 2448 per
590 2379 801 2447 angelos
818 2377 1174 2434 malos.Viam
1191 2377 1315 2448 fecit
1345 2378 1544 2433 semitae
1582 2380 1679 2432 ira:
1696 2395 1828 2443 sate,
1841 2394 1944 2432 non
1972 2394 2062 2447 pe-

480 2471 644 2541 perrit
674 2488 705 2524 a
730 2481 896 2524 morte
916 2469 1196 2526 animabus
1225 2486 1430 2535 eorum,
1465 2481 1514 2526 et
1532 2471 1775 2542 jumenta
1796 2486 1977 2524 eorum
2009 2472 2062 2524 in

479 2574 643 2619 morte
679 2563 956 2618 conclusit.
995 2562 1065 2618 Et
1088 2564 1348 2631 percussit
1379 2581 1530 2619 omne
1555 2565 1960 2634 primogenitum
2007 2564 2062 2617 in

481 2654 868 2726 terra/Egypti,
886 2656 1152 2722 primitias
1174 2657 1342 2710 omnis
1366 2654 1567 2712 laboris
1587 2673 1768 2711 eorum
1801 2657 1854 2710 in
1887 2654 2062 2710 taber-

478 2749 683 2802 naculis
697 2748 884 2805 Cham.
907 2747 1113 2804 Praeter
1127 2764 1189 2804 ea
1203 2764 1328 2819 qua:
1344 2749 1597 2817 Superius
1610 2751 1755 2803 dicta
1773 2756 1924 2811 sunt,
1947 2748 2062 2801 haec

479 2841 644 2893 etiam
668 2847 862 2894 contra
895 2839 1186 2912 Egyptios
1212 2854 1310 2909 pro
1357 2840 1534 2895 salute
1568 2839 1752 2910 pepuli
1798 2845 2060 2909 operatus

479 2929 624 2986 Deus
654 2930 940 2986 estzblisit
964 2933 1016 2986 in
1047 2949 1134 2987 eos
1157 2933 1298 2986 iram
1318 2932 1704 3002 indignationis
1748 2947 1880 2990 suae.
1923 2931 2063 2984 indi-

477 3023 781 3094 gnationem
823 3033 872 3078 et
904 3025 1044 3078 iram
1068 3033 1118 3080 et
1147 3024 1565 3080 tribulationem.
1606 3022 1742 3078 Cum
1762 3031 1942 3079 autem
1981 3024 2060 3078 ira

476 3123 532 3167 et
563 3113 866 3185 indignatio
894 3115 1214 3184 frequenter
1238 3123 1594 3179 memoretur,
1631 3115 1720 3170 hic
1745 3131 1928 3170 sermo
1958 3115 2061 3169 hu-

477 3204 574 3273 jus
619 3205 773 3260 vocis
829 3204 1288 3274 signiﬁcationem
1347 3204 1404 3260 in
1457 3203 1816 3274 sequentibus
1885 3205 2062 3273 aperit

480 3295 693 3362 dicens,
724 3294 1117 3351 Immissionem
1148 3311 1240 3364 per
1295 3296 1510 3366 angelos
1554 3296 1757 3357 malos;
1803 3298 1918 3352 sive
1971 3313 2058 3352 se-

482 3389 722 3443 cundum
747 3389 1158 3460 Symmachum,
1178 3387 1201 3444 1
1209 3389 1564 3443 mmissioncm
1587 3390 1892 3457 angelorum
1917 3390 2060 3443 mala

479 3480 837 3549 inferenti-um.
866 3479 1004 3533 Nam
1036 3481 1354 3550 angelorum
1394 3481 1539 3534 mala
1577 3480 1927 3534 inferentium
1956 3483 2060 3533 im-

2245 2192 2701 2258 Ἐξαπέστεαεν
2726 2195 2814 2260 εις
2840 2193 3064 2260 αὐτοὺς
3087 2193 3274 2263 ὀργὴν
3304 2194 3496 2263 θυμοῦ
3538 2194 3740 2255 αὐτοῦ.

2165 2285 2357 2354 θυμὸν
2384 2285 2483 2339 καὶ
2523 2285 2710 2356 ὀργὴν
2746 2286 2848 2340 καὶ
2879 2286 3110 2354 θλίψιν,
3151 2284 3508 2352 ἀποστολὴν
3547 2284 3623 2338 δι’
3648 2287 3747 2354 ἁτ-

2167 2377 2360 2448 γέλων
2395 2379 2691 2447 πονηρῶν.
2713 2379 3065 2447 Ὠδοποίησε
3099 2379 3300 2447 τρίϐον
3343 2378 3413 2448 τῇ
3459 2378 3609 2450 ὀργῇ
3646 2383 3746 2435 ab.

2166 2468 2295 2534 τοῦ,
2323 2473 2434 2524 οὐκ
2461 2471 2744 2540 ἐφείσατο
2771 2472 2892 2526 ἀπὸ
2921 2470 3182 2527 θανάτου
3223 2471 3342 2525 τῶν
3389 2472 3608 2543 ψυχῶν
3646 2476 3746 2526 αύ-

2167 2562 2306 2627 τῶν,
2335 2564 2435 2620 καὶ
2455 2564 2526 2619 τὰ
2557 2565 2748 2634 κτηνὴ
2777 2563 2978 2620 αὐτῶν
3017 2567 3106 2632 εις
3147 2564 3413 2620 θάνατον
3444 2567 3746 2619 συνέκλει-

2167 2673 2260 2712 σε.
2297 2655 2413 2712 Καὶ
2461 2656 2722 2722 ἐπάταξε
2753 2657 2876 2713 πᾶν
2925 2659 3300 2727 πρωτότοκον
3343 2658 3413 2710 ἐν
3457 2656 3535 2726 τῇ
3579 2661 3745 2728 Αίγύ-

2169 2766 2314 2814 πτῳ,
2347 2749 2632 2819 ἀπαρχὴν
2669 2750 2896 2817 παντὸς
2919 2751 3110 2803 πόνου
3135 2749 3334 2804 αὐτῶν
3358 2751 3429 2803 ἐν
3452 2749 3580 2816 τοῖς
3606 2765 3746 2815 exn-

2167 2842 2398 2911 νώμασι
2431 2841 2578 2912 Χάμ.
2619 2843 2763 2915 Πρὸς
2815 2845 2929 2906 τοῖς
2979 2841 3213 2912 λεχθεῖσι
3262 2843 3356 2894 καὶ
3397 2841 3577 2895 ταῦτα
3611 2842 3743 2894 κατε-ι

2167 2935 2277 2988 τῶν
2309 2935 2624 3004 Αἰγυπτίων
2666 2935 2808 3007 ὑπὲρ
2840 2934 2941 3006 τῆς
2979 2935 3252 3006 σωτηρίας
3275 2933 3370 2989 τοῦ
3399 2933 3530 2986 λαοῦ
3567 2937 3595 2987 6
3621 2933 3745 2997 Θεδς

2168 3025 2484 3099 εἰργάζετο·
2533 3027 2988 3091 Ἑξαπέστειλεν
3032 3027 3120 3092 εις
3158 3025 3382 3090 αὐτοὺς
3433 3024 3620 3094 ὀργὴν
3651 3028 3745 3078 θυ-

2163 3121 2282 3192 μοῦ
2326 3122 2532 3187 αὐτοῦ,
2559 3121 2750 3191 θυμόν
2791 3121 2891 3176 καὶ
2927 3120 3115 3190 ὀργὴν
3156 3119 3255 3174 καὶ
3285 3121 3516 3188 θλίψιν.
3553 3120 3746 3176 Πολλα-

2168 3213 2262 3286 κοῦ
2291 3213 2348 3266 δὲ
2373 3214 2470 3282 τῆς
2487 3214 2656 3284 ὀργῆς
2676 3211 3082 3285 ὀνομαζομένης
3109 3211 3200 3266 καὶ
3225 3210 3319 3264 τοῦ
3347 3211 3542 3282 θυμοῦ,
3560 3214 3589 3263 ὁ
3619 3228 3748 3283 παρ-

2167 3305 2243 3358 ὼν
2277 3305 2434 3373 λόγος
2464 3306 2566 3377 τὴν
2622 3306 2862 3363 διάνοιαν
2891 3305 3186 3379 ἐρμηνεύει
3218 3306 3316 3376 τῆς
3350 3305 3614 3376 τοιαύτης
3642 3324 3746 3375 φω-

2167 3397 2265 3468 νῆς
2299 3396 2429 3467 ἑξῆς
2462 3396 2761 3466 ἐπιλέγων·
2810 3395 3182 3466 Ἀποστολὴν
3239 3398 3310 3450 δι’
3345 3397 3618 3466 ἀγγέλων
3647 3412 3748 3450 πο-

2164 3487 2401 3556 νηρῶν·
2434 3489 2468 3559 ἢ
2494 3489 2636 3542 κατὰ
2662 3489 2752 3542 τὸν
2783 3489 3105 3561 Σύμμαχον,
3154 3488 3616 3556 Ἐπαποστολὴν
3647 3490 3747 3558 ἀγι-

483 3573 694 3638 missio,
730 3574 1030 3629 secundum
1064 3573 1364 3628 humanum
1413 3573 1691 3643 cogitandi
1737 3588 1944 3626 morem
1981 3573 2059 3627 ira

2165 3578 2362 3648 γέλων
2393 3579 2759 3633 κακούντων.
2779 3581 2842 3632 Ἡ
2875 3581 2983 3652 γὰρ
3017 3579 3124 3632 τῶν
3165 3580 3474 3634 κακούντων
3500 3581 3746 3649 ἀγγέλων

481 3672 537 3720 et
568 3665 870 3735 indignatio
899 3665 990 3721 Dei
1017 3680 1141 3721 esse
1171 3673 1411 3736 putatur.
1440 3663 1561 3719 Non
1603 3665 1750 3720 enim
1790 3663 1886 3720 ira}
1913 3681 2066 3720 com-

477 3758 781 3813 motionem
829 3757 886 3812 in
944 3757 1057 3814 Deo
1101 3761 1420 3819 existimare
1471 3770 1902 3816 consentaneum
1939 3769 2063 3827 est;

479 3852 578 3906 sed
625 3851 894 3922 supplicia
939 3852 1126 3924 impiis
1154 3853 1303 3922 justo
1347 3852 1444 3910 Dei
1486 3853 1700 3924 judicio
1729 3869 1826 3925 per
1855 3854 2068 3910 immiso

483 3943 696 3999 sionem
721 3946 1066 4015 angelorum,
1089 3947 1182 4016 qui
1198 3947 1262 4001 ad
1283 3947 1387 4001 hoc
1403 3946 1645 4017 deputati
1666 3955 1816 4010 sunt,
1841 3945 2064 4014 in'llicta,

485 4035 567 4090 ira
595 4044 650 4090 et
676 4035 984 4106 indignatio
1012 4045 1299 4093 vocantur.
1329 4038 1598 4094 Caeterum
1627 4055 1754 4094 cum
1797 4039 2068 4112 IEgypliis

484 4127 862 4183 immissiones
925 4129 1244 4198 angelorum
1297 4130 1442 4183 mala
1499 4129 1854 4187 inferentium
1911 4133 2069 4189 factm

485 4217 741 4280 fuissent,
775 4218 890 4288 ipse
917 4220 1057 4272 viam
1085 4218 1218 4275 fecit
1239 4223 1450 4278 semitae
1477 4224 1573 4278 irae
1601 4237 1733 4287 suae,
1767 4224 2066 4278 secundum

487 4308 876 4380 Symmachum
919 4327 1068 4374 vero,
1100 4313 1287 4368 strauit
1331 4313 1522 4368 callem
1556 4315 1653 4369 ira:
1694 4329 1826 4372 sure.
1862 4314 2068 4385 Hisque

489 4399 751 4455 traditum
799 4403 1001 4473 populo
1033 4412 1279 4474 tempore
1312 4405 1476 4460 illata:
1509 4405 1783 4478 Egyptiis
1808 4407 2069 4463 vindictae

487 4493 782 4564 mysticum
811 4496 1020 4551 cultum
1061 4496 1420 4552 .subindicare
1462 4498 1596 4552 mihi
1644 4498 1879 4554 videtur.
1913 4498 2070 4554 Tunc

483 4586 632 4643 enim
654 4586 882 4657 jubetur
904 4587 1128 4644 Pascha:
1157 4588 1362 4644 lestum
1403 4589 1692 4655 celebrari,
1713 4597 1770 4644 et
1795 4590 2068 4648 immolari

2165 3670 2510 3741 ἐπαποστολὴ
2565 3670 2641 3734 ὡς
2691 3671 2828 3742 πρὸς
2877 3669 3198 3741 ἀνθρώπους
3246 3669 3532 3739 ἐνομίζετο
3586 3671 3750 3744 θυμὸς

2163 3758 2305 3822 εἶναι
2353 3763 2446 3824 καὶ
2491 3763 2628 3835 ὀργὴ
2675 3761 2830 3821 Θεοῦ.
2868 3763 2942 3817 Ού
2977 3763 3084 3834 γὰρ
3111 3762 3176 3833 δὴ
3209 3762 3378 3826 πάθος
3413 3759 3552 3815 εἶναι
3586 3763 3750 3834 ὀργῆς

2169 3853 2298 3924 περὶ
2347 3853 2438 3905 τὸν
2482 3851 2615 3905 Θεὸν
2652 3853 2917 3925 προσήκει
2945 3851 3186 3924 νομίζειν
3207 3870 3219 3883 ·
3251 3852 3350 3916 τὰς
3387 3854 3444 3906 δὲ
3473 3852 3615 3906 κατὰ
3647 3854 3748 3905 τῶν

2163 3943 2379 3998 ἀσεϐῶν
2416 3943 2690 4016 τιμωρίας
2734 3945 2912 4016 κρίσει
2953 3944 3136 4016 δικαίᾳ
3179 3943 3317 3998 Θεοῦ
3357 3944 3423 3998 δι’
3451 3943 3749 4010 ἀποστολὴν

2163 4037 2414 4106 ἀγγέλων
2437 4036 2546 4090 τῶν
2572 4037 2654 4100 είς
2681 4035 2837 4089 τοῦτο
2857 4036 3205 4107 τεταγμένων
3236 4035 3561 4105 γιγνομένας
3584 4036 3748 4106 ὀργὴν

2165 4131 2264 4184 καὶ
2318 4129 2491 4202 θυμὸν
2544 4127 2845 4183 καλεῖσθαι.
2901 4128 3048 4200 Πλὴν
3091 4127 3230 4181 ἀλλὰ
3284 4129 3396 4190 τοῖς
3436 4127 3748 4194 Αἰγυπτίας

2168 4224 2544 4295 ἐπαποστολῆς
2592 4222 2841 4292 ἀγγέλων
2883 4221 3194 4276 κακούντων
3239 4220 3554 4292 γενομένης,
3591 4220 3746 4282 αὐτὸς

2167 4318 2470 4391 ὡδοποίησε
2503 4316 2689 4390 τρίϐον
2716 4319 2780 4387 τῇ
2813 4316 2947 4388 ὀργῇ
2980 4314 3144 4368 αὐτοῦ
3166 4331 3182 4346 ·
3231 4315 3372 4368 κατὰ
3403 4314 3460 4366 δὲ
3485 4312 3576 4364 τὸν
3611 4312 3747 4381 Σύμ-

2168 4426 2366 4480 μαχον,
2411 4407 2739 4476 διέστρωσε
2783 4405 3052 4474 ἀτραπὸν
3095 4403 3171 4474 τῇ
3219 4401 3365 4473 ὀργῇ
3394 4401 3603 4455 αὐτοῦ.
3641 4400 3746 4454 Καί

2173 4517 2262 4571 μοι
2306 4500 2452 4554 δοκεῖ
2499 4499 2588 4553 διὰ
2626 4496 2832 4552 τούτων
2859 4495 3192 4551 αἰνίττεσθαι
3223 4494 3322 4563 τὴν
3353 4490 3743 4562 παραδοθεῖσαν

2167 4593 2246 4662 τῷ
2273 4591 2387 4662 λαῷ
2409 4591 2675 4663 μυστικὴν
2705 4588 2963 4660 λατρείαν
2985 4585 3126 4641 κατὰ
3144 4585 3234 4638 τὸν
3258 4584 3445 4657 καιρὸν
3466 4582 3568 4652 τῆς
3591 4580 3742 4634 ἐπελ-

483 4695 690 4750 agnum
730 4681 799 4736 ad
843 4682 1151 4754 symbolum
1171 4681 1316 4754 Agni
1350 4680 1444 4738 Dei
1485 4698 1584 4754 pro
1610 4682 1927 4739 hominibus
1968 4683 2064 4737 im-

2169 4681 2366 4753 θούσης
2414 4683 2527 4746 τοῖς
2559 4679 2878 4750 Αἰγυπτίοις
2899 4679 3085 4749 ὀργῆς.
3102 4677 3235 4730 Τότε
3266 4674 3376 4746 γὰρ
3407 4673 3742 4726 διὰταττεται

488 4771 750 4837 molandi,
779 4773 1079 4844 inungique
1108 4775 1377 4847 sanguine
1411 4774 1850 4846 superliminaria
1878 4775 2064 4830 domo-

2168 4775 2268 4846 τὴν
2294 4773 2388 4827 τοῦ
2415 4773 2608 4844 Πάσχα
2637 4771 2834 4844 ἑορτὴν
2859 4770 3189 4832 ἐπιτελέσαι,
3213 4767 3482 4830 θύσαντας
3507 4765 3606 4836 μὲν
3627 4763 3743 4835 πρὸ·

485 4877 640 4929 ιἰιω,
685 4871 744 4919 ut
798 4865 904 4922 hoc
956 4877 1276 4939 cons-pecto,
1326 4867 1723 4924 exterminator
1771 4867 2064 4924 abstineret

2170 4865 2334 4920 ϐατον
2367 4866 2509 4919 κατὰ.
2543 4865 2808 4938 σύμϐολον
2831 4863 2924 4919 τοῦ
2963 4863 3247 4937 μέλλοντος
3271 4860 3411 4931 ὑπὲρ
3442 4857 3737 4930 ἀνθρώπων

481 4967 520 5009 ι
576 4954 778 5011 damno
815 4956 919 5011 hoc
979 4958 1270 5027 agentibus
1326 4957 1622 5014 inferendo.
1678 4956 1950 5029 Scriptum
1985 4971 2064 5014 est

2171 4957 2498 5030 τυθήσεσθαι
2553 4959 2750 5030 Ἀμνοῦ
2797 4959 2892 5012 τοῦ
2913 4957 3070 5024 Θεοῦ,
3106 4956 3398 5029 χρίσαντας
3442 4951 3499 5006 δὲ
3543 4949 3744 5005 ἑαυτῶν

484 5046 632 5102 enim
657 5062 670 5098 :
702 5045 770 5100 Et
793 5051 1043 5104 transibit
1063 5049 1324 5104 Dominus
1375 5051 1445 5105 ad
1472 5051 1872 5122 percutiendum
1896 5051 2064 5122 [Ερυ-

2172 5049 2271 5114 τὰς
2306 5049 2466 5120 φλιὰς
2503 5047 2612 5102 τῶν
2639 5049 2804 5102 οῐκων
2828 5047 2906 5119 τῷ
2948 5048 3166 5119 αἵματιο
3200 5044 3275 5108 ὡς
3307 5043 3392 5105 ἂν,
3427 5042 3584 5095 τοῦτο
3627 5041 3740 5094 θεα-

486 5139 650 5206 ptios,
671 5147 720 5194 et
737 5139 930 5192 videbit
958 5142 1266 5211 sanguinem
1287 5143 1340 5196 in
1368 5143 1765 5212 superliminari
1777 5153 1825 5196 et
1849 5145 1900 5196 in
1920 5155 2064 5198 utro-

2171 5143 2405 5212 σάμενος
2457 5142 2486 5193 6
2535 5140 2876 5212 δλοθρευτὴς,
2921 5137 3293 5210 ἀναχωρήσειε
3338 5134 3440 5204 τῆς
3474 5133 3614 5187 κατὰ
3643 5129 3746 5184 τῶν-

485 5245 584 5300 que
609 5238 775 5299 poste.
803 5228 871 5283 Et
910 5231 1256 5297 pertransibit
1307 5231 1564 5288 Dominus
1597 5235 1852 5300 januam,
1884 5244 1934 5288 et
1960 5251 2063 5288 non

2168 5233 2325 5288 τοῦτο
2365 5233 2685 5305 πραξάντων
2735 5232 3015 5304 ἐπιϐολῆς.
3068 5231 3383 5302 Γέγραπται
3429 5228 3585 5298 γοῦν·
3641 5224 3740 5280 Καί

485 5324 750 5392 permittet
790 5323 993 5394 ingredi
1036 5325 1497 5380 exterminatorem
1542 5328 1596 5380 in
1625 5327 1811 5382 domos
1860 5337 2062 5382 vestras

2169 5328 2601 5394 παρελεύσεται
2645 5328 2860 5394 Κύριος
2891 5325 3149 5389 πατάξαι
3177 5324 3320 5389 τοὺς
3346 5321 3700 5392 Αἰγυπτίους
3721 5332 3734 5346 ⁶

487 5415 559 5469 ad
584 5416 979 5486 percutiendum
1000 5416 1067 5474 ".

2167 5421 2265 5476 καί
2293 5421 2501 5489 ὄψεται
2527 5421 2593 5474 τὸ
2622 5416 2766 5490 αἱμα
2807 5419 2905 5472 ἐπὶ
2933 5419 3042 5488 τῆς
3067 5417 3278 5489 gntae,
3309 5418 3406 5471 καὶ
3441 5417 3534 5486 ἐπ’
3562 5417 3737 5483 ἀμφο-

487 5508 672 5577 τέρων
721 5508 839 5563 τῶν
882 5508 1178 5579 σταθμῶν.
1229 5509 1337 5563 Καὶ
1383 5513 1809 5579 παρελεύσεται
1853 5510 2067 5580 Κύριος
2103 5514 2219 5572 τὴν
2245 5517 2432 5582 θύραν
2455 5531 2468 5544 ·
2502 5514 2596 5567 καὶ
2621 5516 2732 5567 οὐκ
2761 5511 2983 5582 ἀφήσει
3007 5514 3113 5565 τὸν
3171 5511 3564 5580 ὀλοθρεύοντιι
3623 5506 3734 5557 εισ-

485 5603 691 5655 ελθεῖν
715 5603 802 5669 εις
825 5603 934 5668 τὰς
965 5603 1158 5669 οἰκίας
1183 5600 1351 5672 ὑμῶν
1380 5603 1659 5666 πατάξαι.

565 5713 670 5770 Sed
708 5715 816 5772 illis
845 5715 1063 5787 quidem
1096 5718 1236 5774 viam
1272 5721 1482 5791 paravit
1513 5729 1567 5776 ut
1602 5721 1899 5794 ell‘ugcrent
1931 5723 2064 5780 iram

2260 5719 2420 5772 Ἀλλὰ
2464 5718 2669 5784 τούτοις
2722 5720 2817 5789 μὲν
2867 5717 3162 5788 ὡδοποίησε
3198 5717 3379 5788 τρίϐον
3409 5715 3542 5786 πρὸς
3566 5715 3624 5768 τὸ
3655 5713 3738 5768 ἐκ·

573 5873 616 5905 "
645 5869 813 5927 Exod.
850 5891 946 5939 xu,
977 5873 1066 5930 25.

2235 5879 2310 5946 (l)
2345 5875 2444 5935 Ms.
2483 5876 2731 5950 ἐρισύϐῃ.
