4004 6518
290 342 394 401 9'19

1378 344 1888 403 COMMENTARIA
1924 344 1990 401 ΙΝ
2029 345 2367 404 PSALMOS.

3439 334 3543 408 οτι)

274 460 479 529 φυγεῖν
506 458 787 531 τὴννόργὴν
814 446 977 511 αὑτοῦ
999 472 1012 487 ⁶
1047 457 1156 512 τῶν
1181 458 1238 512 δέ
1259 460 1568 528 Αἰγυπτίων
1594 461 1691 515 οὐκ
1717 461 1856 531 ἐφεί-

1974 477 2127 518 suam
2155 481 2168 517 :
2206 460 2478 533 Egyptiis
2505 478 2633 519 vero
2655 479 2763 519 non
2788 464 3060 537 pepercit;
3090 480 3272 519 verum
3312 465 3365 519 in
3401 482 3547 519 mor-

289 552 451 605 σατοο
487 550 770 621 παρεδίδου
821 550 878 604 δὲ
924 550 1005 614 είς
1058 550 1285 605 θάνατον
1318 549 1416 615 τὰς
1461 550 1635 622 ψυχὰς
1665 552 1864 616 αὐτῶν,

287 643 450 711 ἀξίων
483 642 651 695 ὄντων
674 644 772 715 τῆς
801 642 1053 713 τοιαύτης
1074 642 1344 715 τιμωρίας
1364 662 1377 676 ·
1413 644 1726 716 ἐπειδήπερ,
1752 646 1869 699 ἀσεο

266 724 460 799 ’ϐείαις
500 735 844 807 ἐκδεδομέναι
883 735 977 788 καὶ
1032 738 1098 806 τῇ
1128 736 1373 807 πολυθὲιρ
1400 738 1493 790 καὶ
1528 738 1866 809 Αἰγυπτιακῇ

264 824 689 899 δεισιδαιμονίᾳ,
742 826 885 898 ἄλλῳ
923 826 1143 893 θανάτῳ
1202 828 1301 892 τὰς
1352 828 1530 899 ψυχὰς
1574 829 1866 900 ἐτύγχανον

264 908 267 911 ’
285 920 725 992 βεϐαπτισμένοι.
755 920 956 992 Διόπερ
981 922 1008 973 6
1037 920 1226 992 παρὼν
1267 921 1423 990 λόγος
1450 923 1511 974 οὑ
1543 923 1719 975 κοινὸν
1771 923 1867 976 θά-

282 1033 440 1068 νατον
478 1015 865 1089 ἐπεληλυθέναι
898 1017 1078 1079 αὐτοῖς
1109 1014 1368 1081 διδάσκει,
1402 1015 1533 1069 ἀλλὰ
1558 1016 1742 1087 ψυχῶν
1773 1015 1867 1069 θά-

284 1107 535 1161 νατον,’0
579 1107 686 1179 γὰρ
732 1107 1075 1179 ὀλοθρευτὴς,
1112 1099 1156 1175 ᾧ
1210 1108 1604 1178 παρεδόθησαν,
1640 1110 1754 1178 ἅμα
1800 1112 1863 1180 τῇ

283 1198 380 1251 τοῦ
412 1198 662 1270 σώματος
694 1199 952 1265 διαλύσει,
978 1199 1076 1263 τὰς
1104 1198 1281 1269 ψυχὰς
1308 1199 1486 1253 αὐτῶν
1509 1201 1863 1273 παρελάμϐα-

283 1307 394 1354 νεν,
422 1292 501 1355 εἰς
530 1290 747 1363 ὄλεθρον
780 1291 947 1354 αὑτὰς
970 1290 1338 1358 ἀπάγων.⁶Διὸ
1368 1291 1462 1345 καὶ
1489 1286 1644 1355 αὖθις
1666 1293 1865 1363 γέγρα-

282 1398 450 1436 πται·
487 1385 608 1437 Οὐκ
663 1383 946 1453 ἐφείσατο
999 1384 1119 1437 ἀπὸ
1178 1382 1440 1438 θανάτου
1489 1382 1608 1438 τῶν
1650 1384 1865 1453 ’ψηνχῶν

277 1474 496 1528 αὐτῶν.
534 1470 673 1529 Ἐἶτα
718 1475 969 1545 διασαφεῖ
1013 1475 1187 1545 λέγων
1238 1476 1402 1547 ἐξῆςο
1444 1476 1557 1533 Kal
1604 1476 1863 1539 ἐπάταξε

276 1565 401 1621 πᾶν
448 1569 824 1637 πρωτότοκον
867 1569 936 1622 ἐν
968 1567 1045 1637 γῆ
1089 1569 1382 1637 Αἰγύπτῳ,
1425 1568 1705 1638 ἀπαρχὴν
1745 1568 1864 1623 τῶν

274 1663 481 1714 πόνων
530 1658 746 1714 αὐτῶν.
783 1659 927 1713 Ἀντὶ
975 1660 1031 1714 δὲ
1079 1660 1196 1725 τοῦ,
1248 1660 1530 1729 ἀπαρχὴν
1592 1659 1711 1714 τῶν
1756 1662 1861 1714 πό-

272 1771 399 1807 νων
451 1752 649 1811 αὐτῶν
718 1753 789 1806 ἐν
851 1752 975 1820 τοῖς
1025 1750 1377 1823 σκηνώμασι
1430 1752 1585 1823 Χάμ·
1636 1756 1664 1807 6
1714 1753 1859 1826 Σύμ-

276 1861 485 1915 μαχος’
540 1842 834 1912 Πρωτεῒον
882 1842 1197 1913 δυνάμεων
1261 1842 1479 1907 αὐτῶν,
1527 1845 1857 1915 ἡρμήνευσε.

278 1934 364 1991 Τά
426 1935 534 2008 γὰρ
588 1936 909 2007 πρωτότοκα
972 1935 1067 1990 καὶ
1126 1937 1389 2008 πρωτεῖον
1438 1930 1506 2006 ἧν
1560 1935 1657 2006 τῆς
1706 1936 1863 1991 δυνά-

274 2046 427 2100 μεως
489 2028 597 2081 τῶν
650 2029 1048 2098 γεννησάντων.
1111 2027 1209 2081 Διὰ
1272 2027 1370 2099 μὲν
1408 2023 1500 2081 οὖν
1541 2028 1646 2081 τῶν
1709 2028 1852 2100 πρώ-

264 2138 385 2174 των
412 2119 654 2191 πληγῶν,
674 2119 864 2193 ὥσπερ
888 2121 967 2183 εἰς
995 2120 1281 2191 μετάνοιαν
1306 2108 1503 2185 αὐτοὺς
1528 2121 1863 2192 προσκαλού-

270 2229 439 2283 μενος
464 2212 551 2266 διὰ
572 2214 669 2285 τῆς
699 2212 899 2283 ἀνοχῆς
925 2214 1019 2265 καὶ
1050 2212 1453 2285 μακροθυμίας,
1486 2214 1861 2285 πεφεισμένως

265 2304 458 2367 αὐτοῖς
490 2303 662 2374 ἐπῆγε
691 2303 791 2367 τὰς
816 2303 1103 2375 τιμωρίας.
1123 2304 1245 2357 Ἐπὶ
1282 2305 1425 2357 τέλει
1470 2305 1526 2357 δὲ
1570 2307 1669 2359 οὐκ
1710 2306 1859 2375 ἐφεί-

269 2413 406 2449 σατο
458 2394 570 2449 ἀπὸ
618 2394 849 2449 θανάτου
895 2394 1003 2447 τῶν
1039 2395 1227 2465 ψυχῶν
1268 2378 1477 2450 αὐτῶν
1508 2396 1643 2449 ἀλλὰ
1672 2396 1765 2450 καὶ
1791 2396 1861 2449 τά

268 2491 448 2561 κτήνη
480 2488 657 2542 αὐτῶν
688 2490 768 2553 εἰς
800 2488 1027 2543 θάνατον
1069 2488 1429 2544 συνέκλεισεν.
1450 2488 1602 2542 Ἐπεὶ
1632 2490 1725 2542 καὶ
1751 2490 1859 2543 πᾶν

269 2581 616 2653 πρωτότοκον
648 2581 706 2635 ἐν
733 2582 802 2651 γῇ
831 2580 1093 2651 Αἰγύπτῳ
1125 2583 1398 2654 ἀνῃρεῖτο,
1434 2581 1644 2652 κτηνῶν
1671 2600 1730 2635 τε
1764 2584 1857 2636 καὶ

266 2674 498 2745 ἀνδρῶν.
528 2672 739 2745 Σφόδρα
784 2673 839 2725 δὲ
886 2673 1127 2745 ἀκριϐῶς
1162 2674 1253 2726 ἐπὶ
1290 2675 1388 2745 μὲν
1416 2673 1525 2726 τῶν
1555 2673 1859 2747 ἀνθρώπων

266 2765 488 2837 θανάτῳ
522 2766 655 2837 φησί
674 2766 772 2830 τὰς
802 2765 978 2836 ψυχὰς
1001 2766 1177 2819 αὐτῶν
1208 2766 1600 2836 παραδεδόσθαι
1620 2786 1633 2798 ο
1662 2764 1730 2839 ἦν
1751 2768 1859 2841 γὰρ

266 2861 301 2912 ό
329 2859 649 2933 όλοθρευτὴς
678 2858 910 2930 δαίμων,
946 2862 974 2914 6
1014 2862 1112 2925 τὰς
1143 2860 1320 2931 ψυχὰς
1353 2860 1533 2914 αὐτῶν
1585 2862 1678 2915 καὶ
1721 2863 1858 2933 μετὰ

269 2950 502 3004 θάνατον
553 2951 1028 3022 παραλαμϐάνων·
1062 2953 1155 3007 ἐπὶ
1186 2952 1241 3005 δὲ
1274 2952 1380 3006 τῶν
1421 2954 1633 3022 κτηνῶν
1677 2955 1858 3009 οὐκέτι

265 3042 458 3114 ψυχῶν
492 3044 919 3114 ἐμνημόνευσεν,
953 3043 1087 3097 ἀλλὰ
1116 3045 1276 3113 μόνου
1311 3044 1401 3098 τοῦ
1433 3045 1609 3099 κοινοῦ
1639 3047 1733 3100 καὶ
1757 3064 1859 3101 σω-

271 3134 503 3204 ματικοῦ
537 3134 767 3188 θανάτου
794 3147 807 3161 ”
848 3138 908 3189 οὐ
953 3135 1061 3209 γὰρ
1107 3136 1323 3207 μετέχει
1370 3138 1550 3208 ψυχῆς
1590 3137 1662 3192 τὰ
1690 3140 1855 3211 κτήνη

266 3222 372 3293 τῆς
440 3223 577 3294 μετὰ
642 3223 740 3296 τὴν
794 3223 886 3278 τοῦ
938 3225 1186 3296 σώματος
1237 3224 1387 3279 λύσιν
1435 3227 1859 3299 παραμενούσης
1885 3258 1926 3314 C

264 3316 471 3387 δμοίως
522 3319 642 3381 ταῖς
674 3316 783 3371 τῶν
832 3317 1135 3389 ἀνθρώπων
1167 3318 1386 3389 ψυχαῖς.
1419 3317 1528 3389 Τὴν
1578 3321 1634 3374 δὲ
1688 3320 1855 3392 αὐτὴν

272 3406 518 3478 ἱστορίαν
571 3408 843 3480 διαφόρως
892 3408 1099 3479 Μωσῆς
1145 3427 1205 3461 τε
1257 3410 1351 3462 καὶ
1383 3411 1411 3462 6
1458 3409 1651 3482 παρὼν
1701 3410 1857 3480 λόγος

266 3499 614 3570 ήρμήνευσεν
634 3516 648 3529 ·
673 3498 701 3551 6
735 3499 832 3569 μὲν
861 3499 1182 3573 όλοθρευτὴν
1214 3499 1384 3555 εἰπὼν
1420 3499 1733 3572 διακονῆσαι
1766 3503 1855 3555 τὸν

270 3590 501 3645 θάνατον
534 3590 641 3646 τῶν
688 3593 1046 3665 πρωτοτόκων
1068 3610 1080 3623 ⁸
1118 3595 1145 3647 6
1173 3592 1227 3646 δέ
1262 3592 1451 3665 παρὼν
1484 3593 1639 3663 λόγος
1663 3594 1730 3647 δι’
1759 3596 1856 3665 ἀγ-

269 3682 444 3750 γέλων
476 3682 725 3755 πονηρῶν
756 3681 928 3737 ταῦτα
961 3683 1257 3754 γεγονέναι.
1288 3685 1464 3737 Κάκεῖ
1512 3685 1607 3756 μὲν
1652 3686 1680 3737 6
1727 3686 1857 3739 Μω-

272 3773 372 3843 σῆς
532 3774 723 3845 αἵματι
758 3775 1038 3845 κεχρῖσθαι
1072 3775 1171 3840 τὰς
1204 3775 1383 3846 φλιάς,
1418 3775 1695 3829 καὶτοῦτο
1756 3795 1855 3847 φυο

268 3863 559 3936 λακτήριον
594 3864 874 3934 γεγονέναι
922 3866 1031 3919 τῶν
1074 3866 1446 3937 διαφυγόντων
1476 3867 1568 3920 τὸν
1600 3867 1841 3939 ὀλοθρευ-

267 3957 400 4026 τήν·
436 3954 668 4009 ἐνταῦθα
699 3954 755 4008 δὲ
786 3955 1177 4028 ὼδοποιηκέναι
1211 3956 1394 4029 τρίϐον
1424 3958 1638 4030 εἴρηται
1669 3960 1696 4011 6
1724 3959 1855 4022 Θεὸς

269 4045 409 4117 πρὸς
439 4046 500 4098 τὸ
540 4047 842 4115 ἀποφυγεῖν
875 4046 972 4119 τὴν
1003 4048 1171 4122 ὀργὴν
1201 4048 1386 4102 αὑτοῦ.
1423 4049 1610 4103 Ταῦτα
1641 4049 1715 4115 δὲ,
1752 4067 1855 4120 φη-

271 4138 347 4200 σὶ,
380 4137 710 4191 συνετελείτο
741 4139 799 4191 ἐν
833 4141 944 4203 τοῖς
984 4140 1305 4211 σκηνώμασι
1352 4140 1480 4211 Χάμ
1504 4158 1516 4170 ·
1548 4142 1602 4211 ἢ,
1627 4142 1696 4195 ὲν
1724 4141 1852 4209 ταῖς

268 4230 619 4297 σκηνώσεσι
652 4230 797 4301 Χὰμ,
845 4231 987 4285 κατὰ
1032 4232 1120 4285 τὸν
1170 4232 1461 4304 Σύμμαχον
1483 4251 1496 4263 ο
1537 4233 1592 4304 ἧ,
1621 4234 1691 4286 ἐν
1722 4232 1851 4299 ταῖς

268 4319 530 4387 σκέπαις
577 4322 724 4392 Χίιμ,
773 4323 915 4377 κατὰ
964 4324 1053 4377 τὸν
1097 4326 1342 4378 Ἀκύλαν.
1381 4320 1560 4379 Δι’ὧν
1607 4327 1852 4381 διδασκό-

273 4411 413 4482 μεθα
446 4413 542 4484 τὴν
574 4412 846 4483 Αἴγυπτον
876 4416 1151 4483 γεγονέναι
1189 4414 1519 4488 σκηνώματα
1562 4416 1657 4469 τοῦ
1699 4418 1846 4487 Χάμ.

268 4506 451 4575 Τριῶν
490 4506 598 4575 γὰρ
640 4507 846 4560 παίδων
878 4507 969 4561 τοῦ
1000 4508 1122 4561 Νῶε
1159 4510 1485 4579 γενομένων,
1520 4509 1661 4580 Σὴμ,
1696 4510 1845 4581 Χὰμ,

1975 562 2081 607 tem
2139 553 2362 608 tradidit
2412 555 2624 611 animas
2678 572 2891 624 eorum,
2946 558 3234 626 dignorum
3288 572 3419 612 sane
3451 557 3548 610 tali

1970 644 2261 716 supplicio,
2309 645 2438 717 quia
2475 641 2852 717 impietatibus
2882 657 2935 702 et
2965 648 3299 720 {Egyptiacae
3342 649 3548 703 multo-

1967 752 2089 791 rum
2136 737 2362 792 deorum
2403 740 2784 809 superstitioni
2828 740 2992 796 dediti
3022 781 3036 805 ,
3085 740 3192 795 alia
3241 740 3297 795 in
3348 748 3545 806 morte,

1969 830 2165 885 animm
2185 830 2419 895 scilicet,
2452 831 2687 888 demersi
2722 840 2899 889 erant.
2932 832 3114 899 Quare
3138 833 3226 887 hic
3257 848 3366 887 non
3395 850 3545 888 com—

1966 936 2187 977 munem
2234 929 2467 977 mortem
2521 922 2659 995 ipsis
2706 924 2916 979 illatam
2965 924 3408 1001 essedocetur;
3452 928 3545 983 sed

1967 1021 2198 1068 mortem
2235 1015 2562 1070 animarum.
2589 1015 2722 1070 Nam
2757 1018 3150 1072 exterminator
3176 1019 3285 1084 ille,
3317 1020 3403 1073 cui
3437 1029 3547 1072 tra-

1966 1100 2067 1155 diti
2104 1109 2254 1169 sunt,
2284 1104 2468 1159 statim
2495 1112 2657 1176 atque
2689 1121 2919 1177 corpora
2948 1108 3216 1163 dissoluta
3245 1118 3394 1175 sunt,
3428 1111 3551 1164 ani-

1966 1208 2084 1248 mas
2122 1195 2386 1266 abripuit,
2427 1197 2481 1251 in
2536 1198 2833 1267 perniciem
2896 1199 3175 1256 abducens
3210 1216 3322 1257 eas.
3368 1201 3547 1267 Quare

1964 1301 2184 1343 rursum
2224 1289 2503 1355 scribitur,
2542 1290 2663 1345 Non
2712 1292 2938 1360 pepercit
2985 1310 3017 1345 a
3058 1302 3223 1346 morte
3268 1294 3545 1348 animabus

1963 1395 2164 1434 eorum.
2198 1378 2391 1437 Postea
2422 1397 2553 1437 vero
2578 1383 2693 1439 haec
2719 1384 2960 1440 declarat
2988 1402 2999 1437 :
3036 1384 3101 1438 Et
3137 1388 3395 1455 percussit
3431 1404 3545 1440 am-

1964 1486 2026 1524 ne
2055 1471 2461 1542 primogenitum
2493 1474 2547 1527 in
2590 1484 2732 1528 terra
2781 1475 3024 1547 Egypti,
3065 1478 3331 1545 primitias
3375 1478 3546 1534 omnis

1964 1562 2162 1617 laboris
2191 1580 2393 1618 eorum.
2428 1562 2534 1619 Pro
2566 1565 2658 1620 illo
2697 1574 2900 1629 autem,
2928 1569 3193 1636 primitias
3227 1568 3422 1623 laboris
3452 1584 3538 1623 eo-

1961 1670 2079 1708 rum
2112 1656 2165 1708 in
2194 1655 2570 1722 .tabernaculis
2622 1656 2808 1722 Cham,
2844 1658 3236 1731 Symmachus,
3280 1661 3544 1729 primitias

1962 1749 2169 1804 virtutis
2203 1767 2404 1813 eorum,
2432 1752 2826 1821 interpretatus
2855 1761 2957 1809 est.
2992 1752 3126 1807 Nam
3159 1753 3542 1825 primogenita,

1962 1841 2218 1909 primitiae
2241 1842 2458 1898 virtutis
2492 1844 2833 1915 gignentium
2861 1854 3039 1900 erant.
3073 1848 3179 1902 Per
3207 1846 3413 1918 primas
3442 1848 3547 1901 ita-

1897 1915 1936 1969 Β
1965 1949 2072 2004 que
2113 1935 2300 2006 plagas
2342 1936 2502 2006 quasi
2542 1936 2611 1990 ad
2656 1937 3035 2007 paenitentiam
3082 1915 3230 2009 ipsos
3271 1955 3543 2005 evocans,

1964 2042 2059 2097 per
2098 2027 2502 2097 patientiam'et
2531 2028 2876 2084 tolerantiam
2913 2046 3091 2094 suam,
3120 2030 3381 2100 paulatim
3412 2030 3547 2100 ipsis

1964 2123 2230 2194 supplicia
2290 2123 2579 2179 inferebat.
2630 2123 2689 2179 ln
2722 2124 2829 2181 fine
2872 2141 3002 2181 vero
3050 2142 3161 2180 non
3214 2126 3456 2196 pepercit
3514 2141 3545 2179 a

1963 2221 2138 2268 morte
2191 2212 2480 2269 animabus
2527 2229 2751 2279 eorum;
2794 2215 2889 2270 sed
2934 2215 3098 2269 etiam
3148 2215 3399 2285 jumenta
3449 2233 3545 2271 eo-

1964 2319 2084 2357 rum
2126 2304 2181 2359 in
2221 2313 2396 2360 morte
2446 2306 2741 2361 conclusit.
2799 2305 2933 2359 Nam
2986 2323 3147 2361 omne
3209 2309 3546 2379 primogeni-

1964 2401 2078 2448 tum
2119 2394 2173 2448 in
2223 2402 2370 2450 terra
2424 2394 2645 2466 Egypti
2691 2395 3066 2459 occidebatur,
3116 2406 3223 2451 tam
3264 2398 3546 2467 jumento-

1962 2500 2106 2549 rum,
2159 2501 2320 2555 quam
2360 2486 2664 2541 hominum.
2716 2485 2824 2541 Sed
2871 2497 3125 2541 accurate
3156 2488 3449 2543 admodum
3481 2489 3549 2543 de

1960 2575 2276 2631 hominibus
2300 2577 2520 2647 quidem
2557 2578 2633 2631 ait
2659 2579 2873 2633 animas
2902 2594 3091 2633 eorum
3119 2580 3280 2633 morti
3313 2580 3547 2636 traditas

1960 2667 2133 2724 fuisse
2172 2686 2185 2720 :
2233 2667 2422 2723 aderat
2470 2669 2671 2740 quippe
2718 2669 2932 2724 daemon
2981 2672 3398 2735 exterminator,
3450 2674 3545 2742 qui

1960 2760 2172 2815 animas
2197 2761 2359 2813 etiam
2390 2776 2578 2814 eorum
2628 2770 2749 2830 post
2794 2772 3025 2816 mortem
3074 2764 3369 2832 abriperet.
3409 2764 3546 2820 Cum

1960 2852 2028 2908 de
2054 2852 2320 2922 jumentis
2355 2868 2519 2922 porro
2555 2854 2757 2923 agitur,
2807 2869 2916 2908 non
2967 2856 3109 2907 ultra
3156 2854 3366 2910 animus
3394 2870 3545 2910 com-

1961 2953 2259 3012 memorat;
2320 2946 2415 2999 sed
2469 2945 2647 3000 solum
2698 2960 3043 2999 communem
3100 2954 3153 3001 et
3204 2949 3542 3018 corporalem

1962 3044 2195 3091 mortem
2229 3056 2242 3091 :
2275 3037 2528 3106 jumenta
2584 3038 2853 3108 siquidem
2905 3054 3012 3091 non
3061 3040 3275 3095 animus
3322 3042 3543 3106 habent,

1961 3144 2081 3199 quae
2120 3137 2246 3198 post
2294 3130 2543 3200 corporis
2597 3130 2925 3185 solutionem
2988 3140 3266 3197 maneant,
3321 3134 3547 3203 perinde

1962 3232 2122 3290 atque
2165 3222 2448 3278 hominum
2498 3223 2713 3278 animm.
2765 3221 2917 3279 Hanc
2970 3240 3102 3279 vero
3154 3225 3329 3295 ipsam
3372 3226 3546 3282 bisto~

1960 3313 2096 3368 riam
2143 3312 2364 3369 diverso
2408 3315 2572 3370 modo
2616 3314 2828 3387 Moyses
2881 3326 2935 3371 et
2974 3317 3063 3372 hic
3107 3320 3351 3389 psalmus
3383 3335 3547 3375 enar-

1958 3412 2102 3459 rant.
2128 3403 2261 3460 Nam
2292 3405 2383 3461 ille
2406 3407 2623 3476 quidem
2658 3408 2797 3462 dixit
2827 3410 3312 3467 exterminatorem
3339 3412 3545 3483 primo-

1956 3498 2267 3567 genitorum
2308 3499 2471 3553 morti
2518 3500 2908 3567 ministrasse;
2952 3501 3040 3556 hic
3080 3518 3211 3557 vero
3241 3519 3422 3560 sermo
3450 3521 3545 3575 per

1957 3591 2182 3661 angelos
2212 3589 2387 3646 malos
2426 3591 2539 3646 haec
2572 3592 2719 3647 facta
2756 3593 2929 3650 fuisse
2970 3604 3178 3649 narrat.
3229 3596 3404 3667 Atque
3435 3597 3544 3651 illic

1956 3683 2174 3751 quidem
2228 3682 2443 3754 Moyses
2516 3685 2784 3755 sanguine
2869 3688 3310 3755 superliminaria
3378 3698 3543 3744 uncta

1956 3770 2130 3827 fuisse
2148 3781 2358 3838 narrat,
2384 3773 2552 3829 ethoc
2580 3779 2792 3844 signum
2814 3777 2983 3830 luisse
3008 3778 3076 3830 ad
3113 3779 3330 3833 tutelam
3354 3793 3541 3832 eorum

1954 3860 2046 3929 qui
2080 3860 2149 3915 ab
2196 3863 2621 3919 cxterminatore
2682 3864 3023 3935 effugerunt;
3074 3868 3163 3922 hic
3220 3884 3348 3923 vero
3397 3868 3543 3925 Deus

1952 3949 2094 4003 viam
2130 3948 2326 4007 fecisse
2360 3952 2562 4006 dicitur
2592 3960 2643 4007 et
2677 3955 2950 4018 semitam,
2990 3966 3046 4009 ut
3077 3957 3373 4027 effugerent
3404 3958 3539 4011 iram

1955 4055 2132 4096 suam.
2171 4041 2299 4098 Haec
2330 4059 2516 4114 porro,
2547 4045 2744 4115 inquit,
2773 4047 2826 4099 in
2862 4048 3231 4102 tabernaculis
3259 4048 3427 4101 Cham
3460 4049 3540 4103 ef-

1955 4136 2096 4190 fecta
2124 4146 2273 4202 sum,
2320 4138 2434 4192 sive
2462 4138 2764 4193 secundum
2805 4138 3216 4211 Symmachum,
3248 4145 3302 4194 in
3332 4140 3539 4195 habita-

1954 4229 2186 4283 tionibus
2224 4228 2429 4290 Cham:
2461 4231 2576 4286 sive
2624 4233 2927 4286 secundum
2974 4233 3248 4302 Aquilam,
3300 4234 3355 4287 in
3391 4236 3537 4288 tectis

1953 4320 2139 4375 Cham.
2183 4322 2350 4388 Queis
2399 4323 2692 4379 edocemur
2739 4324 3034 4396 Egyptum
3080 4324 3249 4381 fuisse
3284 4327 3536 4381 taberna-

1952 4411 2075 4465 cula
2112 4411 2305 4467 Cham.
2339 4414 2476 4468 Cum
2510 4417 2653 4471 enim
2685 4415 2811 4471 Nos:
2843 4423 2956 4471 tres
2988 4416 3081 4469 ﬁlii
3119 4416 3342 4479 fuerint,
3383 4415 3532 4481 Scm,

1952 4503 2146 4566 Cham,
2172 4505 2397 4576 Japhet;
2427 4508 2597 4563 Cham
2632 4509 2734 4563 fuit
2766 4517 2918 4579 pater
2948 4508 3244 4572 Chanaan;
3274 4509 3534 4564 Chanaan

274 4598 483 4666 Ἰάφεθ,
509 4601 536 4651 6
569 4598 698 4669 Χὰμ
727 4599 915 4667 γέγονε
946 4602 1126 4672 πατὴρ
1153 4602 1244 4654 τού
1274 4602 1515 4667 Χαναὰν,
1544 4603 1764 4655 Χαναὰν
1794 4603 1848 4655 δὲ

1958 4613 2083 4653 vero
2146 4608 2297 4667 pater
2341 4599 2615 4663 Mesraim,
2670 4602 2765 4670 qui
2828 4608 2947 4655 erat
2994 4600 3297 4671 Egyptus;
3350 4615 3379 4653 a
3427 4615 3534 4670 quo

269 4690 455 4762 πατὴρ
508 4690 600 4743 τοῦ
632 4691 911 4763 Μεσραῒμ,
941 4691 999 4756 ὃς
1039 4688 1106 4763 ἦν
1145 4694 1437 4763 Αἴγυπτος,
1474 4694 1566 4765 ἀφ’
1601 4690 1662 4748 οὗ
1687 4692 1851 4761 Αἰγύ-

268 4800 416 4836 πτιοι
446 4783 644 4846 πάντες
664 4799 677 4813 ’
713 4782 841 4836 ὥστ’
875 4784 1099 4849 εἰκότως
1130 4785 1227 4857 τὴν
1267 4784 1374 4838 τῶν
1407 4785 1715 4853 Αἰγυπτίων
1742 4783 1849 4854 χώ-

272 4894 371 4947 ραν
420 4874 754 4946 σκηνώματα
803 4875 897 4929 τοῦ
945 4877 1291 4948 προπάτορος
1345 4876 1440 4930 τοῦ
1474 4875 1736 4949 Μεσραῒμ
1771 4878 1849 4928 εἰ-

1950 4688 2190 4760 !Egyptii
2223 4706 2449 4756 omnes;
2496 4692 2566 4745 ita
2599 4700 2657 4746 ut
2685 4694 2808 4760 jure
2847 4691 3225 4761 Egyptiorum
3267 4692 3417 4762 regio
3445 4698 3533 4745 ta-

1947 4783 2243 4836 bernacula
2301 4785 2384 4838 avi
2437 4782 2686 4837 Mesraim
2741 4799 2865 4838 esse
2916 4784 3151 4839 dicatur.
3216 4783 3316 4839 Hic
3364 4800 3528 4854 porro

1947 4873 2119 4929 Cham
2149 4883 2288 4941 erat,
2326 4876 2417 4945 qui
2448 4876 2655 4946 primus
2690 4875 2981 4947 Egyptum
3012 4875 3261 4931 incoluit.

271 4972 490 5044 ρῆσθαι.
522 4967 688 5036 Οὗτος
732 4972 788 5025 δέ
836 4968 904 5044 ἦν
934 4976 962 5027 6
994 4973 1126 5043 Χὰμ
1172 4972 1268 5043 τὴν
1324 4972 1593 5042 Αἴγυπτον
1642 4972 1857 5043 πρῶτος
1883 4969 2130 5039 οἰκήσας.

336 5070 445 5125 Kal
482 5070 716 5138 ἀπῆρεν
742 5072 813 5136 ὡς
871 5072 1131 5139 πρόϐατα
1170 5071 1276 5123 τὸν
1312 5072 1468 5125 λαὸν
1505 5070 1713 5131 αὐτοῦ,
1754 5069 1847 5123 καὶ

264 5163 334 5218 τὰ
382 5163 527 5233 ἑξῆς.
580 5162 735 5215 Μετὰ
776 5164 876 5235 τὴν
911 5163 1053 5217 κατὰ
1102 5181 1210 5217 των
1262 5165 1575 5233 Αἰγυπτίων
1615 5163 1847 5235 δεκάτην

266 5255 503 5325 πληγὴν,
533 5254 681 5319 ὅπως
706 5254 803 5326 τὴν
840 5248 937 5309 ἀπ⁴
966 5256 1239 5325 Αἰγύπτου
1269 5257 1491 5328 πορείαν
1525 5256 1845 5327 πεποίηνται

263 5342 504 5397 διδάσκει
548 5345 807 5414 φάσκωνο
863 5348 973 5401 Καὶ
1026 5348 1259 5417 ἀπῆρεν
1303 5348 1384 5412 ὡς
1428 5348 1690 5415 πρόϐατα
1738 5346 1845 5400 τὸν

266 5434 418 5489 λαὸν
465 5436 652 5491 αὑτοῦ
678 5479 694 5502 ,
756 5439 853 5491 καὶ
910 5438 1211 5510 ἀνήγαγεν
1263 5437 1484 5503 αὐτοὺς
1541 5437 1640 5491 καὶ
1697 5438 1839 5492 ὡσεὶ

263 5530 546 5599 ποίμνιον
592 5531 660 5585 ἐν
705 5531 917 5601 ἐρήμῳ.
969 5526 1081 5586 Kal
1132 5531 1449 5602 ὡδήγησεν
1494 5533 1715 5599 αὐτοὺς
1770 5532 1841 5585 ἐν

264 5621 483 5685 ἐλπίδι,
530 5622 627 5677 καί
682 5625 789 5677 οὐκ
835 5623 1200 5679 ἐδειλίασαν.
1257 5623 1414 5677 Κατὰ
1446 5624 1502 5678 δέ
1552 5623 1643 5677 τὸν
1678 5623 1838 5677 Ἀκύ-

262 5721 387 5765 λαν·
436 5714 549 5768 Kal
590 5714 1018 5786 xaﬂwﬁmo'er
1056 5717 1276 5783 αὐτοὺς
1322 5721 1411 5784 εἰς
1457 5719 1836 5786 πεποίθησιν,

264 5809 362 5863 καὶ
388 5809 499 5863 οὐκ
524 5808 936 5879 ἐπτοήθησαν·
972 5811 1111 5867 κατὰ
1138 5810 1194 5866 δὲ
1216 5811 1308 5867 τὸν
1337 5811 1649 5882 Σύμμαχον,
1667 5810 1834 5881 '06)}-

2019 5065 2194 5123 'VERS.
2232 5066 2324 5133 52,
2362 5067 2449 5123 53.
2499 5065 2568 5119 Et
2629 5066 2851 5121 abstulit
2913 5066 3049 5119 sicut
3115 5083 3230 5121 oves
3277 5068 3524 5135 populum

1947 5176 2123 5226 suum,
2169 5170 2276 5217 etc.
2340 5160 2472 5217 Post
2533 5161 2799 5215 decimam
2840 5158 3224 5231 IEgyptiorum
3285 5162 3520 5231 plagam,

1946 5257 2221 5324 quomodo
2267 5254 2447 5310 exitus
2489 5270 2553 5309 ex
2592 5253 2827 5325 [Egypto
2874 5252 3161 5323 contigerit
3213 5252 3298 5307 his
3341 5252 3523 5306 verbis

1946 5347 2103 5402 docet
2159 5366 2170 5401 :
2222 5346 2290 5401 Et
2344 5346 2564 5401 abstulit
2611 5348 2749 5401 sicut
2790 5362 2905 5399 opes
2955 5346 3201 5413 populum
3252 5362 3427 5410 suum,
3474 5357 3523 5398 et

1947 5440 2190 5509 perduxit
2219 5458 2307 5495 eos
2344 5452 2596 5511 tanquam
2623 5456 2827 5511 gregem
2866 5441 2919 5492 in
2945 5438 3151 5493 deserto
3178 5455 3196 5492 :
3224 5447 3273 5492 et
3305 5438 3521 5492 deduxit

1946 5550 2032 5587 eos
2079 5535 2133 5586 in
2188 5549 2276 5600 spe
2303 5543 2351 5587 et
2386 5550 2491 5587 non
2541 5534 2860 5595 timuerunt;
2913 5532 3211 5586 secundum
3269 5530 3519 5600 Aquilam

1946 5641 2074 5682 vero
2109 5645 2120 5680 :
2148 5624 2217 5679 Et
2244 5625 2459 5679 deduxit
2488 5641 2574 5679 eos
2604 5626 2657 5678 in
2690 5624 2910 5693 ﬁducia,
2941 5631 2990 5675 et
3029 5638 3127 5674 non
3164 5622 3334 5675 territi
3362 5632 3519 5683 sunt;

1946 5721 2247 5776 secundum
2303 5718 2713 5790 Symmachum,
2769 5714 3001 5769 Deduxit
3048 5731 3135 5768 eos
3181 5715 3293 5769 sine
3332 5715 3521 5767 timore

1946 5820 1993 5866 et
2023 5820 2220 5867 terrore
2246 5826 2263 5876 ;
2299 5821 2350 5869 ct
2384 5810 2625 5866 inimicos
2656 5822 2835 5863 eorum
2867 5804 3069 5874 operuit
3100 5803 3370 5865 mara’Et
3405 5804 3519 5857 haec
