4004 6546
517 315 617 373 951

1192 322 1458 379 EUSEBII
1497 324 1973 381 Cx’ESARlENSIS
2012 323 2162 379 OPP.
2205 322 2384 380 PARS
2426 323 2515 379 Ill.
2555 355 2623 366 —
2665 320 3081 378 EXEGETICA.

3658 314 3762 372 932

519 430 739 501 quidem
797 439 924 487 ante
978 446 1164 488 eorum
1225 436 1280 489 in
1334 435 1551 491 deserto
1611 437 2089 492 commorationem

2197 451 2388 508 γησεν
2426 435 2648 502 αὐτοὺς
2670 436 2931 504 ἀφόϐους
2962 433 3059 486 καὶ
3091 429 3455 497 ἁπτοήτουςο
3490 430 3591 483 xal
3627 432 3764 496 τοὺς

519 530 672 593 gesta
699 532 856 589 sunt;
892 539 1067 593 neque
1097 527 1240 580 enim
1273 543 1452 581 sermo
1480 529 1621 582 serie
1666 545 1844 582 rerum
1881 530 2083 597 utitur;

521 612 618 667 sed
670 622 855 684 utpote
911 615 965 669 in
1022 616 1324 687 hymno-et
1369 621 1583 675 cantico
1620 629 1948 690 praepostere
2000 638 2087 677 res

519 713 761 759 enarrat.
806 704 983 772 Quare
1012 722 1135 761 cum
1166 723 1229 762 ea
1253 726 1372 779 qua:
1418 710 1551 781 ipsis
1582 712 1635 765 in
1669 712 1886 768 deserto
1915 713 2090 768 couti-

520 805 732 866 gerant,
779 805 833 851 et
886 807 1107 869 peccata
1154 817 1276 870 quae
1319 802 1370 855 in
1409 805 1704 861 solitudine
1733 805 2085 870 admiserant,

516 890 840 960 quotiesque
870 889 1050 962 ipsum
1085 895 1543 951 exacerbaverant
1570 906 1918 966 enarrasset;
1949 910 2092 969 post-

516 992 579 1031 ea
610 979 853 1047 priorum
883 982 1213 1038 mentionem
1248 984 1398 1050 facit,
1433 996 1490 1041 ut
1519 1004 1824 1045 sermonem
1856 1006 1963 1046 non
1997 992 2086 1045 tris

517 1070 714 1135 stibus,
738 1073 831 1127 sed
863 1071 957 1129 Dei
982 1074 1260 1131 beneﬁciis
1284 1079 1726 1137 circumscribat.
1751 1083 2090 1154 Quapropter

517 1160 619 1214 sub
646 1158 763 1215 brec
800 1163 963 1218 rebus
1010 1179 1040 1217 a
1088 1163 1196 1219 Deo
1241 1168 1295 1220 in
1337 1167 1568 1239 Egypto
1602 1171 1794 1240 gestis,
1834 1182 1888 1227 et
1922 1174 2089 1228 maris

519 1249 955 1311 Rubritransitui
978 1256 1128 1311 addit
1148 1257 1279 1312 illud
1306 1259 1562 1317 :—Veas.
1590 1262 1858 1328 54,55.Et
1884 1265 2089 1318 induxit

516 1360 601 1397 eos
655 1345 709 1398 in
752 1357 981 1402 montem
1022 1350 1461 1419 sanctiﬁcationis
1505 1369 1637 1419 suae,
1678 1366 1902 1410 montem
1953 1358 2089 1411 hunc

518 1452 667 1504 quem
692 1439 971 1510 acquisivit
1008 1440 1229 1496 dextera
1253 1443 1388 1512 ejus.
1424 1444 1523 1501 llic
1550 1461 1612 1501 ea
1641 1462 1763 1517 quze
1792 1448 1844 1502 in
1874 1448 2090 1506 deserto

516 1529 859 1600 contigerant
877 1533 1093 1587 silentio
1121 1535 1312 1600 mittit,
1345 1538 1470 1607 quia
1498 1554 1686 1594 eorum
1715 1542 2088 1598 recensionem

517 1622 873 1687 pmmiserat.
925 1622 1080 1679 Mons
1130 1634 1307 1680 autem
1348 1631 1595 1697 quinam,
1647 1630 1754 1684 nisi
1804 1629 2009 1695 Sionis,
2034 1634 2089 1686 in

517 1727 625 1783 quo
672 1711 974 1768 Jerusalem
1029 1717 1134 1770 sub
1178 1716 1292 1772 haec
1342 1727 1466 1788 post
1513 1720 1717 1790 Asaphi
1766 1728 1820 1775 et
1867 1720 2089 1778 Davidis

2192 528 2441 599 ἐχθροὺς
2475 526 2672 581 αὐτῶν
2706 524 3014 595 ἐκάλυψεν
3041 524 3079 589 ἡ
3114 522 3415 576 θάλασσα.
3458 521 3567 574 Καὶ
3597 520 3762 575 ταῦτα

2197 620 2297 691 μὲν
2341 619 2580 692 πρότερα
2621 614 2688 690 ἦν
2712 618 2813 689 τῆς
2861 617 3003 671 κατὰ
3045 616 3144 687 τὴν
3179 615 3383 687 ἔρημον
3443 614 3763 685 διατριϐῆς·

2194 713 2253 764 οὑ
2287 712 2390 783 μὴν
2432 712 2525 765 κα)⁵
2573 712 2601 765 ὁ
2634 711 2789 780 λόγος
2817 713 2884 783 τῇ
2917 709 3066 775 τάξει
3098 709 3364 779 κέχρηται
3395 706 3503 758 τῶν
3552 722 3764 776 πεπρα-

2194 806 2409 875 γμένων
2430 821 2442 833 ·
2488 804 2562 868 ὡς
2590 806 2646 857 ὲν
2676 804 2828 875 ’ὕμνῳ
2862 803 2919 856 δὲ
2948 804 3041 856 καὶ
3072 801 3184 873 ᾠδῇ
3212 800 3281 853 τὰ
3310 800 3541 871 δεύτερα
3575 799 3766 871 πρῶτα

2194 898 2373 969 τίθησι
2414 899 2505 950 καὶ
2536 897 2603 950 τά
2634 897 2821 968 πρῶτα
2849 895 3094 967 δεύτερα.
3124 894 3212 947 Διὸ
3242 893 3310 947 τά
3340 893 3478 947 κατὰ
3506 892 3607 963 τὴν
3639 891 3765 962 ἕρη-

2200 1008 2297 1061 μον
2341 991 2638 1061 συμϐάντα,
2674 990 2766 1043 καὶ
2797 990 2897 1043 ὅσα
2927 990 3169 1059 ἥμαρτον
3211 988 3270 1040 ὲν
3301 990 3365 1057 τῇ
3416 988 3630 1057 ἐρήμῳ,
3677 986 3768 1036 καὶ

2196 1083 2382 1147 ὁσάκις
2417 1084 2839 1154 παρεπίκραινον
2874 1080 3398 1153 προδιηγησάμενος,
3431 1079 3570 1148 μετὰ
3599 1076 3768 1129 ταῦτα

2197 1175 2292 1247 τήν
2334 1177 2440 1229 τῶν
2476 1177 2705 1248 πρώτων
2742 1176 2958 1246 μνήμην
2989 1176 3242 1235 ποιεῖται,
3282 1172 3357 1234 ὠς
3390 1172 3455 1224 ἂν
3488 1170 3581 1221 τὸν
3614 1168 3768 1234 λόγον

2198 1266 2550 1339 περιγράψειε
2586 1267 2659 1339 μὴ
2686 1266 3030 1337 είς,λυπηρὰ,
3059 1266 3173 1319 ἀλλ’
3204 1265 3297 1317 ἐπὶ
3342 1266 3456 1325 ταῖς
3494 1260 3591 1314 τοῦ
3635 1258 3767 1311 Θεοῦ

2198 1358 2554 1429 εὐεργεσίαις.
2588 1358 2785 1430 Διόπερ
2816 1355 2942 1427 ἑξῆς
2976 1358 3328 1410 ἐπισυνάπτει
3356 1356 3469 1417 τοῖς
3500 1353 3645 1406 κατὰ
3675 1351 3769 1420 τὴν

2197 1446 2467 1515 Αἴγυπτον
2497 1447 2600 1499 ὑπὸ
2626 1446 2718 1499 τοῦ
2763 1446 2896 1499 Θεοῦ
2925 1446 3350 1518 πεπραγμένοις,
3394 1444 3489 1497 καὶ
3519 1445 3587 1512 τῇ
3616 1441 3767 1509 διόδῳ

2201 1538 2584 1611 τῆςἘρυθρᾶς
2615 1537 2910 1608 Θαλάσσης,
2936 1537 3141 1600 τὸ,Κιιὶ
3183 1535 3505 1603 εισήγαγεν
3551 1531 3768 1595 αὐτοὺς

2196 1638 2282 1701 εὶς
2322 1634 2457 1702 ὄρος
2494 1632 2855 1702 ἀγιάσματος
2909 1632 3116 1695 αὑτοῦ,
3146 1629 3284 1698 ὅρος
3326 1628 3501 1681 τοῦτο
3535 1625 3567 1678 ὃ
3601 1623 3769 1686 barri.

2196 1742 2344 1782 σατο
2372 1727 2410 1793 ἡ
2445 1725 2611 1789 δεξιὰ
2648 1722 2863 1776 αὑτοῦ·
2894 1723 2962 1775 τὰ
3006 1722 3147 1777 κατὰ
3172 1721 3270 1792 τὴν
3295 1720 3499 1791 ἔρημον
3539 1716 3767 1770 ἐνταῦθα

517 1814 759 1875 tempora
805 1811 1015 1859 structa
1062 1808 1181 1862 est?
1243 1807 1450 1865 Deinde
1517 1813 1885 1867 narrationem
1931 1831 2086 1869 resu-

2195 1819 2607 1889 ἀποσιωπήσας,
2635 1817 2722 1870 διὰ
2745 1816 2805 1869 τὸ
2831 1815 3215 1887 προειληφέναι
3243 1812 3425 1867 αὐτῶν
3456 1812 3555 1883 τὴν
3581 1812 3766 1881 διήγη-

519 1896 618 1948 mit
648 1897 720 1949 ita
784 1897 1012 1966 loquens
1048 1918 1061 1952 :
1118 1897 1185 1951 Et
1235 1900 1385 1969 ejecit
1427 1918 1461 1955 a
1496 1902 1631 1971 facie
1661 1920 1839 1956 eorum
1896 1915 2091 1974 gentes.

517 1998 571 2043 et
642 2001 781 2044 sorte
834 1992 1013 2045 divisit
1062 1994 1136 2046 eis
1206 2003 1397 2047 terram
1438 1996 1490 2048 in
1547 1996 1783 2065 funiculo
1842 1996 2094 2052 distribu-

516 2081 694 2135 tionis.
752 2082 817 2136 Et
866 2083 1108 2138 habitare
1136 2085 1260 2153 fecit
1316 2088 1367 2140 in
1405 2087 1761 2142 tabernaculis
1789 2106 1969 2143 eorum
1996 2092 2093 2143 tri-

514 2172 611 2227 bus
650 2173 845 2230 Israel.
876 2176 1169 2249 Postquam
1206 2179 1512 2250 ingressum
1541 2181 1594 2234 in
1630 2190 1827 2235 terram
1859 2184 2092 2252 promis-

515 2267 691 2322 sionis
735 2271 1079 2335 memoravit,
1124 2278 1179 2325 et
1204 2271 1481 2342 quomodo
1518 2274 1906 2342 occupaverint
1940 2289 2094 2327 mon-

516 2366 627 2411 tem
673 2356 826 2419 Sion.
870 2376 1039 2430 quem
1066 2362 1478 2432 longispostea
1521 2364 1858 2433 temporibus
1899 2363 2090 2429 David,

514 2450 689 2519 pulsis
721 2452 901 2522 gladio
929 2452 1195 2509 Jebusazis
1226 2454 1498 2521 obtinuit;
1533 2454 1818 2510 historiam
1843 2456 2092 2524 resumit,

516 2544 842 2613 compendio
870 2560 1126 2609 narrans,
1159 2547 1436 2616 quomodo
1466 2555 1589 2615 post
1613 2556 1845 2601 mortem
1868 2548 2091 2619 Moysis,

516 2636 655 2689 duce
678 2633 807 2690 Jesu
844 2636 952 2692 lilio
976 2636 1141 2702 Nave,
1173 2638 1496 2693 transierint
1537 2639 1591 2692 in
1622 2647 1821 2693 terram
1860 2643 2093 2710 promis-

513 2729 710 2793 sionis,
742 2736 796 2782 et
826 2728 1162 2798 alienigenas
1187 2729 1329 2785 bello
1352 2730 1420 2784 ab
1449 2746 1509 2784 se
1540 2729 1784 2785 devictos
1823 2746 1851 2784 a
1876 2732 2094 2799 regione

517 2820 818 2889 exegerint,
847 2828 901 2874 et
935 2818 1180 2874 funiculo
1206 2821 1509 2877 dimensam
1542 2831 1741 2877 terram
1774 2830 1922 2877 sorte
1950 2823 2093 2877 divi-

511 2911 702 2965 serint.
736 2911 938 2966 Deinde
958 2912 1107 2982 ipsos
1139 2913 1332 2968 iterum
1352 2916 1599 2985 coarguit
1654 2911 1841 2984 (Vens.
1878 2914 2090 2985 56-58),

516 3004 707 3059 dicens
762 3020 857 3059 eos
895 3005 1173 3074 prioribus
1208 3006 1263 3059 in
1298 3005 1518 3061 deserto
1551 3006 1809 3061 admissis
1854 3007 2093 3077 peccatis

512 3110 652 3149 nova
699 3096 837 3149 mala
892 3096 1168 3151 addidisse
1221 3115 1234 3151 :
1291 3112 1354 3151 ac
1384 3106 1674 3167 postquam
1713 3103 1914 3151 terram
1951 3098 2094 3152 οιιιί-

519 3187 791 3250 nuissent,
823 3185 992 3242 Deum
1046 3188 1323 3243 excelsum
1372 3188 1447 3243 ibi
1497 3189 1693 3243 iterum
1748 3197 1990 3244 tentasse
2038 3196 2092 3243 et

510 3277 890 3340 exacerbasse,
940 3285 993 3331 et
1044 3278 1359 3332 testimonia
1415 3279 1535 3348 ejus
1584 3294 1682 3349 per
1713 3276 1951 3349 Moysem
1985 3279 2091 3334 sibi

512 3366 719 3419 tradita
753 3380 863 3418 non
888 3365 1232 3433 custodisse;
1270 3365 1363 3421 sed
1383 3382 1501 3422 sese
1520 3367 1784 3423 avertisse
1823 3383 1886 3421 ac
1902 3369 2095 3439 despe-

514 3457 663 3513 xisse
690 3458 1148 3528 quemadmodum
1176 3466 1357 3529 patres
1385 3474 1595 3526 eorum,
1630 3469 1681 3514 et
1705 3476 1893 3515 versos
1925 3460 2095 3516 fuisse

514 3550 572 3605 in
604 3565 791 3605 arcum
826 3566 1077 3621 pravum.
1120 3551 1254 3605 Nam
1297 3567 1419 3606 cum
1456 3554 1790 3622 oportuisset
1838 3555 2093 3609 inimicos

513 3642 611 3700 Dei
641 3652 694 3699 et
726 3644 1073 3701 adversarias
1114 3646 1217 3699 sibi
1261 3653 1560 3715 potestates
1597 3647 1716 3703 telis
1753 3648 2015 3718 impetere
2038 3656 2093 3703 et

514 3738 841 3805 confodere;
892 3739 996 3809 ipsi
1042 3739 1203 3793 idolis
1246 3739 1413 3793 dediti
1466 3739 1632 3793 Deum
1669 3741 2004 3810 blasphemis
2041 3750 2095 3795 et

514 3831 743 3885 nefariis
772 3832 954 3886 verbis
988 3832 1328 3902 impetivcre.
1371 3832 1552 3898 Quare
1592 3833 1720 3887 facti
1756 3842 1885 3887 sunt
1919 3833 1974 3887 in
2004 3849 2093 3887 ar-

511 3938 639 3979 cum
697 3941 921 3996 pravum
958 3945 970 3979 :
1002 3925 1146 3995 quod
1199 3926 1302 3979 sub
1355 3926 1568 3979 initium
1618 3925 1955 3980 declaratum
2004 3926 2092 3981 his

513 4019 699 4073 verbis
729 4028 813 4073 est
852 4037 864 4071 :
904 4016 1034 4070 Filii
1082 4016 1335 4085 Epitraim
1379 4018 1702 4071 intendentes
1745 4027 1795 4071 et
1829 4019 2089 4072 mittentes

514 4109 768 4173 arcubus,
796 4110 1029 4163 conversi
1060 4118 1183 4163 sunt
1213 4111 1265 4162 in
1296 4109 1379 4163 die
1413 4109 1555 4163 belli.
1589 4110 1874 4175 Quomodo
1906 4119 2089 4163 autem

513 4200 768 4255 conversi
807 4199 1010 4254 fuerint
1052 4200 1106 4255 in
1167 4216 1354 4254 arcum
1416 4216 1642 4270 pravum
1706 4201 1945 4255 declarat
2000 4216 2093 4270 po-

514 4299 633 4347 stea
662 4292 850 4345 dicens
893 4311 906 4345 :
958 4290 1023 4344 Et
1077 4292 1418 4345 irritaverant
1470 4308 1588 4344 eum
1638 4292 1691 4344 in
1744 4291 1985 4357 collibus,
2043 4302 2091 4344 ct

512 4387 570 4441 in
591 4386 921 4456 sculptilibus
987 4388 1097 4441 suis
1128 4385 1196 4439 ad
1256 4387 1643 4441 muulatiouem
1680 4394 2089 4455 prouocauerunt

510 4496 653 4535 eum.

2197 1928 2301 1964 σιν.
2334 1912 2496 1982 Ὄρος
2522 1910 2577 1962 δὲ
2614 1912 2763 1962 ποῖον
2794 1908 2827 1979 ἢ
2858 1908 2918 1960 τὸ
2943 1906 3099 1969 Σιὼν,
3132 1907 3215 1974 ἐφ’
3237 1899 3280 1973 ᾧ
3312 1903 3666 1976 Ἰερουσαλὴμ
3693 1902 3766 1974 (Ι)

2195 2004 2417 2076 ὕστερον
2447 2002 2585 2073 μετὰ
2616 2003 2740 2065 τοὺς
2762 2000 2984 2072 χρόνους
3017 1999 3110 2052 τοῦ
3151 1999 3319 2066 Ἀσάφ
3360 1998 3456 2051 καὶ
3486 1996 3583 2049 τοῦ
3611 1995 3767 2047 Acuti!

2193 2094 2543 2166 ιξ)κοδομήοη;
2597 2088 2693 2146 εἶτ’
2740 2090 3181 2161 ὲπαναλαμὸάνει
3232 2088 3330 2160 τὴν
3383 2088 3637 2158 διήγησιν
3684 2086 3765 2139 διὰ

2192 2188 2298 2241 τῶν
2328 2187 2450 2258 ἑξῆς
2478 2187 2650 2254 λέγων
2669 2202 2681 2215 θ
2721 2184 2831 2239 Καὶ
2859 2183 3145 2247 ἐξέϐαλεν
3167 2181 3286 2235 ἀπὸ
3313 2178 3641 2248 προσώπου
3666 2180 3767 2232 ai;-

2192 2279 2311 2333 τῶν
2335 2280 2502 2345 ἔθνη,
2534 2278 2629 2331 καὶ
2663 2274 3143 2343 ὲκληροδότησεν
3168 2271 3387 2337 αὐτοὺς
3416 2272 3487 2324 ἐν
3522 2270 3765 2338 σχοτνίφ

2195 2369 2614 2437 κληροδοσίας.
2663 2369 2772 2423 Kal
2819 2365 3279 2433 κατεσκήνωσεν
3327 2364 3398 2417 ἐν
3442 2362 3570 2429 τοῖς
3618 2378 3763 2428 σκηο

2192 2459 2459 2530 νώμασιν
2486 2458 2683 2513 αὐτῶν
2728 2460 2831 2525 τὰς
2869 2459 3067 2527 φυλὰς
3099 2454 3204 2509 τοῦ
3250 2454 3514 2523 Ἰσραήλ.
3546 2454 3763 2522 Μνημο-

2195 2552 2387 2615 νεύσας
2433 2552 2530 2621 τῆς
2586 2549 2786 2604 εἰσόδου
2830 2549 2929 2619 τῆς
2973 2549 3053 2611 είς
3087 2545 3183 2617 τὴν
3236 2545 3340 2616 γῆν
3388 2544 3487 2614 τῆς
3530 2547 3761 2611 ἐπαγγε-

2193 2644 2332 2709 λίας,
2362 2645 2454 2698 καὶ
2488 2644 2561 2707 ὡς
2601 2640 2930 2710 άπειλήιρασι
2954 2640 3014 2692 τὸ
3041 2638 3164 2710 ὅρος
3214 2638 3266 2691 τὸ
3306 2638 3465 2699 Σιὼν,
3494 2637 3633 2707 ὅπερ
3675 2653 3764 2705 μα·

2194 2740 2345 2809 κροῑς
2395 2735 2618 2806 ὕστερον
2664 2733 2875 2805 χρόνοις
2917 2732 3183 2801 ἐκτήσατο
3225 2729 3384 2783 Δαυῖδ
3428 2729 3485 2780 ὲν
3523 2728 3760 2799 ῥομφαίᾳ

2191 2830 2282 2882 τὸν
2328 2828 2645 2882 Ἰεϐουσαῖον
2677 2826 2894 2889 ὲλάσας,
2924 2822 3362 2894 ἐπαναλαμϐάνει
3394 2823 3493 2893 τὴν
3526 2820 3759 2893 ἱστορίαν

2194 2922 2344 2975 ὲπιτε
2355 2922 2634 2992 μνόμενος,
2660 2918 2735 2981 ὼς
2764 2918 2899 2989 μετὰ
2923 2915 3019 2988 τὴν
3044 2914 3297 2984 τελευτήν
3320 2913 3585 2977 Μωσέως,
3610 2914 3760 2981 ήγου·

2198 3008 2359 3081 μένου
2387 3006 2565 3060 αὐτῶν
2600 3005 2773 3077 Ἰησοῦ
2812 3004 2905 3058 τοῦ
2932 3004 3112 3072 Ναυῆ,
3139 3000 3411 3073 παρῆλθον
3441 3003 3520 3063 εἰς
3544 3001 3643 3072 τὴν
3669 3000 3760 3068 γῆν

2121 3143 2162 3197 C
2194 3101 2294 3171 τῆς
2336 3098 2687 3167 ἐπαγγελίας,
2734 3099 2825 3152 καὶ
2874 3098 2947 3161 ὠς
2988 3095 3237 3160 ὲξέὸαλον
3281 3096 3405 3158 τοὺς
3441 3092 3760 3162 ἀλλοφύλους

2197 3193 2415 3264 πολέμῳ
2440 3192 2807 3262 κρατήσαντες
2847 3191 2947 3262 τῆς
2976 3190 3177 3261 χώρας,
3205 3189 3295 3243 καὶ
3316 3189 3389 3252 ὡς
3425 3188 3614 3259 κλήρῳ
3646 3188 3762 3240 διεί-

2195 3286 2353 3340 λαντο
2386 3286 2580 3356 σχοίνῳ
2611 3284 2975 3355 μετρήσαντες
2997 3284 3095 3353 τὴν
3126 3283 3245 3353 γῆν.
3274 3278 3384 3335 Εἶτ’
3411 3277 3569 3344 αὖθις
3595 3280 3761 3333 αὐτῶν

2196 3378 2516 3448 κατηγορεῖ,
2573 3376 2860 3438 διδάσκων,
2893 3374 2968 3438 ὡς
3026 3375 3162 3446 πρὸς
3205 3377 3315 3437 τοῖς
3362 3372 3761 3445 ἡμαρτημένοις

2196 3466 2337 3521 κατὰ
2375 3466 2472 3537 τὴν
2504 3466 2707 3538 ἔρημον
2738 3464 3055 3537 προσθήκας
3088 3463 3267 3517 κακῶν
3298 3464 3649 3535 ὲποιήσαντο’
3679 3466 3766 3516 καὶ

2198 3558 2335 3630 μετὰ
2382 3559 2443 3611 τὸ
2484 3557 2785 3630 κτήσασθαι
2835 3556 2931 3628 τήν
2970 3557 3093 3626 γῆν,
3138 3557 3431 3627 ἐπείρασαν
3480 3556 3643 3609 πάλιν
3690 3559 3767 3610 ἐν·

2192 3650 2366 3705 ταῦοα
2396 3651 2489 3703 καὶ
2529 3650 2939 3721 παρεπίκραναν
2967 3650 3057 3703 τὸν
3104 3650 3234 3703 Θεὸν
3265 3650 3354 3703 τὸν
3388 3650 3635 3719 ὕψιστον,
3679 3652 3767 3703 καὶ

2193 3742 2261 3795 τὰ
2290 3743 2561 3815 μαρτύρια
2589 3743 2753 3796 αὐτοῦ
2790 3745 2861 3797 τὰ
2889 3743 2975 3797 διὰ
3000 3744 3243 3807 Μωσέως
3270 3743 3450 3806 αὐτοῖς
3477 3744 3767 3816 παραδεδο-

2197 3834 2334 3906 μένα
2360 3835 2459 3887 οὐκ
2491 3834 2759 3903 ἐφύλαξαν
2780 3852 2793 3866 ο
2831 3835 2943 3888 ἀλλ’
2970 3835 3317 3907 ἀπέστρεψαν
3351 3836 3443 3889 καὶ
3475 3834 3765 3907 ἠθέτησαν,

2194 3928 2376 3992 καθὼς
2400 3931 2449 3983 οἱ
2477 3930 2708 4001 πατέρες
2732 3929 2931 3993 αὐτῶν,
2973 3929 3067 3982 καὶ⁸
3108 3928 3475 4000 μετετέθησαν
3506 3931 3589 3993 είς
3618 3929 3767 3994 τόξον

2195 4020 2470 4093 στρεϐλόν.
2514 4020 2640 4073 Δέον
2666 4020 2774 4092 γὰρ
2812 4022 2938 4083 τοὺς
2964 4020 3189 4091 ἐχθροὺς
3232 4018 3325 4073 τοῦ
3360 4020 3495 4072 Θεοῦ
3540 4021 3634 4083 καὶ
3672 4024 3766 4083 τὰς

2195 4113 2483 4184 πολεμίους
2515 4113 2691 4166 αὐτῶν
2719 4113 2974 4183 δυνάμεις
3000 4111 3098 4175 τὰς
3128 4112 3503 4181 ἀντικειμένας
3532 4110 3769 4175 τοξεύειν

2193 4207 2287 4259 καὶ
2322 4204 2552 4275 βάλλειν,
2578 4204 2626 4256 οἱ
2654 4204 2711 4256 δὲ
2739 4202 3292 4274 είδωλολατρήσαντες
3326 4201 3414 4254 τὸν
3456 4201 3587 4254 Θεὸν
3623 4201 3769 4253 ἔϐαλ-

2192 4296 2282 4349 λον
2315 4297 2651 4367 βλασφήμοις
2696 4295 2789 4347 καὶ
2819 4293 3095 4365 ἀθεμίτοις
3125 4292 3319 4360 λόγοις.
3356 4290 3445 4344 Διὸ
3482 4292 3767 4359 γεγόνασιν

2194 4391 2274 4453 είς
2298 4390 2449 4453 τόξον
2476 4386 2730 4457 στρεϐλόν
2754 4402 2767 4415 ·
2796 4386 2824 4438 ὂ
2856 4385 2918 4455 δή
2953 4386 3068 4438 κατ’
3100 4382 3271 4454 ἀρχὰς
3300 4382 3487 4452 ἐδήλου
3508 4383 3569 4435 τὸ
3590 4382 3766 4451 λόγιον

2199 4476 2375 4545 φῆσαν
2399 4493 2411 4505 °
2451 4476 2567 4529 Υἱοὶ
2610 4474 2851 4543 Ἐξεραῒμ
2894 4474 3260 4539 ἐντείνοντες
3287 4475 3384 4527 καὶ
3426 4473 3764 4565 ,ϐάλλοντες

513 4575 730 4641 τόξοις,
766 4574 1159 4643 ἐστράφησαν
1203 4575 1270 4627 ἐν
1300 4574 1489 4644 ἡμέρᾳ
1522 4576 1807 4645 πολέμου.
1834 4566 1980 4638 ’Πῶς
2026 4575 2081 4625 δὲ
2120 4572 2467 4644 ἐστράφησαν
2492 4572 2570 4634 είς
2595 4570 2745 4635 τόξον
2776 4564 3031 4639 στρεϐλὸν
3089 4569 3342 4638 διασαφεῖ
3377 4569 3550 4637 λέγων
3611 4564 3759 4641 ἑξῆς·

510 4670 621 4727 Καὶ
664 4669 1045 4740 παρώργισαν
1070 4670 1258 4723 αὐτὸν
1294 4671 1363 4723 ἐν
1407 4670 1528 4736 τοῖς
1557 4669 1809 4735 βουνοῖς
1837 4668 1914 4739 (2)
1955 4668 2051 4721 καὶ
2093 4667 2162 4718 ἐν
2199 4666 2321 4730 τοῖς
2348 4667 2633 4731 γλυπτοῖς
2670 4663 2868 4718 αὐτῶν
2899 4662 3327 4731 παρεζήλωσαν
3356 4664 3565 4717 αὐτόν.

582 4784 747 4839 Vsus.
783 4786 871 4839 59.
907 4786 1121 4840 Audiuit
1159 4785 1294 4841 Deus
1335 4796 1384 4840 et
1414 4787 1627 4856 sprevit,
1666 4795 1714 4838 et
1754 4785 1821 4839 ad
1863 4784 2085 4838 nihilum

2266 4783 2565 4835 Ἤκουσεν
2584 4783 2623 4833 ·ό
2654 4778 2801 4843 Θεὸς
2825 4778 2921 4831 καὶ
2970 4776 3234 4844 ὺπερίδε,
3263 4778 3363 4829 καὶ
3394 4774 3758 4838 ἐξουδένωσε

512 4874 706 4945 redegit
742 4875 887 4929 valde
922 4876 1115 4931 Israel.
1149 4876 1445 4947 Postquam
1478 4876 1617 4930 mala
1656 4875 1723 4929 ab
1752 4874 1887 4944 ipsis
1922 4875 2085 4929 etiam

513 4965 573 5021 in
605 4973 748 5020 terra
793 4969 1175 5036 promissionis
1206 4977 1515 5039 perpetrata
1544 4969 1843 5033 recensuit,
1871 4966 2083 5036 justum

511 5054 609 5111 Dei
636 5056 900 5125 judicium
949 5068 1135 5128 postea
1181 5059 1442 5123 declarat,
1487 5057 1917 5128 comprobatque
1959 5056 2083 5126 jure

512 5160 610 5201 eos
658 5156 779 5215 post
822 5148 1080 5217 praedicta
1128 5150 1308 5202 omnia
1358 5150 1438 5202 ira
1486 5147 1579 5202 Dei
1626 5149 1846 5204 invasos
1892 5147 2081 5202 fuisse.

512 5237 647 5293 Nam
677 5255 801 5293 cum
840 5242 983 5295 versi
1020 5247 1147 5295 sunt
1185 5241 1238 5294 in
1274 5257 1459 5297 arcum
1491 5258 1742 5311 pravum,
1773 5250 1827 5297 et
1858 5259 1980 5297 cum
2008 5245 2084 5295 ir-

512 5334 805 5388 ritaverant
836 5351 954 5387 eum
983 5336 1036 5386 in
1065 5332 1286 5387 collibus
1308 5336 1441 5398 suis,
1466 5345 1515 5387 et
1538 5336 1590 5387 in
1611 5336 1942 5403 sculptilibus
1968 5336 2078 5389 suis

512 5426 583 5480 ad
618 5426 1003 5480 armulationem
1032 5437 1442 5494 prouocauerunt
1465 5444 1622 5491 eum;
1656 5439 1785 5483 tunc
1817 5427 1958 5482 Deus
1984 5442 2084 5483 nec

513 5520 662 5587 ipsos
695 5518 918 5579 intueri,
952 5518 1087 5571 tales
1124 5517 1337 5573 scilicet
1366 5534 1489 5572 cum
1524 5528 1729 5586 essent,
1769 5535 1869 5574 uec
1901 5522 1954 5575 iu
1988 5534 2082 5575 eos

512 5610 813 5679 respicere;
854 5611 963 5664 imo
1008 5626 1137 5665 vero
1188 5626 1365 5682 neque
1408 5612 1629 5681 impiam
1670 5629 1857 5667 eorum
1889 5628 2078 5667 vocem

596 5758 670 5830 (ι)
702 5758 762 5816 ιη’.
800 5763 866 5817 τὸ
901 5764 1059 5836 ἱερόν.

2192 4875 2426 4945 σφόδρα
2462 4872 2567 4927 τὸν
2611 4869 2866 4938 Ἰσραήλ.
2917 4868 3230 4933 Καταλέξας
3260 4870 3353 4921 καὶ
3400 4868 3467 4920 τὰ
3503 4870 3560 4920 ὲν
3589 4870 3653 4938 τῇ
3691 4868 3753 4933 γῇ

2187 4974 2284 5043 τῆς
2306 4965 2635 5037 ἐπαγγελίας
2658 4962 3022 5034 πεπραγμένα
3049 4962 3231 5025 αὐτοῖς
3250 4961 3414 5021 κακὰ,
3438 4960 3752 5031 παρίστησιν

2189 5065 2314 5135 ἑξῆς
2341 5062 2438 5133 τὴν
2467 5058 2859 5128 δικαιοκρισίαν
2901 5055 2994 5109 τοῦ
3036 5054 3193 5119 Θεοῦ,
3236 5054 3469 5116 δεικνὺς.
3503 5053 3576 5115 ὡς
3611 5051 3750 5105 εὐλό-

2187 5173 2299 5226 γως
2337 5151 2475 5225 μετὰ
2521 5150 2696 5203 πάντα
2727 5147 2795 5200 τά
2833 5145 3233 5218 προλελεγμένα
3269 5144 3530 5215 μετῆλθεν
3572 5142 3751 5203 αὐτοὺς

2191 5248 2224 5315 ἡ
2248 5246 2406 5317 ὀργή.
2431 5243 2556 5295 Ὅτε
2579 5240 2688 5312 γὰρ
2719 5239 3066 5308 ἐστράφησαν
3096 5240 3173 5300 εἰς
3195 5236 3346 5301 τόξον
3380 5235 3650 5305 στρεϐλὸν,
3670 5232 3751 5285 καὶ

2187 5339 2274 5391 ὅτε
2301 5334 2682 5403 παρώργισαν
2702 5332 2890 5386 αὐτὸν
2912 5332 2982 5383 ἐν
3003 5330 3128 5395 τοῖς
3148 5330 3389 5394 ,ϐουνοις
3420 5327 3637 5383 αὐτῶν.
3662 5324 3750 5379 καὶ

2194 5429 2263 5481 ἐν
2291 5426 2413 5491 τοῖς
2452 5422 2740 5494 γλυπτοῖς
2766 5417 2965 5474 αὐτῶν
3000 5418 3428 5487 παρεζήλωσαν
3464 5419 3667 5485 αὐτὰς,
3697 5413 3749 5465 τὸ

2190 5518 2493 5588 τηνικαῦτα
2536 5516 2655 5569 οὐδὲ
2703 5513 2995 5583 ἐμϐλέπειν
3022 5513 3215 5573 αὐτοὺς
3260 5514 3287 5564 ὁ
3322 5511 3453 5574 Θεὸς
3482 5509 3747 5571 τοιούτους

2188 5612 2365 5672 ὄντας,
2391 5610 2505 5662 ἀλλ’
2530 5607 2650 5660 οὐδὲ
2677 5608 2808 5682 ὀρᾷν
2834 5603 2981 5675 ήξίου
3009 5622 3020 5635 ·
3054 5603 3167 5657 ἀλλ’
3192 5604 3310 5656 οὐδὲ
3340 5603 3555 5656 ἀκούειν
3582 5596 3746 5655 αὐτῶν

2255 5763 2329 5837 (2)
2372 5767 2417 5816 Γ
2416 5780 2472 5832 ρ.
2513 5761 2733 5836 βωμοῖς.
