  <div class='ocr_page' id='page_1' title='image "/cluster/home/n/w/nwhite01/storage/ocr_20150623/23/hvd.32044019207711/496.png"; bbox 0 0 4004 6524; ppageno 0'>
   <div class='ocr_carea' id='block_1_1' title="bbox 247 322 354 379">
    <p class='ocr_par' dir='ltr' id='par_1_1' title="bbox 247 322 354 379">
     <span class='ocr_line' id='line_1_1' title="bbox 247 322 354 379; baseline 0.009 -1"><span class='ocrx_word' id='word_1_1' title='bbox 247 322 354 379; x_wconf 71' lang='lat'><strong>933</strong></span> 
     </span>
    </p>
   </div>
   <div class='ocr_carea' id='block_1_2' title="bbox 1378 314 2364 376">
    <p class='ocr_par' dir='ltr' id='par_1_2' title="bbox 1378 314 2364 376">
     <span class='ocr_line' id='line_1_2' title="bbox 1378 314 2364 376; baseline 0 -4"><span class='ocrx_word' id='word_1_2' title='bbox 1378 314 1880 372; x_wconf 74' lang='lat' dir='ltr'><strong>COMMENTARIA</strong></span> <span class='ocrx_word' id='word_1_3' title='bbox 1919 315 1986 371; x_wconf 80' lang='lat' dir='ltr'><strong>IN</strong></span> <span class='ocrx_word' id='word_1_4' title='bbox 2027 316 2364 376; x_wconf 76' lang='lat' dir='ltr'><strong>PSALMOS.</strong></span> 
     </span>
    </p>
   </div>
   <div class='ocr_carea' id='block_1_3' title="bbox 3393 317 3497 372">
    <p class='ocr_par' dir='ltr' id='par_1_3' title="bbox 3393 317 3497 372">
     <span class='ocr_line' id='line_1_3' title="bbox 3393 317 3497 372; baseline 0.019 -3"><span class='ocrx_word' id='word_1_5' title='bbox 3393 317 3497 372; x_wconf 66' lang='lat' dir='ltr'><strong>93M</strong></span> 
     </span>
    </p>
   </div>
   <div class='ocr_carea' id='block_1_4' title="bbox 244 435 1832 511">
    <p class='ocr_par' dir='ltr' id='par_1_4' title="bbox 244 436 1823 510">
     <span class='ocr_line' id='line_1_4' title="bbox 244 436 1823 510; baseline -0.002 -17"><span class='ocrx_word' id='word_1_6' title='bbox 244 440 345 510; x_wconf 75' lang='grc' dir='ltr'>τῆς</span> <span class='ocrx_word' id='word_1_7' title='bbox 374 437 604 503; x_wconf 85' lang='grc' dir='ltr'>ἀσεϐοῦς</span> <span class='ocrx_word' id='word_1_8' title='bbox 636 437 840 509; x_wconf 76' lang='grc' dir='ltr'>φωνῆς.</span> <span class='ocrx_word' id='word_1_9' title='bbox 871 438 962 492; x_wconf 77' lang='grc' dir='ltr'><strong>Διὸ</strong></span> <span class='ocrx_word' id='word_1_10' title='bbox 996 437 1268 507; x_wconf 75' lang='grc' dir='ltr'>ἐπιλέγει·</span> <span class='ocrx_word' id='word_1_11' title='bbox 1301 438 1596 492; x_wconf 77' lang='grc' dir='ltr'><strong>Ἤκουσεν</strong></span> <span class='ocrx_word' id='word_1_12' title='bbox 1618 440 1651 491; x_wconf 86' lang='grc' dir='ltr'><strong>ό</strong></span> <span class='ocrx_word' id='word_1_13' title='bbox 1678 436 1823 502; x_wconf 83' lang='grc' dir='ltr'><strong>Θεὸς</strong></span> 
     </span>
    </p>
   </div>
   <div class='ocr_carea' id='block_1_5' title="bbox 1930 435 3496 511">
    <p class='ocr_par' dir='ltr' id='par_1_5' title="bbox 1930 435 3496 511">
     <span class='ocr_line' id='line_1_5' title="bbox 1930 435 3496 511; baseline -0.002 -21"><span class='ocrx_word' id='word_1_14' title='bbox 1930 438 2114 494; x_wconf 84' lang='lat' dir='ltr'><strong>audire</strong></span> <span class='ocrx_word' id='word_1_15' title='bbox 2167 440 2519 511; x_wconf 77' lang='lat' dir='ltr'><strong>dignabatur.</strong></span> <span class='ocrx_word' id='word_1_16' title='bbox 2577 437 2942 505; x_wconf 82' lang='lat' dir='ltr'><strong>Quamobrem</strong></span> <span class='ocrx_word' id='word_1_17' title='bbox 3010 435 3214 500; x_wconf 77' lang='lat' dir='ltr'><strong>subdit,</strong></span> <span class='ocrx_word' id='word_1_18' title='bbox 3275 435 3496 489; x_wconf 75' lang='lat' dir='ltr'><strong>Audiuit</strong></span> 
     </span>
    </p>
   </div>
   <div class='ocr_carea' id='block_1_6' title="bbox 246 527 1829 600">
    <p class='ocr_par' dir='ltr' id='par_1_6' title="bbox 246 527 1829 600">
     <span class='ocr_line' id='line_1_6' title="bbox 246 527 1829 600; baseline -0.004 -13"><span class='ocrx_word' id='word_1_19' title='bbox 246 535 344 587; x_wconf 80' lang='grc' dir='ltr'><strong>καί</strong></span> <span class='ocrx_word' id='word_1_20' title='bbox 422 532 686 600; x_wconf 81' lang='grc' dir='ltr'>ὐπερίδε,</span> <span class='ocrx_word' id='word_1_21' title='bbox 736 531 878 587; x_wconf 84' lang='grc' dir='ltr'>κατὰ</span> <span class='ocrx_word' id='word_1_22' title='bbox 918 531 1009 585; x_wconf 79' lang='grc' dir='ltr'><strong>τὸν</strong></span> <span class='ocrx_word' id='word_1_23' title='bbox 1054 530 1306 594; x_wconf 83' lang='grc' dir='ltr'><strong>Ἀκύλαν,</strong></span> <span class='ocrx_word' id='word_1_24' title='bbox 1354 531 1454 584; x_wconf 77' lang='grc' dir='ltr'>καὶ</span> <span class='ocrx_word' id='word_1_25' title='bbox 1506 527 1829 598; x_wconf 81' lang='grc' dir='ltr'>ἀνυπερθέ-</span> 
     </span>
    </p>
   </div>
   <div class='ocr_carea' id='block_1_7' title="bbox 245 622 1826 697">
    <p class='ocr_par' dir='ltr' id='par_1_7' title="bbox 245 622 1826 697">
     <span class='ocr_line' id='line_1_7' title="bbox 245 622 1826 697; baseline -0.004 -17"><span class='ocrx_word' id='word_1_26' title='bbox 245 640 427 693; x_wconf 81' lang='grc' dir='ltr'>τησε·</span> <span class='ocrx_word' id='word_1_27' title='bbox 470 625 664 697; x_wconf 81' lang='grc' dir='ltr'><strong>μηκέτι</strong></span> <span class='ocrx_word' id='word_1_28' title='bbox 711 623 976 695; x_wconf 84' lang='grc' dir='ltr'>ἀναϐολὴν</span> <span class='ocrx_word' id='word_1_29' title='bbox 1008 624 1141 695; x_wconf 80' lang='grc' dir='ltr'>μηδὲ</span> <span class='ocrx_word' id='word_1_30' title='bbox 1185 622 1476 695; x_wconf 84' lang='grc' dir='ltr'><strong>ὑπέρθεσιν</strong></span> <span class='ocrx_word' id='word_1_31' title='bbox 1514 624 1698 685; x_wconf 81' lang='grc' dir='ltr'>αὐτοῖς</span> <span class='ocrx_word' id='word_1_32' title='bbox 1738 622 1826 673; x_wconf 83' lang='grc' dir='ltr'><strong>ὲν-</strong></span> 
     </span>
    </p>
   </div>
   <div class='ocr_carea' id='block_1_8' title="bbox 244 716 1829 787">
    <p class='ocr_par' dir='ltr' id='par_1_8' title="bbox 244 716 1829 787">
     <span class='ocr_line' id='line_1_8' title="bbox 244 716 1829 787; baseline -0.001 -16"><span class='ocrx_word' id='word_1_33' title='bbox 244 717 370 781; x_wconf 80' lang='grc' dir='ltr'>δούς</span> <span class='ocrx_word' id='word_1_34' title='bbox 392 736 404 748; x_wconf 91' lang='grc'><strong>·</strong></span> <span class='ocrx_word' id='word_1_35' title='bbox 445 717 585 772; x_wconf 86' lang='grc' dir='ltr'><strong>κατά</strong></span> <span class='ocrx_word' id='word_1_36' title='bbox 636 717 692 770; x_wconf 85' lang='grc' dir='ltr'><strong>δὲ</strong></span> <span class='ocrx_word' id='word_1_37' title='bbox 744 717 836 770; x_wconf 80' lang='grc' dir='ltr'><strong>τὸν</strong></span> <span class='ocrx_word' id='word_1_38' title='bbox 894 716 1203 787; x_wconf 74' lang='grc' dir='ltr'><strong>Σύμμαχον,</strong></span> <span class='ocrx_word' id='word_1_39' title='bbox 1256 717 1364 771; x_wconf 81' lang='lat' dir='ltr'><strong>Kal</strong></span> <span class='ocrx_word' id='word_1_40' title='bbox 1416 716 1829 786; x_wconf 77' lang='grc' dir='ltr'><strong>ἀπεδοκίμασε</strong></span> 
     </span>
    </p>
   </div>
   <div class='ocr_carea' id='block_1_9' title="bbox 245 805 1827 879">
    <p class='ocr_par' dir='ltr' id='par_1_9' title="bbox 245 805 1827 879">
     <span class='ocr_line' id='line_1_9' title="bbox 245 805 1827 879; baseline -0.003 -16"><span class='ocrx_word' id='word_1_41' title='bbox 245 809 484 878; x_wconf 76' lang='grc' dir='ltr'>σφόδρα</span> <span class='ocrx_word' id='word_1_42' title='bbox 517 808 624 861; x_wconf 84' lang='grc' dir='ltr'>τὸν</span> <span class='ocrx_word' id='word_1_43' title='bbox 667 805 918 876; x_wconf 72' lang='grc' dir='ltr'>Ἰσραήλ.</span> <span class='ocrx_word' id='word_1_44' title='bbox 950 807 1136 871; x_wconf 77' lang='grc' dir='ltr'>Οὕτως</span> <span class='ocrx_word' id='word_1_45' title='bbox 1159 808 1217 860; x_wconf 81' lang='grc' dir='ltr'>δὲ</span> <span class='ocrx_word' id='word_1_46' title='bbox 1244 808 1472 879; x_wconf 67' lang='grc' dir='ltr'>ἤκουσεν</span> <span class='ocrx_word' id='word_1_47' title='bbox 1513 809 1542 861; x_wconf 82' lang='grc' dir='ltr'><strong>ὁ</strong></span> <span class='ocrx_word' id='word_1_48' title='bbox 1572 806 1725 871; x_wconf 82' lang='grc' dir='ltr'>Θεὸς,</span> <span class='ocrx_word' id='word_1_49' title='bbox 1752 807 1827 870; x_wconf 86' lang='grc' dir='ltr'>ὡς</span> 
     </span>
    </p>
   </div>
   <div class='ocr_carea' id='block_1_10' title="bbox 246 899 1828 971">
    <p class='ocr_par' dir='ltr' id='par_1_10' title="bbox 246 899 1828 971">
     <span class='ocr_line' id='line_1_10' title="bbox 246 899 1828 971; baseline -0.002 -16"><span class='ocrx_word' id='word_1_50' title='bbox 246 901 344 955; x_wconf 69' lang='grc' dir='ltr'><strong>καὶ</strong></span> <span class='ocrx_word' id='word_1_51' title='bbox 372 900 465 954; x_wconf 74' lang='grc' dir='ltr'>ἐπὶ</span> <span class='ocrx_word' id='word_1_52' title='bbox 489 900 793 971; x_wconf 84' lang='grc' dir='ltr'>Σοδομιτῶν</span> <span class='ocrx_word' id='word_1_53' title='bbox 821 899 1007 971; x_wconf 69' lang='grc' dir='ltr'>εἴρητο</span> <span class='ocrx_word' id='word_1_54' title='bbox 1027 916 1040 929; x_wconf 90' lang='grc'><strong>·</strong></span> <span class='ocrx_word' id='word_1_55' title='bbox 1078 899 1250 967; x_wconf 82' lang='grc' dir='ltr'><strong>Φωνὴ</strong></span> <span class='ocrx_word' id='word_1_56' title='bbox 1280 900 1560 969; x_wconf 82' lang='grc' dir='ltr'><strong>Σοδόμων</strong></span> <span class='ocrx_word' id='word_1_57' title='bbox 1591 899 1688 953; x_wconf 80' lang='grc' dir='ltr'>καὶ</span> <span class='ocrx_word' id='word_1_58' title='bbox 1716 902 1828 952; x_wconf 80' lang='grc' dir='ltr'><strong>Γο-</strong></span> 
     </span>
    </p>
   </div>
   <div class='ocr_carea' id='block_1_11' title="bbox 246 990 1828 1064">
    <p class='ocr_par' dir='ltr' id='par_1_11' title="bbox 246 990 1828 1064">
     <span class='ocr_line' id='line_1_11' title="bbox 246 990 1828 1064; baseline -0.001 -18"><span class='ocrx_word' id='word_1_59' title='bbox 246 995 474 1064; x_wconf 59' lang='grc' dir='ltr'>Μρῤας</span> <span class='ocrx_word' id='word_1_60' title='bbox 500 990 622 1059; x_wconf 80' lang='grc' dir='ltr'>,ϐοᾷ</span> <span class='ocrx_word' id='word_1_61' title='bbox 666 991 816 1061; x_wconf 83' lang='grc' dir='ltr'>πρὸς</span> <span class='ocrx_word' id='word_1_62' title='bbox 848 992 945 1061; x_wconf 90' lang='grc' dir='ltr'><strong>μέ.</strong></span> <span class='ocrx_word' id='word_1_63' title='bbox 989 992 1110 1044; x_wconf 84' lang='grc' dir='ltr'>Τῶν</span> <span class='ocrx_word' id='word_1_64' title='bbox 1145 992 1255 1064; x_wconf 88' lang='grc' dir='ltr'>γὰρ</span> <span class='ocrx_word' id='word_1_65' title='bbox 1290 992 1502 1046; x_wconf 89' lang='grc' dir='ltr'>ἀσεϐῶν</span> <span class='ocrx_word' id='word_1_66' title='bbox 1550 993 1689 1045; x_wconf 84' lang='grc' dir='ltr'><strong>αύτά</strong></span> <span class='ocrx_word' id='word_1_67' title='bbox 1736 993 1828 1046; x_wconf 83' lang='grc' dir='ltr'><strong>κέ-</strong></span> 
     </span>
    </p>
   </div>
   <div class='ocr_carea' id='block_1_12' title="bbox 246 1079 1828 1158">
    <p class='ocr_par' dir='ltr' id='par_1_12' title="bbox 246 1079 1828 1158">
     <span class='ocr_line' id='line_1_12' title="bbox 246 1079 1828 1158; baseline -0.001 -19"><span class='ocrx_word' id='word_1_68' title='bbox 246 1102 420 1158; x_wconf 86' lang='grc' dir='ltr'>κραγε</span> <span class='ocrx_word' id='word_1_69' title='bbox 452 1085 544 1139; x_wconf 80' lang='grc' dir='ltr'>καὶ</span> <span class='ocrx_word' id='word_1_70' title='bbox 579 1084 675 1155; x_wconf 77' lang='grc' dir='ltr'><strong>βοᾷ</strong></span> <span class='ocrx_word' id='word_1_71' title='bbox 703 1083 773 1138; x_wconf 84' lang='grc' dir='ltr'>τὰ</span> <span class='ocrx_word' id='word_1_72' title='bbox 806 1085 906 1156; x_wconf 84' lang='grc' dir='ltr'>τῆς</span> <span class='ocrx_word' id='word_1_73' title='bbox 930 1083 1182 1147; x_wconf 87' lang='grc' dir='ltr'>ἀσεϐείας</span> <span class='ocrx_word' id='word_1_74' title='bbox 1204 1084 1531 1157; x_wconf 84' lang='grc' dir='ltr'>πράγματα·</span> <span class='ocrx_word' id='word_1_75' title='bbox 1565 1079 1641 1139; x_wconf 82' lang='grc' dir='ltr'>ὧν</span> <span class='ocrx_word' id='word_1_76' title='bbox 1667 1085 1828 1138; x_wconf 87' lang='grc' dir='ltr'>ἀκού-</span> 
     </span>
    </p>
   </div>
   <div class='ocr_carea' id='block_1_13' title="bbox 247 1176 1828 1247">
    <p class='ocr_par' dir='ltr' id='par_1_13' title="bbox 247 1176 1828 1247">
     <span class='ocr_line' id='line_1_13' title="bbox 247 1176 1828 1247; baseline -0.001 -14"><span class='ocrx_word' id='word_1_77' title='bbox 247 1197 350 1243; x_wconf 85' lang='grc' dir='ltr'><strong>σας</strong></span> <span class='ocrx_word' id='word_1_78' title='bbox 367 1181 395 1232; x_wconf 84' lang='grc' dir='ltr'><strong>ὁ</strong></span> <span class='ocrx_word' id='word_1_79' title='bbox 415 1178 547 1241; x_wconf 80' lang='grc' dir='ltr'>Θεὸς</span> <span class='ocrx_word' id='word_1_80' title='bbox 571 1177 853 1233; x_wconf 80' lang='grc' dir='ltr'>ἀπώσατο</span> <span class='ocrx_word' id='word_1_81' title='bbox 879 1176 993 1247; x_wconf 82' lang='grc' dir='ltr'><strong>τὴν</strong></span> <span class='ocrx_word' id='word_1_82' title='bbox 1015 1177 1257 1245; x_wconf 80' lang='grc' dir='ltr'>σκηνὴν</span> <span class='ocrx_word' id='word_1_83' title='bbox 1282 1176 1515 1247; x_wconf 75' lang='grc' dir='ltr'>Σηλὼμ,</span> <span class='ocrx_word' id='word_1_84' title='bbox 1540 1177 1828 1246; x_wconf 76' lang='grc' dir='ltr'><strong>σκήνωμα</strong></span> 
     </span>
    </p>
   </div>
   <div class='ocr_carea' id='block_1_14' title="bbox 252 1262 1828 1338">
    <p class='ocr_par' dir='ltr' id='par_1_14' title="bbox 252 1262 1828 1338">
     <span class='ocr_line' id='line_1_14' title="bbox 252 1262 1828 1338; baseline -0.001 -18"><span class='ocrx_word' id='word_1_85' title='bbox 252 1262 329 1322; x_wconf 86' lang='grc' dir='ltr'><strong>οὗ</strong></span> <span class='ocrx_word' id='word_1_86' title='bbox 360 1265 823 1332; x_wconf 80' lang='grc' dir='ltr'>κατεσκήνωσεν</span> <span class='ocrx_word' id='word_1_87' title='bbox 849 1266 921 1319; x_wconf 80' lang='grc' dir='ltr'>ἐν</span> <span class='ocrx_word' id='word_1_88' title='bbox 951 1266 1300 1334; x_wconf 79' lang='grc' dir='ltr'>ἀνθρώποις.</span> <span class='ocrx_word' id='word_1_89' title='bbox 1352 1268 1438 1321; x_wconf 85' lang='grc' dir='ltr'>Ἐν</span> <span class='ocrx_word' id='word_1_90' title='bbox 1471 1266 1580 1338; x_wconf 84' lang='grc' dir='ltr'>γὰρ</span> <span class='ocrx_word' id='word_1_91' title='bbox 1625 1270 1690 1337; x_wconf 81' lang='grc' dir='ltr'>τῇ</span> <span class='ocrx_word' id='word_1_92' title='bbox 1726 1267 1828 1338; x_wconf 86' lang='grc' dir='ltr'>Ση-</span> 
     </span>
    </p>
   </div>
   <div class='ocr_carea' id='block_1_15' title="bbox 246 1355 1828 1429">
    <p class='ocr_par' dir='ltr' id='par_1_15' title="bbox 246 1355 1828 1429">
     <span class='ocr_line' id='line_1_15' title="bbox 246 1355 1828 1429; baseline 0 -20"><span class='ocrx_word' id='word_1_93' title='bbox 246 1355 373 1429; x_wconf 85' lang='grc' dir='ltr'>λὼμ</span> <span class='ocrx_word' id='word_1_94' title='bbox 418 1355 632 1427; x_wconf 86' lang='grc' dir='ltr'>πρῶτον</span> <span class='ocrx_word' id='word_1_95' title='bbox 665 1355 791 1428; x_wconf 77' lang='grc' dir='ltr'>ἔστη</span> <span class='ocrx_word' id='word_1_96' title='bbox 835 1358 867 1427; x_wconf 81' lang='grc' dir='ltr'>ἡ</span> <span class='ocrx_word' id='word_1_97' title='bbox 912 1356 1103 1427; x_wconf 82' lang='grc' dir='ltr'>σκηνὴ,</span> <span class='ocrx_word' id='word_1_98' title='bbox 1154 1355 1281 1409; x_wconf 80' lang='grc' dir='ltr'>ἔνθα</span> <span class='ocrx_word' id='word_1_99' title='bbox 1317 1358 1499 1429; x_wconf 80' lang='grc' dir='ltr'>ἱερᾶτο</span> <span class='ocrx_word' id='word_1_100' title='bbox 1536 1357 1685 1409; x_wconf 79' lang='grc' dir='ltr'><strong>Ἣλεί⁸</strong></span> <span class='ocrx_word' id='word_1_101' title='bbox 1736 1357 1828 1409; x_wconf 76' lang='grc' dir='ltr'><strong>καὶ</strong></span> 
     </span>
    </p>
   </div>
   <div class='ocr_carea' id='block_1_16' title="bbox 246 1447 1822 1520">
    <p class='ocr_par' dir='ltr' id='par_1_16' title="bbox 246 1447 1822 1520">
     <span class='ocr_line' id='line_1_16' title="bbox 246 1447 1822 1520; baseline 0.001 -19"><span class='ocrx_word' id='word_1_102' title='bbox 246 1448 525 1519; x_wconf 82' lang='grc' dir='ltr'><strong>Σαμουὴλ,</strong></span> <span class='ocrx_word' id='word_1_103' title='bbox 568 1447 645 1513; x_wconf 85' lang='grc' dir='ltr'>ὡς</span> <span class='ocrx_word' id='word_1_104' title='bbox 691 1448 1017 1520; x_wconf 80' lang='grc' dir='ltr'>παρίστησιν</span> <span class='ocrx_word' id='word_1_105' title='bbox 1059 1450 1093 1519; x_wconf 83' lang='grc' dir='ltr'>ἡ</span> <span class='ocrx_word' id='word_1_106' title='bbox 1135 1448 1326 1520; x_wconf 80' lang='grc' dir='ltr'>Γραφὴ</span> <span class='ocrx_word' id='word_1_107' title='bbox 1365 1448 1473 1503; x_wconf 89' lang='grc' dir='ltr'><strong>τῶν</strong></span> <span class='ocrx_word' id='word_1_108' title='bbox 1508 1447 1822 1503; x_wconf 85' lang='grc' dir='ltr'>Βασιλειῶν.</span> 
     </span>
    </p>
   </div>
   <div class='ocr_carea' id='block_1_17' title="bbox 246 1534 1827 1611">
    <p class='ocr_par' dir='ltr' id='par_1_17' title="bbox 246 1534 1827 1611">
     <span class='ocr_line' id='line_1_17' title="bbox 246 1534 1827 1611; baseline 0 -19"><span class='ocrx_word' id='word_1_109' title='bbox 246 1540 464 1609; x_wconf 81' lang='grc' dir='ltr'>Ταύτην</span> <span class='ocrx_word' id='word_1_110' title='bbox 490 1534 581 1593; x_wconf 88' lang='grc' dir='ltr'><strong>οῦν</strong></span> <span class='ocrx_word' id='word_1_111' title='bbox 611 1538 867 1601; x_wconf 77' lang='grc' dir='ltr'>ἀπώσατο</span> <span class='ocrx_word' id='word_1_112' title='bbox 907 1538 1129 1611; x_wconf 82' lang='grc' dir='ltr'>πρώτην</span> <span class='ocrx_word' id='word_1_113' title='bbox 1153 1540 1252 1611; x_wconf 77' lang='grc' dir='ltr'><strong>τὴν</strong></span> <span class='ocrx_word' id='word_1_114' title='bbox 1293 1541 1351 1591; x_wconf 79' lang='grc' dir='ltr'>ἐν</span> <span class='ocrx_word' id='word_1_115' title='bbox 1380 1538 1577 1611; x_wconf 82' lang='grc' dir='ltr'>Σηλὼμ</span> <span class='ocrx_word' id='word_1_116' title='bbox 1620 1540 1827 1610; x_wconf 83' lang='grc' dir='ltr'>σκήνω-</span> 
     </span>
    </p>
   </div>
   <div class='ocr_carea' id='block_1_18' title="bbox 249 1631 1826 1705">
    <p class='ocr_par' dir='ltr' id='par_1_18' title="bbox 249 1631 1826 1705">
     <span class='ocr_line' id='line_1_18' title="bbox 249 1631 1826 1705; baseline 0 -19"><span class='ocrx_word' id='word_1_117' title='bbox 249 1648 335 1686; x_wconf 74' lang='grc' dir='ltr'><strong>στν</strong></span> <span class='ocrx_word' id='word_1_118' title='bbox 360 1633 445 1686; x_wconf 84' lang='grc' dir='ltr'>διὰ</span> <span class='ocrx_word' id='word_1_119' title='bbox 475 1632 574 1696; x_wconf 84' lang='grc' dir='ltr'>τὰς</span> <span class='ocrx_word' id='word_1_120' title='bbox 596 1631 850 1695; x_wconf 85' lang='grc' dir='ltr'>ἀσεϐείας</span> <span class='ocrx_word' id='word_1_121' title='bbox 876 1632 1074 1686; x_wconf 80' lang='grc' dir='ltr'>αὐτῶν.</span> <span class='ocrx_word' id='word_1_122' title='bbox 1104 1632 1196 1685; x_wconf 81' lang='grc' dir='ltr'>Διὸ</span> <span class='ocrx_word' id='word_1_123' title='bbox 1224 1632 1365 1685; x_wconf 86' lang='grc' dir='ltr'><strong>κατά</strong></span> <span class='ocrx_word' id='word_1_124' title='bbox 1401 1633 1491 1685; x_wconf 82' lang='grc' dir='ltr'><strong>τὸν</strong></span> <span class='ocrx_word' id='word_1_125' title='bbox 1531 1632 1826 1705; x_wconf 81' lang='grc' dir='ltr'>Σύμμαχον</span> 
     </span>
    </p>
   </div>
   <div class='ocr_carea' id='block_1_19' title="bbox 247 1723 1823 1796">
    <p class='ocr_par' dir='ltr' id='par_1_19' title="bbox 247 1723 1823 1796">
     <span class='ocr_line' id='line_1_19' title="bbox 247 1723 1823 1796; baseline 0.001 -19"><span class='ocrx_word' id='word_1_126' title='bbox 247 1724 463 1796; x_wconf 87' lang='grc' dir='ltr'>εἴρηται</span> <span class='ocrx_word' id='word_1_127' title='bbox 486 1742 499 1755; x_wconf 91' lang='grc'><strong>·</strong></span> <span class='ocrx_word' id='word_1_128' title='bbox 526 1724 636 1779; x_wconf 84' lang='grc' dir='ltr'>Καὶ</span> <span class='ocrx_word' id='word_1_129' title='bbox 660 1723 950 1793; x_wconf 72' lang='grc' dir='ltr'>ἀπέρῤιψε</span> <span class='ocrx_word' id='word_1_130' title='bbox 979 1723 1093 1791; x_wconf 82' lang='grc' dir='ltr'>τὴν</span> <span class='ocrx_word' id='word_1_131' title='bbox 1112 1724 1429 1790; x_wconf 82' lang='grc' dir='ltr'>σκήνωσιν</span> <span class='ocrx_word' id='word_1_132' title='bbox 1452 1723 1567 1791; x_wconf 81' lang='grc' dir='ltr'>τὴν</span> <span class='ocrx_word' id='word_1_133' title='bbox 1590 1725 1823 1794; x_wconf 80' lang='grc' dir='ltr'>Σηλὼμ,</span> 
     </span>
    </p>
   </div>
   <div class='ocr_carea' id='block_1_20' title="bbox 246 1786 1901 1885">
    <p class='ocr_par' dir='ltr' id='par_1_20' title="bbox 246 1786 1901 1885">
     <span class='ocr_line' id='line_1_20' title="bbox 246 1786 1901 1885; baseline 0 -16"><span class='ocrx_word' id='word_1_134' title='bbox 246 1786 490 1885; x_wconf 45' lang='grc' dir='ltr'>καί-τὴν</span> <span class='ocrx_word' id='word_1_135' title='bbox 524 1786 839 1881; x_wconf 51' lang='grc' dir='ltr'>σκήνωσλν</span> <span class='ocrx_word' id='word_1_136' title='bbox 863 1786 981 1883; x_wconf 73' lang='grc' dir='ltr'>τὴν</span> <span class='ocrx_word' id='word_1_137' title='bbox 1013 1786 1357 1883; x_wconf 59' lang='grc' dir='ltr'>ἱδρυθείσαν</span> <span class='ocrx_word' id='word_1_138' title='bbox 1383 1814 1453 1868; x_wconf 82' lang='grc' dir='ltr'>ὲν</span> <span class='ocrx_word' id='word_1_139' title='bbox 1472 1786 1822 1884; x_wconf 64' lang='grc' dir='ltr'>ἀνθρώποίς.</span> <span class='ocrx_word' id='word_1_140' title='bbox 1856 1786 1901 1846; x_wconf 72' lang='grc' dir='ltr'><strong><em>Β</em></strong></span> 
     </span>
    </p>
   </div>
   <div class='ocr_carea' id='block_1_21' title="bbox 249 1906 1828 1979">
    <p class='ocr_par' dir='ltr' id='par_1_21' title="bbox 249 1906 1828 1979">
     <span class='ocr_line' id='line_1_21' title="bbox 249 1906 1828 1979; baseline 0 -18"><span class='ocrx_word' id='word_1_141' title='bbox 249 1908 439 1971; x_wconf 85' lang='grc' dir='ltr'>’Ὀπως</span> <span class='ocrx_word' id='word_1_142' title='bbox 479 1908 536 1961; x_wconf 78' lang='grc' dir='ltr'>δὲ</span> <span class='ocrx_word' id='word_1_143' title='bbox 579 1910 691 1972; x_wconf 84' lang='grc' dir='ltr'>τοῖς</span> <span class='ocrx_word' id='word_1_144' title='bbox 734 1906 1041 1979; x_wconf 79' lang='grc' dir='ltr'>ἀνθρώποις</span> <span class='ocrx_word' id='word_1_145' title='bbox 1072 1906 1343 1978; x_wconf 82' lang='grc' dir='ltr'>παρεδόθη</span> <span class='ocrx_word' id='word_1_146' title='bbox 1389 1909 1422 1978; x_wconf 86' lang='grc' dir='ltr'><strong>ἡ</strong></span> <span class='ocrx_word' id='word_1_147' title='bbox 1468 1907 1702 1971; x_wconf 83' lang='grc' dir='ltr'>κιϐωτὸς</span> <span class='ocrx_word' id='word_1_148' title='bbox 1741 1907 1828 1961; x_wconf 88' lang='grc' dir='ltr'><strong>διά</strong></span> 
     </span>
    </p>
   </div>
   <div class='ocr_carea' id='block_1_22' title="bbox 244 1998 1827 2070">
    <p class='ocr_par' dir='ltr' id='par_1_22' title="bbox 244 1998 1827 2070">
     <span class='ocr_line' id='line_1_22' title="bbox 244 1998 1827 2070; baseline 0.001 -19"><span class='ocrx_word' id='word_1_149' title='bbox 244 1998 319 2051; x_wconf 84' lang='grc' dir='ltr'><strong>τά</strong></span> <span class='ocrx_word' id='word_1_150' title='bbox 349 1999 670 2069; x_wconf 86' lang='grc' dir='ltr'>ἀσεϐήματα</span> <span class='ocrx_word' id='word_1_151' title='bbox 691 1998 785 2052; x_wconf 89' lang='grc' dir='ltr'><strong>τοῦ</strong></span> <span class='ocrx_word' id='word_1_152' title='bbox 826 1999 976 2061; x_wconf 87' lang='grc' dir='ltr'>λαοῦ,</span> <span class='ocrx_word' id='word_1_153' title='bbox 1004 2000 1096 2052; x_wconf 77' lang='grc' dir='ltr'><strong>καὶ</strong></span> <span class='ocrx_word' id='word_1_154' title='bbox 1120 1999 1195 2062; x_wconf 81' lang='grc' dir='ltr'>ὡς</span> <span class='ocrx_word' id='word_1_155' title='bbox 1228 1998 1539 2070; x_wconf 79' lang='grc' dir='ltr'>ἐκράτησαν</span> <span class='ocrx_word' id='word_1_156' title='bbox 1567 1999 1736 2070; x_wconf 75' lang='grc' dir='ltr'>αὐτῆς</span> <span class='ocrx_word' id='word_1_157' title='bbox 1777 2002 1827 2052; x_wconf 77' lang='grc' dir='ltr'><strong>οἰ</strong></span> 
     </span>
    </p>
   </div>
   <div class='ocr_carea' id='block_1_23' title="bbox 243 2090 1830 2164">
    <p class='ocr_par' dir='ltr' id='par_1_23' title="bbox 243 2090 1830 2164">
     <span class='ocr_line' id='line_1_23' title="bbox 243 2090 1830 2164; baseline 0 -20"><span class='ocrx_word' id='word_1_158' title='bbox 243 2091 520 2162; x_wconf 80' lang='grc' dir='ltr'>πολέμιοι,</span> <span class='ocrx_word' id='word_1_159' title='bbox 550 2092 835 2164; x_wconf 84' lang='grc' dir='ltr'>ἀπήγαγόν</span> <span class='ocrx_word' id='word_1_160' title='bbox 867 2109 924 2145; x_wconf 89' lang='grc' dir='ltr'><strong>τε</strong></span> <span class='ocrx_word' id='word_1_161' title='bbox 968 2093 1095 2161; x_wconf 86' lang='grc' dir='ltr'>παρ’</span> <span class='ocrx_word' id='word_1_162' title='bbox 1140 2093 1370 2155; x_wconf 79' lang='grc' dir='ltr'>ἑαυτοῖς,</span> <span class='ocrx_word' id='word_1_163' title='bbox 1398 2091 1492 2144; x_wconf 73' lang='grc' dir='ltr'><strong>καὶ</strong></span> <span class='ocrx_word' id='word_1_164' title='bbox 1536 2090 1611 2154; x_wconf 89' lang='grc' dir='ltr'>ὡς</span> <span class='ocrx_word' id='word_1_165' title='bbox 1634 2092 1684 2143; x_wconf 88' lang='grc' dir='ltr'><strong>οἰ</strong></span> <span class='ocrx_word' id='word_1_166' title='bbox 1723 2092 1830 2144; x_wconf 83' lang='grc' dir='ltr'><strong>υἱοί</strong></span> 
     </span>
    </p>
   </div>
   <div class='ocr_carea' id='block_1_24' title="bbox 258 2183 1830 2257">
    <p class='ocr_par' dir='ltr' id='par_1_24' title="bbox 258 2183 1830 2257">
     <span class='ocr_line' id='line_1_24' title="bbox 258 2183 1830 2257; baseline 0.001 -22"><span class='ocrx_word' id='word_1_167' title='bbox 258 2183 477 2256; x_wconf 84' lang='grc' dir='ltr'>Ἰσραὴλ</span> <span class='ocrx_word' id='word_1_168' title='bbox 510 2184 917 2257; x_wconf 81' lang='grc' dir='ltr'>ὲτροπώθησαν,</span> <span class='ocrx_word' id='word_1_169' title='bbox 952 2185 1046 2238; x_wconf 79' lang='grc' dir='ltr'><strong>καὶ</strong></span> <span class='ocrx_word' id='word_1_170' title='bbox 1087 2184 1163 2248; x_wconf 85' lang='grc' dir='ltr'><strong>ῶς</strong></span> <span class='ocrx_word' id='word_1_171' title='bbox 1198 2186 1243 2237; x_wconf 78' lang='grc' dir='ltr'><strong>οἱ</strong></span> <span class='ocrx_word' id='word_1_172' title='bbox 1283 2184 1389 2237; x_wconf 77' lang='grc' dir='ltr'>υἱοὶ</span> <span class='ocrx_word' id='word_1_173' title='bbox 1422 2184 1568 2236; x_wconf 74' lang='grc' dir='ltr'>Ἠλεὶ</span> <span class='ocrx_word' id='word_1_174' title='bbox 1614 2183 1830 2237; x_wconf 85' lang='grc' dir='ltr'>πεπτώ-</span> 
     </span>
    </p>
   </div>
   <div class='ocr_carea' id='block_1_25' title="bbox 242 2274 1829 2349">
    <p class='ocr_par' dir='ltr' id='par_1_25' title="bbox 242 2274 1829 2349">
     <span class='ocr_line' id='line_1_25' title="bbox 242 2274 1829 2349; baseline -0.001 -19"><span class='ocrx_word' id='word_1_175' title='bbox 242 2293 430 2340; x_wconf 80' lang='grc' dir='ltr'>κασιν,</span> <span class='ocrx_word' id='word_1_176' title='bbox 455 2279 504 2330; x_wconf 79' lang='grc' dir='ltr'><strong>οἰ</strong></span> <span class='ocrx_word' id='word_1_177' title='bbox 533 2280 696 2349; x_wconf 87' lang='grc' dir='ltr'>ἱερεῖς</span> <span class='ocrx_word' id='word_1_178' title='bbox 723 2278 894 2340; x_wconf 76' lang='grc' dir='ltr'>ὄντες,</span> <span class='ocrx_word' id='word_1_179' title='bbox 923 2279 951 2331; x_wconf 82' lang='grc' dir='ltr'>ὃ</span> <span class='ocrx_word' id='word_1_180' title='bbox 974 2294 1033 2330; x_wconf 87' lang='grc' dir='ltr'><strong>τε</strong></span> <span class='ocrx_word' id='word_1_181' title='bbox 1054 2277 1257 2329; x_wconf 84' lang='grc' dir='ltr'>τούτων</span> <span class='ocrx_word' id='word_1_182' title='bbox 1286 2275 1468 2346; x_wconf 82' lang='grc' dir='ltr'>πατὴρ</span> <span class='ocrx_word' id='word_1_183' title='bbox 1491 2274 1565 2338; x_wconf 86' lang='grc' dir='ltr'>ὡς</span> <span class='ocrx_word' id='word_1_184' title='bbox 1585 2274 1829 2329; x_wconf 80' lang='grc' dir='ltr'>ἀπώλετο</span> 
     </span>
    </p>
   </div>
   <div class='ocr_carea' id='block_1_26' title="bbox 243 2366 1827 2440">
    <p class='ocr_par' dir='ltr' id='par_1_26' title="bbox 243 2366 1827 2440">
     <span class='ocr_line' id='line_1_26' title="bbox 243 2366 1827 2440; baseline -0.001 -20"><span class='ocrx_word' id='word_1_185' title='bbox 243 2370 343 2421; x_wconf 75' lang='grc' dir='ltr'>ἐπὶ</span> <span class='ocrx_word' id='word_1_186' title='bbox 366 2371 432 2440; x_wconf 80' lang='grc' dir='ltr'>τῇ</span> <span class='ocrx_word' id='word_1_187' title='bbox 466 2370 574 2422; x_wconf 90' lang='grc' dir='ltr'><strong>τῶν</strong></span> <span class='ocrx_word' id='word_1_188' title='bbox 599 2370 803 2423; x_wconf 81' lang='grc' dir='ltr'>παίδων</span> <span class='ocrx_word' id='word_1_189' title='bbox 835 2369 1082 2440; x_wconf 80' lang='grc' dir='ltr'><strong>ἀγγελίᾳ,</strong></span> <span class='ocrx_word' id='word_1_190' title='bbox 1114 2372 1145 2439; x_wconf 78' lang='grc' dir='ltr'><strong>ἡ</strong></span> <span class='ocrx_word' id='word_1_191' title='bbox 1179 2366 1369 2440; x_wconf 86' lang='grc' dir='ltr'>πρώτη</span> <span class='ocrx_word' id='word_1_192' title='bbox 1402 2367 1695 2438; x_wconf 83' lang='grc' dir='ltr'>παρίστησι</span> <span class='ocrx_word' id='word_1_193' title='bbox 1722 2366 1827 2420; x_wconf 89' lang='grc' dir='ltr'><strong>τῶν</strong></span> 
     </span>
    </p>
   </div>
   <div class='ocr_carea' id='block_1_27' title="bbox 247 2457 1828 2529">
    <p class='ocr_par' dir='ltr' id='par_1_27' title="bbox 247 2457 1828 2529">
     <span class='ocr_line' id='line_1_27' title="bbox 247 2457 1828 2529; baseline -0.003 -16"><span class='ocrx_word' id='word_1_194' title='bbox 247 2458 561 2513; x_wconf 83' lang='grc' dir='ltr'>Βασιλειῶν.</span> <span class='ocrx_word' id='word_1_195' title='bbox 595 2460 685 2512; x_wconf 79' lang='grc' dir='ltr'><strong>Διὸ</strong></span> <span class='ocrx_word' id='word_1_196' title='bbox 709 2460 921 2529; x_wconf 74' lang='grc' dir='ltr'>εἴρηται</span> <span class='ocrx_word' id='word_1_197' title='bbox 954 2458 1216 2512; x_wconf 77' lang='grc' dir='ltr'>ἐνταῦθα’</span> <span class='ocrx_word' id='word_1_198' title='bbox 1249 2459 1359 2511; x_wconf 84' lang='lat' dir='ltr'><strong>Kal</strong></span> <span class='ocrx_word' id='word_1_199' title='bbox 1398 2458 1680 2512; x_wconf 83' lang='grc' dir='ltr'>ἀπώσατο</span> <span class='ocrx_word' id='word_1_200' title='bbox 1712 2457 1828 2526; x_wconf 78' lang='grc' dir='ltr'><strong>τὴν</strong></span> 
     </span>
    </p>
   </div>
   <div class='ocr_carea' id='block_1_28' title="bbox 244 2547 1828 2622">
    <p class='ocr_par' dir='ltr' id='par_1_28' title="bbox 244 2547 1828 2622">
     <span class='ocr_line' id='line_1_28' title="bbox 244 2547 1828 2622; baseline -0.003 -15"><span class='ocrx_word' id='word_1_201' title='bbox 244 2552 492 2622; x_wconf 78' lang='grc' dir='ltr'>σκηνὴν</span> <span class='ocrx_word' id='word_1_202' title='bbox 541 2550 732 2620; x_wconf 84' lang='grc' dir='ltr'>Σηλῶ,</span> <span class='ocrx_word' id='word_1_203' title='bbox 778 2551 1069 2620; x_wconf 79' lang='grc' dir='ltr'>σκήνωμα</span> <span class='ocrx_word' id='word_1_204' title='bbox 1121 2547 1194 2607; x_wconf 86' lang='grc' dir='ltr'><strong>οὗ</strong></span> <span class='ocrx_word' id='word_1_205' title='bbox 1248 2551 1714 2619; x_wconf 83' lang='grc' dir='ltr'>κατεσκήνωσεν</span> <span class='ocrx_word' id='word_1_206' title='bbox 1760 2552 1828 2603; x_wconf 78' lang='grc' dir='ltr'>ἐν</span> 
     </span>
    </p>
   </div>
   <div class='ocr_carea' id='block_1_29' title="bbox 245 2642 1828 2712">
    <p class='ocr_par' dir='ltr' id='par_1_29' title="bbox 245 2642 1828 2712">
     <span class='ocr_line' id='line_1_29' title="bbox 245 2642 1828 2712; baseline -0.003 -13"><span class='ocrx_word' id='word_1_207' title='bbox 245 2642 601 2712; x_wconf 80' lang='grc' dir='ltr'>ἀνθρώποις.</span> <span class='ocrx_word' id='word_1_208' title='bbox 645 2643 754 2697; x_wconf 83' lang='lat' dir='ltr'><strong>Kal</strong></span> <span class='ocrx_word' id='word_1_209' title='bbox 783 2642 1126 2711; x_wconf 82' lang='grc' dir='ltr'>παρέδωκεν</span> <span class='ocrx_word' id='word_1_210' title='bbox 1152 2644 1238 2708; x_wconf 76' lang='grc' dir='ltr'><strong>εἰς</strong></span> <span class='ocrx_word' id='word_1_211' title='bbox 1268 2644 1684 2711; x_wconf 72' lang='grc' dir='ltr'>αἰχμαλωσίαν</span> <span class='ocrx_word' id='word_1_212' title='bbox 1713 2643 1828 2711; x_wconf 78' lang='grc' dir='ltr'>τὴν</span> 
     </span>
    </p>
   </div>
   <div class='ocr_carea' id='block_1_30' title="bbox 219 2734 1828 2805">
    <p class='ocr_par' dir='ltr' id='par_1_30' title="bbox 219 2734 1828 2805">
     <span class='ocr_line' id='line_1_30' title="bbox 219 2734 1828 2805; baseline -0.001 -16"><span class='ocrx_word' id='word_1_213' title='bbox 219 2735 437 2805; x_wconf 80' lang='grc' dir='ltr'>οἰσχὺν</span> <span class='ocrx_word' id='word_1_214' title='bbox 475 2735 691 2790; x_wconf 85' lang='grc' dir='ltr'>αὐτῶν.</span> <span class='ocrx_word' id='word_1_215' title='bbox 737 2736 881 2788; x_wconf 78' lang='grc' dir='ltr'>Ἀντὶ</span> <span class='ocrx_word' id='word_1_216' title='bbox 917 2735 972 2788; x_wconf 85' lang='grc' dir='ltr'>δὲ</span> <span class='ocrx_word' id='word_1_217' title='bbox 1000 2734 1114 2798; x_wconf 89' lang='grc' dir='ltr'>τοῦ,</span> <span class='ocrx_word' id='word_1_218' title='bbox 1149 2734 1265 2802; x_wconf 85' lang='grc' dir='ltr'><strong>τὴν</strong></span> <span class='ocrx_word' id='word_1_219' title='bbox 1303 2735 1480 2805; x_wconf 85' lang='grc' dir='ltr'>ἰσχὺν</span> <span class='ocrx_word' id='word_1_220' title='bbox 1512 2734 1729 2799; x_wconf 84' lang='grc' dir='ltr'>αὐτῶν,</span> <span class='ocrx_word' id='word_1_221' title='bbox 1761 2736 1828 2789; x_wconf 86' lang='grc' dir='ltr'>τὸ</span> 
     </span>
    </p>
   </div>
   <div class='ocr_carea' id='block_1_31' title="bbox 248 2827 1828 2901">
    <p class='ocr_par' dir='ltr' id='par_1_31' title="bbox 248 2827 1828 2901">
     <span class='ocr_line' id='line_1_31' title="bbox 248 2827 1828 2901; baseline -0.001 -19"><span class='ocrx_word' id='word_1_222' title='bbox 248 2827 470 2897; x_wconf 79' lang='grc' dir='ltr'>κράτος</span> <span class='ocrx_word' id='word_1_223' title='bbox 514 2828 712 2883; x_wconf 81' lang='grc' dir='ltr'>αὐτῶν</span> <span class='ocrx_word' id='word_1_224' title='bbox 768 2830 1110 2899; x_wconf 79' lang='grc' dir='ltr'>ἡρμήνευσεν</span> <span class='ocrx_word' id='word_1_225' title='bbox 1154 2829 1181 2880; x_wconf 86' lang='grc' dir='ltr'>ὁ</span> <span class='ocrx_word' id='word_1_226' title='bbox 1218 2827 1467 2892; x_wconf 80' lang='grc' dir='ltr'>Ἀκύλας.</span> <span class='ocrx_word' id='word_1_227' title='bbox 1509 2830 1725 2901; x_wconf 79' lang='grc' dir='ltr'>Κράτος</span> <span class='ocrx_word' id='word_1_228' title='bbox 1770 2830 1828 2882; x_wconf 86' lang='grc' dir='ltr'>δὲ</span> 
     </span>
    </p>
   </div>
   <div class='ocr_carea' id='block_1_32' title="bbox 243 2920 1828 2992">
    <p class='ocr_par' dir='ltr' id='par_1_32' title="bbox 243 2920 1828 2992">
     <span class='ocr_line' id='line_1_32' title="bbox 243 2920 1828 2992; baseline 0.001 -18"><span class='ocrx_word' id='word_1_229' title='bbox 243 2920 430 2974; x_wconf 83' lang='grc' dir='ltr'>αὐτῶν</span> <span class='ocrx_word' id='word_1_230' title='bbox 462 2923 555 2973; x_wconf 73' lang='grc' dir='ltr'>καὶ</span> <span class='ocrx_word' id='word_1_231' title='bbox 585 2922 737 2991; x_wconf 81' lang='grc' dir='ltr'>ἰσχὺν</span> <span class='ocrx_word' id='word_1_232' title='bbox 779 2921 872 2973; x_wconf 76' lang='grc' dir='ltr'><strong>καὶ</strong></span> <span class='ocrx_word' id='word_1_233' title='bbox 904 2920 1185 2991; x_wconf 84' lang='grc' dir='ltr'>καλλονὴν,</span> <span class='ocrx_word' id='word_1_234' title='bbox 1214 2925 1294 2985; x_wconf 81' lang='grc' dir='ltr'><strong>εἰς</strong></span> <span class='ocrx_word' id='word_1_235' title='bbox 1323 2922 1695 2992; x_wconf 87' lang='grc' dir='ltr'>αἰχμαλωσίαν</span> <span class='ocrx_word' id='word_1_236' title='bbox 1736 2923 1828 2976; x_wconf 74' lang='grc' dir='ltr'>καὶ</span> 
     </span>
    </p>
   </div>
   <div class='ocr_carea' id='block_1_33' title="bbox 247 3012 1827 3085">
    <p class='ocr_par' dir='ltr' id='par_1_33' title="bbox 247 3012 1827 3085">
     <span class='ocr_line' id='line_1_33' title="bbox 247 3012 1827 3085; baseline 0.001 -19"><span class='ocrx_word' id='word_1_237' title='bbox 247 3015 333 3077; x_wconf 87' lang='grc' dir='ltr'><strong>εἰς</strong></span> <span class='ocrx_word' id='word_1_238' title='bbox 370 3016 558 3085; x_wconf 86' lang='grc' dir='ltr'>χεῖρας</span> <span class='ocrx_word' id='word_1_239' title='bbox 605 3012 877 3075; x_wconf 82' lang='grc' dir='ltr'>θλίϐοντος</span> <span class='ocrx_word' id='word_1_240' title='bbox 922 3014 1296 3085; x_wconf 79' lang='grc' dir='ltr'>παραδοθέντα</span> <span class='ocrx_word' id='word_1_241' title='bbox 1330 3014 1450 3067; x_wconf 89' lang='grc' dir='ltr'>τίνα</span> <span class='ocrx_word' id='word_1_242' title='bbox 1487 3014 1552 3067; x_wconf 86' lang='grc' dir='ltr'><strong>ἂν</strong></span> <span class='ocrx_word' id='word_1_243' title='bbox 1594 3014 1827 3085; x_wconf 78' lang='grc' dir='ltr'>εἴποιςῆ</span> 
     </span>
    </p>
   </div>
   <div class='ocr_carea' id='block_1_34' title="bbox 244 3104 1899 3200">
    <p class='ocr_par' dir='ltr' id='par_1_34' title="bbox 244 3104 1899 3200">
     <span class='ocr_line' id='line_1_34' title="bbox 244 3104 1899 3200; baseline 0 -43"><span class='ocrx_word' id='word_1_244' title='bbox 244 3106 348 3177; x_wconf 81' lang='grc' dir='ltr'>τὴν</span> <span class='ocrx_word' id='word_1_245' title='bbox 378 3106 630 3168; x_wconf 76' lang='grc' dir='ltr'>κιϐωτὸν,</span> <span class='ocrx_word' id='word_1_246' title='bbox 666 3105 732 3176; x_wconf 77' lang='grc' dir='ltr'>ἣν</span> <span class='ocrx_word' id='word_1_247' title='bbox 773 3107 803 3159; x_wconf 84' lang='grc' dir='ltr'><strong>ό</strong></span> <span class='ocrx_word' id='word_1_248' title='bbox 840 3104 1031 3178; x_wconf 83' lang='grc' dir='ltr'>παρὼν</span> <span class='ocrx_word' id='word_1_249' title='bbox 1061 3106 1355 3159; x_wconf 90' lang='grc' dir='ltr'>αἰνίττεται</span> <span class='ocrx_word' id='word_1_250' title='bbox 1386 3106 1543 3175; x_wconf 85' lang='grc' dir='ltr'>λόγος</span> <span class='ocrx_word' id='word_1_251' title='bbox 1571 3106 1823 3176; x_wconf 77' lang='grc' dir='ltr'>φάσκωνο</span> <span class='ocrx_word' id='word_1_252' title='bbox 1856 3144 1899 3200; x_wconf 77' lang='lat' dir='ltr'><strong><em>C</em></strong></span> 
     </span>
    </p>
   </div>
   <div class='ocr_carea' id='block_1_35' title="bbox 249 3194 1829 3265">
    <p class='ocr_par' dir='ltr' id='par_1_35' title="bbox 249 3194 1829 3265">
     <span class='ocr_line' id='line_1_35' title="bbox 249 3194 1829 3265; baseline -0.001 -17"><span class='ocrx_word' id='word_1_253' title='bbox 249 3195 359 3249; x_wconf 81' lang='lat' dir='ltr'><strong>Kal</strong></span> <span class='ocrx_word' id='word_1_254' title='bbox 406 3194 750 3264; x_wconf 82' lang='grc' dir='ltr'>παρέδωκεν</span> <span class='ocrx_word' id='word_1_255' title='bbox 787 3197 874 3261; x_wconf 82' lang='grc' dir='ltr'><strong>εἰς</strong></span> <span class='ocrx_word' id='word_1_256' title='bbox 906 3196 1326 3265; x_wconf 73' lang='grc' dir='ltr'>αἰχμαλωσίαν</span> <span class='ocrx_word' id='word_1_257' title='bbox 1369 3194 1481 3262; x_wconf 82' lang='grc' dir='ltr'>τὴν</span> <span class='ocrx_word' id='word_1_258' title='bbox 1510 3194 1694 3264; x_wconf 85' lang='grc' dir='ltr'>ἰσχὺν</span> <span class='ocrx_word' id='word_1_259' title='bbox 1723 3196 1829 3248; x_wconf 87' lang='grc' dir='ltr'><strong>αὺ-</strong></span> 
     </span>
    </p>
   </div>
   <div class='ocr_carea' id='block_1_36' title="bbox 246 3285 1829 3356">
    <p class='ocr_par' dir='ltr' id='par_1_36' title="bbox 246 3285 1829 3356">
     <span class='ocr_line' id='line_1_36' title="bbox 246 3285 1829 3356; baseline 0.001 -17"><span class='ocrx_word' id='word_1_260' title='bbox 246 3285 389 3349; x_wconf 80' lang='grc' dir='ltr'>τῶν,</span> <span class='ocrx_word' id='word_1_261' title='bbox 417 3286 513 3339; x_wconf 85' lang='grc' dir='ltr'><strong>καί</strong></span> <span class='ocrx_word' id='word_1_262' title='bbox 540 3285 657 3353; x_wconf 78' lang='grc' dir='ltr'>τὴν</span> <span class='ocrx_word' id='word_1_263' title='bbox 680 3285 991 3354; x_wconf 72' lang='grc' dir='ltr'>καλλονὴν</span> <span class='ocrx_word' id='word_1_264' title='bbox 1011 3285 1213 3340; x_wconf 83' lang='grc' dir='ltr'>αὐτῶν</span> <span class='ocrx_word' id='word_1_265' title='bbox 1237 3289 1324 3352; x_wconf 79' lang='grc' dir='ltr'><strong>εἰς</strong></span> <span class='ocrx_word' id='word_1_266' title='bbox 1349 3285 1550 3356; x_wconf 79' lang='grc' dir='ltr'>χεῖρας</span> <span class='ocrx_word' id='word_1_267' title='bbox 1575 3287 1829 3356; x_wconf 79' lang='grc' dir='ltr'>ἐχθροῦ;</span> 
     </span>
    </p>
   </div>
   <div class='ocr_carea' id='block_1_37' title="bbox 262 3378 1829 3451">
    <p class='ocr_par' dir='ltr' id='par_1_37' title="bbox 262 3378 1829 3451">
     <span class='ocr_line' id='line_1_37' title="bbox 262 3378 1829 3451; baseline 0 -19"><span class='ocrx_word' id='word_1_268' title='bbox 262 3379 425 3432; x_wconf 82' lang='grc' dir='ltr'>Ἀλλά</span> <span class='ocrx_word' id='word_1_269' title='bbox 452 3378 625 3433; x_wconf 86' lang='grc' dir='ltr'>ταῦτα</span> <span class='ocrx_word' id='word_1_270' title='bbox 670 3380 768 3449; x_wconf 84' lang='grc' dir='ltr'>μὲν</span> <span class='ocrx_word' id='word_1_271' title='bbox 812 3379 1126 3451; x_wconf 82' lang='grc' dir='ltr'>παρέδωκεν</span> <span class='ocrx_word' id='word_1_272' title='bbox 1161 3380 1240 3443; x_wconf 90' lang='grc' dir='ltr'><strong>εἰς</strong></span> <span class='ocrx_word' id='word_1_273' title='bbox 1267 3384 1455 3450; x_wconf 82' lang='grc' dir='ltr'>χεῖρας</span> <span class='ocrx_word' id='word_1_274' title='bbox 1488 3378 1704 3451; x_wconf 79' lang='grc' dir='ltr'>ἐχθροῦ,</span> <span class='ocrx_word' id='word_1_275' title='bbox 1739 3379 1829 3433; x_wconf 81' lang='grc' dir='ltr'><strong>τὸν</strong></span> 
     </span>
    </p>
   </div>
   <div class='ocr_carea' id='block_1_38' title="bbox 242 3470 1832 3544">
    <p class='ocr_par' dir='ltr' id='par_1_38' title="bbox 242 3470 1832 3544">
     <span class='ocr_line' id='line_1_38' title="bbox 242 3470 1832 3544; baseline 0 -18"><span class='ocrx_word' id='word_1_276' title='bbox 242 3473 307 3526; x_wconf 82' lang='grc' dir='ltr'>δὲ</span> <span class='ocrx_word' id='word_1_277' title='bbox 335 3472 463 3525; x_wconf 84' lang='grc' dir='ltr'>λαὸν</span> <span class='ocrx_word' id='word_1_278' title='bbox 510 3472 824 3544; x_wconf 73' lang='grc' dir='ltr'>συνέτριψεν</span> <span class='ocrx_word' id='word_1_279' title='bbox 862 3474 919 3524; x_wconf 78' lang='grc' dir='ltr'>ὲν</span> <span class='ocrx_word' id='word_1_280' title='bbox 963 3470 1226 3543; x_wconf 79' lang='grc' dir='ltr'>ῥομφαίᾳ.</span> <span class='ocrx_word' id='word_1_281' title='bbox 1278 3471 1367 3524; x_wconf 87' lang='grc' dir='ltr'><strong>Διό</strong></span> <span class='ocrx_word' id='word_1_282' title='bbox 1398 3471 1644 3525; x_wconf 82' lang='grc' dir='ltr'>λέλεκται</span> <span class='ocrx_word' id='word_1_283' title='bbox 1693 3473 1832 3527; x_wconf 87' lang='grc' dir='ltr'><strong>κατά</strong></span> 
     </span>
    </p>
   </div>
   <div class='ocr_carea' id='block_1_39' title="bbox 246 3562 1832 3635">
    <p class='ocr_par' dir='ltr' id='par_1_39' title="bbox 246 3562 1832 3635">
     <span class='ocr_line' id='line_1_39' title="bbox 246 3562 1832 3635; baseline 0.001 -19"><span class='ocrx_word' id='word_1_284' title='bbox 246 3565 341 3617; x_wconf 79' lang='grc' dir='ltr'><strong>τὸν</strong></span> <span class='ocrx_word' id='word_1_285' title='bbox 391 3563 714 3635; x_wconf 63' lang='grc' dir='ltr'>Σύμμαχονι</span> <span class='ocrx_word' id='word_1_286' title='bbox 766 3562 876 3618; x_wconf 77' lang='grc' dir='ltr'>Καὶ</span> <span class='ocrx_word' id='word_1_287' title='bbox 912 3563 1203 3628; x_wconf 77' lang='grc' dir='ltr'>ἐξέδωκεν</span> <span class='ocrx_word' id='word_1_288' title='bbox 1246 3566 1335 3629; x_wconf 82' lang='grc' dir='ltr'><strong>εἰς</strong></span> <span class='ocrx_word' id='word_1_289' title='bbox 1382 3564 1686 3634; x_wconf 82' lang='grc' dir='ltr'>μάχαιραν</span> <span class='ocrx_word' id='word_1_290' title='bbox 1726 3564 1832 3619; x_wconf 86' lang='grc' dir='ltr'><strong>τόν</strong></span> 
     </span>
    </p>
   </div>
   <div class='ocr_carea' id='block_1_40' title="bbox 245 3655 1831 3726">
    <p class='ocr_par' dir='ltr' id='par_1_40' title="bbox 245 3655 1831 3726">
     <span class='ocr_line' id='line_1_40' title="bbox 245 3655 1831 3726; baseline 0.001 -16"><span class='ocrx_word' id='word_1_291' title='bbox 245 3656 405 3710; x_wconf 69' lang='grc' dir='ltr'>λαόν</span> <span class='ocrx_word' id='word_1_292' title='bbox 428 3656 635 3719; x_wconf 81' lang='grc' dir='ltr'>αὑτοῦ,</span> <span class='ocrx_word' id='word_1_293' title='bbox 665 3655 760 3708; x_wconf 81' lang='grc' dir='ltr'>καὶ</span> <span class='ocrx_word' id='word_1_294' title='bbox 794 3655 908 3722; x_wconf 82' lang='grc' dir='ltr'>τὴν</span> <span class='ocrx_word' id='word_1_295' title='bbox 963 3656 1366 3725; x_wconf 78' lang='grc' dir='ltr'>κληρονομίαν</span> <span class='ocrx_word' id='word_1_296' title='bbox 1403 3657 1831 3726; x_wconf 80' lang='grc' dir='ltr'>αὐτοῦ’ὐπερί-</span> 
     </span>
    </p>
   </div>
   <div class='ocr_carea' id='block_1_41' title="bbox 246 3746 1832 3821">
    <p class='ocr_par' dir='ltr' id='par_1_41' title="bbox 246 3746 1832 3821">
     <span class='ocr_line' id='line_1_41' title="bbox 246 3746 1832 3821; baseline -0.001 -18"><span class='ocrx_word' id='word_1_297' title='bbox 246 3750 390 3803; x_wconf 75' lang='grc' dir='ltr'>ἃεν·</span> <span class='ocrx_word' id='word_1_298' title='bbox 424 3750 518 3802; x_wconf 71' lang='grc' dir='ltr'>καὶ</span> <span class='ocrx_word' id='word_1_299' title='bbox 558 3748 621 3820; x_wconf 84' lang='grc' dir='ltr'>δὴ</span> <span class='ocrx_word' id='word_1_300' title='bbox 660 3747 1005 3819; x_wconf 82' lang='grc' dir='ltr'>ὑπεριδόντος</span> <span class='ocrx_word' id='word_1_301' title='bbox 1046 3748 1242 3812; x_wconf 79' lang='grc' dir='ltr'>αὐτοὺς</span> <span class='ocrx_word' id='word_1_302' title='bbox 1289 3746 1383 3801; x_wconf 85' lang='grc' dir='ltr'><strong>τοῦ</strong></span> <span class='ocrx_word' id='word_1_303' title='bbox 1417 3748 1574 3813; x_wconf 86' lang='grc' dir='ltr'>Θεοῦ,</span> <span class='ocrx_word' id='word_1_304' title='bbox 1605 3749 1673 3803; x_wconf 89' lang='grc' dir='ltr'><strong>τά</strong></span> <span class='ocrx_word' id='word_1_305' title='bbox 1707 3749 1832 3821; x_wconf 76' lang='grc' dir='ltr'>ἑξῆς</span> 
     </span>
    </p>
   </div>
   <div class='ocr_carea' id='block_1_42' title="bbox 246 3839 1834 3909">
    <p class='ocr_par' dir='ltr' id='par_1_42' title="bbox 246 3839 1834 3909">
     <span class='ocr_line' id='line_1_42' title="bbox 246 3839 1834 3909; baseline 0.001 -14"><span class='ocrx_word' id='word_1_306' title='bbox 246 3840 482 3909; x_wconf 71' lang='grc' dir='ltr'>ἐγένετο.</span> <span class='ocrx_word' id='word_1_307' title='bbox 526 3840 661 3894; x_wconf 84' lang='grc' dir='ltr'>Τίνα</span> <span class='ocrx_word' id='word_1_308' title='bbox 704 3840 763 3893; x_wconf 82' lang='grc' dir='ltr'>δὲ</span> <span class='ocrx_word' id='word_1_309' title='bbox 804 3841 1013 3905; x_wconf 87' lang='grc' dir='ltr'>ταῦτα;</span> <span class='ocrx_word' id='word_1_310' title='bbox 1060 3839 1204 3906; x_wconf 83' lang='grc' dir='ltr'><strong>Τοὺς</strong></span> <span class='ocrx_word' id='word_1_311' title='bbox 1240 3841 1603 3909; x_wconf 86' lang='grc' dir='ltr'>νεανίσκους</span> <span class='ocrx_word' id='word_1_312' title='bbox 1636 3844 1834 3897; x_wconf 85' lang='grc' dir='ltr'>αὐτῶν</span> 
     </span>
    </p>
   </div>
   <div class='ocr_carea' id='block_1_43' title="bbox 245 3932 1834 4004">
    <p class='ocr_par' dir='ltr' id='par_1_43' title="bbox 245 3932 1834 4004">
     <span class='ocr_line' id='line_1_43' title="bbox 245 3932 1834 4004; baseline 0 -15"><span class='ocrx_word' id='word_1_313' title='bbox 245 3933 547 4004; x_wconf 69' lang='grc' dir='ltr'>κατέφαγε</span> <span class='ocrx_word' id='word_1_314' title='bbox 574 3932 712 4001; x_wconf 78' lang='grc' dir='ltr'>πῦρ,</span> <span class='ocrx_word' id='word_1_315' title='bbox 757 3934 854 3987; x_wconf 80' lang='grc' dir='ltr'>καὶ</span> <span class='ocrx_word' id='word_1_316' title='bbox 897 3936 959 3987; x_wconf 81' lang='grc' dir='ltr'>αἱ</span> <span class='ocrx_word' id='word_1_317' title='bbox 988 3932 1268 4000; x_wconf 80' lang='grc' dir='ltr'>παρθένοι</span> <span class='ocrx_word' id='word_1_318' title='bbox 1300 3933 1498 3988; x_wconf 82' lang='grc' dir='ltr'>αὐτῶν</span> <span class='ocrx_word' id='word_1_319' title='bbox 1528 3937 1637 3989; x_wconf 91' lang='grc' dir='ltr'>οὐκ</span> <span class='ocrx_word' id='word_1_320' title='bbox 1662 3936 1834 3989; x_wconf 83' lang='grc' dir='ltr'>ἐπεν-</span> 
     </span>
    </p>
   </div>
   <div class='ocr_carea' id='block_1_44' title="bbox 249 4025 1833 4096">
    <p class='ocr_par' dir='ltr' id='par_1_44' title="bbox 249 4025 1833 4096">
     <span class='ocr_line' id='line_1_44' title="bbox 249 4025 1833 4096; baseline -0.003 -12"><span class='ocrx_word' id='word_1_321' title='bbox 249 4026 547 4096; x_wconf 77' lang='grc' dir='ltr'>οήθησαν.</span> <span class='ocrx_word' id='word_1_322' title='bbox 588 4025 744 4079; x_wconf 85' lang='grc' dir='ltr'><strong>Κατά</strong></span> <span class='ocrx_word' id='word_1_323' title='bbox 766 4026 822 4079; x_wconf 79' lang='grc' dir='ltr'><strong>δὲ</strong></span> <span class='ocrx_word' id='word_1_324' title='bbox 860 4026 953 4079; x_wconf 82' lang='grc' dir='ltr'><strong>τὸν</strong></span> <span class='ocrx_word' id='word_1_325' title='bbox 990 4025 1244 4089; x_wconf 81' lang='grc' dir='ltr'>Ἀκύλαν,</span> <span class='ocrx_word' id='word_1_326' title='bbox 1282 4028 1405 4095; x_wconf 84' lang='grc' dir='ltr'><strong>Οὐχ</strong></span> <span class='ocrx_word' id='word_1_327' title='bbox 1443 4028 1833 4096; x_wconf 77' lang='grc' dir='ltr'>ὑπεμνήσθη-</span> 
     </span>
    </p>
   </div>
   <div class='ocr_carea' id='block_1_45' title="bbox 242 4117 1828 4188">
    <p class='ocr_par' dir='ltr' id='par_1_45' title="bbox 242 4117 1828 4188">
     <span class='ocr_line' id='line_1_45' title="bbox 242 4117 1828 4188; baseline -0.004 -15"><span class='ocrx_word' id='word_1_328' title='bbox 242 4133 406 4173; x_wconf 73' lang='lat' dir='ltr'><strong>a’ar&#39;</strong></span> <span class='ocrx_word' id='word_1_329' title='bbox 459 4117 599 4171; x_wconf 87' lang='grc' dir='ltr'><strong>κατά</strong></span> <span class='ocrx_word' id='word_1_330' title='bbox 640 4117 695 4169; x_wconf 78' lang='grc' dir='ltr'>δὲ</span> <span class='ocrx_word' id='word_1_331' title='bbox 737 4118 828 4170; x_wconf 74' lang='grc' dir='ltr'><strong>τὸν</strong></span> <span class='ocrx_word' id='word_1_332' title='bbox 878 4117 1193 4187; x_wconf 84' lang='grc' dir='ltr'>Σύμμαχον,</span> <span class='ocrx_word' id='word_1_333' title='bbox 1257 4119 1378 4170; x_wconf 83' lang='grc' dir='ltr'><strong>Οὐκ</strong></span> <span class='ocrx_word' id='word_1_334' title='bbox 1423 4118 1828 4188; x_wconf 82' lang='grc' dir='ltr'>ἐπῃνέθησαν,</span> 
     </span>
    </p>
   </div>
   <div class='ocr_carea' id='block_1_46' title="bbox 247 4205 1833 4281">
    <p class='ocr_par' dir='ltr' id='par_1_46' title="bbox 247 4205 1833 4281">
     <span class='ocr_line' id='line_1_46' title="bbox 247 4205 1833 4281; baseline 0.001 -18"><span class='ocrx_word' id='word_1_335' title='bbox 247 4208 449 4264; x_wconf 71' lang='grc' dir='ltr'>Οὐκέτι</span> <span class='ocrx_word' id='word_1_336' title='bbox 478 4207 585 4277; x_wconf 76' lang='grc' dir='ltr'>γὰρ</span> <span class='ocrx_word' id='word_1_337' title='bbox 632 4206 769 4277; x_wconf 83' lang='grc' dir='ltr'><strong>μετά</strong></span> <span class='ocrx_word' id='word_1_338' title='bbox 814 4205 998 4277; x_wconf 82' lang='grc' dir='ltr'>ὓμνων</span> <span class='ocrx_word' id='word_1_339' title='bbox 1038 4208 1131 4259; x_wconf 77' lang='grc' dir='ltr'><strong>καὶ</strong></span> <span class='ocrx_word' id='word_1_340' title='bbox 1172 4209 1407 4261; x_wconf 76' lang='grc' dir='ltr'>ἐπαίνων</span> <span class='ocrx_word' id='word_1_341' title='bbox 1446 4208 1688 4281; x_wconf 87' lang='grc' dir='ltr'>συνήθως</span> <span class='ocrx_word' id='word_1_342' title='bbox 1712 4215 1833 4276; x_wconf 85' lang='grc' dir='ltr'>ταῖς</span> 
     </span>
    </p>
   </div>
   <div class='ocr_carea' id='block_1_47' title="bbox 244 4299 1829 4373">
    <p class='ocr_par' dir='ltr' id='par_1_47' title="bbox 244 4299 1829 4373">
     <span class='ocr_line' id='line_1_47' title="bbox 244 4299 1829 4373; baseline 0.003 -20"><span class='ocrx_word' id='word_1_343' title='bbox 244 4300 625 4371; x_wconf 77' lang='grc' dir='ltr'>γαμουμέναις</span> <span class='ocrx_word' id='word_1_344' title='bbox 652 4299 996 4370; x_wconf 86' lang='grc' dir='ltr'>παρεδίδοντο</span> <span class='ocrx_word' id='word_1_345' title='bbox 1022 4299 1268 4369; x_wconf 77' lang='grc' dir='ltr'>ἀνδράσι,</span> <span class='ocrx_word' id='word_1_346' title='bbox 1297 4299 1437 4354; x_wconf 86' lang='grc' dir='ltr'><strong>κατά</strong></span> <span class='ocrx_word' id='word_1_347' title='bbox 1454 4300 1552 4373; x_wconf 82' lang='grc' dir='ltr'><strong>τὴν</strong></span> <span class='ocrx_word' id='word_1_348' title='bbox 1580 4302 1688 4356; x_wconf 89' lang='grc' dir='ltr'><strong>τῶν</strong></span> <span class='ocrx_word' id='word_1_349' title='bbox 1720 4303 1829 4357; x_wconf 84' lang='grc' dir='ltr'>λοι-</span> 
     </span>
    </p>
   </div>
   <div class='ocr_carea' id='block_1_48' title="bbox 248 4390 1829 4465">
    <p class='ocr_par' dir='ltr' id='par_1_48' title="bbox 248 4390 1829 4465">
     <span class='ocr_line' id='line_1_48' title="bbox 248 4390 1829 4465; baseline 0.003 -20"><span class='ocrx_word' id='word_1_350' title='bbox 248 4392 370 4445; x_wconf 81' lang='grc' dir='ltr'><strong>πῶν</strong></span> <span class='ocrx_word' id='word_1_351' title='bbox 391 4392 707 4462; x_wconf 78' lang='grc' dir='ltr'>ἑρμηνείαν,</span> <span class='ocrx_word' id='word_1_352' title='bbox 734 4391 823 4444; x_wconf 80' lang='grc' dir='ltr'>διὰ</span> <span class='ocrx_word' id='word_1_353' title='bbox 844 4391 939 4462; x_wconf 78' lang='grc' dir='ltr'><strong>τὴν</strong></span> <span class='ocrx_word' id='word_1_354' title='bbox 964 4390 1373 4445; x_wconf 85' lang='grc' dir='ltr'>καταλαϐοῦσαν</span> <span class='ocrx_word' id='word_1_355' title='bbox 1398 4394 1581 4458; x_wconf 83' lang='grc' dir='ltr'>αὐτοῖς</span> <span class='ocrx_word' id='word_1_356' title='bbox 1606 4394 1682 4465; x_wconf 81' lang='grc' dir='ltr'><strong>(ι)</strong></span> <span class='ocrx_word' id='word_1_357' title='bbox 1711 4396 1829 4449; x_wconf 86' lang='grc' dir='ltr'>τότε</span> 
     </span>
    </p>
   </div>
   <div class='ocr_carea' id='block_1_49' title="bbox 1930 528 3498 603">
    <p class='ocr_par' dir='ltr' id='par_1_49' title="bbox 1930 528 3498 603">
     <span class='ocr_line' id='line_1_49' title="bbox 1930 528 3498 603; baseline 0 -20"><span class='ocrx_word' id='word_1_358' title='bbox 1930 530 2073 585; x_wconf 84' lang='lat' dir='ltr'><strong>Deus</strong></span> <span class='ocrx_word' id='word_1_359' title='bbox 2101 542 2150 586; x_wconf 91' lang='lat' dir='ltr'><strong>et</strong></span> <span class='ocrx_word' id='word_1_360' title='bbox 2179 535 2392 603; x_wconf 83' lang='lat' dir='ltr'><strong>sprevit,</strong></span> <span class='ocrx_word' id='word_1_361' title='bbox 2446 533 2746 588; x_wconf 87' lang='lat' dir='ltr'><strong>secundum</strong></span> <span class='ocrx_word' id='word_1_362' title='bbox 2802 531 3055 601; x_wconf 78' lang='lat' dir='ltr'><strong>Aquilam</strong></span> <span class='ocrx_word' id='word_1_363' title='bbox 3100 545 3247 595; x_wconf 86' lang='lat' dir='ltr'><strong>vero,</strong></span> <span class='ocrx_word' id='word_1_364' title='bbox 3284 528 3353 583; x_wconf 85' lang='lat' dir='ltr'><strong>Et</strong></span> <span class='ocrx_word' id='word_1_365' title='bbox 3394 546 3498 584; x_wconf 92' lang='lat' dir='ltr'><strong>non</strong></span> 
     </span>
    </p>
   </div>
   <div class='ocr_carea' id='block_1_50' title="bbox 1928 622 3499 695">
    <p class='ocr_par' dir='ltr' id='par_1_50' title="bbox 1928 622 3499 695">
     <span class='ocr_line' id='line_1_50' title="bbox 1928 622 3499 695; baseline 0.001 -21"><span class='ocrx_word' id='word_1_366' title='bbox 1928 622 2159 687; x_wconf 74' lang='lat' dir='ltr'><strong>distulit,</strong></span> <span class='ocrx_word' id='word_1_367' title='bbox 2186 624 2394 679; x_wconf 90' lang='lat' dir='ltr'><strong>nullum</strong></span> <span class='ocrx_word' id='word_1_368' title='bbox 2423 625 2662 695; x_wconf 88' lang='lat' dir='ltr'><strong>spatium</strong></span> <span class='ocrx_word' id='word_1_369' title='bbox 2694 640 2870 695; x_wconf 86' lang='lat' dir='ltr'><strong>neque</strong></span> <span class='ocrx_word' id='word_1_370' title='bbox 2890 624 3208 678; x_wconf 73' lang='lat' dir='ltr'><strong>dilationem</strong></span> <span class='ocrx_word' id='word_1_371' title='bbox 3234 622 3343 677; x_wconf 90' lang='lat' dir='ltr'><strong>illis</strong></span> <span class='ocrx_word' id='word_1_372' title='bbox 3366 637 3499 676; x_wconf 90' lang='lat' dir='ltr'><strong>con-</strong></span> 
     </span>
    </p>
   </div>
   <div class='ocr_carea' id='block_1_51' title="bbox 1927 713 3499 787">
    <p class='ocr_par' dir='ltr' id='par_1_51' title="bbox 1927 713 3499 787">
     <span class='ocr_line' id='line_1_51' title="bbox 1927 713 3499 787; baseline 0.001 -20"><span class='ocrx_word' id='word_1_373' title='bbox 1927 714 2165 781; x_wconf 86' lang='lat' dir='ltr'><strong>cedens;</strong></span> <span class='ocrx_word' id='word_1_374' title='bbox 2213 716 2513 770; x_wconf 88' lang='lat' dir='ltr'><strong>secundum</strong></span> <span class='ocrx_word' id='word_1_375' title='bbox 2549 715 2934 787; x_wconf 80' lang='lat' dir='ltr'><strong>Symmachum</strong></span> <span class='ocrx_word' id='word_1_376' title='bbox 2965 731 3118 781; x_wconf 87' lang='lat' dir='ltr'><strong>vero,</strong></span> <span class='ocrx_word' id='word_1_377' title='bbox 3151 714 3219 768; x_wconf 80' lang='lat' dir='ltr'><strong>Et</strong></span> <span class='ocrx_word' id='word_1_378' title='bbox 3247 713 3499 783; x_wconf 61' lang='lat' dir='ltr'><strong>reprobo-</strong></span> 
     </span>
    </p>
   </div>
   <div class='ocr_carea' id='block_1_52' title="bbox 1928 806 3500 872">
    <p class='ocr_par' dir='ltr' id='par_1_52' title="bbox 1928 806 3500 872">
     <span class='ocr_line' id='line_1_52' title="bbox 1928 806 3500 872; baseline 0.001 -12"><span class='ocrx_word' id='word_1_379' title='bbox 1928 806 1999 860; x_wconf 84' lang='lat' dir='ltr'><strong>vit</strong></span> <span class='ocrx_word' id='word_1_380' title='bbox 2030 806 2180 861; x_wconf 89' lang='lat' dir='ltr'><strong>valde</strong></span> <span class='ocrx_word' id='word_1_381' title='bbox 2210 806 2402 863; x_wconf 84' lang='lat' dir='ltr'><strong>Israel.</strong></span> <span class='ocrx_word' id='word_1_382' title='bbox 2438 808 2528 863; x_wconf 87' lang='lat' dir='ltr'><strong>Sic</strong></span> <span class='ocrx_word' id='word_1_383' title='bbox 2558 817 2741 864; x_wconf 87' lang='lat' dir='ltr'><strong>autem</strong></span> <span class='ocrx_word' id='word_1_384' title='bbox 2775 809 2986 863; x_wconf 84' lang='lat' dir='ltr'><strong>audivit</strong></span> <span class='ocrx_word' id='word_1_385' title='bbox 3012 806 3177 872; x_wconf 86' lang='lat' dir='ltr'><strong>Deus,</strong></span> <span class='ocrx_word' id='word_1_386' title='bbox 3208 815 3269 862; x_wconf 91' lang='lat' dir='ltr'><strong>ut</strong></span> <span class='ocrx_word' id='word_1_387' title='bbox 3300 807 3369 863; x_wconf 91' lang='lat' dir='ltr'><strong>de</strong></span> <span class='ocrx_word' id='word_1_388' title='bbox 3398 806 3500 862; x_wconf 83' lang='lat' dir='ltr'><strong>So-</strong></span> 
     </span>
    </p>
   </div>
   <div class='ocr_carea' id='block_1_53' title="bbox 1926 895 3500 973">
    <p class='ocr_par' dir='ltr' id='par_1_53' title="bbox 1926 895 3500 973">
     <span class='ocr_line' id='line_1_53' title="bbox 1926 895 3500 973; baseline 0.001 -23"><span class='ocrx_word' id='word_1_389' title='bbox 1926 895 2151 952; x_wconf 89' lang='lat' dir='ltr'><strong>domitis</strong></span> <span class='ocrx_word' id='word_1_390' title='bbox 2194 898 2397 954; x_wconf 89' lang='lat' dir='ltr'><strong>dicitur</strong></span> <span class='ocrx_word' id='word_1_391' title='bbox 2442 918 2454 953; x_wconf 87' lang='lat'><strong>:</strong></span> <span class='ocrx_word' id='word_1_392' title='bbox 2517 899 2630 953; x_wconf 79' lang='lat' dir='ltr'><strong>Vox</strong></span> <span class='ocrx_word' id='word_1_393' title='bbox 2692 898 3042 954; x_wconf 86' lang='lat' dir='ltr'><strong>Sodomorum</strong></span> <span class='ocrx_word' id='word_1_394' title='bbox 3096 907 3145 951; x_wconf 91' lang='lat' dir='ltr'><strong>et</strong></span> <span class='ocrx_word' id='word_1_395' title='bbox 3195 896 3500 973; x_wconf 75' lang='lat' dir='ltr'><strong>Gomorrlia:</strong></span> 
     </span>
    </p>
   </div>
   <div class='ocr_carea' id='block_1_54' title="bbox 1927 987 3500 1059">
    <p class='ocr_par' dir='ltr' id='par_1_54' title="bbox 1927 987 3500 1059">
     <span class='ocr_line' id='line_1_54' title="bbox 1927 987 3500 1059; baseline 0 -20"><span class='ocrx_word' id='word_1_396' title='bbox 1927 987 2125 1040; x_wconf 87' lang='lat' dir='ltr'><strong>clamat</strong></span> <span class='ocrx_word' id='word_1_397' title='bbox 2174 989 2243 1042; x_wconf 85' lang='lat' dir='ltr'><strong>ad</strong></span> <span class='ocrx_word' id='word_1_398' title='bbox 2290 1005 2372 1044; x_wconf 91' lang='lat' dir='ltr'><strong>me</strong></span> <span class='ocrx_word' id='word_1_399' title='bbox 2394 989 2461 1045; x_wconf 85' lang='grc'><strong>⁸⁸.</strong></span> <span class='ocrx_word' id='word_1_400' title='bbox 2519 988 2809 1059; x_wconf 89' lang='lat' dir='ltr'><strong>lmpiorum</strong></span> <span class='ocrx_word' id='word_1_401' title='bbox 2863 990 3009 1044; x_wconf 85' lang='lat' dir='ltr'><strong>enim</strong></span> <span class='ocrx_word' id='word_1_402' title='bbox 3054 990 3138 1043; x_wconf 88' lang='lat' dir='ltr'><strong>vel</strong></span> <span class='ocrx_word' id='word_1_403' title='bbox 3182 988 3299 1058; x_wconf 89' lang='lat' dir='ltr'><strong>ipsa</strong></span> <span class='ocrx_word' id='word_1_404' title='bbox 3337 988 3500 1057; x_wconf 87' lang='lat' dir='ltr'><strong>impia</strong></span> 
     </span>
    </p>
   </div>
   <div class='ocr_carea' id='block_1_55' title="bbox 1926 1080 3500 1149">
    <p class='ocr_par' dir='ltr' id='par_1_55' title="bbox 1926 1080 3500 1149">
     <span class='ocr_line' id='line_1_55' title="bbox 1926 1080 3500 1149; baseline 0.001 -15"><span class='ocrx_word' id='word_1_405' title='bbox 1926 1089 2075 1149; x_wconf 88' lang='lat' dir='ltr'><strong>gesta</strong></span> <span class='ocrx_word' id='word_1_406' title='bbox 2125 1080 2365 1136; x_wconf 89' lang='lat' dir='ltr'><strong>clamant</strong></span> <span class='ocrx_word' id='word_1_407' title='bbox 2404 1089 2458 1137; x_wconf 91' lang='lat' dir='ltr'><strong>et</strong></span> <span class='ocrx_word' id='word_1_408' title='bbox 2494 1082 2884 1137; x_wconf 81' lang='lat' dir='ltr'><strong>vociferantur.</strong></span> <span class='ocrx_word' id='word_1_409' title='bbox 2917 1113 2986 1123; x_wconf 83' lang='lat'><strong>—-—</strong></span> <span class='ocrx_word' id='word_1_410' title='bbox 3015 1080 3184 1138; x_wconf 75' lang='lat' dir='ltr'><strong>Vsus.</strong></span> <span class='ocrx_word' id='word_1_411' title='bbox 3227 1081 3318 1137; x_wconf 84' lang='lat'><strong>60.</strong></span> <span class='ocrx_word' id='word_1_412' title='bbox 3372 1082 3500 1146; x_wconf 79' lang='lat' dir='ltr'><strong>Quae</strong></span> 
     </span>
    </p>
   </div>
   <div class='ocr_carea' id='block_1_56' title="bbox 1927 1170 3500 1241">
    <p class='ocr_par' dir='ltr' id='par_1_56' title="bbox 1927 1170 3500 1241">
     <span class='ocr_line' id='line_1_56' title="bbox 1927 1170 3500 1241; baseline -0.001 -18"><span class='ocrx_word' id='word_1_413' title='bbox 1927 1170 2155 1226; x_wconf 86' lang='lat' dir='ltr'><strong>audiens</strong></span> <span class='ocrx_word' id='word_1_414' title='bbox 2188 1171 2328 1227; x_wconf 87' lang='lat' dir='ltr'><strong>Deus</strong></span> <span class='ocrx_word' id='word_1_415' title='bbox 2358 1174 2548 1241; x_wconf 82' lang='lat' dir='ltr'><strong>repulit</strong></span> <span class='ocrx_word' id='word_1_416' title='bbox 2578 1172 2976 1228; x_wconf 86' lang='lat' dir='ltr'><strong>tabernaculum</strong></span> <span class='ocrx_word' id='word_1_417' title='bbox 3013 1171 3204 1237; x_wconf 87' lang='lat' dir='ltr'><strong>Silom,</strong></span> <span class='ocrx_word' id='word_1_418' title='bbox 3258 1171 3500 1225; x_wconf 80' lang='lat' dir='ltr'><strong>tabernu-</strong></span> 
     </span>
    </p>
   </div>
   <div class='ocr_carea' id='block_1_57' title="bbox 1926 1262 3502 1319">
    <p class='ocr_par' dir='ltr' id='par_1_57' title="bbox 1926 1262 3502 1319">
     <span class='ocr_line' id='line_1_57' title="bbox 1926 1262 3502 1319; baseline 0.001 -1"><span class='ocrx_word' id='word_1_419' title='bbox 1926 1265 2101 1319; x_wconf 85' lang='lat' dir='ltr'><strong>culum</strong></span> <span class='ocrx_word' id='word_1_420' title='bbox 2148 1264 2237 1318; x_wconf 87' lang='lat' dir='ltr'><strong>ubi</strong></span> <span class='ocrx_word' id='word_1_421' title='bbox 2286 1265 2541 1318; x_wconf 86' lang='lat' dir='ltr'><strong>habitavit</strong></span> <span class='ocrx_word' id='word_1_422' title='bbox 2587 1266 2642 1318; x_wconf 87' lang='lat' dir='ltr'><strong>in</strong></span> <span class='ocrx_word' id='word_1_423' title='bbox 2689 1264 3009 1319; x_wconf 84' lang='lat' dir='ltr'><strong>hominibus.</strong></span> <span class='ocrx_word' id='word_1_424' title='bbox 3059 1262 3197 1317; x_wconf 88' lang='lat' dir='ltr'><strong>Nam</strong></span> <span class='ocrx_word' id='word_1_425' title='bbox 3242 1263 3295 1317; x_wconf 91' lang='lat' dir='ltr'><strong>in</strong></span> <span class='ocrx_word' id='word_1_426' title='bbox 3333 1262 3502 1319; x_wconf 85' lang='lat' dir='ltr'><strong>Silom</strong></span> 
     </span>
    </p>
   </div>
   <div class='ocr_carea' id='block_1_58' title="bbox 1927 1355 3495 1426">
    <p class='ocr_par' dir='ltr' id='par_1_58' title="bbox 1927 1355 3495 1426">
     <span class='ocr_line' id='line_1_58' title="bbox 1927 1355 3495 1426; baseline -0.001 -17"><span class='ocrx_word' id='word_1_427' title='bbox 1927 1359 2160 1426; x_wconf 82' lang='lat' dir='ltr'><strong>primum</strong></span> <span class='ocrx_word' id='word_1_428' title='bbox 2195 1356 2347 1411; x_wconf 84' lang='lat' dir='ltr'><strong>stetit</strong></span> <span class='ocrx_word' id='word_1_429' title='bbox 2385 1355 2821 1418; x_wconf 88' lang='lat' dir='ltr'><strong>tabernaculum,</strong></span> <span class='ocrx_word' id='word_1_430' title='bbox 2867 1356 2925 1410; x_wconf 90' lang='lat' dir='ltr'><strong>in</strong></span> <span class='ocrx_word' id='word_1_431' title='bbox 2950 1371 3058 1426; x_wconf 88' lang='lat' dir='ltr'><strong>qua</strong></span> <span class='ocrx_word' id='word_1_432' title='bbox 3087 1370 3369 1409; x_wconf 88' lang='lat' dir='ltr'><strong>sacrorum</strong></span> <span class='ocrx_word' id='word_1_433' title='bbox 3404 1369 3495 1407; x_wconf 83' lang='lat' dir='ltr'><strong>an-</strong></span> 
     </span>
    </p>
   </div>
   <div class='ocr_carea' id='block_1_59' title="bbox 1928 1445 3501 1517">
    <p class='ocr_par' dir='ltr' id='par_1_59' title="bbox 1928 1445 3501 1517">
     <span class='ocr_line' id='line_1_59' title="bbox 1928 1445 3501 1517; baseline -0.004 -12"><span class='ocrx_word' id='word_1_434' title='bbox 1928 1450 2128 1506; x_wconf 85' lang='lat' dir='ltr'><strong>tistites</strong></span> <span class='ocrx_word' id='word_1_435' title='bbox 2157 1457 2315 1503; x_wconf 88' lang='lat' dir='ltr'><strong>erant</strong></span> <span class='ocrx_word' id='word_1_436' title='bbox 2343 1447 2457 1503; x_wconf 86' lang='lat' dir='ltr'><strong>Heli</strong></span> <span class='ocrx_word' id='word_1_437' title='bbox 2488 1456 2541 1502; x_wconf 84' lang='lat' dir='ltr'><strong>et</strong></span> <span class='ocrx_word' id='word_1_438' title='bbox 2574 1446 2816 1508; x_wconf 88' lang='lat' dir='ltr'><strong>Samuel.</strong></span> <span class='ocrx_word' id='word_1_439' title='bbox 2853 1455 2910 1501; x_wconf 89' lang='lat' dir='ltr'><strong>ut</strong></span> <span class='ocrx_word' id='word_1_440' title='bbox 2942 1448 3186 1502; x_wconf 84' lang='lat' dir='ltr'><strong>declarat</strong></span> <span class='ocrx_word' id='word_1_441' title='bbox 3216 1445 3501 1517; x_wconf 80' lang='lat' dir='ltr'><strong>Scriptura</strong></span> 
     </span>
    </p>
   </div>
   <div class='ocr_carea' id='block_1_60' title="bbox 1926 1539 3499 1614">
    <p class='ocr_par' dir='ltr' id='par_1_60' title="bbox 1926 1539 3499 1614">
     <span class='ocr_line' id='line_1_60' title="bbox 1926 1539 3499 1614; baseline -0.002 -19"><span class='ocrx_word' id='word_1_442' title='bbox 1926 1543 2315 1614; x_wconf 77' lang='lat' dir='ltr'><strong>Regnorum”.</strong></span> <span class='ocrx_word' id='word_1_443' title='bbox 2340 1542 2454 1596; x_wconf 88' lang='lat' dir='ltr'><strong>Hoc</strong></span> <span class='ocrx_word' id='word_1_444' title='bbox 2482 1544 2662 1613; x_wconf 85' lang='lat' dir='ltr'><strong>itaque</strong></span> <span class='ocrx_word' id='word_1_445' title='bbox 2684 1542 2918 1611; x_wconf 91' lang='lat' dir='ltr'><strong>primum</strong></span> <span class='ocrx_word' id='word_1_446' title='bbox 2949 1541 3003 1594; x_wconf 93' lang='lat' dir='ltr'><strong>in</strong></span> <span class='ocrx_word' id='word_1_447' title='bbox 3030 1539 3201 1593; x_wconf 90' lang='lat' dir='ltr'><strong>Silom</strong></span> <span class='ocrx_word' id='word_1_448' title='bbox 3234 1546 3499 1595; x_wconf 88' lang='lat' dir='ltr'><strong>statutum</strong></span> 
     </span>
    </p>
   </div>
   <div class='ocr_carea' id='block_1_61' title="bbox 1928 1631 3502 1707">
    <p class='ocr_par' dir='ltr' id='par_1_61' title="bbox 1928 1631 3502 1707">
     <span class='ocr_line' id='line_1_61' title="bbox 1928 1631 3502 1707; baseline -0.003 -18"><span class='ocrx_word' id='word_1_449' title='bbox 1928 1637 2342 1691; x_wconf 86' lang='lat' dir='ltr'><strong>tabernaculum</strong></span> <span class='ocrx_word' id='word_1_450' title='bbox 2394 1644 2619 1707; x_wconf 84' lang='lat' dir='ltr'><strong>propter</strong></span> <span class='ocrx_word' id='word_1_451' title='bbox 2674 1634 2983 1705; x_wconf 83' lang='lat' dir='ltr'><strong>impietates</strong></span> <span class='ocrx_word' id='word_1_452' title='bbox 3042 1648 3231 1688; x_wconf 90' lang='lat' dir='ltr'><strong>eorum</strong></span> <span class='ocrx_word' id='word_1_453' title='bbox 3284 1631 3502 1702; x_wconf 85' lang='lat' dir='ltr'><strong>repulit.</strong></span> 
     </span>
    </p>
   </div>
   <div class='ocr_carea' id='block_1_62' title="bbox 1928 1722 3502 1797">
    <p class='ocr_par' dir='ltr' id='par_1_62' title="bbox 1928 1722 3502 1797">
     <span class='ocr_line' id='line_1_62' title="bbox 1928 1722 3502 1797; baseline -0.002 -18"><span class='ocrx_word' id='word_1_454' title='bbox 1928 1725 2107 1792; x_wconf 87' lang='lat' dir='ltr'><strong>Quare</strong></span> <span class='ocrx_word' id='word_1_455' title='bbox 2153 1726 2449 1782; x_wconf 88' lang='lat' dir='ltr'><strong>secundum</strong></span> <span class='ocrx_word' id='word_1_456' title='bbox 2492 1726 2876 1797; x_wconf 83' lang='lat' dir='ltr'><strong>Symmachum</strong></span> <span class='ocrx_word' id='word_1_457' title='bbox 2925 1725 3126 1779; x_wconf 83' lang='lat' dir='ltr'><strong>dicitur</strong></span> <span class='ocrx_word' id='word_1_458' title='bbox 3156 1744 3168 1778; x_wconf 90' lang='lat'>:</span> <span class='ocrx_word' id='word_1_459' title='bbox 3204 1722 3273 1776; x_wconf 87' lang='lat' dir='ltr'><strong>Et</strong></span> <span class='ocrx_word' id='word_1_460' title='bbox 3312 1724 3502 1792; x_wconf 77' lang='lat' dir='ltr'><strong>abjeci:</strong></span> 
     </span>
    </p>
   </div>
   <div class='ocr_carea' id='block_1_63' title="bbox 1932 1813 3503 1883">
    <p class='ocr_par' dir='ltr' id='par_1_63' title="bbox 1932 1813 3503 1883">
     <span class='ocr_line' id='line_1_63' title="bbox 1932 1813 3503 1883; baseline -0.003 -14"><span class='ocrx_word' id='word_1_461' title='bbox 1932 1816 2327 1871; x_wconf 85' lang='lat' dir='ltr'><strong>tabernaculum</strong></span> <span class='ocrx_word' id='word_1_462' title='bbox 2374 1815 2567 1880; x_wconf 87' lang='lat' dir='ltr'><strong>Silam,</strong></span> <span class='ocrx_word' id='word_1_463' title='bbox 2610 1824 2661 1869; x_wconf 90' lang='lat' dir='ltr'><strong>et</strong></span> <span class='ocrx_word' id='word_1_464' title='bbox 2700 1814 3099 1870; x_wconf 82' lang='lat' dir='ltr'><strong>tabernaculum</strong></span> <span class='ocrx_word' id='word_1_465' title='bbox 3139 1813 3413 1883; x_wconf 82' lang='lat' dir='ltr'><strong>ﬁrmatum</strong></span> <span class='ocrx_word' id='word_1_466' title='bbox 3452 1813 3503 1864; x_wconf 90' lang='lat' dir='ltr'><strong>in</strong></span> 
     </span>
    </p>
   </div>
   <div class='ocr_carea' id='block_1_64' title="bbox 1927 1906 3474 1977">
    <p class='ocr_par' dir='ltr' id='par_1_64' title="bbox 1927 1906 3474 1977">
     <span class='ocr_line' id='line_1_64' title="bbox 1927 1906 3474 1977; baseline -0.002 -16"><span class='ocrx_word' id='word_1_467' title='bbox 1927 1909 2247 1965; x_wconf 80' lang='lat' dir='ltr'><strong>hominibus.</strong></span> <span class='ocrx_word' id='word_1_468' title='bbox 2278 1909 2562 1977; x_wconf 86' lang='lat' dir='ltr'><strong>Quomodo</strong></span> <span class='ocrx_word' id='word_1_469' title='bbox 2596 1918 2775 1964; x_wconf 84' lang='lat' dir='ltr'><strong>autem</strong></span> <span class='ocrx_word' id='word_1_470' title='bbox 2808 1908 3122 1963; x_wconf 88' lang='lat' dir='ltr'><strong>hominibus</strong></span> <span class='ocrx_word' id='word_1_471' title='bbox 3157 1906 3353 1961; x_wconf 88' lang='lat' dir='ltr'><strong>tradita</strong></span> <span class='ocrx_word' id='word_1_472' title='bbox 3385 1906 3474 1960; x_wconf 84' lang='lat' dir='ltr'><strong>fue</strong></span> 
     </span>
    </p>
   </div>
   <div class='ocr_carea' id='block_1_65' title="bbox 1929 1998 3501 2073">
    <p class='ocr_par' dir='ltr' id='par_1_65' title="bbox 1929 1998 3501 2073">
     <span class='ocr_line' id='line_1_65' title="bbox 1929 1998 3501 2073; baseline -0.003 -17"><span class='ocrx_word' id='word_1_473' title='bbox 1929 2003 2001 2056; x_wconf 90' lang='lat' dir='ltr'><strong>rit</strong></span> <span class='ocrx_word' id='word_1_474' title='bbox 2037 2017 2165 2057; x_wconf 84' lang='lat' dir='ltr'><strong>arca</strong></span> <span class='ocrx_word' id='word_1_475' title='bbox 2209 2002 2277 2057; x_wconf 91' lang='lat' dir='ltr'><strong>ob</strong></span> <span class='ocrx_word' id='word_1_476' title='bbox 2316 2003 2621 2073; x_wconf 88' lang='lat' dir='ltr'><strong>impietates</strong></span> <span class='ocrx_word' id='word_1_477' title='bbox 2657 2001 2865 2073; x_wconf 88' lang='lat' dir='ltr'><strong>populi,</strong></span> <span class='ocrx_word' id='word_1_478' title='bbox 2898 2008 2952 2055; x_wconf 89' lang='lat' dir='ltr'><strong>et</strong></span> <span class='ocrx_word' id='word_1_479' title='bbox 2985 2000 3261 2071; x_wconf 89' lang='lat' dir='ltr'><strong>quomodo</strong></span> <span class='ocrx_word' id='word_1_480' title='bbox 3292 1998 3501 2053; x_wconf 88' lang='lat' dir='ltr'><strong>inimici</strong></span> 
     </span>
    </p>
   </div>
   <div class='ocr_carea' id='block_1_66' title="bbox 1928 2088 3504 2161">
    <p class='ocr_par' dir='ltr' id='par_1_66' title="bbox 1928 2088 3504 2161">
     <span class='ocr_line' id='line_1_66' title="bbox 1928 2088 3504 2161; baseline -0.003 -16"><span class='ocrx_word' id='word_1_481' title='bbox 1928 2092 2176 2161; x_wconf 88' lang='lat' dir='ltr'><strong>ceperint</strong></span> <span class='ocrx_word' id='word_1_482' title='bbox 2232 2092 2403 2155; x_wconf 89' lang='lat' dir='ltr'><strong>illam,</strong></span> <span class='ocrx_word' id='word_1_483' title='bbox 2459 2092 2897 2161; x_wconf 85' lang='lat' dir='ltr'><strong>abduxerintque</strong></span> <span class='ocrx_word' id='word_1_484' title='bbox 2952 2105 3178 2156; x_wconf 86' lang='lat' dir='ltr'><strong>secum;</strong></span> <span class='ocrx_word' id='word_1_485' title='bbox 3236 2088 3330 2143; x_wconf 83' lang='lat' dir='ltr'><strong>ﬁlii</strong></span> <span class='ocrx_word' id='word_1_486' title='bbox 3377 2103 3504 2142; x_wconf 75' lang='lat' dir='ltr'><strong>vero</strong></span> 
     </span>
    </p>
   </div>
   <div class='ocr_carea' id='block_1_67' title="bbox 1929 2179 3503 2255">
    <p class='ocr_par' dir='ltr' id='par_1_67' title="bbox 1929 2179 3503 2255">
     <span class='ocr_line' id='line_1_67' title="bbox 1929 2179 3503 2255; baseline -0.003 -16"><span class='ocrx_word' id='word_1_487' title='bbox 1929 2185 2097 2239; x_wconf 87' lang='lat' dir='ltr'><strong>Israel</strong></span> <span class='ocrx_word' id='word_1_488' title='bbox 2123 2185 2176 2238; x_wconf 90' lang='lat' dir='ltr'><strong>in</strong></span> <span class='ocrx_word' id='word_1_489' title='bbox 2204 2183 2386 2255; x_wconf 82' lang='lat' dir='ltr'><strong>fugam</strong></span> <span class='ocrx_word' id='word_1_490' title='bbox 2415 2185 2558 2240; x_wconf 88' lang='lat' dir='ltr'><strong>versi</strong></span> <span class='ocrx_word' id='word_1_491' title='bbox 2601 2184 2732 2249; x_wconf 88' lang='lat' dir='ltr'><strong>sint,</strong></span> <span class='ocrx_word' id='word_1_492' title='bbox 2765 2183 2861 2237; x_wconf 82' lang='lat' dir='ltr'><strong>lilii</strong></span> <span class='ocrx_word' id='word_1_493' title='bbox 2901 2182 3021 2238; x_wconf 82' lang='lat' dir='ltr'><strong>Heli</strong></span> <span class='ocrx_word' id='word_1_494' title='bbox 3066 2182 3159 2251; x_wconf 92' lang='lat' dir='ltr'><strong>qui</strong></span> <span class='ocrx_word' id='word_1_495' title='bbox 3195 2179 3503 2235; x_wconf 83' lang='lat' dir='ltr'><strong>sacerdotes</strong></span> 
     </span>
    </p>
   </div>
   <div class='ocr_carea' id='block_1_68' title="bbox 1927 2272 3503 2347">
    <p class='ocr_par' dir='ltr' id='par_1_68' title="bbox 1927 2272 3503 2347">
     <span class='ocr_line' id='line_1_68' title="bbox 1927 2272 3503 2347; baseline -0.003 -15"><span class='ocrx_word' id='word_1_496' title='bbox 1927 2284 2083 2332; x_wconf 89' lang='lat' dir='ltr'><strong>erant</strong></span> <span class='ocrx_word' id='word_1_497' title='bbox 2127 2277 2447 2343; x_wconf 83' lang='lat' dir='ltr'><strong>ceciderint,</strong></span> <span class='ocrx_word' id='word_1_498' title='bbox 2493 2292 2793 2347; x_wconf 90' lang='lat' dir='ltr'><strong>eorumque</strong></span> <span class='ocrx_word' id='word_1_499' title='bbox 2836 2285 3009 2345; x_wconf 86' lang='lat' dir='ltr'><strong>pater,</strong></span> <span class='ocrx_word' id='word_1_500' title='bbox 3033 2283 3258 2343; x_wconf 88' lang='lat' dir='ltr'><strong>accepto</strong></span> <span class='ocrx_word' id='word_1_501' title='bbox 3286 2273 3352 2328; x_wconf 83' lang='lat' dir='ltr'><strong>de</strong></span> <span class='ocrx_word' id='word_1_502' title='bbox 3383 2272 3503 2327; x_wconf 83' lang='lat' dir='ltr'><strong>tiliis</strong></span> 
     </span>
    </p>
   </div>
   <div class='ocr_carea' id='block_1_69' title="bbox 1932 2363 3504 2437">
    <p class='ocr_par' dir='ltr' id='par_1_69' title="bbox 1932 2363 3504 2437">
     <span class='ocr_line' id='line_1_69' title="bbox 1932 2363 3504 2437; baseline -0.003 -16"><span class='ocrx_word' id='word_1_503' title='bbox 1932 2368 2140 2434; x_wconf 90' lang='lat' dir='ltr'><strong>nuntio,</strong></span> <span class='ocrx_word' id='word_1_504' title='bbox 2188 2368 2432 2437; x_wconf 86' lang='lat' dir='ltr'><strong>perierit,</strong></span> <span class='ocrx_word' id='word_1_505' title='bbox 2492 2375 2679 2421; x_wconf 91' lang='lat' dir='ltr'><strong>narrat</strong></span> <span class='ocrx_word' id='word_1_506' title='bbox 2728 2366 2942 2437; x_wconf 90' lang='lat' dir='ltr'><strong>primus</strong></span> <span class='ocrx_word' id='word_1_507' title='bbox 2992 2364 3305 2436; x_wconf 80' lang='lat' dir='ltr'><strong>Regnorum</strong></span> <span class='ocrx_word' id='word_1_508' title='bbox 3348 2363 3504 2417; x_wconf 85' lang='lat' dir='ltr'><strong>liber.</strong></span> 
     </span>
    </p>
   </div>
   <div class='ocr_carea' id='block_1_70' title="bbox 1929 2455 3504 2530">
    <p class='ocr_par' dir='ltr' id='par_1_70' title="bbox 1929 2455 3504 2530">
     <span class='ocr_line' id='line_1_70' title="bbox 1929 2455 3504 2530; baseline -0.003 -18"><span class='ocrx_word' id='word_1_509' title='bbox 1929 2460 2273 2530; x_wconf 88' lang='lat' dir='ltr'><strong>Quapropter</strong></span> <span class='ocrx_word' id='word_1_510' title='bbox 2310 2460 2397 2513; x_wconf 89' lang='lat' dir='ltr'><strong>hic</strong></span> <span class='ocrx_word' id='word_1_511' title='bbox 2444 2460 2688 2514; x_wconf 87' lang='lat' dir='ltr'><strong>dicitur:</strong></span> <span class='ocrx_word' id='word_1_512' title='bbox 2740 2458 2810 2511; x_wconf 84' lang='lat' dir='ltr'><strong>Et</strong></span> <span class='ocrx_word' id='word_1_513' title='bbox 2863 2458 3053 2525; x_wconf 86' lang='lat' dir='ltr'><strong>repulit</strong></span> <span class='ocrx_word' id='word_1_514' title='bbox 3105 2455 3504 2509; x_wconf 81' lang='lat' dir='ltr'><strong>tabernaculum</strong></span> 
     </span>
    </p>
   </div>
   <div class='ocr_carea' id='block_1_71' title="bbox 1929 2547 3492 2616">
    <p class='ocr_par' dir='ltr' id='par_1_71' title="bbox 1929 2547 3492 2616">
     <span class='ocr_line' id='line_1_71' title="bbox 1929 2547 3492 2616; baseline -0.003 -13"><span class='ocrx_word' id='word_1_515' title='bbox 1929 2550 2063 2616; x_wconf 83' lang='lat' dir='ltr'><strong>Silo,</strong></span> <span class='ocrx_word' id='word_1_516' title='bbox 2111 2549 2509 2603; x_wconf 81' lang='lat' dir='ltr'><strong>tabernaculum</strong></span> <span class='ocrx_word' id='word_1_517' title='bbox 2556 2549 2646 2602; x_wconf 89' lang='lat' dir='ltr'><strong>ubi</strong></span> <span class='ocrx_word' id='word_1_518' title='bbox 2690 2548 2948 2601; x_wconf 85' lang='lat' dir='ltr'><strong>habitavit</strong></span> <span class='ocrx_word' id='word_1_519' title='bbox 2988 2549 3042 2601; x_wconf 87' lang='lat' dir='ltr'><strong>in</strong></span> <span class='ocrx_word' id='word_1_520' title='bbox 3086 2547 3406 2600; x_wconf 83' lang='lat' dir='ltr'><strong>hominibus.</strong></span> <span class='ocrx_word' id='word_1_521' title='bbox 3438 2575 3492 2586; x_wconf 91' lang='lat'><strong>-</strong></span> 
     </span>
    </p>
   </div>
   <div class='ocr_carea' id='block_1_72' title="bbox 1928 2642 3504 2710">
    <p class='ocr_par' dir='ltr' id='par_1_72' title="bbox 1928 2642 3504 2710">
     <span class='ocr_line' id='line_1_72' title="bbox 1928 2642 3504 2710; baseline -0.003 -13"><span class='ocrx_word' id='word_1_522' title='bbox 1928 2643 2096 2699; x_wconf 69' lang='lat' dir='ltr'><strong>Vens.</strong></span> <span class='ocrx_word' id='word_1_523' title='bbox 2123 2643 2213 2698; x_wconf 78' lang='grc'><strong>61.</strong></span> <span class='ocrx_word' id='word_1_524' title='bbox 2240 2642 2308 2697; x_wconf 86' lang='lat' dir='ltr'><strong>Et</strong></span> <span class='ocrx_word' id='word_1_525' title='bbox 2336 2643 2560 2697; x_wconf 88' lang='lat' dir='ltr'><strong>tradidit</strong></span> <span class='ocrx_word' id='word_1_526' title='bbox 2582 2644 2637 2696; x_wconf 89' lang='lat' dir='ltr'><strong>in</strong></span> <span class='ocrx_word' id='word_1_527' title='bbox 2664 2642 3023 2710; x_wconf 84' lang='lat' dir='ltr'><strong>captivitatem</strong></span> <span class='ocrx_word' id='word_1_528' title='bbox 3040 2642 3280 2695; x_wconf 85' lang='lat' dir='ltr'><strong>virtutem</strong></span> <span class='ocrx_word' id='word_1_529' title='bbox 3302 2655 3504 2692; x_wconf 87' lang='lat' dir='ltr'><strong>eorum.</strong></span> 
     </span>
    </p>
   </div>
   <div class='ocr_carea' id='block_1_73' title="bbox 1928 2731 3503 2804">
    <p class='ocr_par' dir='ltr' id='par_1_73' title="bbox 1928 2731 3503 2804">
     <span class='ocr_line' id='line_1_73' title="bbox 1928 2731 3503 2804; baseline -0.004 -15"><span class='ocrx_word' id='word_1_530' title='bbox 1928 2735 2033 2790; x_wconf 85' lang='lat' dir='ltr'><strong>Pro</strong></span> <span class='ocrx_word' id='word_1_531' title='bbox 2068 2736 2162 2790; x_wconf 91' lang='lat' dir='ltr'><strong>illo</strong></span> <span class='ocrx_word' id='word_1_532' title='bbox 2196 2745 2402 2800; x_wconf 89' lang='lat' dir='ltr'><strong>autem,</strong></span> <span class='ocrx_word' id='word_1_533' title='bbox 2428 2737 2673 2789; x_wconf 86' lang='lat' dir='ltr'><strong>virtutem</strong></span> <span class='ocrx_word' id='word_1_534' title='bbox 2717 2753 2919 2798; x_wconf 67' lang='lat' dir='ltr'><strong>eorum,</strong></span> <span class='ocrx_word' id='word_1_535' title='bbox 2965 2735 3184 2804; x_wconf 87' lang='lat' dir='ltr'><strong>Aquila,</strong></span> <span class='ocrx_word' id='word_1_536' title='bbox 3226 2731 3385 2784; x_wconf 87' lang='lat' dir='ltr'><strong>robur</strong></span> <span class='ocrx_word' id='word_1_537' title='bbox 3420 2747 3503 2784; x_wconf 85' lang='lat' dir='ltr'><strong>eo-</strong></span> 
     </span>
    </p>
   </div>
   <div class='ocr_carea' id='block_1_74' title="bbox 1928 2822 3502 2893">
    <p class='ocr_par' dir='ltr' id='par_1_74' title="bbox 1928 2822 3502 2893">
     <span class='ocr_line' id='line_1_74' title="bbox 1928 2822 3502 2893; baseline -0.004 -16"><span class='ocrx_word' id='word_1_538' title='bbox 1928 2840 2067 2887; x_wconf 89' lang='lat' dir='ltr'><strong>rum,</strong></span> <span class='ocrx_word' id='word_1_539' title='bbox 2113 2825 2500 2893; x_wconf 84' lang='lat' dir='ltr'><strong>interpretatus</strong></span> <span class='ocrx_word' id='word_1_540' title='bbox 2548 2834 2651 2880; x_wconf 88' lang='lat' dir='ltr'><strong>est.</strong></span> <span class='ocrx_word' id='word_1_541' title='bbox 2677 2822 2867 2879; x_wconf 80' lang='lat' dir='ltr'><strong>Robur</strong></span> <span class='ocrx_word' id='word_1_542' title='bbox 2908 2832 3117 2889; x_wconf 88' lang='lat' dir='ltr'><strong>autem,</strong></span> <span class='ocrx_word' id='word_1_543' title='bbox 3155 2824 3408 2876; x_wconf 87' lang='lat' dir='ltr'><strong>virtutem</strong></span> <span class='ocrx_word' id='word_1_544' title='bbox 3453 2829 3502 2875; x_wconf 86' lang='lat' dir='ltr'><strong>et</strong></span> 
     </span>
    </p>
   </div>
   <div class='ocr_carea' id='block_1_75' title="bbox 1930 2914 3504 2987">
    <p class='ocr_par' dir='ltr' id='par_1_75' title="bbox 1930 2914 3504 2987">
     <span class='ocr_line' id='line_1_75' title="bbox 1930 2914 3504 2987; baseline -0.002 -16"><span class='ocrx_word' id='word_1_545' title='bbox 1930 2917 2413 2987; x_wconf 82' lang='lat' dir='ltr'><strong>pulchritudinem,</strong></span> <span class='ocrx_word' id='word_1_546' title='bbox 2462 2917 2517 2971; x_wconf 93' lang='lat' dir='ltr'><strong>in</strong></span> <span class='ocrx_word' id='word_1_547' title='bbox 2565 2917 2933 2986; x_wconf 89' lang='lat' dir='ltr'><strong>captivitatem</strong></span> <span class='ocrx_word' id='word_1_548' title='bbox 2977 2925 3032 2971; x_wconf 89' lang='lat' dir='ltr'><strong>et</strong></span> <span class='ocrx_word' id='word_1_549' title='bbox 3077 2916 3132 2969; x_wconf 92' lang='lat' dir='ltr'><strong>in</strong></span> <span class='ocrx_word' id='word_1_550' title='bbox 3169 2931 3366 2969; x_wconf 88' lang='lat' dir='ltr'><strong>manus</strong></span> <span class='ocrx_word' id='word_1_551' title='bbox 3398 2914 3504 2968; x_wconf 86' lang='lat' dir='ltr'><strong>ini-</strong></span> 
     </span>
    </p>
   </div>
   <div class='ocr_carea' id='block_1_76' title="bbox 1929 3010 3505 3080">
    <p class='ocr_par' dir='ltr' id='par_1_76' title="bbox 1929 3010 3505 3080">
     <span class='ocr_line' id='line_1_76' title="bbox 1929 3010 3505 3080; baseline -0.001 -17"><span class='ocrx_word' id='word_1_552' title='bbox 1929 3010 2057 3064; x_wconf 91' lang='lat' dir='ltr'><strong>mici</strong></span> <span class='ocrx_word' id='word_1_553' title='bbox 2096 3010 2323 3075; x_wconf 85' lang='lat' dir='ltr'><strong>tradita,</strong></span> <span class='ocrx_word' id='word_1_554' title='bbox 2353 3025 2475 3080; x_wconf 66' lang='lat' dir='ltr'><strong>qum</strong></span> <span class='ocrx_word' id='word_1_555' title='bbox 2503 3010 2707 3066; x_wconf 76' lang='lat' dir='ltr'><strong>dixeris</strong></span> <span class='ocrx_word' id='word_1_556' title='bbox 2745 3026 2892 3074; x_wconf 90' lang='lat' dir='ltr'><strong>esse,</strong></span> <span class='ocrx_word' id='word_1_557' title='bbox 2938 3010 3046 3064; x_wconf 90' lang='lat' dir='ltr'><strong>nisi</strong></span> <span class='ocrx_word' id='word_1_558' title='bbox 3089 3024 3296 3073; x_wconf 88' lang='lat' dir='ltr'><strong>arcam,</strong></span> <span class='ocrx_word' id='word_1_559' title='bbox 3342 3024 3505 3078; x_wconf 81' lang='lat' dir='ltr'><strong>quam</strong></span> 
     </span>
    </p>
   </div>
   <div class='ocr_carea' id='block_1_77' title="bbox 1930 3091 3497 3170">
    <p class='ocr_par' dir='ltr' id='par_1_77' title="bbox 1930 3091 3497 3170">
     <span class='ocr_line' id='line_1_77' title="bbox 1930 3091 3497 3170; baseline -0.003 -13"><span class='ocrx_word' id='word_1_560' title='bbox 1930 3091 2030 3157; x_wconf 25' lang='lat' dir='ltr'><strong>hic.</strong></span> <span class='ocrx_word' id='word_1_561' title='bbox 2065 3118 2247 3159; x_wconf 88' lang='lat' dir='ltr'><strong>sermo</strong></span> <span class='ocrx_word' id='word_1_562' title='bbox 2298 3103 2613 3159; x_wconf 87' lang='lat' dir='ltr'><strong>subindicat</strong></span> <span class='ocrx_word' id='word_1_563' title='bbox 2652 3105 2860 3167; x_wconf 89' lang='lat' dir='ltr'><strong>dicens,</strong></span> <span class='ocrx_word' id='word_1_564' title='bbox 2898 3103 2963 3157; x_wconf 86' lang='lat' dir='ltr'><strong>Et</strong></span> <span class='ocrx_word' id='word_1_565' title='bbox 2996 3101 3215 3156; x_wconf 84' lang='lat' dir='ltr'><strong>tradidit</strong></span> <span class='ocrx_word' id='word_1_566' title='bbox 3252 3103 3307 3154; x_wconf 89' lang='lat' dir='ltr'><strong>in</strong></span> <span class='ocrx_word' id='word_1_567' title='bbox 3338 3103 3497 3170; x_wconf 82' lang='lat' dir='ltr'><strong>capti-</strong></span> 
     </span>
    </p>
   </div>
   <div class='ocr_carea' id='block_1_78' title="bbox 1931 3196 3551 3266">
    <p class='ocr_par' dir='ltr' id='par_1_78' title="bbox 1931 3196 3551 3266">
     <span class='ocr_line' id='line_1_78' title="bbox 1931 3196 3551 3266; baseline -0.002 -16"><span class='ocrx_word' id='word_1_568' title='bbox 1931 3197 2143 3251; x_wconf 82' lang='lat' dir='ltr'><strong>vitalem</strong></span> <span class='ocrx_word' id='word_1_569' title='bbox 2175 3197 2416 3251; x_wconf 87' lang='lat' dir='ltr'><strong>virtutem</strong></span> <span class='ocrx_word' id='word_1_570' title='bbox 2458 3214 2662 3261; x_wconf 87' lang='lat' dir='ltr'><strong>eorum,</strong></span> <span class='ocrx_word' id='word_1_571' title='bbox 2696 3205 2746 3251; x_wconf 89' lang='lat' dir='ltr'><strong>et</strong></span> <span class='ocrx_word' id='word_1_572' title='bbox 2773 3196 3212 3266; x_wconf 85' lang='lat' dir='ltr'><strong>pulchritudinem</strong></span> <span class='ocrx_word' id='word_1_573' title='bbox 3244 3212 3423 3251; x_wconf 88' lang='lat' dir='ltr'><strong>eorum</strong></span> <span class='ocrx_word' id='word_1_574' title='bbox 3454 3196 3506 3249; x_wconf 91' lang='lat' dir='ltr'><strong>in</strong></span> <span class='ocrx_word' id='word_1_575' title='bbox 3546 3204 3551 3212; x_wconf 90' lang='lat'>&#39;</span> 
     </span>
    </p>
   </div>
   <div class='ocr_carea' id='block_1_79' title="bbox 1930 3290 3487 3363">
    <p class='ocr_par' dir='ltr' id='par_1_79' title="bbox 1930 3290 3487 3363">
     <span class='ocr_line' id='line_1_79' title="bbox 1930 3290 3487 3363; baseline 0 -18"><span class='ocrx_word' id='word_1_576' title='bbox 1930 3308 2122 3345; x_wconf 87' lang='lat' dir='ltr'><strong>manus</strong></span> <span class='ocrx_word' id='word_1_577' title='bbox 2144 3292 2345 3346; x_wconf 88' lang='lat' dir='ltr'><strong>inimici</strong></span> <span class='ocrx_word' id='word_1_578' title='bbox 2362 3290 2625 3348; x_wconf 77' lang='lat' dir='ltr'><strong>?—Vt-:Rs.</strong></span> <span class='ocrx_word' id='word_1_579' title='bbox 2651 3292 2831 3347; x_wconf 66' lang='lat'><strong>62-64.</strong></span> <span class='ocrx_word' id='word_1_580' title='bbox 2850 3290 2953 3346; x_wconf 87' lang='lat' dir='ltr'><strong>Sed</strong></span> <span class='ocrx_word' id='word_1_581' title='bbox 2976 3293 3089 3346; x_wconf 64' lang='lat' dir='ltr'><strong>haec</strong></span> <span class='ocrx_word' id='word_1_582' title='bbox 3106 3291 3323 3363; x_wconf 88' lang='lat' dir='ltr'><strong>quidem</strong></span> <span class='ocrx_word' id='word_1_583' title='bbox 3343 3290 3487 3345; x_wconf 86' lang='lat' dir='ltr'><strong>tradi</strong></span> 
     </span>
    </p>
   </div>
   <div class='ocr_carea' id='block_1_80' title="bbox 1932 3386 3506 3459">
    <p class='ocr_par' dir='ltr' id='par_1_80' title="bbox 1932 3386 3506 3459">
     <span class='ocr_line' id='line_1_80' title="bbox 1932 3386 3506 3459; baseline 0.001 -20"><span class='ocrx_word' id='word_1_584' title='bbox 1932 3386 2080 3441; x_wconf 87' lang='lat' dir='ltr'><strong>ditin</strong></span> <span class='ocrx_word' id='word_1_585' title='bbox 2097 3402 2293 3442; x_wconf 82' lang='lat' dir='ltr'><strong>manus</strong></span> <span class='ocrx_word' id='word_1_586' title='bbox 2321 3387 2553 3452; x_wconf 87' lang='lat' dir='ltr'><strong>inimici,</strong></span> <span class='ocrx_word' id='word_1_587' title='bbox 2572 3388 2830 3459; x_wconf 75' lang='lat' dir='ltr'><strong>pupulum</strong></span> <span class='ocrx_word' id='word_1_588' title='bbox 2852 3403 2980 3442; x_wconf 86' lang='lat' dir='ltr'><strong>vero</strong></span> <span class='ocrx_word' id='word_1_589' title='bbox 3008 3386 3266 3441; x_wconf 79' lang='lat' dir='ltr'><strong>contrivit</strong></span> <span class='ocrx_word' id='word_1_590' title='bbox 3300 3386 3506 3457; x_wconf 89' lang='lat' dir='ltr'><strong>gladio.</strong></span> 
     </span>
    </p>
   </div>
   <div class='ocr_carea' id='block_1_81' title="bbox 1931 3473 3507 3548">
    <p class='ocr_par' dir='ltr' id='par_1_81' title="bbox 1931 3473 3507 3548">
     <span class='ocr_line' id='line_1_81' title="bbox 1931 3473 3507 3548; baseline -0.002 -19"><span class='ocrx_word' id='word_1_591' title='bbox 1931 3476 2057 3532; x_wconf 90' lang='lat' dir='ltr'><strong>Ideo</strong></span> <span class='ocrx_word' id='word_1_592' title='bbox 2084 3478 2383 3533; x_wconf 89' lang='lat' dir='ltr'><strong>secundum</strong></span> <span class='ocrx_word' id='word_1_593' title='bbox 2419 3476 2805 3548; x_wconf 86' lang='lat' dir='ltr'><strong>Symmachum</strong></span> <span class='ocrx_word' id='word_1_594' title='bbox 2840 3476 3081 3531; x_wconf 84' lang='lat' dir='ltr'><strong>dicitur:</strong></span> <span class='ocrx_word' id='word_1_595' title='bbox 3113 3473 3181 3528; x_wconf 88' lang='lat' dir='ltr'><strong>Et</strong></span> <span class='ocrx_word' id='word_1_596' title='bbox 3207 3473 3431 3528; x_wconf 86' lang='lat' dir='ltr'><strong>tradidit</strong></span> <span class='ocrx_word' id='word_1_597' title='bbox 3455 3474 3507 3526; x_wconf 89' lang='lat' dir='ltr'><strong>in</strong></span> 
     </span>
    </p>
   </div>
   <div class='ocr_carea' id='block_1_82' title="bbox 1932 3567 3506 3638">
    <p class='ocr_par' dir='ltr' id='par_1_82' title="bbox 1932 3567 3506 3638">
     <span class='ocr_line' id='line_1_82' title="bbox 1932 3567 3506 3638; baseline -0.004 -16"><span class='ocrx_word' id='word_1_598' title='bbox 1932 3569 2251 3623; x_wconf 72' lang='lat' dir='ltr'><strong>machteram</strong></span> <span class='ocrx_word' id='word_1_599' title='bbox 2299 3571 2548 3638; x_wconf 85' lang='lat' dir='ltr'><strong>populum</strong></span> <span class='ocrx_word' id='word_1_600' title='bbox 2608 3585 2762 3623; x_wconf 85' lang='lat' dir='ltr'><strong>suum</strong></span> <span class='ocrx_word' id='word_1_601' title='bbox 2823 3578 2870 3622; x_wconf 92' lang='lat' dir='ltr'><strong>et</strong></span> <span class='ocrx_word' id='word_1_602' title='bbox 2932 3567 3294 3621; x_wconf 80' lang='lat' dir='ltr'><strong>hwreditatcm</strong></span> <span class='ocrx_word' id='word_1_603' title='bbox 3354 3581 3506 3619; x_wconf 86' lang='lat' dir='ltr'><strong>suam</strong></span> 
     </span>
    </p>
   </div>
   <div class='ocr_carea' id='block_1_83' title="bbox 1933 3659 3499 3731">
    <p class='ocr_par' dir='ltr' id='par_1_83' title="bbox 1933 3659 3499 3731">
     <span class='ocr_line' id='line_1_83' title="bbox 1933 3659 3499 3731; baseline -0.003 -15"><span class='ocrx_word' id='word_1_604' title='bbox 1933 3662 2143 3731; x_wconf 80' lang='lat' dir='ltr'><strong>sprevit.</strong></span> <span class='ocrx_word' id='word_1_605' title='bbox 2208 3660 2320 3715; x_wconf 90' lang='lat' dir='ltr'><strong>Deo</strong></span> <span class='ocrx_word' id='word_1_606' title='bbox 2376 3669 2557 3715; x_wconf 88' lang='lat' dir='ltr'><strong>autem</strong></span> <span class='ocrx_word' id='word_1_607' title='bbox 2624 3659 2775 3730; x_wconf 91' lang='lat' dir='ltr'><strong>ipsos</strong></span> <span class='ocrx_word' id='word_1_608' title='bbox 2810 3667 3125 3729; x_wconf 81' lang='lat' dir='ltr'><strong>spernente,</strong></span> <span class='ocrx_word' id='word_1_609' title='bbox 3159 3674 3219 3712; x_wconf 91' lang='lat' dir='ltr'><strong>ea</strong></span> <span class='ocrx_word' id='word_1_610' title='bbox 3256 3674 3377 3728; x_wconf 75' lang='lat' dir='ltr'><strong>quze</strong></span> <span class='ocrx_word' id='word_1_611' title='bbox 3410 3674 3499 3712; x_wconf 83' lang='lat' dir='ltr'><strong>se-</strong></span> 
     </span>
    </p>
   </div>
   <div class='ocr_carea' id='block_1_84' title="bbox 1932 3748 3505 3822">
    <p class='ocr_par' dir='ltr' id='par_1_84' title="bbox 1932 3748 3505 3822">
     <span class='ocr_line' id='line_1_84' title="bbox 1932 3748 3505 3822; baseline -0.004 -17"><span class='ocrx_word' id='word_1_612' title='bbox 1932 3760 2178 3822; x_wconf 89' lang='lat' dir='ltr'><strong>quuntur</strong></span> <span class='ocrx_word' id='word_1_613' title='bbox 2229 3758 2549 3807; x_wconf 87' lang='lat' dir='ltr'><strong>evenerunt.</strong></span> <span class='ocrx_word' id='word_1_614' title='bbox 2594 3749 2725 3816; x_wconf 66' lang='lat' dir='ltr'><strong>Quae</strong></span> <span class='ocrx_word' id='word_1_615' title='bbox 2751 3751 2877 3804; x_wconf 86' lang='lat' dir='ltr'><strong>illa?</strong></span> <span class='ocrx_word' id='word_1_616' title='bbox 2903 3748 3127 3803; x_wconf 74' lang='lat' dir='ltr'><strong>Iuvenes</strong></span> <span class='ocrx_word' id='word_1_617' title='bbox 3151 3765 3331 3802; x_wconf 85' lang='lat' dir='ltr'><strong>eorum</strong></span> <span class='ocrx_word' id='word_1_618' title='bbox 3364 3764 3505 3801; x_wconf 85' lang='lat' dir='ltr'><strong>com-</strong></span> 
     </span>
    </p>
   </div>
   <div class='ocr_carea' id='block_1_85' title="bbox 1931 3840 3507 3912">
    <p class='ocr_par' dir='ltr' id='par_1_85' title="bbox 1931 3840 3507 3912">
     <span class='ocr_line' id='line_1_85' title="bbox 1931 3840 3507 3912; baseline -0.001 -17"><span class='ocrx_word' id='word_1_619' title='bbox 1931 3841 2039 3895; x_wconf 88' lang='lat' dir='ltr'><strong>edit</strong></span> <span class='ocrx_word' id='word_1_620' title='bbox 2092 3842 2250 3912; x_wconf 84' lang='lat' dir='ltr'><strong>ignis,</strong></span> <span class='ocrx_word' id='word_1_621' title='bbox 2307 3850 2357 3895; x_wconf 89' lang='lat' dir='ltr'><strong>et</strong></span> <span class='ocrx_word' id='word_1_622' title='bbox 2404 3840 2628 3911; x_wconf 84' lang='lat' dir='ltr'><strong>virgines</strong></span> <span class='ocrx_word' id='word_1_623' title='bbox 2659 3856 2840 3895; x_wconf 88' lang='lat' dir='ltr'><strong>eorum</strong></span> <span class='ocrx_word' id='word_1_624' title='bbox 2883 3856 2985 3892; x_wconf 91' lang='lat' dir='ltr'><strong>non</strong></span> <span class='ocrx_word' id='word_1_625' title='bbox 3021 3849 3143 3894; x_wconf 89' lang='lat' dir='ltr'><strong>sunt</strong></span> <span class='ocrx_word' id='word_1_626' title='bbox 3171 3842 3507 3901; x_wconf 64' lang='lat' dir='ltr'><strong>lamentata;</strong></span> 
     </span>
    </p>
   </div>
   <div class='ocr_carea' id='block_1_86' title="bbox 1934 3934 3503 4005">
    <p class='ocr_par' dir='ltr' id='par_1_86' title="bbox 1934 3934 3503 4005">
     <span class='ocr_line' id='line_1_86' title="bbox 1934 3934 3503 4005; baseline -0.001 -14"><span class='ocrx_word' id='word_1_627' title='bbox 1934 3935 2233 3992; x_wconf 87' lang='lat' dir='ltr'><strong>secundum</strong></span> <span class='ocrx_word' id='word_1_628' title='bbox 2267 3934 2519 4005; x_wconf 84' lang='lat' dir='ltr'><strong>Aquilam</strong></span> <span class='ocrx_word' id='word_1_629' title='bbox 2552 3950 2686 3990; x_wconf 85' lang='lat' dir='ltr'><strong>vero</strong></span> <span class='ocrx_word' id='word_1_630' title='bbox 2706 3975 2721 3999; x_wconf 90' lang='lat'><strong>,</strong></span> <span class='ocrx_word' id='word_1_631' title='bbox 2750 3952 2851 3988; x_wconf 88' lang='lat' dir='ltr'><strong>non</strong></span> <span class='ocrx_word' id='word_1_632' title='bbox 2879 3944 3001 3988; x_wconf 88' lang='lat' dir='ltr'><strong>sunt</strong></span> <span class='ocrx_word' id='word_1_633' title='bbox 3027 3934 3391 4001; x_wconf 77' lang='lat' dir='ltr'><strong>desponsatw;</strong></span> <span class='ocrx_word' id='word_1_634' title='bbox 3423 3949 3503 3989; x_wconf 82' lang='lat' dir='ltr'><strong>se-</strong></span> 
     </span>
    </p>
   </div>
   <div class='ocr_carea' id='block_1_87' title="bbox 1934 4022 3505 4097">
    <p class='ocr_par' dir='ltr' id='par_1_87' title="bbox 1934 4022 3505 4097">
     <span class='ocr_line' id='line_1_87' title="bbox 1934 4022 3505 4097; baseline 0 -16"><span class='ocrx_word' id='word_1_635' title='bbox 1934 4026 2170 4082; x_wconf 90' lang='lat' dir='ltr'><strong>cundum</strong></span> <span class='ocrx_word' id='word_1_636' title='bbox 2225 4022 2611 4097; x_wconf 86' lang='lat' dir='ltr'><strong>Symmachum</strong></span> <span class='ocrx_word' id='word_1_637' title='bbox 2662 4033 2868 4089; x_wconf 86' lang='lat' dir='ltr'><strong>autem,</strong></span> <span class='ocrx_word' id='word_1_638' title='bbox 2921 4042 3026 4078; x_wconf 92' lang='lat' dir='ltr'><strong>non</strong></span> <span class='ocrx_word' id='word_1_639' title='bbox 3075 4035 3197 4078; x_wconf 86' lang='lat' dir='ltr'><strong>sunt</strong></span> <span class='ocrx_word' id='word_1_640' title='bbox 3252 4024 3505 4081; x_wconf 74' lang='lat' dir='ltr'><strong>laudata.</strong></span> 
     </span>
    </p>
   </div>
   <div class='ocr_carea' id='block_1_88' title="bbox 1933 4117 3508 4187">
    <p class='ocr_par' dir='ltr' id='par_1_88' title="bbox 1933 4117 3508 4187">
     <span class='ocr_line' id='line_1_88' title="bbox 1933 4117 3508 4187; baseline -0.002 -15"><span class='ocrx_word' id='word_1_641' title='bbox 1933 4118 2051 4174; x_wconf 91' lang='lat' dir='ltr'><strong>Non</strong></span> <span class='ocrx_word' id='word_1_642' title='bbox 2077 4120 2218 4173; x_wconf 91' lang='lat' dir='ltr'><strong>ultra</strong></span> <span class='ocrx_word' id='word_1_643' title='bbox 2250 4118 2733 4181; x_wconf 89' lang='lat' dir='ltr'><strong>enim,secundum</strong></span> <span class='ocrx_word' id='word_1_644' title='bbox 2760 4117 3001 4187; x_wconf 88' lang='lat' dir='ltr'><strong>reliquos</strong></span> <span class='ocrx_word' id='word_1_645' title='bbox 3020 4117 3508 4186; x_wconf 86' lang='lat' dir='ltr'><strong>interpretes,cum</strong></span> 
     </span>
    </p>
   </div>
   <div class='ocr_carea' id='block_1_89' title="bbox 1935 4205 3507 4282">
    <p class='ocr_par' dir='ltr' id='par_1_89' title="bbox 1935 4205 3507 4282">
     <span class='ocr_line' id='line_1_89' title="bbox 1935 4205 3507 4282; baseline -0.004 -18"><span class='ocrx_word' id='word_1_646' title='bbox 1935 4210 2152 4282; x_wconf 86' lang='lat' dir='ltr'><strong>hymnis</strong></span> <span class='ocrx_word' id='word_1_647' title='bbox 2185 4218 2239 4264; x_wconf 87' lang='lat' dir='ltr'><strong>et</strong></span> <span class='ocrx_word' id='word_1_648' title='bbox 2267 4208 2544 4275; x_wconf 87' lang='lat' dir='ltr'><strong>laudibus,</strong></span> <span class='ocrx_word' id='word_1_649' title='bbox 2580 4216 2641 4263; x_wconf 88' lang='lat' dir='ltr'><strong>ut</strong></span> <span class='ocrx_word' id='word_1_650' title='bbox 2664 4215 2990 4264; x_wconf 89' lang='lat' dir='ltr'><strong>consuetum</strong></span> <span class='ocrx_word' id='word_1_651' title='bbox 3022 4205 3373 4276; x_wconf 88' lang='lat' dir='ltr'><strong>desponsatis</strong></span> <span class='ocrx_word' id='word_1_652' title='bbox 3402 4215 3507 4269; x_wconf 85' lang='lat' dir='ltr'><strong>est,</strong></span> 
     </span>
    </p>
   </div>
   <div class='ocr_carea' id='block_1_90' title="bbox 1933 4299 3501 4369">
    <p class='ocr_par' dir='ltr' id='par_1_90' title="bbox 1933 4299 3501 4369">
     <span class='ocr_line' id='line_1_90' title="bbox 1933 4299 3501 4369; baseline -0.004 -12"><span class='ocrx_word' id='word_1_653' title='bbox 1933 4302 2067 4357; x_wconf 87' lang='lat' dir='ltr'><strong>viris</strong></span> <span class='ocrx_word' id='word_1_654' title='bbox 2103 4303 2482 4367; x_wconf 88' lang='lat' dir='ltr'><strong>tradebantur,</strong></span> <span class='ocrx_word' id='word_1_655' title='bbox 2514 4303 2585 4358; x_wconf 92' lang='lat' dir='ltr'><strong>ob</strong></span> <span class='ocrx_word' id='word_1_656' title='bbox 2620 4302 2922 4356; x_wconf 87' lang='lat' dir='ltr'><strong>immissam</strong></span> <span class='ocrx_word' id='word_1_657' title='bbox 2954 4308 3086 4354; x_wconf 90' lang='lat' dir='ltr'><strong>tunc</strong></span> <span class='ocrx_word' id='word_1_658' title='bbox 3123 4300 3257 4369; x_wconf 84' lang='lat' dir='ltr'><strong>ipsis</strong></span> <span class='ocrx_word' id='word_1_659' title='bbox 3287 4299 3501 4352; x_wconf 89' lang='lat' dir='ltr'><strong>calami-</strong></span> 
     </span>
    </p>
   </div>
   <div class='ocr_carea' id='block_1_91' title="bbox 1936 4388 3506 4462">
    <p class='ocr_par' dir='ltr' id='par_1_91' title="bbox 1936 4388 3506 4462">
     <span class='ocr_line' id='line_1_91' title="bbox 1936 4388 3506 4462; baseline -0.003 -17"><span class='ocrx_word' id='word_1_660' title='bbox 1936 4399 2121 4448; x_wconf 88' lang='lat' dir='ltr'><strong>tatem.</strong></span> <span class='ocrx_word' id='word_1_661' title='bbox 2160 4390 2468 4448; x_wconf 82' lang='lat' dir='ltr'><strong>Secundum</strong></span> <span class='ocrx_word' id='word_1_662' title='bbox 2498 4391 2641 4446; x_wconf 82' lang='lat' dir='ltr'><strong>LXX</strong></span> <span class='ocrx_word' id='word_1_663' title='bbox 2662 4392 2993 4462; x_wconf 84' lang='lat' dir='ltr'><strong>lnterpretes</strong></span> <span class='ocrx_word' id='word_1_664' title='bbox 3020 4398 3222 4455; x_wconf 88' lang='lat' dir='ltr'><strong>autem,</strong></span> <span class='ocrx_word' id='word_1_665' title='bbox 3258 4389 3310 4442; x_wconf 94' lang='lat' dir='ltr'><strong>in</strong></span> <span class='ocrx_word' id='word_1_666' title='bbox 3334 4388 3506 4458; x_wconf 87' lang='lat' dir='ltr'><strong>capti-</strong></span> 
     </span>
    </p>
   </div>
   <div class='ocr_carea' id='block_1_92' title="bbox 249 4481 1832 4555">
    <p class='ocr_par' dir='ltr' id='par_1_92' title="bbox 249 4481 1824 4555">
     <span class='ocr_line' id='line_1_92' title="bbox 249 4481 1824 4555; baseline 0.001 -19"><span class='ocrx_word' id='word_1_667' title='bbox 249 4482 557 4555; x_wconf 83' lang='grc' dir='ltr'>συμφοράν.</span> <span class='ocrx_word' id='word_1_668' title='bbox 600 4481 757 4535; x_wconf 83' lang='grc' dir='ltr'>Κατὰ</span> <span class='ocrx_word' id='word_1_669' title='bbox 786 4482 842 4535; x_wconf 83' lang='grc' dir='ltr'>δὲ</span> <span class='ocrx_word' id='word_1_670' title='bbox 874 4482 970 4553; x_wconf 82' lang='grc' dir='ltr'>τὴν</span> <span class='ocrx_word' id='word_1_671' title='bbox 1001 4481 1108 4537; x_wconf 84' lang='grc' dir='ltr'><strong>τῶν</strong></span> <span class='ocrx_word' id='word_1_672' title='bbox 1152 4482 1551 4555; x_wconf 82' lang='grc' dir='ltr'>Ἐϐὁομήκοντα</span> <span class='ocrx_word' id='word_1_673' title='bbox 1596 4485 1824 4549; x_wconf 77' lang='grc' dir='ltr'>ἔκδοσιν,</span> 
     </span>
    </p>
   </div>
   <div class='ocr_carea' id='block_1_93' title="bbox 1930 4481 3504 4555">
    <p class='ocr_par' dir='ltr' id='par_1_93' title="bbox 1935 4482 3504 4551">
     <span class='ocr_line' id='line_1_93' title="bbox 1935 4482 3504 4551; baseline -0.003 -14"><span class='ocrx_word' id='word_1_674' title='bbox 1935 4485 2149 4539; x_wconf 79' lang='lat' dir='ltr'><strong>ritatem</strong></span> <span class='ocrx_word' id='word_1_675' title='bbox 2175 4494 2329 4549; x_wconf 72' lang='lat' dir='ltr'><strong>actae,</strong></span> <span class='ocrx_word' id='word_1_676' title='bbox 2354 4501 2477 4539; x_wconf 88' lang='lat' dir='ltr'><strong>cum</strong></span> <span class='ocrx_word' id='word_1_677' title='bbox 2503 4493 2865 4549; x_wconf 85' lang='lat' dir='ltr'><strong>morerentur,</strong></span> <span class='ocrx_word' id='word_1_678' title='bbox 2884 4500 2993 4537; x_wconf 86' lang='lat' dir='ltr'><strong>non</strong></span> <span class='ocrx_word' id='word_1_679' title='bbox 3022 4490 3139 4538; x_wconf 84' lang='lat' dir='ltr'><strong>erat</strong></span> <span class='ocrx_word' id='word_1_680' title='bbox 3166 4482 3258 4551; x_wconf 89' lang='lat' dir='ltr'><strong>qui</strong></span> <span class='ocrx_word' id='word_1_681' title='bbox 3278 4482 3504 4549; x_wconf 83' lang='lat' dir='ltr'><strong>lugeret.</strong></span> 
     </span>
    </p>
   </div>
   <div class='ocr_carea' id='block_1_94' title="bbox 248 4574 1827 4648">
    <p class='ocr_par' dir='ltr' id='par_1_94' title="bbox 248 4574 1827 4648">
     <span class='ocr_line' id='line_1_94' title="bbox 248 4574 1827 4648; baseline 0.003 -18"><span class='ocrx_word' id='word_1_682' title='bbox 248 4576 587 4648; x_wconf 72' lang='grc' dir='ltr'>αἰχμάλωτοι</span> <span class='ocrx_word' id='word_1_683' title='bbox 620 4574 965 4646; x_wconf 82' lang='grc' dir='ltr'>ἀπαχθεῖσαι,</span> <span class='ocrx_word' id='word_1_684' title='bbox 1000 4576 1057 4629; x_wconf 86' lang='grc' dir='ltr'>ὲν</span> <span class='ocrx_word' id='word_1_685' title='bbox 1094 4576 1172 4647; x_wconf 87' lang='grc' dir='ltr'>τῷ</span> <span class='ocrx_word' id='word_1_686' title='bbox 1215 4577 1466 4648; x_wconf 82' lang='grc' dir='ltr'>θνήσκειν</span> <span class='ocrx_word' id='word_1_687' title='bbox 1511 4580 1679 4643; x_wconf 81' lang='grc' dir='ltr'>αὐτὰς</span> <span class='ocrx_word' id='word_1_688' title='bbox 1726 4582 1827 4635; x_wconf 79' lang='grc' dir='ltr'>οὐκ</span> 
     </span>
    </p>
   </div>
   <div class='ocr_carea' id='block_1_95' title="bbox 246 4666 1829 4743">
    <p class='ocr_par' dir='ltr' id='par_1_95' title="bbox 246 4666 1829 4743">
     <span class='ocr_line' id='line_1_95' title="bbox 246 4666 1829 4743; baseline 0.003 -21"><span class='ocrx_word' id='word_1_689' title='bbox 246 4666 399 4740; x_wconf 71' lang='grc' dir='ltr'>εἶχον</span> <span class='ocrx_word' id='word_1_690' title='bbox 436 4670 560 4732; x_wconf 82' lang='grc' dir='ltr'>τοὺς</span> <span class='ocrx_word' id='word_1_691' title='bbox 604 4667 953 4733; x_wconf 85' lang='grc' dir='ltr'>πενθοῦντας,</span> <span class='ocrx_word' id='word_1_692' title='bbox 995 4670 1082 4723; x_wconf 85' lang='grc' dir='ltr'>διὰ</span> <span class='ocrx_word' id='word_1_693' title='bbox 1114 4670 1176 4723; x_wconf 83' lang='grc' dir='ltr'>τὸ</span> <span class='ocrx_word' id='word_1_694' title='bbox 1231 4671 1304 4743; x_wconf 81' lang='grc' dir='ltr'>μὴ</span> <span class='ocrx_word' id='word_1_695' title='bbox 1352 4675 1605 4743; x_wconf 84' lang='grc' dir='ltr'>παρεῖναι</span> <span class='ocrx_word' id='word_1_696' title='bbox 1644 4674 1829 4737; x_wconf 83' lang='grc' dir='ltr'>αὐτοῖς</span> 
     </span>
    </p>
   </div>
   <div class='ocr_carea' id='block_1_96' title="bbox 245 4760 1827 4834">
    <p class='ocr_par' dir='ltr' id='par_1_96' title="bbox 245 4760 1827 4834">
     <span class='ocr_line' id='line_1_96' title="bbox 245 4760 1827 4834; baseline 0.004 -20"><span class='ocrx_word' id='word_1_697' title='bbox 245 4761 377 4825; x_wconf 76' lang='grc' dir='ltr'>τοὺς</span> <span class='ocrx_word' id='word_1_698' title='bbox 423 4761 792 4833; x_wconf 79' lang='grc' dir='ltr'>προσήκοντας</span> <span class='ocrx_word' id='word_1_699' title='bbox 816 4777 830 4792; x_wconf 90' lang='grc'><strong>·</strong></span> <span class='ocrx_word' id='word_1_700' title='bbox 880 4760 1015 4815; x_wconf 86' lang='grc' dir='ltr'><strong>ἀλλά</strong></span> <span class='ocrx_word' id='word_1_701' title='bbox 1058 4762 1152 4816; x_wconf 70' lang='grc' dir='ltr'><strong>καὶ</strong></span> <span class='ocrx_word' id='word_1_702' title='bbox 1207 4766 1260 4817; x_wconf 78' lang='grc' dir='ltr'><strong>οἱ</strong></span> <span class='ocrx_word' id='word_1_703' title='bbox 1298 4767 1472 4834; x_wconf 76' lang='grc' dir='ltr'>ἱερεῖς</span> <span class='ocrx_word' id='word_1_704' title='bbox 1517 4765 1716 4820; x_wconf 84' lang='grc' dir='ltr'>αὐτῶν</span> <span class='ocrx_word' id='word_1_705' title='bbox 1757 4767 1827 4821; x_wconf 84' lang='grc' dir='ltr'>ἐν</span> 
     </span>
    </p>
   </div>
   <div class='ocr_carea' id='block_1_97' title="bbox 243 4844 1823 4927">
    <p class='ocr_par' dir='ltr' id='par_1_97' title="bbox 243 4844 1823 4927">
     <span class='ocr_line' id='line_1_97' title="bbox 243 4844 1823 4927; baseline 0.003 -23"><span class='ocrx_word' id='word_1_706' title='bbox 243 4852 511 4923; x_wconf 75' lang='grc' dir='ltr'>ῥομφαίᾳ</span> <span class='ocrx_word' id='word_1_707' title='bbox 540 4852 771 4905; x_wconf 75' lang='grc' dir='ltr'>ἔπεσαν</span> <span class='ocrx_word' id='word_1_708' title='bbox 811 4844 976 4923; x_wconf 80' lang='grc' dir='ltr'>(οῦτοι</span> <span class='ocrx_word' id='word_1_709' title='bbox 1008 4852 1052 4906; x_wconf 85' lang='grc' dir='ltr'>δ’</span> <span class='ocrx_word' id='word_1_710' title='bbox 1088 4848 1227 4924; x_wconf 81' lang='grc' dir='ltr'>ἦσαν</span> <span class='ocrx_word' id='word_1_711' title='bbox 1263 4855 1312 4907; x_wconf 84' lang='grc' dir='ltr'>οἱ</span> <span class='ocrx_word' id='word_1_712' title='bbox 1347 4855 1439 4909; x_wconf 91' lang='grc' dir='ltr'><strong>τοῦ</strong></span> <span class='ocrx_word' id='word_1_713' title='bbox 1482 4856 1629 4910; x_wconf 76' lang='grc' dir='ltr'>Ἠλεὶ</span> <span class='ocrx_word' id='word_1_714' title='bbox 1666 4856 1823 4927; x_wconf 88' lang='grc' dir='ltr'>υίοί),</span> 
     </span>
    </p>
   </div>
   <div class='ocr_carea' id='block_1_98' title="bbox 244 4940 1827 5016">
    <p class='ocr_par' dir='ltr' id='par_1_98' title="bbox 244 4940 1827 5016">
     <span class='ocr_line' id='line_1_98' title="bbox 244 4940 1827 5016; baseline 0.001 -17"><span class='ocrx_word' id='word_1_715' title='bbox 244 4945 347 4999; x_wconf 78' lang='grc' dir='ltr'>καὶ</span> <span class='ocrx_word' id='word_1_716' title='bbox 388 4946 448 4999; x_wconf 83' lang='grc' dir='ltr'>αἱ</span> <span class='ocrx_word' id='word_1_717' title='bbox 491 4940 665 5013; x_wconf 82' lang='grc' dir='ltr'>χῆραι</span> <span class='ocrx_word' id='word_1_718' title='bbox 697 4942 766 4997; x_wconf 85' lang='grc' dir='ltr'>δὲ</span> <span class='ocrx_word' id='word_1_719' title='bbox 801 4943 999 4998; x_wconf 86' lang='grc' dir='ltr'>αὐτῶν</span> <span class='ocrx_word' id='word_1_720' title='bbox 1039 4946 1111 4998; x_wconf 86' lang='grc' dir='ltr'><strong>οὐ</strong></span> <span class='ocrx_word' id='word_1_721' title='bbox 1158 4947 1668 5016; x_wconf 74' lang='grc' dir='ltr'>κλαυσθήσονται.</span> <span class='ocrx_word' id='word_1_722' title='bbox 1718 4948 1827 5001; x_wconf 79' lang='grc' dir='ltr'>Καὶ</span> 
     </span>
    </p>
   </div>
   <div class='ocr_carea' id='block_1_99' title="bbox 246 5036 1827 5109">
    <p class='ocr_par' dir='ltr' id='par_1_99' title="bbox 246 5036 1827 5109">
     <span class='ocr_line' id='line_1_99' title="bbox 246 5036 1827 5109; baseline 0.002 -18"><span class='ocrx_word' id='word_1_723' title='bbox 246 5038 398 5091; x_wconf 66' lang='grc' dir='ltr'>ἐστιν</span> <span class='ocrx_word' id='word_1_724' title='bbox 426 5038 607 5109; x_wconf 81' lang='grc' dir='ltr'>εὑρεῖν</span> <span class='ocrx_word' id='word_1_725' title='bbox 630 5038 686 5088; x_wconf 84' lang='grc' dir='ltr'><strong>ὲν</strong></span> <span class='ocrx_word' id='word_1_726' title='bbox 709 5040 774 5109; x_wconf 80' lang='grc' dir='ltr'>τῇ</span> <span class='ocrx_word' id='word_1_727' title='bbox 809 5036 998 5109; x_wconf 77' lang='grc' dir='ltr'>πρώτῃ</span> <span class='ocrx_word' id='word_1_728' title='bbox 1030 5038 1138 5093; x_wconf 87' lang='grc' dir='ltr'><strong>τῶν</strong></span> <span class='ocrx_word' id='word_1_729' title='bbox 1164 5037 1476 5104; x_wconf 87' lang='grc' dir='ltr'>Βασιλειῶν,</span> <span class='ocrx_word' id='word_1_730' title='bbox 1512 5042 1677 5105; x_wconf 82' lang='grc' dir='ltr'>ὅπως,</span> <span class='ocrx_word' id='word_1_731' title='bbox 1718 5041 1827 5096; x_wconf 89' lang='grc' dir='ltr'><strong>τῶν</strong></span> 
     </span>
    </p>
   </div>
   <div class='ocr_carea' id='block_1_100' title="bbox 247 5129 1824 5202">
    <p class='ocr_par' dir='ltr' id='par_1_100' title="bbox 247 5129 1824 5202">
     <span class='ocr_line' id='line_1_100' title="bbox 247 5129 1824 5202; baseline 0.004 -20"><span class='ocrx_word' id='word_1_732' title='bbox 247 5129 383 5184; x_wconf 90' lang='grc' dir='ltr'>υἰῶν</span> <span class='ocrx_word' id='word_1_733' title='bbox 416 5129 565 5184; x_wconf 78' lang='grc' dir='ltr'>Ἠλεὶ</span> <span class='ocrx_word' id='word_1_734' title='bbox 596 5131 869 5185; x_wconf 89' lang='grc' dir='ltr'>πεσόντων</span> <span class='ocrx_word' id='word_1_735' title='bbox 898 5133 954 5183; x_wconf 79' lang='grc' dir='ltr'><strong>ἐν</strong></span> <span class='ocrx_word' id='word_1_736' title='bbox 996 5130 1073 5202; x_wconf 82' lang='grc' dir='ltr'>τῷ</span> <span class='ocrx_word' id='word_1_737' title='bbox 1114 5131 1353 5202; x_wconf 84' lang='grc' dir='ltr'>πολέμῳ,</span> <span class='ocrx_word' id='word_1_738' title='bbox 1398 5133 1453 5185; x_wconf 85' lang='grc' dir='ltr'><strong>αἰ</strong></span> <span class='ocrx_word' id='word_1_739' title='bbox 1490 5132 1693 5186; x_wconf 87' lang='grc' dir='ltr'>τούτων</span> <span class='ocrx_word' id='word_1_740' title='bbox 1725 5150 1824 5201; x_wconf 83' lang='grc' dir='ltr'>γυ-</span> 
     </span>
    </p>
   </div>
   <div class='ocr_carea' id='block_1_101' title="bbox 247 5220 1830 5293">
    <p class='ocr_par' dir='ltr' id='par_1_101' title="bbox 247 5220 1830 5293">
     <span class='ocr_line' id='line_1_101' title="bbox 247 5220 1830 5293; baseline 0.002 -19"><span class='ocrx_word' id='word_1_741' title='bbox 247 5224 455 5284; x_wconf 81' lang='grc' dir='ltr'>ναῖκες,</span> <span class='ocrx_word' id='word_1_742' title='bbox 486 5220 652 5292; x_wconf 83' lang='grc' dir='ltr'>χῆραι</span> <span class='ocrx_word' id='word_1_743' title='bbox 700 5221 1161 5292; x_wconf 79' lang='grc' dir='ltr'>καταλειφθεῖσαι,</span> <span class='ocrx_word' id='word_1_744' title='bbox 1188 5222 1360 5276; x_wconf 86' lang='grc' dir='ltr'>δεινὸν</span> <span class='ocrx_word' id='word_1_745' title='bbox 1399 5222 1696 5293; x_wconf 84' lang='grc' dir='ltr'>ὑπέμειναν</span> <span class='ocrx_word' id='word_1_746' title='bbox 1734 5222 1830 5278; x_wconf 87' lang='grc' dir='ltr'>θά-</span> 
     </span>
    </p>
   </div>
   <div class='ocr_carea' id='block_1_102' title="bbox 247 5313 1829 5386">
    <p class='ocr_par' dir='ltr' id='par_1_102' title="bbox 247 5313 1829 5386">
     <span class='ocr_line' id='line_1_102' title="bbox 247 5313 1829 5386; baseline 0.003 -19"><span class='ocrx_word' id='word_1_747' title='bbox 247 5330 431 5368; x_wconf 87' lang='grc' dir='ltr'>νατον.</span> <span class='ocrx_word' id='word_1_748' title='bbox 484 5314 574 5367; x_wconf 84' lang='grc' dir='ltr'>Διὸ</span> <span class='ocrx_word' id='word_1_749' title='bbox 610 5313 857 5368; x_wconf 81' lang='grc' dir='ltr'>λέλεκται</span> <span class='ocrx_word' id='word_1_750' title='bbox 906 5315 1048 5368; x_wconf 88' lang='grc' dir='ltr'><strong>κατά</strong></span> <span class='ocrx_word' id='word_1_751' title='bbox 1101 5314 1191 5367; x_wconf 83' lang='grc' dir='ltr'><strong>τὸν</strong></span> <span class='ocrx_word' id='word_1_752' title='bbox 1245 5313 1560 5386; x_wconf 88' lang='grc' dir='ltr'>Σύμμαχον,</span> <span class='ocrx_word' id='word_1_753' title='bbox 1612 5315 1722 5371; x_wconf 79' lang='lat' dir='ltr'><strong>Kal</strong></span> <span class='ocrx_word' id='word_1_754' title='bbox 1768 5320 1829 5372; x_wconf 83' lang='grc' dir='ltr'><strong>αἰ</strong></span> 
     </span>
    </p>
   </div>
   <div class='ocr_carea' id='block_1_103' title="bbox 248 5404 1827 5479">
    <p class='ocr_par' dir='ltr' id='par_1_103' title="bbox 248 5404 1827 5479">
     <span class='ocr_line' id='line_1_103' title="bbox 248 5404 1827 5479; baseline -0.008 -17"><span class='ocrx_word' id='word_1_755' title='bbox 248 5404 632 5474; x_wconf 82' lang='grc' dir='ltr'>χηρευθεῐσαι</span> <span class='ocrx_word' id='word_1_756' title='bbox 659 5404 859 5460; x_wconf 85' lang='grc' dir='ltr'>αὐτῶν</span> <span class='ocrx_word' id='word_1_757' title='bbox 886 5408 996 5458; x_wconf 81' lang='grc' dir='ltr'>οὐκ</span> <span class='ocrx_word' id='word_1_758' title='bbox 1022 5405 1335 5459; x_wconf 77' lang='grc' dir='ltr'>ἔκλαυσαν</span> <span class='ocrx_word' id='word_1_759' title='bbox 1360 5423 1372 5436; x_wconf 68' lang='grc' dir='ltr'>ι</span> <span class='ocrx_word' id='word_1_760' title='bbox 1404 5406 1524 5460; x_wconf 81' lang='grc' dir='ltr'>οὐδὲ</span> <span class='ocrx_word' id='word_1_761' title='bbox 1560 5408 1667 5479; x_wconf 84' lang='grc' dir='ltr'>γὰρ</span> <span class='ocrx_word' id='word_1_762' title='bbox 1694 5408 1827 5462; x_wconf 83' lang='grc' dir='ltr'>ὑπέ..</span> 
     </span>
    </p>
   </div>
   <div class='ocr_carea' id='block_1_104' title="bbox 251 5492 1828 5569">
    <p class='ocr_par' dir='ltr' id='par_1_104' title="bbox 251 5492 1828 5569">
     <span class='ocr_line' id='line_1_104' title="bbox 251 5492 1828 5569; baseline 0.002 -18"><span class='ocrx_word' id='word_1_763' title='bbox 251 5514 481 5569; x_wconf 81' lang='grc' dir='ltr'>στησαν,</span> <span class='ocrx_word' id='word_1_764' title='bbox 520 5497 658 5551; x_wconf 84' lang='grc' dir='ltr'>ὥστε</span> <span class='ocrx_word' id='word_1_765' title='bbox 697 5497 960 5553; x_wconf 87' lang='grc' dir='ltr'>κλαῦσαι·</span> <span class='ocrx_word' id='word_1_766' title='bbox 1014 5496 1391 5551; x_wconf 86' lang='grc' dir='ltr'>συναπώλοντο</span> <span class='ocrx_word' id='word_1_767' title='bbox 1435 5498 1491 5551; x_wconf 80' lang='grc' dir='ltr'>δὲ</span> <span class='ocrx_word' id='word_1_768' title='bbox 1537 5500 1629 5553; x_wconf 73' lang='grc' dir='ltr'><strong>καὶ</strong></span> <span class='ocrx_word' id='word_1_769' title='bbox 1669 5492 1828 5554; x_wconf 75' lang='grc' dir='ltr'>αὗται</span> 
     </span>
    </p>
   </div>
   <div class='ocr_carea' id='block_1_105' title="bbox 248 5589 1822 5665">
    <p class='ocr_par' dir='ltr' id='par_1_105' title="bbox 248 5589 1822 5665">
     <span class='ocr_line' id='line_1_105' title="bbox 248 5589 1822 5665; baseline 0.002 -21"><span class='ocrx_word' id='word_1_770' title='bbox 248 5594 364 5654; x_wconf 76' lang='grc' dir='ltr'>τοῖς</span> <span class='ocrx_word' id='word_1_771' title='bbox 414 5591 755 5663; x_wconf 80' lang='grc' dir='ltr'>τικτομένοις</span> <span class='ocrx_word' id='word_1_772' title='bbox 817 5589 957 5644; x_wconf 83' lang='grc' dir='ltr'><strong>κατά</strong></span> <span class='ocrx_word' id='word_1_773' title='bbox 1016 5590 1112 5661; x_wconf 84' lang='grc' dir='ltr'>τὴν</span> <span class='ocrx_word' id='word_1_774' title='bbox 1173 5589 1485 5659; x_wconf 85' lang='grc' dir='ltr'>φάσκουσαν</span> <span class='ocrx_word' id='word_1_775' title='bbox 1543 5592 1783 5665; x_wconf 78' lang='grc' dir='ltr'>ἱστορίαν</span> <span class='ocrx_word' id='word_1_776' title='bbox 1808 5611 1822 5625; x_wconf 74' lang='grc' dir='ltr'><strong>ο</strong></span> 
     </span>
    </p>
   </div>
   <div class='ocr_carea' id='block_1_106' title="bbox 1933 4572 3501 4647">
    <p class='ocr_par' dir='ltr' id='par_1_106' title="bbox 1933 4572 3501 4647">
     <span class='ocr_line' id='line_1_106' title="bbox 1933 4572 3501 4647; baseline -0.005 -16"><span class='ocrx_word' id='word_1_777' title='bbox 1933 4576 2078 4647; x_wconf 86' lang='lat' dir='ltr'><strong>quod</strong></span> <span class='ocrx_word' id='word_1_778' title='bbox 2112 4592 2220 4632; x_wconf 90' lang='lat' dir='ltr'><strong>non</strong></span> <span class='ocrx_word' id='word_1_779' title='bbox 2260 4576 2510 4632; x_wconf 83' lang='lat' dir='ltr'><strong>adessent</strong></span> <span class='ocrx_word' id='word_1_780' title='bbox 2561 4578 2849 4646; x_wconf 81' lang='lat' dir='ltr'><strong>propinqui</strong></span> <span class='ocrx_word' id='word_1_781' title='bbox 2905 4591 3127 4640; x_wconf 89' lang='lat' dir='ltr'><strong>earum;</strong></span> <span class='ocrx_word' id='word_1_782' title='bbox 3184 4575 3294 4627; x_wconf 90' lang='lat' dir='ltr'><strong>imo</strong></span> <span class='ocrx_word' id='word_1_783' title='bbox 3338 4572 3501 4627; x_wconf 87' lang='lat' dir='ltr'><strong>etiam</strong></span> 
     </span>
    </p>
   </div>
   <div class='ocr_carea' id='block_1_107' title="bbox 1932 4666 3502 4740">
    <p class='ocr_par' dir='ltr' id='par_1_107' title="bbox 1932 4666 3502 4740">
     <span class='ocr_line' id='line_1_107' title="bbox 1932 4666 3502 4740; baseline -0.004 -15"><span class='ocrx_word' id='word_1_784' title='bbox 1932 4669 2230 4725; x_wconf 85' lang='lat' dir='ltr'><strong>sacerdotes</strong></span> <span class='ocrx_word' id='word_1_785' title='bbox 2287 4686 2467 4724; x_wconf 88' lang='lat' dir='ltr'><strong>eorum</strong></span> <span class='ocrx_word' id='word_1_786' title='bbox 2534 4671 2587 4722; x_wconf 89' lang='lat' dir='ltr'><strong>in</strong></span> <span class='ocrx_word' id='word_1_787' title='bbox 2634 4669 2811 4740; x_wconf 89' lang='lat' dir='ltr'><strong>gladio</strong></span> <span class='ocrx_word' id='word_1_788' title='bbox 2857 4667 3152 4723; x_wconf 85' lang='lat' dir='ltr'><strong>ceciderunt</strong></span> <span class='ocrx_word' id='word_1_789' title='bbox 3206 4666 3281 4737; x_wconf 92' lang='lat' dir='ltr'><strong>(hi</strong></span> <span class='ocrx_word' id='word_1_790' title='bbox 3339 4681 3502 4736; x_wconf 89' lang='lat' dir='ltr'><strong>porro</strong></span> 
     </span>
    </p>
   </div>
   <div class='ocr_carea' id='block_1_108' title="bbox 1933 4760 3505 4830">
    <p class='ocr_par' dir='ltr' id='par_1_108' title="bbox 1933 4760 3505 4830">
     <span class='ocr_line' id='line_1_108' title="bbox 1933 4760 3505 4830; baseline -0.002 -14"><span class='ocrx_word' id='word_1_791' title='bbox 1933 4772 2094 4817; x_wconf 91' lang='lat' dir='ltr'><strong>erant</strong></span> <span class='ocrx_word' id='word_1_792' title='bbox 2147 4762 2246 4817; x_wconf 79' lang='lat' dir='ltr'><strong>lilii</strong></span> <span class='ocrx_word' id='word_1_793' title='bbox 2310 4763 2472 4830; x_wconf 85' lang='lat' dir='ltr'><strong>Heli),</strong></span> <span class='ocrx_word' id='word_1_794' title='bbox 2508 4772 2556 4815; x_wconf 89' lang='lat' dir='ltr'><strong>et</strong></span> <span class='ocrx_word' id='word_1_795' title='bbox 2612 4762 2785 4816; x_wconf 75' lang='lat' dir='ltr'><strong>vidua:</strong></span> <span class='ocrx_word' id='word_1_796' title='bbox 2819 4779 2999 4817; x_wconf 89' lang='lat' dir='ltr'><strong>eorum</strong></span> <span class='ocrx_word' id='word_1_797' title='bbox 3046 4778 3150 4816; x_wconf 92' lang='lat' dir='ltr'><strong>non</strong></span> <span class='ocrx_word' id='word_1_798' title='bbox 3215 4760 3505 4830; x_wconf 85' lang='lat' dir='ltr'><strong>plorabun-</strong></span> 
     </span>
    </p>
   </div>
   <div class='ocr_carea' id='block_1_109' title="bbox 1937 4854 3506 4928">
    <p class='ocr_par' dir='ltr' id='par_1_109' title="bbox 1937 4854 3506 4928">
     <span class='ocr_line' id='line_1_109' title="bbox 1937 4854 3506 4928; baseline 0.001 -20"><span class='ocrx_word' id='word_1_799' title='bbox 1937 4865 2041 4910; x_wconf 89' lang='lat' dir='ltr'><strong>tur.</strong></span> <span class='ocrx_word' id='word_1_800' title='bbox 2075 4854 2135 4909; x_wconf 90' lang='lat' dir='ltr'><strong>In</strong></span> <span class='ocrx_word' id='word_1_801' title='bbox 2191 4856 2364 4926; x_wconf 87' lang='lat' dir='ltr'><strong>primo</strong></span> <span class='ocrx_word' id='word_1_802' title='bbox 2418 4854 2729 4927; x_wconf 80' lang='lat' dir='ltr'><strong>Regnorum</strong></span> <span class='ocrx_word' id='word_1_803' title='bbox 2788 4857 2931 4910; x_wconf 88' lang='lat' dir='ltr'><strong>lihro</strong></span> <span class='ocrx_word' id='word_1_804' title='bbox 2981 4857 3197 4928; x_wconf 78' lang='lat' dir='ltr'><strong>legitur,</strong></span> <span class='ocrx_word' id='word_1_805' title='bbox 3237 4870 3359 4910; x_wconf 91' lang='lat' dir='ltr'><strong>cum</strong></span> <span class='ocrx_word' id='word_1_806' title='bbox 3409 4854 3506 4909; x_wconf 84' lang='lat' dir='ltr'><strong>lilii</strong></span> 
     </span>
    </p>
   </div>
   <div class='ocr_carea' id='block_1_110' title="bbox 1938 4948 3506 5016">
    <p class='ocr_par' dir='ltr' id='par_1_110' title="bbox 1938 4948 3506 5016">
     <span class='ocr_line' id='line_1_110' title="bbox 1938 4948 3506 5016; baseline 0.001 -13"><span class='ocrx_word' id='word_1_807' title='bbox 1938 4948 2053 5004; x_wconf 89' lang='lat' dir='ltr'><strong>Heli</strong></span> <span class='ocrx_word' id='word_1_808' title='bbox 2090 4950 2143 5004; x_wconf 92' lang='lat' dir='ltr'><strong>in</strong></span> <span class='ocrx_word' id='word_1_809' title='bbox 2182 4951 2324 5007; x_wconf 89' lang='lat' dir='ltr'><strong>bello</strong></span> <span class='ocrx_word' id='word_1_810' title='bbox 2351 4950 2701 5016; x_wconf 86' lang='lat' dir='ltr'><strong>cecidissent,</strong></span> <span class='ocrx_word' id='word_1_811' title='bbox 2744 4966 2933 5007; x_wconf 90' lang='lat' dir='ltr'><strong>eorum</strong></span> <span class='ocrx_word' id='word_1_812' title='bbox 2970 4965 3168 5005; x_wconf 82' lang='lat' dir='ltr'><strong>uxores</strong></span> <span class='ocrx_word' id='word_1_813' title='bbox 3202 4950 3395 5007; x_wconf 81' lang='lat' dir='ltr'><strong>viduas</strong></span> <span class='ocrx_word' id='word_1_814' title='bbox 3424 4967 3506 5005; x_wconf 90' lang='lat' dir='ltr'><strong>re-</strong></span> 
     </span>
    </p>
   </div>
   <div class='ocr_carea' id='block_1_111' title="bbox 1935 5042 3509 5113">
    <p class='ocr_par' dir='ltr' id='par_1_111' title="bbox 1935 5042 3509 5113">
     <span class='ocr_line' id='line_1_111' title="bbox 1935 5042 3509 5113; baseline 0.001 -18"><span class='ocrx_word' id='word_1_815' title='bbox 1935 5042 2118 5105; x_wconf 86' lang='lat' dir='ltr'><strong>lictas,</strong></span> <span class='ocrx_word' id='word_1_816' title='bbox 2147 5058 2365 5113; x_wconf 89' lang='lat' dir='ltr'><strong>gravem</strong></span> <span class='ocrx_word' id='word_1_817' title='bbox 2419 5044 2753 5100; x_wconf 89' lang='lat' dir='ltr'><strong>sustinuisse</strong></span> <span class='ocrx_word' id='word_1_818' title='bbox 2799 5058 3055 5101; x_wconf 86' lang='lat' dir='ltr'><strong>mortem.</strong></span> <span class='ocrx_word' id='word_1_819' title='bbox 3096 5045 3276 5112; x_wconf 84' lang='lat' dir='ltr'><strong>Quare</strong></span> <span class='ocrx_word' id='word_1_820' title='bbox 3304 5046 3509 5100; x_wconf 86' lang='lat' dir='ltr'><strong>dicitur</strong></span> 
     </span>
    </p>
   </div>
   <div class='ocr_carea' id='block_1_112' title="bbox 1937 5134 3507 5209">
    <p class='ocr_par' dir='ltr' id='par_1_112' title="bbox 1937 5134 3507 5209">
     <span class='ocr_line' id='line_1_112' title="bbox 1937 5134 3507 5209; baseline 0.001 -19"><span class='ocrx_word' id='word_1_821' title='bbox 1937 5134 2238 5190; x_wconf 88' lang='lat' dir='ltr'><strong>secundum</strong></span> <span class='ocrx_word' id='word_1_822' title='bbox 2268 5134 2677 5207; x_wconf 87' lang='lat' dir='ltr'><strong>Symmachum,</strong></span> <span class='ocrx_word' id='word_1_823' title='bbox 2713 5136 2780 5191; x_wconf 83' lang='lat' dir='ltr'><strong>Et</strong></span> <span class='ocrx_word' id='word_1_824' title='bbox 2808 5137 3038 5193; x_wconf 78' lang='lat' dir='ltr'><strong>viduatte</strong></span> <span class='ocrx_word' id='word_1_825' title='bbox 3064 5156 3245 5194; x_wconf 88' lang='lat' dir='ltr'><strong>eorum</strong></span> <span class='ocrx_word' id='word_1_826' title='bbox 3265 5157 3368 5194; x_wconf 91' lang='lat' dir='ltr'><strong>non</strong></span> <span class='ocrx_word' id='word_1_827' title='bbox 3390 5140 3507 5209; x_wconf 87' lang='lat' dir='ltr'><strong>plo-</strong></span> 
     </span>
    </p>
   </div>
   <div class='ocr_carea' id='block_1_113' title="bbox 1936 5230 3601 5303">
    <p class='ocr_par' dir='ltr' id='par_1_113' title="bbox 1936 5230 3601 5303">
     <span class='ocr_line' id='line_1_113' title="bbox 1936 5230 3601 5303; baseline 0.004 -23"><span class='ocrx_word' id='word_1_828' title='bbox 1936 5236 2184 5281; x_wconf 90' lang='lat' dir='ltr'><strong>raverunt</strong></span> <span class='ocrx_word' id='word_1_829' title='bbox 2211 5243 2229 5281; x_wconf 87' lang='lat'><strong><em>:</em></strong></span> <span class='ocrx_word' id='word_1_830' title='bbox 2259 5244 2438 5299; x_wconf 90' lang='lat' dir='ltr'><strong>neque</strong></span> <span class='ocrx_word' id='word_1_831' title='bbox 2466 5230 2607 5284; x_wconf 91' lang='lat' dir='ltr'><strong>enim</strong></span> <span class='ocrx_word' id='word_1_832' title='bbox 2644 5230 2983 5286; x_wconf 77' lang='lat' dir='ltr'><strong>exsistebant</strong></span> <span class='ocrx_word' id='word_1_833' title='bbox 3010 5242 3067 5287; x_wconf 89' lang='lat' dir='ltr'><strong>ut</strong></span> <span class='ocrx_word' id='word_1_834' title='bbox 3092 5232 3220 5288; x_wconf 85' lang='lat' dir='ltr'><strong>ﬂere</strong></span> <span class='ocrx_word' id='word_1_835' title='bbox 3250 5239 3505 5303; x_wconf 83' lang='lat' dir='ltr'><strong>possent;</strong></span> <span class='ocrx_word' id='word_1_836' title='bbox 3598 5248 3601 5251; x_wconf 63' lang='lat'><strong><em>‘</em></strong></span> 
     </span>
    </p>
   </div>
   <div class='ocr_carea' id='block_1_114' title="bbox 1932 5308 3505 5391">
    <p class='ocr_par' dir='ltr' id='par_1_114' title="bbox 1932 5308 3505 5391">
     <span class='ocr_line' id='line_1_114' title="bbox 1932 5308 3505 5391; baseline 0.002 -19"><span class='ocrx_word' id='word_1_837' title='bbox 1932 5334 2058 5373; x_wconf 90' lang='lat' dir='ltr'><strong>nam</strong></span> <span class='ocrx_word' id='word_1_838' title='bbox 2086 5334 2193 5373; x_wconf 88' lang='lat' dir='ltr'><strong>una</strong></span> <span class='ocrx_word' id='word_1_839' title='bbox 2224 5336 2347 5374; x_wconf 89' lang='lat' dir='ltr'><strong>cum</strong></span> <span class='ocrx_word' id='word_1_840' title='bbox 2376 5328 2533 5391; x_wconf 86' lang='lat' dir='ltr'><strong>partu</strong></span> <span class='ocrx_word' id='word_1_841' title='bbox 2566 5337 2667 5376; x_wconf 87' lang='lat' dir='ltr'><strong>suo</strong></span> <span class='ocrx_word' id='word_1_842' title='bbox 2695 5322 2981 5377; x_wconf 55' lang='lat' dir='ltr'><strong>exstinctus</strong></span> <span class='ocrx_word' id='word_1_843' title='bbox 3012 5332 3159 5385; x_wconf 79' lang='lat' dir='ltr'><strong>sunt,</strong></span> <span class='ocrx_word' id='word_1_844' title='bbox 3188 5331 3245 5377; x_wconf 92' lang='lat' dir='ltr'><strong>ut</strong></span> <span class='ocrx_word' id='word_1_845' title='bbox 3271 5308 3373 5377; x_wconf 73' lang='lat' dir='ltr'><strong>fert</strong></span> <span class='ocrx_word' id='word_1_846' title='bbox 3392 5322 3505 5376; x_wconf 67' lang='lat' dir='ltr'><strong>haec</strong></span> 
     </span>
    </p>
   </div>
   <div class='ocr_carea' id='block_1_115' title="bbox 1932 5410 3505 5482">
    <p class='ocr_par' dir='ltr' id='par_1_115' title="bbox 1932 5410 3505 5482">
     <span class='ocr_line' id='line_1_115' title="bbox 1932 5410 3505 5482; baseline 0.001 -17"><span class='ocrx_word' id='word_1_847' title='bbox 1932 5410 2203 5467; x_wconf 87' lang='lat' dir='ltr'><strong>historia:</strong></span> <span class='ocrx_word' id='word_1_848' title='bbox 2232 5410 2303 5466; x_wconf 89' lang='lat' dir='ltr'><strong>Et</strong></span> <span class='ocrx_word' id='word_1_849' title='bbox 2346 5413 2546 5482; x_wconf 80' lang='lat' dir='ltr'><strong>factum</strong></span> <span class='ocrx_word' id='word_1_850' title='bbox 2587 5425 2665 5470; x_wconf 82' lang='lat' dir='ltr'><strong>est</strong></span> <span class='ocrx_word' id='word_1_851' title='bbox 2707 5416 2759 5469; x_wconf 87' lang='lat' dir='ltr'><strong>in</strong></span> <span class='ocrx_word' id='word_1_852' title='bbox 2799 5414 2980 5470; x_wconf 88' lang='lat' dir='ltr'><strong>diebus</strong></span> <span class='ocrx_word' id='word_1_853' title='bbox 3020 5416 3128 5469; x_wconf 83' lang='lat' dir='ltr'><strong>illis</strong></span> <span class='ocrx_word' id='word_1_854' title='bbox 3160 5426 3505 5469; x_wconf 81' lang='lat' dir='ltr'><strong>convenerunt</strong></span> 
     </span>
    </p>
   </div>
   <div class='ocr_carea' id='block_1_116' title="bbox 1931 5503 3505 5575">
    <p class='ocr_par' dir='ltr' id='par_1_116' title="bbox 1931 5503 3505 5575">
     <span class='ocr_line' id='line_1_116' title="bbox 1931 5503 3505 5575; baseline 0.003 -19"><span class='ocrx_word' id='word_1_855' title='bbox 1931 5503 2190 5575; x_wconf 81' lang='lat' dir='ltr'><strong>allophyli</strong></span> <span class='ocrx_word' id='word_1_856' title='bbox 2238 5507 2293 5560; x_wconf 90' lang='lat' dir='ltr'><strong>in</strong></span> <span class='ocrx_word' id='word_1_857' title='bbox 2344 5506 2538 5563; x_wconf 88' lang='lat' dir='ltr'><strong>bellum</strong></span> <span class='ocrx_word' id='word_1_858' title='bbox 2580 5518 2769 5563; x_wconf 88' lang='lat' dir='ltr'><strong>contra</strong></span> <span class='ocrx_word' id='word_1_859' title='bbox 2818 5507 2995 5563; x_wconf 81' lang='lat' dir='ltr'><strong>Israel</strong></span> <span class='ocrx_word' id='word_1_860' title='bbox 3018 5510 3096 5574; x_wconf 69' lang='grc' dir='ltr'><strong>⁵ος</strong></span> <span class='ocrx_word' id='word_1_861' title='bbox 3136 5508 3332 5562; x_wconf 68' lang='lat' dir='ltr'><strong>deinde</strong></span> <span class='ocrx_word' id='word_1_862' title='bbox 3376 5523 3505 5562; x_wconf 90' lang='lat' dir='ltr'><strong>vero</strong></span> 
     </span>
    </p>
   </div>
   <div class='ocr_carea' id='block_1_117' title="bbox 1934 5600 3502 5673">
    <p class='ocr_par' dir='ltr' id='par_1_117' title="bbox 1934 5600 3502 5673">
     <span class='ocr_line' id='line_1_117' title="bbox 1934 5600 3502 5673; baseline 0.004 -23"><span class='ocrx_word' id='word_1_863' title='bbox 1934 5610 2059 5653; x_wconf 84' lang='lat' dir='ltr'><strong>cum</strong></span> <span class='ocrx_word' id='word_1_864' title='bbox 2092 5600 2290 5656; x_wconf 81' lang='lat' dir='ltr'><strong>exisset</strong></span> <span class='ocrx_word' id='word_1_865' title='bbox 2320 5602 2553 5672; x_wconf 86' lang='lat' dir='ltr'><strong>p0pulus</strong></span> <span class='ocrx_word' id='word_1_866' title='bbox 2580 5601 2647 5657; x_wconf 85' lang='lat' dir='ltr'><strong>ad</strong></span> <span class='ocrx_word' id='word_1_867' title='bbox 2678 5618 2936 5673; x_wconf 85' lang='lat' dir='ltr'><strong>pugnam,</strong></span> <span class='ocrx_word' id='word_1_868' title='bbox 2972 5601 3151 5656; x_wconf 79' lang='lat' dir='ltr'><strong>Ca&#39;sus</strong></span> <span class='ocrx_word' id='word_1_869' title='bbox 3182 5610 3278 5666; x_wconf 79' lang='lat' dir='ltr'><strong>est,</strong></span> <span class='ocrx_word' id='word_1_870' title='bbox 3305 5602 3502 5671; x_wconf 79' lang='lat' dir='ltr'><strong>inquit,</strong></span> 
     </span>
    </p>
   </div>
   <div class='ocr_carea' id='block_1_118' title="bbox 321 5709 1931 5796">
    <p class='ocr_par' dir='ltr' id='par_1_118' title="bbox 321 5709 1931 5796">
     <span class='ocr_line' id='line_1_118' title="bbox 321 5709 1931 5796; baseline 0.005 -29"><span class='ocrx_word' id='word_1_871' title='bbox 321 5712 368 5744; x_wconf 84' lang='grc'><strong>³⁸</strong></span> <span class='ocrx_word' id='word_1_872' title='bbox 397 5709 533 5768; x_wconf 87' lang='lat' dir='ltr'><strong>Gen.</strong></span> <span class='ocrx_word' id='word_1_873' title='bbox 562 5729 717 5777; x_wconf 81' lang='lat' dir='ltr'><strong>xvnt,</strong></span> <span class='ocrx_word' id='word_1_874' title='bbox 745 5712 835 5767; x_wconf 79' lang='lat'><strong>20.</strong></span> <span class='ocrx_word' id='word_1_875' title='bbox 912 5710 1001 5765; x_wconf 82' lang='grc'><strong>⁸⁸1</strong></span> <span class='ocrx_word' id='word_1_876' title='bbox 1036 5712 1166 5781; x_wconf 79' lang='lat' dir='ltr'><strong>Reg.</strong></span> <span class='ocrx_word' id='word_1_877' title='bbox 1202 5728 1275 5775; x_wconf 85' lang='lat' dir='ltr'><strong>tv.</strong></span> <span class='ocrx_word' id='word_1_878' title='bbox 1301 5729 1398 5767; x_wconf 82' lang='lat' dir='ltr'><strong>vn.</strong></span> <span class='ocrx_word' id='word_1_879' title='bbox 1477 5714 1521 5745; x_wconf 80' lang='lat'>“</span> <span class='ocrx_word' id='word_1_880' title='bbox 1558 5718 1589 5796; x_wconf 23' lang='grc' dir='ltr'><strong>Ι.</strong></span> <span class='ocrx_word' id='word_1_881' title='bbox 1606 5713 1740 5792; x_wconf 80' lang='lat' dir='ltr'><strong>Reg.</strong></span> <span class='ocrx_word' id='word_1_882' title='bbox 1773 5733 1849 5785; x_wconf 83' lang='lat' dir='ltr'><strong>tv,</strong></span> <span class='ocrx_word' id='word_1_883' title='bbox 1880 5718 1931 5776; x_wconf 76' lang='grc' dir='ltr'>ί.</span> 
     </span>
    </p>
   </div>
   <div class='ocr_carea' id='block_1_119' title="bbox 324 5804 1407 5880">
    <p class='ocr_par' dir='ltr' id='par_1_119' title="bbox 324 5804 1407 5880">
     <span class='ocr_line' id='line_1_119' title="bbox 324 5804 1407 5880; baseline 0.004 -21"><span class='ocrx_word' id='word_1_884' title='bbox 324 5806 401 5880; x_wconf 80' lang='grc'><strong>(1)</strong></span> <span class='ocrx_word' id='word_1_885' title='bbox 437 5804 696 5879; x_wconf 82' lang='lat' dir='ltr'><strong>Syntaxis</strong></span> <span class='ocrx_word' id='word_1_886' title='bbox 724 5807 961 5880; x_wconf 74' lang='lat' dir='ltr'><strong>postulat</strong></span> <span class='ocrx_word' id='word_1_887' title='bbox 987 5806 1204 5874; x_wconf 80' lang='grc' dir='ltr'>αὐτούς.</span> <span class='ocrx_word' id='word_1_888' title='bbox 1249 5806 1407 5865; x_wconf 75' lang='lat' dir='ltr'><strong>Enn.</strong></span> 
     </span>
    </p>
   </div>
  </div>
