4004 6528
569 305 674 366 933

1232 307 1495 364 EUSEBll
1530 308 2010 365 C/ESMUENSIS
2047 307 2196 364 OPP.
2238 306 2420 363 PARS
2460 305 2544 362 111.
2578 338 2647 347 -
2683 305 3088 363 EXEGETICA.

3694 311 3790 368 936

571 428 747 484 Israel
776 443 793 482 :
820 436 869 484 et
901 427 1046 498 facta
1089 436 1168 481 est
1200 428 1359 499 plaga
1399 444 1592 497 magna
1621 427 1772 482 valde
1803 442 1821 480 :
1853 437 1903 482 et
1940 429 2127 483 cecide-

2237 425 2347 481 Kal
2387 423 2641 496 ἐγενήθη
2674 423 2744 479 ἑν
2770 423 2898 490 ταῖς
2940 422 3188 494 ἡμέραις
3214 424 3490 488 ἐκείναις,
3525 426 3618 477 καὶ
3654 441 3793 478 συν-

566 532 693 575 runt
722 522 786 575 de
813 521 986 576 Israel
1019 521 1239 591 triginta
1268 521 1440 575 millia
1468 537 1533 575 ea:
1569 520 1840 576 ordinibus
1877 537 1894 574 :
1923 530 1989 574 et.
2012 537 2140 574 arca

562 614 668 669 .Dei
695 623 852 683 capta
887 624 986 678 est,
1018 623 1069 669 et
1099 613 1253 667 ambo
1289 613 1390 678 ﬁlii
1420 613 1544 668 Heli
1569 615 1766 669 mortui
1794 623 1937 679 sunt,
1965 613 2138 684 Opimi

565 715 618 759 et
652 705 894 760 Phinees.
932 704 999 758 Et
1039 705 1272 759 cucurrit
1303 705 1383 759 vir
1422 703 1710 760 Jemina'us
1753 722 1818 760 ex
1845 707 2057 770 castris,
2089 715 2139 760 et

565 798 702 851 venit
732 797 789 850 in
814 795 985 851 Silam
1015 799 1068 850 in
1098 797 1195 850 illa
1224 795 1331 862 die,
1363 797 1533 851 scissa
1563 808 1720 860 veste,
1749 807 1800 852 et
1829 814 2137 868 conspersus

562 887 768 955 pulvere
792 898 967 956 caput.
1000 887 1067 941 Et
1096 905 1210 942 ecce
1241 887 1362 942 Heli
1395 889 1448 942 in
1472 888 1605 942 sella
1627 888 1698 942 ad
1717 900 1924 959 portam
1954 901 2138 945 contra

565 978 762 1034 bivium
799 986 1064 1050 spectans.
1098 981 1232 1035 Erat
1255 982 1396 1036 enim
1428 998 1520 1036 cor
1547 982 1660 1052 ejus
1685 998 1874 1051 pavens
1894 999 1990 1052 pro
2009 1001 2137 1037 arca

564 1069 682 1128 Dei.
718 1070 833 1127 Sub
877 1073 991 1128 haec
1035 1073 1240 1128 dicitur
1273 1091 1287 1128 :
1324 1071 1459 1126 Erat
1499 1083 1674 1128 autem
1711 1073 1832 1128 Heli
1859 1075 2014 1144 quasi
2042 1091 2137 1129 no-

561 1163 783 1232 naginta
815 1172 929 1218 octo
961 1180 1240 1226 annorum,
1274 1173 1325 1219 et
1354 1165 1496 1219 oculi
1532 1164 1646 1234 ejus
1680 1164 2054 1235 caligaverant,
2085 1175 2136 1220 et

563 1269 666 1306 non
699 1253 926 1310 videbat.
974 1252 1038 1308 Et
1070 1255 1150 1308 vir
1179 1255 1270 1309 ille
1297 1255 1547 1310 accedens
1569 1255 1742 1310 dixit:
1767 1255 1878 1326 Ego
1907 1274 2022 1310 sum
2047 1260 2136 1328 qui

561 1347 674 1400 veni
701 1363 766 1402 ex
788 1349 999 1410 castris,
1021 1356 1071 1402 et
1092 1364 1184 1417 ego
1211 1363 1276 1402 ea:
1297 1347 1408 1401 acie
1434 1347 1547 1418 fugi
1569 1347 1740 1402 hodie.
1766 1347 1834 1400 Et
1866 1349 1963 1413 ait,
1995 1349 2134 1415 Quid

563 1449 738 1493 actum
769 1450 867 1505 est,
912 1440 994 1510 [ili
1031 1441 1147 1496 mi?
1192 1439 1261 1493 Et
1287 1441 1553 1508 respondit
1580 1455 1708 1508 puer
1738 1449 1787 1494 et
1814 1439 1947 1495 dixit
1974 1457 1990 1494 :
2025 1440 2136 1493 Fu-

555 1525 656 1595 git,
689 1525 887 1595 inquit,
919 1525 1092 1581 Israel
1126 1545 1157 1581 a
1185 1528 1324 1596 facie
1368 1528 1780 1598 allophylorum,
1807 1539 1856 1584 et
1885 1530 2029 1598 facta
2058 1540 2134 1584 est

558 1614 718 1684 plaga
743 1632 934 1684 magna
963 1616 1017 1669 in
1044 1617 1259 1685 populo,
1286 1625 1334 1670 et
1360 1616 1513 1670 ambo
1538 1616 1640 1684 ﬁlii
1666 1617 1744 1670 tui
1772 1619 1967 1673 mortui
1990 1628 2131 1682 sunt,

556 1715 607 1758 et
637 1722 764 1760 arca
792 1707 892 1760 Dei
924 1719 1079 1777 capta
1111 1708 1318 1764 est-Et
1346 1709 1549 1778 factum
1583 1721 1661 1765 est
1694 1727 1812 1765 cum
1843 1727 2132 1766 memoras-

2239 519 2598 588 αθροίζονται
2625 519 2960 586 ἀλλόφυλοι
2988 519 3075 583 εις
3105 516 3370 585 πόλεμον
3403 516 3502 568 ἐπὶ
3533 517 3789 584 Ἰσραήλ·

2240 607 2338 666 εἷθ’
2381 611 2507 683 ὲξῆς
2544 610 2891 684 προελθόντος
2938 609 3031 662 τοῦ
3088 608 3216 662 λαοῦ
3269 611 3347 672 εἰς
3396 609 3487 661 τὸν
3537 608 3791 678 πόλεμον,

2238 705 2458 767 Πταίει,
2489 705 2670 776 φησὶν,
2701 701 2855 771 ἀνὴρ
2893 699 3127 769 Ἰσραήλ
3147 718 3160 730 ⁸
3199 701 3296 754 καὶ
3329 700 3566 770 ἐγένετο
3602 702 3791 768 πληγὴ

2231 796 2464 867 μεγάλη
2496 796 2760 866 σφόδρα·
2795 795 2891 848 καὶ
2919 793 3149 847 ἔπεσαν
3170 791 3240 856 ἐξ
3281 793 3524 862 Ἰσραὴλ
3547 795 3794 860 τριακον-

2236 905 2310 941 τα
2357 887 2622 957 χιλιάδες
2671 885 2980 956 ταγμάτων
3003 901 3017 916 ο
3066 885 3164 939 καὶ
3223 885 3262 952 ή
3311 885 3557 950 κιϐωτὸς
3592 883 3662 936 δὲ
3699 886 3793 939 τοῦ

2239 979 2386 1033 Θεοῦ
2409 977 2663 1046 ἐλήφθη,
2688 977 2787 1032 καὶ
2821 977 3142 1046 ἀμφότεροι
3177 979 3230 1030 ol
3254 976 3369 1030 vlol
3406 975 3562 1030 Ἠλεὶ
3589 975 3793 1030 ἀπέθα-

2235 1089 2364 1134 νον,
2409 1071 2598 1140 Ὀφνεὶ
2637 1069 2732 1124 καὶ
2771 1069 2994 1135 Φινεές.
3021 1069 3130 1123 Kal
3163 1067 3414 1137 ἔδραμεν
3457 1067 3614 1136 ἀνὴρ
3652 1069 3796 1137 Ἰεμι-

2234 1162 2402 1228 ναῖος
2428 1163 2496 1216 ἐκ
2536 1160 2644 1228 τῆς
2691 1160 3092 1230 παρατάξεως,
3130 1161 3227 1214 καὶ
3257 1160 3444 1228 ἦλθεν
3480 1163 3570 1226 εις
3593 1159 3794 1230 Σηλὼμ

2234 1254 2304 1307 ἐν
2337 1253 2410 1322 τῇ
2441 1252 2628 1323 ἡμέρᾳ
2651 1253 2872 1322 ἐκείνῃ,
2899 1254 2970 1308 τὰ
2996 1251 3190 1322 ἱμάτια
3218 1251 3402 1305 αὐτοῦ
3427 1252 3791 1320 διερρωγότα,

2234 1345 2332 1398 καὶ
2367 1345 2440 1414 γῆ
2487 1346 2584 1398 ἐπὶ
2628 1343 2735 1412 τῆς
2782 1343 3052 1413 κεφαλῆς
3081 1343 3287 1398 αὑτοῦ.
3332 1342 3439 1398 Kal
3487 1343 3619 1397 ἰδοὺ
3655 1343 3793 1398 Ἠλεὶ

2235 1437 2333 1489 ἐπὶ
2363 1437 2467 1490 τοῦ
2499 1437 2710 1506 δίφρου
2739 1437 2897 1504 παρὰ
2937 1436 3052 1504 τὴν
3084 1438 3289 1504 πύλην
3329 1437 3649 1492 σκοπεύων
3697 1435 3795 1503 τὴν

2233 1527 2437 1582 δίοδον
2458 1545 2470 1558 ·
2509 1529 2598 1582 ὅτι
2632 1525 2711 1598 ἦν
2750 1527 2788 1594 ἡ
2822 1527 3032 1596 καρδία
3070 1528 3254 1581 αὐτοῦ
3278 1528 3640 1596 ἐξεστηκυῖιι
3676 1529 3792 1596 περὶ

2234 1618 2344 1687 τῆς
2376 1617 2621 1673 κιϐωτοῦ
2669 1618 2774 1672 τοῦ
2829 1617 2996 1672 Θεοῦ.
3045 1613 3160 1671 Εἶθ’
3212 1616 3339 1689 ἑξῆς
3390 1619 3640 1690 εἴρηταιο
3699 1622 3793 1674 Kal

2246 1711 2395 1766 Ἠλεὶ
2427 1713 2502 1778 ὡς
2529 1715 2616 1781 ιιηο
2648 1710 2797 1764 ἐτῶν
2821 1725 2835 1740 ·
2872 1710 2970 1764 καὶ
3009 1713 3061 1764 οι
3087 1711 3375 1780 ὀφθαλμοὶ
3407 1711 3597 1765 αὑτοῦ
3620 1713 3796 1765 ἐπαν-

557 1807 636 1852 set
681 1816 862 1854 arcam
925 1800 1038 1863 Dei,
1097 1803 1283 1855 cecidit
1339 1803 1403 1857 de
1451 1803 1584 1858 sella
1635 1814 1924 1859 retrorsum
1966 1803 2127 1873 juxta

2227 1807 2518 1875 ἐστησαν,
2549 1808 2648 1863 καὶ
2689 1809 2799 1861 οὐκ
2839 1808 3076 1861 ἕϐλεπε.
3123 1807 3232 1860 Kal
3272 1809 3304 1860 ό
3341 1806 3497 1874 ἀνὴρ
3548 1811 3794 1875 προσελ-

557 1894 772 1957 ostium,
798 1905 847 1949 et
872 1897 1154 1950 contritum
1183 1904 1261 1950 est
1291 1895 1508 1951 dorsum
1534 1898 1671 1965 ejus,
1695 1907 1744 1953 et
1771 1907 2008 1953 mortuus
2032 1908 2131 1966 est,

555 1989 681 2056 quia
727 2004 884 2042 senex
924 1989 1078 2043 homo
1106 1999 1222 2044 erat
1262 1999 1311 2044 et
1339 1992 1538 2061 gravis.
1572 1990 1756 2044 Nurus
1798 2001 1971 2045 autem
2018 1991 2132 2060 ejus

554 2093 692 2133 uror
717 2079 936 2135 Pltinees
959 2099 1238 2152 praegnans
1262 2091 1376 2135 erat
1408 2084 1680 2153 vicinaque
1709 2084 1928 2150 partui:
1955 2093 2003 2138 et
2037 2101 2134 2137 au-

557 2168 672 2224 dito
703 2172 887 2226 nuntio
916 2173 1054 2240 quod
1086 2182 1241 2240 capta
1277 2182 1411 2227 esset
1457 2191 1583 2227 arca
1633 2173 1751 2240 Dei,
1798 2183 1848 2229 et
1895 2185 2132 2229 mortuus

555 2273 692 2318 esset
721 2280 870 2318 socer
898 2281 1047 2329 suus,
1093 2274 1140 2318 et
1181 2266 1258 2319 vir
1289 2281 1440 2328 suus,
1471 2267 1614 2335 ﬂevit
1651 2274 1701 2320 et
1743 2267 1960 2334 peperit,
2009 2267 2133 2336 quia

555 2357 826 2410 irruerant
855 2357 1064 2412 dolores
1095 2359 1148 2411 in
1175 2375 1311 2426 eam,
1347 2368 1396 2412 et
1427 2361 1483 2413 in
1515 2369 1741 2428 tempore
1770 2378 1864 2416 suo
1891 2362 1966 2431 (1)
1991 2377 2135 2414 mor-

557 2457 771 2502 tuaest.
807 2447 873 2501 Et
912 2450 1162 2503 dixerunt
1195 2452 1441 2505 mulieres
1490 2467 1606 2522 qua:
1652 2452 1898 2506 astabant
1940 2454 2009 2514 ei,
2056 2451 2134 2506 Ne

540 2540 776 2606 timeas,
824 2541 948 2610 quia
993 2541 1165 2610 ﬁlium
1211 2541 1457 2609 peperisti
1493 2559 1511 2595 :
1548 2558 1664 2612 qua:
1701 2559 1804 2596 non
1842 2544 2128 2612 respondit,

551 2647 718 2700 neque
747 2631 1139 2687 animadvertit.
1175 2631 1369 2687 Postea
1411 2633 1733 2703 subjungit:
1769 2632 1838 2687 Et
1879 2634 2134 2704 allophgli

556 2734 866 2794 acceperunt
898 2741 1079 2779 arcam
1110 2725 1226 2790 Dei,
1255 2735 1303 2780 et
1334 2736 1735 2796 asportaverunt
1767 2743 1883 2780 eam
1914 2728 1968 2780 in
1999 2729 2133 2781 Azo-

559 2821 690 2866 tum.
727 2813 795 2868 Et
827 2825 1135 2883 acceperunt
1169 2816 1432 2886 allophyli
1461 2833 1642 2870 arcam
1681 2815 1920 2881 Domini,
1965 2828 2013 2872 et
2043 2821 2130 2872 in-

557 2907 788 2962 tulerunt
815 2925 932 2962 eam
961 2909 1014 2962 in
1051 2909 1264 2963 domum
1297 2907 1484 2979 Dagon
1507 2908 1572 2962 ”.
1611 2907 1734 2961 Haec
1760 2923 1925 2979 porro
1948 2909 2128 2964 omnia

555 2997 645 3052 hic
672 2997 994 3067 compendio
1033 3007 1405 3054 memorantur
1439 3018 1452 3053 :
1482 3013 1608 3053 nam
1643 2998 1994 3068 subjungitur
2019 3018 2031 3052 :
2061 3031 2130 3040 —-

553 3087 719 3146 Vens.
739 3090 827 3146 65.
851 3089 914 3144 Et
929 3091 1190 3145 excitatus
1207 3100 1283 3146 est
1305 3101 1554 3162 tanquam
1569 3092 1834 3146 dormiens
1849 3093 2124 3156 Dominus,

2231 1899 2352 1955 θὼν
2382 1891 2589 1968 εἶπεν·
2635 1898 2774 1968 Ἐγώ
2806 1901 2924 1968 ειμι
2970 1902 3003 1953 ό
3054 1898 3218 1966 ἥκων
3252 1899 3320 1953 ἐκ
3359 1897 3467 1967 τῆς
3507 1901 3792 1968 παρεμϐο-

2229 1990 2366 2060 λῆς,
2407 1991 2504 2044 καὶ
2533 1991 2646 2059 ἐγὼ
2675 1991 2744 2043 ἐκ
2775 1989 2875 2057 τῆς
2905 1990 3284 2059 παρατάξεως
3319 1993 3593 2059 πέφευγα
3611 1993 3791 2060 σήμε-

2222 2099 2354 2150 ρον.
2382 2081 2492 2135 Kal
2520 2078 2648 2134 εἷπε
2672 2096 2688 2111 ’
2725 2082 2784 2134 Τί
2800 2081 2929 2134 ἐστι
2962 2080 3028 2134 τὸ
3063 2081 3306 2150 γεγονὸς
3323 2079 3508 2150 ῥῆμα,
3544 2083 3792 2143 terror;

2229 2175 2338 2231 Kal
2373 2177 2658 2244 ἀπεκρίθη
2691 2175 2754 2230 τὸ
2781 2174 3112 2244 παιδάριον,
3163 2176 3256 2228 καὶ
3289 2171 3452 2229 εἷπε·
3494 2175 3792 2244 Πέφευτεν

2229 2267 2384 2336 ἀνὴρ
2447 2267 2688 2335 Ἰσραὴλ
2741 2268 2810 2322 ἐκ
2866 2267 3186 2335 προσώπου
3230 2269 3602 2336 ἀλλοφύλων
3623 2309 3642 2332 ,
3703 2268 3790 2320 καὶ

2230 2358 2432 2430 πληγὴ
2461 2359 2691 2429 μεγάλη
2726 2359 2968 2430 γέγονεν
2987 2359 3058 2412 ἐν
3076 2358 3156 2424 τῷ
3180 2358 3326 2424 λαῷ,
3355 2358 3453 2412 καὶ
3477 2360 3792 2429 ἀμφότεροι

2229 2453 2283 2504 ol
2309 2453 2425 2504 vlol
2454 2468 2570 2505 σου
2599 2450 2941 2516 τεθνήκασι,
2989 2451 3086 2504 καὶ
3135 2452 3172 2520 ἡ
3208 2452 3449 2518 κιϐωτὸς
3489 2452 3597 2506 τοῦ
3654 2452 3792 2507 Θεοῦ

2229 2543 2480 2611 ἐλήφθη.
2521 2543 2632 2596 Kal
2680 2542 2935 2612 ἐγένετο,
2963 2543 3042 2608 ὡς
3085 2541 3354 2611 ἐμνήσθη
3396 2541 3506 2611 τῆς
3547 2544 3791 2599 κιϐωτοῦ

2230 2636 2334 2690 τοῦ
2366 2635 2533 2697 Θεοῦ,
2573 2634 2670 2688 καὶ
2714 2634 2936 2689 ἔπεσεν
2961 2635 3078 2688 ἀπὸ
3121 2635 3226 2690 τοῦ
3259 2634 3473 2703 δίφρου
3511 2637 3792 2702 ὀπισθίοις

2227 2725 2511 2794 ἐχόμενος
2533 2723 2643 2793 τῆς
2675 2725 2891 2792 πύλης,
2936 2725 3033 2779 καὶ
3061 2727 3376 2794 συνετρίϐη
3416 2729 3449 2780 ὀ
3479 2725 3674 2793 νῶτος
3695 2728 3798 2782 αὺ-

2230 2813 2355 2878 τοῦ,
2402 2813 2499 2868 καὶ
2540 2813 2866 2869 ἀπέθανεν-
2897 2813 2986 2867 ὅτι
3033 2815 3370 2883 πρεσϐύτης
3417 2819 3451 2869 ὀ
3486 2817 3788 2884 ἄνθρωπος

2227 2905 2324 2958 καὶ
2351 2905 2565 2972 βαρύς.
2595 2903 2706 2957 Kal
2741 2905 2944 2974 νύμφη
2977 2905 3161 2959 αὑτοῦ
3199 2905 3352 2973 γυνη
3401 2908 3606 2974 Φινεὲς
3643 2926 3784 2964 συν-

2228 2997 2508 3066 ειληφυῖα
2550 2996 2654 3050 τοῦ
2697 2999 2890 3051 τεκεῖν
2914 3015 2927 3027 ·
2973 2999 3070 3051 καὶ
3110 2997 3338 3066 ἤκουσε
3387 2999 3502 3068 τὴν
3533 3001 3786 3073 ἀπαγγε-

2227 3091 2389 3153 λίαν,
2435 3089 2524 3144 ὅτι
2568 3090 2804 3160 ἐλήφθη
2831 3093 2870 3160 ἡ
2913 3093 3154 3158 κιϐωτὸς
3191 3093 3294 3148 τοῦ
3343 3093 3523 3158 Θεοῦ,
3563 3096 3664 3149 καὶ
3709 3098 3785 3150 ὅτι

554 3192 807 3253 tanquam
840 3192 1020 3252 potens
1037 3193 1084 3236 et
1105 3160 1416 3250 crapulatus
1441 3202 1473 3238 a
1502 3186 1636 3240 vino.
1671 3184 1964 3254 Postquam
1997 3202 2124 3241 arca

2229 3180 2513 3248 τέθνηκεν
2557 3184 2590 3234 ό
2637 3181 2919 3249 πενθερὸς
2951 3180 3140 3250 αὐτῆς
3181 3182 3276 3236 καὶ
3310 3187 3343 3240 ὁ
3385 3185 3543 3252 ἀνὴρ
3584 3186 3783 3256 αὐτῆς.

553 3283 714 3344 capta
757 3274 858 3328 fuit
909 3276 978 3328 ab
1019 3274 1325 3344 allophylis,
1361 3286 1414 3329 et
1450 3283 1742 3346 postquam
1784 3293 1948 3346 supra
1979 3278 2122 3331 dicta

551 3372 744 3420 contra
777 3365 1033 3434 populum
1073 3374 1226 3436 gesta
1272 3373 1421 3430 sunt,
1464 3381 1618 3422 suam
1653 3366 1796 3422 Deus
1837 3369 2125 3437 providen-

553 3457 686 3512 tiam
731 3465 1210 3524 commonstrans,
1258 3459 1517 3514 invisibili
1570 3461 1772 3516 virtute
1825 3461 2124 3531 allophylos

555 3551 784 3607 incessit
818 3558 871 3605 et
904 3551 1207 3606 ulciscitur.
1257 3551 1439 3617 Quare
1472 3551 1676 3606 dictum
1717 3560 1800 3607 est
1831 3571 1843 3606 :
1887 3550 1954 3604 Et
1987 3553 2126 3606 exci-

555 3653 695 3697 tatus
725 3654 801 3698 est
846 3652 1094 3714 tanquam
1133 3643 1399 3698 dormiens
1428 3642 1708 3704 Dominus,
1747 3652 1996 3713 tanquam
2026 3659 2124 3712 po-

524 3745 663 3790 tens
692 3748 740 3790 et
775 3736 1080 3805 crapulatus
1125 3753 1156 3788 a
1205 3736 1353 3796 vino;
1391 3735 1689 3791 secundum
1740 3733 2122 3805 Symmachum

525 3843 702 3894 τοῖο,
741 3828 1015 3898 Tanquam
1059 3838 1240 3898 potens
1291 3828 1505 3897 loquens
1539 3843 1604 3881 ex
1643 3828 1791 3890 vino;
1825 3825 2124 3882 secundum

527 3921 826 3990 -Aquilam,
882 3920 1156 3991 Tanquam
1206 3929 1386 3988 potens
1417 3919 1719 3988 crapulatus
1744 3934 1808 3973 ex
1837 3920 1974 3972 vino.
2021 3917 2122 3972 De-

554 4009 681 4063 inde
715 4009 954 4078 seipsum
990 4009 1258 4072 excitans,
1297 4009 1548 4064 inimicos
1584 4023 1714 4064 suos
1744 4009 2000 4078 percutit,
2043 4007 2124 4061 vi-

553 4100 748 4154 delicet
783 4100 874 4167 qui
907 4115 1089 4154 arcam
1131 4101 1441 4155 testamenti
1476 4108 1734 4169 ceperant
1783 4097 1969 4165 (Vens.
2008 4097 2120 4167 66),

521 4241 526 4248 .
552 4200 606 4245 ct
634 4191 866 4259 percutit
889 4205 983 4245 eos
1005 4191 1058 4244 in
1089 4192 1410 4260 posteriora,
1435 4191 1637 4260 datque
1666 4190 1745 4245 eis
1773 4190 2122 4260 opprobrium

551 4281 966 4351 sempiternum.
1015 4279 1299 4346 Quomodo
1331 4281 1663 4350 percusserit
1700 4295 1796 4337 eos
1838 4281 1891 4335 in
1935 4288 2119 4351 poste-

551 4374 702 4428 riora
741 4371 968 4426 historia
1000 4371 1262 4433 declarat,
1298 4386 1419 4441 qua:
1452 4372 1533 4426 sic
1579 4371 1741 4426 habet
1769 4371 1824 4424 in
1856 4372 2032 4440 primo
2062 4371 2124 4424 li-

525 4464 654 4520 .bro
703 4463 1014 4535 Regnorum
1037 4463 1082 4493 “
1112 4483 1124 4517 :
1164 4462 1233 4516 Et
1263 4472 1548 4534 aggravata
1579 4471 1655 4516 est
1689 4479 1873 4515 manus
1907 4461 2121 4516 Domini

527 4573 709 4627 ,διερει-
736 4559 973 4623 Azotios,
1013 4569 1060 4613 et
1095 4559 1281 4630 aﬂlixit
1307 4575 1417 4623 eos,
1447 4567 1495 4612 et
1531 4558 1788 4627 percussit
1821 4573 1908 4610 eos
1943 4558 1997 4610 in
2027 4573 2121 4625 po-

524 4652 754 4710 .dicibus
779 4669 981 4717 eorum,
1012 4653 1238 4710 Azotum
1266 4660 1314 4706 et
1342 4652 1471 4721 ﬁnes
1501 4650 1646 4720 ejus;
1672 4657 1726 4705 et
1754 4665 1972 4704 rursum
2005 4669 2017 4703 :
2050 4649 2120 4702 Et

551 4745 815 4800 translata
863 4755 964 4807 est,
1014 4745 1212 4814 inqmt,
1263 4760 1388 4800 arca
1441 4742 1654 4798 Domini
1684 4759 1740 4795 ιιι
1771 4740 2033 4805 Gettltam,
2068 4749 2117 4795 et

550 4837 750 4904 factum
775 4845 852 4890 est
886 4845 1163 4907 postquam
1205 4836 1474 4891 translata
1517 4844 1615 4898 est,
1649 4834 1792 4904 [acta
1821 4843 1899 4888 est
1928 4849 2115 4888 nzanus

551 4929 769 4983 Domini
802 4930 858 4986 in
884 4929 1030 4993 urbe,
1063 4929 1371 4999 fortitudine
1397 4946 1588 5000 magna
1609 4926 1779 4984 valde.
1813 4925 1881 4980 Et
1902 4943 2116 4996 percus-

553 5025 620 5078 sit
653 5024 788 5079 viros
819 5023 964 5077 urbis
996 5041 1028 5078 a
1055 5039 1214 5092 parvo
1242 5041 1402 5094 usque
1431 5021 1499 5076 ad
1529 5039 1797 5093 magnum,
1827 5031 1876 5076 et
1904 5037 2116 5091 percus-

553 5119 621 5171 sit
649 5134 736 5171 eos
767 5118 822 5171 in
849 5117 1118 5186 podicibus
1147 5133 1349 5176 eorum.
1383 5115 1452 5170 Et
1481 5117 1695 5170 mittunt
1725 5131 1906 5168 arcam
1935 5114 2032 5169 Dei
2062 5115 2116 5168 in

525 5208 865 5262 Ascalonem
908 5223 925 5260 :
965 5218 1015 5262 et
1058 5209 1416 5263 clamaverunt
1466 5208 1789 5262 Ascalonita:
1839 5205 2066 5260 dicentes
2098 5221 2116 5258 :

556 5301 699 5368 Quid
750 5299 1013 5354 avertistis
1056 5315 1236 5353 arcam
1281 5297 1379 5351 Dei
1427 5297 1492 5350 ad
1535 5295 1947 5366 interﬁciendum
1979 5298 2114 5352 nos?

557 5392 696 5448 llinc
726 5390 1012 5462 ,subjungit
1043 5409 1056 5444 :
1095 5389 1233 5456 Quia
1263 5387 1407 5457 facta
1455 5397 1532 5443 est
1571 5389 1811 5458 confusio
1849 5389 2030 5444 mortis
2061 5387 2114 5442 in

628 5549 667 5580 δι
696 5545 714 5600 1
744 5546 874 5618 Reg.
906 5563 955 5610 ν,
996 5545 1117 5612 1,2.
1195 5544 1240 5575 "
1273 5542 1427 5605 ibid.,
1459 5542 1511 5596 6.

629 5729 710 5800 (t)
748 5725 807 5782 Id
837 5734 920 5783 est
953 5724 1038 5781 sui
1064 5730 1272 5792 partus.

2227 3273 2324 3326 καὶ
2375 3272 2638 3326 ἔκλαυσε
2693 3274 2790 3328 καὶ
2831 3273 3054 3337 ἔτεκεν,
3098 3275 3186 3328 ὅτι
3231 3275 3702 3346 ἐπεστράφησαν
3733 3283 3785 3331 al

2224 3361 2431 3427 ὠδῖνες
2459 3360 2644 3430 αὐτῆς
2675 3363 2766 3416 ἐπ’
2794 3362 3014 3430 αὑτήν·
3049 3365 3147 3419 καὶ
3185 3346 3254 3420 ἐν
3281 3364 3359 3431 τῷ
3398 3368 3584 3435 καιρῷ
3607 3369 3785 3438 αὐτῆς

2225 3453 2611 3520 ἀποθνήσκει.
2636 3455 2744 3510 Kal
2772 3452 2950 3513 εἶπαν
2977 3456 3130 3525 αὐτῇ
3159 3460 3217 3511 al
3244 3458 3522 3526 γυναῖκες
3545 3463 3606 3513 al
3646 3477 3783 3530 παρ-

2224 3543 2533 3613 εστηκυῖαι
2575 3543 2762 3614 αὐτῇ⁹
2803 3545 2898 3615 Μὴ
2939 3547 3148 3615 φοϐοῦ,
3196 3547 3284 3601 ὅτι
3333 3546 3467 3601 υἱὸν
3513 3549 3781 3616 τέτοκας·

2225 3635 2322 3688 καὶ
2367 3637 2478 3700 οὐκ
2525 3637 2848 3705 ἀπεκρίθη,
2894 3638 2992 3692 καὶ
3037 3641 3149 3693 οὐκ
3191 3639 3449 3707 ἐνόησεν
3493 3640 3532 3707 ἡ
3584 3641 3783 3708 καρδία

2224 3731 2431 3799 αὐτῆς.
2457 3733 2574 3794 ⁵Καὶ
2607 3731 2730 3802 ἑξῆς
2763 3731 3068 3801 ὲπιλέγεται
3099 3732 3306 3796 τούτοις
3326 3749 3340 3762 ο
3373 3733 3482 3787 Kal
3530 3735 3783 3803 ἀλλόφυ-

2224 3828 2320 3878 λοι
2359 3825 2579 3879 ἕλαϐον
2617 3824 2728 3892 τὴν
2772 3825 3017 3883 κιϐωτὸν
3049 3825 3153 3879 τοῦ
3201 3825 3367 3889 Θεοῦ,
3390 3826 3492 3879 καὶ
3522 3826 3782 3895 εισήνεῖω

2225 3935 2342 3975 καν
2390 3918 2585 3984 αὐτὴν
2623 3921 2710 3983 εις
2739 3917 3000 3978 Ἄζωτον.
3041 3917 3152 3970 Kal
3180 3917 3397 3972 ἔλαϐον
3436 3922 3490 3974 ol
3521 3921 3779 3987 ἀλλόφυ-

2223 4013 2321 4064 λοι
2357 4008 2471 4076 τὴν
2514 4008 2760 4062 κιϐωτὸν
2791 4009 3032 4076 Κυρίου,
3072 4008 3169 4062 καὶ
3207 4007 3569 4079 εἰσήνεγκαν
3600 4009 3782 4076 αὐτὴν

2222 4104 2310 4169 εὶς
2351 4098 2521 4156 οἷκον
2559 4101 2778 4171 Δαγὼν.
2822 4101 3038 4156 Τούτων
3083 4102 3146 4171 δὴ
3197 4103 3410 4156 πάντων
3443 4104 3778 4175 ἐπιτέμνεται

2222 4195 2322 4264 τὴν
2354 4195 2569 4266 μνήμην
2595 4197 2624 4247 ὁ
2656 4191 2846 4264 παρὼν
2868 4192 3043 4261 λόγος,
3076 4193 3168 4246 καὶ
3205 4193 3476 4261 ἐπιλέγει·
3512 4196 3622 4248 Kal
3643 4179 3780 4261 ’ἐξη-

2221 4287 2399 4356 γέρθη
2444 4286 2523 4352 ὡς
2563 4289 2596 4340 ό
2634 4284 2842 4339 ὑπνῶν
2884 4287 3115 4354 Κύριος,
3155 4286 3234 4352 ὡς
3266 4286 3522 4354 δυνατὸς
3556 4288 3650 4340 καὶ
3697 4304 3780 4340 πε-

2223 4376 2642 4445 κραιπαληκὼς
2667 4378 2736 4442 ἐξ
2768 4378 2952 4432 οἴνου.
2988 4378 3140 4431 Μετὰ
3181 4378 3240 4430 τὸ
3272 4378 3538 4448 ληφθῆναι
3577 4382 3672 4448 τὴν
3698 4398 3779 4432 κι-

2223 4467 2392 4522 ϐωτὸν
2426 4469 2529 4522 ὑπὸ
2569 4469 2678 4522 τῶν
2709 4468 3036 4536 ἀλλοφύλων,
3069 4471 3161 4521 καὶ
3197 4469 3331 4539 μετὰ
3375 4469 3434 4522 τὸ
3478 4470 3777 4541 πραχϋῆναι

2225 4561 2296 4614 τὰ
2326 4561 2731 4633 προλελεγμένα
2759 4562 2897 4616 κατὰ
2924 4562 3016 4614 τοῦ
3043 4561 3194 4624 λαοῦ,
3222 4560 3317 4628 τὴν
3347 4562 3647 4632 ἐπισκοπὴν
3685 4563 3777 4613 ai.-

2224 4655 2317 4710 τοῦ
2364 4655 2575 4719 δεικνὺς
2623 4657 2652 4708 ὁ
2703 4654 2867 4717 Θεὸς,
2920 4654 3234 4725 μετέρχεται
3284 4656 3406 4716 τοὺς
3461 4653 3778 4722 ἀλλοφύλους

2223 4747 2437 4818 ἀοράτῳ
2467 4747 2690 4818 δυνάμει
2721 4747 2960 4812 κολάζων
2990 4746 3202 4810 αὐτούς.
3239 4746 3326 4800 Διὸ
3362 4745 3640 4800 λέλεκται·
3671 4745 3774 4799 Kal

2222 4837 2507 4908 ἐξηγέρθη
2533 4838 2612 4904 ὠς
2637 4842 2670 4892 ό
2695 4837 2900 4895 ὑπνῶν
2925 4839 3157 4906 Κύριος,
3177 4838 3258 4903 ὡς
3279 4837 3534 4903 δυνατὸς
3560 4852 3775 4904 κεχρω-

2201 4925 2504 4994 ,παληκὼς
2554 4927 2625 4991 ἐξ
2668 4928 2870 4981 οινουο
2908 4928 3049 4982 κατὰ
3092 4927 3149 4980 δὲ
3192 4926 3281 4982 τὸν
3329 4927 3638 4998 Σύμμαχον,
3683 4926 3774 4989 Ὡς

2220 5020 2476 5086 δυνατὸς
2497 5020 2797 5074 δωλαλὼν
2827 5020 2896 5085 ἐξ
2919 5021 3116 5075 οἷνου’
3144 5019 3286 5075 κατὰ
3313 5021 3368 5074 δὲ
3402 5021 3493 5074 τὸν
3534 5019 3770 5080 Ἀκύλαν,

2231 5114 2325 5180 Ὡς
2361 5112 2618 5179 δυνατὸς
2661 5112 3148 5182 κεκραιπιῄηκὼς
3190 5113 3260 5178 ἐξ
3292 5115 3480 5168 οἴνου.
3511 5110 3636 5167 Εἶτα
3669 5111 3771 5164 διε-

2221 5207 2412 5278 γείρας
2454 5207 2613 5270 αὐτὸς
2646 5207 2856 5267 ἑαυτὸν,
2892 5206 3157 5260 πατάσσει
3185 5207 3310 5269 τοὺς
3342 5205 3566 5279 ἐχθροὺς
3593 5202 3766 5264 αὑτοῦ»

2219 5297 2417 5369 δηλαδὴ
2451 5297 2572 5360 τοὺς
2617 5296 2714 5368 τὴν
2762 5296 2990 5350 κιϐωτὸν
3028 5295 3128 5366 τῆς
3170 5296 3441 5366 Διαθήκης
3484 5291 3767 5348 ἀπολαὸὁν-

2207 5404 2347 5452 τας·
2402 5387 2496 5442 καὶ
2529 5389 2791 5443 πατάσσει
2839 5388 3033 5453 αὐτοὺς
3063 5389 3153 5468 εἰς,
3174 5386 3244 5442 τὰ
3269 5385 3462 5451 ὀπίσω,
3503 5380 3672 5442 δίδωσί
3707 5396 3768 5433 τε
