  <div class='ocr_page' id='page_1' title='image "/cluster/home/n/w/nwhite01/storage/ocr_20150623/23/hvd.32044019207711/498.png"; bbox 0 0 4004 6558; ppageno 0'>
   <div class='ocr_carea' id='block_1_1' title="bbox 301 332 406 389">
    <p class='ocr_par' dir='ltr' id='par_1_1' title="bbox 301 332 406 389">
     <span class='ocr_line' id='line_1_1' title="bbox 301 332 406 389; baseline -0.029 0"><span class='ocrx_word' id='word_1_1' title='bbox 301 332 406 389; x_wconf 79' lang='lat'><strong>957</strong></span> 
     </span>
    </p>
   </div>
   <div class='ocr_carea' id='block_1_2' title="bbox 1425 330 2414 389">
    <p class='ocr_par' dir='ltr' id='par_1_2' title="bbox 1425 330 2414 389">
     <span class='ocr_line' id='line_1_2' title="bbox 1425 330 2414 389; baseline -0.001 0"><span class='ocrx_word' id='word_1_2' title='bbox 1425 331 1929 389; x_wconf 73' lang='lat' dir='ltr'><strong><em>COMMENTARIA</em></strong></span> <span class='ocrx_word' id='word_1_3' title='bbox 1967 330 2035 387; x_wconf 79' lang='lat' dir='ltr'>IN</span> <span class='ocrx_word' id='word_1_4' title='bbox 2073 330 2414 388; x_wconf 80' lang='lat' dir='ltr'><strong><em>PSALMOS.</em></strong></span> 
     </span>
    </p>
   </div>
   <div class='ocr_carea' id='block_1_3' title="bbox 3445 331 3557 390">
    <p class='ocr_par' dir='ltr' id='par_1_3' title="bbox 3445 331 3557 390">
     <span class='ocr_line' id='line_1_3' title="bbox 3445 331 3557 390; baseline 0.036 -4"><span class='ocrx_word' id='word_1_5' title='bbox 3445 331 3557 390; x_wconf 75' lang='lat'><strong><em>938</em></strong></span> 
     </span>
    </p>
   </div>
   <div class='ocr_carea' id='block_1_4' title="bbox 297 445 1866 520">
    <p class='ocr_par' dir='ltr' id='par_1_4' title="bbox 297 447 1866 514">
     <span class='ocr_line' id='line_1_4' title="bbox 297 447 1866 514; baseline 0.001 -11"><span class='ocrx_word' id='word_1_6' title='bbox 297 447 479 512; x_wconf 75' lang='grc' dir='ltr'><em>αὐτοῖς</em></span> <span class='ocrx_word' id='word_1_7' title='bbox 509 448 707 512; x_wconf 74' lang='grc' dir='ltr'><em>ὄνειδος</em></span> <span class='ocrx_word' id='word_1_8' title='bbox 736 447 973 505; x_wconf 72' lang='grc' dir='ltr'><em>αἰώνιον.</em></span> <span class='ocrx_word' id='word_1_9' title='bbox 1007 450 1130 514; x_wconf 83' lang='grc' dir='ltr'><strong><em>Πῶς</em></strong></span> <span class='ocrx_word' id='word_1_10' title='bbox 1159 450 1216 504; x_wconf 82' lang='grc' dir='ltr'><em>δὲ</em></span> <span class='ocrx_word' id='word_1_11' title='bbox 1256 450 1336 514; x_wconf 84' lang='grc' dir='ltr'><strong><em>είς</em></strong></span> <span class='ocrx_word' id='word_1_12' title='bbox 1363 451 1433 505; x_wconf 82' lang='grc' dir='ltr'><em>τὰ</em></span> <span class='ocrx_word' id='word_1_13' title='bbox 1457 451 1631 505; x_wconf 83' lang='grc' dir='ltr'>ὀπίσω</span> <span class='ocrx_word' id='word_1_14' title='bbox 1674 451 1866 505; x_wconf 72' lang='grc' dir='ltr'><em>ἐπάτα-</em></span> 
     </span>
    </p>
   </div>
   <div class='ocr_carea' id='block_1_5' title="bbox 1969 445 3555 520">
    <p class='ocr_par' dir='ltr' id='par_1_5' title="bbox 1973 445 3555 520">
     <span class='ocr_line' id='line_1_5' title="bbox 1973 445 3555 520; baseline -0.001 -16"><span class='ocrx_word' id='word_1_15' title='bbox 1973 459 2086 505; x_wconf 91' lang='lat' dir='ltr'><strong><em>tota</em></strong></span> <span class='ocrx_word' id='word_1_16' title='bbox 2107 455 2234 504; x_wconf 99' lang='lat' dir='ltr'><strong><em>urbe</em></strong></span> <span class='ocrx_word' id='word_1_17' title='bbox 2254 451 2433 520; x_wconf 84' lang='lat' dir='ltr'><strong><em>gravis</em></strong></span> <span class='ocrx_word' id='word_1_18' title='bbox 2470 449 2644 514; x_wconf 79' lang='lat' dir='ltr'><strong><em>valde,</em></strong></span> <span class='ocrx_word' id='word_1_19' title='bbox 2684 459 2742 503; x_wconf 87' lang='lat' dir='ltr'><strong><em>ut</em></strong></span> <span class='ocrx_word' id='word_1_20' title='bbox 2775 448 2993 503; x_wconf 84' lang='lat' dir='ltr'><strong><em>intravit</em></strong></span> <span class='ocrx_word' id='word_1_21' title='bbox 3017 463 3142 501; x_wconf 87' lang='lat' dir='ltr'><strong><em>arca</em></strong></span> <span class='ocrx_word' id='word_1_22' title='bbox 3179 445 3278 500; x_wconf 90' lang='lat' dir='ltr'><strong><em>Dei</em></strong></span> <span class='ocrx_word' id='word_1_23' title='bbox 3309 445 3472 501; x_wconf 83' lang='lat' dir='ltr'><strong><em>illuc:</em></strong></span> <span class='ocrx_word' id='word_1_24' title='bbox 3502 458 3555 502; x_wconf 86' lang='lat' dir='ltr'><strong><em>et</em></strong></span> 
     </span>
    </p>
   </div>
   <div class='ocr_carea' id='block_1_6' title="bbox 298 538 1877 612">
    <p class='ocr_par' dir='ltr' id='par_1_6' title="bbox 298 538 1877 612">
     <span class='ocr_line' id='line_1_6' title="bbox 298 538 1877 612; baseline 0.001 -20"><span class='ocrx_word' id='word_1_25' title='bbox 298 538 386 606; x_wconf 77' lang='grc' dir='ltr'><strong><em>ξεν</em></strong></span> <span class='ocrx_word' id='word_1_26' title='bbox 416 539 633 603; x_wconf 83' lang='grc' dir='ltr'><em>αὐτοὺς,</em></span> <span class='ocrx_word' id='word_1_27' title='bbox 668 538 909 593; x_wconf 83' lang='grc' dir='ltr'><strong><em>διδάσκει</em></strong></span> <span class='ocrx_word' id='word_1_28' title='bbox 953 540 988 611; x_wconf 80' lang='grc' dir='ltr'><strong>ἡ</strong></span> <span class='ocrx_word' id='word_1_29' title='bbox 1025 539 1237 611; x_wconf 79' lang='grc' dir='ltr'><strong><em>ἱστορία</em></strong></span> <span class='ocrx_word' id='word_1_30' title='bbox 1279 538 1468 594; x_wconf 78' lang='grc' dir='ltr'><em>τοῦτον</em></span> <span class='ocrx_word' id='word_1_31' title='bbox 1501 543 1559 594; x_wconf 86' lang='grc' dir='ltr'><em>ὲν</em></span> <span class='ocrx_word' id='word_1_32' title='bbox 1586 543 1653 611; x_wconf 79' lang='grc' dir='ltr'><em>τῇ</em></span> <span class='ocrx_word' id='word_1_33' title='bbox 1682 540 1877 612; x_wconf 81' lang='grc' dir='ltr'><strong><em>πρώτῃ</em></strong></span> 
     </span>
    </p>
   </div>
   <div class='ocr_carea' id='block_1_7' title="bbox 295 630 1876 702">
    <p class='ocr_par' dir='ltr' id='par_1_7' title="bbox 295 630 1876 702">
     <span class='ocr_line' id='line_1_7' title="bbox 295 630 1876 702; baseline 0 -17"><span class='ocrx_word' id='word_1_34' title='bbox 295 630 404 685; x_wconf 83' lang='grc' dir='ltr'><em>τῶν</em></span> <span class='ocrx_word' id='word_1_35' title='bbox 446 630 743 686; x_wconf 89' lang='grc' dir='ltr'><em>Βασιλειῶν</em></span> <span class='ocrx_word' id='word_1_36' title='bbox 790 632 988 701; x_wconf 74' lang='grc' dir='ltr'><em>ἔχουσα</em></span> <span class='ocrx_word' id='word_1_37' title='bbox 1030 630 1123 686; x_wconf 74' lang='grc' dir='ltr'><em>τὸν</em></span> <span class='ocrx_word' id='word_1_38' title='bbox 1169 631 1369 702; x_wconf 82' lang='grc' dir='ltr'><strong><em>τρόπον</em></strong></span> <span class='ocrx_word' id='word_1_39' title='bbox 1387 649 1402 663; x_wconf 72' lang='grc'><strong><em>⁸</em></strong></span> <span class='ocrx_word' id='word_1_40' title='bbox 1444 632 1551 686; x_wconf 89' lang='lat' dir='ltr'><strong><em>Kal</em></strong></span> <span class='ocrx_word' id='word_1_41' title='bbox 1583 632 1876 700; x_wconf 75' lang='grc' dir='ltr'><em>ἐϐαρύνθη</em></span> 
     </span>
    </p>
   </div>
   <div class='ocr_carea' id='block_1_8' title="bbox 294 721 1878 794">
    <p class='ocr_par' dir='ltr' id='par_1_8' title="bbox 294 721 1878 794">
     <span class='ocr_line' id='line_1_8' title="bbox 294 721 1878 794; baseline -0.001 -16"><span class='ocrx_word' id='word_1_42' title='bbox 294 722 423 794; x_wconf 72' lang='grc' dir='ltr'><em>χεὶρ</em></span> <span class='ocrx_word' id='word_1_43' title='bbox 454 724 675 791; x_wconf 86' lang='grc' dir='ltr'><strong><em>Κυρίου</em></strong></span> <span class='ocrx_word' id='word_1_44' title='bbox 698 723 798 777; x_wconf 79' lang='grc' dir='ltr'><strong><em>ἐπὶ</em></strong></span> <span class='ocrx_word' id='word_1_45' title='bbox 838 724 982 790; x_wconf 87' lang='grc' dir='ltr'><em>τοὺς</em></span> <span class='ocrx_word' id='word_1_46' title='bbox 1022 721 1338 790; x_wconf 81' lang='grc' dir='ltr'><em>Ἆζωτίους,</em></span> <span class='ocrx_word' id='word_1_47' title='bbox 1369 724 1467 777; x_wconf 75' lang='grc' dir='ltr'><em>καὶ</em></span> <span class='ocrx_word' id='word_1_48' title='bbox 1512 722 1878 777; x_wconf 81' lang='grc' dir='ltr'><em>ἐϐασάνισεν</em></span> 
     </span>
    </p>
   </div>
   <div class='ocr_carea' id='block_1_9' title="bbox 292 813 1875 882">
    <p class='ocr_par' dir='ltr' id='par_1_9' title="bbox 292 813 1875 882">
     <span class='ocr_line' id='line_1_9' title="bbox 292 813 1875 882; baseline 0.001 -15"><span class='ocrx_word' id='word_1_49' title='bbox 292 813 534 880; x_wconf 84' lang='grc' dir='ltr'><em>αὐτοὺς,</em></span> <span class='ocrx_word' id='word_1_50' title='bbox 575 815 673 867; x_wconf 76' lang='grc' dir='ltr'><em>καὶ</em></span> <span class='ocrx_word' id='word_1_51' title='bbox 714 813 1014 878; x_wconf 77' lang='grc' dir='ltr'><strong><em>ἐπάταξεν</em></strong></span> <span class='ocrx_word' id='word_1_52' title='bbox 1043 813 1266 880; x_wconf 85' lang='grc' dir='ltr'><em>αὐτοὺς</em></span> <span class='ocrx_word' id='word_1_53' title='bbox 1294 815 1382 880; x_wconf 80' lang='grc' dir='ltr'><strong><em>εις</em></strong></span> <span class='ocrx_word' id='word_1_54' title='bbox 1414 814 1522 880; x_wconf 87' lang='grc' dir='ltr'><strong><em>τὰς</em></strong></span> <span class='ocrx_word' id='word_1_55' title='bbox 1552 813 1729 882; x_wconf 79' lang='grc' dir='ltr'><em>ἕδρας</em></span> <span class='ocrx_word' id='word_1_56' title='bbox 1763 816 1875 868; x_wconf 85' lang='grc' dir='ltr'><strong><em>αὺ-</em></strong></span> 
     </span>
    </p>
   </div>
   <div class='ocr_carea' id='block_1_10' title="bbox 293 901 1873 973">
    <p class='ocr_par' dir='ltr' id='par_1_10' title="bbox 293 901 1873 973">
     <span class='ocr_line' id='line_1_10' title="bbox 293 901 1873 973; baseline 0.001 -16"><span class='ocrx_word' id='word_1_57' title='bbox 293 902 429 969; x_wconf 84' lang='grc' dir='ltr'><em>τῶν,</em></span> <span class='ocrx_word' id='word_1_58' title='bbox 465 903 581 972; x_wconf 77' lang='grc' dir='ltr'><em>τὴν</em></span> <span class='ocrx_word' id='word_1_59' title='bbox 609 904 853 965; x_wconf 80' lang='grc' dir='ltr'><em>Ἄζωτον</em></span> <span class='ocrx_word' id='word_1_60' title='bbox 882 904 983 960; x_wconf 72' lang='grc' dir='ltr'><em>καὶ</em></span> <span class='ocrx_word' id='word_1_61' title='bbox 1014 905 1089 960; x_wconf 82' lang='grc' dir='ltr'><em>τὰ</em></span> <span class='ocrx_word' id='word_1_62' title='bbox 1120 904 1252 973; x_wconf 82' lang='grc' dir='ltr'><em>ὅρια</em></span> <span class='ocrx_word' id='word_1_63' title='bbox 1293 903 1484 973; x_wconf 82' lang='grc' dir='ltr'><em>αὐτῆς</em></span> <span class='ocrx_word' id='word_1_64' title='bbox 1504 923 1519 937; x_wconf 87' lang='grc'><strong>·</strong></span> <span class='ocrx_word' id='word_1_65' title='bbox 1557 906 1653 958; x_wconf 73' lang='grc' dir='ltr'><em>καὶ</em></span> <span class='ocrx_word' id='word_1_66' title='bbox 1685 901 1837 968; x_wconf 82' lang='grc' dir='ltr'><em>αὖθις</em></span> <span class='ocrx_word' id='word_1_67' title='bbox 1858 920 1873 935; x_wconf 77' lang='grc' dir='ltr'><strong>ο</strong></span> 
     </span>
    </p>
   </div>
   <div class='ocr_carea' id='block_1_11' title="bbox 288 992 1876 1066">
    <p class='ocr_par' dir='ltr' id='par_1_11' title="bbox 288 992 1876 1066">
     <span class='ocr_line' id='line_1_11' title="bbox 288 992 1876 1066; baseline -0.002 -15"><span class='ocrx_word' id='word_1_68' title='bbox 288 994 405 1051; x_wconf 85' lang='lat' dir='ltr'><strong><em>Kal</em></strong></span> <span class='ocrx_word' id='word_1_69' title='bbox 442 992 725 1063; x_wconf 79' lang='grc' dir='ltr'><em>μετῆλθε,</em></span> <span class='ocrx_word' id='word_1_70' title='bbox 768 996 953 1066; x_wconf 69' lang='grc' dir='ltr'><em>φησιν,</em></span> <span class='ocrx_word' id='word_1_71' title='bbox 992 996 1032 1063; x_wconf 79' lang='grc' dir='ltr'><strong><em>η</em></strong></span> <span class='ocrx_word' id='word_1_72' title='bbox 1074 996 1322 1062; x_wconf 84' lang='grc' dir='ltr'><em>κιϐωτὸς</em></span> <span class='ocrx_word' id='word_1_73' title='bbox 1364 996 1470 1050; x_wconf 87' lang='grc' dir='ltr'><em>τοῦ</em></span> <span class='ocrx_word' id='word_1_74' title='bbox 1513 996 1737 1065; x_wconf 83' lang='grc' dir='ltr'><em>Κυρίου</em></span> <span class='ocrx_word' id='word_1_75' title='bbox 1788 997 1876 1062; x_wconf 86' lang='grc' dir='ltr'><strong><em>είς</em></strong></span> 
     </span>
    </p>
   </div>
   <div class='ocr_carea' id='block_1_12' title="bbox 288 1086 1874 1157">
    <p class='ocr_par' dir='ltr' id='par_1_12' title="bbox 288 1086 1874 1157">
     <span class='ocr_line' id='line_1_12' title="bbox 288 1086 1874 1157; baseline -0.002 -15"><span class='ocrx_word' id='word_1_76' title='bbox 288 1086 501 1143; x_wconf 84' lang='grc' dir='ltr'><em>Γεθθά.</em></span> <span class='ocrx_word' id='word_1_77' title='bbox 535 1087 649 1142; x_wconf 87' lang='lat' dir='ltr'><strong><em>Kal</em></strong></span> <span class='ocrx_word' id='word_1_78' title='bbox 676 1087 913 1157; x_wconf 77' lang='grc' dir='ltr'><em>ἐγένετο</em></span> <span class='ocrx_word' id='word_1_79' title='bbox 927 1088 1079 1157; x_wconf 86' lang='grc' dir='ltr'><em>μετὰ</em></span> <span class='ocrx_word' id='word_1_80' title='bbox 1108 1088 1175 1141; x_wconf 91' lang='grc' dir='ltr'><strong><em>τὸ</em></strong></span> <span class='ocrx_word' id='word_1_81' title='bbox 1198 1088 1510 1157; x_wconf 74' lang='grc' dir='ltr'><strong><em>μετελθεῖν</em></strong></span> <span class='ocrx_word' id='word_1_82' title='bbox 1535 1088 1751 1157; x_wconf 79' lang='grc' dir='ltr'><em>αὐτὴν,</em></span> <span class='ocrx_word' id='word_1_83' title='bbox 1775 1087 1874 1141; x_wconf 78' lang='grc' dir='ltr'><em>καὶ</em></span> 
     </span>
    </p>
   </div>
   <div class='ocr_carea' id='block_1_13' title="bbox 286 1177 1876 1250">
    <p class='ocr_par' dir='ltr' id='par_1_13' title="bbox 286 1177 1876 1250">
     <span class='ocr_line' id='line_1_13' title="bbox 286 1177 1876 1250; baseline 0.002 -18"><span class='ocrx_word' id='word_1_84' title='bbox 286 1179 513 1248; x_wconf 78' lang='grc' dir='ltr'><em>γίνεται</em></span> <span class='ocrx_word' id='word_1_85' title='bbox 537 1218 540 1221; x_wconf 91' lang='grc'><strong><em>-</em></strong></span> <span class='ocrx_word' id='word_1_86' title='bbox 562 1179 694 1247; x_wconf 75' lang='grc' dir='ltr'><em>χεὶρ</em></span> <span class='ocrx_word' id='word_1_87' title='bbox 740 1180 961 1247; x_wconf 81' lang='grc' dir='ltr'><strong><em>Κυρίου</em></strong></span> <span class='ocrx_word' id='word_1_88' title='bbox 1006 1180 1077 1232; x_wconf 74' lang='grc' dir='ltr'><em>ἐν</em></span> <span class='ocrx_word' id='word_1_89' title='bbox 1122 1177 1199 1247; x_wconf 78' lang='grc' dir='ltr'><em>τῇ</em></span> <span class='ocrx_word' id='word_1_90' title='bbox 1242 1181 1415 1234; x_wconf 71' lang='grc' dir='ltr'><em>πόλει</em></span> <span class='ocrx_word' id='word_1_91' title='bbox 1468 1180 1684 1249; x_wconf 85' lang='grc' dir='ltr'><em>κράτος</em></span> <span class='ocrx_word' id='word_1_92' title='bbox 1719 1180 1876 1250; x_wconf 67' lang='grc' dir='ltr'><em>μέγα</em></span> 
     </span>
    </p>
   </div>
   <div class='ocr_carea' id='block_1_14' title="bbox 288 1269 1874 1341">
    <p class='ocr_par' dir='ltr' id='par_1_14' title="bbox 288 1269 1874 1341">
     <span class='ocr_line' id='line_1_14' title="bbox 288 1269 1874 1341; baseline 0.002 -18"><span class='ocrx_word' id='word_1_93' title='bbox 288 1270 545 1339; x_wconf 72' lang='grc' dir='ltr'><em>σφόδρα.</em></span> <span class='ocrx_word' id='word_1_94' title='bbox 591 1269 704 1324; x_wconf 94' lang='lat' dir='ltr'><strong><em>Kal</em></strong></span> <span class='ocrx_word' id='word_1_95' title='bbox 740 1269 1001 1333; x_wconf 83' lang='grc' dir='ltr'><em>ἐπάταξε</em></span> <span class='ocrx_word' id='word_1_96' title='bbox 1041 1270 1186 1338; x_wconf 81' lang='grc' dir='ltr'><em>τοὺς</em></span> <span class='ocrx_word' id='word_1_97' title='bbox 1223 1271 1450 1340; x_wconf 81' lang='grc' dir='ltr'><em>ἄνδρας</em></span> <span class='ocrx_word' id='word_1_98' title='bbox 1487 1271 1599 1341; x_wconf 81' lang='grc' dir='ltr'><em>τῆς</em></span> <span class='ocrx_word' id='word_1_99' title='bbox 1641 1274 1874 1339; x_wconf 68' lang='grc' dir='ltr'><em>πόλεως</em></span> 
     </span>
    </p>
   </div>
   <div class='ocr_carea' id='block_1_15' title="bbox 286 1358 1875 1430">
    <p class='ocr_par' dir='ltr' id='par_1_15' title="bbox 286 1358 1875 1430">
     <span class='ocr_line' id='line_1_15' title="bbox 286 1358 1875 1430; baseline 0 -15"><span class='ocrx_word' id='word_1_100' title='bbox 286 1360 408 1415; x_wconf 84' lang='grc' dir='ltr'><strong><em>ἀπὸ</em></strong></span> <span class='ocrx_word' id='word_1_101' title='bbox 447 1359 662 1429; x_wconf 83' lang='grc' dir='ltr'><strong><em>μικροῦ</em></strong></span> <span class='ocrx_word' id='word_1_102' title='bbox 689 1359 799 1426; x_wconf 81' lang='grc' dir='ltr'><em>ἕως</em></span> <span class='ocrx_word' id='word_1_103' title='bbox 834 1358 1123 1430; x_wconf 78' lang='grc' dir='ltr'><em>μεγάλου.</em></span> <span class='ocrx_word' id='word_1_104' title='bbox 1174 1360 1273 1414; x_wconf 82' lang='grc' dir='ltr'><em>καὶ</em></span> <span class='ocrx_word' id='word_1_105' title='bbox 1308 1360 1609 1425; x_wconf 79' lang='grc' dir='ltr'><strong><em>ἐπάταξεν</em></strong></span> <span class='ocrx_word' id='word_1_106' title='bbox 1649 1361 1875 1429; x_wconf 82' lang='grc' dir='ltr'><em>αὐτοὺς</em></span> 
     </span>
    </p>
   </div>
   <div class='ocr_carea' id='block_1_16' title="bbox 286 1452 1874 1521">
    <p class='ocr_par' dir='ltr' id='par_1_16' title="bbox 286 1452 1874 1521">
     <span class='ocr_line' id='line_1_16' title="bbox 286 1452 1874 1521; baseline 0.001 -16"><span class='ocrx_word' id='word_1_107' title='bbox 286 1455 374 1518; x_wconf 71' lang='grc' dir='ltr'><em>εἲς</em></span> <span class='ocrx_word' id='word_1_108' title='bbox 414 1452 520 1517; x_wconf 83' lang='grc' dir='ltr'><em>τὰς</em></span> <span class='ocrx_word' id='word_1_109' title='bbox 566 1452 744 1521; x_wconf 75' lang='grc' dir='ltr'><em>ἕδρας</em></span> <span class='ocrx_word' id='word_1_110' title='bbox 784 1452 1002 1507; x_wconf 85' lang='grc' dir='ltr'><em>αὐτῶν.</em></span> <span class='ocrx_word' id='word_1_111' title='bbox 1036 1453 1145 1507; x_wconf 89' lang='lat' dir='ltr'><strong><em>Kal</em></strong></span> <span class='ocrx_word' id='word_1_112' title='bbox 1185 1452 1711 1517; x_wconf 74' lang='grc' dir='ltr'><em>ἐξαποστέλλουσι</em></span> <span class='ocrx_word' id='word_1_113' title='bbox 1756 1452 1874 1521; x_wconf 84' lang='grc' dir='ltr'><em>τὴν</em></span> 
     </span>
    </p>
   </div>
   <div class='ocr_carea' id='block_1_17' title="bbox 287 1543 1872 1613">
    <p class='ocr_par' dir='ltr' id='par_1_17' title="bbox 287 1543 1872 1613">
     <span class='ocr_line' id='line_1_17' title="bbox 287 1543 1872 1613; baseline 0 -15"><span class='ocrx_word' id='word_1_114' title='bbox 287 1543 539 1598; x_wconf 85' lang='grc' dir='ltr'><em>κιϐωτὸν</em></span> <span class='ocrx_word' id='word_1_115' title='bbox 579 1543 685 1598; x_wconf 88' lang='grc' dir='ltr'><em>τοῦ</em></span> <span class='ocrx_word' id='word_1_116' title='bbox 727 1545 875 1599; x_wconf 83' lang='grc' dir='ltr'><strong><em>Θεοῦ</em></strong></span> <span class='ocrx_word' id='word_1_117' title='bbox 906 1547 994 1611; x_wconf 83' lang='grc' dir='ltr'><strong><em>εὶς</em></strong></span> <span class='ocrx_word' id='word_1_118' title='bbox 1040 1543 1417 1599; x_wconf 70' lang='grc' dir='ltr'><em>Ἀσκάλωνα*</em></span> <span class='ocrx_word' id='word_1_119' title='bbox 1467 1544 1566 1599; x_wconf 74' lang='grc' dir='ltr'><strong><em>καί</em></strong></span> <span class='ocrx_word' id='word_1_120' title='bbox 1607 1545 1872 1613; x_wconf 85' lang='grc' dir='ltr'><em>ἐϐόησαν</em></span> 
     </span>
    </p>
   </div>
   <div class='ocr_carea' id='block_1_18' title="bbox 1976 533 3557 606">
    <p class='ocr_par' dir='ltr' id='par_1_18' title="bbox 1976 533 3557 606">
     <span class='ocr_line' id='line_1_18' title="bbox 1976 533 3557 606; baseline -0.002 -14"><span class='ocrx_word' id='word_1_121' title='bbox 1976 539 2200 593; x_wconf 79' lang='lat' dir='ltr'><strong><em>viventes</em></strong></span> <span class='ocrx_word' id='word_1_122' title='bbox 2250 547 2301 592; x_wconf 88' lang='lat' dir='ltr'><strong><em>et</em></strong></span> <span class='ocrx_word' id='word_1_123' title='bbox 2340 538 2537 592; x_wconf 90' lang='lat' dir='ltr'><strong><em>mortui</em></strong></span> <span class='ocrx_word' id='word_1_124' title='bbox 2579 537 2817 606; x_wconf 84' lang='lat' dir='ltr'><strong><em>percussi</em></strong></span> <span class='ocrx_word' id='word_1_125' title='bbox 2864 545 3016 590; x_wconf 88' lang='lat' dir='ltr'><strong><em>erant</em></strong></span> <span class='ocrx_word' id='word_1_126' title='bbox 3054 536 3110 588; x_wconf 88' lang='lat' dir='ltr'><strong><em>in</em></strong></span> <span class='ocrx_word' id='word_1_127' title='bbox 3156 533 3461 604; x_wconf 85' lang='lat' dir='ltr'><strong><em>podicibus;</em></strong></span> <span class='ocrx_word' id='word_1_128' title='bbox 3504 544 3557 589; x_wconf 89' lang='lat' dir='ltr'><strong><em>et</em></strong></span> 
     </span>
    </p>
   </div>
   <div class='ocr_carea' id='block_1_19' title="bbox 1978 626 3557 699">
    <p class='ocr_par' dir='ltr' id='par_1_19' title="bbox 1978 626 3557 699">
     <span class='ocr_line' id='line_1_19' title="bbox 1978 626 3557 699; baseline -0.002 -14"><span class='ocrx_word' id='word_1_129' title='bbox 1978 630 2214 686; x_wconf 86' lang='lat' dir='ltr'><strong><em>ascendit</em></strong></span> <span class='ocrx_word' id='word_1_130' title='bbox 2265 631 2470 685; x_wconf 84' lang='lat' dir='ltr'><strong><em>clamor</em></strong></span> <span class='ocrx_word' id='word_1_131' title='bbox 2508 630 2655 684; x_wconf 83' lang='lat' dir='ltr'><strong><em>urbis</em></strong></span> <span class='ocrx_word' id='word_1_132' title='bbox 2702 631 2757 683; x_wconf 87' lang='lat' dir='ltr'><strong><em>in</em></strong></span> <span class='ocrx_word' id='word_1_133' title='bbox 2800 630 3007 684; x_wconf 73' lang='lat' dir='ltr'><strong><em>coelum.</em></strong></span> <span class='ocrx_word' id='word_1_134' title='bbox 3054 626 3178 683; x_wconf 86' lang='lat' dir='ltr'><strong><em>Ideo</em></strong></span> <span class='ocrx_word' id='word_1_135' title='bbox 3214 629 3271 682; x_wconf 93' lang='lat' dir='ltr'><strong><em>in</em></strong></span> <span class='ocrx_word' id='word_1_136' title='bbox 3302 627 3557 699; x_wconf 64' lang='lat' dir='ltr'><strong><em>praesenti</em></strong></span> 
     </span>
    </p>
   </div>
   <div class='ocr_carea' id='block_1_20' title="bbox 1976 719 3557 791">
    <p class='ocr_par' dir='ltr' id='par_1_20' title="bbox 1976 719 3557 791">
     <span class='ocr_line' id='line_1_20' title="bbox 1976 719 3557 791; baseline -0.003 -14"><span class='ocrx_word' id='word_1_137' title='bbox 1976 723 2188 791; x_wconf 81' lang='lat' dir='ltr'><strong><em>psalmo</em></strong></span> <span class='ocrx_word' id='word_1_138' title='bbox 2233 721 2440 777; x_wconf 87' lang='lat' dir='ltr'><strong><em>dictum</em></strong></span> <span class='ocrx_word' id='word_1_139' title='bbox 2487 727 2618 776; x_wconf 87' lang='lat' dir='ltr'><strong><em>est:</em></strong></span> <span class='ocrx_word' id='word_1_140' title='bbox 2650 719 2718 774; x_wconf 85' lang='lat' dir='ltr'><strong><em>Et</em></strong></span> <span class='ocrx_word' id='word_1_141' title='bbox 2755 720 3012 788; x_wconf 74' lang='lat' dir='ltr'><strong><em>percussit</em></strong></span> <span class='ocrx_word' id='word_1_142' title='bbox 3054 719 3296 773; x_wconf 89' lang='lat' dir='ltr'><strong><em>inimicos</em></strong></span> <span class='ocrx_word' id='word_1_143' title='bbox 3343 735 3467 772; x_wconf 83' lang='lat' dir='ltr'><strong><em>suos</em></strong></span> <span class='ocrx_word' id='word_1_144' title='bbox 3501 719 3557 772; x_wconf 87' lang='lat' dir='ltr'><strong><em>in</em></strong></span> 
     </span>
    </p>
   </div>
   <div class='ocr_carea' id='block_1_21' title="bbox 1976 808 3555 881">
    <p class='ocr_par' dir='ltr' id='par_1_21' title="bbox 1976 808 3555 881">
     <span class='ocr_line' id='line_1_21' title="bbox 1976 808 3555 881; baseline -0.001 -14"><span class='ocrx_word' id='word_1_145' title='bbox 1976 814 2291 881; x_wconf 83' lang='lat' dir='ltr'><strong><em>posteriora,</em></strong></span> <span class='ocrx_word' id='word_1_146' title='bbox 2340 813 2677 881; x_wconf 83' lang='lat' dir='ltr'><strong><em>opprobrium</em></strong></span> <span class='ocrx_word' id='word_1_147' title='bbox 2722 812 3099 880; x_wconf 83' lang='lat' dir='ltr'><strong><em>sempiternum</em></strong></span> <span class='ocrx_word' id='word_1_148' title='bbox 3147 810 3289 865; x_wconf 86' lang='lat' dir='ltr'><strong><em>dedit</em></strong></span> <span class='ocrx_word' id='word_1_149' title='bbox 3318 811 3412 867; x_wconf 89' lang='lat' dir='ltr'><strong><em>eis.</em></strong></span> <span class='ocrx_word' id='word_1_150' title='bbox 3441 808 3555 880; x_wconf 87' lang='lat' dir='ltr'><strong><em>0p-</em></strong></span> 
     </span>
    </p>
   </div>
   <div class='ocr_carea' id='block_1_22' title="bbox 1977 903 3556 976">
    <p class='ocr_par' dir='ltr' id='par_1_22' title="bbox 1977 903 3556 976">
     <span class='ocr_line' id='line_1_22' title="bbox 1977 903 3556 976; baseline 0 -18"><span class='ocrx_word' id='word_1_151' title='bbox 1977 904 2257 974; x_wconf 87' lang='lat' dir='ltr'><strong><em>probrium</em></strong></span> <span class='ocrx_word' id='word_1_152' title='bbox 2291 906 2494 976; x_wconf 88' lang='lat' dir='ltr'><strong><em>quippe</em></strong></span> <span class='ocrx_word' id='word_1_153' title='bbox 2529 912 2649 960; x_wconf 88' lang='lat' dir='ltr'><strong><em>erat</em></strong></span> <span class='ocrx_word' id='word_1_154' title='bbox 2692 905 2748 958; x_wconf 93' lang='lat' dir='ltr'><strong><em>in</em></strong></span> <span class='ocrx_word' id='word_1_155' title='bbox 2782 903 3072 974; x_wconf 89' lang='lat' dir='ltr'><strong><em>podicibus</em></strong></span> <span class='ocrx_word' id='word_1_156' title='bbox 3110 917 3406 973; x_wconf 89' lang='lat' dir='ltr'><strong><em>percussos</em></strong></span> <span class='ocrx_word' id='word_1_157' title='bbox 3433 903 3556 958; x_wconf 86' lang='lat' dir='ltr'><strong><em>illos</em></strong></span> 
     </span>
    </p>
   </div>
   <div class='ocr_carea' id='block_1_23' title="bbox 1976 994 3552 1067">
    <p class='ocr_par' dir='ltr' id='par_1_23' title="bbox 1976 994 3552 1067">
     <span class='ocr_line' id='line_1_23' title="bbox 1976 994 3552 1067; baseline -0.002 -18"><span class='ocrx_word' id='word_1_158' title='bbox 1976 996 2170 1060; x_wconf 78' lang='lat' dir='ltr'><strong><em>fuisse,</em></strong></span> <span class='ocrx_word' id='word_1_159' title='bbox 2220 1004 2411 1067; x_wconf 82' lang='lat' dir='ltr'><strong><em>utpote</em></strong></span> <span class='ocrx_word' id='word_1_160' title='bbox 2453 995 2547 1067; x_wconf 87' lang='lat' dir='ltr'><strong><em>qui</em></strong></span> <span class='ocrx_word' id='word_1_161' title='bbox 2586 996 2655 1051; x_wconf 90' lang='lat' dir='ltr'><strong><em>iis</em></strong></span> <span class='ocrx_word' id='word_1_162' title='bbox 2693 995 2748 1049; x_wconf 88' lang='lat' dir='ltr'><strong><em>in</em></strong></span> <span class='ocrx_word' id='word_1_163' title='bbox 2785 995 3035 1065; x_wconf 87' lang='lat' dir='ltr'><strong><em>partibus</em></strong></span> <span class='ocrx_word' id='word_1_164' title='bbox 3070 994 3259 1050; x_wconf 85' lang='lat' dir='ltr'><strong><em>lascivi</em></strong></span> <span class='ocrx_word' id='word_1_165' title='bbox 3295 994 3552 1050; x_wconf 79' lang='lat' dir='ltr'><strong><em>fuissent.</em></strong></span> 
     </span>
    </p>
   </div>
   <div class='ocr_carea' id='block_1_24' title="bbox 1976 1087 3557 1161">
    <p class='ocr_par' dir='ltr' id='par_1_24' title="bbox 1976 1087 3557 1161">
     <span class='ocr_line' id='line_1_24' title="bbox 1976 1087 3557 1161; baseline -0.001 -17"><span class='ocrx_word' id='word_1_166' title='bbox 1976 1087 2232 1146; x_wconf 83' lang='lat' dir='ltr'><strong><em>Inimicos</em></strong></span> <span class='ocrx_word' id='word_1_167' title='bbox 2263 1091 2487 1161; x_wconf 88' lang='lat' dir='ltr'><strong><em>quidem</em></strong></span> <span class='ocrx_word' id='word_1_168' title='bbox 2517 1104 2648 1145; x_wconf 89' lang='lat' dir='ltr'><strong><em>suos</em></strong></span> <span class='ocrx_word' id='word_1_169' title='bbox 2696 1089 2778 1144; x_wconf 91' lang='lat' dir='ltr'><strong><em>sic</em></strong></span> <span class='ocrx_word' id='word_1_170' title='bbox 2817 1089 2966 1144; x_wconf 89' lang='lat' dir='ltr'><strong><em>ultus</em></strong></span> <span class='ocrx_word' id='word_1_171' title='bbox 2993 1098 3113 1156; x_wconf 89' lang='lat' dir='ltr'><strong><em>est;</em></strong></span> <span class='ocrx_word' id='word_1_172' title='bbox 3149 1089 3400 1158; x_wconf 89' lang='lat' dir='ltr'><strong><em>proprios</em></strong></span> <span class='ocrx_word' id='word_1_173' title='bbox 3425 1101 3557 1143; x_wconf 86' lang='lat' dir='ltr'><strong><em>vero</em></strong></span> 
     </span>
    </p>
   </div>
   <div class='ocr_carea' id='block_1_25' title="bbox 1975 1182 3559 1253">
    <p class='ocr_par' dir='ltr' id='par_1_25' title="bbox 1975 1182 3559 1253">
     <span class='ocr_line' id='line_1_25' title="bbox 1975 1182 3559 1253; baseline -0.003 -13"><span class='ocrx_word' id='word_1_174' title='bbox 1975 1183 2081 1240; x_wconf 86' lang='lat' dir='ltr'><strong><em>sibi</em></strong></span> <span class='ocrx_word' id='word_1_175' title='bbox 2116 1184 2226 1239; x_wconf 89' lang='lat' dir='ltr'><strong><em>alio</em></strong></span> <span class='ocrx_word' id='word_1_176' title='bbox 2276 1184 2442 1239; x_wconf 90' lang='lat' dir='ltr'><strong><em>modo</em></strong></span> <span class='ocrx_word' id='word_1_177' title='bbox 2475 1183 2788 1253; x_wconf 72' lang='lat' dir='ltr'><strong><em>castigavit.</em></strong></span> <span class='ocrx_word' id='word_1_178' title='bbox 2840 1182 3024 1248; x_wconf 84' lang='lat' dir='ltr'><strong><em>Quare</em></strong></span> <span class='ocrx_word' id='word_1_179' title='bbox 3071 1183 3280 1237; x_wconf 87' lang='lat' dir='ltr'><strong><em>dictum</em></strong></span> <span class='ocrx_word' id='word_1_180' title='bbox 3333 1190 3419 1238; x_wconf 85' lang='lat' dir='ltr'><strong><em>est</em></strong></span> <span class='ocrx_word' id='word_1_181' title='bbox 3447 1200 3559 1236; x_wconf 89' lang='lat'><strong><em>:—</em></strong></span> 
     </span>
    </p>
   </div>
   <div class='ocr_carea' id='block_1_26' title="bbox 1976 1263 3579 1345">
    <p class='ocr_par' dir='ltr' id='par_1_26' title="bbox 1976 1263 3579 1345">
     <span class='ocr_line' id='line_1_26' title="bbox 1976 1263 3579 1345; baseline -0.001 -16"><span class='ocrx_word' id='word_1_182' title='bbox 1976 1274 2140 1331; x_wconf 76' lang='lat' dir='ltr'><strong><em>Vsus.</em></strong></span> <span class='ocrx_word' id='word_1_183' title='bbox 2167 1276 2260 1330; x_wconf 86' lang='lat'><strong><em>67.</em></strong></span> <span class='ocrx_word' id='word_1_184' title='bbox 2293 1274 2361 1329; x_wconf 84' lang='lat' dir='ltr'><strong><em>Et</em></strong></span> <span class='ocrx_word' id='word_1_185' title='bbox 2388 1277 2581 1345; x_wconf 85' lang='lat' dir='ltr'><strong><em>repulit</em></strong></span> <span class='ocrx_word' id='word_1_186' title='bbox 2612 1274 3009 1329; x_wconf 81' lang='lat' dir='ltr'><strong><em>tabernaculum</em></strong></span> <span class='ocrx_word' id='word_1_187' title='bbox 3031 1263 3245 1341; x_wconf 73' lang='lat' dir='ltr'><strong><em>Josepli.</em></strong></span> <span class='ocrx_word' id='word_1_188' title='bbox 3268 1272 3579 1338; x_wconf 76' lang='lat' dir='ltr'><strong><em>Quodnam</em></strong></span> 
     </span>
    </p>
   </div>
   <div class='ocr_carea' id='block_1_27' title="bbox 1975 1359 3553 1436">
    <p class='ocr_par' dir='ltr' id='par_1_27' title="bbox 1975 1359 3553 1436">
     <span class='ocr_line' id='line_1_27' title="bbox 1975 1359 3553 1436; baseline 0.001 -16"><span class='ocrx_word' id='word_1_189' title='bbox 1975 1367 2106 1422; x_wconf 85' lang='lat' dir='ltr'><strong><em>illud</em></strong></span> <span class='ocrx_word' id='word_1_190' title='bbox 2139 1368 2245 1423; x_wconf 89' lang='lat' dir='ltr'><strong><em>nisi</em></strong></span> <span class='ocrx_word' id='word_1_191' title='bbox 2278 1366 2491 1422; x_wconf 86' lang='lat' dir='ltr'><strong><em>Silom?</em></strong></span> <span class='ocrx_word' id='word_1_192' title='bbox 2528 1366 2658 1421; x_wconf 84' lang='lat' dir='ltr'><strong><em>Erat</em></strong></span> <span class='ocrx_word' id='word_1_193' title='bbox 2687 1366 2833 1421; x_wconf 89' lang='lat' dir='ltr'><strong><em>enim</em></strong></span> <span class='ocrx_word' id='word_1_194' title='bbox 2868 1380 2930 1421; x_wconf 90' lang='lat' dir='ltr'><strong><em>ea</em></strong></span> <span class='ocrx_word' id='word_1_195' title='bbox 2967 1381 3033 1421; x_wconf 79' lang='lat' dir='ltr'><strong><em>ex</em></strong></span> <span class='ocrx_word' id='word_1_196' title='bbox 3065 1374 3216 1421; x_wconf 90' lang='lat' dir='ltr'><strong><em>sorte</em></strong></span> <span class='ocrx_word' id='word_1_197' title='bbox 3252 1359 3510 1436; x_wconf 85' lang='lat' dir='ltr'><strong><em>Ephraim</em></strong></span> <span class='ocrx_word' id='word_1_198' title='bbox 3538 1384 3553 1421; x_wconf 86' lang='lat'>:</span> 
     </span>
    </p>
   </div>
   <div class='ocr_carea' id='block_1_28' title="bbox 1978 1456 3556 1529">
    <p class='ocr_par' dir='ltr' id='par_1_28' title="bbox 1978 1456 3556 1529">
     <span class='ocr_line' id='line_1_28' title="bbox 1978 1456 3556 1529; baseline -0.001 -17"><span class='ocrx_word' id='word_1_199' title='bbox 1978 1459 2237 1529; x_wconf 88' lang='lat' dir='ltr'><strong><em>Ephraim</em></strong></span> <span class='ocrx_word' id='word_1_200' title='bbox 2265 1469 2447 1515; x_wconf 89' lang='lat' dir='ltr'><strong><em>autem</em></strong></span> <span class='ocrx_word' id='word_1_201' title='bbox 2484 1461 2628 1515; x_wconf 78' lang='lat' dir='ltr'><strong><em>illius</em></strong></span> <span class='ocrx_word' id='word_1_202' title='bbox 2657 1458 2857 1527; x_wconf 73' lang='lat' dir='ltr'><strong><em>Ioseph</em></strong></span> <span class='ocrx_word' id='word_1_203' title='bbox 2891 1466 3025 1513; x_wconf 87' lang='lat' dir='ltr'><strong><em>erat.</em></strong></span> <span class='ocrx_word' id='word_1_204' title='bbox 3063 1457 3189 1513; x_wconf 91' lang='lat' dir='ltr'><strong><em>Ideo</em></strong></span> <span class='ocrx_word' id='word_1_205' title='bbox 3224 1457 3450 1515; x_wconf 80' lang='lat' dir='ltr'><strong><em>subdit:</em></strong></span> <span class='ocrx_word' id='word_1_206' title='bbox 3485 1456 3556 1511; x_wconf 83' lang='lat' dir='ltr'><strong><em>Et</em></strong></span> 
     </span>
    </p>
   </div>
   <div class='ocr_carea' id='block_1_29' title="bbox 1972 1548 3558 1619">
    <p class='ocr_par' dir='ltr' id='par_1_29' title="bbox 1972 1548 3558 1619">
     <span class='ocr_line' id='line_1_29' title="bbox 1972 1548 3558 1619; baseline -0.002 -15"><span class='ocrx_word' id='word_1_207' title='bbox 1972 1551 2164 1619; x_wconf 83' lang='lat' dir='ltr'><strong><em>repulit</em></strong></span> <span class='ocrx_word' id='word_1_208' title='bbox 2190 1550 2590 1604; x_wconf 85' lang='lat' dir='ltr'><strong><em>tabernaculum</em></strong></span> <span class='ocrx_word' id='word_1_209' title='bbox 2617 1548 2832 1619; x_wconf 74' lang='lat' dir='ltr'><strong><em>Ioseph,</em></strong></span> <span class='ocrx_word' id='word_1_210' title='bbox 2861 1557 2911 1604; x_wconf 91' lang='lat' dir='ltr'><strong><em>et</em></strong></span> <span class='ocrx_word' id='word_1_211' title='bbox 2943 1549 3134 1603; x_wconf 87' lang='lat' dir='ltr'><strong><em>tribum</em></strong></span> <span class='ocrx_word' id='word_1_212' title='bbox 3168 1548 3421 1615; x_wconf 81' lang='lat' dir='ltr'><strong><em>Ephraim</em></strong></span> <span class='ocrx_word' id='word_1_213' title='bbox 3451 1564 3558 1602; x_wconf 81' lang='lat' dir='ltr'><strong><em>non</em></strong></span> 
     </span>
    </p>
   </div>
   <div class='ocr_carea' id='block_1_30' title="bbox 285 1635 1866 1712">
    <p class='ocr_par' dir='ltr' id='par_1_30' title="bbox 285 1635 1866 1707">
     <span class='ocr_line' id='line_1_30' title="bbox 285 1635 1866 1707; baseline 0.001 -18"><span class='ocrx_word' id='word_1_214' title='bbox 285 1639 341 1690; x_wconf 81' lang='grc' dir='ltr'><em>οι</em></span> <span class='ocrx_word' id='word_1_215' title='bbox 384 1636 803 1691; x_wconf 77' lang='grc' dir='ltr'><strong><em>Ἀσκαλωνῖται</em></strong></span> <span class='ocrx_word' id='word_1_216' title='bbox 845 1637 1128 1707; x_wconf 76' lang='grc' dir='ltr'><em>λέγοντες</em></span> <span class='ocrx_word' id='word_1_217' title='bbox 1146 1653 1160 1666; x_wconf 83' lang='lat'><strong><em>°</em></strong></span> <span class='ocrx_word' id='word_1_218' title='bbox 1201 1637 1262 1691; x_wconf 90' lang='lat' dir='ltr'><strong><em>Tl</em></strong></span> <span class='ocrx_word' id='word_1_219' title='bbox 1295 1637 1713 1705; x_wconf 77' lang='grc' dir='ltr'><em>ἀπεστρέψατε</em></span> <span class='ocrx_word' id='word_1_220' title='bbox 1756 1635 1866 1705; x_wconf 80' lang='grc' dir='ltr'><em>τὴν</em></span> 
     </span>
    </p>
   </div>
   <div class='ocr_carea' id='block_1_31' title="bbox 1969 1635 3539 1712">
    <p class='ocr_par' dir='ltr' id='par_1_31' title="bbox 1971 1639 3539 1712">
     <span class='ocr_line' id='line_1_31' title="bbox 1971 1639 3539 1712; baseline -0.002 -16"><span class='ocrx_word' id='word_1_221' title='bbox 1971 1642 2162 1712; x_wconf 86' lang='lat' dir='ltr'><strong><em>elegit;</em></strong></span> <span class='ocrx_word' id='word_1_222' title='bbox 2209 1642 2427 1697; x_wconf 87' lang='lat' dir='ltr'><strong><em>etiamsi</em></strong></span> <span class='ocrx_word' id='word_1_223' title='bbox 2464 1642 2702 1712; x_wconf 85' lang='lat' dir='ltr'><strong><em>primum</em></strong></span> <span class='ocrx_word' id='word_1_224' title='bbox 2746 1655 2868 1695; x_wconf 86' lang='lat' dir='ltr'><strong><em>eam</em></strong></span> <span class='ocrx_word' id='word_1_225' title='bbox 2911 1640 3184 1710; x_wconf 81' lang='lat' dir='ltr'><strong><em>elegisset,</em></strong></span> <span class='ocrx_word' id='word_1_226' title='bbox 3217 1650 3273 1694; x_wconf 89' lang='lat' dir='ltr'><strong><em>et</em></strong></span> <span class='ocrx_word' id='word_1_227' title='bbox 3300 1639 3539 1694; x_wconf 84' lang='lat' dir='ltr'><strong><em>taberna-</em></strong></span> 
     </span>
    </p>
   </div>
   <div class='ocr_carea' id='block_1_32' title="bbox 285 1728 1866 1814">
    <p class='ocr_par' dir='ltr' id='par_1_32' title="bbox 285 1728 1866 1814">
     <span class='ocr_line' id='line_1_32' title="bbox 285 1728 1866 1814; baseline 0.003 -33"><span class='ocrx_word' id='word_1_228' title='bbox 285 1729 532 1814; x_wconf 82' lang='grc' dir='ltr'><em>κιϐωτὸν</em></span> <span class='ocrx_word' id='word_1_229' title='bbox 568 1729 676 1784; x_wconf 86' lang='grc' dir='ltr'><em>τοῦ</em></span> <span class='ocrx_word' id='word_1_230' title='bbox 708 1730 854 1785; x_wconf 86' lang='grc' dir='ltr'><strong><em>Θεοῦ</em></strong></span> <span class='ocrx_word' id='word_1_231' title='bbox 898 1731 1236 1786; x_wconf 83' lang='grc' dir='ltr'><em>θανατῶσαι</em></span> <span class='ocrx_word' id='word_1_232' title='bbox 1265 1728 1455 1798; x_wconf 60' lang='lat' dir='ltr'><strong><em>mide;</em></strong></span> <span class='ocrx_word' id='word_1_233' title='bbox 1487 1732 1596 1785; x_wconf 79' lang='grc' dir='ltr'><strong><em>Καὶ</em></strong></span> <span class='ocrx_word' id='word_1_234' title='bbox 1628 1731 1866 1799; x_wconf 72' lang='grc' dir='ltr'><em>ἐπιλέγει</em></span> 
     </span>
    </p>
   </div>
   <div class='ocr_carea' id='block_1_33' title="bbox 1969 1728 3551 1814">
    <p class='ocr_par' dir='ltr' id='par_1_33' title="bbox 1972 1732 3551 1803">
     <span class='ocr_line' id='line_1_33' title="bbox 1972 1732 3551 1803; baseline 0.001 -15"><span class='ocrx_word' id='word_1_235' title='bbox 1972 1735 2153 1789; x_wconf 88' lang='lat' dir='ltr'><strong><em>culum</em></strong></span> <span class='ocrx_word' id='word_1_236' title='bbox 2176 1732 2377 1803; x_wconf 78' lang='lat' dir='ltr'><strong><em>loseph</em></strong></span> <span class='ocrx_word' id='word_1_237' title='bbox 2404 1734 2557 1803; x_wconf 90' lang='lat' dir='ltr'><strong><em>prius</em></strong></span> <span class='ocrx_word' id='word_1_238' title='bbox 2588 1732 2864 1789; x_wconf 69' lang='lat' dir='ltr'><strong><em>affecisset</em></strong></span> <span class='ocrx_word' id='word_1_239' title='bbox 2888 1734 3123 1790; x_wconf 83' lang='lat' dir='ltr'><strong><em>honore.</em></strong></span> <span class='ocrx_word' id='word_1_240' title='bbox 3152 1733 3332 1800; x_wconf 84' lang='lat' dir='ltr'><strong><em>Quare</em></strong></span> <span class='ocrx_word' id='word_1_241' title='bbox 3381 1733 3551 1789; x_wconf 92' lang='lat' dir='ltr'><strong><em>Silom</em></strong></span> 
     </span>
    </p>
   </div>
   <div class='ocr_carea' id='block_1_34' title="bbox 285 1820 1866 1892">
    <p class='ocr_par' dir='ltr' id='par_1_34' title="bbox 285 1820 1865 1892">
     <span class='ocr_line' id='line_1_34' title="bbox 285 1820 1865 1892; baseline 0.002 -18"><span class='ocrx_word' id='word_1_242' title='bbox 285 1820 439 1892; x_wconf 79' lang='grc' dir='ltr'><strong><em>ἐξῆς’</em></strong></span> <span class='ocrx_word' id='word_1_243' title='bbox 482 1823 603 1876; x_wconf 86' lang='grc' dir='ltr'><strong><em>Ὅτι</em></strong></span> <span class='ocrx_word' id='word_1_244' title='bbox 636 1822 888 1892; x_wconf 81' lang='grc' dir='ltr'><em>ἐγενήθη</em></span> <span class='ocrx_word' id='word_1_245' title='bbox 923 1823 1227 1892; x_wconf 77' lang='grc' dir='ltr'><em>σύγχυσις</em></span> <span class='ocrx_word' id='word_1_246' title='bbox 1257 1823 1515 1877; x_wconf 81' lang='grc' dir='ltr'><em>θανάτου</em></span> <span class='ocrx_word' id='word_1_247' title='bbox 1550 1824 1620 1877; x_wconf 82' lang='grc' dir='ltr'><em>ἐν</em></span> <span class='ocrx_word' id='word_1_248' title='bbox 1650 1823 1764 1891; x_wconf 76' lang='grc' dir='ltr'><strong><em>ὅλῃ</em></strong></span> <span class='ocrx_word' id='word_1_249' title='bbox 1789 1822 1865 1892; x_wconf 76' lang='grc' dir='ltr'><em>τῇ</em></span> 
     </span>
    </p>
   </div>
   <div class='ocr_carea' id='block_1_35' title="bbox 1969 1820 3557 1892">
    <p class='ocr_par' dir='ltr' id='par_1_35' title="bbox 1970 1824 3557 1882">
     <span class='ocr_line' id='line_1_35' title="bbox 1970 1824 3557 1882; baseline 0.001 -1"><span class='ocrx_word' id='word_1_250' title='bbox 1970 1827 2025 1881; x_wconf 90' lang='lat' dir='ltr'><strong><em>in</em></strong></span> <span class='ocrx_word' id='word_1_251' title='bbox 2058 1833 2356 1881; x_wconf 77' lang='lat' dir='ltr'><strong><em>extremam</em></strong></span> <span class='ocrx_word' id='word_1_252' title='bbox 2388 1824 2738 1880; x_wconf 84' lang='lat' dir='ltr'><strong><em>solitudinem</em></strong></span> <span class='ocrx_word' id='word_1_253' title='bbox 2770 1826 2992 1880; x_wconf 88' lang='lat' dir='ltr'><strong><em>redacta</em></strong></span> <span class='ocrx_word' id='word_1_254' title='bbox 3018 1833 3126 1881; x_wconf 90' lang='lat' dir='ltr'><strong><em>est.</em></strong></span> <span class='ocrx_word' id='word_1_255' title='bbox 3152 1824 3222 1879; x_wconf 90' lang='lat' dir='ltr'><strong><em>Iis</em></strong></span> <span class='ocrx_word' id='word_1_256' title='bbox 3241 1840 3371 1881; x_wconf 84' lang='lat' dir='ltr'><strong><em>vero</em></strong></span> <span class='ocrx_word' id='word_1_257' title='bbox 3393 1826 3557 1882; x_wconf 82' lang='lat' dir='ltr'><strong><em>docet</em></strong></span> 
     </span>
    </p>
   </div>
   <div class='ocr_carea' id='block_1_36' title="bbox 284 1903 1866 1987">
    <p class='ocr_par' dir='ltr' id='par_1_36' title="bbox 284 1903 1866 1984">
     <span class='ocr_line' id='line_1_36' title="bbox 284 1903 1866 1984; baseline 0.001 -19"><span class='ocrx_word' id='word_1_258' title='bbox 284 1916 457 1967; x_wconf 69' lang='grc' dir='ltr'><em>πόλει</em></span> <span class='ocrx_word' id='word_1_259' title='bbox 476 1914 690 1983; x_wconf 81' lang='grc' dir='ltr'><em>βαρεῖα</em></span> <span class='ocrx_word' id='word_1_260' title='bbox 715 1914 970 1984; x_wconf 72' lang='grc' dir='ltr'><em>σφόδρα,</em></span> <span class='ocrx_word' id='word_1_261' title='bbox 995 1914 1076 1981; x_wconf 87' lang='grc' dir='ltr'><em>ὡς</em></span> <span class='ocrx_word' id='word_1_262' title='bbox 1102 1903 1392 1983; x_wconf 71' lang='grc' dir='ltr'><em>εἰσῆλθεν</em></span> <span class='ocrx_word' id='word_1_263' title='bbox 1424 1916 1463 1983; x_wconf 80' lang='grc' dir='ltr'><strong><em>η</em></strong></span> <span class='ocrx_word' id='word_1_264' title='bbox 1494 1915 1739 1981; x_wconf 88' lang='grc' dir='ltr'><em>κιϐωτὸς</em></span> <span class='ocrx_word' id='word_1_265' title='bbox 1759 1914 1866 1968; x_wconf 86' lang='grc' dir='ltr'><em>τοῦ</em></span> 
     </span>
    </p>
   </div>
   <div class='ocr_carea' id='block_1_37' title="bbox 1969 1903 3553 1987">
    <p class='ocr_par' dir='ltr' id='par_1_37' title="bbox 1971 1915 3553 1987">
     <span class='ocr_line' id='line_1_37' title="bbox 1971 1915 3553 1987; baseline -0.001 -14"><span class='ocrx_word' id='word_1_266' title='bbox 1971 1918 2221 1987; x_wconf 85' lang='lat' dir='ltr'><strong><em>exemplo</em></strong></span> <span class='ocrx_word' id='word_1_267' title='bbox 2275 1917 2422 1971; x_wconf 89' lang='lat' dir='ltr'><strong><em>illius</em></strong></span> <span class='ocrx_word' id='word_1_268' title='bbox 2472 1915 2665 1981; x_wconf 88' lang='lat' dir='ltr'><strong><em>Silom,</em></strong></span> <span class='ocrx_word' id='word_1_269' title='bbox 2714 1924 2775 1971; x_wconf 92' lang='lat' dir='ltr'><strong><em>ut</em></strong></span> <span class='ocrx_word' id='word_1_270' title='bbox 2821 1933 2890 1972; x_wconf 90' lang='lat' dir='ltr'><strong><em>ne</em></strong></span> <span class='ocrx_word' id='word_1_271' title='bbox 2919 1917 3088 1971; x_wconf 90' lang='lat' dir='ltr'><strong><em>altum</em></strong></span> <span class='ocrx_word' id='word_1_272' title='bbox 3128 1918 3343 1987; x_wconf 86' lang='lat' dir='ltr'><strong><em>sapiant</em></strong></span> <span class='ocrx_word' id='word_1_273' title='bbox 3370 1918 3464 1987; x_wconf 87' lang='lat' dir='ltr'><strong><em>qui</em></strong></span> <span class='ocrx_word' id='word_1_274' title='bbox 3495 1919 3553 1973; x_wconf 89' lang='lat' dir='ltr'><strong><em>in</em></strong></span> 
     </span>
    </p>
   </div>
   <div class='ocr_carea' id='block_1_38' title="bbox 286 2004 1866 2077">
    <p class='ocr_par' dir='ltr' id='par_1_38' title="bbox 286 2006 1866 2075">
     <span class='ocr_line' id='line_1_38' title="bbox 286 2006 1866 2075; baseline 0.001 -16"><span class='ocrx_word' id='word_1_275' title='bbox 286 2006 435 2060; x_wconf 80' lang='grc' dir='ltr'><em>Θεοῦ</em></span> <span class='ocrx_word' id='word_1_276' title='bbox 482 2007 637 2060; x_wconf 74' lang='grc' dir='ltr'><em>ἐκεῖο</em></span> <span class='ocrx_word' id='word_1_277' title='bbox 691 2007 792 2060; x_wconf 74' lang='grc' dir='ltr'><em>καὶ</em></span> <span class='ocrx_word' id='word_1_278' title='bbox 843 2010 896 2060; x_wconf 85' lang='lat' dir='ltr'><strong><em>ol</em></strong></span> <span class='ocrx_word' id='word_1_279' title='bbox 943 2006 1153 2073; x_wconf 77' lang='grc' dir='ltr'><em>ζῶντες</em></span> <span class='ocrx_word' id='word_1_280' title='bbox 1201 2006 1301 2061; x_wconf 73' lang='grc' dir='ltr'><em>καὶ</em></span> <span class='ocrx_word' id='word_1_281' title='bbox 1350 2011 1405 2062; x_wconf 80' lang='grc' dir='ltr'><em>οἱ</em></span> <span class='ocrx_word' id='word_1_282' title='bbox 1459 2009 1866 2075; x_wconf 82' lang='grc' dir='ltr'><em>ἀποθανόντες</em></span> 
     </span>
    </p>
   </div>
   <div class='ocr_carea' id='block_1_39' title="bbox 1969 2004 3549 2077">
    <p class='ocr_par' dir='ltr' id='par_1_39' title="bbox 1970 2004 3549 2077">
     <span class='ocr_line' id='line_1_39' title="bbox 1970 2004 3549 2077; baseline 0.002 -18"><span class='ocrx_word' id='word_1_283' title='bbox 1970 2004 2272 2061; x_wconf 85' lang='lat' dir='ltr'><strong><em>Jerusalem</em></strong></span> <span class='ocrx_word' id='word_1_284' title='bbox 2318 2006 2588 2072; x_wconf 83' lang='lat' dir='ltr'><strong><em>habitant,</em></strong></span> <span class='ocrx_word' id='word_1_285' title='bbox 2634 2008 2781 2077; x_wconf 85' lang='lat' dir='ltr'><strong><em>quod</em></strong></span> <span class='ocrx_word' id='word_1_286' title='bbox 2826 2008 3240 2064; x_wconf 85' lang='lat' dir='ltr'><strong><em>tabernaculum</em></strong></span> <span class='ocrx_word' id='word_1_287' title='bbox 3272 2016 3328 2062; x_wconf 88' lang='lat' dir='ltr'><strong><em>et</em></strong></span> <span class='ocrx_word' id='word_1_288' title='bbox 3366 2023 3549 2062; x_wconf 83' lang='lat' dir='ltr'><strong><em>arcam</em></strong></span> 
     </span>
    </p>
   </div>
   <div class='ocr_carea' id='block_1_40' title="bbox 278 2095 1866 2169">
    <p class='ocr_par' dir='ltr' id='par_1_40' title="bbox 278 2095 1866 2168">
     <span class='ocr_line' id='line_1_40' title="bbox 278 2095 1866 2168; baseline 0.002 -19"><span class='ocrx_word' id='word_1_289' title='bbox 278 2095 683 2165; x_wconf 72' lang='grc' dir='ltr'><em>ἐπλήχθησαν</em></span> <span class='ocrx_word' id='word_1_290' title='bbox 714 2101 801 2163; x_wconf 83' lang='grc' dir='ltr'><strong><em>είς</em></strong></span> <span class='ocrx_word' id='word_1_291' title='bbox 826 2102 931 2163; x_wconf 87' lang='grc' dir='ltr'><strong><em>τὰς</em></strong></span> <span class='ocrx_word' id='word_1_292' title='bbox 953 2097 1130 2166; x_wconf 80' lang='grc' dir='ltr'><em>ἕδρας</em></span> <span class='ocrx_word' id='word_1_293' title='bbox 1151 2114 1164 2128; x_wconf 94' lang='grc'><strong>·</strong></span> <span class='ocrx_word' id='word_1_294' title='bbox 1207 2098 1306 2160; x_wconf 82' lang='grc' dir='ltr'><em>καὶ</em></span> <span class='ocrx_word' id='word_1_295' title='bbox 1346 2099 1531 2167; x_wconf 88' lang='grc' dir='ltr'><em>ἀνέϐη</em></span> <span class='ocrx_word' id='word_1_296' title='bbox 1564 2100 1603 2168; x_wconf 83' lang='grc' dir='ltr'><strong><em>η</em></strong></span> <span class='ocrx_word' id='word_1_297' title='bbox 1636 2097 1866 2167; x_wconf 74' lang='grc' dir='ltr'><em>κραυγὴ</em></span> 
     </span>
    </p>
   </div>
   <div class='ocr_carea' id='block_1_41' title="bbox 1969 2095 3553 2169">
    <p class='ocr_par' dir='ltr' id='par_1_41' title="bbox 1970 2098 3553 2169">
     <span class='ocr_line' id='line_1_41' title="bbox 1970 2098 3553 2169; baseline 0.002 -19"><span class='ocrx_word' id='word_1_298' title='bbox 1970 2098 2285 2168; x_wconf 81' lang='lat' dir='ltr'><strong><em>acceperint</em></strong></span> <span class='ocrx_word' id='word_1_299' title='bbox 2314 2115 2328 2151; x_wconf 88' lang='lat'><strong>:</strong></span> <span class='ocrx_word' id='word_1_300' title='bbox 2358 2098 2562 2168; x_wconf 90' lang='lat' dir='ltr'><strong><em>quippe</em></strong></span> <span class='ocrx_word' id='word_1_301' title='bbox 2590 2098 2790 2153; x_wconf 86' lang='lat' dir='ltr'><strong><em>similia</em></strong></span> <span class='ocrx_word' id='word_1_302' title='bbox 2823 2099 3015 2168; x_wconf 90' lang='lat' dir='ltr'><strong><em>primis</em></strong></span> <span class='ocrx_word' id='word_1_303' title='bbox 3040 2099 3280 2169; x_wconf 88' lang='lat' dir='ltr'><strong><em>passuri,</em></strong></span> <span class='ocrx_word' id='word_1_304' title='bbox 3304 2100 3409 2154; x_wconf 87' lang='lat' dir='ltr'><strong><em>nisi</em></strong></span> <span class='ocrx_word' id='word_1_305' title='bbox 3442 2098 3553 2154; x_wconf 89' lang='lat' dir='ltr'><strong><em>Deo</em></strong></span> 
     </span>
    </p>
   </div>
   <div class='ocr_carea' id='block_1_42' title="bbox 285 2183 1866 2261">
    <p class='ocr_par' dir='ltr' id='par_1_42' title="bbox 285 2183 1866 2261">
     <span class='ocr_line' id='line_1_42' title="bbox 285 2183 1866 2261; baseline 0.004 -23"><span class='ocrx_word' id='word_1_306' title='bbox 285 2183 401 2252; x_wconf 83' lang='grc' dir='ltr'><em>τῆς</em></span> <span class='ocrx_word' id='word_1_307' title='bbox 417 2187 646 2254; x_wconf 79' lang='grc' dir='ltr'><em>πόλεως</em></span> <span class='ocrx_word' id='word_1_308' title='bbox 661 2191 746 2254; x_wconf 81' lang='grc' dir='ltr'><em>εὶς</em></span> <span class='ocrx_word' id='word_1_309' title='bbox 772 2188 879 2242; x_wconf 87' lang='grc' dir='ltr'><strong><em>τὸν</em></strong></span> <span class='ocrx_word' id='word_1_310' title='bbox 904 2190 1186 2256; x_wconf 81' lang='grc' dir='ltr'><em>οὐρανόν.</em></span> <span class='ocrx_word' id='word_1_311' title='bbox 1210 2191 1309 2243; x_wconf 82' lang='grc' dir='ltr'><strong><em>Διὰ</em></strong></span> <span class='ocrx_word' id='word_1_312' title='bbox 1333 2189 1397 2261; x_wconf 81' lang='grc' dir='ltr'><em>δὴ</em></span> <span class='ocrx_word' id='word_1_313' title='bbox 1423 2190 1595 2244; x_wconf 85' lang='grc' dir='ltr'><em>ταῦτα</em></span> <span class='ocrx_word' id='word_1_314' title='bbox 1621 2190 1866 2244; x_wconf 82' lang='grc' dir='ltr'><em>λέλεκται</em></span> 
     </span>
    </p>
   </div>
   <div class='ocr_carea' id='block_1_43' title="bbox 1969 2183 3555 2261">
    <p class='ocr_par' dir='ltr' id='par_1_43' title="bbox 1972 2188 3555 2261">
     <span class='ocr_line' id='line_1_43' title="bbox 1972 2188 3555 2261; baseline 0.002 -19"><span class='ocrx_word' id='word_1_315' title='bbox 1972 2188 2122 2259; x_wconf 70' lang='lat' dir='ltr'><strong><em>digni</em></strong></span> <span class='ocrx_word' id='word_1_316' title='bbox 2149 2188 2476 2254; x_wconf 84' lang='lat' dir='ltr'><strong><em>elIiciantur,</em></strong></span> <span class='ocrx_word' id='word_1_317' title='bbox 2514 2189 2661 2261; x_wconf 90' lang='lat' dir='ltr'><strong><em>quod</em></strong></span> <span class='ocrx_word' id='word_1_318' title='bbox 2699 2205 2833 2245; x_wconf 88' lang='lat' dir='ltr'><strong><em>sane</em></strong></span> <span class='ocrx_word' id='word_1_319' title='bbox 2863 2192 3114 2261; x_wconf 87' lang='lat' dir='ltr'><strong><em>sequenti</em></strong></span> <span class='ocrx_word' id='word_1_320' title='bbox 3143 2199 3387 2260; x_wconf 89' lang='lat' dir='ltr'><strong><em>tempore</em></strong></span> <span class='ocrx_word' id='word_1_321' title='bbox 3420 2206 3555 2245; x_wconf 85' lang='lat' dir='ltr'><strong><em>con-</em></strong></span> 
     </span>
    </p>
   </div>
   <div class='ocr_carea' id='block_1_44' title="bbox 280 2275 2117 2351">
    <p class='ocr_par' dir='ltr' id='par_1_44' title="bbox 280 2275 2117 2351">
     <span class='ocr_line' id='line_1_44' title="bbox 280 2275 2117 2351; baseline 0.004 -25"><span class='ocrx_word' id='word_1_322' title='bbox 280 2277 342 2327; x_wconf 83' lang='grc' dir='ltr'><em>ὲν</em></span> <span class='ocrx_word' id='word_1_323' title='bbox 373 2275 451 2346; x_wconf 79' lang='grc' dir='ltr'><em>τῷ</em></span> <span class='ocrx_word' id='word_1_324' title='bbox 485 2277 710 2350; x_wconf 84' lang='grc' dir='ltr'><em>παρόντι</em></span> <span class='ocrx_word' id='word_1_325' title='bbox 741 2278 969 2351; x_wconf 82' lang='grc' dir='ltr'><em>ψαλμῷ·</em></span> <span class='ocrx_word' id='word_1_326' title='bbox 1005 2281 1113 2334; x_wconf 88' lang='lat' dir='ltr'><strong><em>Kal</em></strong></span> <span class='ocrx_word' id='word_1_327' title='bbox 1155 2279 1416 2345; x_wconf 80' lang='grc' dir='ltr'><em>ἐπάταξε</em></span> <span class='ocrx_word' id='word_1_328' title='bbox 1444 2281 1587 2347; x_wconf 86' lang='grc' dir='ltr'><em>τοὺς</em></span> <span class='ocrx_word' id='word_1_329' title='bbox 1618 2280 1871 2349; x_wconf 80' lang='grc' dir='ltr'><em>ἐχθροὺς</em></span> <span class='ocrx_word' id='word_1_330' title='bbox 1975 2281 2117 2350; x_wconf 77' lang='lat' dir='ltr'><strong><em>tigit.</em></strong></span> 
     </span>
    </p>
   </div>
   <div class='ocr_carea' id='block_1_45' title="bbox 278 2367 3554 2447">
    <p class='ocr_par' dir='ltr' id='par_1_45' title="bbox 278 2367 3554 2447">
     <span class='ocr_line' id='line_1_45' title="bbox 278 2367 3554 2447; baseline 0.003 -27"><span class='ocrx_word' id='word_1_331' title='bbox 278 2367 465 2421; x_wconf 85' lang='grc' dir='ltr'><em>αὑτοῦ</em></span> <span class='ocrx_word' id='word_1_332' title='bbox 502 2371 589 2435; x_wconf 87' lang='grc' dir='ltr'><strong><em>είς</em></strong></span> <span class='ocrx_word' id='word_1_333' title='bbox 626 2371 697 2423; x_wconf 85' lang='grc' dir='ltr'><em>τὰ</em></span> <span class='ocrx_word' id='word_1_334' title='bbox 722 2373 946 2424; x_wconf 80' lang='grc' dir='ltr'><em>όπίσω’</em></span> <span class='ocrx_word' id='word_1_335' title='bbox 978 2372 1206 2438; x_wconf 80' lang='grc' dir='ltr'><em>ὄνειδος</em></span> <span class='ocrx_word' id='word_1_336' title='bbox 1267 2373 1507 2426; x_wconf 77' lang='grc' dir='ltr'><em>αἰώνιον</em></span> <span class='ocrx_word' id='word_1_337' title='bbox 1567 2372 1793 2426; x_wconf 81' lang='grc' dir='ltr'><em>ἔδωκεν</em></span> <span class='ocrx_word' id='word_1_338' title='bbox 1851 2371 2075 2438; x_wconf 83' lang='grc' dir='ltr'><em>αὐτοῖς.</em></span> <span class='ocrx_word' id='word_1_339' title='bbox 2116 2373 2357 2437; x_wconf 82' lang='grc' dir='ltr'><em>Ὀνειδος</em></span> <span class='ocrx_word' id='word_1_340' title='bbox 2406 2374 2514 2444; x_wconf 85' lang='grc' dir='ltr'><strong><em>γὰρ</em></strong></span> <span class='ocrx_word' id='word_1_341' title='bbox 2549 2371 2618 2444; x_wconf 81' lang='grc' dir='ltr'><em>ἧν</em></span> <span class='ocrx_word' id='word_1_342' title='bbox 2684 2374 2745 2426; x_wconf 86' lang='grc' dir='ltr'><em>τὸ</em></span> <span class='ocrx_word' id='word_1_343' title='bbox 2792 2375 2850 2426; x_wconf 82' lang='grc' dir='ltr'><em>ὲν</em></span> <span class='ocrx_word' id='word_1_344' title='bbox 2882 2391 3004 2436; x_wconf 88' lang='grc' dir='ltr'><em>ταις</em></span> <span class='ocrx_word' id='word_1_345' title='bbox 3051 2379 3235 2445; x_wconf 84' lang='grc' dir='ltr'><em>εόραις</em></span> <span class='ocrx_word' id='word_1_346' title='bbox 3279 2374 3554 2447; x_wconf 81' lang='grc' dir='ltr'><em>πληγῆναι</em></span> 
     </span>
    </p>
   </div>
   <div class='ocr_carea' id='block_1_46' title="bbox 279 2463 3554 2541">
    <p class='ocr_par' dir='ltr' id='par_1_46' title="bbox 279 2463 3554 2541">
     <span class='ocr_line' id='line_1_46' title="bbox 279 2463 3554 2541; baseline 0.003 -26"><span class='ocrx_word' id='word_1_347' title='bbox 279 2463 497 2526; x_wconf 79' lang='grc' dir='ltr'><em>αὐτοὺς,</em></span> <span class='ocrx_word' id='word_1_348' title='bbox 532 2466 609 2528; x_wconf 81' lang='grc' dir='ltr'><em>ὡς</em></span> <span class='ocrx_word' id='word_1_349' title='bbox 672 2466 738 2520; x_wconf 82' lang='grc' dir='ltr'><em>ἂν</em></span> <span class='ocrx_word' id='word_1_350' title='bbox 772 2467 1253 2532; x_wconf 79' lang='grc' dir='ltr'><em>ἀκολασταίνοντας</em></span> <span class='ocrx_word' id='word_1_351' title='bbox 1297 2471 1356 2521; x_wconf 86' lang='grc' dir='ltr'><em>ὲν</em></span> <span class='ocrx_word' id='word_1_352' title='bbox 1418 2469 1646 2532; x_wconf 77' lang='grc' dir='ltr'><em>ἐκείνοις</em></span> <span class='ocrx_word' id='word_1_353' title='bbox 1681 2471 1795 2533; x_wconf 82' lang='grc' dir='ltr'><em>τοῖς</em></span> <span class='ocrx_word' id='word_1_354' title='bbox 1834 2468 2047 2541; x_wconf 84' lang='grc' dir='ltr'><strong><em>μέρεσι.</em></strong></span> <span class='ocrx_word' id='word_1_355' title='bbox 2116 2469 2256 2533; x_wconf 81' lang='grc' dir='ltr'><em>Τοὺς</em></span> <span class='ocrx_word' id='word_1_356' title='bbox 2305 2470 2407 2539; x_wconf 85' lang='grc' dir='ltr'><em>μὲν</em></span> <span class='ocrx_word' id='word_1_357' title='bbox 2454 2469 2682 2541; x_wconf 75' lang='grc' dir='ltr'><em>ἐχθροὺς</em></span> <span class='ocrx_word' id='word_1_358' title='bbox 2722 2468 2896 2533; x_wconf 78' lang='grc' dir='ltr'><em>οὕτως</em></span> <span class='ocrx_word' id='word_1_359' title='bbox 2946 2471 3356 2541; x_wconf 80' lang='grc' dir='ltr'><em>ἐτιμωρήσατο’</em></span> <span class='ocrx_word' id='word_1_360' title='bbox 3426 2473 3554 2534; x_wconf 80' lang='grc' dir='ltr'><em>τοὺς</em></span> 
     </span>
    </p>
   </div>
   <div class='ocr_carea' id='block_1_47' title="bbox 280 2555 3551 2636">
    <p class='ocr_par' dir='ltr' id='par_1_47' title="bbox 280 2555 3551 2636">
     <span class='ocr_line' id='line_1_47' title="bbox 280 2555 3551 2636; baseline 0.002 -28"><span class='ocrx_word' id='word_1_361' title='bbox 280 2555 339 2609; x_wconf 87' lang='grc' dir='ltr'><em>δὲ</em></span> <span class='ocrx_word' id='word_1_362' title='bbox 375 2558 604 2622; x_wconf 73' lang='grc' dir='ltr'><strong><em>οἰκείους</em></strong></span> <span class='ocrx_word' id='word_1_363' title='bbox 673 2560 843 2631; x_wconf 79' lang='grc' dir='ltr'><em>ἑτέρῳ</em></span> <span class='ocrx_word' id='word_1_364' title='bbox 879 2561 1196 2632; x_wconf 84' lang='grc' dir='ltr'><em>μετήρχετο.</em></span> <span class='ocrx_word' id='word_1_365' title='bbox 1230 2562 1324 2616; x_wconf 84' lang='grc' dir='ltr'><strong><em>Διὸ</em></strong></span> <span class='ocrx_word' id='word_1_366' title='bbox 1369 2563 1583 2636; x_wconf 76' lang='grc' dir='ltr'><em>εἴρητοο</em></span> <span class='ocrx_word' id='word_1_367' title='bbox 1608 2562 1721 2618; x_wconf 83' lang='grc' dir='ltr'><strong><em>Καὶ</em></strong></span> <span class='ocrx_word' id='word_1_368' title='bbox 1784 2562 2067 2617; x_wconf 80' lang='grc' dir='ltr'><em>ἀπώσατο</em></span> <span class='ocrx_word' id='word_1_369' title='bbox 2114 2563 2181 2617; x_wconf 84' lang='grc' dir='ltr'><strong><em>τὸ</em></strong></span> <span class='ocrx_word' id='word_1_370' title='bbox 2219 2563 2513 2633; x_wconf 75' lang='grc' dir='ltr'><em>σκήνωμα</em></span> <span class='ocrx_word' id='word_1_371' title='bbox 2585 2561 2816 2630; x_wconf 77' lang='grc' dir='ltr'><em>Ἰωσήφ.</em></span> <span class='ocrx_word' id='word_1_372' title='bbox 2865 2562 3117 2615; x_wconf 78' lang='grc' dir='ltr'><em>Ποῖον-δὲ</em></span> <span class='ocrx_word' id='word_1_373' title='bbox 3159 2560 3316 2616; x_wconf 80' lang='grc' dir='ltr'><em>τοῦτο</em></span> <span class='ocrx_word' id='word_1_374' title='bbox 3368 2562 3484 2616; x_wconf 84' lang='grc' dir='ltr'><em>ἀλλ’</em></span> <span class='ocrx_word' id='word_1_375' title='bbox 3517 2563 3551 2633; x_wconf 85' lang='grc' dir='ltr'><strong>ὴ</strong></span> 
     </span>
    </p>
   </div>
   <div class='ocr_carea' id='block_1_48' title="bbox 279 2649 3554 2730">
    <p class='ocr_par' dir='ltr' id='par_1_48' title="bbox 279 2649 3554 2730">
     <span class='ocr_line' id='line_1_48' title="bbox 279 2649 3554 2730; baseline -0.004 -10"><span class='ocrx_word' id='word_1_376' title='bbox 279 2650 379 2721; x_wconf 66' lang='grc' dir='ltr'><strong><em>τὴν</em></strong></span> <span class='ocrx_word' id='word_1_377' title='bbox 406 2650 602 2723; x_wconf 85' lang='grc' dir='ltr'><strong><em>Σηλὼμ</em></strong></span> <span class='ocrx_word' id='word_1_378' title='bbox 624 2669 639 2718; x_wconf 76' lang='lat' dir='ltr'><strong><em>i</em></strong></span> <span class='ocrx_word' id='word_1_379' title='bbox 663 2649 769 2706; x_wconf 82' lang='grc' dir='ltr'><em>Ἦν</em></span> <span class='ocrx_word' id='word_1_380' title='bbox 789 2654 899 2725; x_wconf 81' lang='grc' dir='ltr'><em>γὰρ</em></span> <span class='ocrx_word' id='word_1_381' title='bbox 923 2655 1059 2726; x_wconf 66' lang='grc' dir='ltr'><strong><em>αὑτὴ</em></strong></span> <span class='ocrx_word' id='word_1_382' title='bbox 1084 2656 1183 2726; x_wconf 86' lang='grc' dir='ltr'><em>τῆς</em></span> <span class='ocrx_word' id='word_1_383' title='bbox 1211 2656 1573 2727; x_wconf 83' lang='grc' dir='ltr'><strong><em>κληρονομίας</em></strong></span> <span class='ocrx_word' id='word_1_384' title='bbox 1623 2655 1894 2729; x_wconf 79' lang='grc' dir='ltr'><em>Ἐφραῒμ·</em></span> <span class='ocrx_word' id='word_1_385' title='bbox 1945 2656 2183 2730; x_wconf 78' lang='grc' dir='ltr'><em>Ἐφραῒμ</em></span> <span class='ocrx_word' id='word_1_386' title='bbox 2215 2657 2271 2711; x_wconf 72' lang='grc' dir='ltr'><em>δὲ</em></span> <span class='ocrx_word' id='word_1_387' title='bbox 2320 2656 2414 2710; x_wconf 80' lang='grc' dir='ltr'><em>τοῦ</em></span> <span class='ocrx_word' id='word_1_388' title='bbox 2456 2656 2654 2727; x_wconf 79' lang='grc' dir='ltr'><em>Ἰωσὴφ</em></span> <span class='ocrx_word' id='word_1_389' title='bbox 2720 2655 2834 2719; x_wconf 76' lang='grc' dir='ltr'><em>υἱὸς</em></span> <span class='ocrx_word' id='word_1_390' title='bbox 2862 2651 2952 2726; x_wconf 84' lang='grc' dir='ltr'><em>ἦν.</em></span> <span class='ocrx_word' id='word_1_391' title='bbox 2987 2654 3080 2708; x_wconf 80' lang='grc' dir='ltr'><strong><em>Διὸ</em></strong></span> <span class='ocrx_word' id='word_1_392' title='bbox 3126 2654 3403 2724; x_wconf 76' lang='grc' dir='ltr'><em>ἐπιλέγει·</em></span> <span class='ocrx_word' id='word_1_393' title='bbox 3440 2652 3554 2707; x_wconf 79' lang='lat' dir='ltr'><strong><em>Kal</em></strong></span> 
     </span>
    </p>
   </div>
   <div class='ocr_carea' id='block_1_49' title="bbox 278 2745 3557 2822">
    <p class='ocr_par' dir='ltr' id='par_1_49' title="bbox 278 2745 3557 2822">
     <span class='ocr_line' id='line_1_49' title="bbox 278 2745 3557 2822; baseline 0 -21"><span class='ocrx_word' id='word_1_394' title='bbox 278 2745 562 2801; x_wconf 81' lang='grc' dir='ltr'><em>ἀπώσατο</em></span> <span class='ocrx_word' id='word_1_395' title='bbox 636 2748 703 2803; x_wconf 84' lang='grc' dir='ltr'><strong><em>τὸ</em></strong></span> <span class='ocrx_word' id='word_1_396' title='bbox 742 2748 1029 2819; x_wconf 80' lang='grc' dir='ltr'><em>σκήνωμα</em></span> <span class='ocrx_word' id='word_1_397' title='bbox 1074 2750 1331 2820; x_wconf 72' lang='grc' dir='ltr'><em>Ἰωσὴφ,</em></span> <span class='ocrx_word' id='word_1_398' title='bbox 1382 2752 1481 2805; x_wconf 79' lang='grc' dir='ltr'><em>καὶ</em></span> <span class='ocrx_word' id='word_1_399' title='bbox 1529 2752 1647 2821; x_wconf 79' lang='grc' dir='ltr'><em>τὴν</em></span> <span class='ocrx_word' id='word_1_400' title='bbox 1688 2753 1896 2822; x_wconf 75' lang='grc' dir='ltr'><em>φυλὴν</em></span> <span class='ocrx_word' id='word_1_401' title='bbox 1945 2753 2189 2822; x_wconf 65' lang='grc' dir='ltr'><em>Ἐφραῒμ</em></span> <span class='ocrx_word' id='word_1_402' title='bbox 2240 2754 2352 2806; x_wconf 85' lang='grc' dir='ltr'><em>οὐκ</em></span> <span class='ocrx_word' id='word_1_403' title='bbox 2440 2750 2800 2816; x_wconf 76' lang='grc' dir='ltr'><em>ἐξελέξατο·</em></span> <span class='ocrx_word' id='word_1_404' title='bbox 2850 2749 3055 2820; x_wconf 88' lang='grc' dir='ltr'><em>καίπερ</em></span> <span class='ocrx_word' id='word_1_405' title='bbox 3109 2747 3279 2817; x_wconf 84' lang='grc' dir='ltr'><em>αὐτὴν</em></span> <span class='ocrx_word' id='word_1_406' title='bbox 3328 2747 3557 2818; x_wconf 84' lang='grc' dir='ltr'><em>πρώτην</em></span> 
     </span>
    </p>
   </div>
   <div class='ocr_carea' id='block_1_50' title="bbox 280 2838 3548 2916">
    <p class='ocr_par' dir='ltr' id='par_1_50' title="bbox 280 2838 3548 2916">
     <span class='ocr_line' id='line_1_50' title="bbox 280 2838 3548 2916; baseline 0.001 -25"><span class='ocrx_word' id='word_1_407' title='bbox 280 2838 658 2909; x_wconf 74' lang='grc' dir='ltr'><em>ἐκλεξάμενος,</em></span> <span class='ocrx_word' id='word_1_408' title='bbox 693 2842 785 2893; x_wconf 81' lang='grc' dir='ltr'><em>καὶ</em></span> <span class='ocrx_word' id='word_1_409' title='bbox 826 2840 887 2894; x_wconf 82' lang='grc' dir='ltr'><em>τὸ</em></span> <span class='ocrx_word' id='word_1_410' title='bbox 924 2844 1181 2913; x_wconf 79' lang='grc' dir='ltr'><em>σκήνωμα</em></span> <span class='ocrx_word' id='word_1_411' title='bbox 1220 2843 1421 2913; x_wconf 80' lang='grc' dir='ltr'><strong><em>Ἰωσὴφ</em></strong></span> <span class='ocrx_word' id='word_1_412' title='bbox 1452 2844 1667 2915; x_wconf 83' lang='grc' dir='ltr'><em>πρῶτον</em></span> <span class='ocrx_word' id='word_1_413' title='bbox 1724 2848 1984 2916; x_wconf 83' lang='grc' dir='ltr'><em>τιμήσας.</em></span> <span class='ocrx_word' id='word_1_414' title='bbox 2007 2845 2097 2898; x_wconf 88' lang='grc' dir='ltr'><strong><em>Διὺ</em></strong></span> <span class='ocrx_word' id='word_1_415' title='bbox 2130 2846 2226 2899; x_wconf 76' lang='grc' dir='ltr'><em>καὶ</em></span> <span class='ocrx_word' id='word_1_416' title='bbox 2255 2846 2289 2915; x_wconf 81' lang='grc' dir='ltr'>ἡ</span> <span class='ocrx_word' id='word_1_417' title='bbox 2318 2842 2518 2914; x_wconf 87' lang='grc' dir='ltr'><em>Σηλὼμ</em></span> <span class='ocrx_word' id='word_1_418' title='bbox 2577 2844 2657 2905; x_wconf 78' lang='grc' dir='ltr'><em>εἰς</em></span> <span class='ocrx_word' id='word_1_419' title='bbox 2694 2841 2931 2912; x_wconf 75' lang='grc' dir='ltr'><strong><em>ἐσχάτην</em></strong></span> <span class='ocrx_word' id='word_1_420' title='bbox 2991 2841 3228 2911; x_wconf 76' lang='grc' dir='ltr'><strong><em>ἐρημίαν</em></strong></span> <span class='ocrx_word' id='word_1_421' title='bbox 3287 2838 3548 2909; x_wconf 81' lang='grc' dir='ltr'><em>κατέστη.</em></span> 
     </span>
    </p>
   </div>
   <div class='ocr_carea' id='block_1_51' title="bbox 280 2929 3556 3008">
    <p class='ocr_par' dir='ltr' id='par_1_51' title="bbox 280 2929 3556 3008">
     <span class='ocr_line' id='line_1_51' title="bbox 280 2929 3556 3008; baseline -0 -26"><span class='ocrx_word' id='word_1_422' title='bbox 280 2929 534 2983; x_wconf 81' lang='grc' dir='ltr'><em>Παιδεύει</em></span> <span class='ocrx_word' id='word_1_423' title='bbox 554 2930 609 2983; x_wconf 87' lang='grc' dir='ltr'><em>δὲ</em></span> <span class='ocrx_word' id='word_1_424' title='bbox 633 2931 722 2984; x_wconf 77' lang='grc' dir='ltr'><strong><em>διὰ</em></strong></span> <span class='ocrx_word' id='word_1_425' title='bbox 756 2933 960 2987; x_wconf 86' lang='grc' dir='ltr'><em>τούτων</em></span> <span class='ocrx_word' id='word_1_426' title='bbox 988 2936 1017 2987; x_wconf 98' lang='lat'><strong><em>6</em></strong></span> <span class='ocrx_word' id='word_1_427' title='bbox 1044 2935 1200 3003; x_wconf 83' lang='grc' dir='ltr'><em>λόγος</em></span> <span class='ocrx_word' id='word_1_428' title='bbox 1262 2935 1350 2989; x_wconf 79' lang='grc' dir='ltr'><strong><em>διὰ</em></strong></span> <span class='ocrx_word' id='word_1_429' title='bbox 1382 2935 1474 2989; x_wconf 80' lang='grc' dir='ltr'><em>τοῦ</em></span> <span class='ocrx_word' id='word_1_430' title='bbox 1542 2937 1989 3007; x_wconf 78' lang='grc' dir='ltr'><em>παραδείγματος</em></span> <span class='ocrx_word' id='word_1_431' title='bbox 2048 2938 2148 3008; x_wconf 85' lang='grc' dir='ltr'><em>τῆς</em></span> <span class='ocrx_word' id='word_1_432' title='bbox 2190 2935 2390 3008; x_wconf 84' lang='grc' dir='ltr'><em>Σηλὼμ</em></span> <span class='ocrx_word' id='word_1_433' title='bbox 2437 2936 2514 3007; x_wconf 83' lang='grc' dir='ltr'><em>μὴ</em></span> <span class='ocrx_word' id='word_1_434' title='bbox 2587 2934 2728 3005; x_wconf 79' lang='grc' dir='ltr'><em>μέγα</em></span> <span class='ocrx_word' id='word_1_435' title='bbox 2759 2935 2975 3004; x_wconf 86' lang='grc' dir='ltr'><em>φρονεῖν</em></span> <span class='ocrx_word' id='word_1_436' title='bbox 3007 2932 3134 2994; x_wconf 82' lang='grc' dir='ltr'><em>τοὺς</em></span> <span class='ocrx_word' id='word_1_437' title='bbox 3162 2933 3220 2984; x_wconf 81' lang='grc' dir='ltr'><em>ἐν</em></span> <span class='ocrx_word' id='word_1_438' title='bbox 3248 2933 3314 3001; x_wconf 86' lang='grc' dir='ltr'><em>τῇ</em></span> <span class='ocrx_word' id='word_1_439' title='bbox 3355 2931 3556 3000; x_wconf 78' lang='grc' dir='ltr'><em>Ἰερου-</em></span> 
     </span>
    </p>
   </div>
   <div class='ocr_carea' id='block_1_52' title="bbox 281 3020 3553 3103">
    <p class='ocr_par' dir='ltr' id='par_1_52' title="bbox 281 3020 3553 3103">
     <span class='ocr_line' id='line_1_52' title="bbox 281 3020 3553 3103; baseline -0.001 -26"><span class='ocrx_word' id='word_1_440' title='bbox 281 3023 483 3095; x_wconf 85' lang='grc' dir='ltr'><em>σαλὴμ,</em></span> <span class='ocrx_word' id='word_1_441' title='bbox 511 3024 608 3097; x_wconf 86' lang='grc' dir='ltr'><em>τὴν</em></span> <span class='ocrx_word' id='word_1_442' title='bbox 636 3028 840 3099; x_wconf 83' lang='grc' dir='ltr'><em>σκηνὴν</em></span> <span class='ocrx_word' id='word_1_443' title='bbox 871 3028 963 3081; x_wconf 75' lang='grc' dir='ltr'><em>καὶ</em></span> <span class='ocrx_word' id='word_1_444' title='bbox 996 3029 1095 3100; x_wconf 85' lang='grc' dir='ltr'><em>τὴν</em></span> <span class='ocrx_word' id='word_1_445' title='bbox 1130 3029 1361 3083; x_wconf 78' lang='grc' dir='ltr'><em>κιϐωτὸν</em></span> <span class='ocrx_word' id='word_1_446' title='bbox 1424 3029 1883 3102; x_wconf 72' lang='grc' dir='ltr'><em>ὑποδεξαμένους·</em></span> <span class='ocrx_word' id='word_1_447' title='bbox 1924 3032 2208 3085; x_wconf 81' lang='grc' dir='ltr'><em>πείσεσθαι</em></span> <span class='ocrx_word' id='word_1_448' title='bbox 2252 3032 2362 3103; x_wconf 84' lang='grc' dir='ltr'><strong><em>γὰρ</em></strong></span> <span class='ocrx_word' id='word_1_449' title='bbox 2409 3030 2478 3084; x_wconf 80' lang='grc' dir='ltr'><em>τὰ</em></span> <span class='ocrx_word' id='word_1_450' title='bbox 2518 3030 2681 3100; x_wconf 74' lang='grc' dir='ltr'><em>ὅμοια</em></span> <span class='ocrx_word' id='word_1_451' title='bbox 2719 3029 2833 3090; x_wconf 85' lang='grc' dir='ltr'><em>τοῖς</em></span> <span class='ocrx_word' id='word_1_452' title='bbox 2874 3023 3132 3097; x_wconf 79' lang='grc' dir='ltr'><em>πρώτοις,</em></span> <span class='ocrx_word' id='word_1_453' title='bbox 3177 3025 3228 3077; x_wconf 82' lang='grc' dir='ltr'><em>ει</em></span> <span class='ocrx_word' id='word_1_454' title='bbox 3274 3022 3349 3093; x_wconf 85' lang='grc' dir='ltr'><em>μὴ</em></span> <span class='ocrx_word' id='word_1_455' title='bbox 3412 3020 3553 3086; x_wconf 78' lang='grc' dir='ltr'><em>ἄξιοι</em></span> 
     </span>
    </p>
   </div>
   <div class='ocr_carea' id='block_1_53' title="bbox 278 3116 2328 3197">
    <p class='ocr_par' dir='ltr' id='par_1_53' title="bbox 278 3116 2328 3197">
     <span class='ocr_line' id='line_1_53' title="bbox 278 3116 2328 3197; baseline 0.004 -27"><span class='ocrx_word' id='word_1_456' title='bbox 278 3116 511 3186; x_wconf 87' lang='grc' dir='ltr'><em>γίνοιντο</em></span> <span class='ocrx_word' id='word_1_457' title='bbox 560 3119 655 3173; x_wconf 85' lang='grc' dir='ltr'><em>τοῦ</em></span> <span class='ocrx_word' id='word_1_458' title='bbox 706 3119 875 3173; x_wconf 80' lang='grc' dir='ltr'><strong><em>Θεοῦ’</em></strong></span> <span class='ocrx_word' id='word_1_459' title='bbox 910 3121 940 3174; x_wconf 85' lang='grc' dir='ltr'><strong>ὃ</strong></span> <span class='ocrx_word' id='word_1_460' title='bbox 979 3121 1043 3195; x_wconf 83' lang='grc' dir='ltr'><em>δὴ</em></span> <span class='ocrx_word' id='word_1_461' title='bbox 1090 3125 1185 3176; x_wconf 77' lang='grc' dir='ltr'><em>καὶ</em></span> <span class='ocrx_word' id='word_1_462' title='bbox 1234 3123 1415 3194; x_wconf 79' lang='grc' dir='ltr'><em>ἀπέϐη</em></span> <span class='ocrx_word' id='word_1_463' title='bbox 1458 3125 1516 3177; x_wconf 85' lang='grc' dir='ltr'><em>ὲν</em></span> <span class='ocrx_word' id='word_1_464' title='bbox 1548 3126 1661 3187; x_wconf 86' lang='grc' dir='ltr'><em>τοῖς</em></span> <span class='ocrx_word' id='word_1_465' title='bbox 1718 3123 1857 3195; x_wconf 79' lang='grc' dir='ltr'><em>μετὰ</em></span> <span class='ocrx_word' id='word_1_466' title='bbox 1893 3125 2065 3179; x_wconf 80' lang='grc' dir='ltr'><em>ταῦτα</em></span> <span class='ocrx_word' id='word_1_467' title='bbox 2097 3125 2328 3197; x_wconf 76' lang='grc' dir='ltr'><em>χρόνοις.</em></span> 
     </span>
    </p>
   </div>
   <div class='ocr_carea' id='block_1_54' title="bbox 349 3232 1866 3311">
    <p class='ocr_par' dir='ltr' id='par_1_54' title="bbox 349 3238 1864 3311">
     <span class='ocr_line' id='line_1_54' title="bbox 349 3238 1864 3311; baseline 0.002 -19"><span class='ocrx_word' id='word_1_468' title='bbox 349 3239 457 3293; x_wconf 88' lang='lat' dir='ltr'><strong><em>Kal</em></strong></span> <span class='ocrx_word' id='word_1_469' title='bbox 491 3238 809 3304; x_wconf 69' lang='grc' dir='ltr'><em>ἐξελέξατο</em></span> <span class='ocrx_word' id='word_1_470' title='bbox 838 3240 952 3309; x_wconf 79' lang='grc' dir='ltr'><em>τὴν</em></span> <span class='ocrx_word' id='word_1_471' title='bbox 982 3241 1190 3311; x_wconf 73' lang='grc' dir='ltr'><em>φυλὴν</em></span> <span class='ocrx_word' id='word_1_472' title='bbox 1217 3242 1423 3306; x_wconf 81' lang='grc' dir='ltr'><strong><em>Ἰούδα,</em></strong></span> <span class='ocrx_word' id='word_1_473' title='bbox 1448 3242 1515 3295; x_wconf 88' lang='grc' dir='ltr'><strong><em>τὸ</em></strong></span> <span class='ocrx_word' id='word_1_474' title='bbox 1545 3242 1680 3311; x_wconf 80' lang='grc' dir='ltr'><em>ὄρος</em></span> <span class='ocrx_word' id='word_1_475' title='bbox 1713 3241 1864 3297; x_wconf 88' lang='grc' dir='ltr'><em>Σιὼν</em></span> 
     </span>
    </p>
   </div>
   <div class='ocr_carea' id='block_1_55' title="bbox 1969 3232 3550 3311">
    <p class='ocr_par' dir='ltr' id='par_1_55' title="bbox 2038 3232 3550 3308">
     <span class='ocr_line' id='line_1_55' title="bbox 2038 3232 3550 3308; baseline -0.009 -11"><span class='ocrx_word' id='word_1_476' title='bbox 2038 3242 2204 3299; x_wconf 73' lang='lat' dir='ltr'><strong><em>Vens.</em></strong></span> <span class='ocrx_word' id='word_1_477' title='bbox 2251 3242 2341 3306; x_wconf 88' lang='lat'><strong><em>68,</em></strong></span> <span class='ocrx_word' id='word_1_478' title='bbox 2390 3241 2480 3297; x_wconf 91' lang='lat'><strong><em>69.</em></strong></span> <span class='ocrx_word' id='word_1_479' title='bbox 2542 3237 2609 3293; x_wconf 88' lang='lat' dir='ltr'><strong><em>Et</em></strong></span> <span class='ocrx_word' id='word_1_480' title='bbox 2649 3238 2801 3308; x_wconf 83' lang='lat' dir='ltr'><strong><em>elegit</em></strong></span> <span class='ocrx_word' id='word_1_481' title='bbox 2853 3235 3047 3289; x_wconf 88' lang='lat' dir='ltr'><strong><em>tribum</em></strong></span> <span class='ocrx_word' id='word_1_482' title='bbox 3088 3232 3269 3297; x_wconf 76' lang='lat' dir='ltr'><strong><em>Iuda,</em></strong></span> <span class='ocrx_word' id='word_1_483' title='bbox 3321 3241 3550 3285; x_wconf 85' lang='lat' dir='ltr'><strong><em>montem</em></strong></span> 
     </span>
    </p>
   </div>
   <div class='ocr_carea' id='block_1_56' title="bbox 277 3325 1866 3404">
    <p class='ocr_par' dir='ltr' id='par_1_56' title="bbox 277 3329 1861 3404">
     <span class='ocr_line' id='line_1_56' title="bbox 277 3329 1861 3404; baseline 0.004 -22"><span class='ocrx_word' id='word_1_484' title='bbox 277 3330 313 3382; x_wconf 79' lang='grc' dir='ltr'>ὃ</span> <span class='ocrx_word' id='word_1_485' title='bbox 338 3329 639 3399; x_wconf 73' lang='grc' dir='ltr'><em>ἠγάπησε.</em></span> <span class='ocrx_word' id='word_1_486' title='bbox 674 3333 784 3385; x_wconf 89' lang='lat' dir='ltr'><strong><em>Kal</em></strong></span> <span class='ocrx_word' id='word_1_487' title='bbox 821 3333 1206 3401; x_wconf 79' lang='grc' dir='ltr'><em>ᾠκοδόμησεν</em></span> <span class='ocrx_word' id='word_1_488' title='bbox 1234 3338 1315 3401; x_wconf 90' lang='grc' dir='ltr'><em>ὠς</em></span> <span class='ocrx_word' id='word_1_489' title='bbox 1335 3335 1759 3404; x_wconf 84' lang='grc' dir='ltr'><em>μονοκερώτων</em></span> <span class='ocrx_word' id='word_1_490' title='bbox 1794 3336 1861 3389; x_wconf 89' lang='grc' dir='ltr'><strong><em>τὸ</em></strong></span> 
     </span>
    </p>
   </div>
   <div class='ocr_carea' id='block_1_57' title="bbox 1969 3325 3550 3404">
    <p class='ocr_par' dir='ltr' id='par_1_57' title="bbox 1969 3325 3550 3399">
     <span class='ocr_line' id='line_1_57' title="bbox 1969 3325 3550 3399; baseline -0.009 -6"><span class='ocrx_word' id='word_1_491' title='bbox 1969 3336 2121 3397; x_wconf 87' lang='lat' dir='ltr'><strong><em>Sion,</em></strong></span> <span class='ocrx_word' id='word_1_492' title='bbox 2172 3353 2323 3399; x_wconf 85' lang='lat' dir='ltr'><strong><em>quem</em></strong></span> <span class='ocrx_word' id='word_1_493' title='bbox 2368 3333 2574 3388; x_wconf 76' lang='lat' dir='ltr'><strong><em>dilexit.</em></strong></span> <span class='ocrx_word' id='word_1_494' title='bbox 2624 3329 2691 3384; x_wconf 85' lang='lat' dir='ltr'><strong><em>Et</em></strong></span> <span class='ocrx_word' id='word_1_495' title='bbox 2723 3328 3009 3398; x_wconf 76' lang='lat' dir='ltr'><strong><em>a&#39;di/icavit</em></strong></span> <span class='ocrx_word' id='word_1_496' title='bbox 3047 3327 3182 3380; x_wconf 86' lang='lat' dir='ltr'><strong><em>sicut</em></strong></span> <span class='ocrx_word' id='word_1_497' title='bbox 3214 3325 3550 3378; x_wconf 85' lang='lat' dir='ltr'><strong><em>unicornium</em></strong></span> 
     </span>
    </p>
   </div>
   <div class='ocr_carea' id='block_1_58' title="bbox 277 3420 1866 3500">
    <p class='ocr_par' dir='ltr' id='par_1_58' title="bbox 277 3420 1863 3495">
     <span class='ocr_line' id='line_1_58' title="bbox 277 3420 1863 3495; baseline 0.004 -22"><span class='ocrx_word' id='word_1_498' title='bbox 277 3420 546 3489; x_wconf 80' lang='grc' dir='ltr'><em>ἀγίασμα</em></span> <span class='ocrx_word' id='word_1_499' title='bbox 582 3421 767 3475; x_wconf 85' lang='grc' dir='ltr'><em>αὐτοῦ</em></span> <span class='ocrx_word' id='word_1_500' title='bbox 792 3423 861 3475; x_wconf 82' lang='grc' dir='ltr'><em>ἐν</em></span> <span class='ocrx_word' id='word_1_501' title='bbox 886 3423 961 3492; x_wconf 75' lang='grc' dir='ltr'><em>τῇ</em></span> <span class='ocrx_word' id='word_1_502' title='bbox 994 3423 1091 3494; x_wconf 78' lang='grc' dir='ltr'><em>γῇ,</em></span> <span class='ocrx_word' id='word_1_503' title='bbox 1131 3426 1527 3495; x_wconf 78' lang='grc' dir='ltr'><em>ἐθεμελίωσεν</em></span> <span class='ocrx_word' id='word_1_504' title='bbox 1551 3425 1747 3493; x_wconf 83' lang='grc' dir='ltr'><em>αὐτὴν</em></span> <span class='ocrx_word' id='word_1_505' title='bbox 1775 3428 1863 3492; x_wconf 80' lang='grc' dir='ltr'><strong><em>εις</em></strong></span> 
     </span>
    </p>
   </div>
   <div class='ocr_carea' id='block_1_59' title="bbox 1969 3420 3551 3500">
    <p class='ocr_par' dir='ltr' id='par_1_59' title="bbox 1969 3423 3551 3500">
     <span class='ocr_line' id='line_1_59' title="bbox 1969 3423 3551 3500; baseline -0.008 -14"><span class='ocrx_word' id='word_1_506' title='bbox 1969 3431 2318 3500; x_wconf 81' lang='lat' dir='ltr'><strong><em>sancti/icium</em></strong></span> <span class='ocrx_word' id='word_1_507' title='bbox 2359 3445 2513 3483; x_wconf 86' lang='lat' dir='ltr'><strong><em>suum</em></strong></span> <span class='ocrx_word' id='word_1_508' title='bbox 2552 3429 2607 3482; x_wconf 87' lang='lat' dir='ltr'><strong><em>in</em></strong></span> <span class='ocrx_word' id='word_1_509' title='bbox 2643 3437 2807 3487; x_wconf 87' lang='lat' dir='ltr'><strong><em>terra,</em></strong></span> <span class='ocrx_word' id='word_1_510' title='bbox 2849 3424 3093 3494; x_wconf 76' lang='lat' dir='ltr'><strong><em>fundavit</em></strong></span> <span class='ocrx_word' id='word_1_511' title='bbox 3122 3440 3239 3477; x_wconf 87' lang='lat' dir='ltr'><strong><em>eam</em></strong></span> <span class='ocrx_word' id='word_1_512' title='bbox 3278 3423 3333 3476; x_wconf 86' lang='lat' dir='ltr'><strong><em>in</em></strong></span> <span class='ocrx_word' id='word_1_513' title='bbox 3377 3437 3551 3475; x_wconf 79' lang='lat' dir='ltr'><strong><em>swcu-</em></strong></span> 
     </span>
    </p>
   </div>
   <div class='ocr_carea' id='block_1_60' title="bbox 274 3512 1866 3592">
    <p class='ocr_par' dir='ltr' id='par_1_60' title="bbox 274 3512 1863 3588">
     <span class='ocr_line' id='line_1_60' title="bbox 274 3512 1863 3588; baseline 0.003 -23"><span class='ocrx_word' id='word_1_514' title='bbox 274 3514 386 3566; x_wconf 86' lang='grc' dir='ltr'><strong><em>τὸν</em></strong></span> <span class='ocrx_word' id='word_1_515' title='bbox 416 3512 622 3568; x_wconf 74' lang='grc' dir='ltr'><em>αἰῶνα.</em></span> <span class='ocrx_word' id='word_1_516' title='bbox 656 3514 831 3585; x_wconf 81' lang='grc' dir='ltr'><em>Φυλὴν</em></span> <span class='ocrx_word' id='word_1_517' title='bbox 873 3516 971 3587; x_wconf 78' lang='grc' dir='ltr'><em>μὲν</em></span> <span class='ocrx_word' id='word_1_518' title='bbox 1013 3516 1183 3586; x_wconf 73' lang='grc' dir='ltr'><em>φυλῆς</em></span> <span class='ocrx_word' id='word_1_519' title='bbox 1218 3515 1731 3587; x_wconf 81' lang='grc' dir='ltr'><em>ἀντικατηλλάξατο,</em></span> <span class='ocrx_word' id='word_1_520' title='bbox 1762 3516 1863 3588; x_wconf 79' lang='grc' dir='ltr'><em>τὴν</em></span> 
     </span>
    </p>
   </div>
   <div class='ocr_carea' id='block_1_61' title="bbox 1969 3512 3549 3592">
    <p class='ocr_par' dir='ltr' id='par_1_61' title="bbox 1969 3512 3549 3592">
     <span class='ocr_line' id='line_1_61' title="bbox 1969 3512 3549 3592; baseline -0.006 -15"><span class='ocrx_word' id='word_1_521' title='bbox 1969 3523 2097 3579; x_wconf 86' lang='lat' dir='ltr'><strong><em>lum.</em></strong></span> <span class='ocrx_word' id='word_1_522' title='bbox 2122 3521 2351 3575; x_wconf 88' lang='lat' dir='ltr'><strong><em>Tribum</em></strong></span> <span class='ocrx_word' id='word_1_523' title='bbox 2397 3536 2499 3592; x_wconf 89' lang='lat' dir='ltr'><strong><em>pro</em></strong></span> <span class='ocrx_word' id='word_1_524' title='bbox 2534 3521 2678 3575; x_wconf 90' lang='lat' dir='ltr'><strong><em>tribu</em></strong></span> <span class='ocrx_word' id='word_1_525' title='bbox 2711 3516 3088 3580; x_wconf 83' lang='lat' dir='ltr'><strong><em>commutavit,</em></strong></span> <span class='ocrx_word' id='word_1_526' title='bbox 3115 3516 3319 3570; x_wconf 90' lang='lat' dir='ltr'><strong><em>tribum</em></strong></span> <span class='ocrx_word' id='word_1_527' title='bbox 3350 3512 3549 3580; x_wconf 82' lang='lat' dir='ltr'><strong><em>Benja-</em></strong></span> 
     </span>
    </p>
   </div>
   <div class='ocr_carea' id='block_1_62' title="bbox 275 3606 1860 3679">
    <p class='ocr_par' dir='ltr' id='par_1_62' title="bbox 275 3606 1860 3679">
     <span class='ocr_line' id='line_1_62' title="bbox 275 3606 1860 3679; baseline 0.004 -23"><span class='ocrx_word' id='word_1_528' title='bbox 275 3606 451 3677; x_wconf 83' lang='grc' dir='ltr'><em>φυλὴν</em></span> <span class='ocrx_word' id='word_1_529' title='bbox 472 3608 724 3679; x_wconf 74' lang='grc' dir='ltr'><em>Βενιαμὶν</em></span> <span class='ocrx_word' id='word_1_530' title='bbox 747 3608 867 3661; x_wconf 67' lang='grc' dir='ltr'><em>ἀντὶ</em></span> <span class='ocrx_word' id='word_1_531' title='bbox 891 3607 990 3677; x_wconf 81' lang='grc' dir='ltr'><em>τῆς</em></span> <span class='ocrx_word' id='word_1_532' title='bbox 1016 3607 1187 3678; x_wconf 80' lang='grc' dir='ltr'>φυλῆς</span> <span class='ocrx_word' id='word_1_533' title='bbox 1220 3610 1416 3679; x_wconf 77' lang='grc' dir='ltr'>Ἰωσήφ</span> <span class='ocrx_word' id='word_1_534' title='bbox 1433 3626 1447 3638; x_wconf 88' lang='grc'><strong>·</strong></span> <span class='ocrx_word' id='word_1_535' title='bbox 1482 3609 1579 3661; x_wconf 71' lang='grc' dir='ltr'><em>καὶ</em></span> <span class='ocrx_word' id='word_1_536' title='bbox 1606 3608 1771 3661; x_wconf 85' lang='grc' dir='ltr'><em>τόπον</em></span> <span class='ocrx_word' id='word_1_537' title='bbox 1803 3609 1860 3662; x_wconf 83' lang='grc' dir='ltr'><em>δὲ</em></span> 
     </span>
    </p>
   </div>
   <div class='ocr_carea' id='block_1_63' title="bbox 273 3696 1863 3771">
    <p class='ocr_par' dir='ltr' id='par_1_63' title="bbox 273 3696 1863 3771">
     <span class='ocr_line' id='line_1_63' title="bbox 273 3696 1863 3771; baseline 0.001 -20"><span class='ocrx_word' id='word_1_538' title='bbox 273 3698 399 3751; x_wconf 75' lang='grc' dir='ltr'><em>ἀντὶ</em></span> <span class='ocrx_word' id='word_1_539' title='bbox 420 3696 585 3750; x_wconf 84' lang='grc' dir='ltr'><em>τόπου</em></span> <span class='ocrx_word' id='word_1_540' title='bbox 622 3698 822 3762; x_wconf 84' lang='grc' dir='ltr'><em>εἵλατο,</em></span> <span class='ocrx_word' id='word_1_541' title='bbox 858 3698 956 3768; x_wconf 83' lang='grc' dir='ltr'><em>τῆς</em></span> <span class='ocrx_word' id='word_1_542' title='bbox 978 3698 1176 3768; x_wconf 86' lang='grc' dir='ltr'><em>Σηλὼμ</em></span> <span class='ocrx_word' id='word_1_543' title='bbox 1213 3699 1311 3771; x_wconf 81' lang='grc' dir='ltr'><em>τὴν</em></span> <span class='ocrx_word' id='word_1_544' title='bbox 1345 3700 1700 3770; x_wconf 81' lang='grc' dir='ltr'><em>Ἰερουσαλὴμ</em></span> <span class='ocrx_word' id='word_1_545' title='bbox 1727 3717 1863 3771; x_wconf 87' lang='grc' dir='ltr'><em>προ-</em></span> 
     </span>
    </p>
   </div>
   <div class='ocr_carea' id='block_1_64' title="bbox 274 3790 1861 3862">
    <p class='ocr_par' dir='ltr' id='par_1_64' title="bbox 274 3790 1861 3862">
     <span class='ocr_line' id='line_1_64' title="bbox 274 3790 1861 3862; baseline 0 -19"><span class='ocrx_word' id='word_1_546' title='bbox 274 3791 470 3862; x_wconf 84' lang='grc' dir='ltr'><em>κρίνας</em></span> <span class='ocrx_word' id='word_1_547' title='bbox 494 3808 508 3821; x_wconf 95' lang='grc'><strong>·</strong></span> <span class='ocrx_word' id='word_1_548' title='bbox 540 3791 673 3844; x_wconf 76' lang='grc' dir='ltr'><em>ἀλλὰ</em></span> <span class='ocrx_word' id='word_1_549' title='bbox 702 3792 794 3845; x_wconf 70' lang='grc' dir='ltr'><em>καὶ</em></span> <span class='ocrx_word' id='word_1_550' title='bbox 832 3791 955 3862; x_wconf 79' lang='grc' dir='ltr'><em>ὅρος</em></span> <span class='ocrx_word' id='word_1_551' title='bbox 990 3792 1109 3844; x_wconf 76' lang='grc' dir='ltr'><em>ἀντὶ</em></span> <span class='ocrx_word' id='word_1_552' title='bbox 1140 3792 1299 3862; x_wconf 79' lang='grc' dir='ltr'><em>ὅρους</em></span> <span class='ocrx_word' id='word_1_553' title='bbox 1322 3793 1597 3861; x_wconf 78' lang='grc' dir='ltr'><em>ἠγάπησε,</em></span> <span class='ocrx_word' id='word_1_554' title='bbox 1634 3792 1696 3844; x_wconf 84' lang='grc' dir='ltr'><strong><em>τὸ</em></strong></span> <span class='ocrx_word' id='word_1_555' title='bbox 1723 3790 1861 3843; x_wconf 87' lang='grc' dir='ltr'><em>Σιὼν</em></span> 
     </span>
    </p>
   </div>
   <div class='ocr_carea' id='block_1_65' title="bbox 271 3879 1860 3954">
    <p class='ocr_par' dir='ltr' id='par_1_65' title="bbox 271 3879 1860 3954">
     <span class='ocr_line' id='line_1_65' title="bbox 271 3879 1860 3954; baseline 0.001 -21"><span class='ocrx_word' id='word_1_556' title='bbox 271 3881 474 3952; x_wconf 80' lang='grc' dir='ltr'><em>δηλαδὴ</em></span> <span class='ocrx_word' id='word_1_557' title='bbox 517 3882 636 3935; x_wconf 75' lang='grc' dir='ltr'><em>ἀντὶ</em></span> <span class='ocrx_word' id='word_1_558' title='bbox 689 3881 779 3935; x_wconf 80' lang='grc' dir='ltr'><em>τοῦ</em></span> <span class='ocrx_word' id='word_1_559' title='bbox 814 3882 973 3954; x_wconf 80' lang='grc' dir='ltr'><em>ὅρους</em></span> <span class='ocrx_word' id='word_1_560' title='bbox 1021 3881 1115 3935; x_wconf 82' lang='grc' dir='ltr'><em>τοῦ</em></span> <span class='ocrx_word' id='word_1_561' title='bbox 1165 3884 1221 3935; x_wconf 82' lang='grc' dir='ltr'><em>ὲν</em></span> <span class='ocrx_word' id='word_1_562' title='bbox 1256 3882 1473 3953; x_wconf 86' lang='grc' dir='ltr'><em>Σηλώμ.</em></span> <span class='ocrx_word' id='word_1_563' title='bbox 1524 3879 1662 3936; x_wconf 74' lang='grc' dir='ltr'><em>Εἶτά</em></span> <span class='ocrx_word' id='word_1_564' title='bbox 1694 3899 1860 3951; x_wconf 86' lang='grc' dir='ltr'><em>φησι·</em></span> 
     </span>
    </p>
   </div>
   <div class='ocr_carea' id='block_1_66' title="bbox 272 3972 1864 4042">
    <p class='ocr_par' dir='ltr' id='par_1_66' title="bbox 272 3972 1864 4042">
     <span class='ocr_line' id='line_1_66' title="bbox 272 3972 1864 4042; baseline -0.001 -15"><span class='ocrx_word' id='word_1_565' title='bbox 272 3973 382 4027; x_wconf 77' lang='lat' dir='ltr'><strong><em>Kal</em></strong></span> <span class='ocrx_word' id='word_1_566' title='bbox 423 3972 810 4042; x_wconf 78' lang='grc' dir='ltr'><em>ᾠκοδόμησεν</em></span> <span class='ocrx_word' id='word_1_567' title='bbox 858 3974 940 4039; x_wconf 86' lang='grc' dir='ltr'><em>ὡς</em></span> <span class='ocrx_word' id='word_1_568' title='bbox 992 3973 1415 4042; x_wconf 83' lang='grc' dir='ltr'><em>μονοκερώτων</em></span> <span class='ocrx_word' id='word_1_569' title='bbox 1469 3974 1537 4027; x_wconf 86' lang='grc' dir='ltr'><strong><em>τὸ</em></strong></span> <span class='ocrx_word' id='word_1_570' title='bbox 1599 3973 1864 4041; x_wconf 81' lang='grc' dir='ltr'><em>ἀγίασμα</em></span> 
     </span>
    </p>
   </div>
   <div class='ocr_carea' id='block_1_67' title="bbox 271 4062 1865 4131">
    <p class='ocr_par' dir='ltr' id='par_1_67' title="bbox 271 4062 1865 4131">
     <span class='ocr_line' id='line_1_67' title="bbox 271 4062 1865 4131; baseline -0.003 -13"><span class='ocrx_word' id='word_1_571' title='bbox 271 4065 495 4119; x_wconf 79' lang='grc' dir='ltr'><em>αὐτοῦ’</em></span> <span class='ocrx_word' id='word_1_572' title='bbox 536 4065 674 4117; x_wconf 76' lang='grc' dir='ltr'><em>κατὰ</em></span> <span class='ocrx_word' id='word_1_573' title='bbox 721 4064 778 4117; x_wconf 79' lang='grc' dir='ltr'><em>δὲ</em></span> <span class='ocrx_word' id='word_1_574' title='bbox 828 4064 919 4116; x_wconf 84' lang='grc' dir='ltr'><em>τὸν</em></span> <span class='ocrx_word' id='word_1_575' title='bbox 976 4063 1206 4116; x_wconf 80' lang='grc' dir='ltr'><em>Ἀκύλαν</em></span> <span class='ocrx_word' id='word_1_576' title='bbox 1230 4104 1245 4127; x_wconf 95' lang='grc'><strong><em>,</em></strong></span> <span class='ocrx_word' id='word_1_577' title='bbox 1309 4065 1417 4117; x_wconf 88' lang='lat' dir='ltr'><strong><em>Kal</em></strong></span> <span class='ocrx_word' id='word_1_578' title='bbox 1471 4062 1865 4131; x_wconf 84' lang='grc' dir='ltr'><em>ᾠκοδόμησεν</em></span> 
     </span>
    </p>
   </div>
   <div class='ocr_carea' id='block_1_68' title="bbox 273 4154 1861 4227">
    <p class='ocr_par' dir='ltr' id='par_1_68' title="bbox 273 4154 1861 4227">
     <span class='ocr_line' id='line_1_68' title="bbox 273 4154 1861 4227; baseline -0.003 -17"><span class='ocrx_word' id='word_1_579' title='bbox 273 4158 491 4225; x_wconf 83' lang='grc' dir='ltr'><em>ὁμοίως</em></span> <span class='ocrx_word' id='word_1_580' title='bbox 512 4156 776 4224; x_wconf 71' lang='grc' dir='ltr'><em>ὑψηλοῖς</em></span> <span class='ocrx_word' id='word_1_581' title='bbox 805 4157 1071 4227; x_wconf 82' lang='grc' dir='ltr'><em>ἀγίασμα</em></span> <span class='ocrx_word' id='word_1_582' title='bbox 1097 4155 1283 4210; x_wconf 82' lang='grc' dir='ltr'><em>αὐτοῦ</em></span> <span class='ocrx_word' id='word_1_583' title='bbox 1301 4174 1314 4185; x_wconf 71' lang='grc' dir='ltr'><strong><em>ο</em></strong></span> <span class='ocrx_word' id='word_1_584' title='bbox 1349 4154 1489 4210; x_wconf 82' lang='grc' dir='ltr'><em>κατὰ</em></span> <span class='ocrx_word' id='word_1_585' title='bbox 1520 4154 1577 4207; x_wconf 87' lang='grc' dir='ltr'><em>δὲ</em></span> <span class='ocrx_word' id='word_1_586' title='bbox 1600 4155 1690 4207; x_wconf 86' lang='grc' dir='ltr'><em>τὸν</em></span> <span class='ocrx_word' id='word_1_587' title='bbox 1713 4154 1861 4223; x_wconf 86' lang='grc' dir='ltr'><strong><em>Σύμ-</em></strong></span> 
     </span>
    </p>
   </div>
   <div class='ocr_carea' id='block_1_69' title="bbox 277 4243 1863 4319">
    <p class='ocr_par' dir='ltr' id='par_1_69' title="bbox 277 4243 1863 4319">
     <span class='ocr_line' id='line_1_69' title="bbox 277 4243 1863 4319; baseline -0.004 -18"><span class='ocrx_word' id='word_1_588' title='bbox 277 4265 471 4319; x_wconf 78' lang='grc' dir='ltr'><em>μαχον,</em></span> <span class='ocrx_word' id='word_1_589' title='bbox 505 4248 611 4301; x_wconf 86' lang='lat' dir='ltr'><strong><em>Kal</em></strong></span> <span class='ocrx_word' id='word_1_590' title='bbox 641 4247 1031 4316; x_wconf 76' lang='grc' dir='ltr'><em>ᾠκοδόμησεν</em></span> <span class='ocrx_word' id='word_1_591' title='bbox 1059 4248 1139 4313; x_wconf 90' lang='grc' dir='ltr'><em>ὠς</em></span> <span class='ocrx_word' id='word_1_592' title='bbox 1161 4246 1233 4299; x_wconf 87' lang='grc' dir='ltr'><em>τὰ</em></span> <span class='ocrx_word' id='word_1_593' title='bbox 1264 4246 1474 4314; x_wconf 70' lang='grc' dir='ltr'><em>ὑψηλὰ</em></span> <span class='ocrx_word' id='word_1_594' title='bbox 1507 4243 1573 4297; x_wconf 87' lang='grc' dir='ltr'><strong><em>τὸ</em></strong></span> <span class='ocrx_word' id='word_1_595' title='bbox 1596 4245 1863 4314; x_wconf 78' lang='grc' dir='ltr'><em>ἀγίασμα</em></span> 
     </span>
    </p>
   </div>
   <div class='ocr_carea' id='block_1_70' title="bbox 272 4334 1861 4411">
    <p class='ocr_par' dir='ltr' id='par_1_70' title="bbox 272 4334 1861 4411">
     <span class='ocr_line' id='line_1_70' title="bbox 272 4334 1861 4411; baseline -0.004 -17"><span class='ocrx_word' id='word_1_596' title='bbox 272 4339 483 4394; x_wconf 84' lang='grc' dir='ltr'><em>αὐτοῦ.</em></span> <span class='ocrx_word' id='word_1_597' title='bbox 532 4340 761 4409; x_wconf 84' lang='grc' dir='ltr'><em>Ὁμοίως</em></span> <span class='ocrx_word' id='word_1_598' title='bbox 795 4334 886 4393; x_wconf 80' lang='grc' dir='ltr'><em>οὖν</em></span> <span class='ocrx_word' id='word_1_599' title='bbox 921 4339 1144 4411; x_wconf 79' lang='grc' dir='ltr'><em>ὑψηλοῖς</em></span> <span class='ocrx_word' id='word_1_600' title='bbox 1178 4339 1273 4391; x_wconf 81' lang='grc' dir='ltr'><em>καὶ</em></span> <span class='ocrx_word' id='word_1_601' title='bbox 1312 4339 1390 4402; x_wconf 85' lang='grc' dir='ltr'><em>ὡς</em></span> <span class='ocrx_word' id='word_1_602' title='bbox 1413 4337 1482 4391; x_wconf 84' lang='grc' dir='ltr'><em>τὰ</em></span> <span class='ocrx_word' id='word_1_603' title='bbox 1516 4337 1624 4409; x_wconf 80' lang='grc' dir='ltr'><em>ὕψη</em></span> <span class='ocrx_word' id='word_1_604' title='bbox 1657 4336 1861 4408; x_wconf 83' lang='grc' dir='ltr'><em>ᾠκοδό-</em></span> 
     </span>
    </p>
   </div>
   <div class='ocr_carea' id='block_1_71' title="bbox 277 4426 1862 4499">
    <p class='ocr_par' dir='ltr' id='par_1_71' title="bbox 277 4426 1862 4499">
     <span class='ocr_line' id='line_1_71' title="bbox 277 4426 1862 4499; baseline -0.001 -20"><span class='ocrx_word' id='word_1_605' title='bbox 277 4445 419 4498; x_wconf 86' lang='grc' dir='ltr'><em>μησε</em></span> <span class='ocrx_word' id='word_1_606' title='bbox 444 4427 505 4479; x_wconf 84' lang='grc' dir='ltr'><strong><em>τὸ</em></strong></span> <span class='ocrx_word' id='word_1_607' title='bbox 529 4430 775 4499; x_wconf 84' lang='grc' dir='ltr'><em>άγίασμα</em></span> <span class='ocrx_word' id='word_1_608' title='bbox 807 4428 993 4483; x_wconf 74' lang='grc' dir='ltr'><em>αὑτοῦ.</em></span> <span class='ocrx_word' id='word_1_609' title='bbox 1033 4428 1370 4498; x_wconf 84' lang='grc' dir='ltr'><em>Ἀναπέμπει</em></span> <span class='ocrx_word' id='word_1_610' title='bbox 1404 4428 1448 4481; x_wconf 79' lang='grc' dir='ltr'><em>δ’</em></span> <span class='ocrx_word' id='word_1_611' title='bbox 1472 4430 1619 4499; x_wconf 81' lang='grc' dir='ltr'><em>ἡμᾶς</em></span> <span class='ocrx_word' id='word_1_612' title='bbox 1650 4430 1678 4480; x_wconf 94' lang='lat'><strong><em>6</em></strong></span> <span class='ocrx_word' id='word_1_613' title='bbox 1704 4426 1862 4494; x_wconf 85' lang='grc' dir='ltr'><em>λόγος</em></span> 
     </span>
    </p>
   </div>
   <div class='ocr_carea' id='block_1_72' title="bbox 272 4519 1861 4593">
    <p class='ocr_par' dir='ltr' id='par_1_72' title="bbox 272 4519 1861 4593">
     <span class='ocr_line' id='line_1_72' title="bbox 272 4519 1861 4593; baseline -0.003 -18"><span class='ocrx_word' id='word_1_614' title='bbox 272 4521 355 4583; x_wconf 66' lang='lat' dir='ltr'><strong><em>sl;</em></strong></span> <span class='ocrx_word' id='word_1_615' title='bbox 389 4520 522 4590; x_wconf 80' lang='grc' dir='ltr'><strong><em>βαθὺ</em></strong></span> <span class='ocrx_word' id='word_1_616' title='bbox 556 4522 648 4575; x_wconf 76' lang='grc' dir='ltr'><em>καὶ</em></span> <span class='ocrx_word' id='word_1_617' title='bbox 681 4522 991 4593; x_wconf 75' lang='grc' dir='ltr'><em>ἀπόρρητον</em></span> <span class='ocrx_word' id='word_1_618' title='bbox 1030 4521 1174 4588; x_wconf 77' lang='grc' dir='ltr'><em>νοῦν,</em></span> <span class='ocrx_word' id='word_1_619' title='bbox 1218 4520 1511 4585; x_wconf 83' lang='grc' dir='ltr'><em>διδάσκων,</em></span> <span class='ocrx_word' id='word_1_620' title='bbox 1541 4520 1616 4584; x_wconf 84' lang='grc' dir='ltr'><em>ὡς</em></span> <span class='ocrx_word' id='word_1_621' title='bbox 1665 4520 1726 4572; x_wconf 83' lang='grc' dir='ltr'><em>τὸ</em></span> <span class='ocrx_word' id='word_1_622' title='bbox 1765 4519 1861 4572; x_wconf 79' lang='grc' dir='ltr'><strong><em>ἐπὶ</em></strong></span> 
     </span>
    </p>
   </div>
   <div class='ocr_carea' id='block_1_73' title="bbox 1964 3603 3550 3687">
    <p class='ocr_par' dir='ltr' id='par_1_73' title="bbox 1964 3603 3550 3687">
     <span class='ocr_line' id='line_1_73' title="bbox 1964 3603 3550 3687; baseline -0.009 -17"><span class='ocrx_word' id='word_1_623' title='bbox 1964 3617 2076 3670; x_wconf 91' lang='lat' dir='ltr'><strong><em>min</em></strong></span> <span class='ocrx_word' id='word_1_624' title='bbox 2100 3632 2199 3687; x_wconf 88' lang='lat' dir='ltr'><strong><em>pro</em></strong></span> <span class='ocrx_word' id='word_1_625' title='bbox 2222 3614 2368 3667; x_wconf 87' lang='lat' dir='ltr'><strong><em>tribu</em></strong></span> <span class='ocrx_word' id='word_1_626' title='bbox 2389 3612 2590 3683; x_wconf 74' lang='lat' dir='ltr'><strong><em>Ioseph</em></strong></span> <span class='ocrx_word' id='word_1_627' title='bbox 2615 3630 2628 3666; x_wconf 90' lang='lat'><strong>:</strong></span> <span class='ocrx_word' id='word_1_628' title='bbox 2652 3618 2706 3667; x_wconf 84' lang='lat' dir='ltr'><strong><em>et</em></strong></span> <span class='ocrx_word' id='word_1_629' title='bbox 2739 3611 2919 3664; x_wconf 91' lang='lat' dir='ltr'><strong><em>locum</em></strong></span> <span class='ocrx_word' id='word_1_630' title='bbox 2945 3623 3043 3678; x_wconf 86' lang='lat' dir='ltr'><strong><em>pro</em></strong></span> <span class='ocrx_word' id='word_1_631' title='bbox 3062 3608 3181 3660; x_wconf 92' lang='lat' dir='ltr'><strong><em>loco</em></strong></span> <span class='ocrx_word' id='word_1_632' title='bbox 3197 3606 3395 3676; x_wconf 82' lang='lat' dir='ltr'><strong><em>elegit;</em></strong></span> <span class='ocrx_word' id='word_1_633' title='bbox 3419 3603 3550 3657; x_wconf 81' lang='lat' dir='ltr'><strong><em>Hie-</em></strong></span> 
     </span>
    </p>
   </div>
   <div class='ocr_carea' id='block_1_74' title="bbox 1964 3697 3545 3777">
    <p class='ocr_par' dir='ltr' id='par_1_74' title="bbox 1964 3697 3545 3777">
     <span class='ocr_line' id='line_1_74' title="bbox 1964 3697 3545 3777; baseline -0.009 -16"><span class='ocrx_word' id='word_1_634' title='bbox 1964 3708 2299 3777; x_wconf 88' lang='lat' dir='ltr'><strong><em>rosolymam</em></strong></span> <span class='ocrx_word' id='word_1_635' title='bbox 2346 3704 2461 3758; x_wconf 89' lang='lat' dir='ltr'><strong><em>Silo</em></strong></span> <span class='ocrx_word' id='word_1_636' title='bbox 2510 3714 2883 3771; x_wconf 88' lang='lat' dir='ltr'><strong><em>anteponens;</em></strong></span> <span class='ocrx_word' id='word_1_637' title='bbox 2930 3697 3253 3777; x_wconf 40' lang='lat' dir='ltr'><strong><em>imo.etiam</em></strong></span> <span class='ocrx_word' id='word_1_638' title='bbox 3306 3704 3545 3749; x_wconf 89' lang='lat' dir='ltr'><strong><em>montem</em></strong></span> 
     </span>
    </p>
   </div>
   <div class='ocr_carea' id='block_1_75' title="bbox 1964 3785 3545 3870">
    <p class='ocr_par' dir='ltr' id='par_1_75' title="bbox 1964 3785 3545 3870">
     <span class='ocr_line' id='line_1_75' title="bbox 1964 3785 3545 3870; baseline -0.01 -16"><span class='ocrx_word' id='word_1_639' title='bbox 1964 3815 2065 3870; x_wconf 88' lang='lat' dir='ltr'><strong><em>pro</em></strong></span> <span class='ocrx_word' id='word_1_640' title='bbox 2098 3805 2283 3852; x_wconf 89' lang='lat' dir='ltr'><strong><em>monte</em></strong></span> <span class='ocrx_word' id='word_1_641' title='bbox 2308 3796 2521 3860; x_wconf 81' lang='lat' dir='ltr'><strong><em>dilexit,</em></strong></span> <span class='ocrx_word' id='word_1_642' title='bbox 2554 3792 2687 3847; x_wconf 90' lang='lat' dir='ltr'><strong><em>Sion</em></strong></span> <span class='ocrx_word' id='word_1_643' title='bbox 2718 3791 2992 3853; x_wconf 80' lang='lat' dir='ltr'><strong><em>videlicet,</em></strong></span> <span class='ocrx_word' id='word_1_644' title='bbox 3022 3803 3121 3859; x_wconf 92' lang='lat' dir='ltr'><strong><em>pro</em></strong></span> <span class='ocrx_word' id='word_1_645' title='bbox 3148 3794 3333 3841; x_wconf 88' lang='lat' dir='ltr'><strong><em>monte</em></strong></span> <span class='ocrx_word' id='word_1_646' title='bbox 3366 3786 3460 3856; x_wconf 90' lang='lat' dir='ltr'><strong><em>qui</em></strong></span> <span class='ocrx_word' id='word_1_647' title='bbox 3490 3785 3545 3839; x_wconf 88' lang='lat' dir='ltr'><strong><em>in</em></strong></span> 
     </span>
    </p>
   </div>
   <div class='ocr_carea' id='block_1_76' title="bbox 1966 3870 3551 3958">
    <p class='ocr_par' dir='ltr' id='par_1_76' title="bbox 1966 3870 3551 3958">
     <span class='ocr_line' id='line_1_76' title="bbox 1966 3870 3551 3958; baseline -0.011 -21"><span class='ocrx_word' id='word_1_648' title='bbox 1966 3883 2081 3937; x_wconf 90' lang='lat' dir='ltr'><strong><em>Silo</em></strong></span> <span class='ocrx_word' id='word_1_649' title='bbox 2114 3890 2257 3958; x_wconf 75' lang='lat' dir='ltr'><strong><em>erat.</em></strong></span> <span class='ocrx_word' id='word_1_650' title='bbox 2307 3879 2511 3934; x_wconf 88' lang='lat' dir='ltr'><strong><em>Deinde</em></strong></span> <span class='ocrx_word' id='word_1_651' title='bbox 2568 3877 2683 3931; x_wconf 87' lang='lat' dir='ltr'><strong><em>ait:</em></strong></span> <span class='ocrx_word' id='word_1_652' title='bbox 2712 3875 2779 3928; x_wconf 87' lang='lat' dir='ltr'><strong><em>Et</em></strong></span> <span class='ocrx_word' id='word_1_653' title='bbox 2821 3873 3104 3941; x_wconf 74' lang='lat' dir='ltr'><strong><em>azdiﬁravil</em></strong></span> <span class='ocrx_word' id='word_1_654' title='bbox 3151 3872 3287 3924; x_wconf 88' lang='lat' dir='ltr'><strong><em>sicut</em></strong></span> <span class='ocrx_word' id='word_1_655' title='bbox 3334 3870 3551 3922; x_wconf 82' lang='lat' dir='ltr'><strong><em>unicor—</em></strong></span> 
     </span>
    </p>
   </div>
   <div class='ocr_carea' id='block_1_77' title="bbox 1966 3961 3547 4040">
    <p class='ocr_par' dir='ltr' id='par_1_77' title="bbox 1966 3961 3547 4040">
     <span class='ocr_line' id='line_1_77' title="bbox 1966 3961 3547 4040; baseline -0.011 -13"><span class='ocrx_word' id='word_1_656' title='bbox 1966 3975 2112 4028; x_wconf 88' lang='lat' dir='ltr'><strong><em>nium</em></strong></span> <span class='ocrx_word' id='word_1_657' title='bbox 2158 3971 2516 4040; x_wconf 80' lang='lat' dir='ltr'><strong><em>sancti/icium</em></strong></span> <span class='ocrx_word' id='word_1_658' title='bbox 2550 3982 2744 4031; x_wconf 84' lang='lat' dir='ltr'><strong><em>suum;</em></strong></span> <span class='ocrx_word' id='word_1_659' title='bbox 2774 3963 3075 4022; x_wconf 81' lang='lat' dir='ltr'><strong><em>secundum</em></strong></span> <span class='ocrx_word' id='word_1_660' title='bbox 3120 3961 3369 4031; x_wconf 84' lang='lat' dir='ltr'><strong><em>Aquilam</em></strong></span> <span class='ocrx_word' id='word_1_661' title='bbox 3394 3976 3547 4023; x_wconf 84' lang='lat' dir='ltr'><strong><em>vero,</em></strong></span> 
     </span>
    </p>
   </div>
   <div class='ocr_carea' id='block_1_78' title="bbox 1965 4054 3550 4134">
    <p class='ocr_par' dir='ltr' id='par_1_78' title="bbox 1965 4054 3550 4134">
     <span class='ocr_line' id='line_1_78' title="bbox 1965 4054 3550 4134; baseline -0.009 -13"><span class='ocrx_word' id='word_1_662' title='bbox 1965 4066 2035 4121; x_wconf 87' lang='lat' dir='ltr'><strong><em>Et</em></strong></span> <span class='ocrx_word' id='word_1_663' title='bbox 2065 4065 2349 4134; x_wconf 70' lang='lat' dir='ltr'><strong><em>adiﬁcavit</em></strong></span> <span class='ocrx_word' id='word_1_664' title='bbox 2389 4062 2562 4116; x_wconf 85' lang='lat' dir='ltr'><strong><em>simile</em></strong></span> <span class='ocrx_word' id='word_1_665' title='bbox 2605 4059 2827 4114; x_wconf 78' lang='lat' dir='ltr'><strong><em>excelsis</em></strong></span> <span class='ocrx_word' id='word_1_666' title='bbox 2859 4054 3213 4124; x_wconf 74' lang='lat' dir='ltr'><strong><em>sancti/icium</em></strong></span> <span class='ocrx_word' id='word_1_667' title='bbox 3238 4068 3429 4115; x_wconf 87' lang='lat' dir='ltr'><strong><em>suum;</em></strong></span> <span class='ocrx_word' id='word_1_668' title='bbox 3461 4067 3550 4106; x_wconf 83' lang='lat' dir='ltr'><strong><em>se-</em></strong></span> 
     </span>
    </p>
   </div>
   <div class='ocr_carea' id='block_1_79' title="bbox 1964 4145 3547 4225">
    <p class='ocr_par' dir='ltr' id='par_1_79' title="bbox 1964 4145 3547 4225">
     <span class='ocr_line' id='line_1_79' title="bbox 1964 4145 3547 4225; baseline -0.011 -12"><span class='ocrx_word' id='word_1_669' title='bbox 1964 4158 2204 4213; x_wconf 90' lang='lat' dir='ltr'><strong><em>cundum</em></strong></span> <span class='ocrx_word' id='word_1_670' title='bbox 2257 4152 2648 4225; x_wconf 82' lang='lat' dir='ltr'><strong><em>Symmachum</em></strong></span> <span class='ocrx_word' id='word_1_671' title='bbox 2700 4160 2903 4212; x_wconf 87' lang='lat' dir='ltr'><strong><em>autem,</em></strong></span> <span class='ocrx_word' id='word_1_672' title='bbox 2950 4146 3017 4200; x_wconf 84' lang='lat' dir='ltr'><strong><em>Et</em></strong></span> <span class='ocrx_word' id='word_1_673' title='bbox 3048 4145 3329 4209; x_wconf 66' lang='lat' dir='ltr'><strong><em>adiﬁcavit</em></strong></span> <span class='ocrx_word' id='word_1_674' title='bbox 3360 4151 3415 4195; x_wconf 87' lang='lat' dir='ltr'><strong><em>ut</em></strong></span> <span class='ocrx_word' id='word_1_675' title='bbox 3448 4158 3547 4196; x_wconf 77' lang='lat' dir='ltr'><strong><em>ea:-</em></strong></span> 
     </span>
    </p>
   </div>
   <div class='ocr_carea' id='block_1_80' title="bbox 1965 4237 3543 4315">
    <p class='ocr_par' dir='ltr' id='par_1_80' title="bbox 1965 4237 3543 4315">
     <span class='ocr_line' id='line_1_80' title="bbox 1965 4237 3543 4315; baseline -0.013 -11"><span class='ocrx_word' id='word_1_676' title='bbox 1965 4250 2106 4304; x_wconf 87' lang='lat' dir='ltr'><strong><em>celsa</em></strong></span> <span class='ocrx_word' id='word_1_677' title='bbox 2135 4245 2491 4315; x_wconf 83' lang='lat' dir='ltr'><strong><em>sanctiﬁcium</em></strong></span> <span class='ocrx_word' id='word_1_678' title='bbox 2525 4258 2701 4296; x_wconf 84' lang='lat' dir='ltr'><strong><em>suum.</em></strong></span> <span class='ocrx_word' id='word_1_679' title='bbox 2749 4238 3125 4293; x_wconf 82' lang='lat' dir='ltr'><strong><em>Sanctiﬁcium</em></strong></span> <span class='ocrx_word' id='word_1_680' title='bbox 3158 4237 3343 4303; x_wconf 91' lang='lat' dir='ltr'><strong><em>itaque</em></strong></span> <span class='ocrx_word' id='word_1_681' title='bbox 3380 4244 3543 4287; x_wconf 86' lang='lat' dir='ltr'><strong><em>‘suum</em></strong></span> 
     </span>
    </p>
   </div>
   <div class='ocr_carea' id='block_1_81' title="bbox 1965 4321 3546 4396">
    <p class='ocr_par' dir='ltr' id='par_1_81' title="bbox 1965 4321 3546 4396">
     <span class='ocr_line' id='line_1_81' title="bbox 1965 4321 3546 4396; baseline -0.015 0"><span class='ocrx_word' id='word_1_682' title='bbox 1965 4341 2144 4396; x_wconf 88' lang='lat' dir='ltr'><strong><em>simile</em></strong></span> <span class='ocrx_word' id='word_1_683' title='bbox 2183 4337 2439 4395; x_wconf 78' lang='lat' dir='ltr'><strong><em>excelsis,</em></strong></span> <span class='ocrx_word' id='word_1_684' title='bbox 2476 4344 2570 4387; x_wconf 92' lang='lat' dir='ltr'><strong><em>aut</em></strong></span> <span class='ocrx_word' id='word_1_685' title='bbox 2603 4339 2664 4387; x_wconf 90' lang='lat' dir='ltr'><strong><em>ut</em></strong></span> <span class='ocrx_word' id='word_1_686' title='bbox 2693 4331 2910 4384; x_wconf 85' lang='lat' dir='ltr'><strong><em>excelsa</em></strong></span> <span class='ocrx_word' id='word_1_687' title='bbox 2959 4325 3269 4381; x_wconf 66' lang='lat' dir='ltr'><strong><em>aadilicavit.</em></strong></span> <span class='ocrx_word' id='word_1_688' title='bbox 3304 4321 3414 4376; x_wconf 87' lang='lat' dir='ltr'><strong><em>Nos</em></strong></span> <span class='ocrx_word' id='word_1_689' title='bbox 3448 4337 3546 4374; x_wconf 89' lang='lat' dir='ltr'><strong><em>au-</em></strong></span> 
     </span>
    </p>
   </div>
   <div class='ocr_carea' id='block_1_82' title="bbox 1963 4428 3549 4499">
    <p class='ocr_par' dir='ltr' id='par_1_82' title="bbox 1963 4428 3549 4499">
     <span class='ocr_line' id='line_1_82' title="bbox 1963 4428 3549 4499; baseline -0.013 -14"><span class='ocrx_word' id='word_1_690' title='bbox 1963 4440 2073 4487; x_wconf 86' lang='lat' dir='ltr'><strong><em>tem</em></strong></span> <span class='ocrx_word' id='word_1_691' title='bbox 2102 4431 2170 4484; x_wconf 89' lang='lat' dir='ltr'><strong><em>ad</em></strong></span> <span class='ocrx_word' id='word_1_692' title='bbox 2205 4428 2536 4499; x_wconf 81' lang='lat' dir='ltr'><strong><em>profundum</em></strong></span> <span class='ocrx_word' id='word_1_693' title='bbox 2569 4433 2623 4480; x_wconf 88' lang='lat' dir='ltr'><strong><em>et</em></strong></span> <span class='ocrx_word' id='word_1_694' title='bbox 2663 4436 2925 4476; x_wconf 89' lang='lat' dir='ltr'><strong><em>arcanum</em></strong></span> <span class='ocrx_word' id='word_1_695' title='bbox 2973 4433 3194 4474; x_wconf 88' lang='lat' dir='ltr'><strong><em>sensum</em></strong></span> <span class='ocrx_word' id='word_1_696' title='bbox 3245 4430 3427 4469; x_wconf 87' lang='lat' dir='ltr'><strong><em>sermo</em></strong></span> <span class='ocrx_word' id='word_1_697' title='bbox 3460 4428 3549 4465; x_wconf 84' lang='lat' dir='ltr'><strong><em>re-</em></strong></span> 
     </span>
    </p>
   </div>
   <div class='ocr_carea' id='block_1_83' title="bbox 1965 4504 3545 4585">
    <p class='ocr_par' dir='ltr' id='par_1_83' title="bbox 1965 4504 3545 4585">
     <span class='ocr_line' id='line_1_83' title="bbox 1965 4504 3545 4585; baseline -0.015 -7"><span class='ocrx_word' id='word_1_698' title='bbox 1965 4522 2155 4585; x_wconf 83' lang='lat' dir='ltr'><strong><em>mittit,</em></strong></span> <span class='ocrx_word' id='word_1_699' title='bbox 2196 4521 2402 4575; x_wconf 84' lang='lat' dir='ltr'><strong><em>docens</em></strong></span> <span class='ocrx_word' id='word_1_700' title='bbox 2432 4516 2797 4573; x_wconf 82' lang='lat' dir='ltr'><strong><em>sanctilicium</em></strong></span> <span class='ocrx_word' id='word_1_701' title='bbox 2834 4511 2965 4564; x_wconf 90' lang='lat' dir='ltr'><strong><em>illud</em></strong></span> <span class='ocrx_word' id='word_1_702' title='bbox 3002 4511 3057 4562; x_wconf 88' lang='lat' dir='ltr'><strong><em>in</em></strong></span> <span class='ocrx_word' id='word_1_703' title='bbox 3087 4518 3252 4567; x_wconf 87' lang='lat' dir='ltr'><strong><em>terra,</em></strong></span> <span class='ocrx_word' id='word_1_704' title='bbox 3290 4507 3343 4559; x_wconf 90' lang='lat' dir='ltr'><strong><em>in</em></strong></span> <span class='ocrx_word' id='word_1_705' title='bbox 3380 4504 3545 4558; x_wconf 76' lang='lat' dir='ltr'><strong><em>Jeru-</em></strong></span> 
     </span>
    </p>
   </div>
   <div class='ocr_carea' id='block_1_84' title="bbox 270 4596 1866 4683">
    <p class='ocr_par' dir='ltr' id='par_1_84' title="bbox 270 4611 1860 4683">
     <span class='ocr_line' id='line_1_84' title="bbox 270 4611 1860 4683; baseline -0.003 -16"><span class='ocrx_word' id='word_1_706' title='bbox 270 4613 380 4681; x_wconf 73' lang='grc' dir='ltr'><em>γῆς</em></span> <span class='ocrx_word' id='word_1_707' title='bbox 423 4613 667 4683; x_wconf 87' lang='grc' dir='ltr'><em>άγίασμα</em></span> <span class='ocrx_word' id='word_1_708' title='bbox 707 4613 769 4666; x_wconf 85' lang='grc' dir='ltr'><em>τὸ</em></span> <span class='ocrx_word' id='word_1_709' title='bbox 800 4613 892 4665; x_wconf 72' lang='grc' dir='ltr'><strong><em>ἐπὶ</em></strong></span> <span class='ocrx_word' id='word_1_710' title='bbox 934 4615 1033 4682; x_wconf 82' lang='grc' dir='ltr'><em>τῆς</em></span> <span class='ocrx_word' id='word_1_711' title='bbox 1070 4612 1423 4683; x_wconf 81' lang='grc' dir='ltr'><em>Ἰερουσαλὴμ.</em></span> <span class='ocrx_word' id='word_1_712' title='bbox 1472 4613 1566 4665; x_wconf 82' lang='grc' dir='ltr'><em>καὶ</em></span> <span class='ocrx_word' id='word_1_713' title='bbox 1616 4611 1694 4682; x_wconf 81' lang='grc' dir='ltr'><em>τῷ</em></span> <span class='ocrx_word' id='word_1_714' title='bbox 1745 4611 1860 4682; x_wconf 81' lang='grc' dir='ltr'><em>δρει</em></span> 
     </span>
    </p>
   </div>
   <div class='ocr_carea' id='block_1_85' title="bbox 1969 4596 3542 4683">
    <p class='ocr_par' dir='ltr' id='par_1_85' title="bbox 1969 4596 3542 4669">
     <span class='ocr_line' id='line_1_85' title="bbox 1969 4596 3542 4669; baseline -0.013 -1"><span class='ocrx_word' id='word_1_715' title='bbox 1969 4614 2137 4669; x_wconf 89' lang='lat' dir='ltr'><strong><em>salem</em></strong></span> <span class='ocrx_word' id='word_1_716' title='bbox 2160 4619 2215 4665; x_wconf 88' lang='lat' dir='ltr'><strong><em>et</em></strong></span> <span class='ocrx_word' id='word_1_717' title='bbox 2244 4613 2299 4665; x_wconf 90' lang='lat' dir='ltr'><strong><em>in</em></strong></span> <span class='ocrx_word' id='word_1_718' title='bbox 2331 4618 2511 4663; x_wconf 89' lang='lat' dir='ltr'><strong><em>monte</em></strong></span> <span class='ocrx_word' id='word_1_719' title='bbox 2539 4606 2670 4659; x_wconf 88' lang='lat' dir='ltr'><strong><em>Sion</em></strong></span> <span class='ocrx_word' id='word_1_720' title='bbox 2701 4603 3089 4661; x_wconf 88' lang='lat' dir='ltr'><strong><em>constitutum,</em></strong></span> <span class='ocrx_word' id='word_1_721' title='bbox 3128 4596 3542 4653; x_wconf 88' lang='lat' dir='ltr'><strong><em>similitudinem</em></strong></span> 
     </span>
    </p>
   </div>
   <div class='ocr_carea' id='block_1_86' title="bbox 274 4700 1864 4775">
    <p class='ocr_par' dir='ltr' id='par_1_86' title="bbox 274 4700 1864 4775">
     <span class='ocr_line' id='line_1_86' title="bbox 274 4700 1864 4775; baseline -0.001 -19"><span class='ocrx_word' id='word_1_722' title='bbox 274 4703 417 4757; x_wconf 79' lang='grc' dir='ltr'><em>Σιὼν</em></span> <span class='ocrx_word' id='word_1_723' title='bbox 444 4705 719 4758; x_wconf 83' lang='grc' dir='ltr'><em>καταστὰν</em></span> <span class='ocrx_word' id='word_1_724' title='bbox 765 4706 1027 4775; x_wconf 81' lang='grc' dir='ltr'><em>ὁμοίωσιν</em></span> <span class='ocrx_word' id='word_1_725' title='bbox 1073 4700 1187 4775; x_wconf 85' lang='grc' dir='ltr'><em>εἶχε</em></span> <span class='ocrx_word' id='word_1_726' title='bbox 1216 4702 1324 4757; x_wconf 84' lang='grc' dir='ltr'><em>τῶν</em></span> <span class='ocrx_word' id='word_1_727' title='bbox 1368 4705 1424 4756; x_wconf 84' lang='grc' dir='ltr'><em>ὲν</em></span> <span class='ocrx_word' id='word_1_728' title='bbox 1468 4706 1584 4766; x_wconf 85' lang='grc' dir='ltr'><em>τοῖς</em></span> <span class='ocrx_word' id='word_1_729' title='bbox 1618 4702 1864 4773; x_wconf 80' lang='grc' dir='ltr'><em>ὑψηλοῖς,</em></span> 
     </span>
    </p>
   </div>
   <div class='ocr_carea' id='block_1_87' title="bbox 274 4794 1866 4868">
    <p class='ocr_par' dir='ltr' id='par_1_87' title="bbox 274 4794 1866 4868">
     <span class='ocr_line' id='line_1_87' title="bbox 274 4794 1866 4868; baseline -0.003 -19"><span class='ocrx_word' id='word_1_730' title='bbox 274 4798 371 4849; x_wconf 78' lang='grc' dir='ltr'><em>καὶ</em></span> <span class='ocrx_word' id='word_1_731' title='bbox 394 4797 707 4868; x_wconf 83' lang='grc' dir='ltr'><em>ᾠκοδόμητο</em></span> <span class='ocrx_word' id='word_1_732' title='bbox 736 4798 812 4859; x_wconf 87' lang='grc' dir='ltr'><em>ὡς</em></span> <span class='ocrx_word' id='word_1_733' title='bbox 844 4797 912 4850; x_wconf 77' lang='grc' dir='ltr'><em>τὰ</em></span> <span class='ocrx_word' id='word_1_734' title='bbox 942 4798 1051 4868; x_wconf 74' lang='grc' dir='ltr'><em>ὕψη</em></span> <span class='ocrx_word' id='word_1_735' title='bbox 1077 4799 1197 4851; x_wconf 77' lang='grc' dir='ltr'><em>κατ’</em></span> <span class='ocrx_word' id='word_1_736' title='bbox 1228 4797 1410 4850; x_wconf 75' lang='grc' dir='ltr'><em>εἰκόνα</em></span> <span class='ocrx_word' id='word_1_737' title='bbox 1440 4797 1534 4849; x_wconf 70' lang='grc' dir='ltr'><em>καὶ</em></span> <span class='ocrx_word' id='word_1_738' title='bbox 1568 4795 1692 4848; x_wconf 86' lang='grc' dir='ltr'><em>καθ’</em></span> <span class='ocrx_word' id='word_1_739' title='bbox 1716 4794 1866 4864; x_wconf 85' lang='grc' dir='ltr'><em>ὁμοί-</em></span> 
     </span>
    </p>
   </div>
   <div class='ocr_carea' id='block_1_88' title="bbox 273 4884 1865 4958">
    <p class='ocr_par' dir='ltr' id='par_1_88' title="bbox 273 4884 1865 4958">
     <span class='ocr_line' id='line_1_88' title="bbox 273 4884 1865 4958; baseline -0.003 -19"><span class='ocrx_word' id='word_1_740' title='bbox 273 4904 411 4939; x_wconf 79' lang='grc' dir='ltr'><em>ωσιν</em></span> <span class='ocrx_word' id='word_1_741' title='bbox 441 4887 729 4957; x_wconf 83' lang='grc' dir='ltr'><em>γενόμενον</em></span> <span class='ocrx_word' id='word_1_742' title='bbox 755 4887 862 4939; x_wconf 82' lang='grc' dir='ltr'><em>τῶν</em></span> <span class='ocrx_word' id='word_1_743' title='bbox 891 4889 948 4940; x_wconf 86' lang='grc' dir='ltr'><em>ὲν</em></span> <span class='ocrx_word' id='word_1_744' title='bbox 988 4887 1239 4958; x_wconf 84' lang='grc' dir='ltr'><em>οὐρανοῖς</em></span> <span class='ocrx_word' id='word_1_745' title='bbox 1279 4885 1527 4955; x_wconf 77' lang='grc' dir='ltr'><em>ὑψηλῶν·</em></span> <span class='ocrx_word' id='word_1_746' title='bbox 1557 4885 1593 4939; x_wconf 78' lang='grc' dir='ltr'>ἃ</span> <span class='ocrx_word' id='word_1_747' title='bbox 1620 4886 1685 4956; x_wconf 79' lang='grc' dir='ltr'><em>δὴ</em></span> <span class='ocrx_word' id='word_1_748' title='bbox 1718 4885 1813 4938; x_wconf 76' lang='grc' dir='ltr'><em>καὶ</em></span> <span class='ocrx_word' id='word_1_749' title='bbox 1836 4884 1865 4935; x_wconf 89' lang='lat'><strong><em>6</em></strong></span> 
     </span>
    </p>
   </div>
   <div class='ocr_carea' id='block_1_89' title="bbox 288 4976 1863 5051">
    <p class='ocr_par' dir='ltr' id='par_1_89' title="bbox 288 4976 1863 5051">
     <span class='ocr_line' id='line_1_89' title="bbox 288 4976 1863 5051; baseline -0.001 -20"><span class='ocrx_word' id='word_1_750' title='bbox 288 4980 611 5043; x_wconf 81' lang='grc' dir='ltr'><em>Ἀπόστολος</em></span> <span class='ocrx_word' id='word_1_751' title='bbox 633 4980 868 5051; x_wconf 87' lang='grc' dir='ltr'><em>παρίστη</em></span> <span class='ocrx_word' id='word_1_752' title='bbox 895 4979 1069 5047; x_wconf 79' lang='grc' dir='ltr'><em>λέγων</em></span> <span class='ocrx_word' id='word_1_753' title='bbox 1088 4996 1103 5009; x_wconf 68' lang='grc' dir='ltr'><strong>ο</strong></span> <span class='ocrx_word' id='word_1_754' title='bbox 1136 4980 1197 5032; x_wconf 87' lang='grc' dir='ltr'><strong><em>Ἠ</em></strong></span> <span class='ocrx_word' id='word_1_755' title='bbox 1215 4978 1283 5030; x_wconf 86' lang='grc' dir='ltr'><em>δὲ</em></span> <span class='ocrx_word' id='word_1_756' title='bbox 1314 4978 1436 5031; x_wconf 83' lang='grc' dir='ltr'><strong><em>ἀνω</em></strong></span> <span class='ocrx_word' id='word_1_757' title='bbox 1472 4976 1863 5045; x_wconf 83' lang='grc' dir='ltr'><em>Ἰερουσαλὴμ</em></span> 
     </span>
    </p>
   </div>
   <div class='ocr_carea' id='block_1_90' title="bbox 274 5068 1863 5138">
    <p class='ocr_par' dir='ltr' id='par_1_90' title="bbox 274 5068 1863 5138">
     <span class='ocr_line' id='line_1_90' title="bbox 274 5068 1863 5138; baseline -0.004 -15"><span class='ocrx_word' id='word_1_758' title='bbox 274 5071 562 5137; x_wconf 77' lang='grc' dir='ltr'><em>ἐλευθέρα</em></span> <span class='ocrx_word' id='word_1_759' title='bbox 613 5071 816 5123; x_wconf 77' lang='grc' dir='ltr'><em>ἐστίν’</em></span> <span class='ocrx_word' id='word_1_760' title='bbox 859 5073 971 5135; x_wconf 74' lang='grc' dir='ltr'><em>καὶ,</em></span> <span class='ocrx_word' id='word_1_761' title='bbox 1020 5070 1521 5138; x_wconf 74' lang='grc' dir='ltr'><em>Προσεληλύθατε</em></span> <span class='ocrx_word' id='word_1_762' title='bbox 1563 5068 1715 5123; x_wconf 79' lang='grc' dir='ltr'><em>Σιὼν</em></span> <span class='ocrx_word' id='word_1_763' title='bbox 1741 5068 1863 5135; x_wconf 77' lang='grc' dir='ltr'><em>ὄρει</em></span> 
     </span>
    </p>
   </div>
   <div class='ocr_carea' id='block_1_91' title="bbox 278 5160 1858 5230">
    <p class='ocr_par' dir='ltr' id='par_1_91' title="bbox 278 5160 1858 5230">
     <span class='ocr_line' id='line_1_91' title="bbox 278 5160 1858 5230; baseline -0.001 -15"><span class='ocrx_word' id='word_1_764' title='bbox 278 5162 378 5215; x_wconf 77' lang='grc' dir='ltr'><em>καὶ</em></span> <span class='ocrx_word' id='word_1_765' title='bbox 414 5163 585 5215; x_wconf 83' lang='grc' dir='ltr'><em>πόλει</em></span> <span class='ocrx_word' id='word_1_766' title='bbox 622 5160 771 5217; x_wconf 82' lang='grc' dir='ltr'><em>Θεοῦ</em></span> <span class='ocrx_word' id='word_1_767' title='bbox 818 5162 1033 5229; x_wconf 78' lang='grc' dir='ltr'><em>ζῶντος</em></span> <span class='ocrx_word' id='word_1_768' title='bbox 1081 5160 1469 5230; x_wconf 80' lang='grc' dir='ltr'><em>Ἰερουσαλὴμ</em></span> <span class='ocrx_word' id='word_1_769' title='bbox 1503 5160 1858 5226; x_wconf 84' lang='grc' dir='ltr'><em>ἐπουρανίῳ.</em></span> 
     </span>
    </p>
   </div>
   <div class='ocr_carea' id='block_1_92' title="bbox 279 5249 1862 5325">
    <p class='ocr_par' dir='ltr' id='par_1_92' title="bbox 279 5249 1862 5325">
     <span class='ocr_line' id='line_1_92' title="bbox 279 5249 1862 5325; baseline -0.001 -21"><span class='ocrx_word' id='word_1_770' title='bbox 279 5253 371 5305; x_wconf 80' lang='grc' dir='ltr'><strong><em>Διὸ</em></strong></span> <span class='ocrx_word' id='word_1_771' title='bbox 416 5254 554 5306; x_wconf 83' lang='grc' dir='ltr'><em>κατὰ</em></span> <span class='ocrx_word' id='word_1_772' title='bbox 600 5254 690 5306; x_wconf 83' lang='grc' dir='ltr'><em>τὸν</em></span> <span class='ocrx_word' id='word_1_773' title='bbox 741 5254 971 5306; x_wconf 78' lang='grc' dir='ltr'><em>Ἀκύλαν</em></span> <span class='ocrx_word' id='word_1_774' title='bbox 1018 5256 1267 5325; x_wconf 79' lang='grc' dir='ltr'><em>εἴρηται,</em></span> <span class='ocrx_word' id='word_1_775' title='bbox 1314 5254 1421 5306; x_wconf 89' lang='lat' dir='ltr'><strong><em>Kal</em></strong></span> <span class='ocrx_word' id='word_1_776' title='bbox 1471 5249 1862 5318; x_wconf 83' lang='grc' dir='ltr'><em>ᾠκοδόμησεν</em></span> 
     </span>
    </p>
   </div>
   <div class='ocr_carea' id='block_1_93' title="bbox 279 5342 1864 5414">
    <p class='ocr_par' dir='ltr' id='par_1_93' title="bbox 279 5342 1864 5414">
     <span class='ocr_line' id='line_1_93' title="bbox 279 5342 1864 5414; baseline -0.002 -17"><span class='ocrx_word' id='word_1_777' title='bbox 279 5344 495 5413; x_wconf 77' lang='grc' dir='ltr'><em>ὁμοίως</em></span> <span class='ocrx_word' id='word_1_778' title='bbox 522 5344 781 5411; x_wconf 67' lang='grc' dir='ltr'><em>ὑψηλοῖς</em></span> <span class='ocrx_word' id='word_1_779' title='bbox 810 5346 1075 5414; x_wconf 81' lang='grc' dir='ltr'><em>ἀγίασμα</em></span> <span class='ocrx_word' id='word_1_780' title='bbox 1107 5344 1293 5399; x_wconf 84' lang='grc' dir='ltr'><em>αὑτοῦ</em></span> <span class='ocrx_word' id='word_1_781' title='bbox 1310 5360 1324 5373; x_wconf 86' lang='grc'><strong>·</strong></span> <span class='ocrx_word' id='word_1_782' title='bbox 1348 5344 1489 5398; x_wconf 77' lang='grc' dir='ltr'><em>κατὰ</em></span> <span class='ocrx_word' id='word_1_783' title='bbox 1514 5344 1571 5396; x_wconf 83' lang='grc' dir='ltr'><em>δὲ</em></span> <span class='ocrx_word' id='word_1_784' title='bbox 1602 5344 1692 5395; x_wconf 87' lang='grc' dir='ltr'><em>τὸν</em></span> <span class='ocrx_word' id='word_1_785' title='bbox 1719 5342 1789 5394; x_wconf 84' lang='grc' dir='ltr'><strong><em>Σύ</em></strong></span> <span class='ocrx_word' id='word_1_786' title='bbox 1798 5360 1864 5411; x_wconf 86' lang='grc' dir='ltr'><em>μ-</em></span> 
     </span>
    </p>
   </div>
   <div class='ocr_carea' id='block_1_94' title="bbox 284 5435 1862 5505">
    <p class='ocr_par' dir='ltr' id='par_1_94' title="bbox 284 5435 1862 5505">
     <span class='ocr_line' id='line_1_94' title="bbox 284 5435 1862 5505; baseline 0.001 -20"><span class='ocrx_word' id='word_1_787' title='bbox 284 5452 478 5504; x_wconf 80' lang='grc' dir='ltr'><em>μαχον,</em></span> <span class='ocrx_word' id='word_1_788' title='bbox 506 5437 612 5487; x_wconf 87' lang='lat' dir='ltr'><strong><em>Kal</em></strong></span> <span class='ocrx_word' id='word_1_789' title='bbox 640 5436 1023 5504; x_wconf 81' lang='grc' dir='ltr'><em>ᾠκοδόμησεν</em></span> <span class='ocrx_word' id='word_1_790' title='bbox 1058 5438 1137 5502; x_wconf 85' lang='grc' dir='ltr'><em>ὡς</em></span> <span class='ocrx_word' id='word_1_791' title='bbox 1168 5438 1240 5489; x_wconf 84' lang='grc' dir='ltr'><em>τὰ</em></span> <span class='ocrx_word' id='word_1_792' title='bbox 1267 5436 1476 5505; x_wconf 73' lang='grc' dir='ltr'><em>ὑψηλά</em></span> <span class='ocrx_word' id='word_1_793' title='bbox 1499 5436 1563 5488; x_wconf 86' lang='grc' dir='ltr'><strong><em>τὸ</em></strong></span> <span class='ocrx_word' id='word_1_794' title='bbox 1598 5435 1862 5503; x_wconf 72' lang='grc' dir='ltr'><em>ἀγίασμα</em></span> 
     </span>
    </p>
   </div>
   <div class='ocr_carea' id='block_1_95' title="bbox 280 5523 1859 5597">
    <p class='ocr_par' dir='ltr' id='par_1_95' title="bbox 280 5523 1859 5597">
     <span class='ocr_line' id='line_1_95' title="bbox 280 5523 1859 5597; baseline 0.001 -22"><span class='ocrx_word' id='word_1_795' title='bbox 280 5523 502 5576; x_wconf 74' lang='grc' dir='ltr'><em>αὑτοῦ*</em></span> <span class='ocrx_word' id='word_1_796' title='bbox 534 5524 675 5577; x_wconf 74' lang='grc' dir='ltr'><em>κατὰ</em></span> <span class='ocrx_word' id='word_1_797' title='bbox 698 5524 754 5576; x_wconf 83' lang='grc' dir='ltr'><em>δὲ</em></span> <span class='ocrx_word' id='word_1_798' title='bbox 792 5527 917 5589; x_wconf 71' lang='grc' dir='ltr'><em>τοὺς</em></span> <span class='ocrx_word' id='word_1_799' title='bbox 950 5526 1370 5597; x_wconf 76' lang='grc' dir='ltr'><em>Ἐϐδομήκοντα,</em></span> <span class='ocrx_word' id='word_1_800' title='bbox 1407 5527 1503 5591; x_wconf 80' lang='grc' dir='ltr'><em>Ὠς</em></span> <span class='ocrx_word' id='word_1_801' title='bbox 1530 5523 1859 5593; x_wconf 86' lang='grc' dir='ltr'><em>μονοκερώ-</em></span> 
     </span>
    </p>
   </div>
   <div class='ocr_carea' id='block_1_96' title="bbox 282 5612 1861 5684">
    <p class='ocr_par' dir='ltr' id='par_1_96' title="bbox 282 5612 1861 5684">
     <span class='ocr_line' id='line_1_96' title="bbox 282 5612 1861 5684; baseline 0.001 -20"><span class='ocrx_word' id='word_1_802' title='bbox 282 5629 402 5665; x_wconf 81' lang='grc' dir='ltr'><strong><em>των</em></strong></span> <span class='ocrx_word' id='word_1_803' title='bbox 419 5612 768 5682; x_wconf 76' lang='grc' dir='ltr'><em>ᾠκοδόμησε</em></span> <span class='ocrx_word' id='word_1_804' title='bbox 794 5613 862 5666; x_wconf 87' lang='grc' dir='ltr'><strong><em>τὸ</em></strong></span> <span class='ocrx_word' id='word_1_805' title='bbox 883 5615 1143 5683; x_wconf 74' lang='grc' dir='ltr'><em>ἀγίασμα</em></span> <span class='ocrx_word' id='word_1_806' title='bbox 1172 5615 1384 5669; x_wconf 77' lang='grc' dir='ltr'><em>αὐτοῦ’</em></span> <span class='ocrx_word' id='word_1_807' title='bbox 1416 5615 1677 5668; x_wconf 73' lang='grc' dir='ltr'><em>νοούντων</em></span> <span class='ocrx_word' id='word_1_808' title='bbox 1703 5617 1735 5684; x_wconf 78' lang='grc' dir='ltr'>ἡ</span> <span class='ocrx_word' id='word_1_809' title='bbox 1745 5615 1861 5684; x_wconf 80' lang='grc' dir='ltr'><em>μῶν</em></span> 
     </span>
    </p>
   </div>
   <div class='ocr_carea' id='block_1_97' title="bbox 356 5766 1321 5831">
    <p class='ocr_par' dir='ltr' id='par_1_97' title="bbox 356 5766 1321 5831">
     <span class='ocr_line' id='line_1_97' title="bbox 356 5766 1321 5831; baseline 0.003 -12"><span class='ocrx_word' id='word_1_810' title='bbox 356 5766 403 5797; x_wconf 69' lang='grc'><strong><em>⁸⁸</em></strong></span> <span class='ocrx_word' id='word_1_811' title='bbox 434 5766 553 5822; x_wconf 89' lang='lat' dir='ltr'><strong><em>Gal.</em></strong></span> <span class='ocrx_word' id='word_1_812' title='bbox 583 5783 654 5831; x_wconf 86' lang='lat' dir='ltr'><strong><em>Iv,</em></strong></span> <span class='ocrx_word' id='word_1_813' title='bbox 689 5767 782 5821; x_wconf 71' lang='lat'><strong><em>26.</em></strong></span> <span class='ocrx_word' id='word_1_814' title='bbox 856 5768 901 5798; x_wconf 73' lang='lat'><strong><em>&quot;‘</em></strong></span> <span class='ocrx_word' id='word_1_815' title='bbox 934 5766 1067 5820; x_wconf 79' lang='lat' dir='ltr'><strong><em>Ileb.</em></strong></span> <span class='ocrx_word' id='word_1_816' title='bbox 1103 5784 1199 5829; x_wconf 79' lang='lat' dir='ltr'><strong><em>xu,</em></strong></span> <span class='ocrx_word' id='word_1_817' title='bbox 1230 5767 1321 5823; x_wconf 67' lang='lat'><strong><em>2‘2.</em></strong></span> 
     </span>
    </p>
   </div>
   <div class='ocr_carea' id='block_1_98' title="bbox 570 5862 1262 5924">
    <p class='ocr_par' dir='ltr' id='par_1_98' title="bbox 570 5862 1262 5924">
     <span class='ocr_line' id='line_1_98' title="bbox 570 5862 1262 5924; baseline -0.009 0"><span class='ocrx_word' id='word_1_818' title='bbox 570 5866 838 5924; x_wconf 64' lang='grc' dir='ltr'><em>Ριτιιοι..</em></span> <span class='ocrx_word' id='word_1_819' title='bbox 874 5862 988 5923; x_wconf 82' lang='lat' dir='ltr'><strong><em>Gn.</em></strong></span> <span class='ocrx_word' id='word_1_820' title='bbox 1029 5862 1262 5923; x_wconf 73' lang='lat' dir='ltr'>XXIII.</span> 
     </span>
    </p>
   </div>
   <div class='ocr_carea' id='block_1_99' title="bbox 1969 4685 3545 4765">
    <p class='ocr_par' dir='ltr' id='par_1_99' title="bbox 1969 4685 3545 4765">
     <span class='ocr_line' id='line_1_99' title="bbox 1969 4685 3545 4765; baseline -0.015 -7"><span class='ocrx_word' id='word_1_821' title='bbox 1969 4702 2229 4758; x_wconf 88' lang='lat' dir='ltr'><strong><em>habuisse</em></strong></span> <span class='ocrx_word' id='word_1_822' title='bbox 2259 4714 2385 4753; x_wconf 89' lang='lat' dir='ltr'><strong><em>cum</em></strong></span> <span class='ocrx_word' id='word_1_823' title='bbox 2410 4713 2476 4751; x_wconf 89' lang='lat' dir='ltr'><strong><em>eo</em></strong></span> <span class='ocrx_word' id='word_1_824' title='bbox 2501 4694 2647 4765; x_wconf 86' lang='lat' dir='ltr'><strong><em>quod</em></strong></span> <span class='ocrx_word' id='word_1_825' title='bbox 2682 4694 2737 4747; x_wconf 89' lang='lat' dir='ltr'><strong><em>in</em></strong></span> <span class='ocrx_word' id='word_1_826' title='bbox 2771 4690 3006 4745; x_wconf 80' lang='lat' dir='ltr'><strong><em>excelsis</em></strong></span> <span class='ocrx_word' id='word_1_827' title='bbox 3034 4696 3140 4750; x_wconf 89' lang='lat' dir='ltr'><strong><em>est,</em></strong></span> <span class='ocrx_word' id='word_1_828' title='bbox 3189 4695 3243 4739; x_wconf 88' lang='lat' dir='ltr'><strong><em>et</em></strong></span> <span class='ocrx_word' id='word_1_829' title='bbox 3270 4685 3337 4739; x_wconf 88' lang='lat' dir='ltr'><strong><em>ad</em></strong></span> <span class='ocrx_word' id='word_1_830' title='bbox 3366 4686 3545 4738; x_wconf 80' lang='lat' dir='ltr'><strong><em>excel—</em></strong></span> 
     </span>
    </p>
   </div>
   <div class='ocr_carea' id='block_1_100' title="bbox 1968 4779 3548 4849">
    <p class='ocr_par' dir='ltr' id='par_1_100' title="bbox 1968 4779 3548 4849">
     <span class='ocr_line' id='line_1_100' title="bbox 1968 4779 3548 4849; baseline -0.013 -1"><span class='ocrx_word' id='word_1_831' title='bbox 1968 4808 2157 4849; x_wconf 88' lang='lat' dir='ltr'><strong><em>sorum</em></strong></span> <span class='ocrx_word' id='word_1_832' title='bbox 2190 4791 2409 4844; x_wconf 89' lang='lat' dir='ltr'><strong><em>modum</em></strong></span> <span class='ocrx_word' id='word_1_833' title='bbox 2439 4794 2818 4842; x_wconf 84' lang='lat' dir='ltr'><strong><em>constructum</em></strong></span> <span class='ocrx_word' id='word_1_834' title='bbox 2843 4782 3039 4843; x_wconf 83' lang='lat' dir='ltr'><strong><em>fuisse,</em></strong></span> <span class='ocrx_word' id='word_1_835' title='bbox 3076 4779 3143 4833; x_wconf 88' lang='lat' dir='ltr'><strong><em>ad</em></strong></span> <span class='ocrx_word' id='word_1_836' title='bbox 3170 4780 3457 4848; x_wconf 82' lang='lat' dir='ltr'><strong><em>imaginem</em></strong></span> <span class='ocrx_word' id='word_1_837' title='bbox 3492 4784 3548 4831; x_wconf 87' lang='lat' dir='ltr'><strong><em>et</em></strong></span> 
     </span>
    </p>
   </div>
   <div class='ocr_carea' id='block_1_101' title="bbox 1968 4868 3542 4940">
    <p class='ocr_par' dir='ltr' id='par_1_101' title="bbox 1968 4868 3542 4940">
     <span class='ocr_line' id='line_1_101' title="bbox 1968 4868 3542 4940; baseline -0.011 -3"><span class='ocrx_word' id='word_1_838' title='bbox 1968 4882 2383 4938; x_wconf 89' lang='lat' dir='ltr'><strong><em>similitudinem</em></strong></span> <span class='ocrx_word' id='word_1_839' title='bbox 2439 4880 2781 4932; x_wconf 79' lang='lat' dir='ltr'><strong><em>excelsorum</em></strong></span> <span class='ocrx_word' id='word_1_840' title='bbox 2839 4872 3182 4937; x_wconf 74' lang='lat' dir='ltr'><strong><em>cmlestium;</em></strong></span> <span class='ocrx_word' id='word_1_841' title='bbox 3232 4884 3354 4940; x_wconf 70' lang='lat' dir='ltr'><strong><em>qua:</em></strong></span> <span class='ocrx_word' id='word_1_842' title='bbox 3416 4868 3542 4921; x_wconf 87' lang='lat' dir='ltr'><strong><em>item</em></strong></span> 
     </span>
    </p>
   </div>
   <div class='ocr_carea' id='block_1_102' title="bbox 1966 4965 3542 5045">
    <p class='ocr_par' dir='ltr' id='par_1_102' title="bbox 1966 4965 3542 5045">
     <span class='ocr_line' id='line_1_102' title="bbox 1966 4965 3542 5045; baseline -0.013 -16"><span class='ocrx_word' id='word_1_843' title='bbox 1966 4974 2261 5045; x_wconf 81' lang='lat' dir='ltr'><strong><em>Apostolus</em></strong></span> <span class='ocrx_word' id='word_1_844' title='bbox 2293 4971 2591 5026; x_wconf 86' lang='lat' dir='ltr'><strong><em>declaravit</em></strong></span> <span class='ocrx_word' id='word_1_845' title='bbox 2623 4969 2813 5023; x_wconf 87' lang='lat' dir='ltr'><strong><em>dicens</em></strong></span> <span class='ocrx_word' id='word_1_846' title='bbox 2841 4986 2854 5020; x_wconf 91' lang='lat'>:</span> <span class='ocrx_word' id='word_1_847' title='bbox 2883 4965 2992 5018; x_wconf 88' lang='lat' dir='ltr'><strong><em>Illa</em></strong></span> <span class='ocrx_word' id='word_1_848' title='bbox 3022 4981 3140 5019; x_wconf 86' lang='lat' dir='ltr'><strong><em>vero</em></strong></span> <span class='ocrx_word' id='word_1_849' title='bbox 3179 4979 3297 5032; x_wconf 71' lang='lat' dir='ltr'><strong><em>qua:</em></strong></span> <span class='ocrx_word' id='word_1_850' title='bbox 3331 4977 3542 5015; x_wconf 86' lang='lat' dir='ltr'><strong><em>sursum</em></strong></span> 
     </span>
    </p>
   </div>
   <div class='ocr_carea' id='block_1_103' title="bbox 1965 5051 3544 5125">
    <p class='ocr_par' dir='ltr' id='par_1_103' title="bbox 1965 5051 3544 5125">
     <span class='ocr_line' id='line_1_103' title="bbox 1965 5051 3544 5125; baseline -0.011 -4"><span class='ocrx_word' id='word_1_851' title='bbox 1965 5076 2044 5121; x_wconf 80' lang='lat' dir='ltr'><strong><em>est</em></strong></span> <span class='ocrx_word' id='word_1_852' title='bbox 2080 5064 2378 5119; x_wconf 83' lang='lat' dir='ltr'><strong><em>Jerusalem</em></strong></span> <span class='ocrx_word' id='word_1_853' title='bbox 2432 5062 2595 5116; x_wconf 89' lang='lat' dir='ltr'><strong><em>libera</em></strong></span> <span class='ocrx_word' id='word_1_854' title='bbox 2627 5071 2704 5114; x_wconf 90' lang='lat' dir='ltr'><strong><em>est</em></strong></span> <span class='ocrx_word' id='word_1_855' title='bbox 2730 5059 2809 5125; x_wconf 76' lang='lat'><strong><em>“;</em></strong></span> <span class='ocrx_word' id='word_1_856' title='bbox 2836 5067 2910 5120; x_wconf 86' lang='lat' dir='ltr'><strong><em>et,</em></strong></span> <span class='ocrx_word' id='word_1_857' title='bbox 2947 5056 3253 5110; x_wconf 80' lang='lat' dir='ltr'><strong><em>Accessistis</em></strong></span> <span class='ocrx_word' id='word_1_858' title='bbox 3306 5053 3373 5106; x_wconf 83' lang='lat' dir='ltr'><strong><em>ad</em></strong></span> <span class='ocrx_word' id='word_1_859' title='bbox 3414 5051 3544 5106; x_wconf 88' lang='lat' dir='ltr'><strong><em>Sion</em></strong></span> 
     </span>
    </p>
   </div>
   <div class='ocr_carea' id='block_1_104' title="bbox 1965 5142 3544 5212">
    <p class='ocr_par' dir='ltr' id='par_1_104' title="bbox 1965 5142 3544 5212">
     <span class='ocr_line' id='line_1_104' title="bbox 1965 5142 3544 5212; baseline -0.011 -1"><span class='ocrx_word' id='word_1_860' title='bbox 1965 5168 2194 5211; x_wconf 87' lang='lat' dir='ltr'><strong><em>montem</em></strong></span> <span class='ocrx_word' id='word_1_861' title='bbox 2238 5164 2287 5207; x_wconf 90' lang='lat' dir='ltr'><strong><em>et</em></strong></span> <span class='ocrx_word' id='word_1_862' title='bbox 2336 5154 2599 5207; x_wconf 84' lang='lat' dir='ltr'><strong><em>civitatem</em></strong></span> <span class='ocrx_word' id='word_1_863' title='bbox 2641 5151 2737 5205; x_wconf 89' lang='lat' dir='ltr'><strong><em>Dei</em></strong></span> <span class='ocrx_word' id='word_1_864' title='bbox 2776 5150 3013 5212; x_wconf 85' lang='lat' dir='ltr'><strong><em>viventis,</em></strong></span> <span class='ocrx_word' id='word_1_865' title='bbox 3046 5145 3343 5200; x_wconf 82' lang='lat' dir='ltr'><strong><em>Jerusalem</em></strong></span> <span class='ocrx_word' id='word_1_866' title='bbox 3390 5142 3544 5196; x_wconf 61' lang='lat' dir='ltr'><strong><em>caele»</em></strong></span> 
     </span>
    </p>
   </div>
   <div class='ocr_carea' id='block_1_105' title="bbox 1966 5232 3540 5311">
    <p class='ocr_par' dir='ltr' id='par_1_105' title="bbox 1966 5232 3540 5311">
     <span class='ocr_line' id='line_1_105' title="bbox 1966 5232 3540 5311; baseline -0.011 -9"><span class='ocrx_word' id='word_1_867' title='bbox 1966 5257 2096 5302; x_wconf 86' lang='lat' dir='ltr'><strong><em>stem</em></strong></span> <span class='ocrx_word' id='word_1_868' title='bbox 2118 5246 2183 5299; x_wconf 68' lang='grc'><strong><em>⁸⁵.</em></strong></span> <span class='ocrx_word' id='word_1_869' title='bbox 2218 5247 2398 5311; x_wconf 83' lang='lat' dir='ltr'><strong><em>Quare</em></strong></span> <span class='ocrx_word' id='word_1_870' title='bbox 2426 5244 2727 5299; x_wconf 88' lang='lat' dir='ltr'><strong><em>secundum</em></strong></span> <span class='ocrx_word' id='word_1_871' title='bbox 2756 5242 3011 5311; x_wconf 81' lang='lat' dir='ltr'><strong><em>Aquilam</em></strong></span> <span class='ocrx_word' id='word_1_872' title='bbox 3042 5239 3265 5299; x_wconf 87' lang='lat' dir='ltr'><strong><em>dicitur,</em></strong></span> <span class='ocrx_word' id='word_1_873' title='bbox 3308 5234 3375 5287; x_wconf 84' lang='lat' dir='ltr'><strong><em>Et</em></strong></span> <span class='ocrx_word' id='word_1_874' title='bbox 3404 5232 3540 5287; x_wconf 70' lang='lat' dir='ltr'><strong><em>redi-</em></strong></span> 
     </span>
    </p>
   </div>
   <div class='ocr_carea' id='block_1_106' title="bbox 1970 5324 3539 5409">
    <p class='ocr_par' dir='ltr' id='par_1_106' title="bbox 1970 5324 3539 5409">
     <span class='ocr_line' id='line_1_106' title="bbox 1970 5324 3539 5409; baseline -0.011 -17"><span class='ocrx_word' id='word_1_875' title='bbox 1970 5339 2147 5409; x_wconf 79' lang='lat' dir='ltr'><strong><em>ﬁcavit</em></strong></span> <span class='ocrx_word' id='word_1_876' title='bbox 2182 5338 2353 5391; x_wconf 82' lang='lat' dir='ltr'><strong><em>simile</em></strong></span> <span class='ocrx_word' id='word_1_877' title='bbox 2383 5336 2602 5389; x_wconf 76' lang='lat' dir='ltr'><strong><em>excelsis</em></strong></span> <span class='ocrx_word' id='word_1_878' title='bbox 2631 5333 2989 5402; x_wconf 76' lang='lat' dir='ltr'><strong><em>sancti/icium</em></strong></span> <span class='ocrx_word' id='word_1_879' title='bbox 3016 5346 3201 5385; x_wconf 87' lang='lat' dir='ltr'><strong><em>suum:</em></strong></span> <span class='ocrx_word' id='word_1_880' title='bbox 3238 5324 3539 5382; x_wconf 84' lang='lat' dir='ltr'><strong><em>secundum</em></strong></span> 
     </span>
    </p>
   </div>
   <div class='ocr_carea' id='block_1_107' title="bbox 1971 5415 3542 5500">
    <p class='ocr_par' dir='ltr' id='par_1_107' title="bbox 1971 5415 3542 5500">
     <span class='ocr_line' id='line_1_107' title="bbox 1971 5415 3542 5500; baseline -0.011 -17"><span class='ocrx_word' id='word_1_881' title='bbox 1971 5430 2357 5500; x_wconf 83' lang='lat' dir='ltr'><strong><em>Symmachum</em></strong></span> <span class='ocrx_word' id='word_1_882' title='bbox 2384 5442 2534 5489; x_wconf 83' lang='lat' dir='ltr'><strong><em>vero,</em></strong></span> <span class='ocrx_word' id='word_1_883' title='bbox 2572 5426 2639 5479; x_wconf 80' lang='lat' dir='ltr'><strong><em>Et</em></strong></span> <span class='ocrx_word' id='word_1_884' title='bbox 2667 5425 2949 5493; x_wconf 75' lang='lat' dir='ltr'><strong><em>wdiﬁcavit</em></strong></span> <span class='ocrx_word' id='word_1_885' title='bbox 2976 5432 3031 5475; x_wconf 92' lang='lat' dir='ltr'><strong><em>ut</em></strong></span> <span class='ocrx_word' id='word_1_886' title='bbox 3054 5420 3262 5474; x_wconf 70' lang='lat' dir='ltr'><strong><em>excelsa</em></strong></span> <span class='ocrx_word' id='word_1_887' title='bbox 3300 5415 3542 5481; x_wconf 75' lang='lat' dir='ltr'><strong><em>sancti/t-</em></strong></span> 
     </span>
    </p>
   </div>
   <div class='ocr_carea' id='block_1_108' title="bbox 1968 5503 3542 5582">
    <p class='ocr_par' dir='ltr' id='par_1_108' title="bbox 1968 5503 3542 5582">
     <span class='ocr_line' id='line_1_108' title="bbox 1968 5503 3542 5582; baseline -0.011 -7"><span class='ocrx_word' id='word_1_888' title='bbox 1968 5524 2106 5575; x_wconf 83' lang='lat' dir='ltr'><strong><em>cium</em></strong></span> <span class='ocrx_word' id='word_1_889' title='bbox 2130 5537 2315 5582; x_wconf 87' lang='lat' dir='ltr'><strong><em>suum;</em></strong></span> <span class='ocrx_word' id='word_1_890' title='bbox 2343 5520 2642 5575; x_wconf 89' lang='lat' dir='ltr'><strong><em>secundum</em></strong></span> <span class='ocrx_word' id='word_1_891' title='bbox 2676 5515 2815 5570; x_wconf 74' lang='lat' dir='ltr'><strong><em>LXX</em></strong></span> <span class='ocrx_word' id='word_1_892' title='bbox 2846 5530 2977 5569; x_wconf 87' lang='lat' dir='ltr'><strong><em>vero</em></strong></span> <span class='ocrx_word' id='word_1_893' title='bbox 3006 5515 3353 5579; x_wconf 76' lang='lat' dir='ltr'><strong><em>Interpretcs,</em></strong></span> <span class='ocrx_word' id='word_1_894' title='bbox 3380 5503 3542 5558; x_wconf 71' lang='grc' dir='ltr'><strong><em>Αἰιίἱ-</em></strong></span> 
     </span>
    </p>
   </div>
   <div class='ocr_carea' id='block_1_109' title="bbox 1970 5594 3541 5684">
    <p class='ocr_par' dir='ltr' id='par_1_109' title="bbox 1970 5594 3541 5684">
     <span class='ocr_line' id='line_1_109' title="bbox 1970 5594 3541 5684; baseline -0.011 -16"><span class='ocrx_word' id='word_1_895' title='bbox 1970 5615 2143 5684; x_wconf 77' lang='lat' dir='ltr'><strong><em>ﬁcarit</em></strong></span> <span class='ocrx_word' id='word_1_896' title='bbox 2200 5614 2331 5667; x_wconf 76' lang='lat' dir='ltr'><strong><em>sicut</em></strong></span> <span class='ocrx_word' id='word_1_897' title='bbox 2395 5610 2725 5666; x_wconf 84' lang='lat' dir='ltr'><strong><em>unicornium</em></strong></span> <span class='ocrx_word' id='word_1_898' title='bbox 2776 5605 3129 5674; x_wconf 77' lang='lat' dir='ltr'><strong><em>sancti/icium</em></strong></span> <span class='ocrx_word' id='word_1_899' title='bbox 3199 5615 3372 5653; x_wconf 85' lang='lat' dir='ltr'><strong><em>suum.</em></strong></span> <span class='ocrx_word' id='word_1_900' title='bbox 3428 5594 3541 5651; x_wconf 70' lang='lat' dir='ltr'><strong><em>Non</em></strong></span> 
     </span>
    </p>
   </div>
   <div class='ocr_carea' id='block_1_110' title="bbox 3208 5849 3287 5910">
    <p class='ocr_par' dir='ltr' id='par_1_110' title="bbox 3208 5849 3287 5910">
     <span class='ocr_line' id='line_1_110' title="bbox 3208 5849 3287 5910; baseline 0.025 -2"><span class='ocrx_word' id='word_1_901' title='bbox 3208 5849 3287 5910; x_wconf 82' lang='lat'>30</span> 
     </span>
    </p>
   </div>
  </div>
