4004 6566
545 318 649 372 935

1216 313 1481 370 EUSEBll
1517 313 1997 371 CAESARIENSIS
2040 314 2187 370 ΟΡΡ.
2233 316 2410 371 PARS
2435 316 2522 371 Ill.
2557 344 2625 356 —-
2663 313 3076 370 EXEGETICA.
3622 328 3699 382 9H

544 435 662 487 dem
726 448 1016 501 magnam:
1064 440 1113 485 et
1162 432 1336 499 factus
1391 442 1468 485 est
1509 433 1753 500 planctus
1798 449 2016 502 magnus
2066 433 2114 485 in

2220 432 2665 500 καταπέτασμα,
2706 431 2805 484 καὶ
2836 430 2977 497 τοὺς
3003 430 3353 498 στεφάνους,
3388 432 3472 484 καὶ
3511 435 3596 489 τὸν
3626 443 3701 494 ιδ.

552 523 742 603 ίιδιοαεί.
784 522 852 575 Et
891 524 1105 591 scripsit
1142 539 1235 577 rex
1272 526 1416 577 omni
1454 541 1614 594 regno
1652 542 1749 579 suo
1773 565 1789 589 ,
1838 533 1896 577 ut
1940 536 2113 579 essent

545 631 722 668 omnes
750 614 972 682 populus
1001 631 1136 668 unus
1164 654 1179 678 ,
1210 624 1260 668 et
1290 616 1603 687 relinqueret
1643 618 2003 687 unusquisque
2040 619 2115 671 le-

543 723 656 775 gem
681 721 835 758 suam
856 704 922 758 δε.
946 703 1014 757 Ει
1045 706 1302 772 amplexa:
1328 720 1451 760 sunt
1479 723 1656 761 omnes
1699 717 1875 777 gentes
1901 706 2113 761 verbum

545 799 679 867 regis
704 814 723 852 :
760 807 810 851 et
848 797 1005 850 multi
1039 813 1106 851 ea:
1144 800 1273 866 ﬁliis
1315 798 1491 853 Israel
1528 808 1907 854 consenserunt
1946 800 2114 853 cultui

544 890 694 951 eius,
751 898 802 943 et
862 890 1293 958 sacriﬁcaverunt
1332 890 1524 954 idolis,
1564 900 1612 946 et
1650 891 2115 957 coinquinaverunt

544 979 839 1034 Sabbatum
864 982 930 1034 δ’.
962 981 1092 1036 Post
1122 980 1237 1035 haec
1260 990 1438 1037 autem
1472 982 1705 1036 dicitur:
1732 980 1801 1034 Et
1830 983 2115 1052 aediﬁcavit

544 1070 987 1123 abominationem
1024 1070 1368 1125 desolationis
1399 1071 1454 1125 in
1483 1072 1669 1127 altari.
1700 1071 1767 1125 Et
1797 1073 1849 1125 in
1881 1073 2117 1127 civitati-

545 1161 639 1215 bus
674 1160 821 1215 Juda
870 1163 925 1215 in
972 1164 1199 1216 circuitu
1247 1162 1645 1232 wdiﬁcaverunt
1695 1163 1933 1228 altaria,
1973 1172 2021 1217 et
2063 1165 2116 1217 in

542 1253 708 1321 portis
748 1254 899 1317 suis,
939 1262 989 1307 et
1030 1255 1084 1306 in
1122 1255 1312 1321 plateis
1356 1254 1648 1324 thymiama
1694 1254 1998 1309 adolebant.
2046 1253 2116 1308 Et

545 1344 707 1398 libros
743 1344 818 1415 (1)
866 1345 1060 1412 psalmi
1113 1362 1243 1415 quos
1282 1346 1583 1401 invenerunt
1640 1347 1969 1412 scindentes,
2001 1351 2118 1415 igne

543 1436 937 1489 combusserunt
970 1437 1038 1491 δί’.
1080 1436 1501 1507 Adjiciturque:
1539 1436 1608 1491 Et
1648 1438 1803 1492 multi
1841 1440 1897 1492 in
1941 1438 2114 1493 Israel

543 1525 858 1595 deﬁnierunt
890 1528 943 1579 in
972 1544 1059 1592 se,
1092 1536 1151 1579 ut
1178 1544 1280 1581 non
1306 1528 1689 1583 manducarent
1720 1531 2016 1586 immunda.
2048 1529 2117 1584 Et

540 1621 805 1689 elegerunt
842 1621 1005 1683 mori,
1054 1632 1112 1673 ut
1156 1637 1263 1675 non
1308 1624 1795 1679 contaminarentur
1841 1624 2007 1690 cibis,
2067 1634 2117 1680 et

494 1752 503 1762 .
544 1712 739 1764 mortui
785 1721 928 1766 sunt.
980 1712 1047 1764 Et
1094 1712 1239 1781 facta
1266 1724 1343 1767 est
1372 1715 1455 1767 ira
1486 1732 1678 1785 magna
1711 1718 1765 1769 in
1797 1716 1973 1769 Israel
2004 1716 2120 1770 val-

2218 542 2377 594 σμον
2407 526 2513 578 τὸν
2533 528 2682 577 κατὰ
2707 524 3034 591 πρόσωπον
3080 523 3186 576 τοῦ
3210 523 3369 576 ναοῦ.
3402 526 3499 578 Kal
3514 528 3704 586 ἐλέπισε

2215 615 2439 669 πάντα·
2470 617 2567 669 καὶ
2598 617 2777 671 ἔλαϐε
2816 617 2959 683 τοὺς
2985 616 3323 683 θησαυροὺς
3350 616 3478 683 τοὺς
3505 619 3705 689 ἀποκρύ-

2215 724 2387 776 φους,
2423 703 2533 773 οὖς
2561 703 2717 775 εὗρε.
2754 707 2866 760 Kal
2909 707 3110 761 λαϐὼν
3146 707 3472 775 σύμπαντα,
3496 709 3706 779 ἐπιστρέο

2214 802 2337 867 ψας
2371 798 2645 866 ἀπῆλθεν
2692 801 2779 865 εὶς
2810 799 2925 866 τὴν
2960 799 3079 868 γῆν
3126 798 3328 852 αὐτοῦ.
3373 800 3474 853 Kal
3514 801 3707 870 ἐποίησε

2215 893 2614 961 φονοκτονίιιν
2634 892 2910 961 μεγάλην
2927 908 2941 921 θ
2984 891 3081 945 καὶ
3108 892 3340 960 ἐγένετο
3380 890 3572 958 πένθος
3594 895 3709 963 μέτα

2213 984 2312 1037 ἐπὶ
2353 983 2609 1051 Ἰσραήλ.
2660 984 2768 1038 Καὶ
2816 984 3081 1052 ἔγραψεν
3107 984 3141 1035 ὀ
3173 982 3457 1048 βασιλεὺς
3489 983 3628 1052 πάσῃ
3658 985 3710 1053 τῇ

2210 1075 2499 1143 βασιλείᾳ
2529 1076 2714 1130 αὐτοῦ
2741 1072 2894 1130 εἷναι
2917 1075 3150 1141 πάντας
3171 1075 3322 1129 λαὸν
3340 1074 3457 1139 ἕνα,
3475 1075 3558 1128 καὶ
3583 1077 3711 1145 ἐγκα-

2216 1166 2489 1221 ταλιπεῖν
2519 1168 2775 1233 ἕκαστος
2813 1167 2884 1221 τὰ
2918 1167 3139 1236 νόμιμα
3190 1165 3392 1220 αὑτοῦ.
3427 1167 3524 1220 Kal
3553 1166 3712 1220 ἀηδέα

2217 1258 2397 1322 ξαντο
2426 1258 2622 1313 πάντα
2655 1259 2726 1311 τὰ
2760 1258 2905 1326 ἔθνη
2953 1261 3061 1312 τὸν
3103 1258 3288 1328 λόγον
3312 1257 3413 1311 τοῦ
3438 1258 3711 1325 βασιλέως

2216 1352 2315 1403 καί
2346 1367 2413 1419 γε
2446 1349 2663 1404 πολλοὶ
2700 1350 2822 1404 ἀπὸ
2868 1349 3016 1404 υἱῶν
3058 1348 3295 1417 Ἰσραὴλ
3343 1348 3640 1416 εὐδόκησαν
3660 1347 3714 1417 τῇ

2215 1442 2459 1509 λατρεία
2508 1442 2693 1498 αὐτοῦ
2712 1481 2726 1505 ,
2772 1442 2868 1495 καὶ
2918 1443 3150 1496 ἔθυσαν
3180 1440 3302 1507 τοῖς
3343 1440 3607 1505 είδώλοις,
3643 1442 3715 1494 καί

2215 1522 2597 1601 ἐϐεϐήλωσαν
2615 1534 2682 1588 τὸ
2715 1534 3037 1588 Σάϐϐατον.
3054 1534 3162 1586 Καὶ
3186 1532 3323 1603 μετὰ
3343 1531 3501 1585 ταῦτα
3523 1532 3711 1603 εἴρηται·

2217 1626 2327 1681 Kal
2352 1625 2700 1695 ᾠκοδόμησε
2740 1623 3058 1693 βδέλυγμα
3097 1621 3436 1691 ἐρημώσεως
3451 1621 3539 1674 ἐπὶ
3570 1621 3623 1674 τὸ
3644 1625 3715 1675 θνα

2218 1718 2591 1785 σιαστήριον.
2615 1716 2727 1769 Καί
2751 1731 2817 1785 τε
2843 1715 2913 1767 ἐν
2948 1715 3168 1768 πόλεσι
3206 1712 3386 1767 Ἰούδα
3406 1714 3584 1779 κύκλῳ
3608 1714 3715 1777 ᾠκο-

542 1802 606 1855 de
635 1804 701 1857 δι.
736 1803 861 1858 Haec
891 1819 1054 1875 porro
1082 1804 1360 1860 diuturnis
1390 1816 1579 1875 postea
1603 1808 1969 1878 temporibus,
1994 1816 2114 1877 post

2220 1808 2494 1877 δύμησαν
2505 1807 2748 1876 βωμούς
2765 1826 2778 1839 ·
2808 1806 2905 1859 καὶ
2926 1805 3023 1859 διὰ
3045 1805 3163 1858 τῶν
3186 1802 3376 1872 θυρῶν
3394 1802 3503 1856 τῶν
3518 1804 3714 1863 οἰκείων,

542 1898 832 1969 Assyriaca
865 1907 919 1951 ct
955 1898 1193 1961 Medica,
1230 1906 1353 1968 post
1381 1898 1604 1954 Persica
1634 1907 1687 1954 et
1723 1908 1845 1968 post
1874 1900 2115 1955 Alexan-

541 1990 627 2043 dri
661 1989 969 2044 Macedonis
1012 2002 1244 2045 mortem
1289 1998 1441 2060 gesta
1474 1999 1621 2046 sunt.
1663 1990 1732 2043 At
1768 1990 2003 2060 Spiritus
2032 1991 2118 2046 di-

542 2082 704 2135 vinus
755 2096 852 2150 per
896 2081 1043 2135 hunc
1091 2083 1413 2152 prophetam
1464 2082 1580 2136 haec
1630 2082 1747 2152 ipsa
1786 2083 2117 2138 vaticinatur

544 2174 734 2228 dicens
761 2193 773 2227 :
802 2173 962 2237 Deus,
990 2186 1236 2230 venerunt
1258 2186 1434 2246 gentes
1458 2176 1511 2230 in
1542 2175 1902 2230 htereditatem
1932 2186 2078 2232 tuam
2097 2218 2113 2243 ,

542 2262 841 2329 polluerunt
873 2264 1121 2333 templum
1150 2275 1394 2319 sanctum
1426 2278 1608 2328 tuum,
1640 2277 1926 2335 posuerunt
1961 2268 2121 2321 Jeru-

542 2355 708 2408 salem
739 2356 792 2407 in
820 2370 1095 2421 pomorum
1127 2358 1444 2410 custodiam.
1473 2355 1729 2412 -—V’Ens.
1757 2356 1875 2414 9-4.
1925 2357 2119 2413 Posue—

543 2456 667 2500 runt
714 2449 995 2501 morticina
1044 2465 1310 2502 servorum
1358 2458 1567 2501 tuorum
1611 2464 1759 2502 escas
1810 2449 2116 2504 volatilibus

542 2520 694 2599 cwli,
729 2554 913 2591 carnes
944 2548 1249 2592 sanctorum
1281 2548 1492 2591 tuorum
1532 2538 1709 2592 bestiis
1748 2547 1921 2594 terrae.
1964 2538 2119 2609 ΕῙῙιι-

542 2626 733 2681 derunt
754 2631 1059 2700 sanguinem
1098 2646 1279 2684 eorum
1315 2640 1565 2698 tanquam
1595 2645 1787 2697 aquam
1811 2630 1867 2682 in
1893 2630 2117 2686 circuitu

540 2718 871 2786 Jerusalem,
905 2731 955 2775 et
984 2738 1086 2775 non
1132 2732 1245 2777 erat
1293 2723 1382 2791 qui
1424 2722 1687 2789 sepeliret.
1720 2719 1881 2775 Facti
1931 2739 2115 2777 sumus

542 2813 879 2881 opprobrium
927 2814 1107 2869 vicinis
1160 2814 1392 2876 nostris,
1437 2812 1787 2866 subsannatio
1827 2822 1877 2866 et
1920 2811 2116 2868 derisio

542 2904 607 2956 iis
653 2905 743 2973 qui
782 2905 838 2958 in
881 2907 1108 2959 circuitu
1151 2916 1336 2960 nostro
1368 2914 1512 2958 sunt.
1548 2903 1655 2957 Pro
1687 2904 1781 2958 illo
1811 2912 1992 2959 autem
2016 2944 2030 2969 ,
2062 2906 2115 2959 in

539 3010 815 3062 pomorum
844 2997 1142 3052 custodiam
1164 3037 1179 3060 ,
1211 2997 1443 3067 Aquila,
1473 2997 1529 3050 in
1561 3012 1804 3049 acervum
1834 2994 2071 3062 lapidum
2094 3013 2114 3061 ;

543 3085 906 3156 Symmachus
936 3103 1067 3142 vero
1086 3127 1101 3152 ,
1130 3088 1186 3142 in
1215 3088 1385 3141 saltus
1408 3128 1421 3152 ,
1449 3086 1758 3141 ediderunt.

2221 1900 2317 1953 καὶ
2351 1901 2421 1953 ἐν
2451 1899 2580 1966 ταῖς
2628 1900 2936 1965 πλατείαις
2965 1897 3223 1967 ἐθυμίων
3269 1895 3358 1949 ἐπ’
3388 1896 3598 1959 αὐτούς.
3638 1894 3715 1946 Kal

2221 1993 2293 2046 τὰ
2335 1993 2545 2056 βιϐλία
2586 1992 2691 2045 τοῦ
2731 1990 2975 2061 ψαλμοῦ
3021 1988 3059 2043 ἁ
3088 1984 3271 2058 εὖρον
3294 1987 3715 2055 κατασχίσαντες,

2220 2082 2583 2151 ἐνεπύρισαν
2606 2083 2675 2136 ἐν
2711 2083 2875 2150 πυρί.
2908 2081 3017 2134 Καὶ
3040 2079 3382 2148 ὲπιλέγεταν
3412 2078 3509 2131 Kal
3556 2073 3717 2128 πολλιί

2220 2175 2291 2228 ἐν
2331 2174 2568 2244 Ἰσραὴλ
2591 2173 2997 2242 ὠχυρώθησαν
3014 2173 3085 2226 ἐν
3117 2171 3317 2238 αὐτοῖς
3342 2170 3442 2225 τοῦ
3463 2168 3539 2239 μὴ
3561 2164 3718 2237 φαγεῖν

2222 2265 2413 2320 κοινά.
2455 2266 2567 2320 Καὶ
2593 2264 2964 2329 ἀπεδέξαντο
2995 2263 3338 2329 ἀποθανεῖν,
3373 2264 3467 2315 ἵνα
3499 2261 3572 2329 μὴ
3594 2274 3719 2327 μιαν-

2223 2358 2369 2413 θῶσι
2407 2358 2531 2425 τοῖς
2562 2357 2859 2426 βρώμασι,
2904 2356 3002 2410 καὶ
3034 2356 3354 2411 ἀπέθανον.
3404 2352 3503 2407 Kal
3541 2350 3720 2421 ἐγένετο

2222 2449 2368 2520 ὀργὴ
2402 2450 2635 2520 μεγάλη
2679 2449 2776 2503 ἐπὶ
2809 2449 3047 2518 Ἰσραὴλ
3081 2447 3338 2516 σφόδρα.
3376 2445 3541 2499 Ταῦτα
3574 2443 3618 2494 δὲ
3643 2458 3717 2511 μι-

2223 2544 2373 2612 κροῖς
2414 2540 2636 2611 ὕστερον
2679 2538 2980 2611 ἐπληροῦτο
3018 2538 3227 2609 χρόνοις
3262 2535 3396 2607 μετὰ
3428 2534 3489 2587 τὰ
3521 2530 3719 2599 Ἀσσύρια

2224 2630 2315 2683 καὶ
2346 2628 2586 2699 Μηδικὰ,
2636 2630 2730 2682 καὶ
2782 2628 2921 2699 μετὰ
2962 2628 3030 2681 τὰ
3078 2626 3323 2699 Περσικὰ
3368 2626 3455 2679 καὶ
3499 2620 3614 2694 μετὰ
3649 2621 3720 2689 τὴν

2236 2719 2581 2793 Ἀλεξάνδρου
2632 2720 2727 2774 τοῦ
2773 2721 3077 2784 Μακεδόνος
3135 2720 3409 2790 τελευτήν.
3452 2716 3517 2768 Τό
3555 2731 3607 2783 γε
3644 2711 3719 2781 μὴν

2223 2812 2447 2884 Πνεῦμα
2494 2813 2555 2865 τὸ
2604 2812 2744 2867 θεῖον
2791 2812 2877 2865 διὰ
2929 2812 3024 2865 τοῦ
3082 2810 3218 2882 μετὰ
3274 2813 3453 2881 χεῖρας
3498 2806 3719 2876 προφήτου

2222 2906 2361 2959 αὐτὰ
2394 2906 2456 2978 δὴ
2499 2906 2669 2958 ταῦτα
2703 2904 2949 2967 θεσπίζει
2978 2904 3161 2973 λέγον·
3211 2904 3267 2955 '0
3304 2902 3467 2968 Θεὸς,
3502 2897 3718 2965 simillia-

2223 3011 2343 3048 σαν
2372 2996 2516 3064 ἔθνη
2549 2998 2635 3061 είς
2662 2994 2777 3063 τὴν
2804 2995 3206 3063 κληρονομίαν
3242 3011 3378 3059 σου,
3406 2992 3625 3061 ἐμίαναν
3646 2984 3721 3037 τὸν

2221 3088 2373 3142 ναὸν
2427 3088 2535 3141 τόν
2592 3087 2762 3159 ἅγιόν
2809 3102 2961 3153 σου,
3013 3087 3217 3141 ἔθεντο
3276 3081 3621 3154 Ἰερουσαλὴμ
3661 3076 3720 3139 εἰς

541 3182 1056 3250 ιῖπωροφυλάκιον.
1090 3184 1330 3236 Ἕθεντο
1362 3182 1433 3235 τὰ
1470 3181 1795 3250 θνησιμαῖα
1835 3182 1954 3235 τῶν
2019 3181 2254 3235 δούλων
2285 3198 2403 3236 σου
2430 3181 2639 3251 βρῶμα
2681 3182 2805 3248 τοῖς
2845 3181 3134 3248 πετεινοῖς
3182 3181 3294 3236 τοῦ
3351 3175 3600 3248 οίφανοῦ,
3646 3172 3721 3233 τὰς

541 3273 773 3341 σάρκας
824 3273 941 3325 τῶν
968 3274 1153 3326 ὁσίων
1185 3288 1301 3327 σου
1358 3272 1483 3337 τοῖς
1541 3275 1767 3341 θηρίοις
1828 3273 1939 3342 τῆς
1985 3272 2114 3343 γῆς.
2168 3274 2446 3343 Ἐξέχεαν
2487 3275 2553 3326 τὸ
2586 3268 2727 3342 αἷμα
2755 3274 2953 3327 αὐτῶν
2987 3275 3068 3341 ὡς
3098 3272 3257 3342 ὕδωρ
3319 3273 3509 3335 κύκλῳ
3560 3269 3720 3331 Ἰερουο

540 3365 769 3434 σιιλίιμ,
795 3365 894 3417 καὶ
943 3367 1053 3419 οὐκ
1091 3360 1170 3434 ἦν
1206 3368 1238 3419 ὀ
1285 3364 1541 3420 θάπτων.
1580 3366 1977 3436 Ἐγενήθημεν
2026 3366 2255 3433 ὄνειδος
2300 3367 2424 3433 τοῖς
2459 3368 2723 3438 γείτοσιν
2754 3368 2941 3437 ἡμῶν,
2978 3366 3388 3437 μυκτηρισμός
3422 3363 3509 3417 καί
3554 3363 3719 3430 χλευα-

540 3454 697 3522 σμὸς
741 3455 864 3521 τοῖς
902 3456 1104 3519 κύκλῳ
1148 3457 1337 3525 ἡμῶν.
1392 3458 1541 3510 Ἀντὶ
1587 3459 1644 3512 δὲ
1686 3458 1804 3523 τοῦ,
1848 3461 1934 3524 είς
1984 3459 2498 3531 ὀπωροφυλάκιον,
2559 3461 2587 3513 ό
2631 3461 2729 3532 μὲν
2775 3459 3025 3524 Ἀκύλας,
3073 3460 3162 3525 είς
3216 3451 3630 3527 λιθολογίαν,ῠ
3679 3444 3717 3498 δέ

540 3548 854 3617 Σύμμαχος,
882 3550 967 3613 είς
998 3548 1259 3617 δρυμοὺς
1292 3548 1642 3603 ὲκδεδώκασι.

611 3636 779 3692 Vens.
812 3638 844 3692 5
894 3636 1185 3708 Usquequo,
1207 3637 1445 3705 Domine,
1476 3640 1721 3694 irasceris
1743 3641 1797 3694 in
1817 3641 2007 3710 ﬁnem,
2033 3657 2117 3694 ac-
2144 3643 2190 3704 ο

539 3729 788 3783 cendetur
832 3730 969 3784 velut
1011 3729 1149 3800 ignis
1182 3730 1325 3784 zelus
1357 3739 1477 3785 tuus
1508 3732 1533 3787 Σ)
1566 3729 1798 3786 Videtur
1824 3731 1955 3785 mihi
1987 3746 2113 3802 pro-

540 3822 701 3890 pheta
754 3821 937 3890 Asaph
988 3828 1112 3892 post
1158 3822 1570 3878 accusationem
1620 3822 1836 3878 Judaici
1888 3823 2109 3893 populi,

539 3927 703 3982 quam
741 3912 794 3965 in
827 3911 1153 3983 praacedenti
1184 3912 1456 3975 instituit,
1488 3912 1605 3967 haec
1648 3902 1898 3984 appdsite
1948 3911 2113 3967 indu-

538 4020 702 4065 cere,
749 4019 870 4074 quae
916 4002 1075 4073 quasi
1125 4002 1192 4056 ad
1230 4002 1592 4072 placationem
1638 4015 1690 4059 et
1731 4004 1798 4057 ad
1844 4003 2109 4059 medelam

539 4111 728 4151 eorum
762 4109 882 4164 quae
916 4096 1067 4165 prius
1096 4097 1426 4166 reprehensa
1457 4094 1607 4151 fuere
1632 4095 1929 4165 composita
1960 4102 2109 4151 sunt.

539 4186 807 4240 Reeenset
834 4187 1017 4255 itaque
1046 4187 1197 4240 varia
1226 4188 1418 4241 mortis
1442 4203 1642 4259 genera
1671 4188 1984 4242 Iudaeorum
2016 4188 2111 4258 qui

540 4293 640 4349 pro
688 4278 888 4347 pietate
933 4279 1253 4350 martyrium
1308 4285 1442 4334 tunc
1497 4281 1804 4335 subierunt.
1865 4279 2110 4346 Quorum

539 4369 832 4423 morticina
895 4370 1102 4424 inimici
1153 4369 1249 4426 Dei
1300 4371 1356 4425 in
1405 4386 1563 4426 escas
1623 4372 1937 4428 volatilibus
1982 4370 2111 4426 οωΙὶ

539 4460 846 4525 dederunt,
878 4470 932 4517 et
966 4476 1165 4517 carnes
1210 4469 1530 4517 sanctorum
1566 4461 1657 4517 Dei
1701 4462 1893 4521 bestiis
1929 4469 2108 4517 terrae.

534 4550 854 4624 Opportune
882 4553 1047 4624 igitur
1073 4568 1173 4624 pro
1200 4553 1268 4609 iis
1296 4552 1466 4609 Deum
1501 4554 1681 4624 placat
1712 4592 1726 4617 ,
1760 4568 1823 4608 ac
1855 4554 1899 4608 si
1936 4554 2111 4609 sacri-

538 4642 722 4695 ﬁcium
782 4642 885 4712 ipsi
938 4650 1115 4697 morte
1166 4648 1485 4697 sanctorum
1542 4657 1770 4696 suorum
1822 4641 2105 4697 oll‘eratur.

2291 3639 2445 3703 ’Ἕως
2466 3637 2630 3699 πότε,
2654 3638 2847 3705 Κύριε,
2874 3635 3205 3707 ὀργισθήσῃ
3242 3637 3327 3702 είς
3352 3634 3529 3699 τέλος,
3554 3634 3717 3686 euan-

2219 3726 2461 3795 θήσεται
2479 3728 2559 3792 ὡς
2582 3726 2700 3794 πῦρ
2728 3729 2760 3780 ό
2793 3725 2969 3794 ζῆλός
2990 3740 3141 3790 σου;
3164 3727 3323 3778 Δοκεῖ
3349 3742 3432 3796 μοι
3453 3725 3477 3775 ὁ
3500 3722 3719 3793 προφήτης

2232 3817 2402 3887 Ἀσάφ
2426 3818 2563 3889 μετὰ
2590 3816 2687 3888 τὴν
2716 3818 2809 3871 τοῦ
2845 3817 3108 3873 Ἰουδαίων
3135 3817 3321 3882 ἔθνους
3346 3815 3655 3888 κατηγορίαν,
3673 3811 3721 3879 ἢν

2220 3908 2511 3980 πεποίηται
2543 3908 2601 3962 ἐν
2651 3908 2731 3979 τῷ
2777 3908 2882 3980 πρὸ
2938 3911 3158 3971 τούτου,
3208 3908 3278 3962 τὰ
3334 3907 3630 3980 προκείμενα
3656 3900 3721 3955 καὶ

2218 3998 2524 4063 ἀκολούθως
2579 4000 2829 4069 ἐπάγειν,
2872 4000 3218 4072 ὲξιλεούμενα
3268 4000 3449 4071 ὥσπερ
3484 3998 3567 4051 καὶ
3603 3995 3721 4063 θερα-

2220 4090 2452 4144 πεύοντα
2496 4091 2565 4144 τὰ
2590 4090 2679 4145 διὰ
2725 4090 2834 4144 τῶν
2874 4091 3180 4164 ἔμπροσθεν
3218 4092 3558 4165 ἐληλεγμένα.
3584 4089 3721 4141 Kcm-

2220 4180 2365 4251 λέγει
2394 4182 2524 4251 γοῦν
2559 4183 2685 4247 τοὺς
2714 4183 2852 4255 ὑπὲρ
2894 4184 3171 4248 εὐσεϐείας
3215 4185 3468 4246 θανάτους
3496 4179 3589 4234 τῶν
3625 4173 3720 4244 παρ’

2222 4276 2403 4339 αὐτοῖς
2432 4276 2702 4340 Ἰουδαίοις
2740 4276 3239 4347 μεμαρτυρηκότων
3257 4294 3271 4307 ’
3300 4271 3374 4332 ὧν
3392 4276 3456 4328 τὰ
3485 4270 3721 4345 θνησιμαῐι

2216 4368 2264 4420 οἱ
2292 4367 2475 4440 ἐχθροὶ
2519 4366 2614 4421 τοῦ
2644 4366 2779 4420 Θεοῦ
2827 4366 3006 4420 ἔθεντο
3038 4366 3300 4439 βρώματα
3359 4371 3465 4430 τοῖς
3508 4360 3722 4417 πετεινοῖς

2217 4455 2310 4509 τοῦ
2353 4456 2618 4527 οὐρανοῦ,
2648 4458 2742 4511 καὶ
2773 4456 2870 4520 τὰς
2915 4456 3122 4527 σάρκας
3164 4457 3272 4511 τῶν
3312 4457 3467 4509 ὁσίων
3508 4452 3587 4506 τοῦ
3620 4443 3719 4500 9εοῦ

2217 4549 2329 4611 τοῖς
2361 4546 2567 4618 θηρίοις
2604 4547 2704 4617 τῆς
2736 4547 2857 4617 γῆς.
2898 4548 3181 4619 Εὑκαίρως
3224 4546 3397 4601 τοίνυν
3444 4543 3529 4597 ἐπὶ
3560 4537 3720 4595 τούτοις

2221 4639 2496 4693 ἱλάσκεται
2526 4640 2619 4692 τὸν
2662 4639 2793 4692 Θεὸν
2818 4679 2833 4703 ,
2871 4640 3072 4695 ὡσανεὶ
3098 4639 3286 4704 θυσίας
3328 4635 3469 4708 αὐτῷ
3506 4644 3720 4705 προσενη-

539 4726 902 4801 Quamobrem
943 4734 1057 4789 ait:
1094 4734 1388 4805 Usquequo,
1422 4734 1661 4798 Domine,
1695 4733 1940 4788 irasceris
1970 4735 2021 4788 in
2048 4736 2114 4804 ﬁ—

2218 4732 2483 4803 νεγμένης
2519 4732 2613 4786 τοῦ
2648 4733 2879 4787 θανάτου
2900 4732 3009 4787 τῶν
3057 4732 3218 4787 ὁσίων
3250 4729 3431 4787 αὑτοῦ.
3464 4728 3546 4781 Διὸ
3565 4731 3719 4794 φησιν·

528 4843 653 4879 ηιιεηι
672 4828 697 4880 ?
723 4825 790 4879 ad
822 4826 1066 4894 priorum
1103 4828 1417 4881 memoriam
1446 4840 1757 4881 sermonem
1791 4825 2062 4883 reducens
2084 4868 2098 4891 ,

536 4917 697 4987 queis
750 4916 1084 4971 dicebatur:
1127 4916 1340 4988 thuid,
1404 4917 1569 4979 Deus,
1629 4918 1872 4985 repulisti
1928 4920 1984 4972 in
2036 4921 2105 4989 [i-

536 5021 654 5058 ncm
684 5004 767 5057 "?
794 5003 923 5057 Vult
954 5005 1101 5060 enim
1133 5015 1433 5060 extremam
1464 5007 1610 5060 illam
1644 5007 1830 5076 populi
1882 5008 2097 5061 ruinam

535 5105 590 5149 et
615 5095 973 5164 abjectionem
999 5095 1263 5156 cohiberi,
1282 5104 1336 5151 et
1360 5112 1455 5166 per
1481 5097 1765 5167 sanguinis
1783 5106 2104 5153 sanctorum

537 5202 764 5243 suorum
802 5187 1118 5241 memoriam
1173 5187 1310 5240 iram
1368 5188 1570 5244 sedari.
1622 5186 1928 5260 Utrumque
1975 5205 2105 5244 vero

533 5277 766 5341 dictum,
804 5291 1017 5346 nempe,
1058 5274 1356 5348 Usquequo,
1393 5276 1638 5341 Domine,
1683 5280 1931 5334 irasceris
1962 5281 2017 5333 in
2047 5280 2109 5348 [i-

534 5372 692 5425 nem?
717 5369 936 5440 etquod
961 5368 1230 5438 sequitur,
1269 5368 1593 5423 Exardcscet
1622 5373 1758 5425 sicut
1786 5373 1920 5443 ignis
1958 5372 2103 5427 zelus

2219 4824 2364 4888 Ἕως
2405 4824 2577 4888 πότε,
2614 4824 2825 4892 Κύριε,
2857 4824 3188 4895 ὀργισθήσῃ
3234 4825 3320 4889 είς
3371 4820 3561 4885 τέλος;
3604 4815 3721 4865 Ἀνα-

2215 4912 2447 4983 πέμπων
2483 4914 2573 4968 τὸν
2603 4913 2757 4983 λόγον
2797 4916 2889 4969 ἐπὶ
2926 4914 3024 4987 τὴν
3060 4916 3278 4986 μνήμην
3318 4912 3422 4967 τῶν
3452 4902 3719 4981 ἔμπροσθεν,

2210 5005 2276 5059 δι’
2302 4998 2377 5059 ὧν
2409 5006 2619 5079 εἷρητο’
2663 5007 2854 5072 Ἰνατί,
2900 5009 2933 5060 ὁ
2974 5006 3136 5073 Θεὸς,
3188 5004 3405 5060 ἀπώσω
3443 5004 3523 5066 είς
3557 4996 3721 5055 τέλοςῖ

2212 5095 2465 5151 Βούλεται
2496 5097 2604 5169 γὰρ
2644 5098 2742 5170 τὴν
2786 5100 2865 5163 είς
2910 5098 3059 5162 τέλος
3100 5098 3411 5151 ἀπόπτωσιν
3448 5092 3531 5147 καὶ
3565 5082 3719 5141 ἀποδο·

2213 5188 2310 5260 λὴν
2340 5188 2431 5241 τοῦ
2469 5188 2599 5242 λαοῦ
2638 5189 3009 5260 ἐπισχεθῆναι,
3035 5191 3127 5243 καὶ
3160 5189 3226 5243 τὰ
3253 5188 3351 5258 τῆς
3381 5184 3536 5256 ὀργῆς
3555 5176 3719 5272 παύσε-

2217 5280 2338 5333 σθαι
2365 5278 2451 5332 διὰ
2479 5280 2579 5349 τῆς
2621 5280 2838 5351 μνήμης
2880 5281 2973 5334 τοῦ
3001 5281 3229 5351 αἳματος
3260 5280 3364 5333 τῶν
3399 5276 3546 5329 ὁσίων
3573 5268 3717 5322 αὐτοῦς

2214 5375 2349 5427 Κατ’
2396 5372 2699 5443 ἀμφότερον
2740 5372 2796 5423 δὲ
2832 5373 3039 5448 ἀκούσῃ
3080 5374 3161 5440 τὸ,
3189 5374 3333 5439 Ἕως
3376 5369 3527 5433 πότε,
3562 5360 3716 5426 Κύριε*

608 5553 653 5586 ιε
687 5550 709 5604 ι
746 5551 921 5608 Mach.
956 5551 1125 5618 ι,21.
1203 5552 1247 5584 ιο
1288 5551 1415 5605 ibid.
1454 5550 1544 5605 tt.
1623 5551 1669 5581 ³ο
1710 5552 1960 5624 ibid--51
2010 5551 2105 5635 3‘-

2215 5552 2259 5610 l.
2292 5552 2380 5609 65.
2462 5554 2506 5589 ε²
2546 5555 2691 5611 Psal.
2727 5570 2933 5622 Lum,
2972 5554 3025 5608 1.

602 5707 679 5777 (ι)
710 5706 835 5763 Πωο
856 5709 910 5765 in
933 5707 1119 5765 Bibliis
1142 5707 1362 5778 paulum
1389 5706 1606 5763 diversa
1636 5714 1785 5763 sunt.
