4004 6536
343 410 447 463 9ιό

1467 421 1974 480 COMMENTARIA
2015 425 2083 480 IN
2124 422 2460 480 PSALMOS.

3488 428 3593 482 946

337 526 665 598 ὀργισθήσῃ
694 533 781 595 εἰς
821 531 1026 598 τέλος;
1054 534 1146 586 καὶ
1190 534 1331 587 κατὰ
1360 537 1483 599 τοὺς
1516 539 1641 609 ἑξῆς
1676 539 1894 608 ἐπιλεγο

2033 550 2154 593 tuus
2180 544 2203 596 ?
2229 541 2310 595 sic
2343 539 2653 608 intelligas:
2691 538 2989 609 Quousque
3022 539 3136 594 haec
3166 544 3359 596 erunt?
3388 542 3598 599 Dicitur

339 621 552 691 μένους,
593 620 1057 689 Ἑκκαυθήσεται
1081 624 1161 689 ὡς
1185 624 1304 692 πῦρ
1335 628 1366 678 ὀ
1393 624 1570 693 ζῆλος
1592 644 1745 690 σου;
1777 630 1922 693 Ἕως

336 711 465 764 πότε
496 710 604 782 γὰρ
636 713 729 766 καὶ
754 711 912 766 τοῦτο
936 714 1120 780 ἐσται;
1154 716 1416 771 Λέλεκται
1444 719 1501 772 δὲ
1533 722 1562 774 6
1588 720 1745 791 ζῆλος
1781 721 1922 774 κατὰ

335 802 648 875 παραϐολὴν
686 804 796 857 τῶν
839 806 907 858 δι’
937 807 1243 879 ὑπερϐολὴν
1280 809 1569 874 διαθέσεως
1618 812 1921 882 ζηλούντων

332 893 431 958 τὰς
461 896 667 949 ἑαυτῶν
698 897 961 967 γαμετὰς,
987 900 1034 952 εί
1062 900 1377 971 προσέχοιεν
1399 902 1605 971 ἐτεροις
1629 902 1883 973 ἀνδράσιν
1902 920 1914 932 ·

333 984 476 1039 οὕτω
502 986 630 1055 γοῦν
661 988 756 1041 καὶ
788 989 883 1041 ἐπὶ
920 990 1014 1043 τοῦ
1054 989 1188 1043 Θεοῦ
1242 992 1342 1061 τὴν
1379 991 1658 1065 ἐκδίκησιν
1688 995 1798 1048 τῶν
1823 996 1920 1059 τὰς

335 1078 473 1149 πρὸς
512 1078 673 1131 αὐτὸν
742 1078 1018 1150 συνθήκας
1065 1081 1508 1154 παραϐαινόντων
1554 1083 1715 1157 ζῆλον
1761 1086 1918 1140 εῐωθε

333 1169 516 1222 καλεῖν
568 1171 598 1223 6
645 1168 821 1239 λόγος.
869 1172 1123 1226 ’ἱκετεύει
1167 1174 1346 1229 τοίνυν
1391 1178 1419 1228 6
1464 1177 1755 1250 Προφήτης
1800 1179 1918 1247 ἦτοι

230 1288 235 1291 -
329 1258 389 1324 ἐξ
426 1258 556 1313 ίδίου
588 1260 902 1332 προσώπου,
933 1263 965 1333 ἢ
998 1264 1091 1317 καὶ
1123 1263 1198 1328 ὼς
1237 1267 1301 1318 ἐκ
1328 1266 1436 1319 τῶν
1464 1267 1605 1321 κατὰ
1631 1270 1758 1333 τοὺς
1798 1271 1917 1324 Ἀν-

327 1351 509 1421 τιόχου
559 1352 783 1426 χρόνους
837 1355 1230 1421 διασωθέντων,
1282 1358 1419 1428 μετὰ
1462 1360 1561 1431 τὴν
1614 1362 1919 1434 πρόρρησιν

324 1441 436 1498 τῶν
467 1444 768 1515 μελλόντων
802 1447 1018 1502 ἔσεσθαι
1059 1451 1200 1504 κατὰ
1240 1451 1505 1522 ’Λντίοχον
1541 1453 1633 1508 τὸν
1670 1455 1770 1525 τῆς
1814 1456 1917 1508 Συ-

328 1533 451 1605 ρίας
474 1536 715 1606 βασιλέα,
751 1538 870 1592 καθ’
898 1539 958 1593 ὃν
986 1541 1035 1593 οί
1062 1541 1199 1595 ὅσιοι
1236 1542 1329 1596 τοῦ
1357 1544 1491 1598 Θεοῦ
1527 1545 1618 1598 τὸν
1658 1546 1797 1619 ὑπὲρ
1824 1547 1915 1600 εύ-

326 1627 540 1693 σεϐείας
587 1630 817 1684 Θάνατον
849 1633 1320 1706 ὑπομεμενήκασι,
1363 1636 1673 1691 παύσασθαι
1714 1638 1815 1709 μὲν
1846 1641 1914 1694 τὰ

322 1717 420 1787 τῆς
453 1719 624 1791 ὀργῆς
650 1722 748 1792 τῆς
785 1722 928 1776 κατὰ
956 1724 1051 1778 τοῦ
1090 1726 1243 1791 λαοῦ,
1278 1728 1551 1797 μετελθεῖν
1580 1730 1638 1783 δὲ
1692 1731 1816 1795 τοὺς
1864 1734 1919 1785 ἐ-

323 1806 519 1878 χθροὺς
542 1810 730 1867 αὐτοῦ.
744 1812 833 1865 Διό
859 1831 1043 1885 φησιν’
1074 1818 1323 1887 Ἕκχεον
1345 1818 1460 1887 τὴν
1480 1822 1666 1891 ὀργήν
1685 1839 1800 1879 σου
1820 1825 1918 1879 ἐπὶ

2024 640 2206 687 autem
2238 634 2410 699 zelus,
2436 633 2504 686 ad
2534 634 2847 702 exemplum
2879 648 3068 688 eorum
3102 635 3194 703 qui
3229 635 3410 690 nimiae
3453 640 3600 691 zelo-

2022 725 2184 795 typiae
2212 725 2405 779 aﬂ'ectu
2437 732 2695 780 tenentur
2712 740 2841 795 erga
2862 741 3085 791 uxores,
3110 727 3156 782 si
3188 728 3255 782 ad
3285 729 3422 785 alios
3450 731 3601 787 viros

2023 817 2319 883 accedant;
2357 818 2439 871 sic
2470 817 2617 871 enim
2646 825 2700 870 et
2732 816 2787 870 in
2814 817 2925 872 Deo
2957 819 3221 874 ultionem
3278 836 3468 875 eorum
3503 822 3597 892 qui

2024 916 2180 979 pacta
2207 925 2331 964 cum
2363 924 2431 965 eo
2466 911 2603 963 inita
2637 912 2967 982 transgressi
3024 922 3177 972 sunt.
3216 914 3393 967 zelum
3450 914 3600 969 Scri-

2022 1009 2181 1070 ptura
2204 1002 2344 1056 solet
2375 1001 2670 1072 appellare.
2700 1001 2987 1073 Supplicat
3004 1019 3136 1074 ergo
3161 1004 3457 1075 Propheta,
3481 1008 3599 1061 sive

2020 1108 2084 1147 ex
2116 1094 2334 1163 propria
2368 1109 2622 1164 persona,
2642 1093 2759 1149 sive
2782 1109 2970 1149 eorum
2999 1096 3219 1151 nomine
3236 1096 3329 1165 qui
3352 1104 3600 1166 tempore

2022 1182 2279 1237 Antiochi
2312 1184 2448 1238 salvi
2484 1184 2615 1238 lacti
2637 1191 2789 1247 sunt,
2825 1194 2949 1253 post
2976 1184 3386 1255 praedictionem
3405 1201 3598 1241 eorum

2020 1291 2140 1346 quae
2168 1283 2413 1347 tempore
2446 1277 2703 1332 Antiochi
2736 1276 2908 1348 Syria:
2944 1278 3091 1348 regis
3122 1286 3385 1332 eventura
3414 1289 3594 1343 erant,

2020 1367 2243 1437 quando
2266 1368 2442 1421 sancti
2476 1365 2568 1422 Dei
2608 1382 2706 1437 pro
2735 1368 2938 1437 pietate
2973 1376 3207 1422 mortem
3240 1367 3495 1429 subiere,
3537 1376 3597 1423 ut

2020 1467 2199 1515 cesset
2252 1459 2333 1513 ira
2398 1460 2602 1529 p0pulo
2656 1458 2927 1523 immissa,
2964 1468 3018 1514 et
3072 1458 3293 1513 invadat
3346 1460 3600 1515 inimicos

2018 1546 2160 1616 ejus.
2193 1546 2559 1613 Quamobrem
2583 1549 2659 1603 ait
2691 1567 2703 1603 :
2737 1547 2992 1605 --VEns.
3029 1549 3084 1611 6,
3115 1549 3164 1604 7.
3202 1547 3429 1617 E/funde
3458 1551 3597 1604 iram

2022 1649 2169 1693 tuam
2197 1640 2251 1693 in
2272 1651 2447 1710 gentes
2479 1658 2596 1710 qua:
2619 1651 2669 1694 te
2695 1658 2799 1695 non
2834 1652 3112 1704 noverunt,
3135 1651 3183 1696 et
3214 1643 3266 1695 in
3293 1659 3453 1713 regna
3480 1658 3597 1713 qum

2020 1749 2208 1786 nomen
2268 1742 2414 1785 tuum
2465 1750 2570 1787 non
2626 1734 3014 1789 invocaverunt.
3073 1734 3212 1800 Quia
3262 1734 3629 1791 comederunt.

2018 1823 2208 1886 Jacob,
2244 1834 2293 1878 et
2316 1824 2488 1878 locum
2518 1826 2631 1895 ejus
2688 1825 3077 1882 desolaverunt.
3110 1828 3428 1897 Opportune
3479 1829 3598 1883 exi-

323 1898 395 1991 τα
426 1900 570 1991 ἔθνη
604 1902 676 1955 τὰ
699 1902 786 1971 μὴ
818 1904 1189 1973 γινώσκοντα
1215 1923 1309 1972 σε,
1341 1911 1439 1964 καὶ
1472 1913 1572 1965 ἐπὶ
1591 1915 1900 1983 βασιλείας

2016 1916 2180 1971 stimo
2207 1917 2299 1971 hic
2357 1916 2545 1972 Jacobi
2601 1918 2937 1973 mentionem
2995 1920 3134 1985 ﬁeri,
3168 1920 3238 1974 ob
3272 1921 3595 1991 religionem

319 1988 384 2043 ατ
428 1990 493 2043 τὸ
543 1991 729 2060 ὄνομὰ
766 2009 883 2048 σου
922 1997 1033 2048 οὐκ
1068 1997 1539 2058 ἐπεκαλέσαντο.
1584 2004 1703 2058 Ὅτι
1748 2005 1915 2059 κατέ-

320 2097 516 2149 φαγον
553 2084 661 2136 τὸν
698 2083 915 2151 Ἰακὼϐ,
948 2088 1048 2141 καὶ
1088 2089 1197 2143 τὸν
1234 2093 1421 2146 τόπον
1452 2096 1639 2150 αὐτοῦ
1682 2096 1914 2166 ἠρήμω-

318 2186 462 2225 σαν.
497 2175 653 2229 Κατὰ
698 2177 888 2247 καιρόν
936 2179 992 2231 δὲ
1039 2182 1096 2234 ἐν
1138 2183 1349 2248 τούτοις
1385 2185 1480 2239 τοῦ
1527 2187 1722 2241 Ἰακὼϐ
1757 2185 1911 2260 οἶμαι

318 2265 647 2336 πεποιῆσθαι
676 2268 774 2339 τὴν
809 2271 1028 2342 μνήμην
1052 2273 1152 2344 τῆς
1177 2275 1271 2328 τοῦ
1302 2276 1532 2330 παλαιοῦ
1566 2281 1911 2352 προπάτορος

317 2354 629 2422 θεοσεϐείας
671 2360 850 2413 ἕνεκα.
890 2363 976 2426 Ὠς
1009 2365 1119 2436 γὰρ
1164 2367 1597 2440 ὑπομιμνήσκων
1645 2372 1735 2426 τὸν
1778 2374 1909 2427 Θεὸν

315 2444 412 2498 τοῦ
452 2446 730 2517 θεοφιλοῦς
758 2453 951 2525 ἀνδρὸς
982 2457 1076 2508 καὶ
1107 2458 1205 2527 τῆς
1235 2460 1443 2515 ἐκείνου
1476 2462 1695 2535 ἀρετῆς,
1735 2465 1908 2520 δυσω-

320 2539 414 2590 πεῖ
457 2538 546 2593 διά
597 2542 695 2613 τῆς
744 2544 953 2599 ἐκείνου
990 2549 1230 2619 μνήμης,
1280 2552 1374 2603 καὶ
1428 2553 1661 2608 ίλεοῦται
1702 2556 1771 2609 τά
1802 2575 1908 2611 πα-

320 2629 495 2700 ρόντα.
543 2633 629 2687 Ἐν
657 2636 754 2704 μὲν
796 2637 874 2707 τῷ
911 2640 1017 2709 πρὸ
1060 2641 1252 2695 τούτου
1291 2644 1512 2717 ψαλμῷ,
1545 2650 1781 2720 ὁπηνίκα
1808 2651 1903 2705 τοῦ

327 2720 521 2794 Ἰωσὴφ
553 2726 957 2797 ἐμνημόνευεν,
996 2734 1058 2785 ού
1107 2734 1197 2787 τὸν
1242 2736 1460 2807 Ἰωσὴφ,
1490 2737 1626 2793 ἀλλὰ
1665 2741 1725 2794 τὸ
1773 2744 1904 2814 σκή-

313 2828 474 2881 νωμα
504 2814 669 2868 αὐτοῦ
700 2818 1100 2894 ἀποϐεϐλῆσθαι
1134 2824 1284 2894 ἔλεγε
1330 2826 1415 2881 διὰ
1444 2829 1535 2883 τοῦ
1557 2848 1570 2860 ·
1600 2832 1710 2885 Καὶ
1742 2834 1901 2887 ἀπώσ-

312 2916 466 2957 σατο
495 2906 561 2957 τό
588 2907 878 2980 σκήνωμα
905 2914 1149 2984 Ἰωσὴφ,
1174 2917 1270 2970 καὶ
1302 2919 1416 2987 τὴν
1433 2924 1640 2991 φυλὴν
1663 2926 1903 2995 Ἐφραῒμ

312 2997 425 3089 οῦκ
464 2997 805 3089 ἐξελέξατο,
839 3003 933 3056 τοῦ
978 3005 1135 3076 λόγου
1189 3010 1544 3080 σημαίνοντος
1578 3015 1671 3068 τὸν
1706 3018 1762 3070 ἐν
1801 3019 1903 3089 Ση-

313 3084 435 3181 λὼμ
482 3088 677 3181 τόπον·
716 3093 943 3165 ἐπείπερ
993 3097 1050 3149 ἐν
1103 3098 1287 3170 κλήρῳ
1330 3102 1430 3173 τῆς
1476 3105 1651 3174 φυλῆς
1708 3084 1902 3181 Ἰωσὴφ

313 3174 491 3269 ἔκειτο
504 3180 553 3269 *ὴ
586 3180 785 3253 Σηλώμ
804 3200 817 3215 ·
847 3186 905 3237 ἐν
938 3187 1146 3253 τούτοις
1173 3191 1230 3244 δὲ
1261 3193 1354 3245 τοῦ
1402 3195 1595 3248 Ἰακὼϐ
1627 3174 1899 3269 μέμνηται

2015 2006 2180 2076 prisci
2216 2008 2361 2062 illius
2396 2009 2559 2063 atavi.
2609 2007 2744 2062 Nam
2788 2010 2949 2081 talem
2984 2011 3162 2065 virum
3193 2009 3305 2066 Deo
3334 2012 3594 2066 dilectum

2012 2100 2244 2169 ejusque
2268 2099 2528 2154 virtutem
2572 2100 2676 2169 ipsi
2732 2098 2845 2155 Deo
2880 2116 3344 2167 commemorans,
3376 2102 3594 2158 videtur

2011 2190 2134 2261 ejus
2162 2191 2438 2246 mentione
2470 2190 2611 2245 facta
2643 2192 2823 2260 ipsum
2855 2192 3165 2262 deprecari,
3185 2203 3239 2247 et
3264 2194 3317 2247 in
3335 2195 3590 2263 praesenti

2011 2298 2143 2340 casu
2199 2285 2496 2355 pr0pitium
2562 2283 2813 2340 reddere.
2869 2284 2926 2339 ln
2981 2285 3314 2356 praecedenti
3368 2286 3589 2357 quidem

2010 2376 2244 2444 psalmo,
2282 2376 2505 2445 quando
2539 2375 2839 2445 Josephum
2869 2380 3217 2444 memoravit,
3248 2396 3358 2434 non
3410 2381 3589 2450 ipsum

2007 2466 2328 2537 Josephum,
2354 2469 2452 2523 sed
2482 2468 2902 2524 tabernaculum
2932 2470 3053 2539 ejus
3103 2473 3385 2542 repulsum
3419 2472 3591 2527 fuisse

2007 2560 2147 2614 dixit
2179 2560 2266 2614 his
2296 2561 2481 2616 verbis
2513 2581 2529 2616 :
2576 2560 2644 2614 Et
2681 2562 2871 2630 repulit
2918 2562 3316 2617 tabernaculum
3365 2563 3582 2633 Joseplt,

2006 2661 2054 2704 et
2093 2651 2287 2705 tribum
2320 2651 2576 2721 Ephraim
2607 2671 2709 2708 non
2758 2654 2911 2725 elegit
2946 2655 3017 2720 ⁸³,
3062 2656 3261 2724 bisque
3309 2656 3587 2726 signiﬁcat

2008 2744 2185 2798 locum
2222 2744 2375 2798 illum
2408 2745 2464 2798 in
2512 2744 2626 2798 Silo
2657 2745 2863 2812 situm;
2896 2746 3025 2817 quia
3074 2748 3127 2800 in
3182 2748 3327 2802 tribu
3384 2746 3587 2820 Joseph

2009 2834 2120 2889 Silo
2146 2837 2385 2905 jacebat.
2420 2836 2520 2890 Hic
2550 2852 2681 2892 vero
2711 2836 2976 2892 Jacobum
3010 2839 3260 2893 meminit
3294 2847 3350 2892 et
3399 2840 3579 2893 locum

2005 2924 2127 2992 ejus
2159 2943 2173 2978 :
2209 2941 2305 2994 per
2334 2924 2624 2991 Jucobum,
2647 2927 2885 2997 religiosi
2921 2927 3070 2982 illius
3095 2928 3194 2981 viri
3221 2938 3468 2998 posteros
3496 2929 3580 2983 in-

2002 3018 2226 3083 dicans;
2258 3033 2352 3088 per
2379 3019 2556 3073 locum
2580 3035 2711 3074 vero
2730 3019 2873 3089 ejus,
2906 3019 3370 3091 Hierosolymam,
3415 3037 3581 3091 quam

2005 3110 2058 3163 in
2092 3111 2443 3166 solitudinem
2474 3113 2608 3165 verti
2642 3119 2889 3182 tempore
2910 3114 3168 3167 Antiochi
3190 3115 3439 3184 contigit.
3468 3116 3583 3171 Sub

2006 3202 2119 3256 haec
2150 3202 2335 3271 adjicit
2370 3221 2383 3257 :
2411 3233 2478 3241 —
2513 3202 2677 3259 Vens.
2712 3203 2770 3257 8.
2801 3203 2881 3259 Ne
2908 3205 3205 3259 memineris
3234 3206 3577 3276 iniquitatum

311 3266 409 3318 καὶ
434 3267 529 3319 τοῦ
561 3270 728 3322 τόπου
778 3273 971 3327 αὐτοῦ’
1007 3275 1091 3331 διὰ
1128 3280 1227 3349 μὲν
1263 3282 1358 3335 τοῦ
1400 3285 1591 3337 Ἰακὼϐ
1613 3266 1739 3351 τοὺς

2005 3301 2310 3346 nostrarum
2355 3294 2718 3363 antiquarunt.
2766 3294 2873 3349 Eos
2920 3294 3013 3365 qui
3050 3311 3150 3366 pro
3190 3296 3439 3367 pristinis
3470 3299 3580 3354 illis

310 3355 499 3424 γόνους
540 3358 635 3412 τοῦ
673 3360 949 3431 θεοφιλοῦς
1002 3369 1192 3441 ἀνδρὸς
1231 3372 1427 3444 δηλῶν,
1462 3376 1549 3430 διὰ
1586 3378 1644 3431 δὲ
1684 3379 1775 3433 τοῦ
1804 3382 1895 3435 τό-

441 3451 605 3506 αὐτοῦ
637 3455 735 3525 τὴν
768 3456 1120 3532 Ἰερουσαλὴμ
1148 3465 1450 3535 σημαίνων,
1474 3469 1540 3539 ἢν
1582 3471 1663 3534 είς
1694 3471 1900 3544 ἔρημον

308 3542 485 3599 ἐλθεῖν
510 3546 651 3600 κατὰ
674 3551 798 3612 τοὺς
841 3550 1108 3623 Ἀντιόχου
1139 3557 1337 3627 συνέϐη
1363 3561 1605 3630 χρόνους.
1632 3542 1745 3616 Εἶθ’

305 3637 577 3707 ἐπιλέγει·
628 3640 726 3707 Μὴ
774 3645 1055 3712 μνησθῇς
1098 3647 1269 3715 ἡμῶν
1311 3652 1572 3718 ἀνομιῶν
1612 3654 1892 3723 ἀρχαίων.

305 3728 372 3818 Ql
403 3729 454 3818 δῖ
488 3730 628 3802 ὑπὲρ
675 3733 915 3804 ἀρχαίων
961 3738 1373 3810 ἁμαρτημάτων
1417 3744 1696 3815 εὐχόμενοι
1746 3747 1892 3818 δῆλοι

304 3817 374 3874 ἂν
411 3816 521 3873 εἷεν
560 3822 634 3894 μή
679 3827 962 3898 νεωτέροις
1006 3831 1313 3901 ἐνεχόμενοι
1354 3835 1704 3907 πταίσμασιν.
1754 3816 1895 3892 ’Ᾱντὶ

303 3907 364 3962 δὲ
394 3911 511 3978 τοῦ,
543 3913 699 3980 Ταχὺ
736 3920 1353 3983 προκαταὶαϐέτωσαν
1384 3924 1542 3993 ἡμᾶς
1581 3930 1635 3981 ol
1680 3932 1895 3998 οἰκτιρ-

303 4001 404 4072 μοί
430 4018 572 4069 σου,
606 4005 697 4059 ὅτι
728 4007 1192 4080 ἐπτωχεύσαμεν
1219 4014 1474 4082 σφόδρα,
1502 4019 1530 4069 ό
1563 4018 1889 4090 Σύμμαχος,

308 4094 600 4163 Τάχυνον,
628 4102 1123 4166 προκαταλαϐέτω
1156 4105 1314 4174 ἡμᾶς
1343 4109 1415 4161 τὰ
1455 4108 1594 4177 ἐλέη
1626 4127 1763 4171 σου.
1802 4113 1890 4167 ὅτι

302 4187 686 4280 ἡτονήσαμεν
712 4195 966 4263 σφόδρα,
997 4199 1360 4269 ήρμήνευσεν.
1388 4203 1598 4275 ’Ὠσπερ
1635 4206 1690 4259 δέ
1724 4207 1890 4280 ἀθλη-

2002 3387 2245 3454 peccatis
2300 3387 2633 3456 supplicant,
2680 3389 2861 3457 palam
2902 3397 2986 3445 est
3029 3404 3138 3443 non
3174 3406 3298 3446 esse
3352 3390 3580 3461 nuperis

1999 3477 2211 3534 delictis
2254 3478 2545 3534 obnoxios.
2598 3479 2704 3535 Pro
2742 3480 2834 3535 illo
2863 3490 3045 3537 autem
3079 3521 3095 3548 ,
3135 3481 3255 3537 Cito
3295 3485 3580 3552 anticipent

2000 3586 2093 3623 nos
2142 3570 2522 3625 misericordia:
2579 3580 2705 3637 tute,
2746 3572 2874 3640 quia
2907 3588 3161 3642 pauperes
3212 3574 3344 3643 [acti
3394 3591 3579 3630 sumus

1998 3661 2154 3714 nimis
2174 3700 2189 3724 ,
2228 3662 2615 3732 Symmachus,
2642 3661 2912 3727 Accelera,
2935 3666 3257 3731 prwveniant
3293 3683 3387 3719 nos
3424 3667 3579 3719 mise-

1999 3749 2247 3803 ricordia:
2274 3759 2400 3814 tua',
2434 3752 2560 3820 quia
2596 3752 2859 3820 infirmati
2888 3769 3072 3807 sumus
3102 3754 3274 3818 valde,
3308 3755 3575 3824 interpre-

1997 3845 2145 3893 tatus
2177 3847 2281 3892 cst.
2317 3839 2788 3905 Quemadmodum
2819 3841 2964 3894 enim
2997 3843 3203 3898 athleta
3253 3844 3348 3913 qui
3406 3844 3575 3897 multa

1996 3930 2166 3983 subiit
2199 3931 2522 3995 certamina,
2565 3940 2617 3986 et
2674 3947 2886 4003 pugnas
2935 3934 3139 3990 multas
3186 3935 3477 3999 sustinuit,
3518 3936 3576 3989 in

1995 4021 2371 4076 sollicitudine
2399 4021 2565 4092 degit,
2603 4039 2671 4077 ne
2698 4023 2932 4079 debilior
2978 4023 3158 4080 factus
3210 4026 3465 4093 labatur;
3501 4028 3573 4081 ita

1996 4110 2049 4163 hi
2089 4125 2307 4179 quoque
2364 4119 2661 4179 precantur
2717 4128 2776 4167 se
2826 4114 3141 4182 praemuniri
3201 4121 3255 4169 et
3307 4115 3572 4170 auxilium

1992 4204 2281 4273 consequi.
2314 4202 2494 4269 Quare
2526 4205 2680 4258 aiunt
2709 4222 2725 4261 :
2758 4204 2879 4259 Cito
2912 4206 3201 4276 anticipent
3235 4225 3330 4262 nos
3362 4210 3573 4262 miseri-

299 4278 421 4348 τὴς,
453 4281 680 4347 πολλοὺς
714 4285 953 4351 ὑποστὰς
979 4289 1193 4357 ἀγῶνας
1237 4294 1331 4344 καὶ
1363 4294 1557 4358 ἄθλους
1590 4278 1887 4368 ὑπομείνας

2004 4295 2187 4347 :ordia:
2242 4304 2366 4357 tum,
2421 4312 2547 4363 quia
2590 4310 2848 4364 pauperes
2902 4296 3035 4364 facti
3081 4314 3263 4351 sumus
3292 4300 3470 4353 nimis.
3499 4328 3568 4338 —-

299 4370 530 4463 πολλοὺς
572 4374 631 4427 ἐν
671 4379 908 4447 φροντίδι
955 4380 1277 4453 καθέστηκε,
1320 4387 1394 4456 μή
1442 4404 1517 4458 πη
1564 4389 1889 4463 ἐξατονήσας

2004 4383 2158 4441 Vens.
2196 4385 2247 4440 9.
2294 4385 2507 4455 Adjuva
2536 4403 2655 4452 nos,
2687 4386 2825 4440 Deus
2854 4390 3090 4443 salvator
3122 4399 3319 4454 noster,
3353 4401 3567 4460 propter

299 4460 443 4533 πέσῃ
463 4478 476 4491 ο
509 4463 609 4516 τὸν
634 4466 794 4520 αὐτὴν
817 4470 1017 4539 τρόπον
1056 4472 1149 4525 καὶ
1179 4474 1287 4527 οἵδε
1352 4476 1651 4533 ἱκετεύουσι
1678 4460 1886 4551 προκα-

2004 4478 2218 4545 7loriam
2247 4477 2476 4531 nominis
2511 4477 2588 4529 tui
2615 4492 2635 4540 ;
2662 4475 2906 4542 Domine,
2945 4479 3109 4532 libera
3140 4496 3256 4539 nos,
3307 4489 3355 4532 et
3387 4481 3570 4546 propi-

295 4551 636 4624 ταληφθῆναι
687 4560 781 4611 καὶ
828 4559 1079 4630 βοηθείας
1124 4568 1324 4635 τυχεῖν.
1376 4568 1466 4621 Διό
1509 4587 1672 4639 φασι·
1728 4572 1884 4641 Ταχὺ

2004 4569 2097 4621 tius
2127 4576 2239 4621 esto
2267 4568 2496 4637 peccatis
2530 4568 2730 4620 nostris
2761 4577 2976 4635 propter
3008 4585 3195 4622 nomen
3239 4578 3407 4623 tuum.
3442 4568 3569 4623 llaec

296 4649 912 4713 προκαταλαϐἐτωσιιν
958 4654 1117 4723 ἡμᾶς
1166 4661 1221 4711 οἱ
1281 4661 1569 4729 οἰκτιρμοί
1619 4680 1757 4726 σου.
1792 4666 1881 4719 ὅτι

2004 4658 2259 4727 Propheta
2299 4674 2367 4713 ex
2396 4673 2630 4727 persona
2671 4672 2860 4711 eorum
2894 4659 2985 4727 qui
3025 4665 3268 4727 tempore
3314 4659 3567 4714 Antiochi

293 4734 757 4807 ἐπτωχεύσαμεν
784 4744 1036 4812 σφόδραι
1076 4748 1389 4818 Βοήθησον
1414 4754 1578 4823 ἡμῖν,
1610 4759 1643 4810 ό
1672 4757 1818 4824 Θεὸς
1850 4762 1900 4813 ὁ·

2004 4750 2136 4820 regis
2190 4748 2555 4814 vexabantur,
2601 4747 2952 4818 pronuntiat;
3007 4750 3311 4803 orationem
3372 4749 3438 4804 iis
3474 4751 3569 4820 qui

295 4828 499 4897 σωτὴρ
549 4832 736 4901 ἡμῷν,
792 4835 1001 4890 ἕνεκεν
1046 4838 1154 4907 τῆς
1202 4842 1388 4911 δοξῆς
1433 4847 1539 4901 τοῦ
1588 4849 1881 4919 ὀνόματός

292 4936 413 4974 σου
437 4940 450 4951 ’
482 4924 679 4991 Κύριε,
703 4927 886 4993 ῥῦσαι
910 4929 1084 4998 ἡμᾶς,
1117 4934 1217 4987 καὶ
1242 4936 1517 5007 uecente
1538 4941 1666 5007 ταῖς
1693 4945 1879 5011 ἀμαρ-

295 5014 450 5079 τίαις
492 5015 660 5083 ἡμῶν
701 5018 910 5074 ἕνεκεν
941 5023 1047 5077 τοῦ
1086 5026 1374 5094 ὀνόματός
1396 5044 1533 5084 σου.
1568 5035 1678 5087 Καὶ
1707 5036 1879 5090 ταῦτα

292 5104 322 5154 6
361 5104 652 5175 Προφήτης
676 5108 740 5161 ἐκ
769 5109 1063 5180 προσώπου
1108 5114 1217 5166 τῶν
1250 5116 1389 5169 κατὰ
1430 5120 1696 5190 Ἀντίοχον
1732 5123 1884 5191 βασι-

416 5192 788 5266 δεδιωγμένων
814 5201 1145 5272 προφέρεται
1171 5220 1184 5234 ⁸
1217 5209 1569 5277 προφητικῶς
1596 5211 1696 5282 τήν
1722 5190 1885 5285 εὐχήν

288 5284 382 5339 διὰ
411 5286 510 5356 τῆς
543 5288 762 5359 γραφῆς
792 5294 904 5355 τοῖς
929 5294 1180 5363 μέλλουσι
1209 5296 1499 5352 διώκεσθαι
1539 5284 1872 5373 καταλιπὼν,

287 5376 368 5439 ὼς
412 5375 480 5429 ἂν
518 5377 689 5447 ἐχοιεν
727 5380 786 5447 ἐξ
837 5383 1054 5453 ἑτοίμου
1096 5386 1314 5453 εἰδέναι,
1362 5390 1564 5454 ὁποίοις
1611 5396 1874 5465 προσήκει

289 5468 591 5539 κεχρῆσθαι
634 5469 829 5535 αὐτοὺς
867 5472 1045 5542 λόγοις
1084 5477 1140 5529 ἐν
1185 5480 1304 5542 ταῖς
1334 5480 1467 5551 πρὸς
1496 5480 1587 5534 τὸν
1620 5482 1755 5537 Θεὸν
1783 5486 1874 5537 εύ-

294 5561 432 5627 ζαίς.
466 5559 542 5611 Ού
591 5560 697 5631 μὴν
738 5562 818 5625 είς
861 5564 1102 5631 ἐκείνους
1156 5568 1349 5638 μόνους
1385 5571 1598 5626 ἵσταται
1629 5574 1696 5628 τὰ
1724 5574 1877 5645 λεγό-

296 5666 473 5720 μεναο-
518 5651 778 5723 ἁρμόσειε
824 5656 882 5709 δὲ
938 5659 1028 5712 καὶ
1075 5662 1207 5714 πᾶσι
1257 5666 1370 5728 τοῖς
1400 5663 1471 5717 τὰ
1517 5667 1871 5739 παραπλήσια

297 5740 581 5795 1πεττῖονίΜΒσι
604 5782 619 5808 ,
648 5744 769 5797 ἐπεὶ
794 5748 884 5800 καὶ
916 5750 972 5801 ἐν
1001 5756 1108 5816 τοῖς
1137 5755 1256 5807 καθ’
1286 5757 1427 5827 ἡμᾶς
1459 5757 1732 5829 διωγμοῖς,
1773 5779 1870 5831 μυ-

362 5898 406 5927 ⁸³
448 5898 592 5953 l‘sal.
628 5915 807 5956 [μνη
839 5945 849 5966 ,
886 5908 973 5963 (5'1.

1991 4842 2430 4913 persecutionem
2471 4844 2688 4912 passuri
2737 4851 2894 4896 erant
2951 4843 3213 4912 scriptam
3252 4844 3569 4913 prophetico

1989 4934 2340 5004 relinquens,
2399 4944 2459 4987 ut
2512 4934 2567 4987 in
2630 4946 2884 5005 promptu
2932 4950 3269 5005 cognoscere
3316 4945 3563 5005 possent,

1989 5026 2190 5096 quibus
2218 5026 2295 5079 uti
2331 5024 2515 5081 verbis
2550 5025 2604 5079 in
2659 5027 2777 5082 suis
2824 5026 2893 5081 ad
2934 5026 3103 5082 Deum
3135 5028 3392 5097 precibus
3424 5045 3565 5099 opus

1987 5125 2154 5172 esset.
2186 5115 2375 5187 Neque
2409 5117 2480 5172 iis
2508 5117 2685 5172 solum
2724 5118 2839 5174 base
2866 5119 3066 5173 tradita
3105 5128 3269 5186 sunt;
3306 5121 3565 5175 omnibus

1982 5209 2187 5277 quippe
2210 5208 2413 5263 similia
2437 5210 2775 5278 patientibus
2813 5219 3152 5280 competunt,
3188 5212 3316 5280 quia
3356 5211 3408 5263 in
3441 5226 3569 5279 per-

1984 5302 2361 5358 secutionibus
2378 5318 2499 5373 qute
2532 5312 2718 5359 nostra
2746 5313 2904 5358 mtate
2922 5305 3295 5370 contigerunt,
3318 5304 3561 5359 sexcenti

1983 5409 2148 5465 supra
2181 5395 2466 5451 recensitis
2501 5396 2699 5450 similia
2732 5404 2861 5451 sunt
2893 5396 3162 5465 perpessi,
3217 5396 3311 5464 qui
3358 5409 3565 5463 oppor-

1982 5493 2114 5540 tune
2145 5488 2335 5556 utique
2357 5487 2560 5542 talibus
2590 5487 2754 5543 dictis
2786 5488 2873 5541 usi
2904 5487 3132 5552 fuerint,
3170 5486 3329 5555 queis
3376 5485 3443 5538 ad
3481 5486 3554 5538 ita

1982 5578 2312 5647 loquendum
2355 5579 2742 5634 instituimur:
2794 5579 3017 5647 Propter
3045 5579 3272 5648 gloriam
3312 5578 3557 5632 nominis

1982 5669 2079 5732 tui,
2112 5668 2357 5733 Domine,
2404 5668 2570 5723 libera
2616 5686 2728 5723 nos.
2762 5668 2993 5723 Etiamsi
3033 5669 3177 5723 enim
3212 5685 3313 5724 nos
3344 5669 3557 5725 auxilio

1982 5762 2127 5834 digni
2158 5780 2270 5819 non
2316 5762 2521 5830 simus,
2556 5771 2608 5818 at
2658 5776 2855 5818 nomen
2910 5763 3099 5832 gloria:
3150 5769 3256 5817 tum
3303 5777 3372 5818 ne
3412 5763 3555 5833 apud
