4004 6534
336 426 440 482 919

1467 423 1975 483 COMMENTARIA
2013 426 2080 482 IN
2119 425 2458 484 PSALMOS.

3489 435 3594 492 930

331 541 601 610 σώματος
645 541 752 596 τοῦ
798 541 1058 597 θανάτου
1097 543 1344 607 τούτου;
1392 543 1634 596 Τοιοῦτοι
1676 541 1733 596 δὲ
1780 537 1906 613 ἧσαη

2027 552 2122 596 tuo
2163 542 2387 612 gemitus
2428 539 2860 608 compeditorum.
2893 540 3128 608 Quinam
3167 557 3332 614 porro
3359 545 3470 601 sint
3498 550 3593 617 qui

330 633 421 684 xui
456 631 504 684 oi
528 630 622 683 τοῦ
657 631 791 686 Θεοῦ
821 633 1114 704 προφῆται,
1148 632 1240 685 καὶ
1268 633 1469 696 πάντες
1497 634 1546 686 oi
1582 633 1656 704 μὴ
1685 632 1919 702 καθηδυ-

2026 634 2095 688 ad
2131 633 2246 687 haec
2281 633 2512 688 dicenda
2553 632 2783 688 instituti
2819 642 2948 688 sunt
2981 632 3086 689 sub
3139 634 3255 690 haec
3303 637 3476 706 aperit
3508 638 3594 694 his

329 719 624 786 παθοῦντες
657 723 715 775 ἑν
747 724 859 785 τοῖς
899 724 1102 778 ἑαυτῶν
1136 723 1348 795 σώμασι
1371 764 1386 788 ,
1433 725 1568 796 μηδὲ
1604 727 1782 797 τρυφῇ
1825 725 1906 778 xui

2025 722 2249 778 verbis:
2288 721 2633 776 Patrocinare
2661 722 2790 792 [iiiis
2826 724 3140 778 occisorum.
3170 725 3281 780 Nos
3313 727 3588 796 siquidem

325 812 485 886 ἡδονῇ
520 813 898 884 σχολάζοντες·
952 815 1256 886 τοῦμπαλιν
1302 817 1359 870 δὲ
1401 816 1680 882 πιέζοντες
1707 817 1906 870 ἑαυτῶν

2022 829 2131 867 non
2162 813 2309 884 digni
2341 813 2511 868 habiti
2534 829 2726 869 sumus
2752 814 2846 884 qui
2871 813 2938 868 ad
2966 824 3194 870 mortem
3221 831 3395 886 usque
3414 827 3594 872 certa-

323 906 421 978 τὴν
455 904 598 978 ζωὴν
629 907 866 972 ἀσιτίαις
905 909 1000 962 καὶ
1042 909 1224 972 πόνοις
1251 911 1344 962 xui
1374 913 1493 973 ταῖς
1523 909 1710 974 ἄλλαις
1735 911 1911 979 ἀσκη-

323 1000 500 1061 τικαῖς
527 999 946 1063 κακοπαθείαις·
978 1001 1027 1053 οἳ
1058 1001 1152 1054 καὶ
1183 1002 1280 1071 οὐχ
1315 1000 1456 1073 ὑπὲρ
1489 1002 1695 1056 ἑαυτῶν
1727 1003 1906 1073 μόνον,

322 1089 456 1144 ἀλλὰ
497 1091 592 1143 καὶ
639 1091 777 1162 ὑπὲρ
819 1090 914 1144 τοῦ
959 1091 1158 1154 παντὸς
1180 1091 1310 1144 λαοῦ
1351 1094 1417 1146 ἐκ
1458 1093 1654 1165 βάθους
1686 1093 1911 1165 καρδίας

325 1179 460 1250 πρὸς
487 1179 578 1234 τὸν
602 1179 732 1232 Θεὸν
757 1179 990 1234 ἔστενον.
1026 1180 1117 1233 Διὸ
1137 1179 1412 1233 λέλεκται·
1450 1182 1784 1236 Είσελθέτω
1811 1180 1908 1233 ἐν-

2019 919 2226 967 remus,
2272 918 2336 958 ac
2380 919 2479 974 pro
2531 903 2641 958 Deo
2685 905 3011 974 sanguinem
3047 903 3441 974 funderemus;
3496 907 3592 963 sed

2019 996 2147 1068 quia
2179 995 2272 1050 ﬁlii
2299 1011 2490 1052 sumus
2515 1012 2704 1052 eorum
2729 997 2823 1067 qui
2855 997 2969 1051 haec
3003 1006 3133 1052 sunt
3172 999 3438 1068 perpessi,
3476 999 3589 1054 vir.-

2020 1097 2135 1142 tute
2162 1095 2378 1158 patrum
2407 1096 2722 1144 nostrorum
2745 1089 2948 1152 ornati,
2981 1096 3278 1158 precantur
3289 1097 3350 1143 ut
3377 1089 3592 1145 illorum

2016 1179 2192 1249 gratia
2211 1179 2648 1235 misericordiam
2669 1194 3096 1251 consequamur.
3123 1178 3304 1247 Quare
3325 1180 3590 1238 dicimus:

319 1269 507 1325 ώπιόν
543 1287 659 1326 σου
695 1277 728 1326 ό
755 1272 1090 1342 στεναγμὸς
1126 1271 1246 1327 τῶν
1276 1272 1720 1343 πεπεδημένων.
1755 1273 1906 1336 Τίνες

2019 1269 2375 1323 Patrocinare
2405 1270 2535 1338 ﬁliis
2557 1270 2872 1323 occisorum.

319 1364 378 1417 δέ
408 1367 513 1418 είσι
542 1366 592 1419 οἱ
621 1365 790 1419 ταῦτα
831 1367 1204 1438 διδασκόμενοι
1247 1367 1448 1436 λέγειν,
1499 1367 1625 1438 ἑξῆς
1653 1366 1946 1439 παρίστησι
2009 1363 2266 1434 φάσκων·
2311 1365 2700 1432 Περιποίησαι
2731 1363 2878 1430 τοὺς
2921 1363 3091 1429 υἱοὺς
3118 1363 3238 1417 τῶν
3268 1367 3594 1418 τεθανατω-

313 1454 532 1525 μένων.
578 1457 767 1529 Ἡμεῖς
799 1457 896 1530 μὲν
945 1458 1054 1529 γὰρ
1113 1459 1175 1511 οὐ
1233 1459 1617 1532 κατηξιὼμεθα
1654 1460 1814 1532 μέχρι
1877 1457 2107 1512 θανάτου
2140 1454 2533 1523 ἀγωνίσασθαι,
2572 1455 2693 1508 οὐδὲ
2735 1455 2874 1526 ὑπὲρ
2917 1454 3053 1508 Θεοῦ
3091 1455 3327 1509 κενῶσαι
3357 1455 3425 1510 τὰ
3464 1458 3593 1510 ἑαυ’

318 1551 429 1605 τῶν
455 1553 659 1625 αἵματα
678 1573 691 1584 ·
721 1554 834 1608 ἀλλ’
866 1553 1049 1625 ἐπειδὴ
1078 1553 1183 1608 τῶν
1204 1555 1375 1607 ταῦτα
1403 1556 1747 1609 πεπονθότων
1774 1553 1942 1625 ἐσμὲν
1979 1553 2104 1615 υίοὶ,
2137 1550 2523 1621 σεμνυνόμενοι
2567 1550 2660 1602 ἐπὶ
2692 1552 2760 1620 τῇ
2805 1549 2914 1602 τῶν
2955 1544 3208 1604 πατέοων
3263 1549 3453 1621 ἀρετῇ,
3479 1549 3594 1604 δεό.

321 1644 463 1715 μεθα
490 1646 556 1698 δι’
591 1646 830 1710 ἐκείνους
881 1645 1186 1716 ἐλεηθῆναι.
1237 1645 1327 1698 Διό
1360 1664 1540 1716 φαμεν
1560 1666 1572 1678 ·
1606 1645 1993 1715 Περιποίησαι
2023 1640 2164 1706 τοὺς
2183 1641 2357 1706 υίοὺς
2386 1639 2506 1692 τῶν
2532 1637 3040 1708 τεθανατωμένων.

387 1737 626 1804 Ἀπόδος
640 1739 761 1804 τοῖς
773 1739 1038 1807 γείτοσιν
1051 1741 1087 1807 ὴ
1087 1740 1219 1810 μῶν
1233 1741 1686 1795 ἑπταπλασίονα
1701 1741 1787 1805 εἰς
1802 1736 1909 1790 τὸν

317 1831 555 1885 κόλπον
569 1833 643 1884 αὐ
651 1829 785 1893 τῶν,
800 1830 906 1885 τὸν
916 1833 1259 1903 ὀνειδισμὸν
1269 1832 1485 1898 αὐτῶν,
1506 1832 1578 1886 ὃν
1589 1830 1909 1886 ὠνείδισάν

2086 1731 2253 1787 Vens.
2301 1731 2486 1785 12-14.
2530 1730 2704 1786 Redde
2738 1732 2918 1785 vicinis
2957 1731 3153 1784 nostris
3195 1733 3490 1801 septuplum
3533 1735 3593 1789 in

2014 1825 2135 1880 sinu
2164 1841 2366 1888 eorum,
2393 1825 2771 1893 improperium
2812 1824 3066 1892 ipsorum,
3091 1823 3229 1893 quod
3253 1825 3594 1894 exprobrave-

317 1942 416 1990 σε,
448 1928 641 1996 Κύριε.
673 1927 862 1998 Ἡμεῖς
888 1929 956 1982 δὲ
984 1932 1134 1996 λαός
1164 1947 1280 1984 σου
1303 1931 1401 1986 καὶ
1431 1931 1696 1998 πρόϐατα
1721 1927 1906 1999 νομῆς

2015 1926 2136 1970 runt
2165 1917 2279 1982 tibi,
2323 1916 2564 1971 Domine.
2605 1915 2720 1970 Nos
2755 1925 2930 1969 autem
2969 1915 3193 1985 populus
3231 1927 3352 1971 tuus
3396 1927 3447 1973 et
3476 1936 3591 1975 oves

314 2033 459 2083 σου,
476 2019 1077 2089 ἀνθομολογησάμεθὰ
1099 2037 1200 2075 σοι
1225 2025 1312 2087 εἰς
1331 2021 1437 2076 τὸν
1457 2021 1661 2076 αἰῶνα.
1690 2025 1792 2089 Εἰς
1815 2040 1909 2093 γε·

313 2109 469 2163 νεὰν
498 2110 596 2162 καὶ
631 2112 842 2180 γενεὰν
877 2112 1321 2184 ἐξαγγελοῦμεν
1346 2116 1460 2182 τὴν
1487 2116 1729 2169 αῖνεσίν
1764 2132 1903 2171 σου.

328 2199 510 2269 Ἦμᾶς
529 2200 628 2271 μὲν
671 2201 1043 2273 περιποίησαι,
1070 2203 1118 2255 εί
1151 2204 1244 2256 καὶ
1278 2203 1353 2275 μὴ
1389 2204 1456 2256 δι’
1484 2205 1650 2276 ἡμᾶς,
1675 2205 1808 2258 ἀλλὰ
1823 2205 1910 2260 διὰ

312 2291 448 2353 τοὺς
478 2291 737 2363 πατέρας.
769 2295 894 2364 Τοζς
936 2294 991 2347 δὲ
1033 2293 1268 2363 γείτοσιν
1311 2295 1488 2366 ἡμῶν,
1530 2297 1772 2351 τουτέστι
1797 2301 1910 2363 τοῖς

315 2384 344 2434 ἐ.
354 2394 588 2435 πανιστα
595 2384 776 2454 μένοις
796 2386 926 2456 ἡμῖν
943 2387 1037 2440 xui
1050 2368 1141 2441 τδν
1156 2387 1275 2440 καθ’
1292 2390 1324 2458 ή
1333 2388 1448 2458 μῶν
1466 2388 1698 2460 πόλεμον
1715 2391 1858 2460 διεγε
1866 2391 1910 2443 ί-

312 2490 526 2545 ρουσιν,
575 2475 772 2540 ἀπόδος
828 2475 894 2530 τὰ
950 2478 1243 2548 ἀμοιϐαῖα,
1293 2480 1742 2546 πολυπλασιάζων
1808 2485 1908 2554 τὴν

308 2566 674 2638 ὀφειλομένην
699 2569 882 2632 αὐτοῖς
929 2570 1071 2640 ὑπὲρ
1123 2563 1197 2624 ὧν
1229 2571 1464 2643 ἔδρασαν
1493 2575 1784 2645 τιμωρίαν,
1829 2577 1906 2648 μὴ

307 2662 431 2724 τοῖς
461 2659 581 2712 καθ’
612 2661 767 2732 ἡμῶν
796 2662 1159 2733 ἀρκεσθέντες
1188 2668 1397 2729 κακοῖς,
1433 2664 1548 2719 ἀλλ’
1577 2667 1678 2739 ἤδη
1718 2669 1814 2722 xui.
1846 2669 1906 2722 σὲ

308 2750 412 2804 τὸν
441 2751 532 2804 ἐπὶ
562 2753 778 2805 πάντων
802 2752 1004 2825 Κύριον
1035 2754 1377 2827 βλασφήμοις
1408 2759 1504 2811 καὶ
1536 2759 1908 2826 ὀνειδιπικοῖς

310 2845 735 2915 περιϐάλλοντες
767 2845 966 2915 λόγοις.
1004 2847 1143 2900 Ἀλλ’
1174 2849 1401 2914 ἐκείνοις
1423 2849 1545 2922 μὲν,
1575 2853 1759 2923 φησὶν,
1783 2855 1909 2907 ἁπό-

306 2937 408 2999 δος
447 2937 543 3008 τὴν
575 2937 731 3004 ἀξίαν
774 2940 1043 3010 τιμωρίαν
1073 2937 1208 3010 πρὸς
1237 2938 1501 3009 ὠφελείας
1544 2942 1722 2995 αὐτῶν
1750 2961 1910 3015 γενη-

310 3027 574 3099 σομένην,
594 3030 1070 3101 ἑπιστρειρομένων
1094 3031 1188 3084 xui.
1224 3016 1704 3104 σωφρονιζομένων
1727 3034 1792 3088 δι’
1819 3036 1910 3089 αύ-

306 3119 438 3189 τῆς·
468 3120 615 3189 ἡμᾶς
639 3119 695 3173 δὲ
727 3120 887 3185 σῶζε,
924 3123 1049 3184 τοὺς
1078 3122 1228 3186 υἱοὺς
1265 3122 1374 3177 τῶν
1401 3123 1863 3196 τεθανατωμένων
1887 3143 1902 3160 ·

306 3211 390 3275 οἳ,
438 3213 488 3263 εί
530 3210 624 3264 καὶ
666 3212 740 3282 μὴ
783 3215 893 3276 τοῖς
937 3213 1176 3285 πατράσι
1208 3215 1511 3287 γεγόναμεν
1552 3216 1748 3288 ὅμοιοι,
1789 3217 1903 3271 ἀλλ’

306 3304 466 3373 ὅμως
498 3320 590 3356 σου
640 3303 977 3376 τυγχάνομεν
1009 3305 1136 3371 λαὸς
1170 3309 1264 3361 καὶ
1301 3307 1403 3379 τῆς
1442 3309 1541 3380 σῆς
1567 3309 1741 3380 νομῆς
1773 3311 1906 3382 πρό-

307 3392 487 3446 Sura“
534 3391 615 3446 διὸ
655 3393 1264 3466 ἀνθομολογησόμεθὰ
1299 3412 1398 3451 σοι
1434 3401 1522 3464 είς
1553 3399 1657 3452 τὸν
1687 3398 1902 3464 αἰῶνα,

307 3483 766 3556 εὐχαριστοῦντες
783 3487 978 3560 δηλαδή
1000 3489 1238 3553 καὶτοὺς
1261 3489 1568 3562 πρέποντας
1592 3489 1793 3561 ὕμνους
1809 3490 1904 3544 καὶ

305 3575 622 3644 δοξολογίας
641 3578 780 3650 ὑπὲρ
796 3571 870 3632 ὧν
889 3575 946 3633 εὖ
972 3579 1317 3651 πεπόνθαμεν
1336 3581 1418 3634 σοὶ
1438 3581 1514 3652 νεῖ)
1531 3582 1746 3634 πάντων
1766 3583 1902 3650 ἁγα-

308 3669 428 3723 Θῶν
463 3671 648 3741 δοτῆρι
687 3670 806 3741 Θεῷ
828 3671 1260 3742 ἀναπέμποντες.
1294 3672 1522 3744 Ἐφεξῆς
1553 3691 1610 3725 τε
1632 3675 1780 3729 κατὰ
1809 3693 1903 3745 γε-

307 3762 465 3818 νεὰν
497 3763 594 3816 καὶ
633 3765 845 3833 γενεὰν
877 3764 1320 3834 ἐξαγγελοῦμεν
1365 3765 1480 3834 τὴν
1515 3766 1754 3821 αῖνεσίν
1786 3783 1902 3823 σου

309 3852 506 3907 παισὶν
526 3854 818 3926 ἡμετέροις
833 3856 926 3908 καὶ
947 3855 1149 3909 παίδων
1167 3857 1343 3920 παισὶ,
1361 3856 1625 3926 διαδόχοις
1646 3875 1705 3910 τε
1724 3858 1902 3911 αὐτῶν

307 3947 432 4007 τοῖς
460 3945 599 4014 μετὰ
633 3944 806 3998 ταῦτα
826 3947 1230 4018 γενησομένοις,
1255 3947 1445 4020 ὥσπερ
1466 3947 1668 4016 ἀγαθὸν
1702 3950 1902 4022 κλῆρον

309 4032 733 4104 παραδώσοντες
765 4033 865 4104 τῆς
900 4034 1159 4099 αἰνέσεως
1197 4035 1266 4090 τὰ
1305 4038 1549 4109 σωτήρια
1582 4038 1897 4110 μαθήματα.

309 4147 428 4200 El}:
457 4147 545 4201 T0
570 4147 819 4220 TEAOI},
836 4147 1017 4220 mer
1044 4149 1180 4220 ΤΩΝ
1201 4150 1899 4220 ΑΛΛΟΙΩΘΗΣΟΜΕΝΩΝ,

765 4218 1172 4272 ΜΑΡΤΥΡιυΝ
1201 4221 1288 4291 Tn
1316 4222 1510 4276 ΛΣΛΦ.

1081 4313 1200 4366 ΟΘ’.

401 4420 456 4475 '0
480 4425 809 4495 ποιμαίνων
842 4425 948 4480 τὸν
988 4426 1248 4496 Ἰσραὴλ,
1283 4430 1568 4499 πρόσχες,
1604 4433 1636 4484 ὀ
1671 4430 1904 4502 ὁδηγῶν

307 4511 462 4569 ὡσεὶ
491 4517 790 4583 πρόϐατον
813 4517 920 4571 τὸν
961 4518 1193 4591 Ἰωσήφ.
1223 4521 1499 4594 Τέσσαρές
1529 4524 1666 4576 εἰσιν
1698 4525 1743 4576 οἱ
1784 4525 1904 4576 ἑπι-

2013 2024 2228 2078 pascua:
2250 2019 2373 2075 tute,
2399 2009 2767 2080 conﬁtebimur
2792 2008 2885 2062 tibi
2906 2009 2959 2061 in
2987 2009 3262 2063 swcuium.
3281 2008 3347 2068 In
3375 2027 3593 2081 genera-

2015 2104 2209 2157 tionem
2228 2113 2277 2157 et
2301 2104 2689 2173 generationem
2719 2101 3156 2157 annuntiabimus
3181 2103 3391 2158 laudem
3422 2115 3590 2161 tuam.

2012 2193 2181 2250 Nobis
2212 2195 2576 2265 patrocinare,
2609 2193 2714 2249 etsi
2747 2209 2854 2247 non
2894 2193 3068 2248 nostri
3111 2209 3302 2260 causa,
3339 2196 3435 2251 sed
3465 2211 3593 2267 pro-

2013 2294 2136 2358 pter
2165 2294 2350 2357 patres
2383 2294 2625 2342 nostros.
2655 2285 2860 2341 Vicinis
2889 2301 3018 2342 vero
3045 2287 3274 2350 nostris,
3310 2287 3364 2342 id
3388 2296 3474 2344 est
3520 2288 3590 2344 iis

2009 2380 2105 2450 qui
2135 2380 2428 2449 insurgunt
2453 2380 2506 2433 in
2538 2394 2662 2442 nos,
2695 2379 2964 2449 nobisque
2994 2380 3194 2434 bellum
3227 2390 3472 2447 movent,
3508 2381 3594 2434 vi-

2011 2487 2103 2526 ces
2143 2471 2436 2532 retribuas,
2471 2471 2843 2542 multiplicans
2896 2471 3028 2526 illud
3059 2472 3363 2528 sceleribus
3403 2488 3592 2528 eorum

2011 2562 2253 2618 debitum
2295 2563 2648 2634 supplicium.
2697 2562 2816 2618 Non
2867 2572 2952 2620 sat
3005 2565 3116 2620 illis
3172 2565 3272 2620 fuit
3321 2567 3462 2621 mala
3505 2569 3592 2621 in-

2011 2655 2220 2712 ﬁixisse
2264 2657 2460 2724 nobis;
2492 2656 2588 2712 sed
2635 2666 2686 2712 te
2726 2673 2948 2728 quoque
2978 2659 3361 2732 universorum
3419 2658 3594 2713 Domi-

2010 2763 2144 2802 num
2176 2747 2514 2818 blasphemis
2557 2757 2611 2804 ct
2656 2750 3070 2805 contumeliosis
3100 2750 3265 2806 dictis
3309 2752 3596 2821 impetive-

2012 2851 2162 2894 runt.
2193 2839 2392 2895 Verum
2436 2841 2545 2896 illis
2593 2841 2660 2895 ad
2705 2841 2996 2896 utilitatem
3045 2856 3201 2896 suam
3236 2839 3592 2912 promeritum

2010 2935 2178 2988 redde
2231 2934 2603 3003 supplicium;
2653 2934 2730 2987 ita
2778 2943 2838 2988 ut
2881 2949 2949 2989 eo
2990 2943 3386 2990 convertantur
3425 2945 3480 2990 et
3525 2937 3593 2991 ad

2013 3026 2295 3080 meliorem
2336 3041 2394 3080 se
2433 3025 2643 3093 frugem
2676 3026 2980 3097 recipiant;
3013 3043 3114 3084 nos
3152 3037 3331 3084 autem
3380 3029 3594 3083 occiso-

2010 3133 2130 3172 rum
2171 3119 2332 3184 ﬁlios,
2359 3118 2534 3174 salute
2573 3119 2737 3184 dona,
2779 3119 2898 3189 qui,
2936 3119 3150 3176 etiamsi
3187 3135 3295 3174 non
3343 3120 3594 3191 patribus

2012 3213 2220 3268 similes
2255 3212 2544 3279 fuerimus,
2591 3221 2833 3269 attamen
2866 3215 3101 3285 populus
3143 3221 3272 3272 tuus
3315 3232 3507 3272 sumus
3539 3224 3594 3270 et

2014 3323 2142 3364 oves
2176 3324 2392 3379 pascuae
2427 3315 2567 3374 tua};
2599 3323 2767 3379 quare
2810 3308 3178 3379 conﬁtebimur
3212 3310 3307 3362 tibi
3341 3311 3394 3362 in
3422 3325 3594 3363 siccu-

2013 3397 2152 3464 tum,
2197 3401 2403 3471 gratias
2461 3402 2672 3456 scilicet
2724 3409 2951 3472 agentes
2988 3401 3311 3474 debitosque
3363 3403 3596 3474 hymnos

2010 3497 2066 3546 et
2088 3490 2280 3548 laudes
2307 3506 2406 3562 pro
2436 3493 2678 3562 acceptis
2701 3492 2988 3550 beneﬁciis
3018 3493 3116 3548 tibi
3143 3494 3389 3548 omnium
3425 3493 3597 3548 bono-

2012 3597 2133 3638 rum
2164 3583 2413 3654 largitori
2452 3583 2562 3640 Deo
2597 3585 2933 3641 emittentes.
2972 3585 3242 3656 Deinceps
3275 3600 3401 3641 vero
3433 3587 3486 3639 in
3512 3603 3595 3657 ge-

2012 3677 2335 3730 nerationem
2377 3686 2428 3730 et
2466 3677 2857 3746 generationem
2909 3679 3348 3734 annuntiabimus
3383 3677 3594 3733 laudem
3664 3682 3670 3690 ’

2011 3777 2158 3822 tuam
2192 3769 2319 3825 ﬁliis
2345 3771 2575 3835 nostris,
2609 3769 2734 3826 ﬁliis
2760 3770 2995 3826 ﬁliorum
3030 3782 3084 3825 et
3106 3787 3298 3828 eorum
3333 3772 3590 3842 posteris,

2010 3861 2308 3916 salutarem
2364 3861 2543 3918 laudis
2594 3870 2702 3918 tua:
2756 3863 3126 3935 disciplinam,
3177 3879 3279 3920 ceu
3333 3865 3593 3936 optimam

2011 3963 2238 4020 sortem,
2269 3956 2570 4010 tradentes.

2011 4153 2063 4207 1.
2099 4151 2168 4206 ΙΝ
2211 4151 2443 4213 FINEM.
2484 4152 2621 4208 PRO
2658 4151 2744 4206 IIS
2777 4152 2896 4221 QUI
2937 4152 3590 4222 COMMUTABUNTUR,

2413 4222 2899 4280 TESTIMONIUM
2928 4225 3179 4281 ASAPI-I.
3445 4251 3448 4256 ’

2683 4315 2922 4372 LXXIX.

2082 4430 2250 4487 Vens.
2288 4431 2343 4486 2.
2387 4431 2492 4498 Qui
2516 4433 2694 4501 pascis
2737 4431 2934 4497 Israel,
2970 4433 3202 4499 intende,
3243 4436 3335 4506 qui
3379 4435 3593 4489 deducis

2008 4523 2146 4579 velut
2191 4541 2335 4578 ovem
2364 4523 2581 4594 Ioseph.
2612 4525 2858 4592 Quatuor
2899 4534 3028 4581 sunt
3060 4526 3334 4596 inscripti,
3366 4527 3476 4582 Pro
3526 4530 3593 4584 iis

311 4607 726 4678 γεγραμμένοι,
767 4608 934 4678 Ὑπὲρ
990 4609 1107 4664 τῶν
1151 4613 1758 4684 ἀλλοιωθησομένων·
1813 4613 1906 4668 δύο

2015 4617 2099 4686 qui
2136 4617 2638 4681 commutabuntur;
2689 4618 2799 4672 duo
2837 4618 3058 4689 quidem
3110 4617 3355 4684 Davidis,
3407 4636 3498 4674 LII:
3542 4630 3596 4675 et

316 4697 422 4768 μὲν
449 4696 544 4772 τοῦ
569 4699 751 4763 Δαυῒδ,
778 4703 806 4755 6
831 4701 906 4755 v0'
934 4704 1026 4756 xu‘:
1057 4705 1086 4756 6
1110 4704 1212 4776 513',
1235 4705 1342 4759 τῶν
1380 4707 1436 4761 δὲ
1466 4706 1598 4762 υἱῶν
1630 4708 1777 4780 Κορὲ
1804 4704 1906 4775 εἷς,

315 4792 347 4844 ὁ
382 4791 487 4861 μδ’,
522 4793 617 4845 καὶ
665 4791 759 4846 τοῦ
805 4794 974 4865 Ἀσὰφ
1026 4796 1286 4861 ὡσαύτως
1317 4799 1345 4852 6
1414 4800 1552 4870 μετὰ
1604 4804 1809 4873 χεῖρας.
1848 4803 1908 4857 ’0

320 4882 422 4952 μὲν
453 4877 545 4935 οὖν
573 4882 647 4935 νθ⁹
689 4883 1004 4939 ἀπόπτωσιν
1034 4885 1127 4940 τοῦ
1175 4888 1443 4943 Ἰουδαίων
1486 4891 1671 4957 ἔθνους
1719 4893 1908 4965 ἐδήλου

319 4975 414 5028 xui.
460 4976 650 5049 κλῆσιν
687 4977 880 5031 ἐθνῶν·
918 4977 1070 5048 ἔλεγε
1101 4979 1145 5032 δ’
1175 4977 1267 5033 οὖν
1302 4982 1619 5054 ἀρχόμενος,
1659 4983 1714 5037 Ὀ
1741 4985 1906 5052 Θεὸς,

319 5069 540 5123 ἀπώσω
578 5070 754 5140 ἡμᾶς,
803 5072 898 5124 καὶ
940 5073 1213 5141 καοεῒλες
1245 5074 1424 5144 ἡμᾶς,
1461 5075 1787 5146 ὠργίσθης,
1814 5077 1909 5130 καὶ

320 5161 390 5214 τὰ
421 5162 631 5226 τούτοις
656 5163 800 5234 ἑξῆς.
835 5159 968 5218 Εἶτα
1015 5165 1240 5236 προῖὼν,
1288 5167 1490 5238 ἐπῆγε·
1521 5167 1701 5221 Μωὰϐ
1727 5168 1910 5237 λέϐης

322 5253 433 5322 τῆς
470 5255 718 5322 ἐλπίδος
743 5275 884 5326 μου.
923 5258 1048 5312 Ἐπὶ
1082 5258 1197 5326 τὴν
1237 5259 1568 5330 Ἰδουμαίαν
1589 5261 1808 5315 ἐκτενῶ
1841 5261 1908 5316 τὸ

322 5347 603 5417 ὑπόδημα
621 5366 762 5418 μου,
784 5348 912 5418 ἐμοὶ
939 5349 1280 5419 ἀλλόφυλοι
1310 5350 1635 5420 ἑφιλίασαν
1653 5370 1668 5384 ⁸
1695 5353 1751 5424 ἢ,
1775 5357 1911 5409 6.16-

324 5441 614 5509 τόνησαν.
633 5441 905 5506 Ὡσαύτως
939 5443 1033 5496 xui.
1064 5443 1092 5495 6
1122 5441 1223 5516 ξη’,
1241 5445 1421 5513 ’Υπὲρ
1446 5445 1562 5499 τῶν
1575 5447 1906 5516 ἀλλοιωθη-

325 5532 600 5600 σομένων
627 5534 1124 5607 ἐπιγεγραμμένος,
1145 5534 1212 5588 τὰ
1245 5535 1390 5608 πάθη
1418 5537 1512 5590 τοῦ
1538 5539 1786 5611 Σωτῆρος
1815 5540 1908 5593 xui.

324 5619 418 5693 τὴν
454 5622 550 5675 τοῦ
588 5622 804 5696 Ἰσραὴλ
833 5626 1102 5700 ἀποϐολὴν
1139 5627 1434 5700 παρίστησι
1473 5628 1676 5699 λέγων·
1721 5633 1912 5699 Γενη-

327 5712 482 5780 θήτω
511 5716 550 5782 ἡ
580 5715 831 5785 τράπεζα
855 5720 1053 5773 αὐτῶν
1077 5719 1332 5774 ἐνώπιον
1355 5720 1552 5776 αὐτῶν
1576 5725 1662 5788 εὶς
1690 5723 1911 5792 παγίδα

330 5806 425 5858 καὶ
463 5809 549 5873 είς
588 5809 992 5864 ἀνταπόδοσιν
1025 5812 1120 5865 καὶ
1161 5815 1247 5878 εὶς
1289 5812 1661 5869 σκάνδαλον.
1716 5818 1911 5868 Σκοτί-

331 5895 651 5964 σθήτωσάν
702 5903 755 5955 ot
794 5901 1084 5973 ὀφθαλμοὶ
1134 5903 1330 5960 αὐτῶν
1369 5903 1472 5959 τοῦ
1500 5903 1586 5975 μὴ
1626 5903 1908 5974 βλέπειν,

2010 4723 2202 4772 vanl,
2245 4707 2478 4764 ﬁliorum
2509 4707 2650 4764 Coro
2702 4725 2865 4772 unus,
2901 4726 3049 4772 κων,
3089 4709 3292 4780 Asaphi
3332 4711 3459 4766 item
3505 4712 3596 4767 hic

2009 4818 2170 4871 quem
2220 4809 2543 4857 tractamus.
2592 4801 3091 4873 Quinquagesimus
3147 4819 3328 4859 nonus
3381 4804 3594 4874 lapsqu

2008 4893 2219 4948 Judaici
2258 4894 2440 4964 populi
2471 4903 2525 4950 et
2554 4896 2895 4950 vocationem
2936 4895 3181 4965 gentium
3217 4895 3593 4966 signiﬁcabat,

2011 4987 2097 5042 his
2126 4987 2310 5041 verbis
2350 5001 2513 5042 orsus
2544 5006 2558 5041 :
2594 4987 2752 5052 Deus,
2797 4987 3037 5056 repulisti
3081 5004 3174 5043 nos
3199 4999 3249 5042 et
3283 4987 3596 5043 destruxiin

2010 5096 2128 5143 nos,
2166 5079 2335 5132 iratus
2376 5095 2452 5140 es,
2489 5089 2544 5133 et
2576 5090 2771 5134 canem
2797 5097 2918 5151 quae
2952 5090 3278 5152 sequuntur.
3319 5081 3434 5136 Sub
3478 5081 3594 5136 haec

2011 5186 2191 5227 autem
2230 5190 2244 5227 :
2282 5170 2442 5226 Moab
2483 5173 2618 5227 lebes
2650 5174 2758 5241 spei
2784 5191 2928 5229 mete.
2967 5175 3037 5229 In
3072 5173 3371 5229 Idumwam
3414 5184 3597 5228 exten-

2010 5265 2134 5316 dant
2178 5264 2587 5317 calceamentum
2622 5281 2830 5328 meum;
2867 5265 2996 5318 mihi
3021 5265 3274 5335 allophyli
3313 5264 3474 5318 amici
3505 5263 3594 5333 fa-

2012 5351 2082 5402 cti
2105 5359 2257 5413 sunt,
2289 5350 2423 5410 sive,
2458 5349 2657 5404 subditi
2678 5361 2822 5407 sunt.
2857 5349 3119 5404 Similiter
3147 5365 3342 5415 LXVIII,
3375 5347 3483 5400 Pro
3525 5348 3595 5404 iis

2009 5442 2098 5511 qui
2130 5441 2596 5494 commutabuntur
2630 5445 2947 5514 inscriptus,
2999 5442 3278 5496 cruciatus
3331 5438 3593 5494 Servato-

2012 5535 2091 5590 ris
2143 5546 2197 5589 et
2254 5532 2472 5590 lsraelis
2518 5534 2878 5606 abjectionem
2931 5534 3179 5588 declarat
3230 5531 3317 5586 his
3363 5530 3586 5586 verbis.

2013 5628 2140 5684 Fiat
2171 5647 2351 5684 mensa
2380 5647 2560 5684 eorum
2595 5647 2772 5683 coram
2804 5631 2932 5699 ipsis
2968 5629 3019 5681 in
3053 5627 3322 5696 laqueum,
3353 5637 3403 5679 et
3435 5625 3489 5678 in
3519 5641 3591 5680 re-

2013 5724 2352 5778 tributionem
2389 5731 2438 5776 ct
2467 5723 2520 5776 in
2565 5722 2900 5777 scandalum.
2943 5719 3304 5775 Obscurentur
3328 5717 3468 5771 oculi
3505 5733 3595 5772 so-

2013 5834 2129 5870 rum
2173 5833 2235 5869 ne
2277 5817 2508 5880 videant,
2548 5826 2597 5870 et
2644 5817 2863 5869 dorsum
2895 5827 3077 5866 eorum
3115 5826 3317 5879 semper
3355 5811 3594 5863 incurva.

2015 5908 2242 5979 Effunde
2263 5924 2415 5977 super
2444 5926 2529 5964 eos
2562 5909 2698 5964 iram
2735 5919 2900 5972 tuam,
2935 5916 2983 5960 et
3017 5906 3167 5976 {uror
3191 5905 3285 5960 ira:
3317 5915 3422 5959 tuw
3450 5918 3588 5957 cana
