4004 6524
526 377 625 435 951

1206 372 1479 429 EUSEBII
1528 365 2017 426 CESARIENSIS
2054 361 2205 419 OPP.
2253 359 2433 417 PARS
2469 360 2557 418 Ill.
2598 393 2668 403 -—-
2704 356 3113 415 EXEGETICA.
3638 361 3719 417 952

523 489 813 563 preliendat
862 508 968 545 eos.
1004 488 1130 543 Fiat
1170 488 1430 542 habitatio
1470 503 1651 543 eorum
1694 484 1924 550 deserta,
1961 491 2011 537 et
2043 481 2092 534 in

2201 478 2299 531 καὶ
2352 476 2461 531 τὸν
2520 477 2715 531 νῶτον
2766 474 2955 530 αὐτὸν
3018 474 3337 540 διαπαντὸς
3395 476 3718 546 adﬁciti-or.

525 584 885 640 tabernaculis
928 599 1108 639 eorum
1146 599 1249 637 non
1296 584 1366 637 sit
1395 584 1486 653 qui
1526 580 1803 635 inhabitet.
1838 578 2103 644 Quoniam

520 691 677 750 quem
708 685 765 729 tu
790 677 1097 745 percussisti
1123 677 1381 744 persecuti
1412 684 1556 738 sunt,
1601 683 1650 729 et
1682 690 1836 743 super
1866 671 2102 725 dolorem

521 769 801 823 uulnerum
852 784 1088 822 meorum
1128 767 1469 822 addiderunt.
1507 767 1571 821 Hi
1616 768 1835 838 quidem
1883 764 2103 819 Davidis

520 868 674 918 sunt.
706 860 970 916 Filiorum
999 877 1130 917 vero
1173 861 1315 917 Core
1356 877 1503 927 xuv,
1538 860 1627 916 cui
1660 860 1871 919 titulus,
1902 857 2010 912 Pro
2036 858 2101 911 iis

518 953 613 1019 qui
664 954 1170 1023 commutabantur,
1227 955 1502 1010 canticum
1555 968 1657 1024 pro
1714 952 1922 1007 Dilecto
1965 950 2103 1006 emi-

520 1043 615 1108 sit,
670 1044 830 1115 cujus
887 1045 1180 1101 adventum
1232 1047 1560 1116 vaticinans,
1609 1046 1950 1101 vocationem
2000 1043 2104 1096 Ec-

519 1134 704 1191 clesiae
740 1152 804 1190 ex
839 1138 1097 1209 gentibus
1141 1137 1370 1205 addidit,
1400 1138 1503 1193 hoc
1524 1153 1645 1193 eam
1671 1135 1832 1191 modo
1861 1133 2104 1191 subindi-

518 1241 655 1283 cans
687 1229 889 1294 :Audi,
935 1230 1075 1300 filia,
1110 1239 1159 1284 et
1192 1230 1327 1295 uide,
1376 1241 1426 1285 et
1460 1231 1663 1285 inclina
1716 1246 1899 1284 aurem
1931 1239 2098 1291 tuam,

515 1328 567 1372 et
597 1318 903 1377 obliviscere
921 1323 1174 1393 populum
1207 1334 1351 1378 tuum
1377 1333 1427 1379 et
1457 1323 1674 1378 domum
1696 1324 1864 1393 patris
1895 1324 1991 1376 tui.
2032 1320 2099 1375 Et

516 1416 849 1484 concupiscet
881 1432 974 1470 rex
1001 1416 1241 1471 decorem
1267 1427 1437 1482 tuum,
1460 1418 1711 1488 quoniam
1744 1419 1854 1486 ipse
1882 1424 1959 1471 est
1986 1415 2102 1469 Do-

515 1510 693 1565 minus
722 1518 865 1574 tuus,
896 1518 945 1562 et
984 1507 1285 1562 adorabunt
1304 1524 1444 1574 eum,
1474 1510 1592 1574 ﬁlia
1629 1509 1755 1579 Tyri
1782 1510 1837 1562 in
1868 1508 2102 1562 muneri-

515 1603 633 1659 bus.
665 1602 867 1659 Eodem
900 1603 1085 1673 itaque
1124 1602 1286 1657 modo
1317 1602 1406 1657 hic
1444 1617 1609 1673 quem
1634 1609 1960 1666 tractamus,
1990 1601 2097 1655 Pro

512 1697 582 1751 iis
617 1696 710 1766 qui
746 1693 1212 1752 commutabumur
1258 1693 1581 1764 inscriptus,
1620 1708 1685 1748 ac
1715 1694 1770 1747 in
1810 1692 1972 1747 ﬁnem
2013 1708 2099 1748 re-

512 1791 758 1851 mittens,
797 1787 1003 1843 Christi
1033 1789 1350 1852 adventum,
1381 1786 1597 1842 Judaici
1645 1787 1832 1858 populi
1863 1787 2092 1857 captivi-

2209 570 2461 639 Ἕκχεον
2484 572 2575 625 ἐπ’
2601 571 2823 638 αὐτοὺς
2868 570 2984 637 τὴν
3020 569 3204 639 ὀργήν
3234 584 3371 632 σου,
3404 570 3495 622 καὶ
3521 574 3549 624 ὁ
3575 572 3720 640 θυμὸς

2204 664 2315 732 τῆς
2355 662 2539 734 ὀργῆς
2579 678 2696 717 σου
2741 661 3063 717 καταλάϐοι
3111 662 3352 726 αὐτούς.
3391 664 3437 714 Γ
3439 662 3720 734 ενηθήτωή

2203 754 2459 821 ἔπαυλις
2485 753 2684 809 αὐτῶν
2710 753 3091 824 ἠρημωμένη,
3138 754 3234 807 καί
3272 755 3342 805 ἐν
3386 753 3501 819 τοῖς
3531 755 3718 823 σκηνώ-

2197 859 2388 916 μασιν
2412 843 2610 899 αὐτῶν
2625 843 2710 914 μὴ
2733 845 2887 899 ἔστω
2921 848 2954 899 ὀ
2977 842 3265 898 κατοικῶν
3286 862 3302 876 ·
3323 844 3411 897 ὅτι
3435 844 3503 897 ὃν
3524 845 3593 898 σὺ
3613 846 3722 899 cad»

2203 936 2389 1003 ταξας
2418 936 2804 1002 κατεδίωξαν,
2840 937 2935 990 καὶ
2978 936 3076 989 ἐπὶ
3121 936 3188 990 τὸ
3231 935 3417 1006 ἄλγος
3445 932 3550 989 τῶν
3584 954 3720 1004 τραυ-

2196 1027 2402 1099 μάτων
2453 1046 2575 1098 μου
2623 1028 3023 1098 προσέθηκαν.
3078 1021 3237 1082 Οὗτοι
3289 1027 3386 1098 μὲν
3437 1023 3521 1081 οὖν
3570 1029 3612 1080 οἱ
3652 1029 3720 1081 τοῦ

2202 1121 2382 1174 Δαυῖδ.
2401 1120 2521 1174 Τῶν
2549 1120 2605 1173 δὲ
2635 1120 2764 1175 υἱῶν
2781 1121 2924 1192 Κορὲ
2950 1122 2977 1172 6
3000 1120 3102 1192 μδ⁹,
3120 1119 3298 1187 ’Υπὲρ
3326 1118 3440 1173 τῶν
3457 1120 3723 1188 ἀλλοιωθη-

2201 1210 2476 1281 σομένων
2502 1211 2600 1283 τὴν
2629 1211 2936 1283 ἐπιγραφὴν
2968 1210 3127 1281 ἔχων,
3159 1210 3300 1282 ᾠδὴν
3336 1209 3596 1279 ἀνέπεμπε
3616 1210 3723 1282 ὑπὲρ

2198 1304 2295 1357 τοῦ
2334 1302 2666 1373 Ἀγαπητοῦ,
2693 1298 2753 1358 οὗ
2791 1303 2888 1375 τὴν
2930 1302 3228 1373 παρουσίαν
3263 1301 3513 1365 θεσπίσας
3552 1300 3724 1353 ἐπισυν-

2200 1397 2341 1468 ἧπτε
2388 1396 2486 1468 τὴν
2529 1396 2718 1466 κλῆσιν
2765 1394 2863 1465 τῆς
2912 1393 2970 1459 ἐξ
3011 1392 3179 1447 ἐθνῶν
3225 1392 3537 1462 Ἐκκλησίας
3578 1391 3724 1445 τοῦτον

2201 1488 2569 1559 αἰνιττόμενος
2618 1488 2710 1542 τὸν
2760 1489 2990 1559 τρόπον·
3023 1488 3335 1549 Ἄκουσον,
3381 1485 3624 1553 θύγατερ,
3651 1485 3723 1537 καί

2199 1581 2413 1636 κλῖνον
2454 1580 2522 1634 τὸ
2564 1575 2673 1647 οὖς
2708 1596 2846 1646 σου,
2888 1578 2988 1633 καὶ
3019 1578 3309 1633 ἐπιλάθου
3342 1576 3445 1631 τοῦ
3477 1575 3610 1629 λαοῦ
3636 1592 3723 1630 σου

2200 1674 2299 1728 καὶ
2322 1673 2428 1729 τοῦ
2452 1674 2623 1728 οἴκου
2650 1671 2757 1726 τοῦ
2785 1673 3007 1741 πατρός
3035 1686 3173 1724 σου.
3219 1671 3327 1725 Kal
3372 1668 3723 1737 ἐπιθυμήσειό

2194 1766 2496 1832 ,βασιλεὺς
2533 1765 2640 1819 τοῦ
2681 1763 2949 1829 κάλλους
2984 1778 3123 1828 σου,
3160 1762 3249 1815 ὅτι
3281 1761 3459 1826 αὑτός
3487 1760 3601 1812 ἐστι
3639 1759 3722 1810 Κύ-

514 1832 758 1851 ....-......,
801 1832 1003 1843 νην--.
1034 1832 1350 1852 __.....-.....,
1381 1832 1597 1842 -..ν-η-
1645 1832 1832 1858 ,υτ-η
1866 1832 2064 1857 -_,-...

514 1888 682 1935 tatem
720 1887 775 1934 et
811 1878 1313 1948 Hierosolymorum
1357 1877 1673 1933 incendium
1695 1877 1841 1948 quod
1862 1893 1890 1931 a
1925 1878 2092 1949 Baby-

2193 1859 2322 1928 ριός
2368 1874 2507 1922 σου,
2549 1858 2647 1911 καὶ
2693 1854 3241 1925 προσκυνήσουσιν
3289 1852 3474 1918 αὐτῷ,
3514 1848 3723 1920 θυγάτηρ

513 1970 681 2028 Ioniis
709 1971 914 2026 factum
947 1980 1033 2027 est
1079 1971 1430 2040 praenuntiat.
1465 1969 1650 2025 Primo
1677 1969 1899 2041 quidem
1946 1969 2097 2023 ordi-

513 2072 605 2117 tur
634 2064 703 2118 ab
728 2064 878 2120 exitu
913 2062 1230 2119 Iudaeorum
1269 2080 1338 2118 ex
1375 2062 1631 2134 Egypto,
1671 2075 1725 2119 et
1760 2062 2095 2119 habitatione

509 2172 702 2211 eorum
749 2158 806 2212 in
860 2156 1147 2215 Palaestina
1195 2177 1208 2213 :
1254 2156 1454 2212 deinde
1506 2156 1694 2226 adjicit
1752 2156 2095 2212 obsidionem

511 2255 636 2318 post
694 2248 810 2303 haec
864 2249 933 2305 ab
981 2248 1223 2319 Assyriis
1271 2256 1325 2303 et
1374 2246 1689 2318 Babyloniis
1740 2247 1939 2301 factam
1978 2247 2094 2301 :ad

510 2340 629 2394 hac
690 2348 871 2395 autem
930 2340 1388 2411 supplicationem
1441 2338 1675 2394 eﬂ'undit
1729 2354 1829 2408 pro
1887 2337 2093 2394 Christi

508 2431 748 2487 adventu
802 2450 817 2487 :
870 2446 992 2502 qua:
1050 2431 1363 2501 singulatim
1429 2430 1487 2485 in
1554 2429 1721 2500 hujus
1794 2431 2094 2501 prophetiae

508 2523 965 2593 interpretatione
1020 2522 1465 2592 explicabuntur.
1520 2520 1683 2577 Initio
1732 2531 1913 2577 autem
1966 2538 2090 2578 eum

509 2615 603 2684 qui
649 2615 823 2682 pascit
867 2612 1029 2669 Israel
1076 2612 1321 2683 psalmus
1367 2612 1719 2668 evocatzhic
1768 2627 1929 2683 porro
1975 2620 2093 2667 erat

507 2704 607 2760 Dei
645 2704 909 2769 Verbum,
961 2706 1041 2760 uti
1080 2706 1401 2776 plerumque
1448 2703 1946 2777 comprobavimus,
1999 2704 2093 2758 de-

507 2798 787 2853 clarantes
838 2812 948 2851 non
999 2796 1168 2852 Deum
1220 2797 1315 2868 qui
1368 2812 1535 2869 super
1581 2795 1766 2851 omnia
1812 2805 1936 2858 est,
1987 2796 2092 2851 sub

508 2888 749 2945 hominis
810 2889 979 2960 ﬁgura
1038 2890 1217 2944 visum
1276 2888 1591 2944 Abrahamo
1649 2888 1858 2955 fuisse;
1914 2903 2092 2959 neque

506 2979 681 3052 Moysi
725 2982 950 3035 oracula
989 2982 1218 3047 fudisse,
1257 2996 1359 3037 nec
1410 2982 1464 3036 in
1498 2981 1711 3038 deserto
1740 2983 2090 3052 praecessisse

506 3074 805 3143 populum;
832 3074 925 3129 sed
961 3074 1108 3128 hunc
1143 3090 1252 3129 non
1282 3074 1446 3128 alium
1471 3089 1616 3138 esse,
1640 3088 1804 3144 quam
1834 3089 1958 3129 eum
1993 3075 2088 3145 qui

504 3164 560 3218 in
589 3161 881 3233 Evangelia
923 3165 1057 3219 dicit
1088 3180 1101 3216 :
1140 3167 1433 3236 Antequam
1481 3165 1751 3219 Abraham
1778 3167 1957 3235 ﬁeret,
1994 3183 2088 3237 ego
2117 3182 2159 3239 ο

505 3254 723 3320 sum“;
755 3265 829 3320 et,
864 3254 1131 3308 Abraham
1153 3265 1305 3325 pater
1344 3266 1510 3310 vester
1538 3256 1823 3311 exsultavit
1858 3266 1915 3310 ut
1944 3258 2089 3313 vide-

505 3356 583 3401 ret
607 3345 747 3400 diem
777 3363 973 3411 meum,
999 3356 1048 3401 et
1076 3347 1291 3410 cidit,et
1313 3349 1524 3418 gavisus
1555 3358 1631 3403 est
1650 3350 1739 3403 ⁵⁸⁵.
1760 3351 1938 3418 Ipsum
1960 3365 2091 3421 ergo

499 3438 616 3505 jam
647 3447 841 3493 evocat
866 3438 1057 3494 dicens
1092 3457 1105 3492 :
1141 3439 1246 3505 Qui
1264 3440 1438 3509 pascis
1474 3438 1672 3509 Israel,
1689 3442 1918 3505 intende,
1954 3451 2087 3508 etc.,

505 3538 773 3602 rogatque
808 3540 866 3585 ut
918 3530 1170 3587 ostendat
1210 3532 1402 3587 faciem
1448 3548 1605 3588 suam
1657 3549 1756 3603 pro
1811 3536 2089 3590 communi

505 3624 755 3685 omnium
801 3624 1011 3689 salute,
1062 3625 1468 3699 adventumque
1517 3625 1640 3695 ejus
1682 3628 2087 3697 quamprimum

505 3714 825 3786 contingere
863 3716 1137 3787 supplicat
1181 3717 1268 3777 his
1304 3717 1487 3773 verbis
1520 3734 1533 3769 :
1567 3717 1759 3773 Excita
1798 3722 2089 3789 potentiam

504 3816 674 3871 tuam,
708 3818 757 3863 et
810 3810 925 3871 veni
954 3820 1010 3863 ut
1060 3810 1236 3865 salvos
1289 3811 1461 3889 facias
1494 3828 1631 3875 nos;
1663 3827 1727 3867 ac
1760 3814 1923 3869 tertio
1961 3828 2086 3871 cum

501 3898 658 3961 dicit,
687 3898 920 3953 Ostende
951 3900 1142 3969 faciem
1174 3912 1319 3955 tuam
1342 3943 1358 3968 ,
1388 3912 1439 3958 et
1463 3904 1598 3965 salvi
1626 3906 1844 3965 erimus.
1886 3904 2089 3963 Deinde

500 3979 635 4043 vero
669 3990 939 4046 adventus
968 3992 1188 4047 modum
1218 3992 1462 4049 declarat
1484 3994 1675 4051 dicens
1701 4011 1714 4048 :
1750 3994 1877 4051 Fiat
1898 4014 2087 4053 manus

504 4090 599 4137 tua
643 4097 800 4149 super
840 4083 1010 4141 virum
1039 4082 1269 4145 dextera:
1299 4095 1422 4149 tute,
1454 4094 1503 4138 et
1525 4104 1683 4156 super
1714 4089 1886 4157 filium
1917 4088 2091 4147 homi-

504 4172 610 4236 nis,
634 4189 786 4241 quem
824 4175 1157 4244 conﬁrmasti
1188 4175 1304 4235 tibi.
1329 4176 1710 4247 lncorporeum
1742 4195 1979 4251 namque
1996 4181 2089 4236 Dei

503 4261 745 4319 Verbum
790 4276 969 4335 rogat,
1006 4274 1067 4320 ut
1100 4282 1199 4337 per
1245 4268 1424 4329 virum
1456 4269 1698 4325 dextera:
1730 4286 1866 4335 suae,
1910 4282 1965 4326 et
1992 4288 2090 4342 per

501 4355 702 4421 Filium
732 4359 969 4424 hominis
1003 4361 1301 4421 beneﬁcam
1340 4363 1597 4421 virtutem
1639 4381 1796 4421 suam
1828 4369 2086 4430 omnibus

500 4452 785 4522 largiatur.
834 4452 1015 4515 Divini
1064 4455 1251 4533 itaque
1288 4465 1341 4512 et
1371 4458 1630 4514 salutaris
1685 4459 1956 4516 adventus
1986 4461 2088 4517 hac

499 4544 712 4599 ratione
760 4547 1094 4607 mentionem
1130 4530 1293 4616 fecit;
1330 4548 1548 4606 lsraelis
1580 4567 1713 4607 vero
1760 4552 1977 4609 ruinam
2010 4554 2084 4610 ita
2122 4530 2164 4585 θ

495 4637 830 4693 vaticinatur
865 4654 880 4691 :
910 4638 1105 4711 thuid
1132 4640 1447 4697 destruxiin
1477 4646 1764 4699 maceriam
1788 4646 1946 4715 ejus?
1977 4650 2086 4703 sci-

498 4728 626 4783 licet
649 4731 841 4792 vincte.
875 4748 1038 4811 quam
1082 4748 1150 4790 ex
1198 4733 1435 4816 Egypto
1468 4737 1771 4803 transtulit,
1808 4749 1859 4793 et
1907 4739 2087 4795 uinde-

498 4821 668 4881 miant
699 4839 814 4881 eam
848 4840 1026 4886 omnes
1046 4826 1137 4895 qui
1164 4826 1670 4897 prmtergrediuntur
1699 4831 1859 4885 viam.
1886 4830 2083 4886 Exter-

498 4914 722 4969 minavit
744 4931 859 4974 eam
887 4931 1011 4993 aper
1049 4917 1113 4971 de
1138 4918 1271 4971 silva
1297 4958 1312 4982 ,
1342 4930 1390 4973 et
1420 4921 1711 4991 singularis
1741 4923 1885 4992 ferus
1922 4922 2085 4996 depa-

498 5012 611 5054 stus
648 5011 725 5055 est
752 5018 890 5062 eam.
918 5002 1144 5058 Incensa
1173 5007 1283 5081 igni
1311 5018 1361 5060 et
1386 5010 1639 5078 suffossa.
1676 5010 1802 5066 Haec
1828 5012 1895 5066 de
1927 5013 2083 5068 vinea

499 5108 851 5163 percurrens,
875 5094 1115 5151 Iudaica:
1139 5101 1317 5167 gentis
1346 5103 1709 5159 vastationem
1742 5106 2081 5175 praenuntia-

496 5189 608 5242 bat.
639 5186 771 5243 Jure
814 5189 1001 5259 itaque
1042 5190 1098 5243 in
1154 5191 1315 5245 titulo
1350 5194 1466 5249 haec
1515 5195 1660 5249 dicta
1706 5197 2081 5253 testimonium

499 5289 767 5338 vocantur
799 5301 812 5336 :
840 5298 963 5337 nam
1012 5284 1387 5340 testimonium
1419 5288 1535 5344 haec
1569 5290 1752 5345 futura
1778 5307 1901 5348 esse
1920 5293 2078 5355 dixit.

499 5374 656 5429 Unde
699 5375 841 5445 apud
892 5373 1283 5446 Symmachum
1327 5388 1381 5433 et
1442 5381 1732 5450 Aquilam,
1776 5385 2081 5451 testiﬁcatio

496 5466 725 5521 dicitur.
760 5466 912 5522 lllius
943 5475 1125 5521 autem
1150 5467 1293 5533 loco,
1320 5484 1416 5537 pro
1464 5472 1533 5525 iis
1557 5472 1647 5541 qui
1679 5475 2081 5530 commutaban—

493 5564 617 5623 tur,
659 5556 1045 5629 Symmachus,
1072 5575 1167 5629 pro
1199 5561 1460 5629 ﬂoribus;
1492 5564 1688 5635 Aquila
1718 5582 1867 5635 vero,
1897 5584 1992 5636 pro
2015 5568 2079 5622 li-

517 5650 607 5714 iis,
644 5650 988 5723 interpretati
1024 5662 1171 5708 sunt.
1223 5654 1650 5726 Prosperitatem
1683 5660 1949 5731 siquidem
1980 5660 2077 5717 .lu-

572 5806 617 5838 "
654 5806 805 5863 Joan,
847 5827 973 5877 vm,
1016 5812 1101 5866 58.
1184 5814 1247 5843 ⁵⁸³·
1296 5813 1424 5869 ibid.
1459 5815 1545 5869 56,

2202 1952 2388 2019 Τύρου
2421 1951 2491 2004 ἐν
2520 1948 2747 2017 δώροις.
2782 1947 2938 2002 Κατὰ
2982 1947 3074 2000 τὸν
3120 1945 3283 1999 αὐτὸν
3322 1940 3411 1998 οὖν
3445 1943 3618 2014 τρόπον
3653 1941 3722 1993 καὶ

2194 2046 2222 2097 6
2253 2044 2391 2115 μετὰ
2415 2040 2798 2114 χεῖρας¹Υπὲρ
2838 2039 2954 2094 τῶν
2974 2038 3539 2107 ἀλλοιωθησομένων
3578 2038 3721 2102 ἐπιγε-

2194 2136 2533 2209 γραμμένος,
2585 2135 2681 2188 καλ⁵
2724 2137 2804 2198 εἰς
2854 2134 2915 2187 τὸ
2954 2133 3105 2196 τέλος
3148 2132 3500 2202 ἀναπέμπων,
3536 2124 3720 2198 Χριστοῦ

2193 2227 2514 2300 παρουσίαν,
2547 2226 2640 2279 τοῦ
2668 2243 2728 2279 τε
2770 2225 3034 2279 Ἰουδαίων
3057 2224 3241 2287 ἔθνους
3282 2224 3382 2293 τὴν
3411 2216 3720 2290 αἰχμαλωσίαν

2192 2321 2287 2375 καὶ
2316 2320 2407 2373 τὸν
2436 2319 2761 2392 ἐμπρησμὸν
2787 2320 2884 2390 τῆς
2922 2317 3274 2389 Ἰερουσαλὴμ
3299 2316 3355 2369 δν
3383 2311 3617 2367 πέπονθεν
3643 2308 3720 2361 ὑπὸ

2192 2412 2547 2466 Βαϐυλωνίων
2590 2413 2985 2485 προαναφωνεῖ.
3039 2408 3263 2482 Πρῶτον
3297 2410 3390 2479 μὲν
3433 2402 3517 2459 οὖν
3560 2402 3719 2471 διεξέρ-

2192 2523 2346 2577 χεται
2393 2506 2492 2578 τὴν
2545 2507 2640 2560 ἀπ’
2682 2503 2959 2575 Αἰγύπτου
3003 2503 3111 2557 τῶν
3151 2501 3420 2555 Ἰουδαίων
3454 2496 3623 2561 ἔξοδον,
3650 2489 3718 2544 καὶ

2191 2599 2290 2671 τὴν
2323 2599 2637 2671 κατοίκησιν
2658 2596 2845 2675 αὐτῶν
2872 2596 2968 2665 τὴν
2993 2594 3087 2651 ἐπὶ
3130 2593 3232 2663 τῆς
3260 2591 3366 2645 τῶν
3395 2584 3716 2659 ⁸[Ιαλοιιστίνιιιν

2192 2696 2329 2766 γῆς’
2370 2692 2562 2747 ἔπειτα
2610 2692 2871 2746 συνάπτει
2903 2690 2999 2759 τὴν
3036 2686 3173 2760 μετὰ
3214 2686 3390 2739 ταῦτα
3431 2677 3716 2735 εἰσελθοῦσαν

2192 2787 2373 2850 αὐτοῖς
2394 2784 2708 2853 πολιορκίαν
2724 2783 2831 2837 ὑπὸ
2859 2780 3156 2852 Ἀσσυρίων
3180 2778 3279 2831 καὶ
3295 2771 3617 2830 Βαϐυλωνίων
3647 2766 3715 2819 καὶ

2194 2876 2330 2949 πρὸς
2359 2874 2569 2937 τούτοις
2594 2873 2872 2944 ἱκετηρίαν
2910 2871 3182 2925 ἐκτίθεται
3212 2868 3354 2937 ὑπὲρ
3384 2867 3475 2937 τῆς
3507 2860 3587 2914 τοῦ
3615 2861 3714 2929 Χρι·

2194 2966 2320 3020 στοῦ
2348 2965 2693 3035 ἐπιφανείας·
2718 2963 2891 3018 ταῦτα
2915 2964 2972 3017 δὲ
2999 2961 3139 3017 κατὰ
3166 2961 3333 3033 μέρος
3357 2956 3652 3028 δειχθήσεται
3673 2952 3713 3001 ἐν

2192 3065 2257 3134 τῇ
2279 3062 2386 3116 τῶν
2406 3059 2898 3135 προφητευομένων
2930 3056 3193 3131 ἑρμηνεία
3209 3073 3223 3086 ·
3249 3054 3388 3109 κατὰ
3413 3050 3566 3121 δὲτὴν
3583 3044 3713 3117 ἀρχὴν

2193 3154 2540 3208 ἀνακαλεῖται
2586 3156 2614 3207 6
2646 3151 2857 3223 ψαλμὸς
2896 3150 2988 3203 τὸν
3026 3147 3382 3219 ποιμαίνοντα
3412 3143 3494 3197 τὸν
3526 3135 3710 3208 Ἰσραήλ

2193 3241 2346 3313 οὗτος
2372 3246 2430 3300 δὲ
2457 3244 2526 3318 ἦν
2559 3248 2587 3299 6
2614 3245 2709 3299 τοῦ
2739 3242 2872 3298 Θεοῦ
2895 3243 3084 3313 Λόγος,
3110 3242 3188 3304 ὡς
3223 3238 3471 3299 πολλάκις
3491 3228 3713 3292 ἀπεδείξα-

2194 3357 2292 3410 μεν
2315 3338 2708 3411 παριστῶντες,
2727 3336 2801 3409 μὴ
2823 3336 2913 3390 τὸν
2939 3334 3195 3387 ἐπέκεινα
3218 3332 3313 3386 τὸν
3337 3331 3465 3385 ὅλων
3478 3325 3591 3379 Θεὸν
3608 3320 3711 3375 εἰναι

2189 3434 2281 3487 τὸν
2302 3426 2480 3501 ὦφθαι
2500 3430 2580 3503 τῷ
2612 3430 2859 3501 Ἀϐραὰμ
2879 3432 2936 3482 ἐν
2958 3428 3147 3500 ἀνδρὸς
3180 3427 3415 3498 σχήματι
3435 3423 3713 3487 ἀναγεγραμ-

2195 3524 2374 3597 μένον,
2398 3525 2491 3579 uel.
2508 3522 2586 3594 τῷ
2607 3523 2830 3576 Μωῦσεῖ
2852 3517 3333 3592 κεχρηματικέναι,
3362 3513 3450 3567 καὶ
3476 3514 3526 3564 ὲν
3548 3509 3601 3576 τῇ
3619 3504 3711 3572 ἐρήο

2194 3635 2280 3690 μῳ
2313 3614 2713 3689 προωδευκέναι
2737 3612 2831 3667 τοῦ
2850 3612 2998 3666 λαοῦ·
3031 3606 3169 3664 εἶναι
3200 3610 3259 3664 δὲ
3290 3607 3465 3662 τοῦτον
3489 3600 3710 3665 οὐδέτερον

2191 3709 2285 3763 τοῦ
2330 3710 2390 3762 ὲν
2444 3706 2801 3776 Εὑαγγελίοις
2853 3702 3162 3775 εἰρηκότος⁵
3208 3700 3359 3769 Πρὶν
3396 3692 3616 3761 Ἀϐραὰμ
3640 3700 3708 3754 γε-

2190 3801 2402 3857 νέσθαι
2423 3799 2539 3870 ἐγώ
2558 3802 2673 3869 εἰμι
2694 3815 2707 3828 ⁸
2728 3798 2844 3861 καὶ,
2872 3795 3127 3865 Ἀϐραὰμ
3149 3796 3181 3848 ὀ
3198 3791 3392 3859 πατὴρ
3410 3786 3557 3857 ὑμῶν
3572 3779 3709 3870 dra-1f

2189 3893 2445 3949 λιάσατο
2464 3866 2565 3947 ira
2589 3866 2686 3960 ἴδῃ
2710 3890 2825 3959 τὴν
2849 3888 3076 3959 ἡμέραν
3101 3887 3217 3956 τὴν
3241 3885 3411 3956 ἐμὴν,
3434 3879 3522 3933 καὶ
3542 3872 3615 3929 ἴδε
3635 3866 3705 3921 καί

2189 3987 2397 4057 ἐχάρη.
2457 3986 2630 4039 Αὐτὸν
2657 3983 2721 4054 δὴ
2750 3978 2842 4037 οὗν
2873 3982 2966 4035 ἐπὶ
2998 3980 3093 4034 τοῦ
3124 3981 3391 4051 παρόντος
3418 3966 3706 4057 ἀνακαλείταξ

2435 4094 2447 4107 ·
2466 4078 2527 4131 '0
2543 4051 2873 4146 ποιμαίνων
2886 4073 2993 4127 τὸν
3016 4071 3278 4141 Ἰσραὴλ,
3296 4070 3558 4138 πρόσχες,
3573 4051 3706 4149 καὶτὰ

2191 4145 2318 4243 έξῆς
2337 4210 2353 4236 ,
2380 4168 2643 4238 ἐπιφᾶναι
2661 4185 2720 4221 τε
2744 4168 2806 4220 τὸ
2822 4167 3111 4240 πρόσωπον
3134 4163 3300 4217 αὑτοῦ
3319 4161 3449 4231 ὑπὲρ
3466 4156 3551 4225 τῆς
3566 4145 3706 4248 atomi}?

2190 4230 2447 4323 ἀὲεᾶνὲτων
2466 4230 2740 4334 σωτηρίας
2753 4230 3040 4327 ἀντιδολεῖ,
3053 4260 3152 4329 τήν
3165 4275 3226 4311 τε
3243 4252 3526 4328 παρουσίαν
3540 4230 3703 4307 αὐτοῦᾗ

2190 4356 2355 4426 τάχος
2397 4352 2649 4424 γενέσθαι
2691 4352 2832 4427 ἀξιοῖ
2859 4349 2916 4403 λέ
2927 4368 3030 4419 των
3050 4367 3064 4381 ο
3094 4349 3421 4418 Ἐξέγειρον
3443 4340 3543 4408 τὴν

2192 4419 2569 4510 στέίαννσου,
2590 4444 2687 4498 καὶ
2708 4419 2847 4497 suos
2864 4483 2879 4508 ,
2895 4445 2983 4509 εἰς
3002 4441 3068 4495 τὸ
3085 4441 3281 4495 σῶσαι
3300 4435 3464 4508 ἡμᾶς.
3488 4429 3648 4500 τρίτον
3661 4419 3703 4472 δὲ

2192 4539 2385 4605 εἰπὼν,
2413 4541 2743 4608 Ἐπίςρανον
2770 4535 2836 4589 τὸ
2862 4535 3187 4608 πρόσωπόν
3207 4550 3323 4586 σου
3341 4570 3355 4595 ,
3384 4526 3472 4580 καὶ
3488 4511 3701 4582 σωθησά

2191 4638 2362 4701 μεθα,
2384 4632 2477 4684 τὸν
2492 4631 2690 4704 τρόπον
2706 4630 2804 4702 τῆς
2827 4626 3144 4698 ἐπιφανείας
3165 4624 3479 4696 παρίστησιν
3496 4611 3604 4681 ἑξῆς
3619 4607 3702 4657 ἐπι·

2191 4725 2365 4795 λέγων
2386 4741 2399 4758 ο
2417 4706 2739 4791 Γενηθήτω
2754 4724 2792 4789 ἡ
2819 4722 2949 4792 χείρ
2964 4737 3078 4775 σου
3097 4719 3188 4772 ἐπ’
3209 4716 3393 4785 ἄνδρα
3407 4706 3583 4773 δεξιᾶς
3594 4712 3699 4794 σοῩν

2190 4819 2287 4872 καὶ
2316 4817 2415 4871 ἐπὶ
2441 4816 2578 4871 υίὸν
2606 4815 2943 4883 ἀνθρώπου,
2978 4813 3051 4873 ὃν
3078 4810 3471 4880 ἐκραταίωσας
3496 4803 3696 4883 08W-

2190 4909 2293 4963 Τὸν
2336 4909 2446 4980 γὰρ
2474 4879 2765 4980 ἀσώματον
2795 4906 2890 4969 τοῦ
2931 4905 3066 4960 Θεοῦ
3107 4879 3276 4970 Λόγον
3304 4900 3437 4974 ἀξιοῖ
3464 4894 3523 4948 δι’
3551 4879 3698 4980 ἀνδῢ

2188 4969 2367 5066 δεξιᾶς
2390 4969 2556 5054 αὑτοῦ
2584 4969 2680 5053 καὶ
2704 4999 2793 5054 διὰ
2818 4998 2947 5052 Υἱοῦ
2978 4996 3263 5069 ἀνθρώπου
3295 4970 3389 5063 τὴν
3412 4969 3698 5078 abem-Im?"

2190 5094 2354 5149 αὑτοῦ
2393 5094 2623 5169 δύναμιν
2661 5092 3006 5175 δωρήσασθαι
3036 5094 3148 5154 τοῖς
3186 5091 3339 5154 πᾶσιο
3391 5082 3495 5175 Τῆνῖ

2192 5188 2459 5260 σωτηρίου
2508 5187 2828 5256 θεοφανείας
2859 5185 2958 5255 τὴν
2994 5185 3214 5257 μνήμην
3254 5180 3430 5235 τοῦτον
3459 5166 3696 5260 Euenitst

2187 5281 2278 5335 τὸν
2307 5249 2531 5353 τρόπον,
2563 5249 2662 5354 τήν
2687 5282 2745 5333 δὲ
2766 5249 2858 5334 τοῦ
2895 5249 3436 5351 ’ίσραὴλίὰπόπτωσιν
3462 5249 3693 5354 ὡδέπησθθ

2190 5376 2371 5442 σπίζει
2394 5376 2567 5446 λέγων
2586 5393 2601 5407 ·
2636 5375 2809 5437 Ἰνατί
2843 5373 3113 5440 καθεῖλες
3128 5371 3234 5427 τὸν
3252 5362 3500 5440 φραγμὸν
3519 5354 3693 5446 “mf

2185 5434 2426 5543 δηλονότι
2445 5434 2544 5542 τῆς
2573 5434 2838 5541 ἀμπέλου,
2865 5468 2932 5539 ἢν
2959 5434 3307 5537 ﬁnitimae
3332 5460 3593 5534 μετήγαγεν

2187 5565 2483 5636 τρυγῶσιν
2510 5566 2705 5633 αὐτὴν
2727 5563 2951 5629 πάντες
2983 5565 3038 5616 οἱ
3076 5555 3583 5636 παραπορευόμενοέ
3605 5545 3689 5601 την

2187 5659 2347 5715 ὀδόν.
2398 5658 2771 5731 Ἐλιομήνατο
2806 5657 2998 5729 αὐτὴν
3046 5653 3120 5723 ὗς
3154 5657 3221 5712 ἐκ
3249 5645 3473 5724 δρυμοῦ,
3504 5635 3583 5694 καὶ
3605 5643 3684 5701 μθ
