4004 6536
207 410 325 467 953

1381 408 1890 469 COMMENTARIA
1932 408 1999 464 IN
2036 409 2372 471 PSALMOS.

3370 411 3474 465 954

206 528 345 593 ride
359 528 561 596 ἆφιοζι
576 525 1016 597 κατενεμήσατο
1034 525 1246 594 αὐτήν.
1294 526 1787 597 Ἐμπεπυρισμέη

1908 524 2151 580 dmorum
2188 527 2407 582 brevem
2453 532 2508 582 et
2538 534 2966 597 temporaneam,
3001 524 3227 579 ﬂoribus
3256 494 3311 579 et
3347 526 3476 580 liliis

206 620 283 673 ἐν
311 619 455 687 πυρὶ
485 620 583 673 καὶ
616 619 1098 689 κατεσκαμμένη.
1128 616 1315 673 Ταῦτα
1335 618 1463 689 περὶ
1488 619 1587 689 τῆς
1610 616 1791 688 ἀμπέ-

207 710 309 767 λου
334 710 578 775 διελθὼν,
599 712 698 781 τὴν
718 712 813 765 τοῦ
846 711 1118 766 Ἰουδαίων
1141 710 1328 773 ἔθνους
1359 708 1541 763 ἐθέσπι
1552 709 1643 774 ζεν
1671 710 1794 780 ἐρη-

214 801 367 874 μίαν.
425 802 666 866 Εἰκότως
706 798 797 856 οὖν
832 802 892 855 ἐν
921 804 987 871 τῇ
1036 801 1327 872 προγραφῇ
1370 798 1463 852 καὶ
1496 798 1793 870 μαρτύριον

209 894 477 966 κέκληται
495 894 565 948 τὰ
586 894 880 965 λεγόμεναο
910 893 1206 966 μαρτύριον
1226 891 1333 964 γὰρ
1359 891 1531 946 ταῦτα
1551 889 1790 957 ἔσεσθαι,

210 982 308 1037 καὶ⁸
328 982 746 1055 διεμαρτύρατο.
774 983 933 1038 Ὅθεν
961 982 1112 1054 παρὰ
1130 980 1206 1053 τῷ
1225 982 1505 1053 Συμμάχῳ
1529 981 1624 1035 καὶ
1643 981 1794 1053 παρὰ

210 1068 292 1140 τῷ
322 1070 522 1142 ’Λκύλᾳ
536 1072 831 1141 μαρτυρία
849 1071 1084 1143 εἴρηται.
1124 1072 1268 1125 Ἀντὶ
1285 1073 1342 1125 δὲ
1360 1072 1476 1137 τοῦ,
1503 1071 1657 1141 ὑπὲρ
1675 1071 1794 1126 τῶν

211 1160 810 1232 ἀλλοιωθησομένων,
839 1166 868 1218 6
899 1164 998 1233 μὲν
1030 1164 1345 1236 Σύμμαχος,
1372 1164 1525 1234 ὑπὲρ
1550 1163 1671 1219 τῶν
1696 1164 1795 1219 ἀν-

215 1253 357 1319 θῶν,
387 1255 417 1306 6
437 1255 495 1309 δέ
531 1256 777 1321 Ἀκύλας,
811 1255 964 1326 ὑπὲρ
987 1256 1107 1311 τῶν
1134 1258 1371 1326 κρίνων,
1410 1259 1788 1330 ἡρμήνευσαν⁸

213 1347 401 1403 ἄνθεσι
430 1348 523 1402 καὶ
549 1346 751 1420 κρίνοις
777 1347 874 1419 τὴν
903 1349 1234 1421 πρόσκαιρον
1266 1349 1472 1420 βραχὺν
1493 1349 1792 1422 γενομένην

214 1441 348 1494 ποτὲ
386 1439 481 1493 τοῦ
512 1439 778 1494 Ἰουδαίων
802 1439 991 1504 ἔθνους
1020 1440 1327 1511 εὐπραγίαν
1351 1439 1793 1511 παραϐάλλοντος

211 1533 309 1587 τοῦ
346 1533 525 1602 λόγου.
573 1535 912 1605 ’Λναπέμπει
942 1533 1078 1604 δῆτα
1118 1536 1147 1587 6
1187 1534 1481 1605 Προφήτης
1510 1533 1791 1605 ἱκετηρίαν

213 1624 351 1697 πρὸς
380 1625 472 1678 τὸν
505 1625 672 1679 πάλαι
703 1625 983 1696 ἐφορῶντα
1010 1626 1105 1679 καὶ
1138 1624 1538 1679 ἐπισκοποῦντα
1564 1625 1654 1679 τὸν
1693 1626 1793 1677 Ἰσ-

214 1715 358 1789 ραὴλ
374 1715 470 1770 τοῦ
486 1716 621 1770 Θεοῦ
646 1716 818 1786 Λόγον
840 1757 854 1778 ,
881 1718 976 1771 καὶ
1004 1715 1194 1771 τοῦτον
1224 1717 1660 1789 ἁνακαλούμενός
1688 1735 1792 1789 φη-

213 1826 300 1862 σιν
318 1826 332 1840 ’
372 1809 424 1862 Ὀ
454 1810 781 1879 ποιμαίνων
802 1809 910 1863 τὸν
937 1810 1207 1878 Ἰσραὴλ,
1231 1809 1496 1878 πρόσχες
1513 1826 1527 1839 ·
1561 1808 1705 1863 οὕτω
1733 1809 1790 1861 δὲ

1894 628 2201 688 comparat.
2255 617 2723 690 Supplicationem
2754 618 2921 688 igitur
2964 618 3164 673 emittit
3202 616 3472 687 Propheta

1894 712 1961 765 ad
2004 726 2126 765 eum
2168 711 2261 781 qui
2293 712 2423 766 olim
2465 711 2721 767 Israelem
2767 710 2994 765 curabat
3034 717 3089 764 et
3128 710 3471 780 inspiciebat,

1894 801 1990 857 Dei
2021 802 2234 857 scilicet
2256 801 2520 868 Verbum,
2545 803 2692 873 quod
2726 804 2989 857 invocans
3012 802 3090 855 ait
3125 816 3140 853 :
3174 801 3278 866 Qui
3297 803 3472 871 pascis

1896 893 2091 962 Israel,
2121 896 2350 951 intende.
2383 894 2476 951 Sic
2518 904 2700 950 autem
2740 894 2917 964 ipsum
2965 892 3182 948 ﬂectere
3219 902 3470 957 conatur,

1893 991 2173 1060 antiquam
2197 992 2318 1062 ejus
2352 993 2406 1046 in
2434 992 2693 1062 populum
2719 988 3116 1058 inspectionem
3140 1000 3475 1041 commemo-

1892 1097 2046 1139 rans.
2078 1082 2217 1146 Tua,
2250 1084 2450 1154 inquit,
2485 1098 2706 1154 pecora,
2732 1096 2974 1151 ovesque
3005 1088 3128 1135 tuas
3166 1094 3347 1143 cures,
3379 1078 3473 1149 qui

1892 1174 2022 1228 olim
2060 1176 2324 1245 pascebas
2367 1177 2511 1231 illas.
2562 1174 2696 1229 Nam
2739 1174 2785 1229 si
2821 1172 3096 1243 quondam
3143 1172 3473 1242 pastoralem

1894 1263 2176 1319 hominum
2218 1264 2643 1321 sollicitudinem
2691 1262 2934 1326 subiisti,
2967 1261 3015 1317 si
3061 1262 3343 1331 populum,
3376 1261 3471 1330 qui

1893 1356 2038 1410 inter
2055 1355 2307 1431 homines
2326 1356 2465 1410 alios
2481 1364 2609 1409 tuus
2637 1353 2945 1416 dicebatur,
2961 1351 3260 1414 deduxisti,
3278 1352 3470 1405 horum

1894 1454 2189 1511 memento,
2210 1462 2387 1518 neque
2414 1446 2689 1518 despicias
2711 1460 2807 1501 eos
2834 1459 2974 1517 quos
3011 1453 3165 1499 tanta
3187 1444 3473 1513 providen-

1893 1539 1969 1591 tia
1998 1538 2254 1609 diguatus
2282 1553 2365 1594 es.
2396 1536 2623 1593 Intende
2652 1538 2838 1607 igitur,
2872 1534 3071 1606 inquit,
3096 1542 3150 1589 et
3182 1534 3469 1589 considera

1893 1639 2099 1699 quanta
2146 1645 2279 1701 grex
2311 1629 2402 1685 ille
2454 1636 2583 1684 tuus
2630 1629 2894 1698 patiatur,
2936 1625 3211 1697 quomodo
3254 1626 3469 1681 vineam

1894 1722 2042 1778 illam
2101 1724 2544 1779 exterminaverit
2605 1737 2737 1793 aper
2764 1721 2832 1776 de
2877 1721 3035 1785 silva,
3081 1729 3136 1776 et
3177 1720 3471 1791 singularis

1895 1813 2048 1871 ferus
2091 1816 2355 1885 depastus
2393 1816 2464 1870 sit
2516 1828 2660 1879 eam,
2704 1814 2980 1885 quomodo
3035 1812 3199 1868 fuerit
3247 1812 3470 1867 incensa

208 1901 450 1957 δυσωπεῖ
481 1873 910 1974 ὑπομιμνήσκων
939 1873 1037 1973 τῆς
1071 1873 1239 1956 παλαι
1462 1873 1787 1972 ἐπισκοπῆς.

1894 1907 2008 1979 igni
2036 1916 2090 1964 et
2132 1873 2365 1964 suﬂ'ossa
2423 1908 2494 1962 ab
2543 1873 2920 1975 increpatione
2969 1906 3155 1960 vultus
3201 1904 3302 1959 tui.
3346 1903 3471 1958 Haec

209 1993 337 2058 Τοῖς
362 1994 471 2063 γὰρ
506 1997 640 2061 σοῖς,
663 1995 831 2066 φησὶ,
864 1994 1145 2067 θρέμμασι
1174 1995 1269 2048 καὶ
1294 1997 1407 2058 τοῖς
1440 1997 1553 2058 σοῖς
1586 1993 1793 2065 προϐά-

208 2104 323 2150 τοις
355 2088 611 2159 πρόσχες,
640 2089 669 2140 6
692 2088 821 2140 ποτέ
842 2088 1113 2157 ποιμάνας
1137 2087 1297 2142 αὐτά.
1328 2089 1391 2141 Εί
1414 2087 1524 2158 γὰρ
1547 2086 1639 2141 καί
1662 2104 1791 2140 ποτε

207 2178 399 2233 ἄλλοτε
430 2180 528 2251 τὴν
561 2180 921 2251 ποιμαντικὴν
951 2180 1250 2250 ὑπέμεινας
1291 2179 1596 2251 ἀνθρώπων
1627 2195 1791 2250 φρον-

206 2271 327 2325 τίδα
351 2311 367 2335 ,
399 2271 686 2342 ῶδήγησάς
722 2290 783 2325 τε
823 2271 915 2326 τὸν
957 2275 1013 2327 ἐν
1041 2271 1349 2344 ἀνθρώποις
1379 2272 1669 2343 γενόμενόν
1696 2288 1789 2325 σου

204 2362 367 2427 λαὸν,
398 2362 602 2418 τούτων
646 2364 825 2419 αὐτῶν
858 2364 1159 2436 μνήσθητι·
1197 2364 1293 2418 καὶ
1329 2364 1405 2435 μὴ
1435 2364 1669 2437 παρίδῃς
1697 2364 1791 2429 οὓς

204 2453 477 2525 τοσαύτης
505 2454 742 2525 ἠξίωσας
770 2457 1045 2527 προνοίας.
1072 2457 1319 2528 Πρόσχες
1345 2452 1439 2510 οὖν
1458 2497 1472 2521 ,
1505 2458 1666 2527 φησὶ,
1697 2456 1790 2509 καὶ

206 2547 541 2619 κατανόησον
569 2548 727 2602 ὁποῖα
763 2549 1028 2603 πέπονθεν
1052 2549 1085 2621 ἡ
1110 2548 1176 2620 σὴ
1200 2549 1422 2620 ποίμνη,
1454 2549 1548 2601 καὶ
1568 2547 1644 2612 ῶς
1669 2548 1790 2602 ἐλυ-

208 2640 416 2711 μήνατο
452 2641 648 2705 αὐτοὺς
674 2636 737 2706 ῦς
773 2643 838 2695 ἐκ
869 2642 1096 2714 δρυμοῦ,
1124 2642 1220 2695 καὶ
1250 2641 1432 2714 μονιδς
1460 2641 1651 2712 ἄγριος
1683 2657 1785 2693 κα-

203 2732 542 2803 τενεμήσατο
588 2731 785 2803 αὐτὴν,
821 2732 913 2786 καὶ
950 2732 1027 2796 ὡς
1065 2733 1288 2801 γέγονεν
1328 2734 1783 2805 ἐμπεπυρισμένη

206 2822 343 2895 πυρὶ
374 2824 469 2878 καὶ
497 2824 886 2896 ὰνεσκαμμένη
919 2824 1027 2877 ἀπὸ
1061 2825 1431 2897 ἐπιτιμήσεως
1459 2824 1551 2878 τοῦ
1580 2824 1790 2897 προσώ-

204 2930 311 2969 που
350 2932 464 2971 σου.
498 2914 746 2968 Διδάσκει
770 2914 827 2967 δὲ
849 2913 1020 2967 ταῦτα
1048 2915 1106 2967 ἐν
1130 2912 1409 2984 Πνεῦματι
1437 2914 1579 2985 ἁγίῳ
1606 2914 1635 2966 6
1657 2915 1788 2984 Προ-

208 3007 387 3077 φήτης
414 3005 475 3058 τὺ
518 3005 785 3059 Ἰουδαίων
816 3005 967 3069 ἔθνος
988 3048 1003 3073 ,
1042 3005 1269 3076 μελετᾷν
1298 3007 1392 3059 καὶ
1424 3006 1787 3075 ἀπαγγέλλειν

206 3096 493 3169 προλαϐὼν
513 3098 637 3160 τοὺς
659 3097 882 3169 χρόνους
904 3097 999 3151 καὶ
1026 3096 1096 3150 τὰ
1124 3099 1424 3169 πράγματα
1443 3114 1459 3130 ’
1484 3097 1551 3151 ἵν’
1566 3098 1787 3152 ἐπειδὰν

1890 2014 2056 2068 porro
2090 1999 2143 2052 in
2172 1999 2378 2068 Spiritu
2410 2006 2601 2053 sancto
2637 1997 2915 2052 Iudaicam
2949 2004 3161 2067 gentem
3201 1993 3471 2065 Propheta

1892 2092 2071 2156 docet,
2107 2101 2353 2162 tempora
2379 2099 2433 2146 et
2459 2098 2690 2147 eventus
2728 2106 2916 2146 rerum
2952 2086 3206 2143 meditari
3230 2101 3294 2141 ac
3332 2100 3472 2156 pra!-

1891 2186 2148 2240 nuntiare
2198 2199 2512 2253 occupans;
2539 2190 2599 2235 ut
2627 2186 2749 2237 cum
2797 2196 2884 2236 res
2913 2194 3035 2249 qua:
3068 2179 3124 2232 in
3186 2175 3470 2253 pr0phetia

1891 2274 2147 2330 feruntur
2178 2252 2523 2339 advenerim,
2560 2274 2615 2328 in
2655 2280 2909 2343 promptu
2944 2252 3207 2324 notitiam'
3231 2270 3378 2324 illius
3402 2269 3470 2322 ad

1890 2367 2060 2423 Deum
2097 2368 2314 2423 emissae
2347 2366 2766 2436 supplicationis
2813 2365 3151 2434 exciperent.
3182 2361 3319 2427 Quis
3340 2376 3471 2416 vero

1889 2459 1963 2514 sit
1986 2458 2080 2529 qui
2108 2458 2283 2529 pascit
2315 2457 2502 2522 Israel,
2528 2458 2772 2513 declarat
2802 2457 2919 2526 ipse
2941 2456 3032 2526 qui
3064 2455 3140 2508 ait
3169 2473 3182 2508 :
3210 2453 3322 2525 Ego
3351 2470 3470 2508 sum

1886 2561 2075 2622 pastor
2118 2550 2305 2614 bonus,
2351 2560 2401 2605 et
2439 2566 2696 2620 cognosco
2730 2566 2896 2613 meas,
2927 2556 2977 2602 et
3016 2556 3336 2617 cognoscunt
3388 2563 3471 2601 me

1888 2662 2018 2700 mea:
2043 2647 2123 2713 ⁸⁹;
2150 2651 2205 2699 et
2234 2658 2454 2698 rursum
2489 2661 2503 2697 :
2538 2641 2649 2713 Ego
2691 2658 2808 2697 sum
2850 2652 3033 2711 pastor
3051 2639 3237 2704 bonus,
3265 2648 3313 2692 et
3350 2640 3468 2693 ani-

1885 2755 2029 2792 mam
2062 2753 2231 2791 meam
2259 2751 2395 2805 pono
2415 2750 2511 2804 pro
2540 2734 2718 2788 ovibus
2740 2734 2805 2786 ⁸ο.
2836 2732 2955 2802 Ipse
2976 2746 3104 2786 vero
3125 2731 3350 2800 eratqui
3375 2728 3469 2784 Jo-

1887 2830 2143 2899 sephum,
2170 2828 2255 2883 vel
2284 2827 2485 2881 tribum
2514 2826 2657 2895 ejus,
2691 2833 2751 2878 ut
2782 2838 2937 2877 ovem
2978 2821 3314 2887 deducebat;
3352 2821 3469 2876 sive

1887 2922 2053 2976 etiam
2086 2927 2256 2973 totam
2282 2917 2568 2973 Iudaicam
2605 2922 2820 2987 gentem
2860 2912 3234 2983 metaphorice
3257 2912 3326 2966 ab
3359 2926 3468 2966 una

1887 3011 2032 3066 tribu
2058 3010 2258 3080 Joseph
2291 3008 2689 3072 subindicans;
2724 3006 2837 3060 sive
2868 3004 3052 3073 potius
3075 3004 3255 3072 ipsum
3288 3002 3469 3056 virum

1888 3101 2070 3155 tribus
2094 3097 2517 3170 progenitorem.
2549 3094 2822 3162 Quoniam
2856 3092 2962 3163 ipsi
2987 3090 3206 3145 insidiis
3236 3089 3469 3143 fratrum

205 3188 399 3258 ἐπιστῇ
444 3188 539 3241 καὶ
569 3186 635 3240 δι’
668 3187 844 3258 ἔργων
886 3187 1109 3259 χωρήσῃ
1151 3186 1221 3241 τὰ
1266 3187 1782 3259 προπεφητευμένα,

1890 3192 2161 3263 impetito,
2196 3190 2487 3246 Ismaelitis
2516 3187 2762 3251 vendito,
2795 3185 2850 3239 in
2880 3183 3174 3255 IEgyptum
3208 3182 3465 3244 deducto,

203 3276 409 3348 δέχοιεν
440 3278 498 3344 ἐξ
537 3278 754 3347 ἑτοίμου
796 3278 896 3348 τῆς
929 3278 1065 3349 πρὸς
1092 3278 1184 3332 τὸν
1209 3276 1343 3332 Θεὸν
1374 3279 1657 3349 ἱκετηρίας
1686 3279 1786 3350 τὴν

1889 3284 2173 3355 Petephra:
2203 3281 2484 3348 servienti,
2509 3278 2840 3349 impudicam
2869 3277 3147 3333 dominam
3169 3276 3467 3340 aversanti,

204 3370 425 3440 γνῶσιν.
461 3370 556 3430 Τίς
584 3370 640 3423 δέ
671 3373 816 3424 ἐστιν
848 3372 877 3424 6
902 3371 1204 3441 ποιμαίνων
1230 3370 1323 3425 τδν
1361 3371 1595 3443 Ἰσραὴλ,
1624 3371 1788 3435 αὐτὸς

204 3464 535 3535 παρίστησιν
558 3465 587 3517 6
617 3463 817 3517 εἰπών’
890 3463 1031 3533 Ἐγώ
1053 3466 1169 3533 ειμι
1202 3466 1235 3518 ό
1264 3463 1489 3534 ποιμὴν
1518 3467 1552 3519 ό
1579 3464 1784 3529 καλὸς,

204 3551 302 3605 καὶ
328 3551 602 3621 γινώσκω
637 3553 709 3606 τὰ
727 3552 860 3622 ἐμὰ,
897 3553 998 3607 καὶ
1032 3552 1401 3623 γινώσκουσί
1427 3566 1504 3623 με
1530 3553 1603 3608 τὰ
1640 3553 1784 3623 ἐμά’

205 3640 299 3696 καὶ
328 3637 516 3706 αὖθις*
576 3643 723 3713 Ἐγώ
746 3647 864 3713 ειμι
897 3647 931 3698 ό
961 3644 1188 3713 ποιμὴν
1216 3647 1250 3699 ό
1277 3645 1464 3711 καλὸς
1483 3686 1499 3711 ν
1544 3646 1642 3699 καὶ
1674 3644 1788 3714 τὴν

205 3733 417 3803 ψυχήν
440 3752 559 3804 μου
589 3736 784 3804 τίθημι
816 3734 971 3803 ὑπὲρ
992 3735 1110 3789 τῶν
1135 3736 1463 3804 προϐάτων.
1528 3737 1700 3800 Αὐτὸς
1729 3737 1786 3790 δέ

202 3819 271 3895 ἦν
301 3823 398 3876 καὶ
423 3825 451 3876 6
483 3824 572 3877 τὸν
609 3823 802 3895 Ἰωσὴφ
838 3824 969 3879 ὡσεὶ
996 3827 1268 3898 πρόόατον
1295 3826 1507 3898 ὁδηγῶν
1539 3829 1660 3899 ήτοι
1686 3828 1786 3900 τὴν

205 3916 377 3988 φυλήν
397 3956 412 3980 ,
466 3915 499 3987 ἢ
528 3916 589 3969 τὸ
622 3918 730 3971 πᾶν
774 3917 1042 3971 Ἰουδαίων
1075 3917 1227 3983 ἔθνος
1262 3918 1647 3991 μεταφορικῶς
1677 3920 1787 3974 ἀπὸ

206 4012 338 4082 μιᾶς
368 4010 651 4080 ὀνομάζων
684 4012 857 4082 φυλῆς
877 4012 977 4083 τῆς
1000 4012 1093 4065 τοῦ
1134 4012 1359 4083 Ἰωσήφ·
1404 4012 1437 4083 ἢ
1462 4014 1555 4067 καὶ
1587 4014 1786 4084 μᾶλλον

202 4102 366 4157 αὑτὸν
390 4103 482 4155 τὸν
514 4102 681 4174 ἄνδρα
714 4103 803 4155 τὸν
831 4103 932 4173 τῆς
960 4103 1133 4173 φυλῆς
1162 4103 1506 4175 προπάτορα.
1568 4104 1785 4175 Ἐπειδὴ

203 4195 370 4265 συνῆν
402 4194 549 4264 αὐτῷ
596 4193 1066 4266 ἐπιϐουλευομένῳ
1100 4194 1205 4247 ὑπὸ
1242 4194 1351 4247 τῶν
1380 4194 1625 4265 ἀδελφῶν
1647 4235 1661 4259 ,
1682 4197 1786 4250 καὶ

201 4286 633 4359 πιπρασκομένῳ
674 4290 788 4350 τοῖς
825 4286 1220 4359 Ἰσμαηλίταις,
1264 4288 1359 4341 καὶ
1396 4288 1476 4351 είς
1514 4290 1785 4358 Αἴγυπτον

200 4378 582 4451 καταγομένῳ,
613 4379 706 4433 καὶ
733 4378 810 4450 τῷ
830 4380 1081 4451 Πετεφρῇ
1106 4378 1432 4445 δουλεύοντι,
1457 4381 1555 4453 τήν
1574 4399 1634 4435 τε
1662 4382 1785 4436 ἀκό-

198 4470 392 4525 λαστον
406 4472 693 4526 δέσποιναν
721 4472 1201 4543 ἀποστρεφομένῳ,
1221 4472 1297 4535 ὡς
1318 4474 1397 4537 εἰς
1417 4473 1783 4547 δεσμωτήριόν

1888 3379 1945 3432 in
1974 3392 2251 3432 carcerem
2289 3376 2417 3429 item
2468 3372 2739 3441 conjecto,
2769 3370 2981 3424 aderat.
3017 3367 3153 3421 Nam
3199 3367 3253 3420 in
3287 3366 3469 3421 omni-

1886 3470 1990 3525 bus
2020 3468 2106 3523 his
2142 3467 2385 3523 adfuisse
2408 3464 2610 3537 Moysis
2648 3463 2926 3534 scriptura
2963 3468 3361 3516 commemorat
3384 3459 3465 3513 di-

1886 3576 2019 3616 cens
2048 3577 2061 3611 :
2094 3558 2162 3612 Et
2194 3568 2309 3613 erat
2338 3557 2599 3612 Dominus
2648 3573 2767 3610 cum
2807 3554 3002 3620 Ioseph
3023 3555 3087 3609 ⁶¹.
3126 3551 3282 3608 Unde
3312 3566 3466 3606 com-

1886 3652 2106 3708 modius
2153 3651 2387 3706 vertisse
2409 3649 2542 3703 mihi
2579 3648 2797 3703 videtur
2850 3646 3177 3707 Theodotio,
3210 3646 3303 3715 qui
3335 3644 3412 3698 ait
3447 3663 3461 3699 :

1888 3744 1995 3811 Qui
2019 3743 2233 3798 deducis
2262 3726 2415 3811 quasi
2450 3758 2591 3795 ovem
2635 3740 2850 3808 Ioseph.
2883 3738 2960 3792 Ita
2993 3754 3211 3810 quoque
3261 3737 3467 3792 dixeris

1887 3837 2071 3907 ipsum
2100 3835 2381 3898 Israelem,
2405 3834 2497 3904 qui
2532 3834 2745 3904 primus
2776 3833 2879 3887 hoc
2909 3832 3132 3887 nomine
3162 3830 3468 3900 appellatus

1886 3938 1993 3993 est,
2022 3945 2053 3982 a
2089 3936 2311 3998 pastore
2348 3928 2573 3981 ductum
2606 3924 2798 3981 fuisse.
2834 3922 2934 3979 llic
2964 3938 3093 3977 vero
3119 3919 3288 3975 Iacob
3323 3925 3464 3980 erat,

1888 4021 2034 4077 ﬁlius
2081 4021 2254 4076 Isaac.
2298 4018 2434 4073 Nam
2464 4019 2554 4073 ille
2584 4029 2708 4071 cum
2740 4016 2891 4071 solus
2930 4014 2987 4069 in
3018 4009 3467 4082 Mesopotamiam

1887 4128 1984 4183 spe
2005 4113 2061 4167 in
2088 4111 2259 4166 Deum
2284 4112 2454 4166 fultus
2481 4109 2863 4173 descenderet,
2886 4113 3162 4177 pastorem
3192 4116 3353 4157 suum
3383 4101 3471 4154 in-

1886 4205 2037 4260 venit
2080 4204 2175 4274 qui
2225 4203 2415 4259 aderat
2440 4202 2567 4265 sibi,
2610 4200 2849 4256 Verbum
2894 4199 3105 4255 scilicet
3153 4195 3270 4259 Dei,
3320 4190 3466 4263 quod

1888 4295 1990 4365 ipsi
2015 4309 2280 4365 apparere
2304 4294 2535 4349 solebat.
2567 4292 2890 4362 Opportune
2912 4290 3096 4359 itaque
3128 4286 3237 4341 Deo
3260 4282 3469 4353 suppli-

1886 4401 2043 4450 cans,
2068 4400 2178 4440 non
2229 4385 2443 4439 turbam
2494 4382 2786 4454 impiorum
2841 4387 3128 4444 memorat,
3167 4378 3260 4434 sed
3301 4376 3467 4431 unius

1886 4486 2101 4534 tantum
2132 4488 2187 4533 et
2214 4478 2444 4533 alterius
2467 4492 2530 4532 ex
2554 4476 2831 4545 religiosis
2849 4475 2959 4530 illis
2989 4473 3118 4528 olim
3149 4470 3285 4525 viris
3316 4483 3468 4523 men—

195 4580 258 4617 τε
281 4562 682 4637 καθειργμένῳ.
721 4564 807 4615 Ἑν
833 4565 966 4617 πᾶσι
987 4562 1116 4632 γοῦν
1135 4563 1347 4628 τούτοις
1367 4565 1783 4636 ἐπισημαίνεται

1890 4572 2093 4625 tionem
2128 4569 2282 4633 facit,
2325 4584 2389 4623 ex
2423 4566 2836 4637 progenitorum
2885 4566 3086 4617 virtute
3124 4568 3177 4615 et
3207 4558 3469 4627 religione

196 4652 232 4724 ὴ
268 4652 550 4714 Μωῦσέως
588 4652 772 4723 γραφὴ
811 4651 1073 4720 λέγουσα·
1114 4654 1225 4706 Καὶ
1261 4650 1340 4725 ἦν
1383 4656 1602 4723 Κύριος
1630 4658 1785 4725 μετὰ

209 4744 455 4814 Ἰωσήφ.
471 4745 631 4799 Ὅθεν
668 4762 756 4815 μοι
774 4744 920 4797 δοκεῖ
951 4744 1284 4817 κυριώτερον
1317 4748 1721 4818 ήρμηνευκέναι
1753 4750 1784 4802 6

195 4834 489 4889 Θεοδοτίων
532 4835 732 4904 φήσας’
790 4834 852 4886 '0
885 4833 1235 4903 καθοδηγῶν
1277 4836 1421 4890 ὡσεὶ
1485 4839 1785 4904 πρόϐατον

195 4931 303 4980 τὸν
344 4925 577 4996 Ἰωσήφ.
614 4926 770 4981 Οὕτω
799 4927 844 4980 δ’
870 4928 936 4980 ἂν
965 4927 1140 4991 εἴποις
1168 4928 1264 4981 καὶ
1292 4930 1660 5000 πεποιμάνθαι
1687 4932 1785 4984 αὑ-

193 5022 287 5075 τὸν
316 5021 411 5073 τὸν
460 5021 677 5093 Ἰσραὴλ
704 5022 795 5074 τὸν
826 5021 1041 5093 πρῶτον
1069 5021 1487 5091 χρηματίσαντα
1512 5022 1685 5094 ταύτῃ
1716 5026 1781 5094 τῇ

194 5114 557 5186 προσηγορίᾳ.
586 5110 694 5168 Ἦν
721 5115 777 5168 δὲ
808 5108 963 5181 οὗτος
1005 5112 1219 5179 ’1ακὼ6,
1242 5117 1271 5168 6
1297 5117 1423 5178 παῖς
1444 5114 1537 5168 τοῦ
1572 5116 1776 5169 Ἰσαάκ.

208 5208 362 5261 Ἐπεὶ
387 5208 637 5272 κάκεῖνος
664 5208 822 5278 μόνος
841 5212 920 5273 είς
946 5210 1045 5281 τὴν
1073 5210 1243 5282 μέσην
1259 5209 1367 5264 τῶν
1395 5210 1656 5281 ποταμῶν
1683 5228 1781 5265 κα-

192 5299 369 5361 ταϐὰς
404 5299 543 5369 μετὰ
582 5300 681 5371 τῆς
723 5302 803 5365 εἰς
830 5301 923 5355 τὸν
953 5301 1084 5355 Θεὸν
1116 5302 1327 5365 ἐλπίδος
1346 5342 1361 5365 ,
1394 5300 1555 5354 αὐτὸν
1582 5301 1780 5375 εὕρατο

192 5390 432 5463 ποιμένα
466 5391 558 5445 τὸν
597 5391 825 5445 συνόντα
855 5391 1005 5462 αὐτῷ
1030 5392 1124 5445 τοῦ
1165 5391 1301 5446 Θεοῦ
1328 5392 1527 5461 Λόγον,
1557 5391 1649 5444 τὸν
1680 5392 1779 5456 τὰς

192 5482 518 5551 ἐπιφανείας
545 5483 692 5555 αὑτῷ
726 5486 1111 5556 πεποιημένον.
1173 5485 1461 5558 Εὐκαίρως
1488 5480 1580 5538 οὖν
1607 5485 1779 5539 δυσω-

193 5574 316 5630 πῶν
348 5575 376 5626 6
403 5574 557 5641 λόγος
595 5575 687 5629 τὸν
715 5575 879 5641 Θεὸν,
923 5576 984 5629 οὑ
1014 5574 1259 5648 βούλεται
1295 5576 1393 5647 μὲν
1422 5576 1513 5629 τοῦ
1546 5577 1780 5648 πλήθους

264 5827 312 5863 ⁸⁸
353 5826 509 5884 Joan.
552 5845 614 5895 κ,
659 5831 735 5885 Η.

817 5830 859 5861 ⁸ο
900 5830 1055 5895 ibid,
1099 5831 1178 5887 ll.
1259 5832 1299 5864 “
1340 5831 1473 5889 Gen.
1516 5847 1713 5899 xxxix,
1752 5834 1804 5885 2.

1886 4671 2137 4733 posteros
2169 4676 2359 4714 eorum
2387 4656 2816 4714 misericordiam
2848 4652 3109 4722 consequi
3143 4650 3464 4720 deprecans.

1886 4784 1957 4796 —
1995 4752 2157 4806 Vsus.
2208 4752 2262 4806 5.
2322 4749 2422 4803 Hic
2475 4763 2606 4803 vero
2655 4748 2773 4817 ipse
2810 4746 2903 4816 qui
2964 4752 3279 4800 sanctorum
3336 4740 3465 4793 olim

1887 4843 2134 4899 virorum
2168 4850 2353 4912 pastor
2378 4840 2502 4905 fuit,
2538 4840 2585 4895 is
2605 4840 2699 4910 qui
2731 4836 3052 4895 cherubinis
3082 4834 3297 4889 vehitur
3325 4839 3465 4887 erat.

1888 4937 2231 5003 Quibusnam
2293 4931 2638 4994 cherubinis,
2686 4929 2795 4985 nisi
2830 4929 2899 4983 iis
2934 4928 3026 4998 qui
3080 4926 3149 4979 ab
3186 4921 3471 4977 Ezechiele

1885 5029 1992 5084 visi
2042 5038 2203 5090 sunt,
2254 5039 2489 5097 quorum
2542 5022 2809 5092 imagines
2854 5028 2909 5073 et
2974 5017 3219 5089 symbola
3279 5015 3469 5085 jussus

1885 5118 2100 5190 Moyses
2139 5134 2301 5187 supra
2332 5131 2517 5171 arcam
2549 5132 2614 5170 ex
2642 5129 2776 5169 auro
2797 5112 3011 5183 posuit?
3040 5109 3333 5165 Cheruhim
3368 5120 3469 5159 au—

1887 5219 1996 5265 tem
2036 5210 2283 5265 meminit
2315 5208 2565 5264 Ezechiel
2592 5208 2697 5261 hoc
2738 5213 2900 5275 pacto
2929 5204 3159 5273 loquens
3188 5220 3200 5255 :
3239 5198 3305 5252 Et
3336 5197 3466 5261 vidi,

1886 5311 1936 5357 et
1959 5318 2075 5357 ecce
2114 5318 2269 5371 super
2303 5303 2731 5370 ﬁrmamentum,
2770 5297 2908 5367 quod
2950 5305 3065 5350 erat
3112 5308 3268 5361 super
3312 5298 3466 5356 caput

1888 5393 2179 5457 cherubim,
2210 5394 2365 5464 quasi
2397 5394 2534 5461 lapis
2578 5390 2838 5461 sapphiri,
2875 5388 3174 5443 similitudo
3209 5381 3383 5435 throni
3411 5380 3469 5433 iu

1885 5488 1999 5555 ipso
2015 5488 2080 5539 ".
2112 5486 2307 5542 Postea
2339 5501 2469 5539 vero
2502 5483 2578 5538 ait
2612 5499 2626 5535 :
2662 5482 2732 5535 Et
2767 5497 2976 5553 egressa
3017 5487 3094 5531 est
3130 5474 3306 5545 gloria
3352 5468 3466 5523 Dr-

1886 5580 2022 5633 mini
2062 5597 2093 5633 a
2135 5580 2314 5633 limine
2377 5579 2585 5642 domus,
2626 5587 2673 5632 et
2709 5574 2947 5631 ascendit
2971 5586 3125 5639 super
3156 5564 3419 5622 cherubim
3444 5578 3465 5620 .‘

1886 5830 1927 5862 "
1972 5829 2164 5887 Ezccli.
2207 5845 2255 5893 ι,
2289 5826 2377 5881 26.
