4004 6546
659 385 770 441 955

1336 386 1606 443 EUSEBII
1642 388 2122 448 C/ESARIENSIS
2156 392 2309 450 OPP.
2348 395 2532 451 PARS
2570 393 2661 451 Ill.
2690 424 2760 436 --
2784 392 3195 453 EXEGETICA.
3714 407 3787 466 956

658 508 709 553 et
735 510 1130 569 assumpserunt
1152 500 1416 556 cherubim
1443 505 1561 558 alas
1586 521 1735 568 suas,
1754 514 1803 558 et
1824 504 2021 559 elevata
2042 517 2163 562 sunt
2192 526 2227 563 a

2205 526 2227 563 ι
2256 523 2303 578 Α
2330 510 2438 564 τῶν
2469 509 2679 563 ἀσεϐῶν
2712 502 3068 581 μνημονεύειν
3088 529 3101 541 ·
3161 512 3275 576 ἑνὸς
3301 513 3356 566 δὲ
3384 515 3468 568 καὶ
3492 515 3693 589 δευτέρω
3715 522 3786 575 τῶν

662 598 802 642 terra
830 590 883 642 in
907 599 1186 658 conspectu
1231 607 1344 646 meo
1372 592 1499 645 dum
1527 594 1764 650 exirent:
1808 605 1858 648 et
1896 605 2029 651 rota:
2064 597 2228 652 licere-

661 678 786 730 bant
809 678 959 745 ipsis.
981 677 1320 733 Etsteterunt
1346 681 1415 733 ad
1430 682 1818 750 prazliminaria
1847 694 2014 752 porta:
2038 684 2227 739 domus

656 784 686 821 e
732 770 938 838 regione
986 771 1197 838 positw,
1243 783 1293 826 et
1335 772 1508 841 gloria
1551 772 1650 827 Dei
1694 772 1867 827 Israel
1908 784 2023 828 erat
2066 790 2229 844 supra

656 873 743 911 eos
762 860 827 911 ⁸³.
857 858 1047 915 Viden’
1072 877 1179 931 quo
1210 870 1369 931 pacto
1411 863 1499 917 hic
1524 878 1723 919 currus
1756 862 1851 918 Dei
1881 863 2227 920 describatur

658 951 727 1006 de
766 968 875 1021 quo
922 954 1053 1010 alibi
1104 955 1328 1020 dicitur,
1380 954 1583 1011 Curras
1626 955 1725 1012 Dei
1777 957 1951 1013 decem
1990 958 2226 1014 millibus

660 1044 934 1114 multiplex
976 1048 1148 1100 millia
1181 1048 1517 1103 laetantium?
1548 1048 1840 1103 Cherubim
1874 1064 2006 1105 vero
2029 1064 2226 1107 currus

655 1145 812 1191 erant
834 1177 849 1202 ,
877 1139 951 1191 ita
968 1146 1028 1193 ut
1054 1153 1220 1210 supra
1251 1147 1414 1210 caput
1444 1140 1686 1210 ipsorum
1711 1140 1895 1195 throni
1926 1141 2226 1198 similitudo

655 1238 825 1293 esset,
879 1240 934 1285 et
974 1247 1141 1301 supra
1190 1232 1448 1286 thronum
1478 1232 1649 1301 gloria
1694 1231 1929 1287 Domini.
1966 1233 2225 1298 Quaenam

654 1328 804 1376 esset
835 1322 1011 1392 gloria
1040 1321 1253 1377 Domini
1287 1324 1442 1377 initio
1490 1324 1613 1379 libri
1642 1324 1976 1390 declaratur,
2004 1325 2097 1379 ubi
2142 1325 2227 1379 di-

654 1413 800 1467 citur
829 1430 841 1465 :
864 1412 1035 1483 Super
1057 1415 1321 1469 cherubim
1349 1417 1501 1485 quasi
1528 1416 1720 1484 species
1742 1423 1857 1469 erat
1882 1415 2075 1484 lapidis
2104 1431 2226 1485 sap-

2330 600 2495 654 πάλαι
2524 601 2785 671 θεοφιλῶν
2811 602 3019 673 ἀνδρῶν
3049 606 3262 675 μνήμην
3285 611 3518 673 ποιεῖται,
3536 610 3608 663 διὰ.
3624 612 3701 682 τῆς
3716 616 3788 668 τῶν

2328 690 2685 761 προπατόρων
2706 691 2909 762 ἀρετῆς
2936 694 3026 745 καὶ
3047 693 3349 758 θεοσεϐείας
3366 698 3481 760 τοὺς
3503 697 3554 762 ἐξ
3574 700 3711 753 αὐτῶν
3729 719 3789 767 γε-

2326 780 2583 850 νομένους
2605 781 2752 834 ἐλέου
2775 784 2957 852 τυχεῖν
2980 782 3356 854 ποτνιώμενος.
3391 786 3445 838 '0
3467 786 3517 839 δὲ
3539 788 3665 851 αὐτὸς
3684 782 3788 855 οὗτος

2325 872 2355 925 ὁ
2379 873 2488 927 τῶν
2515 874 2685 943 ἁγίων
2707 874 2917 946 ἀνδρῶν
2946 892 3076 929 ποτε
3104 877 3385 946 γενόμενος
3410 878 3605 948 ποιμὴν,
3625 881 3788 943 καὶτοῖς

2326 964 2589 1037 χερουϐὶμ
2620 966 2979 1037 ἐποχούμενος
3009 961 3096 1037 ἦν.
3136 968 3314 1031 Ποίοις
3343 968 3397 1020 δὲ
3427 970 3651 1038 χερουϐἰμ
3671 970 3696 1039 ἧ
3715 976 3789 1036 τοῖς

2325 1056 2477 1127 παρὰ
2491 1056 2568 1126 τῷ
2597 1057 2842 1129 Ἐζεκιὴλ
2864 1058 3103 1130 τεθεωρη
3112 1059 3309 1129 μένοις,
3330 1051 3403 1111 ὧν
3420 1060 3603 1122 εἰκόνας
3621 1062 3690 1112 καί
3705 1062 3788 1132 σύμ-

2325 1146 2461 1199 ϐολα
2481 1148 2617 1201 Μωῦ
2626 1147 2725 1217 σῆς
2745 1147 2833 1201 διὰ
2857 1148 3056 1219 χρυσοῦ
3080 1149 3331 1219 ὑπεράνω
3350 1149 3443 1218 τῆς
3456 1148 3653 1201 κιϐωτοῦ
3666 1149 3789 1200 κελευ-

2327 1234 2473 1298 σθεὶς
2502 1237 2711 1301 emisi;
2744 1237 3034 1309 Μέμνηται
3063 1238 3120 1291 δὲ
3147 1237 3255 1291 τῶν
3286 1237 3571 1309 χερουῶμὸ
3600 1238 3786 1309 Ἐζεκιὴλ,

2322 1323 2525 1377 τοῦτον.
2544 1324 2715 1395 λέγων
2736 1327 2825 1381 τὸν
2844 1328 3063 1398 τρόπον’
3088 1328 3197 1381 Καὶ
3219 1323 3399 1389 εἶδον.
3423 1329 3511 1383 καί
3528 1327 3632 1381 ἰδοὺ
3655 1328 3789 1380 ἐπάνω

2323 1416 2429 1470 τοῦ
2459 1416 2863 1485 στερεώματος
2883 1418 2987 1473 τοῦ
3009 1419 3160 1486 ὑπὲρ
3189 1418 3454 1489 κεφαλῆς
3484 1418 3575 1472 τοῦ
3593 1420 3787 1487 χερουϐἰμ

2324 1509 2404 1575 ὠς
2422 1510 2592 1575 λίθος
2614 1511 2948 1579 σαπρείρου
2970 1512 3228 1581 ὁμοίωμα
3249 1512 3455 1579 θρόνου
3472 1511 3551 1562 ἐπ’
3567 1509 3704 1573 αὐτῷ.
3721 1513 3789 1561 Κσί

2325 1602 2445 1673 μεθ’
2477 1603 2639 1675 ἕτερά
2671 1622 2804 1675 φησι
2819 1620 2833 1635 ⁸
2857 1606 2967 1659 Καὶ
2987 1603 3206 1673 ἐξῆλθε
3226 1604 3373 1668 δόξα
3395 1604 3591 1671 Kvpiov
3614 1601 3703 1656 ἀπὸ
3723 1602 3789 1656 τοῦ

654 1506 816 1569 phiri,
846 1507 1141 1561 similitudo
1176 1508 1347 1562 throni
1380 1524 1533 1577 super
1561 1509 1734 1577 ipsum
1760 1521 1779 1561 :
1809 1515 1859 1562 et
1895 1522 2048 1576 super
2078 1508 2227 1562 simi-

656 1597 929 1652 litudinem
964 1599 1137 1653 throni
1174 1599 1468 1654 similitudo
1491 1600 1645 1669 quasi
1674 1600 1865 1667 species
1897 1598 2120 1653 hominis
2137 1599 2227 1654 de-

653 1707 827 1759 super.
861 1692 929 1744 Et
967 1692 1074 1746 vidi
1099 1694 1254 1763 quasi
1288 1694 1515 1762 formam
1545 1693 1728 1747 electri
1757 1709 1790 1745 a
1831 1693 1997 1761 specie
2025 1692 2227 1746 lumbo-

2204 1724 2227 1734 -
2323 1696 2551 1764 αἰθρίου
2598 1698 2705 1753 τοῦ
2738 1698 2906 1753 οἷκον
2928 1737 2945 1764 ,
2999 1698 3097 1753 καί
3137 1697 3319 1765 ἐπέϐη
3350 1698 3443 1751 ἐπὶ
3473 1697 3537 1750 τὰ
3563 1697 3785 1765 χερσυὸίμ”

656 1800 773 1837 rum
797 1794 846 1838 et
874 1783 1133 1854 desuper;
1173 1793 1224 1838 et
1269 1802 1302 1837 a
1343 1786 1508 1853 specie
1541 1784 1839 1838 lumborum
1878 1784 2227 1853 usqucldeor-

2206 1814 2227 1825 -
2325 1786 2421 1840 καὶ
2444 1787 2699 1842 ἀνέλαϐε
2717 1788 2790 1842 τὰ
2809 1790 3091 1859 χερουόὶμ
3119 1788 3225 1854 τὰς
3242 1786 3524 1857 πτέρυγας
3542 1784 3711 1845 αὐτῶν,
3728 1784 3787 1837 καί

654 1892 792 1939 sum,
828 1878 982 1945 quasi
1015 1878 1211 1945 species
1234 1878 1395 1947 ignis.
1425 1885 1475 1930 et
1502 1876 1594 1929 lux
1628 1875 1742 1945 ejus
1768 1876 1821 1928 in
1849 1875 2103 1939 circuitu;
2132 1875 2227 1931 ad-

2208 1906 2227 1917 -
2256 1893 2298 1949 B
2326 1877 2838 1951 ἐμετεωρίσθησαν
2862 1879 2981 1934 ἀπὸ
3013 1880 3125 1948 τῆς
3149 1879 3264 1949 γῆς
3282 1879 3525 1932 ἐνώπιον
3547 1877 3662 1946 ἐμοῦ
3677 1878 3725 1928 ἐν
3742 1876 3789 1939 τῷ

650 1966 917 2037 jicitque:
956 1968 1083 2021 [hcc
1126 1970 1257 2023 visio
1292 1968 1661 2024 similitudinis
1696 1969 1885 2039 gloria:
1922 1969 2216 2025 Domini“.

2207 2012 2216 2025 .
2326 1970 2596 2034 ἐξελθεῖν
2616 1968 2788 2032 αὐτὰ,
2816 1969 2915 2021 καὶ
2939 1971 2992 2022 οἱ
3016 1969 3217 2038 τροχοὶ
3238 1970 3499 2038 ἐχόμενοι
3518 1965 3693 2020 αὐτῶν.
3721 1968 3788 2018 Καὶ

650 2060 923 2127 ἔστησαν
941 2062 1041 2115 ἐπὶ
1064 2063 1137 2117 τὰ
1157 2064 1419 2131 πρόθυρα
1447 2062 1555 2132 τῆς
1578 2064 1776 2130 πύλης
1796 2063 1901 2118 τοῦ
1961 2064 2131 2119 οἴκου
2188 2064 2299 2133 τῆς
2332 2063 2621 2118 ἀπέναντι
2639 2102 2654 2129 ,
2690 2062 2789 2117 καὶ
2826 2062 2975 2125 δόξα
3004 2060 3152 2116 Θεοῦ
3197 2060 3439 2130 Ἰσραὴλ
3468 2056 3538 2129 ἦν
3561 2059 3636 2111 ἐπ’
3661 2056 3791 2111 αὐτῶν

650 2152 944 2221 ὑπεράνω.
989 2154 1151 2225 Ὁρᾷς
1183 2154 1330 2217 ὅπως
1360 2156 1418 2208 ἐν
1447 2154 1656 2218 τούτοις
1687 2155 1747 2207 τὸ
1784 2154 1937 2225 ἅρμα
1962 2153 2058 2206 τοῦ
2088 2153 2222 2207 Θεοῦ
2260 2154 2633 2223 διαγράφεται,
2695 2152 2822 2224 περί
2844 2145 2904 2205 οῦ
2932 2152 3176 2206 λέλεκται
3210 2154 3267 2205 ὲν
3297 2151 3487 2223 ἑτέρῳ,
3515 2150 3572 2203 Τὸ
3594 2145 3789 2217 apparet}

654 2248 799 2301 Θεοῦ
814 2248 1261 2316 μιιριοπλάσιον
1305 2249 1571 2318 χιλιάδες
1618 2251 2065 2316 εὐθηνούντων;
2087 2250 2363 2320 Χερουϐὶμ
2402 2249 2460 2303 δὲ
2484 2245 2550 2320 ἦν
2579 2248 2640 2301 τὸ
2667 2249 2818 2320 ἆρμα
2837 2288 2852 2313 ,
2886 2247 2961 2311 ὼς
2988 2247 3125 2319 ὑπὲρ
3179 2245 3415 2316 κεφαλῆς
3444 2244 3608 2316 θρόνου
3657 2239 3788 2309 ὁμοίω-

654 2356 749 2408 μα,
781 2342 871 2393 καὶ
893 2340 985 2392 ἐπὶ
1005 2340 1175 2411 τούτῳ
1196 2341 1321 2405 δόξα
1349 2344 1576 2414 Κυρίου.
1610 2344 1705 2407 Τίς
1759 2345 1817 2398 δὲ
1874 2348 1907 2415 ἡ
1935 2342 2060 2409 δόξα
2086 2344 2290 2415 Κυρίου
2327 2339 2393 2414 ἦν
2447 2343 2564 2396 κατ’
2598 2341 2771 2413 ἀρχὰς
2807 2341 2904 2412 τῆς
2949 2339 3130 2410 βίϐλου
3163 2337 3415 2407 δηλοῦται
3439 2376 3453 2401 ,
3479 2335 3590 2387 ἔνθα
3620 2334 3788 2403 εἴρηται·

662 2432 951 2496 Ὑπεράνω
976 2432 1095 2485 τῶν
1121 2435 1402 2503 χερουϐἰμ
1441 2436 1520 2499 ὡς
1548 2436 1751 2503 ὅρασις
1778 2432 1859 2506 ἦν
1905 2438 2079 2491 λίθου
2132 2435 2466 2504 σαπφείρου
2485 2472 2503 2499 ,
2536 2435 2798 2503 ὁμοίωμα
2859 2434 3074 2499 θρόνου
3104 2431 3196 2483 ἐπ’
3230 2430 3415 2485 αὐτοῦ
3434 2445 3446 2458 ’
3480 2420 3575 2481 καί
3597 2426 3672 2477 ἐπὶ
3726 2422 3789 2474 τοῦ

650 2522 1011 2591 ὁμοιώματπ
1037 2523 1144 2577 τοῦ
1179 2527 1392 2593 θρόνου
1419 2528 1677 2595 ὁμοίωμα
1713 2528 1793 2592 ὡς
1853 2523 2012 2593 εἶδος
2038 2527 2353 2596 ἀνθρώπου
2405 2527 2651 2580 ἀνωθεν.
2677 2525 2787 2578 Καὶ
2806 2520 2967 2578 εἶδον
2990 2524 3070 2589 ὠς
3089 2522 3235 2591 ὄψιν
3291 2522 3564 2590 ἠλέκτρου
3584 2517 3675 2571 ἀπὸ
3710 2512 3792 2581 (νά.

648 2632 803 2681 σεως
833 2617 1061 2685 ὀσφύος
1096 2616 1207 2683 ἓως
1262 2618 1384 2671 άνω
1404 2635 1420 2651 ο
1463 2619 1564 2673 καὶ
1596 2620 1716 2674 ἀπὸ
1741 2620 2005 2689 ὁράσεως
2057 2622 2288 2690 ὀσφύος
2324 2621 2435 2687 ἕως
2468 2618 2623 2673 κάτω
2643 2658 2660 2685 ,
2711 2619 2791 2685 ὡς
2823 2618 3033 2686 ὅρασις
3069 2614 3295 2686 πυρὸς,
3329 2615 3423 2669 καὶ
3465 2613 3648 2683 φέγγος
3668 2604 3789 2659 αὑτοῦ

648 2711 886 2777 κύκλῳ·
916 2713 1010 2765 καὶ
1042 2711 1281 2781 ἐπιλέγει
1299 2730 1312 2743 ο
1339 2714 1499 2783 Αὕτη
1530 2715 1568 2782 ἠ
1595 2715 1805 2782 ὅρασις
1834 2715 2197 2785 όμοιώματος
2233 2716 2419 2783 δόξης
2444 2714 2684 2782 Κυρίου.

725 2802 887 2857 Vides
943 2804 1217 2873 quomodo
1264 2805 1494 2875 gloriam
1555 2806 1649 2861 Dei
1706 2807 1761 2861 in
1794 2808 1992 2861 throno
2022 2808 2217 2862 seden-

2208 2838 2217 2847 .
2405 2807 2567 2878 Ὁρᾷς
2599 2806 2746 2867 ὅπως
2769 2804 2797 2856 ὁ
2824 2802 2979 2871 λόγος
3009 2801 3106 2873 τὴν
3135 2799 3229 2854 ἐπὶ
3255 2798 3348 2853 τοῦ
3379 2798 3552 2869 θρόνου
3575 2791 3789 2865 ὀχουμένην

648 2905 754 2950 tem
779 2896 1080 2965 explicans,
1111 2897 1338 2952 formam
1376 2898 1611 2954 hominis
1642 2899 2034 2970 descripserit?
2061 2898 2219 2966 Quie-

2205 2930 2219 2940 -
2322 2902 2477 2968 δόξαν
2520 2901 2656 2956 Θεοῦ
2691 2900 3062 2973 διερμηνεύων
3101 2893 3237 2961 εἶδος
3277 2894 3547 2966 ἀνθρώπου
3584 2886 3786 2958 διέγριεζνες

651 3000 776 3038 nam
839 2986 944 3038 alia
1006 2985 1173 3041 fuerit
1219 2986 1310 3041 illa
1363 2987 1601 3043 hominis
1653 2989 1867 3056 forma,
1923 3004 2045 3059 quae
2106 3004 2217 3043 non

2207 3006 2217 3043 ι
2324 2994 2388 3046 Τί
2420 2994 2464 3046 δ’
2492 2992 2557 3047 ἂν
2584 2993 2794 3061 γένοιτο
2823 2991 2980 3045 τοῦτο
3003 2990 3063 3042 τὸ
3095 2984 3233 3051 εἶδος
3260 2987 3353 3041 τοῦ
3386 2983 3636 3054 ἀνθρώπου
3656 3021 3667 3043 ,
3702 2980 3788 3043 ὅπερ

650 3076 766 3146 ipse
809 3075 984 3139 Deus,
1036 3078 1133 3132 sed
1174 3079 1347 3147 gloria
1402 3081 1495 3135 Dei
1540 3080 1685 3136 dicta
1727 3088 1836 3146 est,
1887 3096 2050 3151 quam
2095 3082 2219 3136 uni-

2207 3111 2219 3122 -
2321 3084 2423 3137 οὐκ
2451 3083 2613 3147 αὐτὸς
2667 3085 2695 3136 ὁ
2724 3082 2877 3145 Θεὸς,
2911 3080 3047 3135 ἀλλὰ
3072 3078 3196 3142 δόξα
3228 3078 3322 3131 τοῦ
3352 3076 3479 3130 Θεοῦ
3510 3068 3746 3144 εἴρηται,ἧ
3772 3069 3788 3118 ὁ

647 3168 889 3237 genitum
928 3167 1023 3224 Dei
1054 3168 1290 3224 Verbum
1317 3211 1332 3235 ,
1366 3172 1514 3241 quod
1545 3173 1840 3243 aliquando
1868 3174 2098 3244 gloriam
2122 3172 2216 3229 Dei

2206 3173 2216 3227 i
2325 3171 2616 3243 μονογενὴς
2655 3169 2748 3224 τοῦ
2789 3168 2922 3223 Θεοῦ
2960 3168 3160 3237 Λόγος’
3201 3167 3263 3222 ὃν
3293 3167 3418 3219 ποτὲ
3450 3167 3537 3237 μὲν
3560 3162 3683 3227 δόξαν
3703 3154 3787 3209 Θεοῦ

648 3258 847 3322 Patris,
880 3260 1178 3330 aliquando
1223 3263 1461 3331 speciem
1506 3264 1745 3320 hominis
1790 3273 2012 3335 propter
2041 3265 2219 3320 homi-

2206 3294 2219 3307 -
2320 3260 2413 3315 τοῦ
2458 3261 2671 3332 Πατρὸς
2695 3259 2985 3331 ὀνομάζει,
3032 3256 3162 3310 ποτὲ
3185 3255 3244 3309 δὲ
3273 3252 3407 3318 εἶδος
3436 3251 3678 3323 ἀνθρώπου
3696 3244 3787 3299 δι’ὄν

647 3364 771 3405 nem
802 3366 966 3419 quem
996 3352 1317 3421 assumpsit,
1337 3355 1654 3424 nuncupat?
1682 3355 1843 3424 cujus
1868 3371 1989 3425 quae
2009 3355 2075 3410 ad
2104 3355 2222 3410 dei-

2206 3385 2222 3397 -
2248 3343 2292 3403 C
2321 3353 2605 3423 ἀνείληφεν
2621 3351 2904 3423 ἄνθρωπον
2924 3366 2939 3416 ;
2963 3343 3022 3403 οὗ
3036 3350 3106 3402 τὰ
3128 3349 3226 3420 μὲν
3242 3349 3341 3418 τῆς
3362 3344 3609 3414 θεολογίας
3622 3340 3787 3409 ἠλέκτρῳ

645 3450 813 3499 tatem
845 3445 1168 3515 spectabant
1189 3446 1415 3511 electro,
1452 3447 1632 3502 omnis
1662 3447 1904 3503 materia:
1933 3447 2221 3517 pretiosis-

643 3535 805 3599 simo,
834 3536 1013 3591 simile
1056 3537 1372 3603 dicebatur;
1401 3552 1521 3608 quae
1564 3553 1698 3595 vero
1742 3555 1773 3593 a
1805 3539 2005 3595 lumbis
2049 3554 2220 3609 usque

644 3628 899 3686 deorsum
957 3637 1134 3693 erant,
1188 3629 1353 3684 modo
1409 3630 1610 3700 speciei
1652 3630 1815 3702 ignis,
1871 3630 2034 3686 modo
2080 3630 2218 3686 lucis

641 3722 955 3791 splendori;
979 3721 1108 3791 quia
1143 3737 1265 3791 quae
1283 3721 1338 3776 in
1367 3728 1579 3777 natura!
1604 3722 1945 3777 consortium
1968 3723 2215 3789 veniunt,

642 3815 893 3871 homines
949 3816 1163 3871 scilicet
1206 3816 1263 3870 in
1312 3822 1461 3869 terra
1516 3815 1824 3881 constituti,
1857 3815 2009 3870 vario
2057 3816 2218 3870 modo

640 3908 762 3977 cjus
784 3909 1078 3965 virtutibus
1109 3924 1249 3978 opus
1272 3909 1476 3963 habent
1506 3926 1519 3961 :
1560 3924 1687 3962 nam
1718 3909 1757 3963 ii
1789 3909 1883 3979 qui
1916 3909 2035 3964 lucc
2053 3908 2217 3979 digna

642 3999 871 4063 faciunt,
891 3999 1232 4053 illuminante
1254 3998 1307 4051 vi
1336 3998 1609 4070 indigent;
1642 3998 1734 4068 qui
1764 4013 1895 4053 vero
1914 3998 2036 4068 igne
2053 3998 2216 4069 digna

640 4096 976 4158 perpetrant,
1009 4088 1367 4141 comburente
1414 4096 1469 4141 et
1517 4087 1716 4142 ultrice
1766 4087 1991 4142 virtute.
2042 4072 2218 4141 Guile-

640 4179 807 4231 stium
840 4193 1003 4247 porro
1047 4176 1311 4247 imagines
1351 4184 1406 4231 et
1437 4178 1680 4248 symbola
1728 4176 2000 4232 adornare
2022 4177 2215 4247 jussus

641 4266 876 4336 Moyses,
900 4267 1182 4323 cherubim
1210 4283 1275 4322 ex
1308 4282 1444 4322 auro
1476 4267 1713 4323 confecit
1745 4286 1760 4323 :
1787 4268 1903 4323 haec
1923 4282 2054 4323 vero
2074 4283 2215 4323 arca:

639 4358 972 4422 insidebant,
1026 4359 1083 4412 in
1122 4372 1358 4429 quorum
1419 4356 1599 4412 medio
1649 4357 2093 4428 pr0pitiatorium
2144 4374 2212 4414 ex

636 4464 775 4504 auro
832 4448 1035 4505 factum
1087 4449 1464 4505 consistebat:
1497 4458 1722 4519 eratque
1774 4449 2211 4520 pr0pitiatorium

637 4541 693 4595 in
725 4542 904 4596 medio
929 4542 1212 4597 cherubim
1246 4541 1450 4611 aurigae
1477 4540 1653 4595 instar
1686 4541 1823 4610 ipsis
1854 4540 2167 4611 impositum
2193 4558 2209 4607 ;

637 4634 712 4688 ita
765 4644 826 4688 ut
858 4633 1300 4705 pr0pitiatorium
1332 4633 1466 4687 illud
1506 4649 1573 4689 ex
1604 4648 1738 4688 auro
1767 4632 1994 4698 factum,
2031 4632 2210 4703 imago

634 4732 689 4780 et
718 4726 998 4797 exemplar
1028 4734 1177 4782 esset
1205 4725 1326 4795 ejus
1355 4725 1449 4795 qui
1482 4740 1649 4796 super
1677 4724 1960 4779 cherubim
1998 4724 2054 4779 in
2081 4722 2210 4779 Eze-

634 4818 809 4873 chiele
849 4818 1112 4887 propheta
1142 4817 1295 4874 visus
1326 4825 1441 4884 est;
1472 4832 1633 4887 quem
1668 4816 1909 4872 Verbum
1941 4831 2064 4872 esse
2110 4815 2204 4870 Dei

633 4909 1207 4963 commonstravimus.
1238 4907 1420 4974 Quare
1457 4908 1676 4963 divinus
1698 4907 1994 4978 Apostolus
2027 4906 2204 4976 ipsum

636 4996 871 5051 Verbum
921 4999 1362 5068 pr0pitiatorium
1408 5010 1586 5063 vocat,
1617 5000 1806 5055 dicens
1844 5016 1857 5052 :
1889 4998 2055 5065 Quem
2089 5013 2207 5065 pro-

631 5089 805 5155 posuit
856 5086 992 5140 Deus
1041 5089 1467 5157 propitiatorium
1514 5105 1605 5158 per
1649 5090 1805 5158 ﬁdem
1856 5089 1910 5142 in
1952 5088 2204 5159 sanguine

631 5180 743 5247 ejus
776 5180 843 5231 ⁸⁵.
886 5177 1011 5232 llaec
1042 5186 1223 5232 autem
1270 5194 1301 5232 a
1332 5179 1515 5250 Moyse
1560 5195 1627 5234 cx
1655 5194 1790 5234 auro
1823 5179 2051 5249 ﬁgurate
2078 5194 2205 5233 con-

634 5272 810 5336 fecta,
865 5271 1148 5325 cherubim
1202 5271 1325 5325 dico
1363 5283 1417 5327 et
1462 5273 1946 5343 pr0pitiatorium,
2001 5274 2202 5342 populo

632 5364 895 5434 praeibam
928 5363 982 5417 in
1022 5362 1339 5426 solitudine,
1375 5380 1561 5418 coram
1595 5364 1874 5435 Ephraim,
1916 5365 2199 5435 Bcnjamin

631 5463 687 5511 et
720 5456 989 5512 Manasse.
1020 5454 1156 5509 Nam
1181 5455 1237 5509 in
1278 5456 1427 5510 exitu
1461 5456 1749 5511 duodecim
1778 5458 2040 5524 tribuum,
2077 5466 2203 5513 ante

631 5559 815 5599 arcam
851 5553 964 5600 tres
993 5545 1172 5601 tribus
1215 5543 1783 5608 castrametabantur,
1818 5560 2013 5614 nempe
2038 5542 2200 5609 Juda,

632 5637 881 5692 lssachar
909 5645 963 5692 et
984 5636 1226 5692 Zabulon
1252 5654 1266 5703 ;
1298 5652 1479 5690 arcam
1511 5636 1637 5690 item
1669 5644 1777 5691 trcs
1804 5636 1977 5691 tribus
2008 5651 2202 5705 seque-

2316 3443 2395 3514 τῷ
2415 3444 2594 3514 πάσης
2618 3442 2747 3513 ῦλης
2765 3439 3181 3513 τιμαλφεστέρῳ
3202 3439 3565 3512 παρεικάζετο,
3591 3433 3646 3486 τὰ
3663 3432 3703 3483 δὲ
3722 3426 3787 3480 ἀπὸ

2316 3532 2516 3603 ὀσφύος
2542 3534 2637 3586 καὶ
2665 3532 2835 3597 κάτω,
2868 3531 2943 3604 πὴ
2968 3530 3063 3602 μὲν
3091 3531 3283 3605 ὁράσει
3311 3531 3493 3602 πυρὸς,
3520 3528 3585 3597 πή
3606 3525 3650 3577 δὲ

2317 3624 2542 3694 φέγγει·
2567 3624 2752 3696 ἐπειδὴ
2778 3624 2845 3677 τὰ
2867 3625 2932 3677 ὲκ
2960 3624 3227 3694 γενέσεως
3255 3624 3473 3695 μέτοχα,
3493 3621 3574 3673 καὶ
3590 3608 3786 3676 οἱέπὶτῆς

2315 3717 2593 3789 ἄνθρωποι
2627 3718 2898 3789 διαφόρων
2943 3717 3108 3770 αὐτοῦ
3141 3716 3421 3788 δυνάμεως
3454 3712 3722 3767 ὲπιδέονται·
3757 3699 3786 3751 ὑί

2319 3809 2418 3879 μὲν
2441 3808 2618 3878 φωτὸς
2641 3807 2766 3873 ἄξια
2793 3808 3097 3878 πράξαντες
3119 3808 3219 3878 τῆς
3249 3804 3560 3877 φωτιστικῆς
3577 3794 3783 3871 ἐνεργείας,

2314 3900 2364 3951 οἱ
2384 3898 2441 3952 δὲ
2461 3899 2530 3953 τὰ
2555 3899 2726 3969 πυρὸς
2754 3898 2881 3964 ἄξια
2903 3898 3002 3969 τῆς
3027 3898 3331 3969 καυπικῆς
3352 3897 3444 3951 καὶ
3466 3887 3671 3965 τιμωροῦ
3686 3882 3785 3939 δυνῶ

2318 4006 2481 4061 μεως.
2549 3990 2668 4044 Τῶν
2700 3990 2747 4044 δ’
2781 3989 3049 4062 οὐρανίων
3078 3988 3295 4052 εἰκόνας
3328 3990 3419 4042 καὶ
3449 3982 3655 4055 σύμϐολα
3676 3990 3784 4070 xast

2317 4082 2578 4136 σκευάσαι
2594 4084 2727 4136 Μωῦ
2735 4082 2832 4153 σῆς
2848 4080 3178 4146 κελευσθεὶς,
3194 4081 3263 4135 τὰ
3283 4099 3344 4153 χε
3350 4079 3534 4153 ρουϐἰμ
3546 4073 3635 4129 ἀπὸ
3652 4081 3785 4141 χρυσῡυ

2314 4171 2715 4225 κατεσκεύασεν
2735 4187 2748 4202 ο
2782 4170 3033 4224 ἐπέκειτό
3057 4187 3117 4223 τε
3141 4169 3318 4225 ταῦτα
3350 4174 3412 4241 τῇ
3444 4162 3657 4232 κιϐωτῷ»

2312 4262 2503 4335 ἔχοντα
2529 4263 2592 4317 τὸ
2620 4263 2927 4335 ἱλαστήριον
2949 4265 3014 4317 ὲκ
3035 4263 3239 4334 χρυσοῦ
3267 4239 3631 4332 πεποιημένον
3660 4248 3725 4304 καἱ
3744 4239 3787 4314 ἦν

2312 4358 2373 4409 τὸ
2398 4357 2706 4429 ἱλαστήριον
2734 4356 2900 4428 μέσον
2929 4357 3036 4410 τῶν
3061 4355 3329 4429 χερουϐὶμ
3358 4354 3552 4426 ἡνιόχου
3572 4339 3785 4429 δίκηνέπιῖ

2312 4449 2564 4519 κείμενον
2596 4449 2776 4512 αὐτοῖς
2796 4466 2809 4479 ο
2842 4448 2972 4502 ὥστ’
2999 4448 3137 4504 εἰναι
3171 4451 3356 4505 εἰκόνα
3384 4448 3470 4503 καὶ
3496 4444 3639 4497 τύπον
3658 4434 3701 4486 τὸ
3718 4426 3786 4482 ἀπὺ

2312 4539 2514 4611 χρυσοῦ
2551 4540 2919 4613 πεποιημένον,
2947 4542 3258 4614 ἱλαστήριον
3304 4539 3401 4596 τοῦ
3435 4541 3488 4591 ὲν
3519 4534 3586 4604 τῷ
3609 4524 3784 4599 προφήτη

2325 4628 2573 4700 Ἐςεκιῆλ
2600 4630 2739 4700 ὑπὲρ
2763 4630 2832 4683 τὰ
2866 4613 3134 4703 χερουσὶρ.
3164 4631 3446 4702 ὀφθέντος·
3475 4626 3528 4678 ὃν
3558 4613 3785 4677 ἀποδείκνδ·

2316 4738 2413 4791 μεν
2440 4717 2577 4774 εἶναι
2604 4721 2696 4775 τὸν
2722 4722 2893 4792 Λόγον
2922 4723 3015 4777 τοῦ
3043 4723 3201 4777 Θεοῦ.
3219 4722 3380 4776 Ὅθεν
3404 4723 3431 4774 ὁ
3450 4719 3575 4777 05M
3603 4707 3782 4792 Ἀπόπθί

2310 4789 2399 4873 λος
2435 4810 2739 4884 ἱλαστήριον
2766 4789 2928 4868 αῦτὸν
2958 4814 3115 4869 καλεί
3142 4813 3313 4884 λέγων
3332 4829 3346 4842 ⁶
3391 4814 3494 4864 ⁸ον
3532 4789 3783 4873 προέθετοό

2313 4904 2459 4970 Θεὸς
2485 4905 2838 4974 ἱλαστήριον
2860 4906 2959 4961 διὰ
2979 4907 3239 4973 πίστεως
3258 4905 3329 4959 ἐν
3350 4901 3428 4969 τῷ
3449 4894 3611 4955 αὐτοῦ
3631 4890 3780 4957 αἵματί·

2310 4994 2493 5049 Ταῦτα
2531 4996 2588 5049 δὲ
2617 4996 2861 5063 τυπικῶς
2885 4997 3035 5069 παρὰ
3059 4999 3283 5052 Μωῦσεϊ
3300 4996 3386 5050 διὰ
3414 4987 3596 5065 χρυσοῦ
3623 4990 3782 5041 πεποιηο

2314 5084 2470 5155 μένα,
2498 5085 2640 5156 λέγω
2666 5087 2724 5141 δὲ
2748 5086 2817 5141 τὰ
2848 5086 3112 5160 χερουϐὶμ
3137 5088 3230 5141 καὶ
3257 5087 3318 5139 τὺ
3348 5082 3640 5152 ἱλαστήριον,

2309 5181 2456 5247 γείτο
2482 5179 2573 5233 τοῦ
2599 5181 2656 5233 ἐν
2687 5184 2754 5251 τῇ
2788 5156 2980 5253 ἐρήμῳ
3007 5156 3137 5237 λαοῦ
3168 5180 3305 5235 κατὰ
3330 5179 3594 5250 πρόσωπον
3620 5156 3783 5256 Ἐ’-ἒρσῗμ

2309 5272 2402 5324 καὶ
2435 5272 2689 5343 Βενιαμὶν
2724 5275 2817 5328 καὶ
2845 5275 3131 5345 Μανασσῆ.
3199 5275 3286 5327 Ἐν
3314 5272 3420 5342 γὰρ
3444 5270 3504 5339 τῇ
3536 5257 3691 5333 “Pii-3
3713 5262 3782 5345 ῗων

2310 5362 2387 5414 ιϐ’
2413 5364 2593 5432 φυλῶν
2622 5364 2929 5437 ἔμπροσθεν
2965 5344 3187 5439 μὲν
3234 5363 3460 5419 κιϐωτοῦ
3501 5344 3783 5439 παρενέδαλῗν

2306 5430 2472 5527 ‘i”M1
2497 5430 2667 5526 τρεῖς.
2714 5430 2905 5523 ’ἰούδα,
2935 5430 3029 5513 καὶ
3068 5430 3308 5529 Ἰσάχαρ,
3335 5456 3424 5510 καὶ
3448 5430 3779 5529 Ζαϐουλὼνπῖῖ

2306 5518 2471 5602 ποντο
2490 5518 2548 5603 δέ
2652 5518 2875 5622 κιϐωτῷ
2893 5518 3097 5622 ομοίως
3119 5518 3278 5620 φυλαί
3295 5518 3460 5618 τρεῖς,
3493 5532 3703 5607 Ἐφραῖμ
3718 5518 3781 5574 καὶ

2305 5641 2594 5713 Βενιαμὶν,
2640 5644 2734 5697 καὶ
2779 5645 3047 5715 Μανασσῆ
3067 5686 3082 5710 ,
3118 5644 3257 5699 κατὰ
3288 5643 3451 5695 νώτου
3482 5626 3780 5715 ἀκολουθουςει

632 5728 849 5791 bantur,
893 5745 1083 5798 nempe
1114 5730 1390 5799 liphraim,
1432 5727 1711 5796 Beiijamin
1752 5734 1805 5782 ct
1855 5726 2126 5793 Manassc,
2168 5746 2198 5783 a

2197 5776 2198 5783 η
2302 5735 2410 5796 τοῖς
2438 5708 2717 5805 χερουϐἔμ.
2736 5735 2824 5789 Διὸ
2845 5708 3091 5790 λέλεκται
3114 5733 3367 5789 ἐνταῦθα’
3387 5721 3668 5799 Ἑμὲάιηθι
3686 5708 3778 5765 καθ’

710 5842 751 5873 ⁸³
788 5843 980 5900 Ezcch.
1016 5863 1066 5911 χ,
1101 5844 1161 5898 l8

1261 5847 1303 5877 ⁸³
1342 5845 1535 5903 Ezcch.
1573 5863 1619 5913 ι,
1655 5847 1741 5901 “lli.
1822 5848 1863 5879 ⁸⁸
1894 5846 2048 5903 Rom.
2090 5864 2171 5915 ιιι,
2207 5850 2295 5907 25.
