4004 6534
244 405 352 463 957

1411 408 1917 467 COMMENTARIA
1952 407 2021 464 1N
2060 407 2399 465 PSALMOS.

3401 414 3509 472 958

242 520 465 591 ήμενος
496 519 593 573 ἐπὶ
626 520 745 574 τῶν
799 521 1081 592 χερουϐὶμ
1121 532 1401 579 εναντιον
1439 526 1702 595 Ἐφραῒμ,
1736 528 1819 579 καὶ

1939 533 2094 594 tergo
2115 524 2402 579 cherubim
2429 532 2744 593 sequentes.
2770 522 3132 590 Quamobrem
3157 526 3244 581 hic
3265 524 3466 581 dicitur
3494 548 3506 581 :

247 613 554 681 Βενιαμὶν,
590 613 688 665 καὶ
714 614 1041 683 Μανασσῆ.
1077 615 1169 668 Διὸ
1203 616 1347 670 κατὰ
1372 618 1463 671 τὸν
1506 619 1734 672 Ἀκύλαν
1758 620 1833 673 εῐ-

249 719 447 779 ρηταιο
496 705 804 773 Καθήμενε
848 706 971 772 τοῖς
1006 707 1289 776 χερουϐὶμ
1313 747 1328 771 ,
1375 707 1698 777 ἐπιφάνηθι
1746 709 1832 775 εὶς

244 799 573 866 πρόσωπον
610 799 880 867 Ἐφρατμ,
914 798 1014 851 καὶ
1044 799 1347 868 Βενιαμὶν,
1376 800 1474 853 καὶ
1506 799 1829 869 Μανασσῆ.

243 889 317 942 Σὺ
345 888 475 961 γὰρ,
503 889 688 959 φησὶν,
719 891 747 942 ὁ
769 892 850 953 εις
870 891 1163 963 πρόσωπον
1188 891 1285 945 καὶ
1305 890 1536 945 ἐνώπιον
1570 892 1828 965 Ἐφραῒμ,

243 979 339 1033 καὶ
357 980 634 1052 Βενιαμὶν,
666 981 760 1034 κα)⁸
783 983 1050 1053 Μανασσῆ
1082 983 1554 1054 προπορευόμενος
1580 986 1828 1057 ὲμφόινη-

244 1070 317 1125 θι.
367 1072 740 1126 Ἀνακαλεῖται
777 1073 833 1125 δὲ
864 1075 923 1125 ἐν
953 1073 1165 1138 τούτοις
1190 1075 1282 1128 τὸν
1318 1075 1412 1128 τοῦ
1442 1075 1578 1130 Θεοῦ
1607 1077 1779 1145 Λόγον
1802 1080 1831 1132 ό

244 1162 535 1234 Προφήτης
561 1163 667 1216 ἀπὸ
686 1163 795 1217 τῶν
812 1152 1237 1237 γνωριζομένων
1249 1166 1324 1238 τῷ
1347 1166 1460 1238 λαῷ
1481 1167 1580 1240 τὴν
1605 1170 1830 1241 ἐπίκλη-

242 1270 331 1307 σιν
358 1256 712 1326 ποιούμενοςο
743 1255 859 1309 ἀλλ’
893 1258 995 1310 οὐκ
1037 1257 1147 1311 ἀπὸ
1171 1258 1274 1329 τῆς
1303 1259 1579 1335 θεοπτίας,
1614 1261 1721 1330 τῆς
1753 1262 1830 1335 τῷ

240 1349 506 1420 Προφήτῃ
539 1348 789 1420 Ἐζεκιὴλ
810 1350 1167 1421 τεθεαμένης.
1190 1353 1443 1405 Δυσωπεῖ
1462 1352 1518 1405 δὲ
1546 1354 1636 1408 τὸν
1660 1372 1830 1425 παρα-

240 1437 573 1509 καλούμενον
601 1439 689 1493 διὰ
715 1440 816 1511 τῆς
842 1442 1039 1513 εὐχῆς·
1084 1443 1149 1496 El
1173 1442 1282 1516 γὰρ
1312 1444 1635 1515 ὑπέμεινας,
1672 1448 1825 1517 φησὶ,

239 1530 419 1601 καιρῷ
439 1548 545 1585 τινι
568 1532 890 1603 προοδεῦσαι
915 1534 1239 1607 ἀνθρώπων,
1266 1536 1488 1590 καὶτῶν
1512 1538 1828 1609 προλεχθει-

238 1623 351 1675 σῶν
385 1624 691 1695 ἡγήσασθαι
722 1626 903 1696 φυλῶν
926 1668 940 1693 ,
966 1628 1061 1680 καὶ
1090 1628 1185 1682 νῦν
1218 1631 1332 1693 τοῖς
1358 1629 1541 1694 αὐτοῖς
1571 1631 1826 1701 χειμαζο-

237 1713 423 1783 μένοις
455 1711 547 1769 xui.
569 1717 963 1788 ἀπολλυμένοις
994 1718 1271 1789 ἐμφάνηθι
1294 1737 1308 1751 ο
1330 1720 1425 1773 καὶ
1454 1720 1518 1774 σύ
1543 1738 1607 1789 γε
1641 1722 1824 1787 αὐτὸς,

232 1806 263 1857 ὁ
297 1807 393 1859 καὶ
425 1808 546 1861 τότε
590 1810 865 1880 ποιμάνας
901 1811 995 1863 καὶ
1042 1814 1500 1884 προηγησάμενος
1536 1815 1631 1868 τοῦ
1671 1815 1823 1878 λαοῦ,

231 1898 538 1968 ἐξέγειρον
574 1871 700 1971 τὴν.
731 1871 1101 1958 δυναστείαν
1280 1948 1295 1969 ,
1326 1871 1423 1959 καὶ
1462 1871 1603 1963 ἐλθὲ
1639 1911 1726 1973 εὶς
1754 1871 1823 1962 τό
1857 1871 1900 1932 Β

231 1987 432 2042 σῶσαι
464 1989 640 2058 ἡμᾶς.
689 1992 942 2045 Ἰκετεύει
969 2011 1028 2046 τε
1067 1997 1125 2048 ἐν
1153 1996 1365 2059 τούτοις
1386 1997 1484 2068 τὴν
1513 2000 1592 2061 εἰς
1614 1998 1825 2070 ἀνθρὼ-

229 2096 373 2144 πους
406 2083 569 2136 αὑτοῦ
597 2084 778 2153 ἄφιξιν
811 2088 1140 2158 ποιήσασθαι
1172 2090 1267 2142 καὶ
1292 2092 1419 2154 τοὺς
1443 2092 1823 2163 ἀποστραφέν-

226 2188 334 2237 τας
368 2175 463 2227 καὶ
514 2178 572 2227 ἐν
605 2177 919 2231 ἀποπτῶσει
950 2182 1275 2251 γενομένους
1308 2182 1470 2236 πάλιν
1512 2184 1819 2250 ἀναλαϐεῖν,

228 2266 396 2318 πάλιν
426 2267 520 2319 καὶ
553 2269 634 2329 εἰς
667 2270 828 2323 αὐτὸν
853 2272 1178 2343 ἐπιπρέψαι
1213 2275 1457 2345 ποιῆσαι.
1516 2276 1607 2329 Διὸ
1633 2277 1817 2345 λέγει·

240 2357 298 2409 '0
343 2360 508 2425 Θεὸς,
542 2361 913 2431 ἐπέστρεφον
946 2362 1104 2433 ἡμᾶς
1129 2365 1228 2417 καὶ
1255 2367 1556 2435 ἐπίφανον
1584 2368 1651 2421 τὸ
1680 2370 1821 2437 πρό-

226 2451 441 2503 σωπόν
477 2465 594 2505 σου
613 2491 628 2513 ,
662 2452 759 2505 καὶ
790 2456 1206 2523 σωθησόμεθα.
1257 2458 1435 2525 Κύριε
1463 2461 1496 2512 ό
1525 2458 1669 2526 Θεὸς
1700 2459 1821 2513 τῶν

230 2539 549 2610 δυνάμεων
569 2583 584 2607 ,
639 2543 749 2610 ἕως
788 2546 933 2598 πότε
963 2546 1161 2615 ὀργίζᾷι
1187 2547 1285 2601 ἐπὶ
1315 2548 1430 2617 τὴν
1465 2550 1813 2620 προσευχὴν

224 2632 352 2687 τῶν
391 2633 629 2689 δούλων
671 2637 824 2702 σοῦ;
885 2638 941 2689 '0
971 2636 1265 2710 λεγόμενος
1293 2642 1387 2693 ἐπὶ
1415 2642 1510 2695 τοῦ
1550 2644 1819 2713 παρόντος

228 2726 438 2798 Κύριος
468 2730 563 2781 καὶ
594 2729 725 2794 Θεὸς
750 2730 860 2784 τῶν
888 2731 1200 2804 δυνάμεων,
1235 2735 1397 2799 αὐτὸς
1438 2732 1507 2807 ἦν
1550 2738 1756 2801 ἐκεῖνος
1786 2738 1815 2789 ὁ

229 2819 536 2889 ποιμαίνων
563 2821 653 2875 τὸν
685 2822 939 2893 ἀληθινὸν
983 2825 1199 2897 Ἰσραὴλ
1218 2866 1232 2890 ,
1268 2828 1363 2879 καὶ
1386 2828 1659 2899 όδηγήσας
1685 2831 1817 2884 ὡσεὶ

228 2912 501 2982 πρόϐατον
522 2915 613 2968 τὸν
642 2916 859 2987 Ἰωσὴφ,
888 2918 981 2971 καὶ
1003 2919 1031 2970 ὁ
1054 2920 1361 2991 καθήμενος
1382 2922 1474 2974 ἐπὶ
1499 2920 1608 2975 τῶν
1630 2940 1818 2993 χερου-

227 3002 333 3071 ὕίμ
350 3018 364 3032 ⁸
391 3002 695 3073 προοδεύων
713 3022 771 3058 τε
797 3006 1036 3061 ἐναντίον
1066 3008 1305 3081 Ἐφραῒμ
1328 3010 1419 3063 καὶ
1445 3011 1701 3081 Βενιαμὶν
1722 3015 1816 3067 καὶ

226 3092 523 3163 Μανασσῆ.
555 3094 760 3166 Κύριος
789 3097 842 3151 δὲ
866 3101 960 3154 καὶ
993 3101 1125 3167 Θεὸς
1149 3102 1254 3155 τῶν
1274 3103 1556 3174 δυνάμεων
1577 3105 1813 3176 εἴρηται,

1934 615 2333 683 Manifestare,
2399 619 2488 687 qui
2556 618 2701 671 sedes
2758 633 2913 684 super
2972 616 3279 679 cherubim,
3332 634 3510 671 coram

1935 707 2218 777 Ephraim,
2260 708 2544 777 Benjamin
2593 720 2643 763 et
2696 708 2993 766 Manasse..
3032 707 3156 763 Ideo
3210 709 3519 763 secundum

1931 798 2187 870 Aquilam
2235 800 2443 857 dicitur
2479 819 2493 855 :
2530 801 2778 855 Insidens
2823 816 2976 868 super
3013 800 3299 865 cherubim,
3335 805 3510 855 mani-

1932 894 2131 963 festare
2160 895 2215 948 in
2244 895 2383 964 facie
2419 893 2697 964 Ephraim,
2732 892 3012 961 Benjamin
3043 902 3093 946 et
3134 891 3404 946 Manasse.
3426 890 3508 947 Tu

1930 987 2099 1053 enim,
2137 986 2336 1057 inquit,
2376 987 2470 1056 qui
2511 986 2565 1040 in
2608 984 2747 1039 facie
2788 985 3065 1055 Ephraim,
3120 983 3402 1052 Beniamin
3458 993 3512 1038 et

1931 1075 2185 1131 Manasse
2233 1076 2508 1145 procedis,
2544 1073 2917 1129 manifestare.
2964 1071 3021 1125 In
3056 1072 3143 1127 his
3163 1081 3344 1125 autem
3375 1069 3511 1123 Pro-

1930 1168 2091 1239 pheta
2126 1166 2220 1221 Dei
2251 1165 2488 1221 Verbum
2537 1174 2751 1227 evocat,
2776 1165 2844 1219 ab
2884 1164 2954 1217 iis
2994 1180 3115 1233 qua:
3154 1162 3351 1232 mpulo
3383 1168 3509 1215 nota

1928 1267 2088 1314 crant
2115 1273 2314 1313 nomen
2348 1257 2469 1327 ejus
2497 1266 2781 1319 mutuans,
2818 1254 2910 1309 sed
2947 1271 3054 1309 non
3085 1270 3116 1309 a
3166 1255 3349 1307 divina
3379 1252 3509 1307 Eze-

1929 1351 2122 1407 chielis
2146 1351 2379 1405 visione.
2412 1348 2595 1420 Ipsum
2628 1356 2811 1402 autem
2842 1349 2926 1402 his
2947 1347 3126 1401 verbis
3154 1345 3510 1415 supplicando

1929 1444 2223 1514 compellat
2264 1461 2278 1498 :
2312 1441 2367 1496 Si
2393 1442 2632 1511 quodam
2666 1450 2931 1511 tempore,
2958 1441 3154 1511 inquit,
3197 1439 3508 1495 hominibus

1928 1538 2141 1593 anteire
2187 1537 2447 1606 dignatus
2491 1551 2574 1599 es,
2608 1540 3049 1603 memoratasque
3074 1533 3250 1588 tribus
3286 1532 3505 1597 ducere,

1929 1643 2078 1684 nunc
2111 1628 2246 1699 ipsis
2268 1627 2669 1683 ﬂuctuantibus
2692 1633 2752 1682 et
2786 1626 3145 1696 pereuntibus
3173 1639 3403 1694 appare;
3424 1632 3504 1689 tu,

1928 1721 2175 1792 inquam,
2210 1720 2328 1791 ipse
2370 1720 2464 1790 qui
2497 1719 2628 1774 olim
2680 1718 2941 1800 populum
2984 1716 3246 1787 pascebas
3294 1716 3508 1786 ipsique

1929 1814 2198 1879 anteibas,
2235 1814 2409 1867 excita
2437 1813 2727 1881 potentiam
2763 1822 2910 1865 tuam
2953 1820 3001 1864 et
3050 1810 3185 1875 veni,
3232 1819 3289 1862 ut
3334 1809 3506 1863 salvos

1927 1904 2099 1973 facias
2134 1920 2251 1958 nos.
2286 1901 2384 1957 His
2412 1915 2545 1957 vero
2588 1901 2859 1971 supplicat
2889 1906 2949 1953 ut
2980 1899 3046 1954 ad
3081 1897 3332 1953 homines
3361 1913 3509 1952 acce-

1925 1995 2039 2057 dat,
2062 2002 2118 2048 et
2169 2009 2267 2048 eos
2293 1992 2390 2063 qui
2429 1991 2608 2047 aversi
2641 1998 2697 2045 et
2741 1990 2879 2060 lapsi
2914 1999 3090 2053 erant,
3126 1988 3321 2043 iterum
3352 2004 3508 2042 resu-

1925 2091 2061 2149 mat,
2096 2084 2294 2138 iterum
2327 2082 2396 2137 ad
2452 2097 2513 2137 se
2564 2088 2875 2135 convertat.
2927 2077 3273 2148 Quapropter
3319 2078 3453 2132 dicit
3491 2098 3504 2134 :

1924 2176 2088 2241 Deus,
2114 2186 2353 2230 converte
2378 2192 2496 2237 nos,
2525 2183 2575 2228 et
2628 2176 2844 2227 ostende
2872 2172 3064 2241 {aciem
3093 2182 3259 2237 tuam,
3293 2181 3341 2225 et
3373 2172 3508 2226 salvi

1921 2267 2217 2320 erimus.—
2233 2264 2398 2319 Vsns.
2433 2265 2486 2319 5.
2513 2262 2736 2316 Domine
2756 2261 2898 2315 Deus
2941 2262 3218 2325 virtutum,
3244 2278 3510 2332 quousque

1922 2356 2172 2409 irasceris
2208 2370 2365 2423 super
2396 2354 2691 2406 orationem
2731 2367 3003 2405 seruorum
3033 2353 3289 2405 tuorum?
3320 2349 3421 2415 Qui
3452 2352 3507 2405 in

1921 2448 2178 2519 pmsenti
2199 2446 2405 2501 dicitur
2454 2444 2719 2499 Dominus
2752 2450 2806 2497 et
2832 2442 2978 2497 Deus
3001 2442 3291 2507 virtutum,
3326 2443 3509 2512 isipse

1918 2550 2038 2597 erat
2082 2539 2178 2610 qui
2242 2538 2505 2609 pascebat
2559 2551 2749 2592 verum
2786 2532 3070 2600 lsraelem,
3121 2544 3177 2589 et
3206 2533 3483 2593 dedm-eha

1918 2634 2065 2689 sicut
2101 2647 2256 2687 ovem
2281 2628 2506 2700 Joseph,
2530 2636 2585 2684 et
2613 2628 2709 2698 qui
2740 2627 2966 2684 sedebat
2999 2641 3167 2697 super
3198 2626 3506 2694 cherubim,

1917 2734 1972 2782 et
2001 2728 2096 2798 qui
2124 2723 2412 2780 incedebat
2441 2737 2627 2776 coram
2656 2719 2940 2790 Ephraim,
2980 2718 3266 2788 Benjamin
3304 2728 3358 2773 et
3386 2717 3505 2773 Ma-

1918 2836 2100 2875 nasse.
2147 2817 2414 2873 Dominus
2445 2823 2625 2869 autem
2670 2822 2725 2869 et
2785 2812 2928 2868 Deus
2968 2813 3230 2867 virtutum
3280 2812 3503 2879 dicitur,

1918 2922 1979 2967 ut
2007 2912 2137 2966 alibi
2176 2910 2287 2964 dux
2316 2908 2592 2964 exercitus
2622 2914 2677 2961 et
2713 2905 2936 2961 virtutis
2962 2902 3201 2965 Domini.
3226 2918 3291 2958 ac
3320 2905 3503 2975 magni

1921 3004 2139 3060 consilii
2173 3001 2435 3075 Angelus.
2462 2999 2591 3055 Jesu
2624 2999 2809 3068 itaque
2856 2995 3063 3068 Moysis
3084 2997 3417 3062 successori,
3450 2999 3506 3052 in

1920 3096 2095 3152 forma
2140 3094 2380 3150 hominis
2409 3106 2680 3163 apparens
2721 3089 2847 3160 quis
2882 3090 3000 3159 ipse
3028 3095 3176 3144 esset
3204 3086 3505 3143 conﬁteba-

226 3187 308 3249 ὡς
337 3187 395 3239 ἐν
438 3188 645 3258 ἑτέροις
678 3190 1116 3263 ἀρχιστράτηγος
1155 3196 1437 3267 δυνάμεως
1472 3198 1677 3267 Κυρίου
1725 3198 1818 3250 καὶ

1922 3198 2035 3251 tur.
2077 3189 2267 3245 dicens
2302 3207 2314 3242 :
2354 3185 2466 3256 Ego
2497 3201 2616 3239 sum
2663 3185 2774 3237 dum
2816 3183 3144 3237 exercituum
3198 3191 3249 3235 et
3296 3183 3504 3237 virtutis

229 3279 476 3351 μεγάλης
490 3280 972 3353 βουλῆςἋγγελος.
986 3286 1076 3357 Τῷ
1095 3288 1192 3359 μὲν
1207 3284 1299 3341 οὖν
1314 3289 1819 3358 διαδόχῳΜωῦσέως

1923 3281 2139 3337 Domini
2167 3281 2232 3335 ⁸⁸.
2270 3278 2329 3333 ln
2349 3278 2487 3334 Isaia
2511 3293 2640 3333 vero
2669 3275 2875 3331 dictum
2902 3285 2988 3330 est
3012 3294 3027 3331 :
3070 3273 3213 3329 Puer
3240 3286 3396 3328 natus
3426 3286 3505 3330 est

240 3370 417 3442 Ἰησοῦ
438 3414 453 3437 ,
489 3374 546 3425 ὲν
583 3375 821 3445 σχήματι
855 3377 1046 3448 ἀνδρὸς
1080 3381 1303 3448 φανεὶς,
1338 3380 1529 3434 ἑαυτὸν
1551 3382 1819 3453 ὡμολόγει

224 3465 376 3527 ὅστις
390 3459 458 3535 ἦν
479 3464 651 3533 λέγων
670 3482 681 3494 °
718 3466 864 3535 Ἐγώ
884 3471 1001 3538 εὶμι
1016 3471 1492 3541 ἀρχιστράτηγος
1514 3473 1819 3544 δυνάμεως

226 3557 474 3625 Κυρίου.
509 3558 595 3610 Ἐν
620 3558 676 3610 δὲ
699 3557 774 3629 τῷ
801 3559 1000 3631 Ἡσαΐᾳ
1024 3560 1307 3628 λέλεκται,
1324 3564 1406 3616 ὅτι
1427 3564 1672 3617 Παιδίον
1694 3565 1820 3634 ἐγε-

225 3648 385 3716 νήθη
418 3650 566 3721 ἡμῖν
588 3690 605 3715 ,
634 3652 765 3718 υἱὸς
790 3654 888 3707 καὶ
919 3654 1097 3722 ἐδόθη
1129 3655 1294 3724 ἡμῖν.
1353 3653 1435 3712 οὗ
1464 3657 1503 3723 ἠ
1536 3658 1691 3727 ἁρχὴ
1717 3659 1816 3714 ἐπὶ

227 3743 339 3797 τοῦ
362 3742 524 3812 ὤμου
545 3746 755 3811 αὑτοῦ,
786 3746 883 3801 καὶ
910 3747 1178 3802 καλεῖται
1208 3748 1275 3802 τὸ
1299 3748 1491 3817 ὄνομα
1522 3752 1707 3806 αὐτοῦ
1723 3770 1818 3822 με·

226 3834 424 3902 πάλης
440 3834 983 3908 βουλῆςᾌγγελος.
1010 3839 1170 3893 Κατὰ
1188 3841 1245 3894 δὲ
1260 3842 1385 3905 τοὺς
1409 3842 1626 3907 λοιποὺς
1648 3845 1819 3917 ἑρμη-

225 3926 452 3989 νευτάς·
487 3928 631 3995 Θεὸς
664 3928 941 3997 δυνατὸς,
964 3932 1401 4004 ἐξουσιαστὴς.
1435 3938 1635 4006 ἅρχων
1654 3940 1815 4009 εἰρή-

226 4036 345 4085 νης
372 4058 387 4081 ,
421 4018 620 4088 πατὴρ
657 4021 891 4089 αἰῶνος.
961 4024 1133 4078 Τοῦτο
1162 4027 1339 4081 τοίνυν
1368 4028 1676 4083 διδάσκεται
1711 4032 1816 4085 ὑπὸ

225 4110 324 4161 τού
360 4109 676 4180 Πνεύματος
709 4112 808 4165 τοῦ
846 4115 1187 4186 προφητικοῦ
1218 4118 1384 4189 εύχὴν
1414 4119 1756 4193 ἀναπέμπειν
1787 4126 1815 4178 ό

226 4201 611 4270 καταλειφθεὶς
646 4204 851 4276 ἔρημος
881 4206 1008 4271 λαὸς
1029 4248 1045 4273 ,
1080 4210 1176 4263 καὶ
1201 4210 1351 4281 αὐτῷ
1381 4211 1587 4281 λέγειν·
1638 4216 1815 4283 Κύριε

225 4297 261 4349 ό
297 4293 442 4361 Θεὸς
469 4294 588 4347 τῶν
619 4295 931 4365 δυνάμεων
950 4338 965 4363 ,
1019 4300 1131 4368 ἕως
1162 4302 1307 4356 πότε
1343 4302 1542 4373 ὀργίζῃ
1574 4305 1673 4358 ἐπὶ
1702 4305 1817 4375 τὴν

226 4386 586 4456 προσευχὴν
602 4389 709 4443 τοῦ
734 4390 960 4444 δούλου
985 4406 1135 4458 σου;
1173 4394 1312 4449 Ἀνθ’
1328 4390 1390 4448 οὖ
1411 4397 1461 4449 οἱ
1485 4396 1662 4451 λοιποὶ
1687 4400 1813 4454 πάν-

226 4496 321 4543 τες
359 4481 694 4550 ἑρμηνευταὶ
715 4520 731 4545 ,
765 4483 871 4537 τοῦ
903 4484 1059 4539 λαοῦ
1107 4502 1255 4554 σου,
1284 4489 1657 4560 ἡρμήνευσαν.
1721 4494 1811 4544 Δι-

1922 3376 2095 3439 nobis,
2145 3385 2196 3428 et
2236 3374 2381 3443 [ilius
2430 3371 2590 3425 datus
2634 3379 2713 3424 est
2757 3368 2927 3424 nobis.
2960 3366 3128 3437 Cujus
3176 3370 3505 3438 principatus

1919 3485 2076 3538 super
2112 3467 2386 3520 humerum
2414 3466 2551 3534 ejus,
2577 3472 2628 3518 et
2651 3461 2927 3517 vocabitur
2954 3477 3141 3515 nomen
3167 3461 3282 3529 ejus
3326 3464 3506 3531 magni

1919 3562 2126 3618 consilii
2158 3559 2373 3630 angelus
2395 3560 2461 3612 ".
2497 3556 2809 3612 Secundum
2837 3553 3081 3624 reliquos
3127 3554 3451 3625 interpretes
3486 3574 3502 3612 :

1919 3654 2063 3709 Deus
2111 3653 2291 3723 fortis,
2334 3662 2543 3721 potens,
2587 3650 2827 3719 princeps
2884 3647 3056 3716 pacis,
3108 3658 3260 3714 pater
3298 3650 3499 3704 swculi.

1919 3746 2037 3803 Hoc
2068 3748 2254 3816 itaque
2288 3745 2518 3799 docetur
2574 3757 2605 3797 a
2664 3740 2869 3812 Spiritu
2921 3738 3242 3810 prophetico
3270 3741 3504 3809 populus

1918 3840 2013 3909 qui
2070 3838 2370 3893 derelictus
2420 3844 2524 3901 est,
2556 3845 2615 3890 ut
2638 3835 2858 3890 emittat
2898 3834 3207 3887 orationem
3254 3846 3308 3887 et
3356 3833 3504 3888 dicat

1918 3931 2055 4002 ipsi:
2081 3929 2305 3983 Domine
2331 3929 2469 3983 Deus
2495 3930 2773 3994 virtutum,
2791 3943 3060 3998 quousque
3084 3927 3331 3980 irasceris
3348 3942 3503 3995 super

1919 4024 2211 4077 orationem
2256 4023 2390 4076 servi
2429 4022 2546 4077 tui?
2588 4019 2696 4074 Pro
2721 4036 2830 4090 quo
2861 4020 3059 4090 reliqui
3102 4035 3293 4074 omnes
3330 4020 3501 4075 inter-

1918 4124 2121 4187 pretes,
2143 4116 2324 4185 populi
2354 4116 2454 4180 tui,
2492 4114 2831 4184 interpretati
2857 4122 3008 4167 sunt.
3032 4113 3309 4167 Ducentur
3336 4129 3500 4184 porro

1919 4223 2112 4279 panem
2141 4210 2502 4279 lacrymarum
2534 4206 2823 4262 comedere
2856 4221 2957 4276 pro
2987 4205 3213 4259 ausibus
3252 4207 3400 4270 suis,
3440 4215 3501 4262 ut

1916 4301 2061 4355 mala
2095 4315 2195 4356 sua
2246 4298 2440 4354 [lentes
2474 4313 2539 4353 ac
2593 4300 2861 4370 lugentes,
2897 4298 3332 4352 consolationem
3354 4300 3498 4355 obti~
3576 4298 3581 4301 ⁷

1915 4402 2100 4456 neant,
2135 4401 2193 4447 ut
2223 4393 2277 4447 in
2310 4392 2746 4446 beatitudinibus
2767 4391 2972 4445 dicitur
3002 4409 3016 4446 :
3053 4390 3207 4445 Beati
3227 4392 3318 4461 qui
3346 4392 3495 4460 ﬂent,

1914 4488 2165 4556 quoniam
2186 4484 2448 4539 ridebunt.
2489 4485 2642 4539 Beati
2665 4486 2755 4550 qui
2798 4485 2992 4554 lugent,
3021 4486 3271 4554 quoniam
3312 4502 3498 4539 conso-

224 4570 518 4629 δάσκονται
560 4573 618 4627 δὲ
648 4575 743 4627 καὶ
772 4575 936 4646 ἄρτον
967 4576 1218 4650 δακρύων
1258 4559 1460 4637 ἐσθίειν
1490 4583 1575 4653 ἐφ’
1614 4580 1694 4648 οἷς
1725 4602 1813 4639 τε·-

1921 4578 2168 4632 labuntur
2213 4579 2277 4632 ⁸⁸.
2340 4577 2652 4633 Secundum
2724 4577 3111 4648 Symmachum
3166 4585 3393 4631 autem:
3430 4610 3495 4623 -

225 4662 601 4734 τολμήκασιν·
647 4665 736 4731 ἵν’,
784 4666 1263 4740 ἁποκλαυσάμενοι
1310 4671 1382 4726 τὰ
1427 4674 1635 4728 ἑαυτῶν
1668 4676 1814 4731 κακὰ

226 4754 325 4808 καὶ
354 4754 745 4826 πενθήσαντες,
770 4757 985 4829 τύχοιεν
1006 4762 1404 4833 παρακλήσεως
1430 4766 1571 4820 κατὰ
1598 4769 1691 4820 τὸν
1712 4769 1815 4840 φή-

227 4864 401 4900 σαντα
433 4852 809 4922 μακαρισμόν·
840 4854 1130 4922 Μακάριοι
1158 4860 1211 4909 οι
1243 4858 1576 4926 κλαίοντες,
1611 4860 1700 4914 ὅτι
1721 4877 1814 4930 τε·

223 4937 546 4992 λάσονται·
574 4942 856 5010 μακάριοι
880 4946 933 4998 οὶ
969 4946 1332 5015 πενθοῦντες
1351 4990 1366 5013 ,
1391 4950 1480 5004 ὅτι
1506 4956 1814 5019 παρακλη-

224 5030 538 5097 θήσονται.
560 5034 717 5089 Κατὰ
738 5035 795 5088 δὲ
814 5036 907 5089 τὸν
928 5037 1224 5109 Σύμμαχον
1242 5056 1255 5070 ·
1286 5041 1619 5111 Ἑψώμισας
1633 5044 1812 5114 ἡμᾶς,

224 5124 396 5192 φησὶν
414 5165 429 5187 ,
469 5124 652 5193 ἄρτον
691 5126 968 5197 δακρύων
986 5170 1001 5194 ,
1050 5132 1151 5185 καὶ
1174 5133 1461 5201 ἐπότισας
1487 5136 1644 5206 ἡμᾶς
1664 5140 1816 5207 μετὰ

222 5213 503 5281 δακρύων
532 5218 746 5287 μέτρῳ.
817 5221 879 5274 Et
912 5221 1021 5293 γὰρ
1050 5224 1144 5277 καὶ
1174 5224 1241 5278 τὰ
1276 5224 1510 5296 μάλιστα
1538 5228 1813 5300 κλαυθμοῦ

224 5306 321 5359 καὶ
352 5307 604 5379 δακρύων
628 5310 767 5375 ἄξιοι
797 5314 1131 5387 γεγόναμεν,
1176 5316 1317 5370 ὥστε
1342 5318 1465 5371 am
1488 5320 1652 5389 ἄρτου
1687 5321 1813 5392 τρέ-

224 5396 427 5465 φεσθαι
476 5400 771 5471 κλαυθμοῖς
823 5406 917 5458 καὶ
970 5411 1335 5478 στεναγμοῖς,
1370 5410 1464 5462 καὶ
1499 5410 1809 5476 ποτ-ἕζεσθαι

223 5487 459 5559 δάκρυσι
504 5490 596 5544 καὶ⁷
641 5493 822 5561 γόοις*
879 5495 995 5549 ἀλλ’
1037 5498 1176 5551 αὐτὰ
1215 5499 1386 5553 ταῦτα
1422 5504 1811 5574 μεμετρημένα

226 5578 359 5648 ἡμῖν
388 5578 642 5647 γινέσθω,
676 5581 816 5636 ὥστε
852 5584 927 5656 μὴ
962 5587 1041 5650 εἰς
1074 5587 1298 5658 ἄπειρον
1331 5592 1461 5661 ἡμῖν
1496 5594 1811 5665 παραταοῆ-

226 5690 316 5727 ναι
341 5690 355 5703 ο
385 5674 544 5745 λῆξαι
575 5676 631 5730 δέ
668 5696 818 5743 ποτε,
854 5681 944 5734 καὶ,
975 5682 1297 5752 μεταϐαλεῖν
1329 5686 1421 5737 ἐπὶ
1445 5683 1505 5737 τὸ
1535 5686 1812 5754 φαιδρότε-

304 5833 348 5862 “
389 5829 501 5887 Jos.
541 5850 588 5903 ν,
628 5836 708 5891 Η.
790 5838 830 5865 θ’
874 5836 973 5895 ἔδει.
1015 5855 1066 5893 Ix
1094 5881 1106 5905 ,
1143 5840 1193 5895 6.
1276 5843 1317 5872 ⁶⁰
1356 5840 1545 5897 Matth.
1589 5861 1639 5909 ν,
1674 5844 1727 5898 5.

1914 4668 2083 4728 Vens.
2138 4670 2191 4726 6.
2238 4670 2444 4726 Cibasti
2476 4687 2593 4734 nos,
2629 4670 2826 4740 inquit,
2859 4684 2995 4737 pane
3027 4669 3407 4738 lacrymarum,
3446 4681 3495 4724 et

1910 4764 2107 4833 potasti
2137 4780 2231 4818 nos
2260 4780 2378 4817 cum
2398 4763 2647 4834 lacrymis
2666 4777 2933 4816 mensura.
2957 4760 3073 4817 Etsi
3101 4775 3336 4832 namque
3366 4762 3495 4817 ﬂetu

1911 4865 1967 4911 et
2000 4856 2257 4927 lacrymis
2284 4856 2432 4928 digni
2464 4856 2639 4911 simus
2664 4896 2679 4921 ,
2714 4863 2775 4909 ut
2804 4855 2926 4908 loco
2953 4854 3138 4924 panis,
3180 4855 3398 4912 ﬂetibus
3432 4871 3495 4912 ac

1912 4948 2207 5020 gemitibus
2233 4950 2469 5014 alamur,
2502 4948 2767 5019 lacrymis
2793 4956 2848 5001 et
2882 4947 3369 5004 lamentationibus
3400 4966 3498 5020 po-

1917 5048 2138 5109 temur;
2170 5049 2226 5096 at
2250 5042 2364 5097 hate
2394 5042 2513 5112 ipsa
2542 5049 2856 5097 mensurate
2886 5040 3049 5096 nobis
3076 5041 3381 5108 tradantur,
3421 5043 3496 5097 ita

1916 5142 1977 5188 ut
2008 5150 2120 5189 non
2143 5138 2197 5189 in
2238 5132 2515 5189 inﬁnitum
2556 5133 2896 5205 procedant,
2931 5132 3028 5188 sed
3058 5134 3352 5205 aliquando
3373 5149 3494 5190 ces-

1915 5235 2059 5289 sent,
2092 5242 2157 5281 ac
2178 5229 2231 5282 in
2259 5228 2589 5299 iucundiora
2623 5232 2925 5281 mutentur.
2954 5224 2997 5278 T
3004 5242 3036 5280 ιι
3059 5227 3205 5280 enim
3234 5226 3423 5296 (Vens.
3443 5227 3496 5296 7)

1914 5321 2141 5387 posuisti
2189 5338 2284 5375 nos
2325 5322 2379 5374 in
2425 5320 2899 5375 contradictionem
2936 5320 3120 5374 vicinis
3167 5321 3384 5379 nostris,
3447 5328 3503 5373 et

1916 5414 2119 5467 inimici
2147 5415 2316 5468 nostri
2346 5414 2803 5469 subsannacerunt
2833 5430 2928 5468 nos
2958 5429 2978 5467 :
3004 5414 3101 5483 qui
3156 5427 3266 5467 non
3319 5411 3497 5467 similc

1916 5506 2195 5576 quidpiam
2225 5508 2354 5562 olim
2377 5508 2498 5562 ausi
2536 5519 2725 5562 contra
2764 5523 2866 5563 nos
2888 5514 3037 5571 sunt,
3062 5519 3186 5559 cum
3229 5511 3282 5558 te
3321 5509 3501 5572 patro-

1918 5614 2049 5653 num
2083 5600 2428 5657 haberemus.
2458 5601 2825 5667 Quamobrem
2872 5600 3061 5669 (Vens.
3092 5598 3147 5665 8)
3182 5609 3496 5667 precamur,

1920 5700 1973 5747 et
2012 5702 2065 5749 te
2105 5692 2273 5751 Deum
2327 5694 2589 5751 virtutum
2633 5695 2972 5758 invocamus,
3011 5692 3383 5761 supplicantes
3435 5694 3500 5745 ut
