4004 6524
536 385 647 443 959

1211 384 1484 439 EUSEBII
1524 382 2004 441 CJESARIENSIS
2043 384 2193 440 OPP.
2236 385 2417 441 PARS
2457 384 2546 440 III.
2578 415 2643 426 —-
2674 381 3085 439 EXEGETICA.

3692 385 3799 443 900

540 520 641 560 nos
671 507 975 558 convertas.
1030 499 1185 566 Quod
1235 517 1370 556 sane
1423 502 1635 556 eveniet
1682 501 1729 557 si
1787 502 2118 572 conspicuus

2222 521 2329 575 ρον.
2370 503 2442 556 Σὺ
2473 502 2580 574 γάρ
2612 503 2753 556 ἔθου
2785 499 2943 570 ἡμᾶς
2966 502 3055 565 εὶς
3080 500 3429 567 ἀντιλογίαν
3459 499 3585 565 τοῖς
3620 500 3802 569 γείτο-

540 596 640 651 tias
670 604 723 650 et
745 595 952 648 vultum
979 602 1131 647 tuum
1162 593 1424 649 ostendas
1446 594 1626 649 nobis.
1652 592 1786 647 Nam
1817 596 1866 649 si
1896 594 1947 648 id
1978 608 2111 648 con-

539 688 792 750 cedatur,
830 686 966 740 salvi
1013 687 1241 748 erimus,
1293 702 1358 741 ac
1410 702 1510 743 nos
1565 702 1784 757 quoque
1820 686 2113 743 dicemus:

541 780 820 849 Signalum
878 793 958 832 est
1010 795 1165 849 super
1198 796 1294 835 nos
1346 781 1520 833 lumen
1572 779 1747 834 vultus
1797 781 1897 845 tui,
1929 779 2117 835 Domi-

536 889 601 926 ne
638 874 701 925 “.

2220 611 2326 650 σιν
2349 594 2536 665 ἡμῶν,
2572 595 2669 647 καὶ
2695 596 2749 647 οἱ
2775 593 2973 663 ἐχθροὶ
3002 593 3169 661 ἡμῶν
3192 590 3606 661 ἐμυκτήρισαν
3626 592 3801 661 ἡμᾶς,

2226 688 2390 759 μηδὲν
2432 687 2638 741 τούτων
2676 688 2842 741 πάλαι
2872 685 2993 739 καθ’
3033 685 3188 755 ἡμῶν
3227 685 3567 757 τολμῶντες,
3601 686 3694 738 ὅτε
3744 704 3803 739 σε

2223 780 2532 851 προστάτην
2560 780 2798 851 εἴχομεν.
2829 778 2918 832 Διὸ
2936 779 3189 849 δεόμεθα,
3210 780 3304 832 καὶ
3326 778 3418 831 τὸν
3439 778 3574 831 Θεὸν
3598 778 3711 830 τῶν
3726 777 3797 831 δυ

2226 872 2443 942 νάμεων
2456 870 2726 925 ἀνακαλού
2736 869 2896 941 μεθα,
2911 870 3239 943 ἐπιπρέψαι
3251 873 3284 939 ἡ
3294 871 3399 940 μᾶς
3425 868 3808 922 καθικετεύον-

534 979 645 1026 τες.
683 964 851 1017 Τοῦτο
868 964 925 1016 δὲ
948 962 1100 1018 ἔσται
1125 965 1174 1016 εί
1194 964 1463 1036 ἐπιφανὴς
1487 964 1683 1034 γένοιο,
1714 966 1810 1020 καὶ
1829 967 1891 1019 τὸ
1951 963 2146 1019 σαυτοῦ
2186 964 2477 1035 πρόσωπον
2510 961 2831 1027 ὲπιδείξειας
2870 965 3021 1033 ἡμῖν.
3084 961 3287 1015 Τούτου
3345 961 3454 1031 γάρ
3487 960 3805 1030 γενομένου,

535 1054 894 1126 σωθησόμεθα
919 1055 1160 1122 λέξοντες
1183 1055 1248 1109 ἂν
1279 1058 1374 1110 καὶ
1401 1058 1560 1127 ἡμεῖς
1578 1075 1595 1091 ο
1634 1057 1992 1129 Ἐσημειώθη
2023 1057 2116 1127 ἐφ’
2154 1056 2315 1127 ἡμᾶς
2346 1056 2413 1110 τὸ
2446 1055 2572 1125 φῶς
2599 1054 2708 1109 τοῦ
2738 1055 3063 1160 πρρσώπου
3095 1069 3235 1118 σου,
3262 1055 3461 1122 Κύριε.

607 1164 771 1221 Vens.
804 1168 857 1223 9.
897 1166 1113 1221 Vineam
1146 1167 1209 1221 de
1231 1168 1465 1240 Egypto
1516 1172 1839 1226 transtulisti
1867 1189 1884 1226 .'
1918 1173 2120 1243 ejecisti

534 1268 712 1331 gentes
747 1268 796 1313 et
833 1260 1095 1329 plantasti
1122 1278 1259 1315 eam.
1307 1261 1430 1315 Dux
1473 1264 1678 1318 itineris
1719 1264 1870 1333 fuisti
1904 1266 1956 1317 in
1995 1280 2119 1318 con-

534 1361 713 1420 spectu
739 1351 873 1420 ejus,
903 1361 949 1405 et
981 1352 1240 1419 plantasti
1272 1353 1475 1409 radices
1508 1354 1645 1424 ejus,
1671 1364 1720 1409 et
1755 1355 1987 1424 implevit
2021 1366 2119 1408 ter.-

536 1461 674 1499 ram.
694 1443 1159 1515 Supplicationem
1188 1445 1411 1502 ordiens
1436 1447 1729 1518 Propheta,
1753 1463 1877 1502 eum
1906 1447 1999 1517 qui
2021 1464 2115 1517 pa-

534 1540 639 1595 scit
671 1539 838 1593 Israel
861 1538 1146 1596 evocabat.
1181 1538 1311 1594 Erat
1343 1549 1525 1595 autem
1556 1540 1721 1597 Israel
1752 1556 1783 1595 a
1813 1549 2112 1595 memorata

536 1631 625 1685 hic
651 1631 808 1686 vinea
842 1630 1115 1687 diversus.
1148 1631 1284 1686 Nam
1327 1634 1418 1690 ille
1446 1635 1665 1704 quidem
1700 1648 1916 1704 semper
1944 1647 1973 1686 a
2008 1632 2113 1686 Do-

2291 1173 2597 1241 Ἄμπελον
2610 1172 2681 1238 ἐξ
2699 1174 3001 1242 Αἰγύπτου
3015 1170 3279 1242 μετῆρας
3296 1188 3309 1201 ·
3331 1170 3624 1236 ἐξέϐαλες
3642 1169 3804 1237 ἔθνη,

2216 1263 2313 1316 καὶ
2332 1265 2784 1332 κατεφύτευσας
2803 1262 2955 1331 αὐτή
2964 1281 3018 1317 ν.
3050 1262 3447 1329 Ὠδοποίησας
3465 1260 3809 1328 ἔμπροσθεν

2215 1353 2526 1423 adﬂigunt
2544 1356 2994 1425 κατεφύτευσας
3012 1356 3120 1417 τὰς
3126 1353 3293 1423 ῥίζας
3308 1352 3623 1419 αὑτῆς,καὶ
3635 1351 3807 1415 ἐξιλήι

2206 1459 2368 1511 ρωσε
2390 1445 2503 1514 τὴν
2518 1446 2654 1515 γῆν.
2675 1446 2999 1518 Ἀρχόμενος
3018 1446 3117 1517 τῆς
3140 1445 3422 1515 ἱκετηρίας
3440 1446 3469 1496 6
3490 1443 3808 1511 Προςήτηςν

2212 1536 2303 1589 τὸν
2320 1555 2409 1590 ποι
2416 1538 2672 1609 μαίνοντα
2687 1540 2776 1592 τὸν
2788 1537 3005 1610 Ἰσραὴλ
3018 1533 3465 1592 ἁνεκαλείτοΪΗν
3481 1535 3539 1587 δὲ
3550 1536 3579 1585 6
3591 1532 3809 1603 Ἰσραὴλ

2220 1629 2405 1701 ἕτερος
2434 1632 2528 1701 τῆς
2562 1631 2796 1685 ἐνταῦθα
2834 1630 3134 1703 λεγομένης
3170 1630 3435 1701 ἀμπέλου.
3489 1630 3550 1681 Ὁ
3577 1631 3679 1698 μὲν
3707 1629 3808 1698 γὰρ

535 1725 688 1778 mino
717 1724 998 1795 pascitur;
1034 1726 1148 1780 haec
1179 1738 1359 1782 autem
1392 1728 1550 1799 vinea
1582 1728 1635 1782 in
1675 1726 1913 1796 pejorem
1942 1727 2112 1781 multo

2221 1721 2305 1774 ἀεὶ
2328 1722 2669 1791 ποιμαίνεται
2688 1723 2792 1776 ὑπὸ
2807 1722 2899 1777 τοῦ
2917 1724 3122 1794 Κυρίου
3144 1740 3158 1755 ο
3176 1725 3209 1794 ἡ
3229 1722 3285 1775 δὲ
3303 1721 3553 1794 παροῦσα
3569 1722 3811 1791 ἄμπελος

535 1817 906 1871 conditionem
974 1817 1294 1873 declinavit.
1374 1818 1479 1874 Per
1545 1820 1867 1888 religiosum
1932 1826 2113 1873 autem

2221 1816 2416 1888 πολλὴν
2440 1817 2698 1887 ὑπέμεινε
2724 1817 2820 1889 τὴν
2853 1818 2946 1870 ἐπὶ
2968 1817 3036 1870 τὰ
3058 1817 3224 1888 χείρῳ
3248 1819 3439 1887 ῥοπήν,
3474 1819 3732 1869 Δυσωπεί
3758 1817 3811 1869 δὲ

534 1911 748 1976 virum,
804 1910 956 1964 illum
1011 1927 1206 1981 nempe
1265 1912 1396 1966 olim
1448 1909 1704 1966 Israelem
1736 1951 1751 1976 ,
1812 1909 1921 1965 Deo
1987 1926 2115 1979 sup-

536 2003 701 2071 plicat
738 2009 794 2056 ut
829 2003 1067 2073 posteris
1103 2004 1220 2059 suis
1262 2004 1403 2058 male
1449 2004 1735 2075 agentibus
1790 2003 2113 2074 prospiciat.

534 2093 725 2148 Fuerit
760 2110 891 2149 vero
930 2094 1119 2160 Israel,
1148 2097 1436 2167 perspicax
1478 2096 1657 2150 omnis
1695 2096 1900 2160 anima,
1930 2112 2053 2166 qua:
2088 2109 2118 2148 a

533 2187 679 2241 bono
722 2196 942 2257 pastore
986 2204 1202 2258 semper
1254 2189 1519 2260 pascitur.
1575 2188 1745 2243 Vinea
1799 2196 1979 2242 autem
2025 2185 2117 2241 Dei

538 2279 777 2343 dicatur,
831 2295 951 2349 qua:
990 2280 1285 2352 imaginem
1312 2291 1495 2337 servat
1521 2283 1641 2352 ejus
1667 2283 1758 2353 qui
1790 2285 1846 2337 in
1878 2281 2121 2349 Evange-

538 2371 611 2425 lio
651 2369 835 2424 dixit:
883 2369 992 2441 Ego
1044 2388 1161 2425 sum
1212 2372 1334 2425 vitis
1391 2374 1616 2439 vera";
1675 2375 1831 2426 vinea
1884 2387 2011 2425 vero
2051 2387 2119 2426 ex

535 2455 771 2529 zEgppto
802 2462 1091 2526 translata,
1120 2468 1203 2516 est
1237 2463 1417 2517 anima
1451 2464 1865 2517 subversionem
1901 2477 2062 2531 passa
2099 2482 2111 2517 :

536 2556 713 2624 qualis
768 2555 869 2610 fuit
919 2555 1184 2613 Iudaicus
1236 2558 1471 2628 populus
1523 2559 1617 2629 qui
1670 2558 1800 2611 olim
1851 2557 2117 2612 diuturno

534 2652 781 2715 tempore
815 2646 958 2699 idola
990 2646 1046 2700 in
1081 2645 1318 2718 Egypto
1352 2647 1547 2712 coluit,
1582 2663 1647 2701 ac
1698 2662 1821 2701 cum
1868 2647 2116 2702 modicos

537 2734 751 2791 fructus
782 2736 1126 2807 protulisset,
1157 2747 1217 2791 ut
1240 2738 1307 2793 de
1334 2738 1442 2793 illis
1469 2738 1796 2792 testiﬁcatur
1824 2737 2039 2809 Moyses
2063 2739 2116 2794 in

536 2841 735 2897 magno
766 2828 983 2882 cantico
1016 2827 1132 2882 haec
1166 2828 1416 2884 scribens
1448 2847 1461 2883 :
1494 2826 1635 2881 Nam
1667 2843 1732 2882 ex
1761 2829 1912 2881 vinea
1944 2826 2117 2882 Sodo-

539 2934 746 2971 morum
774 2919 924 2973 vinea
950 2935 1153 2982 eorum,
1186 2929 1237 2973 et
1266 2922 1467 2990 palmes
1495 2938 1675 2975 eorum
1703 2937 1768 2975 ex
1800 2920 2114 2978 Gomorrlia.

544 3006 656 3062 Uva
682 3024 862 3062 eorum
893 3027 994 3064 uva
1042 3010 1206 3080 fellis,
1254 3011 1436 3066 botrus
1486 3011 1863 3065 amaritudinis
1910 3029 2113 3068 eorum.

540 3099 719 3154 Furor
748 3102 1043 3158 draconum
1072 3106 1247 3159 vinum
1280 3122 1480 3168 eorum,
1511 3114 1560 3159 et
1592 3105 1744 3173 furor
1766 3107 2008 3175 aspidum
2037 3108 2118 3159 in-

539 3192 800 3248 sanabilis
823 3195 901 3261 ⁷¹;
935 3198 1150 3251 etiamsi
1180 3196 1495 3266 hujusmodi
1519 3208 1725 3260 essent,
1752 3180 1886 3267 ipsis
1912 3197 2119 3268 prospi-

539 3286 690 3341 ciens
736 3285 881 3342 Deus
923 3289 1347 3358 transplantavit
1389 3304 1507 3353 eos,
1558 3291 1772 3346 radices
1818 3306 2005 3344 eorum
2050 3307 2117 3345 ex
2145 3260 2189 3318 (ἶ

541 3376 866 3448 Egyptiaco
895 3386 1019 3434 satu
1049 3380 1320 3444 evellens,
1360 3381 1415 3433 in
1448 3382 1718 3451 aliamque
1764 3390 1967 3436 terram
2000 3381 2120 3451 pin-

538 3487 808 3541 guemque
861 3472 1037 3526 locum
1099 3471 1465 3537 transferens,
1517 3481 1577 3527 ut
1620 3474 1779 3528 docet
1824 3473 1995 3528 Isaias
2034 3473 2119 3529 his

539 3564 723 3619 verbis
757 3582 769 3618 :
815 3563 979 3618 Vinea
1010 3564 1155 3633 facta
1185 3575 1261 3618 est
1299 3565 1488 3620 dilecto
1511 3567 1568 3618 in
1599 3582 1763 3619 cornu
1788 3566 1843 3619 in
1871 3564 1982 3620 loco
2002 3566 2121 3635 pin-

538 3658 648 3727 gui.
696 3656 764 3711 Et
810 3673 981 3725 sepem
1026 3658 1408 3725 circumposui,
1448 3666 1498 3711 et
1537 3657 1752 3725 vallavi,
1794 3665 1843 3711 et
1881 3657 2120 3725 plantavi

539 3751 745 3803 vineam
792 3750 1007 3805 Sorech.
1060 3749 1129 3803 Et
1161 3750 1419 3819 aedificavi
1463 3753 1652 3804 turrim
1694 3751 1750 3804 in
1785 3752 1956 3805 medio
1982 3751 2117 3820 ejus,

538 3852 588 3896 et
626 3843 961 3911 protorcular
993 3843 1106 3912 fodi
1136 3844 1188 3897 in
1215 3844 1360 3897 ea".
1386 3843 1449 3897 Et
1474 3860 1605 3899 sane
1634 3860 1759 3899 cum
1790 3845 1843 3899 in
1868 3846 2120 3915 pinguio-

539 3951 654 3989 rem
696 3947 750 3990 et
784 3937 953 3991 multo
985 3936 1266 3991 meliorem
1314 3936 1550 4008 Aﬂgypto
1594 3938 1871 4007 regionem
1924 3938 2121 4007 praedi-

539 4032 683 4079 ctam
726 4027 941 4081 vineam
993 4027 1396 4093 transtulisset,
1433 4044 1553 4084 eam
1587 4029 1660 4083 ibi
1695 4029 1982 4100 plantavit.
2016 4028 2118 4082 De-

540 4115 689 4179 inde,
717 4123 904 4185 utpote
953 4119 1193 4187 Optimus
1225 4118 1486 4186 agritcla,
1532 4130 1656 4188 post
1697 4119 1930 4189 primam
1972 4120 2118 4173 illam

541 4206 982 4273 translationem,
1023 4209 1132 4263 dux
1165 4209 1377 4265 itineris
1409 4209 1510 4263 fuit
1541 4227 1595 4264 In
1634 4219 1933 4281 conspectu
1974 4211 2116 4280 ejus,

541 4296 833 4354 fruticibus
876 4300 1094 4366 amotis,
1133 4302 1391 4371 omnique
1430 4302 1604 4355 aliena
1643 4303 1870 4358 materia
1910 4304 2116 4365 excisa,

539 4396 602 4443 ut
631 4389 736 4460 ipsi
772 4392 957 4449 nullus
1000 4393 1138 4447 obex
1165 4394 1231 4447 ad
1264 4393 1540 4447 fructuum
1574 4396 1924 4450 emissionem
1957 4396 2118 4451 ades-

538 4491 643 4539 set.
688 4482 795 4539 Pro
825 4485 916 4540 illo
943 4493 1144 4549 autem,
1176 4486 1296 4540 Dux
1329 4488 1533 4541 itineris
1566 4487 1719 4556 fuisti
1756 4490 1811 4542 in
1842 4499 2119 4556 conspectu

2221 1908 2309 1962 διὰ
2332 1909 2426 1962 τοῦ
2452 1910 2732 1980 θεοφιλοῦς
2751 1910 2943 1983 ἀνδρὸς
2968 1911 3062 1964 τοῦ
3106 1909 3273 1963 πάλαι
3314 1910 3535 1981 Ἰσραὴλ
3563 1910 3661 1962 τὸν
3682 1909 3809 1961 Θεὸν

2220 2004 2301 2066 είς
2332 2003 2391 2055 τὸ
2424 2004 2714 2073 ἐπιϐλέψαι
2744 2004 2929 2066 κακῶς
2962 2004 3261 2074 πράττουσι
3292 2005 3403 2065 τοῖς
3437 2003 3655 2054 ἐκείνου
3682 2004 3807 2055 ἁπο-

2219 2098 2414 2166 γόνοις.
2451 2096 2549 2167 Είη
2582 2098 2627 2150 δ’
2656 2096 2721 2150 ἂν
2762 2096 2976 2167 Ἰσραὴλ
3022 2098 3117 2149 καὶ
3146 2097 3294 2149 πᾶσα
3333 2094 3623 2165 διορατικὴ
3670 2096 3809 2165 ψυχὴ

2221 2187 2325 2240 ὑπὸ
2368 2186 2461 2240 τοῦ
2507 2186 2670 2239 καλοῦ
2710 2186 2965 2256 ποιμένος
3007 2186 3094 2238 διὰ
3136 2186 3335 2248 παντὸς
3383 2184 3803 2254 ποιμαινομένη.

2220 2278 2447 2347 Λεχθείη
2481 2278 2525 2330 δ’
2567 2277 2632 2330 ἂν
2666 2278 2758 2330 καὶ
2792 2277 3033 2347 ἄμπελος
3076 2276 3212 2330 Θεοῦ
3256 2278 3291 2347 ή
3342 2276 3439 2346 τὴν
3480 2276 3671 2328 εἰκόνα
3710 2277 3805 2327 σώ-

2222 2368 2388 2432 ζουσα
2430 2366 2523 2421 τοῦ
2555 2371 2827 2439 φήσαντος
2869 2370 2925 2421 ἐν
2974 2369 3360 2437 Εὑαγγελίοις⁶
3414 2368 3558 2436 Ἐγώ
3601 2371 3719 2436 εἰμι
3770 2370 3805 2433 ἠ

2220 2456 2488 2524 ἄμπελος
2522 2458 2560 2524 ἡ
2610 2460 2884 2527 ἀληθινή.
2933 2461 2998 2512 Ἣ
3032 2460 3074 2512 δ’
3105 2459 3163 2524 ὲξ
3196 2457 3471 2527 Αἰγύπτου
3523 2475 3808 2529 μετενηνε-

2221 2547 2395 2619 γμένη
2451 2550 2693 2621 ἄμπελος
2760 2554 2793 2624 ἡ
2850 2552 3097 2606 παθοῦσα
3154 2553 3487 2625 διαστροφὴν
3552 2554 3808 2623 τυγχάνει

2220 2641 2364 2714 ψυχή
2397 2659 2410 2673 ⁸
2452 2644 2635 2707 ὁποῖος
2673 2646 2893 2713 γέγονεν
2948 2648 2976 2699 6
3034 2646 3303 2700 Ἰουδαίων
3353 2646 3480 2711 λαὸς
3530 2646 3803 2699 εἰδωλολα-

2221 2736 2431 2806 τρήσας
2482 2739 2539 2789 ὲν
2586 2736 2845 2807 Αἰγύπτῳ
2899 2741 3126 2810 μακροῖς
3176 2737 3408 2810 χρόνοις,
3458 2740 3695 2810 μικρούς
3743 2755 3803 2793 τε

2221 2828 2689 2900 προενεγκάμενος
2734 2831 2979 2901 καρποὺς
3018 2830 3093 2894 ὡς
3143 2834 3410 2902 μαρτυρεῖ
3458 2832 3704 2901 Μωῦσῆς
3749 2833 3802 2884 ἐκ

2225 2921 2432 2994 μεγάλῃ
2458 2922 2566 2993 ᾠδῇ
2583 2922 2808 2994 γράφων
2833 2923 3003 2977 ταῦτα
3025 2923 3153 2994 περὶ
3175 2923 3349 2976 αὐτῶν
3369 2941 3384 2953 ·
3426 2923 3531 2978 Ἐκ
3559 2926 3667 2993 γὰρ
3694 2926 3805 2994 ἀμε

2223 3015 2413 3069 πέλου
2445 3015 2722 3084 Σοδόμων
2750 3016 2787 3082 ἡ
2819 3016 3085 3085 ἄμπελος
3111 3015 3328 3081 αὐτῶν,
3360 3016 3461 3070 καὶ
3508 3019 3547 3085 ἡ
3575 3022 3803 3086 malrum-

2225 3107 2315 3171 τὶς
2345 3106 2544 3161 αὐτῶν
2567 3108 2635 3160 ἐκ
2668 3108 2991 3177 Γομόρρας.
3039 3109 3101 3163 Ἠ
3127 3110 3413 3177 σταφυλὴ
3443 3109 3646 3163 αὐτῶν
3670 3126 3803 3162 mw

2225 3197 2391 3266 φυλὴ
2426 3197 2636 3267 χολῆς,
2666 3199 2892 3266 βότρυς
2924 3199 3168 3266 πικρίας
3205 3197 3424 3255 αὐτῶν.
3452 3199 3654 3267 Θυμὸς
3672 3199 3803 3266 δρα-

2224 3290 2454 3342 κόντων
2487 3292 2519 3343 ό
2551 3286 2712 3355 οἶνος
2743 3289 2959 3353 αὐτῶν,
2996 3290 3091 3343 καὶ
3122 3290 3306 3358 θυμὸς
3328 3290 3605 3344 ἀσπίδων
3638 3292 3800 3343 ἀνία-

2221 3398 2324 3446 τος
2345 3396 2360 3410 ⁸
2397 3380 2531 3433 ἀλλὰ
2556 3381 2662 3452 γὰρ
2693 3382 2785 3434 καὶ
2815 3379 2988 3445 οὕτως
3017 3380 3238 3451 ἔχοντας
3271 3383 3467 3445 αὐτοὺς
3499 3383 3797 3451 ἐπισκεςὰ·

2226 3490 2384 3545 μενος
2438 3475 2466 3527 ὁ
2522 3474 2653 3537 Θεὸς
2711 3473 3124 3544 μετεφύτευσεν,
3180 3472 3484 3545 ὲκριζώσας
3545 3476 3647 3545 μὲν
3711 3476 3798 3545 τῆς

2222 3564 2598 3635 Αἰγυπτιακῆς
2644 3566 2949 3635 συμφυΐας,
2992 3566 3403 3636 μεταφυτεύσας
3442 3565 3499 3617 δὲ
3543 3568 3602 3619 ὲν
3648 3568 3799 3637 ἑτέρᾳ

2222 3653 2375 3725 χώρᾳ
2409 3653 2503 3706 καὶ
2539 3652 2690 3723 τόπῳ
2724 3653 2888 3716 πίονι,
2918 3652 2995 3718 ὡς
3039 3653 3278 3707 διδάσκει
3322 3652 3495 3720 λέγων
3540 3652 3796 3716 Ἠσαίας*

2234 3746 2532 3816 Ἆμπελὼν
2564 3745 2814 3816 ἐγενήθη
2850 3745 2931 3811 τῷ
2963 3745 3326 3815 ἠγαπημένῳ
3370 3746 3441 3800 ἐν
3484 3746 3689 3813 κέρατι
3736 3746 3796 3799 ἐν

2220 3842 2381 3901 τόπῳ
2418 3840 2600 3891 πίονι.
2635 3838 2743 3891 Καὶ
2777 3837 3049 3907 φραγμὸν
3076 3837 3418 3905 περιέθηκα,
3455 3838 3557 3892 καὶ
3586 3835 3796 3906 ἐχαρά-

2222 3948 2407 3995 κωσα,
2443 3931 2539 3984 καί
2579 3931 2881 3999 ἐφύτευσα
2909 3930 3181 3999 ἄμπελον
3226 3928 3452 3998 Σωρήχ.
3494 3930 3605 3984 Kal
3657 3932 3793 3995 (ξικοο

2219 4023 2456 4091 δόμησα
2501 4022 2731 4092 πύργον
2766 4021 2837 4075 ἐν
2871 4022 3039 4092 μέσῳ
3071 4021 3278 4088 αὑτοῦ,
3322 4022 3419 4074 καὶ
3469 4020 3796 4089 :zpoJrjrmr

2219 4114 2419 4182 ῶρυξα
2462 4114 2533 4167 ἐν
2571 4113 2751 4178 αὐτῷ.
2782 4114 2891 4167 Ka‘t
2934 4113 2997 4185 δὴ
3045 4114 3102 4167 ὲν
3135 4114 3286 4184 τόπῳ
3341 4112 3482 4166 πίονι
3540 4114 3635 4165 καὶ
3670 4112 3792 4165 πολὺ

2220 4207 2486 4276 κρείττονι
2509 4208 2607 4277 τῆς
2652 4205 2929 4273 Αἰγύπτου
2964 4204 3146 4277 χώρας
3178 4205 3504 4276 μεταγαγὼν
3533 4205 3634 4275 τὴν
3674 4222 3795 4275 προ-

2219 4298 2498 4368 λεχθεῖσαν
2530 4298 2772 4370 ἄμπελον
2802 4298 3220 4366 κατεφύτευσεν.
3254 4294 3388 4363 Εἶθ’,
3424 4292 3514 4351 οἷα
3553 4298 3795 4369 γεωργὸς

2220 4391 2459 4462 ἄριστος,
2493 4392 2632 4464 μετὰ
2660 4391 2757 4463 τὴν
2775 4390 2996 4465 πρώτην
3027 4392 3478 4463 μεταμόσχευσιν,
3497 4392 3791 4460 ὡδοποίησε

2221 4483 2529 4554 ἔμπροσθεν
2574 4484 2765 4553 αὐτῆς,
2808 4485 2916 4536 πᾶν
2958 4483 3018 4536 τὸ
3063 4482 3348 4553 βλαστικὸν
3389 4483 3788 4543 ἀποσκευάσας,

536 4577 672 4646 ejus,
707 4576 1090 4649 Symmachus,
1120 4581 1379 4634 Amovisti
1408 4582 1462 4634 in
1485 4589 1761 4649 conspectu
1780 4580 1916 4649 ejus,
1942 4581 2114 4634 inter-

2221 4576 2312 4630 καὶ
2338 4578 2517 4630 πᾶσαν
2546 4575 2830 4648 ἀλλοτρίαν
2851 4575 2982 4646 ὕλην
3000 4574 3266 4646 ἐκτεμὼν,
3293 4575 3368 4639 ὡς
3399 4576 3472 4645 μή
3497 4593 3549 4627 τι
3574 4574 3790 4644 κώλυμα

537 4676 784 4739 pretatus
817 4678 920 4726 est.
968 4670 1172 4727 Deinde
1207 4672 1510 4743 subjungit,
1546 4672 1789 4726 radicare
1820 4672 1992 4741 fecisti
2022 4690 2114 4725 ra-

536 4762 676 4817 dices
697 4762 835 4828 cius.
875 4763 1014 4817 Cum
1040 4772 1193 4819 tanta
1229 4763 1322 4819 Dei
1350 4763 1510 4818 Verbi
1543 4779 1676 4817 cura
1710 4773 2008 4817 memorata
2030 4763 2114 4817 vi-

541 4868 641 4906 nea
690 4853 909 4923 dignata
962 4853 1147 4920 fuerit,
1196 4855 1322 4925 jure
1372 4856 1614 4925 implevit
1658 4865 1881 4917 terram,
1930 4854 2005 4908 ita
2054 4864 2110 4909 ut

538 4952 750 4999 montes
785 4946 1002 5017 quidem
1050 4947 1411 5011 inumbraret,
1457 4947 1651 5002 cedros
1692 4962 1821 5001 vero
1872 4947 2113 5001 arbustis

536 5037 655 5092 suis
683 5038 919 5106 operiret
951 5037 1138 5109 (Vens.
1175 5039 1283 5111 II),
1305 5040 1559 5109 palmites
1590 5039 1908 5114 extenderet
1938 5054 2114 5108 usque

535 5129 603 5183 ad
628 5144 798 5193 mare,
821 5138 875 5182 et
896 5146 1067 5200 usque
1088 5131 1155 5185 ad
1178 5132 1403 5185 ﬂumina
1425 5132 1756 5202 propagines
1779 5130 1971 5201 (Vens.
1997 5131 2107 5190 12).

537 5220 672 5285 Ilaec.
702 5222 884 5276 omnia
926 5222 1028 5292 ipsi
1077 5233 1397 5278 evenerunt.
1448 5225 1513 5279 Et
1556 5226 1684 5294 quia
1717 5234 1798 5279 tot
1834 5227 2111 5296 tantisque

536 5313 736 5368 donata
770 5319 883 5377 est,
915 5313 1041 5384 jure
1071 5330 1253 5369 sermo
1283 5316 1540 5386 precandi
1572 5316 1681 5391 ritu
1715 5316 1859 5370 hunc
1892 5316 2109 5386 agrico-

536 5404 642 5457 lam
676 5419 1014 5470 memorans,
1050 5406 1137 5460 his
1165 5422 1288 5461 eum
1321 5419 1480 5477 rogat
1507 5415 1561 5461 et
1603 5408 1893 5477 compellat
1924 5427 1935 5461 :
1974 5408 2109 5474 Quia

533 5503 687 5551 tanta
723 5498 1065 5567 providentia
1096 5507 1150 5555 et
1170 5515 1303 5554 cura
1328 5500 1641 5569 praedictam
1674 5500 1893 5554 vineam
1921 5499 2111 5570 digna-

534 5596 625 5642 tus
654 5605 737 5650 es.
768 5606 867 5660 pro
892 5591 1235 5647 humanitate
1265 5600 1319 5647 et
1348 5592 1523 5661 gratia
1562 5599 1655 5645 tua
1696 5591 1811 5647 haec
1838 5594 2020 5646 omnia
2054 5593 2107 5647 in

536 5677 635 5734 illa
660 5691 950 5750 operatus;
987 5682 1112 5753 quis
1146 5698 1251 5737 non
1286 5682 1339 5735 in
1385 5682 1780 5738 hmsitationem
1808 5688 1862 5737 et
1884 5682 2105 5737 dubium

606 5853 649 5887 "
686 5853 829 5910 l’sal.
874 5874 943 5913 ιγ.
985 5860 1033 5913 7,
1116 5861 1157 5893 ⁷⁰
1198 5858 1351 5917 Juun.
1397 5878 1479 5929 xv,
1522 5862 1569 5917 I.
1648 5864 1687 5896 ⁷⁸
1736 5861 1887 5921 Deut.
1933 5881 2112 5932 usu,
2154 5866 2239 5920 32.

2219 4666 2468 4738 ἐμποδὼν
2500 4670 2637 4739 αὐτῇ
2664 4668 2874 4736 γένοιτο
2900 4668 3035 4739 πρὸς
3058 4668 3154 4739 τὴν
3179 4667 3287 4720 τῶν
3310 4667 3541 4739 καρπῶν
3567 4668 3785 4737 ὲκφυήν.

2232 4762 2377 4814 Ἀντὶ
2415 4760 2472 4813 δὲ
2516 4759 2642 4813 τοῦ·
2687 4760 3082 4827 Ὠδοποίησας
3124 4760 3466 4829 ἔμπροσθεν
3508 4759 3731 4827 αὐτῆς,
3758 4757 3786 4809 6

2220 4851 2544 4923 Σύμμαχος·
2586 4852 3029 4916 Ἀπεσκεύασας
3072 4850 3413 4920 ἔμπροσθεν
3455 4850 3670 4917 αὐτῆς,
3695 4851 3784 4919 ἠρ-

2217 4947 2504 5016 μὴνευσεν.
2541 4939 2654 4998 Εἶτ’
2677 4944 2946 5015 ἐπήγαγε,
2997 4942 3094 4996 καὶ
3130 4941 3552 5010 ἐριζοϐόλησας
3582 4942 3684 5007 τὰς
3701 4942 3783 5009 ῥί-

2214 5035 2309 5103 ζας
2345 5036 2556 5106 αὐτῆς.
2588 5037 2853 5107 Τοιαύτης
2885 5036 2929 5090 δ’
2971 5034 3288 5105 ἐπιμελείας
3337 5034 3487 5105 παρὰ
3531 5033 3624 5087 τοῦ
3658 5032 3781 5085 Θεοῦ

2212 5131 2385 5199 Λόγου
2412 5130 2651 5201 τυχοῦσα
2681 5132 2714 5200 ἠ
2747 5129 3046 5201 δηλωθεῖσα
3074 5129 3334 5199 ἄμπελος,
3370 5126 3594 5190 εἰκότως
3627 5127 3779 5195 ἐπλή-

2214 5239 2355 5295 ρωσε
2386 5223 2486 5295 τὴν
2517 5223 2642 5293 γῆν,
2686 5223 2761 5287 ὡς
2793 5222 2895 5295 ὅρη
2946 5221 3043 5293 μὲν
3095 5220 3430 5281 ὲπισκιάσαι,
3482 5219 3700 5288 κέδρους
3729 5216 3779 5267 δὲ

2212 5315 2450 5385 καλύψαι
2487 5318 2607 5379 ταῖς
2651 5315 2821 5385 αὐτῆς
2873 5313 3279 5384 ἀναδενδράσιν.
3334 5313 3569 5364 ἐκτεῖναι
3616 5310 3670 5361 δὲ
3719 5308 3779 5361 τὰ

2212 5408 2467 5480 κλήματα
2500 5407 2604 5472 ἕως
2638 5407 2933 5477 θαλάσσης,
2962 5406 3057 5459 καὶ
3079 5405 3177 5469 τὰς
3207 5403 3413 5473 φυάδας
3442 5403 3599 5472 μέχρι
3624 5416 3779 5455 ποτα-

2216 5504 2349 5573 μῶν.
2376 5502 2562 5555 Ταῦτα
2589 5501 2765 5554 πάντα
2804 5500 3045 5572 ὑπῆρξεν
3073 5499 3231 5569 αὐτῇ.
3259 5498 3367 5550 Καὶ
3395 5496 3577 5565 ἐπειδὴ
3601 5492 3779 5547 τοσού-

2210 5608 2318 5645 των
2340 5592 2567 5663 ἠξιώθη,
2598 5592 2823 5653 εἰκότως
2854 5594 2882 5645 6
2914 5591 3070 5659 λόγος
3094 5591 3169 5654 ὼς
3200 5591 3256 5642 ἐν
3284 5589 3414 5659 εὐχῇ
3448 5586 3629 5639 τοῦτον
3657 5586 3777 5637 ὑπο-

2213 5687 2419 5756 μνήσας
2454 5685 2542 5739 τὸν
2574 5686 2835 5757 γεωργὸν,
2864 5686 3102 5740 δυσωπεῖ
3132 5684 3217 5737 διὰ
3248 5682 3345 5752 τῆς
3382 5680 3651 5750 ἱκετηρίας
3691 5680 3774 5731 καῖ

2298 5868 2362 5941 ⁵⁷³
2406 5863 2507 5923 In.
2554 5884 2604 5931 ν,
2652 5868 2696 5919 I.
