4004 6536
225 322 328 379 961

1398 316 1898 375 COMMENTARIA
1938 316 2006 371 IN
2043 314 2382 371 PSALMOS.

3383 312 3488 370 962

231 460 366 512 φησι
423 442 561 514 πρὸς
606 441 806 497 αὐτόν·
862 442 1079 513 Ἐπειδὴ
1135 443 1404 514 τοσαύτης
1466 442 1807 513 κατηξίωσας

1913 440 2160 494 incidens
2206 437 2311 491 hoc
2343 437 2647 507 perquirat,
2686 435 2874 508 (Vens.
2916 431 3006 504 15)
3041 430 3236 502 thuid
3270 431 3485 486 destru-

232 535 490 607 προνοίας
525 536 618 589 καὶ
644 536 958 607 ἐπιμελείας
981 536 1080 607 τὴν
1108 536 1405 607 εἰρημένην
1431 536 1692 605 ἄμπελον,
1727 553 1806 604 φι-

230 626 549 699 λανθρωπίᾳ
579 628 671 681 καὶ
696 628 876 699 χάριτι
916 629 1093 682 πάντα
1122 628 1296 682 ταῦτα
1334 630 1414 692 είς
1438 628 1608 699 αὐτὴν
1639 628 1805 681 ἐνδει-

232 718 484 788 ξάμενος,
514 720 602 782 τίς
620 720 719 773 οὐκ
744 719 809 774 ἂν
835 722 1204 791 ἀμηχανήσειε
1234 721 1326 775 καὶ
1348 723 1427 784 είς
1453 722 1683 794 ἀπορίαν
1711 723 1806 790 ἐμ-

231 810 389 863 πέσοι
414 810 614 881 ζητῶν,
644 812 820 865 Ἰνατί
865 811 1141 877 καθεῖλες
1169 807 1279 865 ἐὸν
1300 812 1571 881 φραγμὸν
1596 812 1805 883 αὐτῆς,

230 904 566 956 καταπατεῖν
594 920 655 957 τε
682 903 852 973 αὐτὴν
886 904 1057 957 ἅπασι
1088 905 1201 965 τοῖς
1232 903 1470 957 ἐθέλουσι
1510 903 1809 976 συνεχώρη-

232 1012 334 1058 σας
358 1014 371 1026 ·
403 995 477 1060 ὡς
500 996 708 1067 τρυγᾷν
734 996 902 1067 αὐτὴν
932 998 1059 1058 τοὺς
1087 995 1459 1066 βουλομένους,
1493 994 1718 1067 μηδενός
1747 1012 1807 1049 τε

231 1085 712 1157 περιφράττοντος,
741 1085 870 1138 ποτὲ
903 1084 1001 1155 μὲν
1034 1078 1097 1138 ῦν
1123 1086 1187 1137 ἐκ
1214 1084 1420 1156 δρυμοῦ
1454 1084 1808 1155 λυμαίνεσθαι

230 1178 420 1248 αὐτὴν,
449 1177 634 1230 ἀλλοτε
659 1178 715 1230 δὲ
746 1176 926 1248 μονιδν
947 1176 1136 1248 ἄγριον
1159 1177 1591 1230 καταϐόσκεσθαι
1615 1178 1805 1248 αύτήν;

243 1267 403 1321 Ἀλλὰ
434 1268 541 1339 γὰρ
575 1268 709 1341 πρὸς
738 1268 943 1339 ταύτην
963 1268 1061 1338 τὴν
1086 1268 1426 1340 ἐπαπόρησιν
1454 1269 1808 1341 ἀποκρίνεται

229 1356 321 1410 διὰ
355 1358 579 1411 Ἡσαΐου
626 1357 721 1410 τοῦ
762 1357 1064 1428 προφήτου,
1099 1356 1286 1427 ὥσπερ
1317 1356 1751 1427 ἀπολογούμενος
1779 1357 1809 1409 ὁ

231 1450 495 1522 γεωργὸς,
548 1449 643 1503 καὶ
691 1448 788 1520 τὴν
838 1448 1016 1502 αἰτίαν
1070 1449 1369 1520 παρίστησι
1411 1448 1615 1518 λέγων·
1651 1452 1809 1505 Διότι

231 1543 439 1611 ἔμεινα
470 1543 570 1595 ἵνα
601 1541 828 1611 ποιήσῃ
875 1543 1224 1611 σταφυλὴν,
1256 1542 1505 1610 ἐποίησε
1532 1541 1600 1595 δὲ
1626 1541 1809 1596 ἀκάν-

231 1636 373 1698 θας·
409 1632 506 1686 καί
545 1634 617 1686 οὐ
649 1631 1064 1701 δικαιοσύνην,
1100 1633 1263 1691 ἀλλὰ
1295 1632 1584 1703 κραυγήν.
1623 1633 1809 1686 Ταῦτα

229 1723 276 1776 δ’
327 1725 407 1777 ὅτι
448 1723 578 1793 περὶ
622 1723 717 1776 τοῦ
762 1723 1028 1776 Ἰουδαίων
1061 1723 1311 1777 λέλεκται
1340 1723 1492 1786 λαοῦ,
1534 1724 1703 1788 οὐδεὶς
1740 1724 1808 1777 ἂν

1905 531 2037 585 misti
2070 530 2356 584 maceriam
2386 529 2522 597 ejus,
2558 538 2612 584 et
2648 543 2769 584 eam
2800 526 3056 582 omnibus
3089 524 3343 595 gentibus
3374 529 3489 579 cal-

1908 621 2140 676 candam
2172 621 2485 691 praebuisti;
2519 621 2594 675 ita
2624 628 2684 675 ut
2720 620 2935 676 nemine
2970 618 3482 680 circummuniente,

1908 712 2108 782 cuique
2132 712 2337 765 volenti
2371 710 2547 780 ipsam
2590 709 2930 764 vindemiare
2969 708 3168 771 liceat;
3215 721 3280 760 ac
3320 706 3486 762 modo

1908 818 2041 874 aper
2066 802 2134 857 de
2163 801 2300 857 silva
2326 801 2662 872 pessumdet,
2693 800 2854 855 modo
2884 798 3182 869 singularis
3208 796 3362 853 ferus
3390 799 3487 853 de-

1908 904 2100 967 pascat
2131 896 2315 950 illam?
2365 894 2566 951 Verum
2620 895 2752 950 huic
2794 894 2961 949 dubio
2992 908 3090 964 per
3127 893 3323 948 lsaiam
3358 908 3486 963 pro-

1908 989 2128 1058 phetam
2151 988 2447 1057 respondet
2476 986 2742 1057 agricola,
2770 986 2926 1055 quasi
2951 988 3039 1040 sui
3066 984 3334 1055 purgandi
3361 1000 3487 1054 gra-

1909 1082 2005 1144 tia,
2056 1079 2327 1150 huiusque
2370 1080 2450 1134 rei
2483 1094 2703 1134 causam
2738 1079 2823 1133 his
2852 1079 3033 1133 verbis
3062 1078 3268 1147 profert
3300 1096 3312 1131 :
3347 1076 3486 1141 Quia

1907 1170 2201 1238 exspectavi
2237 1179 2296 1222 ut
2345 1170 2540 1239 faceret
2579 1184 2755 1234 uvam,
2802 1168 2921 1237 fecit
2959 1176 3133 1219 autem
3181 1166 3389 1235 spinas,
3436 1174 3486 1218 et

1910 1278 2012 1317 non
2046 1261 2341 1331 justitiam,
2387 1261 2477 1316 sed
2517 1261 2800 1315 clamorem
2823 1260 2889 1311 ⁷³.
2938 1257 3065 1313 Haec
3095 1273 3261 1328 porro
3290 1257 3358 1311 de
3391 1254 3488 1309 Ju.

1908 1350 2067 1406 daico
2114 1352 2317 1421 popqu
2362 1351 2507 1406 dicta
2555 1366 2677 1406 esse
2728 1364 2890 1405 nemo
2939 1348 3289 1404 dubitaverit.
3337 1346 3485 1414 Quo-

1910 1442 2075 1497 modo
2100 1451 2282 1497 autem
2311 1442 2506 1497 umbra
2531 1441 2706 1497 vineae
2738 1449 2956 1496 montes
3002 1440 3282 1511 operuerit
3325 1439 3486 1492 intel-

1909 1532 2067 1602 liges,
2118 1532 2167 1587 si
2214 1532 2521 1602 perpendas
2565 1547 2689 1586 cum
2736 1532 2823 1587 lex
2870 1530 3179 1585 futurorum
3216 1530 3483 1583 bonorum

1912 1626 2185 1690 umbram,
2233 1640 2342 1679 non
2387 1632 2570 1680 autem
2614 1624 2789 1694 ipsam
2838 1638 3022 1678 rerum
3055 1622 3347 1690 imaginem
3388 1621 3485 1674 ha—

1910 1713 2074 1780 beat;
2102 1729 2223 1769 eam
2256 1714 2421 1769 modo
2456 1714 2514 1768 in
2555 1722 2739 1768 monte
2774 1714 2910 1777 Silo,
2942 1713 3034 1768 ubi
3059 1716 3214 1783 prius
3240 1721 3482 1768 erectum

230 1787 548 1886 ἀμφιϐάλοί.
594 1814 827 1886 Νοήσεις
874 1814 932 1868 δέ
981 1816 1130 1879 ὅπως
1160 1815 1428 1886 ἐκάλυψεν
1467 1816 1567 1888 ὄρη
1602 1818 1636 1889 ἠ
1681 1787 1807 1870 σκιά

1913 1807 2087 1863 fuerat
2132 1807 2582 1874 tabernaculum;
2630 1806 2792 1861 modo
2834 1806 2893 1861 in
2934 1814 3120 1861 monte
3169 1804 3300 1860 Sion
3346 1806 3483 1860 etin

230 1908 333 1978 τῆς
358 1906 622 1977 ἀμπέλου,
659 1905 977 1976 ἐπιστήσας,
1005 1906 1081 1970 ὼς
1114 1907 1275 1962 σκιὰν
1297 1907 1435 1979 ἔχων
1459 1910 1488 1962 ὁ
1513 1909 1676 1979 νόμος
1701 1909 1809 1964 τῶν

232 1996 535 2067 μελλόντων
564 1995 805 2064 ἀγαθῶν,
850 1997 951 2050 ούκ
978 1997 1148 2067 αὐτὴν
1186 1999 1287 2069 τὴν
1318 1999 1498 2051 εἰκόνα
1529 1998 1639 2053 τῶν
1670 2016 1810 2072 πρα-

230 2089 483 2158 γμάτων,
515 2088 645 2141 ποτὲ
681 2087 779 2157 μὲν
807 2088 899 2139 ἐπὶ
925 2087 1019 2141 τοῦ
1059 2089 1221 2160 ὅρους
1255 2090 1587 2144 συνετελεῖτο
1622 2091 1717 2144 τοῦ
1751 2091 1810 2144 ἐν

230 2179 454 2249 Σηλὼμ,
486 2180 614 2232 ἔνθα
654 2182 716 2235 τὸ
758 2182 1018 2254 πρότερον
1063 2182 1306 2254 ἵδρυτοή
1356 2182 1547 2254 σκηνὴ,
1595 2184 1724 2237 ποτὲ
1754 2185 1810 2238 δὲ

230 2271 329 2323 ἐπὶ
364 2272 459 2324 τοῦ
484 2271 621 2326 Σιὼν
646 2273 806 2346 ὅρους
818 2275 927 2329 καὶ
951 2274 1053 2345 τῆς
1086 2276 1456 2348 Ἰερουσαλὴμ,
1481 2278 1575 2331 καὶ
1600 2279 1656 2330 αἱ
1684 2278 1812 2331 ἀνα-

230 2358 513 2432 δενδράδες
549 2362 606 2415 δὲ
634 2364 802 2435 αὐτῆς
834 2364 1108 2434 ἐκάλυψαν
1135 2364 1234 2426 τὰς
1264 2365 1487 2435 κέδρους
1525 2366 1619 2421 τοῦ
1650 2367 1805 2422 Θεοῦ.

232 2450 403 2515 Τίνας
428 2451 471 2503 δ’
505 2451 570 2506 ἀν
601 2453 778 2518 εἴποις
804 2454 904 2517 τὰς
928 2455 1321 2526 ἀναδενδράδας
1347 2457 1448 2526 τῆς
1478 2457 1741 2528 ἀμπέλου,
1774 2458 1807 2529 ἢ

231 2541 336 2606 τὰς
360 2545 702 2614 προφητικάς
732 2545 909 2616 ψυχὰς
938 2546 1033 2599 καὶ
1063 2548 1190 2610 τοὺς
1223 2549 1280 2599 ἐν
1309 2548 1387 2618 τῷ
1415 2549 1667 2621 προτέρῳ
1697 2550 1810 2622 λαῷ

234 2637 319 2699 είς
343 2634 476 2705 ὕψος
499 2637 858 2708 ἐπηρμένους,
880 2637 1015 2692 Θεοῦ
1037 2655 1097 2691 τε
1117 2636 1280 2705 ἀξίως
1300 2632 1807 2711 πολιτευσαμένους,

233 2728 287 2781 οἶ
316 2729 409 2781 καὶ
434 2729 527 2782 ἐπὶ⁸
568 2730 666 2794 τὰς
710 2730 935 2803 κέδρους
975 2731 1068 2784 τοῦ
1100 2731 1234 2784 Θεοῦ
1281 2731 1684 2797 διανεπαύοντο,
1713 2734 1811 2797 τὰς

234 2819 496 2889 δυνάμεις
526 2820 590 2891 δή
616 2821 712 2884 τὰς
738 2822 1001 2893 ἀοράτους
1028 2824 1123 2875 καὶ
1150 2823 1331 2888 θείας;
1358 2824 1533 2895 Μέχρι
1555 2824 1663 2897 γὰρ
1690 2825 1813 2879 τού-

236 2928 347 2963 των
378 2911 706 2982 ὲξετάθησαν
732 2912 789 2963 αἱ
817 2912 1184 2984 διαπρέψασαι
1218 2915 1276 2967 ἐν
1317 2913 1393 2985 τῷ
1423 2917 1671 2987 προτέρῳ
1700 2917 1812 2988 λαῷ

233 3000 429 3071 ψυχαὶ,
454 3002 529 3065 ὡς
569 3004 663 3055 καὶ
694 3003 1009 3074 Πνεύματος
1044 3005 1197 3073 ἁγίου
1244 3008 1512 3077 μετέχειν,
1559 3008 1654 3061 καὶ
1687 3010 1813 3073 τοὺς

233 3096 485 3165 καρποὺς
532 3095 791 3149 ἐκτείνειν
832 3097 992 3168 μέχρι
1034 3100 1135 3169 τῆς
1165 3100 1459 3170 ἀηελικῆς
1502 3102 1808 3173 δυνάμεως.

234 3186 321 3239 Τὰ
349 3186 406 3240 δὲ
434 3187 689 3257 κλήματα
716 3189 815 3259 τῆς
838 3189 1106 3259 ἀμπέλου,
1136 3191 1300 3262 ἕτερα
1341 3192 1473 3246 ὄντα
1520 3195 1671 3264 παρὰ
1709 3195 1810 3266 τὴν

236 3278 397 3331 σκιὰν
429 3280 521 3331 καὶ
555 3280 707 3351 παρά
733 3281 829 3344 τὰς
873 3282 1286 3355 ἀναδενδράδας,
1322 3286 1549 3359 ἐξετάθη
1583 3289 1686 3352 ἕως
1715 3287 1810 3344 θα-

234 3371 463 3441 λάσσης.
501 3371 559 3423 '0
587 3370 644 3423 δὲ
675 3371 970 3442 Σύμμαχος
1002 3374 1123 3428 ἀντὶ
1154 3373 1268 3440 τοῦ,
1296 3378 1366 3430 τὰ
1389 3377 1681 3446 κλήματα,
1703 3380 1810 3445 τὰς

234 3462 449 3531 χαίτας
493 3460 705 3530 αὐτῆς,
756 3463 939 3533 φησιν,
990 3463 1284 3529 ἐξέτεινεν
1318 3467 1428 3533 ἕως
1470 3469 1806 3537 θαλάσσης.

235 3549 365 3607 Εἶεν
391 3552 436 3607 δ’
460 3553 527 3606 ἂν
551 3556 734 3623 χαῖται
766 3555 859 3607 καὶ
888 3555 1073 3625 κόμαι,
1100 3556 1284 3630 ὥσπερ
1311 3559 1666 3631 ἀναρίθμητοι
1694 3562 1810 3632 τρί-

234 3662 354 3716 χες,
388 3645 421 3717 ἢ
450 3646 545 3699 καὶ
572 3645 823 3717 κλήματα
855 3646 1211 3718 πληθύνοντα,
1245 3650 1386 3703 κατὰ
1418 3649 1479 3703 τὸ
1503 3654 1601 3722 τῆς
1630 3653 1810 3722 ἀμπέ-

235 3735 331 3788 λου
370 3735 738 3806 παράδειγμα,
765 3738 794 3789 ὁ
822 3735 987 3799 πολὺς
1027 3737 1121 3790 τοῦ
1165 3738 1432 3791 Ἰουδαίων
1466 3737 1651 3801 ἔθνους
1686 3741 1810 3810 ἀρι-

236 3826 394 3897 θμὸς,
420 3828 479 3890 ὃς
502 3827 564 3898 δὴ
589 3826 787 3897 ἔφθασε
817 3828 976 3900 μέχρι
999 3828 1292 3901 θαλάσσης,
1320 3829 1609 3902 πληρώσας
1634 3830 1810 3884 πάντα

233 3917 330 3970 τὸν
368 3917 477 3970 τῶν
514 3917 814 3990 ἀνθρώπων
852 3919 987 3989 βίον.
1033 3921 1124 3973 Διὸ
1154 3920 1403 3975 λέλεκται
1443 3923 1502 3975 ἐν
1542 3923 1701 3993 Ὠσηέ
1732 3922 1810 3994 τῷ

234 4012 531 4084 προφήτῃο
576 4012 685 4065 Καὶ
724 4007 804 4082 ἦν
847 4015 880 4066 d
921 4013 1163 4082 ἀριθμὸς
1212 4014 1330 4067 τῶν
1378 4013 1525 4069 υἱῶν
1573 4015 1810 4085 Ἰσραὴλ

233 4102 381 4156 ὡσεὶ
415 4101 606 4171 ἅμμος
633 4101 744 4171 τῆς
788 4103 1128 4172 θαλάσσης,
1159 4104 1198 4172 ἢ
1237 4108 1350 4160 οὐκ
1379 4107 1811 4179 ἐκμετρηθήσε-

238 4211 355 4259 ται,
390 4194 533 4249 οὐδὲ
561 4196 1115 4265 ἐξαριθμηθήσεται.
1150 4199 1506 4271 Παραφυάδες
1552 4201 1610 4254 δέ
1655 4200 1811 4256 ἄλλαι

235 4286 386 4350 τινὲς
426 4287 576 4356 παρά
604 4288 672 4341 τὰ
704 4288 959 4359 κλήματα
985 4288 1245 4361 νεώτεραι
1275 4290 1368 4344 καὶ¹
1398 4293 1680 4363 ἀρτιφυεῖς
1708 4292 1812 4356 ἕως

236 4376 487 4448 ποταμοῦ
518 4379 921 4449 παρετάθησαν,
938 4380 987 4431 οἱ
1008 4380 1108 4449 τῆς
1131 4381 1336 4452 Καινῆς
1360 4382 1631 4454 Διαθήκης
1653 4385 1814 4453 κήρυ·

238 4486 367 4533 κες·
399 4469 543 4537 λέγω
567 4469 624 4522 δὲ
648 4471 697 4523 οἱ
722 4470 1005 4524 ἀπόστολοι
1028 4472 1123 4525 καὶ
1150 4474 1199 4524 οί
1232 4473 1468 4545 μαθηταὶ
1496 4475 1589 4528 τοῦ
1625 4475 1809 4546 Σωτῆ-
1850 4504 1889 4557 υ

242 4579 338 4631 ρος
365 4561 549 4633 ἡμῶν
579 4562 679 4634 τὴν
714 4562 815 4632 μὲν
847 4563 986 4635 φυὴν
1026 4565 1119 4617 καὶ
1149 4565 1248 4636 τὴν
1283 4565 1495 4633 γένεσιν
1523 4568 1816 4639 ἐσχηκότες

239 4654 307 4707 ἐκ
325 4654 425 4723 τῆς
452 4654 843 4725 προλεχθείσης
867 4655 1131 4725 ἀμπέλου,
1156 4658 1249 4709 καὶ
1271 4655 1461 4729 ὥσπερ
1480 4659 1625 4722 τινὲς
1645 4677 1796 4732 παρα

240 4745 443 4815 φυάδες
476 4745 647 4815 αὐτῆς
688 4746 988 4816 γενόμενοι,
1014 4747 1194 4801 ούκέτι
1225 4748 1281 4800 δὲ
1312 4749 1513 4820 ὁμοίως
1542 4754 1659 4814 ταῖς
1692 4751 1814 4821 χαί-

237 4851 364 4896 ταις
411 4834 506 4887 καὶ
547 4837 660 4898 τοῖς
696 4836 937 4906 κλήμασι
984 4837 1089 4900 ἕως
1130 4836 1402 4908 θαλάσσης
1439 4839 1811 4909 προελθόντες,

238 4926 359 4979 ἀλλ’
388 4926 493 4989 ἕως
525 4927 769 4997 ποταμοῦ
807 4927 895 4981 διὰ
936 4928 999 4981 τὸ
1044 4929 1338 4999 μυστήριον
1381 4931 1478 5001 τῆς
1519 4931 1587 4983 δι’
1634 4933 1815 4987 αὐτῶν

239 5018 653 5089 χορηγουμένης
690 5020 748 5073 ἐν
784 5018 1004 5091 Χριστῷ
1033 5020 1465 5089 παλιγγενεσίας.
1503 5024 1693 5077 Ἔνθεν
1721 5027 1812 5078 ua"

239 5113 269 5163 ὁ
302 5110 494 5181 Σωτὴρ
534 5111 697 5175 αὐτὸς
733 5112 790 5165 ὲν
838 5118 914 5165 οα¹
951 5111 1149 5183 ψαλμῷ
1177 5112 1453 5166 λέλεκται’
1485 5116 1594 5169 Καὶ
1636 5133 1815 5171 κατα-

240 5200 547 5266 κυριεύσει
579 5199 695 5253 ἀπὸ
722 5199 1039 5267 θαλάσσης
1071 5199 1182 5266 ἕως
1202 5198 1539 5267 θαλάσσης,
1576 5201 1671 5255 καὶ
1696 5202 1815 5256 ἀπὸ

240 5288 516 5357 ποταμοῦ
541 5288 652 5355 ἕως
684 5288 803 5343 τῶν
841 5288 1109 5357 περάτων
1144 5288 1254 5357 τῆς
1282 5290 1654 5360 οἰκουμένης.
1694 5293 1816 5364 Ἀρ-

241 5378 479 5451 ξαμένου
526 5379 637 5451 γὰρ
669 5381 775 5433 ἀπὸ
806 5379 900 5432 τοῦ
942 5381 1083 5433 κατά
1122 5381 1213 5434 τὸν
1256 5381 1524 5453 Ἰορδάνην
1565 5382 1811 5454 ποταμοῦ

241 5472 338 5525 τοῦ
380 5474 777 5544 βαπτίσματος,
811 5474 909 5543 τὴν
956 5471 1247 5543 σύμπασαν
1281 5474 1596 5546 ἐπλήρωσεν
1636 5477 1814 5529 οἰκου-

246 5566 436 5636 μένην.
470 5565 721 5619 Τέσσαοα
752 5566 807 5619 δὲ
838 5565 1093 5634 τάγματα
1126 5566 1224 5636 τῆς
1248 5567 1543 5639 εἰρημένης
1571 5568 1814 5638 ἀμπέλου

319 5746 367 5777 ⁷³
405 5744 506 5798 lsa.
546 5764 595 5809 v,
630 5745 681 5799 εἰ.
760 5746 805 5777 7‘
844 5744 971 5800 Ose.
1012 5761 1063 5811 ι,
1100 5745 1185 5797 10.

1909 1898 2215 1955 Jerusalem
2264 1899 2588 1969 completam
2630 1914 2772 1963 esse,
2803 1907 2858 1954 et
2887 1899 3111 1954 arbusta
3140 1899 3261 1968 ejus
3290 1899 3485 1955 cedros

1908 1990 2003 2045 Dei
2028 1991 2336 2061 operuisse.
2360 1990 2618 2057 Quaenam
2646 2006 2769 2046 esse
2795 1990 2968 2046 vinea:
2996 1991 3219 2047 arbusta
3251 1990 3482 2055 dixeris,

1907 2084 2016 2138 nisi
2047 2084 2260 2138 animas
2288 2082 2659 2152 propheticas,
2697 2096 2761 2135 ac
2802 2097 2898 2137 eos
2932 2083 3025 2151 qui
3052 2083 3180 2136 olim
3213 2083 3267 2136 in
3303 2084 3484 2153 priore

1913 2175 2119 2245 populo
2147 2173 2519 2242 erigebantur,
2548 2180 2602 2228 et
2643 2173 2737 2242 qui
2783 2172 2946 2242 digne
2985 2172 3095 2228 Deo
3122 2173 3287 2227 vitam
3328 2174 3485 2229 insti-

1907 2275 2155 2329 tuerunt,
2186 2267 2280 2335 qui
2310 2267 2476 2321 etiam
2518 2266 2575 2320 in
2608 2265 2786 2321 cedris
2814 2266 2929 2332 Dei,
2963 2267 3148 2331 idest,
3189 2268 3245 2321 in
3290 2268 3483 2323 invisi-

1908 2360 2110 2415 bilibus
2126 2358 2433 2427 divinisque
2452 2358 2766 2422 virtutibus,
2785 2359 3236 2429 requiescebant?
3262 2358 3398 2413 Nam
3417 2376 3483 2416 eo

1908 2467 2085 2521 usque
2115 2457 2383 2521 provectae
2415 2458 2544 2505 sunt
2586 2452 2781 2504 animaa
2818 2467 2940 2522 quae
2966 2452 3021 2505 in
3053 2453 3236 2521 priore
3264 2452 3357 2505 illo
3385 2467 3480 2521 po-

1909 2544 2039 2615 pulo
2068 2550 2264 2597 ornate
2288 2549 2342 2596 et
2369 2542 2536 2612 probe
2560 2541 2833 2609 vixerunt,
2867 2552 2927 2598 ut
2954 2551 3008 2598 et
3036 2544 3273 2613 Spiritus
3305 2551 3481 2600 sancti

1908 2636 2204 2707 participes
2232 2642 2438 2697 essent,
2481 2643 2536 2690 et
2579 2650 2753 2705 usque
2780 2635 2847 2689 ad
2880 2638 3156 2708 angelicas
3185 2646 3483 2707 potestates

1909 2729 2127 2784 fructus
2157 2742 2289 2782 suos
2318 2726 2693 2782 extenderent.
2724 2726 2984 2783 Palmites
3011 2745 3175 2798 porro
3203 2730 3391 2797 vineae,
3414 2731 3483 2784 ab

1910 2821 2102 2876 umbra
2149 2835 2283 2875 sane
2327 2834 2539 2874 necnon
2583 2819 2653 2874 ab
2698 2821 2937 2877 arbustis
2987 2820 3210 2884 diversi,
3269 2824 3482 2876 extensi

1912 2921 2042 2969 sunt
2071 2928 2245 2982 usque
2276 2910 2342 2964 ad
2376 2926 2543 2967 mare.
2586 2910 2947 2982 Symmachus
2993 2920 3173 2966 autem
3219 2927 3319 2981 pro
3364 2913 3480 2978 illo,
3508 2970 3521 2995 Ι

1910 3008 2176 3076 palmites,
2219 3007 2381 3075 jubas
2420 3022 2568 3069 suas,
2613 3005 2710 3070 ait,
2747 3006 2977 3060 extendit
3016 3023 3178 3076 usque
3216 3007 3285 3058 ad
3315 3024 3479 3064 mare.

1912 3097 2066 3152 Juba:
2094 3104 2276 3151 autem
2308 3104 2362 3149 et
2393 3110 2585 3159 comae,
2632 3110 2732 3150 ceu
2777 3095 3051 3150 innumeri
3099 3097 3279 3165 capilli
3326 3111 3480 3165 sunt;

1917 3194 2033 3246 sive
2063 3189 2227 3245 etiam
2260 3188 2513 3258 palmites
2544 3188 2621 3242 illi
2666 3188 3013 3258 multiplicati
3058 3189 3359 3245 secundum
3402 3194 3484 3247 vi-

1916 3297 2031 3336 neae
2063 3282 2395 3349 exemplum,
2437 3294 2666 3350 magnus
2701 3281 2803 3335 ille
2818 3280 3060 3336 Judaicaa
3086 3284 3264 3351 gentis
3293 3300 3485 3339 nume-

1915 3389 2012 3428 rus
2043 3379 2148 3437 est,
2184 3373 2276 3442 qui
2316 3388 2449 3427 sane
2494 3382 2667 3427 totum
2718 3373 2997 3428 hominum
3048 3391 3220 3445 genus
3267 3378 3484 3447 replens

1916 3464 2161 3535 pervenit
2200 3479 2373 3535 usque
2406 3466 2474 3519 ad
2508 3480 2677 3519 mare.
2709 3465 3071 3531 Quamobrem
3099 3469 3153 3522 in
3187 3467 3326 3525 Osea
3358 3486 3485 3539 pro-

1915 3558 2077 3627 pheta
2104 3558 2309 3612 dictum
2338 3566 2421 3613 est
2453 3576 2468 3613 :
2502 3557 2573 3611 Ει
2603 3568 2717 3613 erat
2750 3575 2999 3613 numerus
3042 3561 3280 3627 ﬁliorum
3313 3561 3485 3617 Israel

1914 3650 2067 3718 quasi
2096 3666 2258 3703 arena
2289 3651 2476 3716 maris,
2502 3667 2618 3720 qua:
2636 3668 2740 3705 non
2768 3654 3160 3706 mensurabitur
3185 3664 3233 3708 et
3260 3672 3362 3708 non
3389 3672 3485 3709 nu-

1916 3740 2205 3795 merabitur
2227 3742 2293 3797 7‘.
2325 3740 2658 3813 Propagines
2688 3760 2818 3800 vero
2846 3745 2964 3799 alia:
2998 3746 3228 3810 adnataz,
3251 3748 3487 3816 palmiti-

1916 3834 2018 3890 bus
2050 3835 2383 3890 recentiores
2420 3849 2483 3889 ac
2514 3851 2687 3905 nuper
2719 3844 2939 3901 exortae,
2974 3853 3149 3907 usque
3179 3838 3247 3891 ad
3285 3838 3483 3895 ﬂumen

1916 3934 2154 3983 extensa:
2179 3934 2329 3991 sunt,
2362 3927 2614 3997 videlicet
2643 3926 2780 3982 Novi
2812 3927 3147 3984 Testamenti
3183 3946 3482 4000 praecones,

1917 4020 2193 4089 apostolos
2235 4019 2360 4073 dico
2392 4029 2446 4073 et
2472 4018 2774 4089 discipulos
2811 4018 3124 4077 Servatoris
3163 4023 3360 4087 nostri,
3391 4025 3483 4093 qui

1916 4126 2088 4182 genus
2115 4119 2170 4166 et
2192 4110 2455 4182 originem
2489 4126 2555 4166 ex
2582 4112 2838 4182 praedicta
2866 4114 3024 4169 vinea
3051 4114 3278 4179 ducunt,
3309 4124 3363 4170 et
3385 4132 3484 4170 ceu

1918 4205 2245 4274 propagines
2267 4204 2514 4273 quaedam
2539 4205 2660 4275 ejus
2684 4212 2832 4262 sunt.
2855 4204 3041 4277 Neque
3061 4214 3241 4263 tamen
3263 4208 3487 4278 perinde

1918 4304 2081 4365 atque
2120 4297 2267 4366 juba:
2302 4307 2357 4352 et
2396 4298 2645 4366 palmites
2676 4298 2745 4353 ad
2769 4314 2943 4369 usque
2972 4313 3123 4355 mare
3152 4301 3486 4369 protendun-

1921 4394 2028 4447 tur,
2060 4386 2155 4442 sed
2190 4403 2365 4457 usque
2396 4387 2466 4442 ad
2498 4386 2719 4452 ﬂumen,
2756 4389 2827 4443 ob
2855 4390 3175 4460 mysterium
3206 4403 3489 4459 regenera-

1918 4477 2085 4533 tionis
2134 4478 2188 4532 in
2228 4479 2450 4535 Christo
2498 4480 2567 4535 ab
2608 4480 2677 4536 iis
2714 4482 3159 4536 subministratur.
3205 4481 3384 4548 Quare
3418 4482 3487 4535 de

1920 4568 2201 4624 Salvatore
2230 4571 2351 4639 ipso
2384 4572 2439 4625 in
2471 4572 2681 4641 psalmo
2710 4587 2836 4625 mu
2871 4572 3113 4627 dicitur:
3140 4569 3209 4622 Et
3241 4571 3488 4624 domina-

1917 4659 2058 4713 bitur
2088 4678 2121 4713 a
2150 4663 2288 4714 mari
2315 4679 2477 4733 usque
2523 4662 2593 4716 ad
2626 4679 2791 4725 mare,
2832 4673 2883 4718 et
2907 4680 2940 4716 a
2966 4663 3185 4732 ﬂumine
3224 4679 3386 4732 usque
3419 4663 3487 4714 ad

1918 4753 2165 4805 terminos
2188 4753 2330 4807 orbis
2364 4764 2649 4808 terrarum.
2674 4754 2811 4810 Nam
2833 4770 2959 4810 cum
2981 4756 3289 4825 baptismus
3317 4770 3346 4808 a
3372 4755 3491 4809 Jor-

1915 4842 2056 4898 dane
2098 4843 2264 4899 ﬂuvio
2302 4845 2515 4900 initium
2548 4848 2788 4912 duxerit,
2818 4855 2992 4901 totum
3021 4847 3249 4918 replevit
3274 4849 3486 4903 orbem.

1916 4934 2164 5000 Quatuor
2208 4950 2373 5004 porro
2426 4938 2697 5007 praedicta:
2745 4939 2916 4993 vinea:
2974 4940 3196 4995 ordines
3248 4955 3489 5009 praesens

1917 5042 2097 5081 sermo
2125 5027 2423 5093 describit,
2457 5030 2705 5084 umbram
2730 5032 2941 5086 scilicet
2971 5031 3092 5101 ejus
3119 5041 3333 5088 montes
3359 5047 3490 5101 ope-

1915 5119 2179 5185 rientem;
2234 5121 2458 5175 arbusta
2508 5123 2627 5192 ejus
2670 5124 2724 5176 in
2767 5124 2935 5177 altum
2982 5125 3145 5191 elata,
3180 5126 3254 5178 ita
3286 5132 3489 5179 utnon

1917 5211 2241 5280 simpliciter
2288 5213 2505 5281 cedros,
2559 5216 2654 5271 sed
2704 5217 2898 5273 cedros
2940 5216 3036 5272 Dei
3081 5219 3362 5288 operiant;
3420 5217 3488 5271 ad
3535 5287 3541 5293 ,

1919 5303 2034 5357 hac
2076 5303 2327 5372 palmites
2374 5306 2496 5376 ejus
2543 5324 2718 5378 usque
2753 5309 2821 5363 ad
2860 5325 3011 5365 mare
3043 5320 3328 5371 extensos:
3354 5324 3492 5378 prte-

1917 5398 2003 5445 ter
2042 5389 2159 5445 haec
2196 5395 2380 5448 omnia
2408 5404 2588 5452 autem
2619 5399 2943 5470 propagines
2976 5401 3116 5469 ejus,
3142 5415 3260 5470 qua:
3287 5400 3352 5453 ad
3376 5399 3488 5452 ilu-

1923 5498 2047 5537 men
2087 5499 2261 5553 usque
2296 5489 2629 5558 pertingunt.
2686 5491 2931 5555 Quorum
2986 5490 3487 5561 interpretationem

1924 5588 2021 5642 pro
2051 5575 2247 5629 collata
2279 5577 2437 5634 nobis
2470 5579 2642 5650 gratia
2670 5579 2947 5646 dedimus,
2981 5582 3226 5637 umbram
3265 5577 3489 5650 quidem
