4004 6548
541 300 645 358 963

1220 299 1488 357 EUSEBII
1527 299 2007 356 CAESARIENSIS
2042 299 2119 355 οιτ

2242 298 2427 354 PARS
2467 298 2553 355 Ill.
2584 330 2653 339 —
2679 299 3095 357 EXEGETICA.

3706 304 3810 359 θοι

541 431 643 488 pro
673 415 902 487 ﬁgurato
946 417 1041 471 illo
1083 424 1139 472 et
1187 418 1447 471 umbroso
1493 416 1646 471 cultu
1694 416 1992 478 tradentes,
2028 417 2119 485 qui

2224 418 2252 469 ό
2278 415 2416 487 μετά
2444 418 2631 488 χεῖρας
2657 401 2946 488 διαγράφει
2970 416 3156 485 λόγος*
3185 418 3344 471 σκιὰν
3378 420 3477 489 μὲν
3509 420 3687 491 αὐτῆς
3716 439 3811 474 κα-

542 526 601 566 m
644 510 998 566 sensibilibus
1039 518 1096 566 et
1143 510 1428 579 corporeis
1471 509 1750 563 montibus
1802 508 2122 579 perﬁcieba-

544 614 663 669 tur;
705 604 961 668 arbusta,
1004 617 1105 673 pro
1152 602 1441 657 animabus
1489 601 1843 671 propheticis,
1895 617 2018 671 qua:
2067 601 2123 655 in

540 696 723 751 cedris
768 695 901 759 Dei,
947 695 1211 766 angelicis
1268 694 1523 749 videlicet
1572 708 1637 748 ac
1685 693 1887 749 divinis
1948 697 2125 747 virtu-

539 788 692 845 tibus
746 788 1150 854 firmabantur;
1184 787 1443 858 palmites
1505 796 1600 840 aut
1647 801 1855 850 comas,
1905 801 2000 841 seu
2034 785 2127 854 ju-

543 883 664 948 bas,
708 898 810 953 pro
858 891 973 938 tota
1014 881 1331 937 Judzeorum
1372 878 1756 943 multitudine,
1792 879 1864 932 ob
1894 876 2120 933 instabi-

543 976 650 1030 lem
678 985 734 1029 et
761 974 1115 1030 ﬂuctuantem
1141 973 1426 1028 hominum
1468 972 1638 1026 vitam
1679 985 1852 1042 usque
1873 970 1940 1024 ad
1975 983 2127 1024 mare

538 1074 806 1133 extensa;
842 1067 1061 1120 demum
1108 1064 1440 1135 propagines
1487 1078 1589 1133 pro
1633 1063 1898 1133 apostolis
1929 1060 2127 1117 Serva-

540 1158 679 1214 toris
712 1158 885 1213 nostri
906 1158 1001 1227 qui
1034 1157 1089 1211 in
1113 1156 1339 1211 ﬂumine
1376 1164 1668 1211 versantur
1697 1155 1765 1210 de
1787 1170 1897 1225 quo
1917 1154 2125 1209 dictum

538 1257 624 1306 est
655 1269 667 1304 :
703 1248 971 1303 Fluminis
1020 1249 1244 1317 impetus
1281 1248 1563 1317 thiﬁcant
1608 1248 1875 1301 civitatem
1925 1246 2024 1300 Dei
2054 1247 2121 1300 ⁷⁸.

539 1339 741 1399 Verum
772 1342 901 1411 quia
938 1349 1238 1396 memorata
1280 1341 1440 1395 vinea
1480 1348 1560 1393 tot
1594 1341 1870 1409 tantisque
1901 1340 2061 1395 bonis
2094 1354 2125 1393 a

541 1433 651 1489 Deo
680 1433 880 1498 Verbo,
911 1433 1007 1504 qui
1040 1433 1192 1503 prius
1214 1432 1319 1502 ipsi
1350 1432 1742 1503 prospiciebat,
1780 1433 1979 1487 donata
2016 1440 2123 1496 est,

538 1532 941 1595 consequenter
990 1541 1116 1580 eum
1170 1525 1264 1595 qui
1325 1526 1497 1580 tantis
1541 1540 1664 1579 eam
1700 1524 1861 1578 donis
1886 1525 2124 1589 ornavit,

536 1618 696 1689 quasi
752 1618 1055 1672 dubitando
1122 1617 1418 1687 compellat
1465 1617 1709 1672 dicens:
1773 1613 1970 1685 thuid
2017 1616 2111 1669 de-

537 1710 784 1763 struxiin
804 1710 1087 1763 maceriam
1108 1709 1223 1778 ejus
1242 1710 1268 1763 ?
1296 1707 1391 1763 llle
1408 1724 1538 1763 vero
1566 1707 1858 1779 respondet
1888 1706 1973 1762 his
2001 1721 2125 1761 ver-

2226 509 2531 563 λύπτουσαν
2564 510 2695 580 δρη·
2729 509 3122 581 ἀναδενδράδας
3149 509 3207 563 δὲ
3236 510 3408 581 αὐτῆς
3438 514 3517 575 et;
3543 512 3683 582 ὕψος
3719 532 3811 583 με.

2225 600 2645 674 τεωριζομένας,
2690 602 2766 664 ὼς
2817 600 3112 656 καλύπτειν
3161 604 3261 675 οὐχ
3315 604 3506 669 ἁπλῶς
3560 606 3809 677 κέδρους,

2225 692 2363 747 ἀλλά
2387 694 2486 756 τὰς
2514 693 2738 764 κέδρους
2764 692 2859 745 τοῦ
2884 691 3018 746 Θεοῦ
3037 710 3052 725 ⁶
3082 694 3176 747 καὶ
3204 696 3298 749 ἐπὶ
3320 696 3533 758 τούτοις
3555 697 3811 767 κλήματα

2225 786 2572 856 ἐκτεινόμενα
2603 786 2705 848 ἕως
2740 785 3047 857 θαλάσσης·
3092 789 3187 840 καὶ
3229 788 3366 858 μετά
3402 790 3585 842 πάντα
3629 807 3809 860 παρα-

2227 878 2432 948 φυάδας
2460 878 2558 941 τὰς
2593 880 2755 951 μέχρι
2798 879 3047 948 ποταμοῦ
3089 880 3402 950 διηκούσας.
3436 878 3540 934 Ὧν
3570 884 3674 954 τὴν
3701 883 3812 936 διά.

2224 988 2372 1025 νοιαν
2405 973 2547 1025 κατά
2578 972 2675 1043 τὴν
2704 972 2947 1026 δοθεῖσαν
2977 973 3403 1045 ἡρμηνεύσαμεν
3435 976 3621 1047 χάριν,
3656 980 3811 1031 σκιὰν

2230 1062 2329 1134 μὲν
2348 1062 2636 1127 ἀποδόντες
2659 1063 2758 1135 τὴν
2783 1065 3019 1135 τοπικὴν
3042 1066 3135 1118 καὶ
3158 1064 3358 1139 σκιώδη
3382 1068 3672 1139 λατρείαν,
3694 1071 3810 1139 ἣτις

2226 1156 2285 1207 ὲν
2326 1158 2442 1218 τοῖς
2480 1156 2759 1228 αἰσθητοῖς
2804 1159 2898 1210 καὶ
2940 1161 3272 1228 σωματικοῖς
3314 1160 3497 1229 ὄρεσιν
3542 1162 3804 1214 ἐτελεῖτοο

2226 1248 2617 1319 ἀναδενδράδας
2645 1248 2701 1301 δὲ
2733 1249 2833 1312 τάς
2861 1252 3205 1322 προφητικέκ
3244 1251 3443 1321 ψυχάς,
3484 1255 3696 1316 αἵτινες
3723 1257 3808 1307 ἐπὶ

2224 1340 2323 1405 τὰς
2349 1341 2573 1413 κέδρους
2600 1341 2693 1395 τοῦ
2727 1341 2883 1407 Θεοῦ,
2919 1342 3020 1405 τάς
3051 1343 3346 1411 ἀγγελικάς
3385 1343 3483 1396 καὶ
3532 1344 3691 1407 θείας
3729 1346 3805 1397 δυ·

2226 1434 2417 1504 νάμεις
2448 1434 2896 1505 ὲπεστηρίζοντο·
2930 1434 3185 1505 κλήματα
3218 1435 3273 1486 δὲ
3306 1436 3338 1506 ἢ
3384 1435 3591 1505 κόμας,
3622 1436 3659 1505 ἢ
3699 1438 3807 1504 χαί-

2222 1542 2323 1589 τας
2345 1526 2406 1579 τὸ
2439 1527 2547 1579 πᾶν
2581 1526 2848 1580 Ἰουδαίων
2882 1526 3085 1596 πλῆθος
3110 1526 3215 1589 ἕως
3257 1526 3538 1596 θαλάσσης
3577 1529 3806 1581 ἐκτεινό-

2228 1635 2387 1689 μενον
2408 1617 2496 1671 διά
2518 1618 2610 1672 τὸν
2643 1619 2874 1673 ἄστατον
2905 1620 2999 1672 καὶ⁵
3028 1619 3428 1690 κυμαινόμενον
3458 1619 3571 1672 τῶν
3602 1620 3807 1688 ἀνθρὼ-

2225 1727 2343 1762 πων
2373 1708 2519 1779 βίον⁸
2550 1710 2646 1763 καὶ
2688 1709 2838 1774 τέλος
2877 1710 3258 1779 παραφυάδας,
3296 1712 3424 1773 τοὺς
3469 1712 3806 1774 ἀποστόλους

540 1800 664 1853 bis:
699 1799 841 1863 Quia
894 1799 1191 1868 exspectavi
1235 1808 1294 1852 ut
1335 1799 1535 1868 faceret
1576 1778 1755 1862 uvam,
1791 1797 1912 1867 fecit
1945 1807 2119 1851 autem

2225 1799 2320 1853 τοῦ
2348 1800 2599 1872 Σωτῆρος
2634 1800 2789 1871 ἡμῶν
2814 1801 2890 1872 τῷ
2918 1778 3147 1873 ποταμῷ
3181 1802 3455 1865 συνόντας,
3484 1804 3619 1873 περὶ
3646 1799 3709 1856 οὗ
3736 1804 3805 1854 εἰ-

538 1895 718 1962 spinas
739 1895 901 1959 '°;ac
928 1909 1153 1948 rursum
1174 1891 1521 1961 :Exspectavi
1536 1902 1590 1946 ut
1621 1891 1815 1961 faceret
1834 1891 2121 1961 judicium,

541 1988 661 2057 fecit
714 1998 890 2042 autem
946 1986 1315 2055 iniquitatem;
1359 2000 1465 2037 non
1481 1983 1777 2050 justitiam,
1804 1981 1892 2036 sed
1932 1984 2125 2037 clamo-

540 2096 651 2135 rem
680 2081 745 2133 ⁷⁷.
801 2077 860 2132 In
914 2075 1149 2133 Ieremia
1174 2090 1392 2145 quoque
1414 2076 1630 2129 vineam
1690 2075 1808 2145 ipse
1840 2074 2119 2145 coarguit,

540 2170 889 2226 rationabilis
947 2169 1149 2240 quippe
1208 2175 1350 2233 erat,
1405 2166 1493 2222 his
1539 2167 1764 2222 verbis:
1800 2167 1912 2237 Ego
1948 2177 2123 2221 autem

537 2264 777 2333 plantuvi
811 2264 1015 2317 vineam
1040 2260 1398 2331 fructiferam,
1430 2268 1594 2313 totam
1623 2276 1819 2313 veram.
1845 2259 2121 2325 Quomodo

538 2374 787 2412 conversa
816 2365 893 2410 est
919 2356 976 2409 in
1001 2352 1412 2407 amaritudinem
1438 2353 1559 2407 uitis
1596 2353 1772 2406 aliena
1804 2354 1889 2406 '8?
1917 2352 2121 2421 Adjicit

540 2457 725 2502 autem
763 2462 861 2518 per
892 2445 1091 2501 Isaiam
1120 2463 1134 2500 :
1169 2444 1427 2513 Auferam
1473 2459 1643 2511 sepem
1670 2444 1808 2511 ejus,
1850 2452 1900 2496 et
1945 2444 2045 2497 erit
2066 2444 2121 2497 in

538 2539 925 2607 direptionem;
960 2546 1010 2591 et
1039 2534 1283 2603 auferam
1310 2550 1521 2587 murum
1548 2534 1685 2603 ejus,
1714 2542 1762 2587 et
1793 2535 1891 2587 erit
1922 2534 1975 2586 in
1998 2550 2122 2588 con-

538 2632 907 2686 culcationem.
939 2628 1007 2683 Et
1054 2627 1321 2681 dimittam
1347 2627 1551 2681 vineam
1592 2642 1784 2689 meum,
1815 2635 1864 2679 et
1904 2642 2007 2680 non
2037 2625 2115 2694 fo-

537 2724 735 2785 dietur,
761 2738 921 2793 neque
962 2720 1259 2790 potabitur.
1311 2718 1381 2772 Et
1427 2716 1671 2772 ascendet
1704 2718 1759 2771 in
1798 2734 1913 2771 eam
1965 2718 2118 2788 quasi

538 2817 749 2871 aridam
791 2818 969 2886 spina,
1003 2826 1053 2870 et
1099 2814 1325 2868 nubibus
1362 2810 1626 2865 mandabo
1650 2828 1713 2864 ne
1744 2810 1933 2880 pluant
1964 2826 2119 2879 super

537 2927 653 2964 eam
681 2909 897 2963 imbrem
923 2909 990 2961 τ’.
1022 2907 1218 2962 Ablata
1250 2915 1436 2959 autem
1481 2920 1630 2975 sepe,
1661 2903 1866 2957 virtute
1908 2903 2119 2957 scilicet

537 3017 661 3073 qua:
689 3002 932 3056 custodit
954 3008 1008 3055 et
1036 2996 1431 3054 circunnnunit
1471 2998 1680 3067 ipsam;
1716 3004 2118 3066 consequenter

2230 1909 2418 1965 ρηται·
2460 1893 2571 1947 Τοῦ
2622 1894 2891 1963 ποταμοῦ
2936 1894 3010 1948 τὰ
3057 1894 3363 1964 ὁρμήματα
3408 1897 3804 1963 εὐφραίνουσι

2223 1984 2339 2051 τὴν
2361 1984 2541 2037 πόλιν
2568 1984 2673 2037 τοῦ
2698 1984 2866 2038 Θεοῦ.
2919 1984 3057 2037 Ἀλλ’
3083 1985 3268 2056 ἐπειδὴ
3296 1984 3571 2037 τοσούτων
3601 1985 3803 2055 ἠξιώθη

2224 2076 2258 2146 ή
2302 2075 2641 2146 δεδηλωμένη
2682 2075 2924 2145 ἄμπελος
2971 2075 3078 2129 ὑπὸ
3120 2074 3215 2128 τοῦ
3261 2076 3535 2147 πρότερον
3587 2079 3803 2130 ἐπισκο-

2223 2166 2454 2231 ποῦντος
2492 2167 2660 2238 αὐτὴν
2686 2167 2822 2219 Θεοῦ
2853 2167 3049 2235 Λόγου,
3092 2166 3399 2231 ἀκολούθως
3426 2166 3456 2217 ὁ
3489 2166 3652 2236 λόγος
3682 2169 3803 2238 €51;

2222 2261 2297 2325 ὡς
2322 2261 2459 2332 πρὸς
2485 2260 2647 2313 αὑτὸν
2668 2260 2756 2312 τὸν
2782 2258 2852 2313 τὰ
2875 2258 3114 2313 τοσαῦτα
3138 2260 3507 2331 δεδωρημένον
3532 2262 3803 2333 ἐπαπορεί

2222 2354 2395 2424 λέγων
2421 2372 2436 2386 ο
2486 2354 2669 2408 Ἰγατι
2726 2353 2999 2419 καθεῖλες
3031 2353 3136 2408 τὸν
3162 2355 3433 2423 φραγμὸν
3476 2354 3707 2423 αὐτῆς
3747 2358 3800 2410 ’0

2220 2447 2276 2501 δὲ
2318 2447 2669 2518 ἀποκρίνεται
2715 2446 2888 2515 λέγων
2911 2463 2927 2479 ο
2977 2448 3133 2500 Διότι
3171 2449 3375 2516 ἔμεινα
3414 2450 3517 2503 ἵνα
3574 2451 3797 2518 ποιήσῃ

2220 2540 2547 2609 σταφυλὴν
2571 2580 2589 2606 ,
2639 2540 2891 2606 ἐποίησε
2945 2539 3015 2592 δὲ
3059 2538 3325 2605 ἀκάνθας
3352 2557 3369 2573 ο
3426 2543 3523 2595 καὶ
3592 2543 3753 2596 πάλιν
3778 2561 3792 2573 ·

2225 2633 2465 2700 Ἐμεινα
2503 2632 2603 2685 ἵνα
2637 2633 2865 2700 ποιήσῃ
2895 2632 3123 2698 κρίσιν,
3149 2632 3402 2700 ἐποίησε
3430 2633 3499 2685 δὲ
3518 2634 3791 2703 ἀνομίαν,

2219 2723 2317 2777 καὶ
2344 2725 2415 2777 οὑ
2440 2724 2855 2790 δικαιοσύνην,
2876 2723 3033 2777 ἀλλὰ
3059 2723 3348 2793 κραυγήν.
3376 2725 3487 2777 Καὶ
3517 2726 3581 2778 ὲν
3612 2726 3691 2797 τῷ
3714 2727 3795 2779 Ἱε-

2224 2814 2387 2886 ρεμίᾳ
2422 2813 2479 2866 δὲ
2509 2816 2538 2867 ό
2571 2813 2735 2876 αὐτὸς
2776 2813 2990 2883 ἐλέγχει
3023 2814 3124 2885 τὴν
3157 2814 3421 2885 ἄμπελον,
3459 2814 3655 2887 λογικὴ
3694 2817 3791 2885 γὰρ

2217 2902 2306 2978 ἦν,
2336 2906 2558 2976 φάσκων
2577 2923 2593 2938 ·
2629 2905 2770 2977 Ἐγὼ
2794 2905 2862 2959 δὲ
2882 2906 3188 2974 ἐφύτευσα
3209 2905 3480 2976 ἄμπελον
3500 2912 3793 2977 καρποφό-

2210 3015 2327 3065 ρον
2362 2996 2569 3051 πᾶσαν
2604 2995 2919 3065 ἀληθινήν.
2951 2995 3085 3063 Πῶς
3126 2995 3393 3066 ἐστράφη
3428 3000 3515 3062 εις
3560 3001 3795 3067 παρὼν

537 3110 729 3150 omnes
783 3093 981 3148 deinde
1006 3091 1214 3145 inimici
1257 3090 1559 3144 invisibiles
1616 3096 1670 3144 et
1710 3088 1939 3147 occulti,
1986 3087 2116 3141 feris

2221 3089 2257 3155 ἡ
2310 3086 2579 3156 ἄμπελος
2620 3087 2659 3154 ἠ
2712 3088 3036 3155 ἀλλοτρία;
3086 3086 3415 3160 Προστίθησι
3467 3089 3523 3142 δὲ
3571 3092 3667 3143 καὶ
3713 3092 3792 3145 διὰ

539 3185 847 3255 agrestibus
872 3182 1223 3237 immaniores
1249 3178 1441 3250 (Vsus.
1472 3179 1586 3248 M),
1610 3180 2117 3233 exterminaverunt

537 3289 655 3339 eos,
711 3273 963 3328 videlicet
1013 3272 1104 3341 qui
1162 3285 1193 3323 a
1244 3267 1532 3338 Scriptura
1583 3267 2004 3322 accusabantur.
2053 3266 2118 3318 Et

537 3364 761 3436 quidam
794 3364 1043 3431 impurus
1077 3375 1232 3430 aper,
1263 3375 1459 3429 nempe
1491 3359 1773 3428 Assyrius,
1808 3359 1960 3428 prior
1990 3373 2114 3413 cum

541 3451 859 3507 fortitudine
890 3450 1173 3513 invadens,
1222 3447 1505 3518 praefatam
1551 3448 1768 3502 vineam
1800 3449 2119 3518 pessumde-

536 3544 645 3608 dit,
674 3544 747 3596 ita
770 3551 829 3596 ut
863 3541 1270 3596 multitudinem
1313 3542 1498 3612 p0pnli
1534 3541 1805 3612 captivam
1846 3541 1900 3595 in
1950 3542 2114 3612 Assy-

538 3637 652 3691 rios
677 3635 992 3690 abduceret.
1047 3634 1254 3690 Deinde
1281 3650 1411 3689 vero
1446 3634 1584 3688 alter
1616 3633 1872 3688 inimicus
1908 3634 2119 3703 ingres-

537 3745 655 3794 sus,
681 3745 802 3799 quae
835 3743 865 3782 a
902 3730 1084 3798 priore
1119 3728 1313 3783 relicta
1368 3727 1586 3782 fuerant
1630 3726 1887 3790 vastavit,
1930 3726 2117 3780 Nabu-

536 3821 884 3877 chodonosor
908 3822 1178 3886 videlicet,
1206 3821 1299 3891 qui
1332 3821 1593 3887 templum
1623 3818 1887 3882 incendit,
1924 3826 1977 3873 et
2001 3818 2119 3873 solo

534 3915 790 3985 aequavit.
816 3913 997 3980 Quare
1042 3914 1344 3968 secundum
1399 3911 1789 3983 Symmachum
1825 3911 1990 3965 etiam
2035 3909 2119 3964 di-

535 4015 684 4061 ctum
711 4016 794 4061 est
829 4024 841 4059 :
884 4007 1119 4061 Vastavit
1141 4023 1257 4061 eam
1301 4022 1428 4074 aper
1450 4003 1515 4058 de
1549 4004 1708 4067 silva,
1757 4013 1806 4058 et
1830 4003 2117 4073 singularis

538 4100 680 4164 ferus
701 4101 951 4169 depastus
1007 4110 1083 4154 est
1117 4116 1254 4153 eam.
1280 4097 1390 4152 Pro
1443 4098 1539 4151 illo
1590 4105 1797 4158 autem,
1828 4095 2118 4165 singularis

537 4191 706 4255 ferus,
732 4191 951 4259 Aquila,
984 4190 1319 4258 amnigenam
1344 4199 1563 4252 terram,
1597 4188 1986 4257 interpretatus
2010 4197 2115 4241 est.

539 4283 853 4339 Secundum
889 4283 1051 4335 aliam
1081 4295 1212 4335 vero
1249 4280 1777 4350 interpretatimlem,
1818 4277 2119 4347 pessumde—

535 4375 615 4429 dit
642 4392 758 4430 eam
786 4390 803 4439 ,'
832 4375 884 4428 id
914 4383 1020 4441 est,
1075 4383 1432 4427 memoratam
1465 4372 1699 4436 vineam,
1740 4371 1916 4440 primo
1947 4370 2118 4442 Baby-

2232 3179 2454 3233 Ἡσαΐου
2488 3180 2693 3248 λέγων·
2727 3178 2974 3234 Καθελῶ
3000 3179 3108 3232 τὸν
3139 3181 3410 3250 φραγμὸν
3444 3182 3662 3252 αὐτῆς,
3701 3186 3786 3237 καὶ

2215 3273 2387 3327 ἐσται
2421 3274 2508 3338 εὶς
2532 3271 2867 3342 διαρπαγήν
2889 3288 2902 3300 ·
2930 3272 3027 3325 καὶ
3055 3271 3285 3326 καθελῶ
3312 3272 3421 3326 τὸν
3457 3273 3670 3343 τοῖχον
3692 3277 3782 3329 αὐ·

2216 3365 2344 3434 τῆς,
2375 3366 2472 3418 καὶ
2496 3365 2665 3419 ἔσται
2697 3368 2784 3432 εὶς
2822 3365 3259 3433 καταπάτησιν.
3309 3367 3416 3421 Καὶ
3451 3368 3668 3436 ἀνήσω
3698 3370 3793 3422 τὸν

2215 3457 2540 3528 ἀμπελῶνά
2558 3476 2698 3527 μου,
2726 3460 2823 3513 καὶ
2851 3462 2923 3514 οὐ
2942 3460 3027 3530 μὴ
3055 3459 3286 3529 σκαφῇ,
3304 3459 3451 3514 οὐδὲ
3469 3461 3559 3530 μὴ
3584 3462 3791 3532 τμηθῇ.

2215 3550 2326 3605 Kal
2366 3548 2731 3616 ἀναϐήσεται
2760 3553 2849 3618 εὶς
2880 3552 3067 3606 αὐτὸν
3100 3552 3243 3605 ὡσεὶ
3272 3550 3495 3619 χέρσον
3539 3552 3790 3615 ἄκανθα,

2216 3643 2315 3697 καὶ
2378 3644 2509 3708 ταῖς
2558 3641 2847 3712 νεφέλαις
2899 3644 3253 3712 ἐντελοῦμαι
3296 3643 3404 3697 τοῦ
3444 3642 3530 3712 μὴ
3584 3644 3791 3710 ,ϐρέξαι

2216 3739 2304 3804 εις
2337 3737 2523 3791 αὑτὸν
2565 3737 2762 3792 ὑετόν.
2800 3736 3231 3808 Καθαιρεθέντος
3274 3736 3329 3790 δὲ
3373 3736 3469 3789 τοῦ
3517 3736 3789 3807 φραγμοῦ.

2217 3827 2460 3881 τουτέστι
2486 3827 2585 3897 τῆς
2618 3827 2992 3897 φυλαττούσης
3022 3828 3219 3889 αὐτοὺς
3258 3827 3352 3881 καὶ
3395 3828 3790 3898 περιφραττού-

2221 3937 2321 3991 σης
2351 3920 2651 3990 δυνάμεως,
2676 3919 2899 3982 εἰκότως
2923 3919 3119 3981 πάντες
3151 3918 3334 3974 λοιπὸν
3361 3917 3611 3988 πολέμιοι
3635 3919 3789 3985 ἀόρα-

2218 4013 2301 4066 τοί
2332 4030 2390 4065 τε
2419 4012 2513 4064 καὶ
2538 4012 2781 4080 ἀφανεῖς,
2815 4010 2995 4082 θηρῶν
3024 4010 3232 4081 ἀγρίων
3261 4009 3411 4073 ὄντες
3444 4008 3792 4081 ἀνημερώτε-

2224 4121 2325 4175 ροι,
2355 4103 2694 4174 ἐλυμήναντο
2734 4104 2951 4166 αύτούς,
2982 4102 3181 4173 δηλαδὴ
3226 4103 3353 4165 τοὺς
3376 4101 3481 4154 ὑπὸ
3514 4101 3611 4154 τού
3640 4102 3791 4169 λόγου

2220 4178 2747 4266 κατηγορουμένουξ.
2786 4194 2893 4247 Καί
2936 4211 3018 4257 τις
3053 4193 3267 4265 πρῶτος
3300 4193 3611 4263 ἀκάθαρτος
3653 4187 3735 4253 8;,
3765 4192 3792 4243 ὁ

2233 4286 2530 4355 Ἀσσύριος,
2557 4283 2810 4338 εἰσελθὼν
2846 4284 3100 4355 ἰσχυρῶς,
3130 4284 3229 4355 τὴν
3261 4284 3593 4355 δηλωθείσαν
3618 4285 3790 4353 ἄμπε-

2220 4378 2311 4432 λον
2360 4378 2680 4448 διέφθειρεν,
2727 4377 2802 4439 ὡς
2853 4379 2944 4430 καὶ
3003 4378 3309 4445 ἀπαγαγεῖν
3354 4376 3697 4446 αἰχμάλωτον
3736 4375 3791 4428 τὸ

537 4467 742 4529 ionius,
768 4467 861 4537 qui
891 4466 1039 4536 prior
1067 4465 1438 4537 Hierosolyma
1451 4465 1698 4526 obsessa,
1721 4462 1927 4517 excidit
1951 4461 2118 4527 illam;

2226 4469 2427 4540 πλῆθος
2460 4471 2537 4531 εἰς
2563 4469 2690 4531 τοὺς
2718 4467 3051 4539 Ἀσσυρίους.
3085 4462 3217 4519 Εἶτα
3248 4466 3495 4538 δεύτερος
3519 4468 3787 4536 πολέμιος,

540 4569 661 4631 post
699 4562 852 4615 illum
876 4576 1007 4616 vero
1036 4560 1322 4615 Romanus
1351 4560 1685 4622 excercitus,
1708 4557 1802 4627 qui
1834 4566 1958 4628 post
1985 4555 2113 4611 Ser-

536 4655 745 4709 vatoris
778 4654 952 4709 nostri
1003 4654 1322 4717 adventum,
1358 4654 1671 4721 irrumpens
1697 4651 1931 4704 vastavit
1971 4664 2111 4703 eam.

537 4746 661 4802 ila:c
714 4763 878 4817 porro
936 4749 1121 4803 omnia
1148 4748 1479 4803 vaticinatur
1508 4746 1716 4817 Asaph,
1743 4746 1835 4815 qui
1872 4753 2116 4814 tempore

536 4838 756 4894 Davidis
785 4850 910 4895 ante
932 4840 1317 4911 Hierosolyma:
1341 4838 1806 4894 constructionem
1840 4846 1977 4899 erat,
1995 4851 2117 4906 quae

536 4931 811 4987 adnotatis
848 4934 1186 5003 temporibus
1216 4938 1480 4987 eventura
1516 4931 1618 5001 ipsi
1663 4938 1821 4986 erant
1856 4944 2114 4999 praenun-

536 5024 702 5077 tians.
738 5022 803 5074 Et
830 5024 1049 5092 quidem
1081 5024 1135 5076 in
1173 5024 1423 5091 praesenti
1460 5022 1677 5078 videtur
1728 5035 1835 5075 una
1884 5022 2113 5090 primam

535 5112 877 5168 obsidionem
929 5128 960 5165 a
1000 5112 1331 5183 Babyloniis,
1378 5123 1432 5168 et
1460 5113 1757 5168 secundam
1792 5128 1820 5164 a
1854 5111 2115 5166 Romanis

538 5201 739 5256 factam
760 5202 1048 5257 vaticinari
1083 5222 1097 5258 :
1133 5219 1229 5272 per
1265 5204 1659 5274 prmcedentem
1691 5218 1821 5257 vero
1847 5203 2113 5273 psalmum

537 5308 660 5365 qua:
688 5294 792 5349 sub
821 5294 1092 5350 Antiocho
1115 5294 1399 5365 Epiphane
1426 5299 1812 5368 contigerunt;
1834 5312 1929 5364 per
1946 5309 2118 5348 Lxxm

540 5396 722 5443 autem
760 5403 824 5443 ea
854 5390 1031 5443 solum
1057 5405 1179 5460 qua:
1223 5388 1290 5441 ad
1318 5400 1648 5459 postremam
1682 5403 1712 5441 a
1749 5387 2012 5442 Romanis
2039 5387 2119 5441 fa-

538 5484 684 5533 ctam
712 5478 1055 5533 obsidionem
1104 5477 1400 5549 pertinent,
1429 5485 1489 5532 ut
1519 5477 1588 5531 ad
1622 5491 1794 5530 uxnt
1829 5491 2114 5531 common-

540 5580 773 5627 stratum
805 5583 912 5628 est.

2220 4559 2496 4621 εἰσελθὼν,
2520 4559 2589 4611 τὰ
2618 4559 2724 4611 ὑπὸ
2748 4557 2841 4611 τοῦ
2870 4556 3085 4629 πρώτου
3120 4555 3547 4625 καταλειφθέντα
3582 4572 3791 4609 κατενε-

2224 4654 2497 4723 μήσατο,ό
2532 4651 3017 4722 Ναόουχοδονόσορ,
3052 4651 3079 4703 ό
3106 4650 3201 4704 καὶ
3230 4650 3291 4702 τὸ
3324 4648 3468 4720 ἱερὸν
3514 4650 3785 4721 πυρπολή-

2223 4764 2319 4809 σας
2346 4747 2438 4799 καὶ
2470 4748 2549 4809 εἰς
2597 4745 2790 4815 ἔδαφος
2828 4743 3073 4813 ἀγαγών.
3109 4742 3201 4796 Διὸ
3238 4742 3484 4796 λέλεκται
3531 4743 3630 4795 καὶ
3659 4742 3785 4794 κατὰ

2220 4840 2312 4892 τὸν
2353 4839 2673 4910 Σύμμαχον·
2709 4837 3168 4907 Κατενεμήσατο
3207 4836 3402 4903 αὐτὴν
3430 4832 3509 4901 ὗς
3553 4837 3624 4889 ἐκ
3671 4836 3784 4901 δρυ-

2212 4928 2353 4999 μοῦ,
2401 4929 2499 4982 καὶ
2540 4928 2749 4998 μονιὸς
2797 4928 3001 4997 ἆπριος
3048 4926 3535 4991 κατεϐοσκήσατο
3581 4924 3781 4991 αὐτὴν.

2232 5021 2375 5073 Ἀντὶ
2419 5021 2476 5074 δὲ
2508 5019 2625 5084 τοῦ,
2677 5019 2775 5073 καὶ
2815 5019 3027 5089 μονιός
3073 5020 3295 5090 ἄγριος,
3328 5022 3357 5073 ό
3396 5018 3648 5081 Ἀκύλας,
3696 5017 3781 5069 καὶ

2219 5113 2616 5181 παντοδαπὴν
2644 5112 2860 5181 χώραν,
2888 5115 3219 5184 ἡρμήνευσε.
3257 5112 3390 5165 Καθ’
3412 5113 3607 5185 ἑτέραν
3633 5112 3688 5163 δὲ
3714 5111 3784 5178 ἐρ-

2223 5207 2470 5277 μηνείαν,
2503 5207 2844 5274 ἐλυμήνατο
2891 5204 3106 5273 αὐτὴν,
3136 5205 3334 5277 δηλαδὴ
3380 5204 3480 5273 τὴν
3522 5202 3782 5256 ἀποδοθεῖ-

2219 5315 2319 5350 σαν
2351 5298 2615 5368 ἄμπελον,
2662 5300 2875 5370 πρῶτος
2908 5302 2937 5353 ὁ
2982 5297 3342 5360 Βαϐυλώνιος,
3374 5299 3401 5349 ό
3441 5298 3536 5348 καὶ
3583 5294 3781 5365 πρῶτος

2217 5392 2317 5462 τὴν
2375 5390 2733 5461 Ἰερουσαλὴμ
2786 5391 3072 5463 πολιορκίᾳ
3127 5390 3378 5463 δῃώσας-⁸
3432 5388 3626 5440 ἔπειτα
3681 5385 3781 5455 μετ’

2219 5483 2425 5534 ἐκεῖνον
2447 5481 2476 5531 ὁ
2518 5480 2822 5551 Ῥωμαϊκὸς
2846 5481 3096 5553 στρατὸς,
3128 5481 3264 5551 μετὰ
3301 5479 3400 5550 τὴν
3421 5478 3516 5531 τοῦ
3549 5476 3781 5545 Σωτῆρος

2219 5569 2374 5642 ἡμῶν
2431 5571 2737 5641 παρουσίαν
2801 5570 3076 5635 ἐπελθὼν,
3136 5572 3541 5640 κατενεμήσατο
3609 5566 3775 5633 αὑτήν.

540 5665 725 5717 Ταῦτα
752 5665 811 5718 δὲ
863 5666 1041 5719 πάντα
1071 5664 1401 5737 προφητεύει
1440 5664 1611 5734 ’Λσάφ
1658 5663 1800 5716 κατὰ
1851 5662 1977 5724 τοὺς
2023 5661 2247 5733 χρόνους
2274 5660 2514 5729 γεγονὼς
2546 5659 2638 5714 τοῦ
2669 5661 2849 5728 Δαυῖδ,
2885 5664 2990 5724 πρὸ
3022 5662 3119 5720 τῑπς
3152 5662 3435 5733 οἰκοδομῆς
3463 5660 3560 5731 τῆς
3605 5659 3773 5726 Ἰεροϊ

612 5780 658 5811 ’⁸
699 5778 840 5836 Psal.
877 5796 1001 5849 XLV,
1035 5782 1087 5838 5.
1162 5783 1209 5813 "
1243 5780 1344 5839 lsa.
1385 5799 1435 5842 ι’.
1472 5782 1522 5837 5.
1599 5782 1641 5813 ⁷⁷
1685 5771 1821 5839 ibid.
1858 5781 1912 5836 7.
1989 5784 2034 5821 τε
2074 5779 2119 5835 1(

2226 5795 2300 5847 ιι,
2338 5779 2429 5834 21.
2505 5780 2551 5812 ⁷⁹
2593 5778 2765 5843 Isa.v,
2800 5780 2833 5834 5
