4004 6532
224 300 336 359 965

1351 292 1853 351 COMMENTARIA
1884 290 1955 345 IN
1994 288 2333 347 PSALMOS.

3384 282 3495 340 966

227 416 429 485 σαλὴμ,
470 414 742 478 θεσπίζων
762 412 901 483 αὐτῇ
939 411 1009 465 τὰ
1048 410 1433 481 συμϐησόμενα
1455 408 1595 463 κατὰ
1623 409 1749 471 τοὺς
1783 406 2123 478 δηλωθέντας
2148 407 2394 477 χρόνους.
2424 406 2522 460 Διά
2546 405 2646 478 μὲν
2675 403 2767 459 οὖν
2800 404 2907 459 τῶν
2943 402 3080 474 μετά
3109 402 3295 473 χεῖρας
3316 398 3492 451 ἔοικεν

220 512 358 583 ὁμοῦ
400 512 493 564 καὶ
525 509 626 580 τὴν
668 508 893 580 πρώτην
922 505 1237 577 πολιορκίαν
1269 504 1367 575 τὴν
1412 504 1517 558 ὑπὸ
1582 501 1935 556 Βαϐυλωνίων
1967 511 2290 571 γενομένην,
2323 501 2418 553 καὶ
2459 500 2559 571 τὴν
2597 500 2854 572 δευτέραν
2898 498 2998 569 τὴν
3040 496 3146 549 ὑπὸ
3203 490 3491 564 Ῥωμαίων

223 603 592 678 προφητεύειν
616 619 632 634 ο
667 602 755 657 διὰ
786 601 845 654 δὲ
880 599 971 653 τοῦ
1004 598 1111 669 πρὸ
1140 596 1332 650 τούτου
1362 597 1432 651 τὰ
1474 595 1615 650 κατὰ
1660 594 1930 664 Ἀντίοχον
1951 593 2042 647 τὸν
2075 593 2343 664 Ἐπιφανῆ
2378 594 2690 664 συμϐάνταο
2726 592 2815 646 διὰ
2857 592 2912 645 δὲ
2944 590 3037 644 τοῦ
3067 590 3109 643 0'
3137 589 3232 643 καὶ
3268 587 3315 657 γ’
3354 586 3493 659 μόνα

221 701 291 753 τὰ
312 699 414 769 τῆς
456 697 693 767 ὑστάτης
725 692 1042 764 πολιορκίας
1070 690 1170 761 τῆς
1197 688 1303 742 ὑπὸ
1342 689 1627 759 Ῥωμαίων
1660 684 1979 757 γενομένης,
2012 682 2088 748 ὡς
2112 683 2488 738 ἀποδέδεικται
2516 687 2574 739 ἐν
2606 686 2719 747 τοῖς
2748 682 2889 736 κατά
2921 681 3011 735 τὸν
3039 686 3119 748 ογ¹
3156 678 3489 751 εἰρημένοις,

304 790 359 841 '0
413 786 556 852 Θεὸς
594 784 715 839 τῶν
754 781 1086 851 δυνάμεων,
1137 780 1510 848 ἐπέστρεφον
1536 778 1637 847 δὴ,
1680 778 1797 831 ἐπί-

1984 773 2150 830 Vsus.
2187 775 2379 831 15-17.
2420 775 2568 830 Deus
2615 776 2892 837 virtutum,
2924 783 3243 839 convertere,
3294 775 3493 843 respice

222 882 455 948 σλεψον
496 876 566 940 ἐξ
600 872 881 943 οὐρανοῦ,
916 871 1015 926 καὶ
1054 870 1165 937 τδε,
1194 871 1295 924 καί
1331 872 1656 939 ἐπίσκεψαι
1689 870 1805 937 τὴν

219 971 497 1042 ἄμπελον
524 968 775 1034 ταύτην,
813 965 910 1019 καί
935 964 1285 1033 κατάρτισαι
1311 963 1526 1032 αὐτὴν,
1562 962 1642 1031 ἢν
1670 964 1808 1032 ἐφύ-

217 1076 442 1117 τευσεν
480 1059 521 1128 ἡ
550 1056 719 1122 δεξιά
741 1071 879 1120 σου,
914 1054 1015 1110 καί
1054 1054 1153 1108 ἐπὶ
1188 1053 1324 1109 υἱὸν
1356 1053 1692 1122 ἀνθρώπου,
1732 1052 1806 1107 ὃν

218 1150 632 1221 ἑκραταίωσας
661 1145 917 1212 σεαυτῷ.
960 1143 1479 1215 Ἐμπεπυρισμένη
1517 1145 1659 1213 πυρὶ
1704 1144 1803 1198 κιιὶ

217 1240 672 1311 ἁνεσκαμμένη,
718 1239 836 1293 ἀπὸ
879 1237 1275 1307 ἐπιτιμήσεως
1324 1236 1431 1291 τοῦ
1478 1238 1804 1305 προσώπου

216 1347 338 1387 σου
383 1329 774 1384 ἀπολοῦνται.
818 1329 907 1392 Ὦς
954 1326 1158 1396 ἀγαθὸν
1200 1326 1446 1397 γεωργὸν
1486 1327 1803 1398 ὑπομνήσας

216 1422 320 1493 τῆς
353 1420 553 1491 πολλῆς
584 1418 750 1473 αὑτοῦ
780 1419 908 1491 περὶ
940 1417 1038 1491 τὴν
1066 1417 1312 1490 ἄμπελον
1342 1417 1681 1489 ἐπιμελείας,
1709 1419 1803 1473 καὶ

214 1513 319 1581 τῆς
355 1513 494 1582 μετά
536 1510 707 1563 ταῦτα
742 1509 1029 1580 συμϐάσης
1060 1510 1198 1581 αὑτῇ
1234 1507 1490 1580 ἐρημίας,
1539 1508 1667 1578 ἐξῆς
1709 1510 1805 1562 καὶ

214 1603 528 1666 ἀκολούθως
584 1601 818 1655 ἱκετεύει
861 1601 1187 1673 ἐπιστρέψαι
1232 1601 1309 1665 ὡς
1361 1600 1802 1672 ἀποστραφέντα,

214 1696 315 1748 καὶ
346 1696 433 1748 διὰ
465 1696 561 1766 τῆς
590 1696 937 1767 ἀποστροφῆς
961 1696 1073 1757 τοῖς
1104 1694 1367 1757 ἐναντίοις
1402 1695 1565 1747 πᾶσιν
1584 1693 1804 1747 ἐκδεδω-

214 1788 353 1840 κάτα
387 1787 487 1859 τὴν
534 1786 796 1859 ἄμπελον.
850 1787 1175 1857 Ἐπισκέψαι
1224 1785 1282 1840 δὲ
1333 1786 1495 1840 αὑτὸν
1548 1786 1799 1851 ἱκετεύει,

210 1880 313 1933 καὶ
344 1878 632 1949 ἐπιϐλέψαι
660 1879 865 1934 ἄνωθεν
892 1878 952 1945 ἐξ
979 1878 1208 1950 ούρανοῦ
1228 1894 1244 1909 ·
1281 1878 1585 1950 μνησθῆναὶ
1614 1896 1696 1942 τε,
1726 1878 1803 1943 ὼς

206 1972 325 2042 ἄρα
359 1970 445 2043 εἴη
473 1971 638 2025 αὑτοῦ
667 1972 882 2042 φυτεία,
917 1972 1010 2026 καὶ
1036 1971 1137 2042 τῆς
1159 1970 1325 2024 αὑτοῦ
1353 1970 1532 2038 δεξιᾶς
1557 1970 1802 2043 γεωργία

206 2060 250 2129 ἡ
291 2060 657 2131 προλεχθεῖσα
704 2061 968 2132 ἄμπελος,
1006 2062 1100 2115 καὶ
1145 2060 1451 2133 μνησθέντα
1500 2060 1800 2131 ἐπισκέψα-

1904 865 1968 919 de
2000 865 2150 930 caelo,
2190 878 2241 921 et
2292 866 2430 932 vide,
2476 877 2526 921 et
2571 867 2729 922 visita
2770 870 2976 921 vineam
3002 867 3184 931 istaut,
3222 876 3271 921 et
3299 868 3492 935 perﬁce

1902 974 2043 1023 eam,
2085 974 2243 1028 quam
2299 958 2563 1028 plantavit
2611 960 2831 1013 dextera
2862 971 2976 1022 tua,
3024 970 3074 1013 et
3125 974 3281 1027 super
3319 959 3490 1028 ﬁlium

1904 1049 2155 1116 hominis,
2188 1066 2339 1119 quem
2370 1051 2701 1119 conﬁrmasti
2745 1051 2862 1104 tibi.
2907 1049 3135 1105 Incensa
3166 1050 3274 1119 igni
3298 1060 3347 1103 et
3376 1049 3491 1119 suf-

1905 1141 2075 1211 fossa,
2101 1141 2166 1194 ab
2198 1142 2555 1210 increpatione
2577 1142 2751 1196 vultus
2781 1144 2859 1196 tui
2888 1143 3153 1212 peribunt.
3188 1139 3487 1212 Postquam

1904 1232 1954 1287 ei
1988 1239 2048 1285 ut
2072 1232 2217 1287 bono
2246 1233 2498 1302 agricolae
2535 1232 2591 1287 in
2635 1233 2954 1288 memoriam
2996 1233 3271 1288 revocavit
3302 1232 3491 1301 ingen~

1904 1335 2016 1383 tem
2074 1326 2221 1380 illam
2259 1341 2415 1381 suam
2466 1342 2563 1396 pro
2595 1327 2755 1383 vinea
2805 1326 3255 1390 sollicitudinem,
3289 1333 3344 1381 et
3375 1325 3485 1396 ipsi

1905 1418 2111 1475 illatam
2142 1427 2331 1489 postea
2387 1420 2735 1485 vastitatem;
2790 1422 2895 1475 sub
2941 1419 3055 1474 hau-
3086 1426 3491 1488 consequenter

1905 1511 2198 1581 supplicat,
2230 1522 2289 1565 ιιι
2315 1513 2379 1566 ad
2410 1526 2530 1566 eam
2562 1526 2621 1567 se
2647 1518 2955 1575 convertat,
2981 1511 3075 1581 qui
3094 1510 3303 1581 pridem
3337 1523 3493 1565 aver-

1904 1618 2000 1659 sus
2051 1603 2100 1658 ei
2159 1610 2329 1666 esset,
2387 1617 2451 1657 ac
2501 1612 2603 1672 per
2636 1602 2979 1656 aversionem
3026 1602 3197 1662 illam,
3249 1602 3492 1656 inimicis

1903 1696 2146 1752 eamdem
2178 1697 2391 1751 vineam
2422 1696 2757 1753 tradidisset.
2804 1694 2982 1766 Rogat
3028 1702 3210 1750 autem
3248 1695 3400 1748 illum
3434 1704 3493 1749 ut

1902 1787 2217 1843 consideret
2272 1794 2329 1842 et
2367 1802 2589 1841 sursum
2644 1786 2713 1841 de
2743 1787 2885 1841 malo
2930 1786 3208 1855 respiciat,
3232 1785 3489 1841 recorde-

1903 1885 2103 1948 turque
2152 1888 2511 1933 memoratam
2563 1878 2801 1942 vineam,
2856 1878 2942 1933 sui
2998 1878 3394 1947 plantationem
3437 1887 3493 1933 et

1903 1969 2142 2026 dextere
2191 1986 2307 2027 suae
2369 1969 2763 2040 agriculturam
2814 1985 2963 2032 esse,
3009 1969 3240 2040 ejusque
3284 1984 3495 2024 memor

1902 2064 2089 2118 visitet
2112 2063 2284 2125 illam,
2322 2070 2510 2131 utpote
2537 2078 2657 2131 qua:
2685 2063 2816 2117 olim
2842 2062 2911 2116 ab
2931 2061 3051 2130 ejus
3081 2062 3308 2116 dextera
3339 2061 3495 2131 plan-

206 2150 343 2206 σθαι
376 2152 568 2222 αὐτὴν,
599 2153 675 2216 ὡς
714 2153 780 2207 ἂν
811 2152 977 2206 πάλαι
1007 2154 1104 2221 μὲν
1139 2153 1241 2207 ὑπὸ
1286 2153 1385 2223 τῆς
1413 2152 1577 2207 αὑτοῦ
1620 2153 1797 2217 δεξιᾶς

1900 2162 2009 2209 tata
2040 2154 2203 2208 fuerit
2229 2172 2241 2207 :
2267 2153 2379 2223 jam
2403 2168 2532 2207 vero
2555 2153 2777 2208 incensa
2800 2154 2909 2224 igni
2938 2162 2992 2207 et
3022 2152 3280 2214 sull'ossa,
3315 2154 3384 2207 ab
3412 2152 3467 2206 in

200 2244 596 2315 φυτευθεῖσαν,
627 2245 743 2299 νυνὶ
772 2244 829 2297 δὲ
866 2245 1352 2317 ἐμπεπυρισμένην
1386 2245 1521 2316 πυρὶ
1550 2246 1645 2298 καὶ
1677 2245 1800 2297 ἀνε-

202 2335 562 2407 σκαμμένην,
592 2337 686 2389 καὶ
714 2335 822 2388 ἀπὸ
858 2336 1229 2407 ἐπιτιμήσεως
1258 2333 1353 2388 τοῦ
1381 2334 1670 2405 προσώπου
1702 2335 1799 2388 αύ-

198 2429 308 2482 τοῦ
332 2429 690 2483 άπολωλυῖαν.
726 2428 893 2494 Ἀξιοῖ
920 2445 979 2481 τε
1008 2427 1438 2499 καταρτίσασθαι
1470 2426 1639 2497 αὑτὴν
1668 2428 1799 2479 ἀνα-

199 2523 447 2578 λαϐόντα
510 2522 606 2575 καὶ
667 2520 1121 2593 ἀνακτησάμενον
1166 2518 1322 2590 δίκην
1390 2518 1633 2589 σωτῆρος
1701 2517 1798 2573 καὶ

202 2612 403 2684 ἐατροῦ
421 2630 434 2644 ⁸
464 2611 748 2666 καὶταῦτα
774 2611 979 2683 πρᾶξαι
1005 2610 1092 2665 διὰ
1124 2608 1217 2664 τοῦ
1248 2608 1379 2663 Υἱοῦ
1407 2608 1466 2662 ὃν
1490 2608 1795 2681 ὲκραταίωι

200 2723 308 2759 σεν
343 2704 540 2776 ἐαυτῷ.
588 2706 666 2758 Δι’
715 2698 790 2759 ὧν
823 2703 1011 2773 σαφῶς
1042 2705 1071 2757 ὁ
1110 2702 1267 2771 λόγος
1306 2700 1545 2754 διδάσκει
1579 2700 1797 2774 πρῶτον

200 2792 354 2849 εἶναι
399 2796 490 2849 τὸν
524 2794 850 2866 ἐμπρησμὸν
888 2794 946 2846 ὃν
979 2793 1195 2865 πρῶτον
1237 2792 1529 2863 ὑπέμεινεν
1560 2792 1590 2844 b
1633 2791 1799 2855 τόπος

202 2888 322 2942 ὑπὸ
365 2886 741 2939 Βαϐυλωνίων.
785 2885 858 2940 Οὑ
898 2885 1008 2957 γὰρ
1035 2885 1101 2940 ἂν
1136 2884 1276 2956 μετὰ
1304 2884 1395 2937 τὸν
1421 2883 1673 2956 δεύτερον
1699 2885 1799 2953 ἐμ-

202 2979 468 3052 πρησμὸν
499 2979 590 3031 τὸν
620 2978 724 3031 ὑπὸ
761 2977 1047 3049 Ῥωμαίων
1090 2977 1385 3048 γενόμενον
1422 2974 1520 3047 τὴν
1551 2973 1647 3027 τοῦ
1683 2975 1796 3026 Σω-

202 3074 378 3143 τῆρος
415 3072 736 3141 θεοφάνειαν
766 3069 1020 3139 γενέσθαι
1049 3068 1204 3139 ἠξίου
1235 3067 1333 3137 τὴν
1363 3067 1464 3139 ήδη
1491 3066 1797 3137 γεγενημέ-

204 3183 332 3237 νην.
380 3164 579 3236 Χώραν
621 3164 677 3217 δὲ
725 3163 839 3235 ἔχει
882 3161 1021 3235 μετά
1054 3163 1124 3216 τὰ
1161 3161 1354 3232 πρῶτα
1387 3160 1671 3231 συμϐάντα
1718 3161 1797 3233 τῷ

200 3258 364 3328 τόπῳ
392 3256 655 3310 ἱκετεύειν
676 3256 769 3309 καὶ
795 3254 1008 3309 δέεσθαι
1036 3252 1130 3306 τὸν
1150 3253 1445 3324 Λυτρωτὴν
1476 3254 1792 3324 ἐπιστῆναι·

201 3343 270 3404 οὗ
319 3348 663 3414 ἐπιστάντος,
702 3348 827 3401 ἐπεὶ
872 3346 946 3418 μὴ
995 3345 1362 3417 παρεδέξαντο
1411 3344 1508 3417 τὴν
1559 3344 1796 3416 πρώτοις

201 3442 395 3504 αὐτοῖς
425 3440 491 3493 δι’
523 3440 686 3493 αὑτοῦ
717 3438 1179 3508 καταγγελθεῖσαν
1223 3437 1403 3508 χάριν,
1439 3438 1663 3501 εἰκότως
1694 3439 1793 3509 τὴν

204 3534 451 3605 ὑστάτην
480 3533 778 3603 ὑπέμειναν
800 3530 1037 3603 ἐρημίαν
1056 3547 1070 3561 ο
1106 3530 1173 3600 ἣν
1198 3529 1358 3593 αὑτὸς
1391 3530 1792 3600 προσετίμησεν

1900 2246 2215 2316 crepatione.
2270 2246 2455 2301 vultus
2488 2246 2610 2316 ejus
2658 2247 2901 2316 perierit.
2959 2244 3224 2299 Precatur
3269 2245 3399 2299 item
3435 2253 3495 2299 ut

1899 2354 2190 2394 resumens
2220 2345 2651 2408 restauransque
2678 2339 2826 2391 illam
2863 2337 3166 2393 servatoris
3195 2350 3258 2390 ac
3285 2335 3489 2391 medici

1908 2431 2086 2486 instar
2116 2429 2355 2484 reﬁciat:
2378 2440 2432 2483 et
2456 2429 2571 2483 hace
2593 2437 2717 2500 agat
2747 2444 2840 2499 per
2858 2427 3056 2482 Filium
3090 2443 3254 2498 quem
3288 2425 3492 2484 conﬁr-

1900 2523 2068 2576 mavit
2098 2521 2226 2577 sibi.
2247 2521 2415 2587 Queis
2436 2529 2624 2591 aperte
2649 2522 2963 2576 declaratur
2990 2520 3079 2574 hic
3106 2520 3345 2591 primum
3380 2521 3489 2575 loci

1898 2614 2215 2669 incendium
2273 2612 2548 2677 adnotari,
2573 2613 2720 2683 quod
2761 2630 2792 2665 a
2843 2612 3158 2683 Babyloniis
3192 2629 3492 2683 perpessus

1898 2715 2000 2761 est.
2029 2703 2216 2774 Neque
2267 2705 2413 2758 enim
2451 2712 2573 2775 post
2622 2704 2926 2759 secundum
2960 2703 3274 2759 incendium
3310 2720 3339 2758 a
3376 2703 3491 2758 Ro-

1898 2798 2077 2852 manis
2111 2798 2342 2861 illatum,
2396 2797 2644 2851 divinum
2698 2796 3001 2851 Salvatoris
3045 2796 3361 2859 adventum,
3394 2798 3489 2866 qui

1892 2891 2004 2961 jam
2028 2893 2358 2962 contigerat,
2393 2892 2661 2947 maturari
2718 2901 2988 2962 rogasset.
3035 2890 3355 2960 Opportune
3394 2906 3491 2942 au-

1900 2993 2006 3037 tem
2060 2991 2185 3053 post
2256 2984 2493 3054 priorem
2554 2984 2701 3038 illam
2756 2984 2863 3036 loci
2920 2984 3288 3036 calamitatem
3335 2987 3493 3049 rogat

1900 3076 2269 3145 postulatque,
2288 3064 2697 3146 utRédemptor
2726 3075 2977 3131 adveniat
3000 3091 3139 3145 :quo
3170 3073 3489 3139 accedente,

1897 3167 2022 3236 quia
2049 3167 2279 3236 gratiam
2306 3168 2439 3235 ipsis
2470 3168 2747 3237 prioribus
2782 3166 3163 3221 annuntiatam
3194 3182 3302 3219 non
3335 3181 3486 3219 rece-

1901 3266 2125 3328 perunt,
2162 3270 2462 3315 extremam
2510 3260 2977 3330 promeritamque
3021 3258 3331 3315 vastitatem
3363 3257 3490 3326 jure

1896 3350 2141 3416 perpeSsi
2201 3358 2350 3411 sunt,
2381 3366 2543 3420 quam
2581 3350 2697 3420 ipse
2730 3351 3102 3404 comminatus
3135 3349 3245 3405 illis
3288 3357 3371 3404 est
3403 3349 3490 3405 his

1898 3439 2080 3493 verbis
2118 3457 2130 3493 :
2169 3438 2387 3504 Quoties
2429 3442 2568 3494 volui
2617 3457 2933 3511 congregare
2962 3442 3103 3511 ﬁlios
3140 3451 3280 3504 tuos,
3307 3455 3489 3510 quem-

1899 3534 2185 3589 admodum
2223 3539 2425 3607 gallina
2470 3548 2749 3607 congregat
2780 3538 2953 3606 pullos
2979 3556 3103 3592 suos
3138 3538 3235 3593 sub
3263 3537 3405 3597 alas,
3434 3548 3485 3590 et

203 3628 393 3690 αὑτοῖς
444 3624 643 3679 είπὼν·
698 3623 966 3689 Ποσάκις
1009 3621 1285 3690 ἠθέλησα
1325 3620 1793 3704 ἐπισυναγναπςεῖν

1901 3629 2143 3683 noluistis
2171 3633 2351 3685 ?Eece
2399 3632 2723 3700 relinquetur
2772 3631 2915 3684 vobis
2958 3631 3145 3684 domus
3194 3640 3367 3683 vestra
3397 3628 3487 3680 de-

201 3719 279 3773 τὰ
330 3719 515 3773 τέκνα
555 3734 692 3781 σου,
724 3717 796 3771 ὃν
843 3717 1067 3785 τρόπον
1114 3714 1280 3783 ὅρνις
1315 3713 1667 3783 ἐπισυνάγει
1720 3712 1792 3767 τὰ

1900 3732 2040 3775 serta
2066 3724 2110 3754 ⁸ο
2136 3739 2149 3775 :
2181 3722 2402 3791 quando
2434 3722 2736 3777 secundum
2778 3722 3124 3792 Apostolum,
3157 3719 3385 3788 pervenit
3415 3733 3481 3770 aa

200 3813 434 3865 νοσσία
464 3812 582 3865 ὑπὸ
628 3810 737 3876 τὰς
777 3809 1093 3878 πτέρυγας,
1127 3808 1226 3862 καί
1269 3808 1381 3861 οὐκ
1412 3806 1791 3875 nauticam;

1900 3827 1985 3865 eos
2010 3814 2094 3866 ira
2118 3814 2171 3866 in
2209 3815 2361 3871 linem
2390 3813 2457 3866 ⁸⁸.

216 3904 378 3959 Ἰδοὺ
409 3906 645 3974 ἀφίεται
667 3903 811 3974 ὑμῖν
835 3907 868 3958 ό
900 3898 1065 3969 οἶκος
1096 3901 1265 3973 ὑμῶν
1290 3902 1544 3971 ἕρημος⁸
1586 3901 1673 3954 ὅτε
1724 3902 1821 3956 καὶ
1858 3904 1999 3958 κατὰ
2045 3908 2135 3961 τὸν
2179 3907 2521 3971 Ἀπόστολον,
2554 3904 2820 3974 ἔφθασεν
2864 3907 2953 3970 εις
2990 3902 3211 3957 αὐτοὺρ
3254 3901 3294 3968 ἡ
3335 3896 3484 3968 ὀργὴ

200 4004 295 4067 εἱς
318 3999 511 4065 τέλος.

278 4138 601 4209 Γενηθήτω
627 4138 666 4205 ἡ
716 4136 845 4207 χείρ
889 4152 1007 4190 σου
1049 4136 1143 4189 ἐπ’
1185 4134 1372 4204 ἄνδρα
1408 4134 1610 4201 δεξιᾶς
1650 4151 1790 4201 σου,

1970 4133 2135 4188 Vens.
2174 4132 2258 4188 i8.
2302 4130 2429 4185 Fiat
2461 4146 2652 4185 manus
2703 4140 2794 4183 tua
2843 4144 3001 4196 super
3038 4129 3210 4181 virum
3253 4128 3485 4185 dexter-tu

202 4234 309 4289 καὶ
341 4233 440 4285 ἐπὶ
464 4234 602 4287 υἱὸν
627 4231 964 4299 ἀνθρώπου,
996 4230 1068 4283 ὃν
1093 4230 1505 4297 ἐκραταίωσας
1535 4230 1790 4296 σεαυτῷ.

1900 4236 2024 4289 tute,
2057 4235 2105 4280 et
2133 4241 2289 4289 super
2318 4216 2490 4294 [ilium
2530 4220 2781 4285 hominis,
2818 4236 2967 4290 quem
3003 4220 3333 4287 conﬁrmasti
3365 4220 3480 4273 tibi.

204 4326 322 4382 Καὶ
366 4328 437 4380 οὐ
466 4324 551 4395 μὴ
585 4324 946 4393 ἀποστῶμεν
993 4322 1111 4376 ἀπὸ
1146 4323 1283 4386 σοῦ,
1325 4323 1574 4389 ζωὼσεις
1610 4322 1791 4392 ἡμᾶς.

1900 4317 1965 4370 Et
2005 4335 2109 4371 non
2139 4315 2466 4371 discedemus
2502 4332 2534 4368 a
2565 4326 2633 4375 te,
2660 4311 2951 4381 viviﬁcabis
2983 4328 3098 4365 nos.
3134 4310 3307 4365 Unam
3345 4328 3483 4382 pra:-

203 4422 355 4475 Μίαν
378 4419 487 4471 τῶν
516 4416 922 4491 προλεχθέντων
950 4416 1209 4470 ἁπάντων
1233 4415 1529 4485 θεραπείαν
1554 4415 1792 4470 διδάσκει

1900 4410 2171 4464 dictorum
2213 4409 2458 4462 omnium
2504 4407 2846 4462 curationem
2889 4403 3049 4458 docet
3081 4403 3320 4473 Spiritus
3353 4420 3483 4458 san-

200 4514 266 4566 τὸ
310 4511 537 4581 Πνεῦμα
581 4510 643 4563 τὸ
687 4510 862 4577 ἆγιον,
896 4508 992 4579 τὴν
1026 4510 1107 4571 είς
1154 4507 1471 4580 ἀνθρώπους
1520 4507 1615 4561 τοῦ
1662 4510 1795 4578 Χρι-

205 4603 339 4659 στοῦ
364 4603 460 4655 τοῦ
490 4601 624 4655 Θεοῦ
656 4599 973 4671 παρουσίαν.
1007 4600 1206 4671 Διόπερ
1234 4599 1370 4669 μετὰ
1397 4599 1465 4652 τὰ
1494 4616 1795 4670 προφητευ-

203 4697 370 4753 θιντα
400 4697 527 4767 περὶ
550 4695 651 4764 τῆς
679 4693 911 4766 ἐρημίας
936 4691 1031 4745 τοῦ
1062 4690 1382 4762 ἀμπελῶνος
1408 4691 1503 4744 καὶ
1526 4691 1618 4743 τοῦ
1642 4690 1795 4743 ἐπελ-

1898 4512 2042 4566 ctus,
2103 4517 2297 4572 nempe
2349 4499 2555 4555 Christi
2606 4497 2699 4553 Dei
2748 4495 2817 4550 ad
2876 4496 3124 4549 homines
3166 4496 3477 4549 adventum.

1900 4593 2266 4659 Quamobrem
2328 4600 2454 4663 post
2505 4588 2849 4660 prophetiam
2899 4586 2968 4640 de
2998 4586 3172 4639 vinea:
3202 4585 3479 4649 vastitate,

1900 4694 1954 4740 et
1973 4686 2041 4740 de
2071 4686 2256 4739 futuro
2285 4685 2406 4753 ejus
2452 4681 2730 4744 incendio,
2765 4681 2851 4733 bis
2882 4677 3156 4748 supplicat
3188 4682 3246 4728 ut
3270 4675 3483 4729 redem—

204 4793 394 4855 θόντος
424 4763 573 4860 αὑτῷ
614 4763 945 4860 ἐμπρησμοῦ
976 4786 1207 4840 ἱκετεύει
1245 4786 1312 4838 τὰ
1346 4783 1687 4855 προκείμενα
1716 4784 1797 4845 εἱς

1902 4784 2110 4845 ptorem
2146 4783 2465 4844 exspectare
2513 4774 2693 4838 liceat,
2748 4772 2926 4823 virum
2975 4768 3211 4821 dextera:
3264 4763 3381 4831 Dei,
3428 4775 3481 4819 et

203 4887 269 4940 τὸ
316 4884 617 4958 προσδοκᾷν
664 4882 944 4954 λυτρωτὴν
993 4881 1085 4933 τὸν
1130 4879 1295 4950 ἄνδρα
1342 4878 1441 4947 τῆς
1486 4875 1667 4942 δεξιᾶς
1693 4874 1788 4928 τοῦ

204 4975 367 5040 θεοῦ,
400 4974 494 5027 καὶ
533 4973 625 5026 τὸν
648 4973 760 5025 υἱὸν
798 4970 892 5024 τοῦ
932 4968 1217 5042 ἀνθρώπου
1252 4967 1344 5019 τὸν
1378 4965 1483 5018 ὑπὸ
1524 4966 1617 5017 τοῦ
1658 4965 1791 5017 Θεοῦ

206 5065 707 5137 κεκραταιωμένον.
745 5058 912 5125 Οὗτος
943 5063 999 5115 δὲ
1032 5057 1098 5132 ἦν
1128 5062 1155 5113 ὁ
1183 5057 1468 5129 ἀγαπητὸς
1507 5056 1603 5109 τοῦ
1635 5055 1792 5119 Θεοῦ,

205 5158 268 5213 ὃν
297 5159 496 5211 εἰδέναι
535 5158 629 5211 καὶ
682 5158 933 5226 παρεῖναι
966 5154 1033 5206 δι’
1074 5151 1241 5223 εὐχῆς
1271 5148 1513 5204 τίθεσθαι
1565 5147 1795 5219 παραδί-

206 5253 341 5306 δωσι
387 5253 498 5314 τοῖς
547 5247 1001 5319 ἐντυγχάνουσιν·
1048 5244 1124 5306 ὡς
1173 5242 1260 5303 ἂν,
1301 5241 1521 5308 γνόντες
1554 5238 1714 5291 αὑτὸν
1746 5238 1797 5290 οἱ

206 5344 386 5397 ταῦτα
429 5342 913 5414 προδιδασκομενοι
941 5338 1036 5391 καὶ
1069 5338 1147 5398 εἰς
1180 5334 1343 5387 αὑτὸν
1384 5330 1793 5393 πιστεύσαντες,

207 5433 274 5487 δι’
295 5432 461 5486 αὑτοῦ
487 5433 669 5501 τυχεῖν
693 5430 791 5500 τῆς
822 5428 929 5480 τῶν
956 5426 1144 5479 κακῶν
1173 5423 1470 5494 θεραπείας
1492 5420 1791 5472 ἐλπίσειαν.

211 5526 303 5578 Διὸ
333 5526 397 5577 ὲκ
440 5520 733 5593 προσώπου
773 5519 879 5572 τῶν
909 5515 1204 5586 θεραπείας
1246 5512 1514 5582 δεομένων
1552 5509 1683 5579 φησὶ
1709 5509 1793 5572 τὸ,

213 5617 532 5685 Γενηθήτω
564 5616 601 5683 ἡ
632 5614 760 5683 χείρ
800 5628 915 5667 σου
943 5611 1035 5664 ἐπ’
1070 5608 1258 5676 ἄνδρα
1280 5604 1484 5672 δεξιᾶς
1525 5620 1661 5670 σου,
1692 5604 1791 5657 καὶ

290 5774 336 5807 ⁸⁸
372 5772 561 5828 Matth.
601 5785 772 5836 sunt,
808 5768 896 5823 57.
974 5768 1015 5798 ⁸³
1062 5765 1077 5819 Ι
1114 5764 1308 5820 Thess.
1348 5779 1419 5828 ιι,
1458 5763 1523 5817 16

1899 4869 2071 4922 lilium
2106 4866 2344 4921 hominis
2370 4882 2401 4919 a
2446 4864 2555 4919 Deo
2583 4863 2988 4918 conﬁrmatum.
3025 4856 3125 4911 llic
3170 4871 3333 4926 porro
3363 4866 3481 4909 erat

1898 4960 2133 5014 dilectus
2168 4956 2261 5011 Dei
2293 4976 2305 5010 :
2330 4971 2489 5026 quem
2511 4970 2571 5009 se
2591 4968 2775 5014 nosse,
2804 4966 2869 5004 ac
2895 4957 2955 5003 ut
2984 4947 3239 5002 adveniat
3264 4946 3319 4999 iu
3354 4954 3484 5000 voto

1902 5054 2101 5107 habere
2136 5051 2440 5121 legentibus
2487 5048 2697 5112 tradit;
2755 5044 2928 5113 utqui
2974 5042 3087 5096 hzec
3119 5041 3274 5110 prius
3302 5038 3480 5093 edocti

1904 5152 2056 5208 sunt,
2092 5145 2193 5197 hac
2246 5143 2439 5197 notitia
2474 5148 2529 5194 et
2565 5140 2669 5193 (ide
2703 5139 2757 5191 in
2798 5136 2949 5189 illum
2998 5130 3276 5195 instructi,
3306 5130 3481 5183 malo-

1905 5252 2025 5291 rum
2082 5235 2385 5290 remedium
2448 5232 2515 5285 ab
2561 5247 2629 5285 eo
2680 5246 2738 5286 se
2795 5234 3195 5282 consecuturos
3240 5229 3479 5292 sperent.

1898 5328 2077 5395 Quare
2101 5344 2165 5381 ex
2201 5341 2433 5395 persona
2485 5338 2675 5378 eorum
2700 5322 2791 5391 qui
2841 5319 3049 5374 medela
3101 5332 3240 5384 opus
3283 5314 3484 5367 habent

1897 5422 2016 5475 ait:
2053 5419 2178 5473 Fiat
2226 5434 2414 5471 manus
2464 5428 2555 5470 tua
2608 5430 2765 5485 super
2791 5414 2962 5466 virum
3005 5410 3238 5462 dextera?
3280 5418 3406 5467 ture,
3432 5413 3480 5456 et

1893 5526 2051 5578 super
2082 5510 2254 5578 ﬁlium
2301 5508 2550 5569 hominis,
2576 5521 2725 5575 quem
2756 5500 3085 5570 conﬁrmasti
3135 5496 3245 5549 tibi.
3276 5492 3343 5546 Et
3378 5508 3483 5546 non

1893 5601 2219 5657 discedemus
2242 5617 2273 5654 a
2299 5610 2368 5655 te.
2397 5598 2523 5653 llaec
2555 5613 2717 5669 porro
2747 5594 2899 5651 verbi
2929 5588 3200 5649 sententia
3223 5595 3307 5643 est
3341 5604 3355 5643 :
3388 5583 3485 5641 Ve)
