4004 6542
534 311 635 366 967

1266 306 1531 361 EUSEBII
1570 301 2045 362 CIESARIENSIS
2081 301 2230 357 OPP.
2270 298 2452 355 PARS
2488 297 2576 355 Ill.
2603 330 2671 339 —
2699 294 3111 354 EXEGETICA.

3682 292 3785 349 988

532 441 680 484 nunc
710 423 926 480 tandem
970 437 1167 479 manus
1197 431 1289 477 tua
1319 423 1535 478 occulta
1574 422 1666 475 illa
1692 428 1747 476 et
1794 418 2110 482 invisibilis,

2221 417 2311 471 ἐπὶ
2342 417 2475 471 υἱὸν
2502 414 2837 484 ἀνθρώπου,
2865 414 2937 466 ὃν
2954 410 3360 481 ἐκραταίωσας
3393 406 3653 472 σεαυτῷ,
3678 407 3789 463 Kal

533 516 816 571 illuccscat
834 515 891 569 in
918 515 1034 569 viro
1057 513 1293 568 dexterae
1312 520 1420 567 tua:
1446 512 1723 576 ministro,
1753 519 1807 567 et
1842 512 1896 566 in
1924 526 1990 568 eo
2011 510 2105 582 qui

532 606 707 662 Filius
740 605 977 662 hominis
996 605 1278 660 vocandus
1298 611 1384 660 est
1412 623 1425 659 :
1457 619 1618 675 quem
1653 612 1711 657 tu
1744 604 1840 658 tibi
1878 605 2104 673 parasti,

492 694 503 710 ’
532 706 698 770 atque
727 708 785 754 ut
823 700 1245 755 instrumentum
1285 699 1508 755 virtutis
1537 705 1645 753 tua:
1672 696 2033 760 conﬁrmasti,
2055 705 2109 751 ct

531 793 692 863 quasi
722 792 940 847 deitatis
981 799 1088 846 tute
1126 791 1481 847 simulacrum
1516 790 1791 847 excitasti.
1824 788 1962 844 Nam
2006 789 2109 845 hoc

533 890 849 953 apparente,
884 899 995 938 non
1040 883 1272 937 ulterius
1301 881 1446 937 idola
1476 882 1756 937 colemus:
1807 879 1904 936 sed
1934 895 2110 951 neque

530 976 828 1030 multorum
874 975 1161 1030 numinum
1189 974 1364 1030 errori
1420 974 1740 1040 serviemus,
1778 987 1957 1042 neque
1994 986 2112 1025 am-

532 1069 676 1140 plius
707 1083 738 1123 a
768 1075 822 1125 te
848 1067 1190 1125 recedemus.
1218 1067 1515 1137 Postquam
1535 1072 1717 1121 autem
1740 1064 1809 1120 ab
1828 1080 1894 1120 eo
1917 1064 2107 1127 vitam,

531 1170 586 1216 et
623 1162 855 1217 salutem
883 1160 1003 1231 quae
1022 1160 1079 1216 in
1104 1167 1159 1215 te
1191 1169 1277 1216 est
1299 1159 1696 1230 acceperimus,
1725 1171 1925 1212 nomen
1955 1162 2111 1210 tuum

532 1250 948 1306 invocabimus:
1009 1265 1188 1321 neque
1237 1250 1469 1305 ulterius
1522 1247 1833 1318 cujuspiam
1892 1245 2112 1300 nomine

532 1342 947 1412 appellabimur,
1003 1356 1114 1397 non
1149 1342 1218 1397 ab
1270 1341 1471 1396 lsraele
1516 1339 1797 1406 lsraelitae,
1854 1351 2034 1406 neque
2079 1350 2111 1390 a

530 1432 670 1487 Juda
697 1432 901 1499 Judaei;
940 1433 1035 1488 sed
1062 1446 1092 1486 a
1125 1439 1242 1495 tuo.
1273 1429 1513 1493 Christe,
1550 1428 1771 1485 nomine
1814 1426 2112 1483 Christiani

531 1528 867 1581 vocabimur.
898 1525 1240 1595 Quapropter
1277 1525 1577 1578 secundum
1610 1520 1999 1592 Symmachum
2028 1516 2113 1571 di-

532 1619 673 1673 citur
698 1637 712 1672 :
758 1615 1060 1685 Viviﬁcabis
1084 1631 1201 1679 nos,
1228 1622 1278 1667 et
1312 1611 1522 1667 nomine
1549 1621 1640 1665 tuo
1668 1608 1989 1664 vocabimur.
2021 1606 2114 1661 Mi-

2206 511 2278 563 οὐ
2302 507 2389 577 μὴ
2417 504 2773 576 ἁποστῶμεν
2792 502 2912 558 ἀπὸ
2927 501 3066 557 σοῦ.
3101 501 3167 553 Ἡ
3186 499 3243 552 δὲ
3258 498 3485 568 δύναμις
3505 496 3603 550 τοῦ
3627 496 3787 564 λόγου

2206 600 2393 655 τοῦτον
2423 599 2537 671 ἔχει
2557 600 2650 653 τὸν
2680 597 2835 652 νοῦν⁶
2869 595 3007 666 Ἤδη
3047 593 3179 648 ποτέ
3208 592 3398 671 ὴᾼχείρ
3442 608 3538 643 σου
3584 591 3619 660 ή
3661 590 3775 656 ἀφα

2206 692 2304 765 νὴς
2335 694 2431 748 καὶ
2452 663 2695 765 ἀόρατος
2729 663 3091 759 ἐπιλαμψατω
3128 663 3343 739 sntit»
3378 684 3667 756 ὑπηρέτην
3694 683 3788 751 τῆς

2210 784 2311 854 σῆς
2336 782 2515 848 δεξιᾶς
2543 783 2732 856 ἄνδρα,
2756 781 2850 837 καὶ
2892 782 2985 835 ἐπὶ
3009 779 3103 832 τὸν
3136 776 3397 847 μέλλοντα
3428 773 3789 845 χρηματίζειν

2209 879 2338 932 Υίὸν
2379 877 2665 949 ἀνθρώπου
2688 892 2700 906 ·
2727 876 2787 929 ὃν
2816 875 2881 928 σὺ
2912 871 3096 943 σαυτῷ
3148 867 3583 930 κατεσκεύασας,
3627 867 3791 935 ἐκρα-

2208 970 2448 1033 ταίωσας
2497 968 2727 1041 ὄργανον
2768 967 2869 1039 τῆς
2928 965 3028 1037 σῆς
3082 963 3403 1033 δυνάμεως,
3448 960 3546 1013 mi.
3600 957 3790 1027 ὥσπερ

2210 1065 2431 1137 ἄγαλμα
2459 1066 2557 1136 τῆς
2597 1062 2792 1116 σαυτοῦ
2839 1059 3093 1130 θεότητος
3134 1056 3323 1110 τοῦτον
3353 1053 3523 1108 αύτδν
3554 1053 3789 1120 ἀναστη-

2213 1176 2330 1223 σας.
2358 1156 2562 1210 Τούτου
2604 1155 2712 1225 γὰρ
2751 1151 3032 1223 φανέντος,
3067 1148 3306 1211 εἰδώλοις
3335 1145 3522 1201 οὐκέτι
3561 1143 3791 1212 λατρεύ-

2214 1265 2413 1323 σομεν’
2474 1248 2590 1302 ἀλλ’
2637 1247 2757 1301 οὐδὲ
2799 1246 2867 1315 τῇ
2901 1241 3146 1312 πολυθέῳ
3190 1241 3365 1311 πλάνῃ
3411 1236 3790 1304 δουλεύσομεν,

2211 1345 2334 1401 οὐδὲ
2380 1338 2807 1413 ἀναχωρήπμὲν
2848 1353 2941 1390 σου
2994 1335 3090 1389 τοῦ
3148 1332 3339 1387 λοιποῦ
3363 1348 3376 1361 ·
3430 1329 3499 1384 δι’
3534 1327 3708 1381 αὑτοῦ
3738 1327 3790 1379 δὲ

2213 1437 2521 1504 ζωωθέντες
2544 1434 2640 1487 καὶ
2672 1432 2773 1500 τῆς
2810 1429 2963 1501 παρὰ
2999 1428 3082 1481 σο)⁴
3112 1425 3385 1497 σωτηρίας
3415 1423 3697 1491 τυχόντες,
3736 1420 3793 1472 τὺ

2212 1529 2385 1600 ὄνομά
2408 1544 2501 1580 σου
2533 1521 2991 1592 ἐπικαλεσόμεθα,
3031 1518 3207 1571 οὐκέτ’
3240 1515 3300 1580 ἐξ
3326 1514 3616 1583 ἀνθρώπου
3653 1511 3791 1573 τινὸς

2213 1618 2673 1693 χρηματίζοντες,
2720 1614 2828 1668 οὐδ’
2885 1610 3211 1683 Ἰσραηλῖται
3256 1607 3365 1661 ἀπὸ
3418 1604 3513 1658 τοῦ
3581 1602 3792 1673 Ἰσραὴλ

532 1711 642 1765 rari
666 1724 831 1781 porro
862 1709 1029 1771 subit,
1055 1722 1156 1761 cur
1185 1704 1356 1761 Judzei
1397 1705 1511 1760 haec
1540 1705 1803 1775 legentes,
1832 1711 1939 1759 et.a
1972 1708 2115 1757 tene-

2221 1712 2557 1783 καλούμενοι,
2591 1708 2707 1764 ἀλλ’
2736 1706 2858 1760 οὐδὲ
2889 1704 2998 1758 ἀπὸ
3023 1702 3117 1757 τοῦ
3156 1700 3325 1754 Ἰούδα
3367 1698 3612 1752 Ἰουδαῖοι
3634 1712 3651 1727 ο
3689 1695 3792 1748 ἀπὺ

534 1806 613 1860 ris
639 1802 953 1874 unguiculis
995 1802 1343 1864 meditantes,
1370 1815 1482 1854 non
1516 1804 1765 1870 quaerant
1799 1796 1924 1866 quis
1951 1792 2116 1849 fuerit

2221 1805 2273 1860 δὲ
2301 1802 2396 1858 τοῦ
2432 1802 2524 1856 σοῦ
2547 1801 2810 1871 ὀνόματος
2839 1796 2934 1851 τοῦ
2970 1793 3205 1867 Χριστοῦ
3236 1791 3555 1863 Χριστιανοὶ
3582 1804 3791 1859 χρημαο

535 1898 628 1952 ille
664 1898 749 1953 vir
772 1896 1011 1951 dexterae
1034 1894 1150 1958 Dei,
1184 1908 1362 1964 neque
1390 1908 1515 1947 eum
1546 1891 1639 1962 qui
1671 1889 1843 1945 Filius
1877 1887 2116 1944 hominis

532 2000 759 2044 vocatur
791 1994 1128 2058 cognoscant
1162 2006 1176 2043 :
1214 2001 1385 2057 quare
1416 1985 1474 2039 in
1504 1985 1818 2039 calamitate
1843 1996 1953 2037 'sua
1986 1996 2115 2052 per-

534 2092 806 2139 scverant.
840 2082 945 2148 Qui
980 2083 1025 2138 si
1071 2082 1250 2151 ipsum
1299 2081 1582 2137 novissent
1627 2093 1691 2133 ac
1735 2078 2113 2143 edidicissent,

533 2178 737 2233 scirent
782 2175 970 2245 utique
1004 2174 1099 2231 Dei
1131 2175 1394 2239 Verbum,
1420 2173 1567 2244 quod
1606 2173 1865 2244 praesenti
1910 2170 2118 2242 suppli-

533 2271 749 2325 catione
782 2268 1160 2332 invocabatur,
1187 2268 1242 2322 in
1274 2268 1394 2337 ipso
1432 2266 1728 2322 habitasse.
1763 2264 1869 2320 Sed
1900 2279 2001 2320 nos
2022 2265 2119 2335 qui

532 2363 711 2432 ipsum
760 2361 1146 2431 praeexsistens
1190 2375 1334 2424 esse,
1370 2374 1436 2414 ac
1474 2359 1543 2414 de
1575 2358 1893 2413 hominibus
1935 2357 2119 2429 provi-

533 2454 773 2513 dentiam
815 2454 1037 2511 omnino
1068 2467 1256 2525 gerere
1309 2453 1594 2518 novimus;
1643 2467 1768 2505 nam
1806 2450 1873 2504 In
1922 2449 2117 2504 mundo

531 2562 668 2614 erat,
702 2560 750 2604 et
777 2549 1002 2603 mundus
1037 2564 1129 2617 per
1149 2548 1320 2615 ipsum
1345 2546 1518 2614 factus
1545 2554 1643 2611 est,
1671 2555 1720 2599 et
1752 2544 1978 2599 mundus
2001 2562 2118 2599 eum

533 2662 637 2699 non
675 2643 911 2713 cognovit
940 2642 1024 2709 ⁸¹;
1059 2640 1266 2696 scimus
1297 2640 1475 2710 ipsum
1524 2638 1579 2692 in
1624 2638 1844 2708 propria
1881 2639 2116 2702 venisse,

533 2736 754 2807 quando
785 2749 980 2789 manus
1006 2734 1128 2804 ejus
1154 2734 1270 2790 sive
1288 2733 1373 2787 vis
1399 2746 1635 2802 operans
1671 2731 1814 2785 facta
1837 2740 1921 2787 est
1956 2746 2121 2801 super

533 2832 711 2885 virum
736 2828 975 2884 dexterae
995 2827 1137 2897 ejus,
1163 2826 1256 2897 qui
1280 2826 1333 2880 in
1352 2824 1660 2895 Evangeliis
1682 2823 1852 2879 Filius
1884 2824 2121 2880 hominis

532 2932 761 2978 vocatur
792 2942 805 2977 :
837 2937 998 2993 quem
1045 2921 1151 2976 sibi
1186 2920 1289 2992 ipsi
1334 2919 1453 2989 ipse
1484 2934 1551 2972 ex
1586 2916 1791 2987 Spiritu
1825 2924 2019 2973 sancto
2040 2915 2123 2973 ef-

534 3016 790 3071 formavit
816 3035 829 3070 :
854 3031 1015 3087 quem
1047 3015 1098 3069 si
1127 3013 1465 3077 noverimus,
1501 3008 1795 3065 defectioni
1838 3022 2120 3079 nunquam

533 3111 758 3166 obnoxii
800 3111 1028 3172 erimus,
1070 3108 1139 3162 ab
1167 3123 1232 3162 eo
1265 3107 1431 3160 vitam
1480 3104 1833 3174 accipientes,
1862 3102 1983 3171 ejus
2020 3117 2118 3156 no-

2221 3100 2380 3170 ῐσμεν
2409 3095 2566 3150 αὑτὸν
2590 3092 2683 3147 καὶ
2716 3091 2795 3154 είς
2825 3086 2895 3140 τὰ
2924 3085 3027 3139 ἴδια
3057 3081 3300 3142 ἐλθόντα,
3336 3078 3424 3129 ὅτε
3454 3073 3553 3128 καὶ
3582 3072 3682 3141 γὲγ

534 3205 682 3259 mine
722 3202 999 3273 appellati.
1029 3200 1141 3257 Nos
1184 3201 1366 3269 itaque
1394 3198 1487 3268 qui
1544 3195 1739 3251 Filium
1772 3195 2006 3250 hominis
2035 3210 2123 3249 ex-

537 3308 874 3371 spectamus,
903 3306 957 3353 et
981 3313 1133 3367 spem
1174 3304 1417 3349 nostram
1465 3293 1521 3346 in
1548 3292 1724 3361 ipsum
1762 3289 2117 3359 conjecimus,

537 3395 653 3448 hazc
686 3393 753 3447 de
784 3392 942 3446 nobis
976 3389 1110 3461 ipsis
1140 3386 1417 3457 loquimur
1443 3398 1578 3453 :pro
1594 3381 1853 3436 membris
1880 3395 2010 3435 vero
2032 3395 2124 3433 no-

539 3487 669 3542 stris
717 3485 983 3555 reliquam
1049 3481 1354 3536 orationem
1411 3476 1693 3531 fundimus
1744 3474 1831 3528 his
1888 3472 2119 3528 verbis:

538 3610 605 3619 —
633 3577 801 3632 Vsus.
840 3577 928 3632 20.
962 3576 1102 3631 Deus
1127 3575 1400 3636 virtutum,
1437 3579 1674 3625 converte
1704 3584 1818 3632 nos,
1840 3575 1888 3620 et
1910 3564 2120 3619 ostende

541 3673 729 3742 {aciem
754 3680 899 3723 tuam
927 3680 975 3724 et
1003 3669 1137 3724 salvi
1175 3668 1391 3730 erimus,
1433 3676 1739 3720 sermonem
1764 3661 1817 3714 in
1842 3657 2117 3713 communi

537 3764 883 3837 proferentes
907 3779 1009 3834 pro
1038 3764 1127 3827 iis,
1155 3761 1249 3832 qui
1278 3758 1518 3814 nondum
1546 3752 1801 3811 conversi
1824 3760 1976 3814 sunt,
1999 3765 2122 3805 uec-

540 3859 671 3914 dum
701 3858 993 3912 adventum
1020 3855 1140 3924 ejus
1171 3860 1476 3918 noverunt;
1510 3850 1743 3919 ideoque
1772 3845 2014 3900 nondum
2039 3857 2119 3898 sa-

541 3949 707 4004 lutem
738 3964 768 4001 a
803 3947 912 4002 Deo
943 3957 1072 4001 sunt
1103 3944 1407 3999 consecuti.

2214 1897 2456 1968 τίσομεν.
2496 1893 2587 1947 Διὸ
2616 1892 2864 1945 λέλεκται
2893 1887 3033 1943 κατὰ
3051 1887 3144 1940 τὸν
3163 1884 3457 1955 Σύμμαχον
3478 1899 3493 1911 ·
3525 1881 3792 1943 Ζακῦσεις

2215 1988 2393 2060 ἡμᾶς,
2418 1987 2518 2041 καί
2545 1982 2624 2051 τῷ
2662 1981 2906 2053 ὀνόματί
2938 1996 3055 2034 σου
3086 1976 3526 2045 κληθησόμεθα.
3574 1970 3792 2039 Θαυμά-

2219 2081 2389 2136 σαιδέ
2422 2079 2534 2132 ἔστι
2562 2078 2684 2130 τίνα
2705 2075 2904 2145 τρόπον
2948 2071 3159 2134 τούτοις
3198 2066 3621 2137 ἐντυγχάνοντες
3668 2064 3791 2115 Ἰου-

2216 2174 2381 2229 δαίων
2412 2170 2619 2234 παῖδες,
2640 2167 2699 2232 ἐξ
2732 2164 2955 2220 ἁπαλῶν
2980 2179 3039 2215 τε
3089 2158 3293 2229 ὀνύχων
3337 2155 3511 2209 ταῦτα
3550 2169 3789 2222 καταμε-

2218 2266 2500 2328 λετῶντες,
2526 2263 2588 2316 ού
2631 2258 2853 2331 ζητοῦσι
2876 2255 2968 2309 τὸν
3001 2253 3170 2324 ἄνδρα
3204 2251 3302 2321 τῆς
3328 2248 3505 2314 δεξιᾶς
3539 2245 3639 2298 τοῦ
3660 2242 3787 2297 Θεοῦ

2217 2360 2303 2423 τίς
2334 2374 2465 2411 ποτε
2496 2351 2586 2427 ἦν,
2614 2352 2734 2406 οὐδὲ
2762 2351 2853 2404 τὸν
2885 2346 3176 2416 λεγόμενον
3210 2342 3335 2396 Υίὸν
3358 2337 3653 2409 ἀνθρώπου
3686 2338 3791 2389 ἐπι-

2219 2453 2544 2525 γινώσκουσι
2562 2466 2575 2479 ·
2595 2447 2675 2501 διὸ
2695 2446 2788 2500 καὶ
2811 2439 3183 2515 παραμένουσι
3206 2437 3272 2506 τῇ
3288 2432 3493 2487 ἑαυτῶν
3516 2429 3784 2500 συμφορᾷ.

2231 2521 2318 2612 Ὧς
2370 2544 2529 2614 εἴπερ
2605 2540 2923 2607 ἐπέγνωσαν
2976 2533 3070 2587 καὶ
3130 2526 3566 2614 μεμαθήκεισανᾼ
3597 2521 3787 2581 αὑτὸν,

2220 2639 2461 2708 ἔγνωσαν
2492 2633 2558 2689 ἂν
2587 2630 2682 2685 καὶ
2711 2629 2802 2683 τὸν
2838 2628 2897 2680 ἐν
2935 2621 3082 2693 αύτῷ
3106 2619 3509 2687 κατοικήσαντα
3537 2611 3675 2664 Θεοῦ
3704 2610 3787 2662 Δό-

2220 2703 2315 2799 γον
2355 2728 2413 2781 ὃν
2455 2728 2490 2797 ή
2540 2722 2789 2794 παροῦσα
2839 2718 3024 2787 δέησις
3066 2710 3397 2766 ἀνεκαλεῖτο.
3454 2704 3596 2757 Ἀλλ’
3639 2703 3786 2772 ἡμεῖς

2220 2795 2382 2878 αύτδν
2403 2795 2603 2882 εἰδότες
2636 2815 2892 2888 προόντα,
2930 2809 3024 2863 καὶ
3058 2808 3122 2859 ἐκ
3140 2803 3235 2857 τοῦ
3260 2800 3461 2862 παντὸς
3492 2795 3788 2868 ἀνθρώπων

2222 2911 2611 2983 ἐπιμελόμενον
2637 2923 2650 2937 ⁸
2682 2906 2778 2957 Ἐν
2792 2902 2900 2973 γὰρ
2914 2900 2994 2966 τῷ
3016 2899 3219 2965 κόσμῳ
3242 2889 3341 2963 ἦν,
3376 2889 3475 2943 καὶ
3503 2892 3538 2942 ό
3571 2890 3789 2983 κόσμος

2222 3008 2297 3062 δι’
2322 2980 2512 3061 αὐτοῦ
2543 3000 2798 3071 ἐγένετο,
2827 2994 2924 3048 καί
2945 2997 2977 3047 ό
3004 2992 3230 3058 κόσμος
3260 2984 3447 3040 αὑτὸν
3470 2984 3586 3036 οὐκ
3612 2980 3785 3049 ἔγνω·

3683 3088 3791 3123 ονεν

2224 3162 2390 3244 αύτοῦ
2418 3189 2452 3259 ἡ
2479 3186 2619 3256 χεὶρ,
2651 3180 2926 3234 τουτέστιν
2948 3179 2981 3247 ή
3012 3170 3291 3245 πρακτικὴ
3316 3168 3545 3235 δύναμις
3580 3164 3676 3215 ἐπὶ
3712 3162 3791 3215 τδν

2223 3283 2393 3353 ἄνδρα
2536 3254 2715 3341 δεξιᾶς
2737 3270 2900 3326 αὐτοῦ
2920 3310 2935 3335 ,
2963 3269 3053 3321 τὸν
3084 3265 3178 3319 καὶ
3205 3261 3291 3316 διὰ
3315 3260 3422 3313 τῶν
3452 3254 3792 3323 Εὑαγγελίων

2225 3345 2352 3429 Υἱὸν
2379 3345 2669 3441 ἀνθρώπου
2697 3360 3114 3436 χρηματίσαντα
3133 3372 3146 3385 ·
3178 3354 3237 3407 ὂν
3257 3351 3418 3413 αὐτὸς
3448 3345 3630 3441 ἐαυτῶ
3652 3360 3794 3441 συνε-

2226 3467 2461 3537 στήσατο
2488 3438 2563 3528 -ἐξ
2596 3459 2752 3528 ἁγίου
2802 3453 3117 3524 Πνεύματος
3167 3444 3533 3515 καταρτίσας·
3582 3439 3643 3491 ὃν
3687 3438 3795 3536 in:

2224 3526 2444 3629 γνόντες
2492 3526 2852 3609 ἀναπόστατοι
2900 3545 3085 3599 λοιπὸν
3129 3534 3470 3609 γενησόμεθα
3522 3532 3593 3585 δι’
3640 3526 3795 3583 αὑτοῦ

2226 3623 2556 3721 ξωούμενοι,
2606 3644 2686 3715 τῷ
2746 3659 2806 3695 τε
2852 3640 3075 3708 ὀνόματι
3126 3630 3291 3687 αὑτοῦ
3348 3623 3792 3721 χρηματίζοντες.

2237 3713 2425 3814 Ἦμεές
2477 3739 2573 3809 μὲν
2624 3713 2718 3789 οῦν
2748 3733 2798 3786 οἱ
2831 3731 2923 3784 τὸν
2950 3728 3079 3781 Υίδν
3112 3723 3207 3778 τοῦ
3238 3717 3527 3791 ἀνθρώπου
3575 3713 3792 3811 προσδο-

2223 3802 2425 3894 κῶντες
2447 3802 2541 3883 καὶ
2566 3827 2665 3890 τὰς
2692 3822 2911 3884 ἐλπίδας
2927 3820 3007 3882 εἰς
3022 3816 3183 3870 αὑτὸν
3209 3815 3417 3881 ἀνηρτη
3426 3808 3603 3879 μένοι,
3633 3802 3796 3856 ταῦτα

2224 3927 2351 3999 περὶ
2391 3921 2600 3976 ἑαυτῶν
2640 3933 2821 3987 φαμεν
2845 3932 2858 3945 ο
2890 3912 3016 3984 περὶ
3039 3909 3095 3962 δέ
3136 3907 3243 3961 τῶν
3279 3902 3565 3975 ἡμετέρων
3603 3894 3791 3967 μελῶν,

538 4044 636 4114 τὴν
658 4042 848 4114 λοιπὴν
888 4041 1166 4112 ἱκετηρίαν
1196 3994 1593 4108 ἀναπέμπομεν
1620 4033 1949 4103 φάσκοντες’
1980 4026 2034 4079 ’0
2075 4024 2218 4090 Θεὸς
2245 3994 2365 4075 τῶν
2392 4015 2721 4114 δυνάμεως,
2754 4007 3124 4114 ἐπίστρεψῑον
3166 3998 3341 4114 ἡμιξςί
3380 3996 3479 4049 καὶ
3503 3994 3794 4114 έπίξξτνῗνν

540 4103 610 4189 τό
636 4103 961 4202 πρόσωπόν
983 4103 1119 4197 σέυ,
1152 4130 1247 4184 καὶ
1281 4103 1696 4197 σωθησόμεθα,
1720 4117 2146 4180 κοινοποιοῦντες
2176 4115 2268 4168 τὸν
2294 4112 2450 4179 λόγον
2472 4107 2628 4202 ὑπὲρ*
2645 4103 2774 4202 τῶν.
2790 4119 2862 4172 μη

2866 4099 3014 4152 δὲπω
3040 4090 3498 4162 ἐπιστρεψάντων,
3530 4084 3669 4155 μηδὲ
3706 4082 3794 4152 τὴν

543 4180 861 4295 ἐπιφένειαν
907 4180 1304 4292 ἐπεγνῶκότῶν
1327 4180 1659 4285 ζκαὶ
1685 4180 1783 4270 ,διὰ
1806 4213 1964 4267 τοῦτο
1990 4210 2211 4282 μηδέπω
2245 4206 2345 4275 τῆς
2377 4199 2529 4271 παρὰ
2562 4196 2641 4267 τῷ
2667 4192 2786 4264 Θεῷ
2825 4188 3098 4261 σωτηρίας
3142 4180 3533 4252 τετυχηκότων.

652 4383 702 4435 1.
742 4379 806 4435 ΙΝ
844 4376 1054 4433 FINEM
1098 4375 1237 4430 PRO
1287 4371 1827 4430 TORCULARIBUS
1882 4368 2013 4425 lPSl

1072 4445 1319 4501 ASAPII.
1362 4445 1575 4499 LXXX.

615 4590 783 4646 Vsus.
813 4588 869 4645 2.
914 4587 1193 4641 Exsultale
1238 4585 1345 4639 Deo
1391 4583 1629 4652 adjutori
1670 4588 1872 4643 nostra,
1896 4576 2124 4648 jubilate

547 4683 658 4740 Deo
683 4682 870 4737 Iacob.
916 4679 1117 4736 Psalmi
1161 4678 1268 4731 Pro
1309 4674 1662 4730 torcularibus
1703 4671 1953 4740 inscripti
2010 4678 2123 4723 tres

548 4790 779 4832 numero
809 4781 975 4830 sunt:
1010 4785 1153 4825 unus
1186 4768 1426 4833 Davidis,
1461 4782 1653 4837 nempe
1685 4773 1943 4830 octavus;
1980 4777 2124 4816 unus

548 4868 773 4938 Asaphi,
802 4880 961 4934 quem
981 4864 1092 4933 jam
1116 4871 1447 4926 tractamus;
1476 4860 1710 4913 liliorum
1747 4865 1929 4911 autem
1963 4854 2125 4916 Core,

550 4973 783 5015 Lxxxlu.
813 4956 1051 5011 Octavus
1080 4954 1264 5023 itaque
1295 4951 1637 5006 vocationem
1669 4948 1911 5019 gentium
1945 4955 2130 5014 aperte

553 5048 972 5108 vaticinabatur,
1006 5061 1168 5115 quam
1204 5044 1410 5113 Spiritu
1440 5042 1626 5097 divino
1659 5039 2017 5109 praeﬁdentes
2035 5035 2130 5089 Dei

553 5140 832 5212 propheta:
905 5145 1127 5209 stupore
1174 5136 1602 5191 afﬁciebantur:
1657 5145 1828 5200 quare
1879 5128 2131 5183 mirantis

554 5247 707 5287 more
755 5231 1131 5285 exclamabant
1180 5229 1444 5289 dicentes,
1498 5225 1720 5279 Domine
1749 5223 1889 5277 Deus
1929 5232 2125 5283 noster,

555 5342 713 5391 quam
742 5323 1055 5378 admirabile
1073 5331 1152 5377 est
1192 5337 1376 5374 nomen
1410 5329 1558 5372 tuum
1587 5319 1644 5370 in
1671 5319 1916 5371 universa
1948 5315 2128 5369 terra!

556 5416 936 5487 Octogesimus
963 5430 1092 5470 vero
1126 5413 1323 5467 tertius
1351 5411 1521 5463 multa
1558 5409 1933 5473 tabernacula,
1963 5409 2130 5461 multa

559 5510 773 5572 altaria,
830 5510 964 5562 atria
1007 5507 1241 5577 plurima
1292 5502 1407 5557 fore
1461 5501 1825 5572 praevidebat;
1879 5500 2131 5554 videlicet

560 5600 833 5655 Ecclesias
863 5600 955 5653 Dei
989 5615 1083 5668 per
1114 5605 1285 5652 totum
1319 5594 1505 5649 orbem
1555 5592 1903 5654 constitutas,
1938 5592 2130 5645 altaria

631 5738 674 5767 "
705 5736 859 5790 Joau.
896 5750 944 5799 ι,
979 5734 1060 5787 10.

2369 4317 2477 4370 ΕΙΣ
2517 4312 2604 4365 ΤΟ
2645 4308 2887 4372 ΤΕΛΟΣ,
2929 4303 3105 4357 ΥΠΕΡ
3134 4297 3268 4353 ΤΩΝ
3310 4293 3547 4351 ΛΗΝΩΝ
3574 4294 3661 4363 Ἱᾨ

2848 4464 3058 4519 ἈΣΑΦ.
3081 4462 3140 4513 II'

2312 4572 2363 4623 Ἀ
2370 4563 2695 4637 quaedam;
2709 4558 2787 4625 τῷ
2801 4557 2922 4622 Θεῷ
2938 4554 3016 4620 τῷ
3034 4549 3239 4618 βοηθῷ
3256 4547 3441 4619 ἡμῶν,
3461 4544 3792 4607 ἀλαλάξατε

2230 4660 2309 4727 τῷ
2330 4635 2450 4722 Θὲῴ
2494 4654 2718 4710 Ἰακώϐ.
2737 4652 2800 4705 ΟΞ
2831 4644 3295 4718 ἐπιγεγραμμένοι
3329 4640 3435 4693 τῶν
3460 4637 3652 4727 Ῠληνῶν
3671 4635 3791 4727 dra}:

2234 4722 2324 4823 μοὶ
2375 4751 2522 4821 τρεῖς
2559 4746 2650 4799 τὸν
2708 4742 2940 4815 ἀριθμὸν
2979 4738 3363 4808 τυγχάνουσιν·
3426 4726 3507 4794 εἷς
3570 4730 3668 4800 μὲν
3707 4722 3787 4777 τοῦ

2229 4822 2413 4904 Δαυῒδ,
2452 4843 2481 4894 ὁ
2514 4839 2720 4907 ὄγδοος,
2780 4828 2859 4898 εἷς
2907 4833 2963 4886 δὲ
2990 4831 3086 4884 τοῦ
3130 4828 3321 4896 ’Ᾱσὰφ,
3357 4827 3385 4878 ὁ
3420 4822 3562 4893 μετὰ
3597 4822 3785 4891 χεῖρας.

2231 4937 2327 4992 καὶ
2363 4934 2471 4987 τῶν
2505 4934 2636 4986 υἱῶν
2662 4930 2806 5001 Κορὲ
2835 4931 2864 4981 ὁ
2895 4934 2948 4981 π’
2982 4926 3075 4979 καὶ
3098 4930 3166 4992 γ’.
3203 4923 3260 4973 Ὀ
3294 4920 3390 4989 μὲν
3421 4912 3516 4968 οὖν
3542 4920 3589 4982 η’
3621 4908 3785 5001 σαφῶς

2231 5028 2341 5082 τῶν
2367 5025 2537 5079 ἐθνῶν
2558 5025 2655 5095 τὴν
2676 4997 2866 5091 κλῆσιν
2898 5016 3197 5079 ἐθέσπιζεν,
3232 5014 3297 5081 ἢν
3325 5008 3401 5077 τῷ
3422 5004 3697 5095 Πνεύματι

2236 5116 2366 5186 θείῳ
2424 5092 2862 5185 προθεωροῦντες
2894 5108 2945 5159 οἱ
2986 5104 3080 5157 τοῦ
3119 5100 3254 5153 Θεοῦ
3315 5096 3611 5165 προφῆται,

2237 5206 2643 5278 εξεπλήττοντο·
2666 5200 2745 5253 διὸ
2773 5199 2866 5252 καὶ
2882 5188 3372 5264 ἁποθαυμαστικῶς
3392 5183 3694 5253 ἀνεφὼυουν
3709 5179 3781 5230 τύ·

2233 5274 2477 5366 Κύριε-ὀ
2510 5293 2652 5359 Θεὸς
2688 5290 2877 5360 ἡμῶν,
2908 5292 2987 5353 ὡς
3023 5282 3366 5352 θαυμαστὸν
3396 5280 3460 5331 τὸ
3488 5274 3665 5366 ὄνομα
3688 5286 3784 5323 σου

2233 5362 2494 5453 ἐννπάσῃ
2516 5384 2587 5452 τῇ
2615 5381 2727 5453 γῇ]
2753 5381 2861 5433 Καὶ
2888 5380 2916 5431 ὁ
2937 5384 2983 5445 γ’
3007 5376 3063 5429 δὲ
3092 5373 3185 5427 καὶ
3207 5378 3256 5424 π’
3284 5368 3449 5422 πολλὰ
3476 5362 3784 5435 σκηνώματα

2233 5479 2328 5531 καὶ
2358 5476 2525 5530 πολλὰ
2546 5474 2905 5544 θυσιαστήρια
2936 5470 3029 5523 καὶ
3058 5465 3258 5526 πολλὰς
3301 5460 3467 5522 αὐλὰς
3524 5453 3779 5544 προεώραέ

2235 5568 2434 5640 δηλαδὴ
2454 5566 2550 5630 τὰς
2584 5565 2703 5619 καθ’
2721 5565 2845 5635 ὅλης
2875 5564 2971 5632 τῆς
3000 5558 3319 5628 οἰκουμένης
3356 5550 3672 5619 Ἐκκλησίας
3703 5539 3781 5597 τοῦ
