4004 6558
258 373 364 431 969

1376 366 1827 425 COMMENTARI
1841 368 1877 422 Δ
1916 366 1981 422 IN
2022 365 2351 423 PSALMOS.

3382 361 3488 416 970

259 486 416 553 Θεοῦ,
471 504 567 541 και
610 502 679 541 τα
735 504 795 542 εν
836 488 1023 552 αὑταῖς
1065 487 1232 542 πολλά
1276 487 1669 557 θυσιαστήρια·
1698 486 1734 540 ἀ
1758 485 1823 556 δὴ

1947 499 2034 555 [ue
2073 484 2129 539 in
2160 485 2267 541 illis
2301 485 2437 539 bene
2474 492 2679 537 multa:
2722 497 2842 551 quae
2881 480 2966 535 his
2998 478 3176 534 verbis
3201 477 3442 532 declarat
3472 492 3488 531 :

261 580 500 651 παρίστη
524 578 700 648 λέγων
726 595 739 605 ·
786 578 880 646 Ὧς
903 580 1176 649 ἀγαπητὰ
1211 579 1284 632 τὰ
1304 576 1666 648 σκηνώματὰ
1692 593 1832 642 σου,

263 673 440 740 Κύριε
486 670 605 724 τῶν
659 657 970 742 δυνάμεων
987 672 1007 725 ,θ
1039 673 1132 726 καὶ
1172 668 1361 735 αὖθις·
1406 670 1704 726 Ἐπιποθεῖ
1736 669 1834 723 καὶ

264 762 529 817 ἐκλείπει
548 761 586 828 ἡ
613 762 782 831 ψυχή
807 782 924 833 μου
951 765 1037 829 εις
1074 762 1181 828 τὰς
1222 763 1413 828 αὐλὰς
1439 762 1545 817 τοῦ
1574 763 1795 830 Κυρίου
1818 780 1830 791 '

266 854 359 906 καὶΙ
389 852 515 922 ἑξῆς
541 869 554 883 °
596 852 671 906 Τὰ
712 852 1109 921 θυσιαστήριά
1148 869 1288 919 σου,
1321 855 1498 921 Κύριε
1523 853 1642 906 τῶν
1665 853 1837 908 δυνά-

258 962 438 1015 μεων.
483 944 540 996 ὐ
583 943 638 996 δὲ
683 944 818 1015 μετὰ
845 947 1031 1016 χεῖρας
1058 945 1266 1015 ἑτέροις
1299 945 1399 1014 μὲν
1445 943 1704 1014 ἀγαλλιᾷν
1743 944 1837 997 καὶ

236 1034 554 1101 ’ἀλαλάζειν
599 1037 693 1090 καὶ
732 1034 953 1105 ψάλλειν
986 1035 1431 1108 παρακελεύεται,
1468 1034 1561 1089 τοῦ
1605 1035 1661 1089 δὲ
1704 1038 1835 1089 Ἰου-

260 1128 427 1183 δαίων
482 1129 666 1193 ἔθνους
715 1128 816 1198 τὴν
870 1127 1139 1199 ἀποϐολὴν
1169 1128 1262 1181 καὶ
1298 1127 1394 1199 τὴν
1428 1128 1635 1199 ταύτης
1661 1127 1837 1181 αἰτίαν

265 1222 582 1294 παρίστησι,
631 1222 723 1275 καὶ
748 1221 931 1292 σφόδρ’
977 1220 1280 1284 ἀκολούθως
1323 1224 1442 1285 ταῖς
1480 1220 1569 1275 διὰ
1599 1220 1708 1273 τῶν
1739 1219 1838 1290 έμ-

264 1312 501 1384 προσθεν
529 1311 904 1385 προφητείαις.
943 1310 1158 1383 Ἐπειδὴ
1187 1310 1294 1383 γάρ
1329 1313 1386 1365 ἐν
1410 1312 1486 1382 τῷ
1519 1312 1625 1383 πρὸ
1646 1310 1835 1364 τούτου

260 1403 451 1475 ἠρώτα
476 1403 669 1473 λέγων·
714 1404 833 1458 Ἵνα
875 1404 932 1457 τί
958 1404 1229 1471 καθεῖλες
1267 1404 1374 1459 τὸν
1420 1405 1692 1475 φραγμὸν
1728 1404 1838 1457 αὑ-

262 1495 395 1563 τῆς,
427 1495 524 1549 καὶ
550 1495 847 1564 τρυγῶσιν
868 1495 1061 1565 αὐτὴν
1090 1496 1313 1563 πάντες
1351 1500 1405 1550 ol
1434 1495 1839 1565 παραπορευό-

260 1605 431 1658 μενοι
461 1587 577 1654 τὴν
598 1588 774 1653 ὀδόν;
805 1588 1081 1643 ὲπιλύεται
1112 1590 1210 1661 τὴν
1242 1589 1602 1660 ὲπαπόρησιν,
1628 1588 1715 1641 διά
1742 1586 1837 1642 τοῦ

263 1678 410 1750 μετά
440 1682 627 1751 χεῖρας
657 1680 910 1749 φάσκων’
938 1682 1007 1735 El
1030 1684 1066 1734 ό
1112 1681 1262 1746 λαός
1292 1698 1409 1749 μου
1440 1679 1670 1751 ἤκουσέ
1695 1697 1835 1749 μου,

274 1770 519 1838 Ἰσραὴλ
560 1773 614 1824 ει
653 1771 782 1838 ταῖς
813 1771 974 1838 ὁδοῖς
1000 1790 1120 1841 μου
1168 1773 1455 1841 ἐπορεύθη
1476 1792 1489 1804 ·
1516 1774 1584 1827 ὲν
1611 1771 1691 1838 τῷ
1721 1789 1838 1839 μη·-

1937 576 2109 641 Quam
2137 576 2329 630 dilecta
2358 574 2695 630 tabernacula
2723 583 2836 639 tua,
2870 572 3092 626 Domine
3119 570 3404 625 virtutum!
3430 583 3492 623 ac

1936 679 2153 720 rursum
2186 685 2198 719 :
2232 665 2627 734 Concupiscitet
2656 663 2830 733 deﬁcit
2871 663 3049 715 anima
3096 678 3215 725 mea
3259 661 3315 715 in
3355 658 3494 712 atria

1935 756 2185 821 Domini;
2214 766 2268 814 et
2290 757 2758 813 iterun‘itAltaria
2803 766 2911 818 tua,
2960 753 3177 807 Domine
3219 753 3492 805 virtutum.

1935 848 2185 905 Psalmus
2212 865 2343 905 vero
2370 865 2630 919 prasens.
2660 849 2797 903 alios
2828 846 3047 917 quidem
3088 845 3383 910 exsultare,
3408 843 3497 912 ju-

1936 942 2110 997 bilare
2139 949 2192 997 et
2244 942 2475 1012 psallere
2513 942 2685 1011 jubet,
2716 940 2929 995 Iudaici
2963 954 3091 995 vero
3133 937 3317 1008 populi
3350 936 3497 1004 ahje-

1936 1034 2170 1088 ctioncm
2212 1034 2439 1104 ejusque
2476 1048 2696 1089 causam
2728 1033 2987 1092 declarat,
3014 1039 3072 1086 et
3096 1029 3313 1101 quidem
3347 1027 3501 1084 valde

1936 1133 2331 1193 consequenter
2373 1125 2438 1178 ad
2473 1125 2685 1194 priores
2723 1122 3057 1193 prophetias.
3102 1121 3235 1175 Nam
3266 1122 3393 1192 quia
3444 1122 3497 1175 in

1937 1212 2259 1283 praecedenti
2285 1214 2652 1285 interrogabat
2679 1214 2871 1269 dicens
2906 1233 2919 1267 :
2962 1212 3156 1284 Ulquid
3185 1213 3501 1268 destruxisti

1938 1307 2222 1360 maceriam
2250 1306 2386 1377 ejus,
2413 1316 2462 1360 et
2484 1307 2803 1361 vindemiant
2824 1322 2941 1359 eam
2974 1323 3153 1360 omnes
3187 1307 3278 1375 qui
3295 1316 3503 1375 praster-

1936 1397 2246 1469 grediuntur
2278 1399 2457 1455 viam?
2487 1398 2576 1453 hic
2604 1397 2827 1453 dubium
2860 1398 3021 1452 solvit
3060 1397 3146 1452 his
3182 1398 3367 1453 verbis
3398 1417 3411 1452 :
3442 1397 3503 1453 Si

1935 1488 2156 1558 populus
2184 1505 2327 1543 meus
2344 1488 2578 1544 audisset
2600 1505 2701 1553 me,
2734 1486 2907 1543 Israel
2934 1491 2981 1543 si
3012 1490 3067 1543 in
3100 1489 3197 1543 viis
3229 1490 3357 1543 meis
3385 1506 3503 1543 am-

1939 1579 2193 1644 bulasset,
2222 1596 2317 1650 pro
2340 1580 2503 1636 nihilo
2533 1582 2777 1635 inimicos
2817 1598 2995 1635 eorum
3019 1581 3415 1646 humiliassem;
3441 1597 3504 1636 ac

1939 1670 2248 1743 subjungit:
2276 1670 2344 1725 Et
2373 1689 2476 1726 non
2492 1672 2693 1726 audivit
2713 1673 2935 1742 populus
2955 1688 3098 1727 meus
3118 1688 3290 1726 vocem
3314 1688 3503 1735 meam,

1940 1775 1991 1819 et
2025 1764 2197 1820 Israel
2225 1783 2328 1821 non
2356 1767 2579 1821 intendit
2604 1767 2753 1821 mihi.
2787 1767 2855 1821 Et
2885 1768 3065 1829 dimisi
3098 1784 3187 1822 eos
3219 1768 3504 1822 secundum

262 1826 393 1914 εειῖι
436 1826 579 1926 ἑοὺς
607 1826 857 1929 ἐχθροὺς
887 1826 1082 1914 αότὲῡν
1104 1826 1478 1916 amaros};
1498 1880 1511 1892 -
1528 1826 1631 1916 καὶ
1660 1826 1844 1919 Esai-

1947 1854 2206 1910 desideria
2255 1858 2431 1912 cordis
2486 1874 2693 1925 eorum,
2742 1857 2891 1911 ibunt
2946 1858 3001 1912 in
3048 1857 3508 1913 adinventionibus

265 1965 353 2018 γει
375 1967 387 1979 ’
422 1951 530 2005 Kal
550 1953 659 2004 οὐκ
673 1950 939 2018 ἤκουσεν
962 1954 995 2005 ό
1022 1955 1172 2019 λαός
1192 1971 1311 2022 μου
1340 1953 1450 2023 τῆς
1479 1952 1680 2023 φωνῆς
1698 1971 1838 2023 μου,

262 2040 369 2095 καὶ
410 2039 649 2109 Ἰσραὴλ
687 2042 757 2095 οὐ
796 2040 1100 2111 προσέσχε
1134 2061 1255 2112 μοι.
1290 2043 1405 2097 Καὶ
1446 2044 1843 2109 ἐξαπέστειλα

256 2131 492 2197 αὐτοὺς
524 2134 673 2186 κατὰ
714 2131 787 2186 τὰ
814 2132 1248 2204 ἐπιτηδεῦματα
1296 2134 1413 2187 τῶν
1461 2134 1717 2203 καρδιῶν
1745 2138 1845 2190 αύ-

258 2218 409 2283 εῶν,
448 2221 844 2288 πορεύσονται
876 2220 947 2274 ἐν
971 2222 1094 2287 τοῖς
1121 2221 1589 2290 ἐπιτηδεύμασιν
1623 2220 1841 2276 αὐτῶν.

275 2310 433 2365 Ἐπεὶ
452 2309 629 2363 τοίνυν
669 2311 731 2364 τὸ
763 2311 992 2384 ἀνήκοον
1020 2312 1114 2365 καὶ
1148 2310 1210 2364 τὸ
1251 2311 1475 2374 ἀπειθὲς
1502 2310 1679 2363 αὐτῶν
1705 2328 1845 2381 παρ-

269 2401 471 2473 ίστησι,
517 2402 838 2473 μεταϐάλλει
878 2402 971 2457 τὸν
1001 2402 1156 2471 λόγον
1188 2402 1433 2467 εἰκότως,
1469 2402 1561 2455 καὶ
1590 2401 1691 2471 τὴν
1734 2402 1844 2454 τῶν

262 2492 440 2546 ηὲθνῶν
500 2492 692 2562 κλῆσιν
748 2491 1152 2561 εὐαγγελίζεται
1206 2491 1267 2545 τδ
1316 2490 1539 2561 Πνεῦμα
1568 2490 1630 2544 τὸ
1667 2492 1841 2559 ἅγιον,

266 2582 437 2634 πᾶσιν
491 2580 797 2653 ἀνθρώποις
854 2579 1206 2652 προσφωνοῦν
1261 2580 1354 2634 καὶ
1400 2580 1586 2649 λέγον·
1647 2581 1843 2650 Ἀγαλ-

263 2669 485 2728 λιᾶσθε
527 2671 607 2737 τῷ
648 2670 769 2738 Θεῷ
801 2670 881 2737 τῷ
917 2670 1121 2741 ,βοηθῷ
1161 2669 1347 2741 ήμῶν.
1384 2673 1544 2742 Λέγει
1588 2673 1646 2727 δὲ
1673 2674 1844 2727 ταῦτα

266 2764 338 2816 ὲκ
364 2760 653 2834 προσώπου
680 2762 773 2817 τοῦ
792 2762 954 2835 χοροῦ
976 2764 1070 2817 τοῦ
1102 2764 1463 2835 προφητικοῧ.
1513 2766 1599 2828 Ὠς
1638 2764 1745 2837 γὰρ
1786 2767 1843 2818 ὲν

266 2852 349 2923 τῷ
380 2858 430 2923 η’
476 2851 651 2921 ἔλεγε⁴
683 2853 857 2920 Κύριε
886 2854 919 2906 ὁ
944 2852 1155 2919 Κύριος
1183 2852 1372 2920 ἡμῶν,
1408 2851 1844 2921 ἰδιοποιουμένων

268 2946 365 3000 τὸν
385 2946 519 2999 Θεὸν
545 2946 656 2999 τῶν
687 2945 859 2998 ταῦτα
884 2943 1171 3012 λεγόντων,
1193 2942 1280 2997 διά
1310 2942 1371 2995 τὸ
1400 2941 1631 3016 πρώτων
1664 2942 1844 2996 αὐτῶν

262 3036 551 3106 γεγονέναι
582 3036 672 3089 τὸν
702 3035 833 3089 Θεόν
852 3052 865 3066 ·
897 3035 1037 3089 οὕτω
1066 3037 1160 3088 καὶ⁹
1191 3033 1423 3087 ἐνταῦθα
1450 3035 1500 3087 οὶ
1522 3035 1695 3100 αὐτοὶ,
1718 3035 1844 3098 τοὺς

1942 1946 2076 2000 suis.
2102 1945 2240 2013 Quia
2271 1946 2436 2018 igitur
2466 1947 2935 2018 inobsequentiam
2960 1962 3149 2005 eorum
3181 1955 3237 2004 et
3265 1947 3510 2003 immori-

1944 2049 2134 2105 gerum
2181 2036 2424 2091 animum
2460 2036 2726 2102 declarat,
2772 2052 3075 2113 sermonem
3110 2038 3305 2093 merito
3338 2035 3512 2107 Spiri—

1944 2134 2035 2182 tus
2067 2135 2297 2183 sanetus
2336 2127 2618 2194 transfert,
2652 2136 2707 2185 et
2747 2129 2986 2200 gentium
3028 2130 3370 2185 vocationem
3410 2146 3511 2186 an-

1945 2219 2159 2272 nuntiat
2198 2218 2453 2273 omnibus
2507 2218 2845 2283 hominibus,
2896 2220 2977 2275 sic
3017 2236 3117 2276 eos
3168 2220 3454 2291 alloquens
3492 2239 3507 2273 ε

1945 2306 2227 2363 Exsultate
2254 2307 2364 2364 Deo
2400 2308 2637 2377 adjutori
2674 2320 2879 2365 nostra.
2914 2310 3029 2366 Hoc
3064 2326 3229 2382 porro
3273 2312 3408 2368 dicit
3444 2329 3511 2367 ex

1944 2412 2177 2468 persona
2220 2397 2375 2453 chori
2410 2399 2731 2468 prophetici.
2764 2398 2837 2455 Ut
2862 2401 3008 2455 enim
3041 2400 3098 2456 in
3147 2400 3341 2457 Octavo
3367 2403 3512 2472 psal-

1946 2503 2035 2543 mo
2057 2486 2270 2543 dicebat
2296 2504 2309 2540 :
2340 2489 2563 2544 Domine
2586 2490 2845 2547 Dominus
2876 2504 3073 2559 noster,
3098 2493 3173 2547 ita
3203 2500 3263 2549 ut
3285 2495 3375 2564 qui
3400 2494 3515 2549 huic

1945 2576 2210 2643 dicerent,
2247 2578 2418 2635 Deum
2458 2583 2613 2652 quasi
2656 2583 2760 2638 sibi
2807 2584 3087 2654 proprium
3132 2585 3512 2652 praedicarent,

1945 2668 2073 2738 quia
2103 2683 2295 2725 eorum
2347 2672 2580 2741 primum
2630 2671 2774 2729 Deus
2807 2674 3019 2742 fuerat;
3052 2678 3129 2729 ita
3168 2682 3222 2730 et
3250 2675 3353 2731 hoc
3395 2678 3517 2733 loco

1947 2760 2111 2815 iidem
2142 2775 2262 2824 eos.
2304 2762 2399 2833 qui
2441 2764 2688 2819 extranei
2733 2774 2788 2820 et
2825 2765 2991 2820 alieni
3023 2764 3150 2821 facti
3187 2775 3337 2832 sunt,
3383 2783 3515 2823 evo—

1946 2853 2362 2918 cantes,dicunt
2388 2871 2400 2907 :
2427 2853 2573 2910 Heus
2596 2871 2713 2920 vos,
2744 2857 2950 2913 relictis
2968 2857 3037 2913 iis
3059 2874 3199 2929 quos
3216 2875 3405 2915 errore
3420 2860 3517 2914 du-

1946 2943 2020 2997 eti
2051 2943 2180 3000 deos
2200 2944 2770 3010 aestimabatis,irenite
2790 2947 3110 3005 festinanter
3135 2949 3203 3005 ad
3233 2950 3401 3006 Deum
3418 2967 3519 3006 no-

1949 3043 2144 3100 strum,
2164 3037 2377 3108 ipsique
2391 3039 2697 3107 exsultetis,
2714 3041 2806 3112 qui
2832 3056 3046 3112 semper
3068 3043 3228 3099 nobis
3242 3043 3346 3115 ipsi
3360 3045 3517 3099 addi-

268 3128 718 3199 ἀπεξενωμένους
736 3127 830 3181 καὶ
842 3126 1153 3199 ἀλλοτρίους
1174 3125 1623 3196 ἀνακαλούμενοι,
1658 3126 1842 3195 φασίψ

1951 3126 2055 3182 etis
2076 3127 2294 3199 adjutor
2316 3128 2438 3185 fuit.
2470 3129 2605 3197 Quis
2622 3146 2785 3202 porro
2812 3132 2900 3187 hic
2917 3132 3101 3198 fuerit,
3118 3134 3314 3190 deinde
3335 3135 3517 3190 declao

266 3216 342 3274 Ὦ
368 3214 543 3284 οὗτοι,
594 3218 1009 3284 καταλείποντες
1055 3219 1184 3283 τοὺς
1220 3217 1649 3289 πεπλανημένως
1692 3234 1846 3288 νομι-

264 3313 534 3384 ζομένους
587 3312 715 3383 ὑμῖν
761 3311 937 3375 θεοὺς,
997 3312 1163 3383 ἥκετε
1212 3310 1533 3373 σπεύδοντες
1576 3310 1713 3382 πρὸς
1756 3309 1848 3364 τὸν

270 3406 542 3477 ἡμέτερον
586 3404 739 3470 Θεὸν,
790 3404 886 3457 καὶ
933 3403 1107 3474 τούτῳ
1137 3401 1465 3472 ἀγαλλιᾶσθε
1509 3400 1587 3472 τῷ
1618 3402 1849 3455 πάντοτε

273 3498 436 3569 ἡμῶν
464 3497 570 3549 τῶν
598 3496 747 3567 αὐτῷ
791 3496 1163 3567 ἀνακειμένων
1209 3494 1391 3565 βοηθῷ
1426 3494 1722 3565 γενομένῳ.
1752 3493 1850 3557 Τίς

269 3591 320 3643 δ’
352 3586 419 3661 ἦν
450 3584 622 3654 οὗτος,
652 3589 780 3659 ἑξῆς
826 3588 1126 3661 παριστῶσι
1165 3588 1445 3656 λέγοντεςο
1494 3585 1850 3652 Ἀλαλάξατε

268 3681 357 3747 τῷ
378 3680 502 3747 Θεῷ
514 3680 737 3736 Ἰακώϐ’
766 3680 846 3751 τῷ
881 3679 991 3753 γὰρ
1032 3679 1202 3733 πάλαι
1239 3678 1454 3749 ὀφθέντι
1486 3677 1566 3750 τῷ
1595 3679 1850 3750 ἡμετέρῳ

266 3774 583 3847 προπάτορι
635 3771 753 3843 Θεῷ
791 3773 1054 3837 ἐλθόντες,
1094 3771 1415 3838 ἀλαλάξατε,
1446 3770 1588 3825 κατά
1614 3771 1676 3824 τὸ
1705 3772 1853 3842 εἰρη-

272 3867 438 3939 μένον
464 3869 559 3921 καὶ
578 3870 635 3921 ὲν
667 3868 758 3934 es"
807 3864 1167 3929 Ἀλαλάξατε
1206 3863 1285 3929 τῷ
1319 3862 1460 3928 Θεῷ,
1488 3862 1655 3918 πᾶσα
1681 3863 1720 3931 ή
1751 3861 1848 3932 γῆ.

267 3961 374 4026 Τίς
403 3961 461 4014 δὲ
496 3957 564 4032 ἦν
603 3964 636 4033 ὴ
685 3960 924 4031 πᾶσαγῆ
962 3960 1259 4028 διασαφεῖδ
1301 3956 1491 4012 εἰπών·
1534 3955 1737 4011 Πάντα
1778 3956 1854 4011 τὰ

270 4053 442 4123 ἔθνη,
498 4052 828 4123 κροτήσατε
868 4052 1067 4122 χεῖρας
1084 4093 1100 4116 ,
1138 4050 1482 4116 ἀλαλάξαι-ε
1510 4049 1590 4116 τῷ
1628 4048 1750 4115 Θεῷ
1785 4051 1855 4103 ἐν

268 4146 449 4217 φωνῇ
501 4146 932 4218 ἀγαλλιάσεως.
985 4147 1110 4209 Τοῖς
1141 4142 1235 4200 οὖν
1285 4146 1467 4209 αὐτοῖς
1505 4143 1599 4198 καὶ
1632 4143 1720 4197 διὰ
1744 4142 1855 4196 τῶν

274 4232 419 4305 μετά
448 4236 636 4306 χεῖρας
651 4238 963 4305 προσφωνεῖ
982 4234 1155 4303 λέγων
1169 4236 1197 4287 ὁ
1221 4234 1379 4307 χορὸς
1400 4234 1507 4286 τῶν
1524 4232 1815 4305 προφητῶν
1835 4248 1851 4263 ⁶

288 4323 677 4395 Ammiane
695 4324 775 4391 τῷ
802 4324 922 4391 Θεῷ
940 4325 1020 4392 τῷ
1033 4323 1242 4394 ,βοηθῷ
1276 4323 1464 4394 ἡμῶν,
1510 4323 1854 4388 mollitiam

274 4413 360 4479 τῷ
386 4415 509 4481 Θεῷ
546 4415 767 4471 Ἰακώϐ.
797 4416 929 4470 Θεὸν
961 4417 1015 4470 δὲ
1059 4415 1252 4471 Ἰακὼὸ
1282 4415 1379 4468 τὸν
1400 4416 1629 4486 Σωτῆρα
1654 4414 1854 4484 οημαί-

1953 3228 2079 3274 rant
2099 3220 2346 3277 dicentes
2368 3240 2380 3276 :
2403 3221 2640 3279 Jubilate
2663 3224 2773 3280 Deo
2801 3224 2968 3280 Iacob
2986 3242 3007 3281 :
3024 3225 3092 3280 ad
3118 3225 3286 3283 Deum
3306 3227 3519 3284 scilicet

1948 3313 2045 3384 qui
2068 3313 2199 3369 olim
2226 3322 2386 3372 atavo
2401 3325 2592 3375 nostro
2620 3318 2772 3375 visus
2788 3328 2873 3375 est
2900 3318 3243 3387 accedentes,
3268 3319 3519 3391 jubilate,

1950 3406 2249 3464 secundum
2268 3407 2323 3463 id
2341 3409 2488 3479 quod
2501 3410 2555 3465 in
2567 3404 2673 3466 va
2688 3412 2898 3481 psalmo
2913 3412 3117 3469 dictum
3133 3422 3217 3471 est
3233 3434 3248 3470 :
3262 3416 3518 3482 Jubilate,

1950 3499 2122 3554 omnis
2156 3512 2318 3554 terra.
2378 3499 2510 3566 Quae
2547 3510 2697 3557 esset
2741 3503 2923 3558 omnis
2954 3511 3122 3567 terra,
3154 3504 3391 3575 explicat
3426 3507 3518 3577 qui

1951 3590 2067 3644 ait:
2107 3588 2300 3645 Omnes
2331 3599 2529 3658 gentes,
2564 3591 2803 3660 plaudite
2846 3594 3113 3659 manibus,
3153 3596 3390 3665 jubilate
3411 3595 3522 3650 Deo

1951 3681 2004 3733 in
2032 3697 2153 3735 voce
2184 3681 2555 3735 exsultationis
2572 3682 2637 3735 ⁸³.
2676 3682 2905 3739 Eosdem
2928 3685 3113 3755 itaque
3139 3686 3287 3757 ipsos
3319 3687 3523 3743 chorus

1953 3771 2305 3842 propheticus
2355 3773 2410 3827 in
2444 3776 2697 3842 praesenti
2729 3775 3024 3845 alloquitur
3051 3776 3243 3832 dicens
3271 3795 3285 3833 :
3319 3776 3521 3831 Exsul-

1954 3872 2062 3917 tate
2098 3862 2207 3918 Deo
2255 3862 2493 3933 adjutori
2513 3874 2714 3931 nostro,
2747 3866 2977 3935 jubilate
2992 3856 3314 3925 Deolacob.
3352 3867 3521 3923 Deum

1952 3970 2083 4010 vero
2113 3954 2283 4010 Jacob
2308 3954 2649 4010 Servatorem
2675 3948 2849 4024 vocat,
2884 3960 2977 4029 qui
3001 3960 3055 4014 in
3082 3958 3256 4015 forma
3286 3959 3524 4016 hominis

1952 4046 2160 4102 Jacobo
2183 4048 2334 4103 visus
2363 4054 2468 4115 est,
2504 4046 2722 4117 quando
2757 4053 2972 4105 vocavit
2993 4049 3163 4106 Jacob
3187 4066 3384 4106 nomen
3416 4051 3522 4106 loci

1956 4140 2010 4195 in
2039 4154 2149 4210 quo
2185 4139 2339 4196 visus
2368 4140 2473 4211 ipsi
2499 4147 2587 4197 est
2616 4140 2779 4206 Deus,
2812 4141 3049 4212 Speciem
3078 4143 3176 4197 Dei
3206 4159 3225 4197 :
3253 4157 3378 4197 nam
3407 4142 3525 4198 hac

1956 4231 2107 4285 addit
2138 4249 2152 4285 :
2188 4230 2310 4286 Vidi
2341 4232 2481 4286 enim
2533 4232 2698 4287 Deum
2736 4233 2872 4303 [acie
2918 4235 2987 4289 ad
3024 4236 3237 4306 faciem,
3276 4243 3328 4303 et
3373 4235 3527 4290 salva

1955 4321 2102 4390 facta
2130 4333 2211 4376 est
2266 4323 2449 4377 anima
2496 4322 2630 4377 mea.
2687 4321 2827 4380 Huic
2879 4326 3048 4389 enim,
3086 4332 3273 4395 utpote
3292 4324 3385 4395 qui
3428 4339 3527 4380 rex

1957 4424 2144 4470 noster
2171 4416 2265 4481 sit,
2292 4416 2528 4485 jubilare
2548 4418 2812 4488 praecipit,
2844 4417 3336 4488 triumphalemque
3371 4416 3528 4487 hym-

274 4523 359 4559 νει
394 4506 484 4560 τὸν
530 4507 589 4560 ὲν
644 4504 929 4578 ἀνθρώπου
983 4509 1221 4580 σχήματι
1246 4506 1481 4575 ὀφθέντα
1523 4506 1601 4576 τῷ
1623 4503 1845 4559 Ἰακώ6’

1958 4522 2085 4561 num
2145 4507 2248 4576 ipsi
2297 4509 2568 4563 emittere.
2615 4507 2900 4575 Quomodo
2929 4517 3110 4564 autem
3148 4524 3242 4563 rex
3288 4523 3323 4563 a
3363 4506 3528 4563 Patre

273 4599 368 4652 ὅτε
429 4597 524 4651 καὶ
569 4597 795 4651 ἐκάλεσε
856 4596 1048 4651 Ἰακὼὸ
1092 4599 1154 4652 τὸ
1196 4596 1494 4669 ὄνοματοῦ
1520 4597 1684 4650 τόπου
1721 4596 1779 4647 ὲν
1807 4589 1852 4663 ᾧ

274 4688 438 4761 ὤφθη
463 4689 611 4762 αὐτῷ
637 4693 666 4745 ὁ
682 4690 832 4755 Θεὸς,
851 4687 1028 4758 Εἶδος
1048 4691 1222 4759 Θεοῦ,
1250 4689 1492 4746 ἐπειπών
1510 4707 1523 4721 ο
1547 4689 1728 4744 Εἶδον
1742 4687 1851 4759 γὰρ

281 4782 435 4838 Θεὸν
459 4783 783 4851 πρόσωπον
811 4781 964 4851 πρὸς
1003 4784 1345 4852 πρόσωπον,
1380 4782 1480 4837 καὶ
1505 4780 1699 4850 ἐσώθη
1728 4798 1849 4851 μου

276 4876 321 4943 ἡ
357 4874 549 4944 ψυχή.
584 4874 770 4946 Τούτῳ
822 4871 935 4941 οὖν,
967 4874 1041 4938 ὡς
1078 4874 1145 4930 ἂν
1180 4874 1327 4945 αὐτῷ
1373 4875 1488 4928 δντι
1526 4873 1604 4944 τῷ
1644 4873 1855 4944 βασιλεῖ

276 4966 459 5040 ἡμῶν,
487 4966 774 5031 ἀλαλάζειν
814 4967 1159 5040 προστάττει,
1195 4968 1505 5040 νικητήριον
1531 4966 1695 5037 ’ύμνον
1725 4968 1855 5019 ἀνα-

280 5057 599 5127 πέμποντας
626 5056 795 5128 αύτῷ.
833 5058 1020 5122 Ὅπως
1059 5057 1118 5110 δὲ
1172 5056 1421 5126 βασιλεὺς
1454 5056 1559 5109 ὑπὸ
1605 5055 1699 5108 τοῦ
1751 5055 1855 5108 Πα-

277 5150 409 5221 τρδς
458 5148 803 5214 καθίσταται,
841 5150 1005 5212 αὐτὸς
1058 5149 1296 5204 διδάσκει
1346 5148 1549 5217 λέγων’
1599 5148 1739 5217 Ἐγὼ
1785 5147 1854 5201 δὲ

279 5240 659 5311 κατεστάθην
673 5242 974 5308 βασιλεὺς
996 5243 1096 5295 ὑπ’
1124 5241 1309 5297 αὐτοῦ
1333 5241 1432 5295 ἐπὶ
1454 5243 1606 5296 Σιὼν
1626 5241 1762 5309 ὄρος
1785 5242 1853 5295 τὸ

278 5333 454 5405 ἄτιον
490 5334 697 5389 αὑτοῦ.
729 5334 803 5387 UO
836 5334 994 5404 μόνον
1014 5334 1075 5386 δὲ
1097 5333 1380 5398 ἀλαλάζειν
1394 5332 1472 5404 τῷ
1500 5333 1617 5405 Θεῷ
1660 5332 1853 5387 Ἰακὼϐ

280 5427 534 5498 βούλεται
562 5428 689 5491 τοὺς
721 5425 1107 5497 κεκλημένους,
1128 5426 1263 5480 ἀλλά
1287 5426 1381 5481 καὶ
1412 5426 1707 5499 λαμϐάνειν
1720 5426 1855 5497 ψαλ-

282 5520 385 5591 μὸν
434 5518 529 5572 καὶ
566 5518 762 5571 διδόναι
807 5517 1105 5589 τύμπανον,
1151 5518 1244 5570 καὶ
1288 5516 1585 5589 ψαλτήριον
1624 5518 1854 5589 τερπνὸν

283 5610 427 5683 μετά
452 5609 703 5681 κιθάρας.
735 5609 893 5663 Κατά
919 5608 976 5661 δε
1000 5609 1092 5661 τὸν
1135 5608 1383 5663 Ἀκύλαν·
1420 5611 1643 5678 Ἄρατε,
1695 5610 1850 5677 φησι,

356 5789 404 5821 ⁸³
442 5786 587 5847 Psal.
620 5802 778 5843 ιινι.
813 5785 868 5839 2.

652 5876 921 5935 Ρηιιοι..
955 5876 1071 5937 Gn.
1120 5876 1355 5939 XXIII.

1959 4600 2345 4664 constituatur,
2382 4600 2499 4670 ipse
2556 4600 2718 4657 docet
2767 4601 2856 4656 his
2906 4602 3090 4656 verbis
3133 4620 3148 4655 :
3192 4601 3307 4671 Ego
3349 4610 3527 4654 autem

1959 4692 2274 4745 constitutus
2294 4708 2411 4745 sum
2438 4707 2532 4746 rex
2557 4692 2622 4745 ab
2646 4710 2709 4747 eo
2728 4707 2883 4761 super
2898 4691 3023 4747 Sion
3042 4702 3267 4747 montem
3287 4702 3530 4757 sanctum

1958 4784 2093 4851 ejus.
2118 4781 2236 4838 Non
2256 4783 2430 4838 solum
2459 4792 2640 4837 autem
2668 4785 2782 4838 vult
2804 4776 3271 4854 vocatosjubilare
3304 4784 3414 4840 Deo
3434 4783 3530 4839 Ja-

1959 4875 2084 4941 cob,
2105 4875 2199 4930 sed
2236 4878 2400 4931 etiam
2416 4877 2665 4948 accipere
2679 4877 2949 4946 psalmum
2962 4883 3020 4932 et
3040 4874 3171 4931 dare
3185 4884 3528 4947 tympanum,

1959 4975 2014 5022 et
2061 4967 2380 5037 psalterium
2426 4969 2730 5041 jucundum
2777 4984 2902 5023 cum
2943 4968 3173 5024 cithara.
3212 4966 3528 5025 Secundum

1959 5058 2211 5129 Aquilam
2233 5076 2395 5117 vero:
2418 5061 2625 5127 Leonte,
2650 5060 2853 5133 inquit,
2872 5060 3156 5115 melodiam
3185 5070 3237 5117 et
3257 5062 3380 5116 date
3395 5072 3530 5133 tyma

1962 5166 2180 5219 panum,
2224 5152 2490 5206 citharam
2521 5151 2781 5207 decentem
2809 5166 2928 5205 cum
2979 5150 3174 5215 nabla.‘
3224 5153 3526 5209 secundum
3557 5215 3560 5219 ν

1960 5241 2348 5314 Symmachum
2402 5252 2580 5301 autem
2622 5264 2647 5298 :7
2667 5243 2933 5312 Suscipite
2978 5226 3281 5309 canticum,
3325 5252 3375 5297 et
3404 5241 3527 5294 date

1960 5343 2288 5404 tympanum,
2321 5335 2493 5406 lyram
2520 5335 2725 5389 dulcem
2753 5352 2874 5389 cum
2905 5334 3086 5390 nabla.
3116 5334 3333 5405 Aliquid
3365 5334 3530 5403 igitur

1956 5426 2229 5496 accipere,
2258 5426 2466 5496 aliquid
2493 5426 2792 5482 retribuere
2820 5425 3097 5495 praecipit;
3131 5424 3381 5492 accipere
3408 5426 3531 5491 qui-

1959 5518 2105 5585 dem,
2146 5519 2443 5575 secundum
2522 5519 2799 5591 Aquilam,
2837 5518 3166 5582 melodiam;
3226 5519 3526 5571 secundum

1908 5666 1913 5671 .
1962 5611 2347 5682 Symmachum
2407 5628 2568 5681 vero,
2618 5602 2933 5669 canticum:
2989 5610 3293 5667 retribuere
3347 5619 3526 5663 autem

3095 5879 3168 5936 31
