4004 6542
252 377 355 434 975
401 363 405 365 ’

1372 378 1873 436 ΕΟΜΜΕΝΤΑΠΙΑ
1915 380 1980 434 IN
2018 379 2353 434 PSALMOS.

3390 380 3494 434 97$

249 498 436 568 τήριος
474 496 770 568 παρίστησι
829 496 1164 550 διδασκαλία.
1208 495 1301 550 Ἐκ
1357 497 1462 550 τῶν
1492 497 1694 566 ταύτης
1754 496 2039 569 τοιγαροῦν
2075 497 2371 568 κλημάτων
2413 495 2757 549 διαδοθέντων
2791 496 2908 550 καθ’
2954 495 3080 568 ὅλης
3122 515 3216 569 της
3245 501 3498 569 οἰκουμέ-

250 603 348 656 νης
399 587 730 658 συνέστησαν
765 586 1115 658 ἀμπελῶνες·
1155 590 1247 642 καὶ
1295 589 1498 642 τούτων
1527 591 1576 642 οἱ
1626 590 1828 662 καρποὶ
1867 590 2088 645 κατὰτὸ
2143 591 2276 644 αὐτὸ
2341 591 2775 660 συναγόμενοιέν
2801 594 2920 654 ταῖς
2961 591 3080 646 καθ’
3114 593 3240 664 ὅλης
3289 596 3385 665 τῆς
3425 598 3504 647 οἰ-

251 678 522 751 κουμένης
543 681 857 752 ἐκκλησίαις
902 681 1033 734 πολὺ
1063 681 1265 752 πλῆθος
1298 683 1704 753 ἀπειργάσαντο
1732 683 1935 756 ληνῶν·
1970 677 2043 738 ῶν
2067 684 2228 736 ’ἑνεκα
2289 683 2374 735 διὰ
2417 681 2510 737 τοῦ
2552 683 2708 749 ἁγίου
2748 684 3062 753 Πνεύματος
3092 685 3139 735 οί
3173 684 3504 755 Ἐπιλήνιοι

251 770 455 842 ψαλμοὶ
492 773 838 844 προφητικῶς
865 773 1306 847 ἀνεφωνήθησαν.

325 888 670 940 Σαλπίσατε
694 887 764 940 ἐν
804 889 1090 957 νεομηνίςι
1125 889 1429 966 σάλπιγγι,
1471 894 1540 947 ἐν
1582 894 1825 964 εὺσήμφ

2003 891 2167 947 Vens.
2202 893 2256 946 4.
2284 892 2567 945 Βιιεευιαιε
2611 907 2666 945 m
2717 892 2989 945 neomenia
3017 889 3167 954 tuba,
3204 891 3258 942 in
3310 891 3503 961 insigni

253 978 447 1048 ἡμέρᾳ
467 978 679 1046 ἑορτῆς
703 979 886 1047 ὑμῶν.
923 980 1136 1034 Ἐκάλει
1163 982 1261 1048 μὲν
1285 985 1314 1036 6
1346 983 1500 1052 λόγος
1532 987 1828 1057 ἀρχόμενος

255 1069 351 1122 ἐπὶ
377 1068 725 1138 ἀγαλλίασιν·
768 1069 1090 1142 προσέταττε
1112 1071 1169 1123 δὲ
1201 1071 1523 1137 ἀλαλάζειν,
1556 1077 1830 1130 τουτέστιν

257 1160 426 1234 ὕμνον
495 1162 760 1215 ἐπινίκιον
825 1164 1174 1234 ἀναπέμπειν
1230 1165 1307 1236 τῷ
1359 1167 1654 1237 δηλωθέντι
1713 1169 1833 1240 Θεῷ

268 1250 492 1306 ἰακώ6·
527 1248 643 1305 εἶτα
681 1252 873 1321 λόγους
922 1245 1333 1320 διδασκαλικοὺς
1383 1258 1834 1330 παραλαμϐάνον-

255 1358 375 1406 τας,
405 1342 585 1414 ἔργοις
612 1343 832 1407 τούτους
852 1345 1200 1417 ἀποπληροῦν
1223 1365 1236 1378 ·
1271 1347 1562 1418 πληρωτὰς
1597 1350 1654 1403 δὲ
1683 1368 1834 1419 γενο-

259 1434 454 1504 μένους
485 1433 592 1487 τῶν
615 1433 809 1504 ἔργων,
839 1434 938 1506 ῆδη
961 1434 1145 1488 λοιπὸν
1171 1436 1265 1489 καὶ
1287 1438 1366 1500 είς
1395 1438 1600 1502 πάντας
1627 1439 1835 1511 ἀνθρὼ-

257 1540 395 1587 πους
445 1523 735 1597 κηρύττειν
774 1523 865 1576 καὶ
902 1522 1184 1587 σαλπίζειν
1208 1563 1224 1588 ,
1266 1523 1476 1596 ὲξηχεῖν
1510 1543 1568 1578 τε
1620 1526 1714 1578 καὶ
1750 1524 1835 1591 ἐξ·

257 1613 522 1670 ἁκουστον
561 1618 671 1678 τοῖς
705 1617 839 1669 πᾶσι
860 1620 1033 1669 ποιεῖν
1053 1617 1114 1670 τὸ
1143 1617 1493 1686 Εύαγγέλιον·
1527 1617 1714 1690 ὥσπερ
1742 1615 1857 1684 οὖν,

258 1706 354 1760 καὶ
381 1709 409 1760 6
447 1706 637 1778 Σωτὴρ
663 1707 1058 1778 παρεκελεύετο
1102 1709 1274 1778 λέγων
1306 1713 1418 1774 τοῖς
1459 1711 1622 1764 αὐτοῦ
1662 1712 1836 1783 μαθη-

255 1801 380 1864 ταῖς
400 1815 414 1830 ·
455 1802 516 1852 Ὃ
539 1802 626 1866 εὶς
660 1799 723 1853 τὸ
759 1795 868 1866 οὖς
903 1801 1152 1858 ἀκούετε
1171 1843 1185 1865 ,
1229 1804 1567 1871 κηρύσσετε
1597 1805 1694 1858 ἐπὶ
1720 1805 1836 1858 τῶν

257 1891 562 1962 δωμάτων.
598 1893 688 1946 Διὸ
715 1893 960 1947 λέλεκται
980 1897 1091 1958 τοῖς
1117 1894 1182 1948 τὰ
1211 1895 1404 1970 πρῶτα
1426 1897 1831 1968 κατωρθωκὼι·

259 1987 626 2039 Σαλπίσατε.
663 1985 786 2046 Πῶς
837 1986 895 2039 δὲ
939 1987 1136 2051 αὐτοὺς
1184 1986 1432 2057 βούλεται
1474 1989 1834 2060 σαλπίζειν,ἢ

258 2077 337 2139 ὡς
377 2076 665 2141 ἐσάλπιζον
700 2075 864 2130 πάλαι
905 2078 1168 2150 πρότερον
1197 2079 1246 2131 οἱ
1278 2080 1376 2143 τὰς
1397 2081 1610 2144 εἰκόνας
1655 2084 1834 2135 ἐπιτε-

259 2166 502 2234 λοῦντες,
531 2170 628 2222 καὶ
656 2168 724 2224 τὰ
760 2168 1006 2239 σύμϐολα
1054 2171 1293 2236 καὶτοὺς
1319 2171 1525 2236 τύπους
1561 2174 1669 2227 τῶν
1704 2174 1837 2245 ἀλη-
1870 2179 1894 2245 ς

259 2259 402 2325 θῶν;
433 2259 752 2324 Ἐσάλπιζον
796 2261 854 2314 δὲ
903 2262 1100 2314 ἐκεῖνοι
1140 2262 1198 2314 ἐν
1228 2263 1490 2336 νεομηνία
1535 2266 1628 2318 καὶ
1655 2267 1714 2318 ἐν
1745 2267 1836 2319 εὐ·
1870 2238 1910 2294 Β

263 2350 424 2420 σῆμῳ
445 2352 626 2422 ἡμέρᾳ
651 2352 865 2422 ἑορτῆς.
897 2353 1008 2406 Καὶ
1056 2352 1200 2405 τοῦτ’
1242 2353 1509 2424 ἔπραττον
1557 2358 1695 2410 κατά
1749 2358 1840 2411 τὸν

261 2441 488 2512 ἕϐδομον
533 2444 696 2514 μῆνα,
751 2446 809 2497 ἐν
856 2439 901 2512 ᾧ
944 2445 1348 2515 συνερχόμενοι,
1377 2448 1474 2516 τὴν
1505 2449 1694 2521 ἑορτὴν
1731 2450 1840 2504 τῶν

261 2533 582 2604 Σαλπίγγων
612 2535 918 2600 ἐπετέλουν,
942 2535 1088 2602 ἅπαξ
1110 2535 1199 2589 τοῦ
1218 2538 1465 2593 ἐνιαυτοῦ
1489 2539 1648 2594 τοῦτο
1668 2542 1840 2614 πράτ-

259 2646 465 2694 τοντες.
500 2633 661 2701 Λέγει
691 2633 734 2686 δ’
768 2629 860 2688 οῦν
893 2638 926 2707 ή
952 2638 1137 2709 γραφὴ
1156 2635 1248 2691 τοῦ
1271 2638 1435 2709 νόμου
1459 2653 1474 2668 ·
1503 2638 1612 2693 Τοῦ
1645 2639 1838 2707 μηνὸς

263 2722 372 2776 τοῦ
395 2722 666 2793 ἑϐδόμου,
690 2725 800 2794 μιᾷ
818 2728 924 2782 τοῦ
947 2729 1158 2798 μηνὸς,
1193 2729 1366 2783 ἔσται
1402 2730 1544 2799 ὑμῖν
1567 2730 1840 2785 ἀνάπαυ-

261 2830 386 2881 σις,
410 2818 808 2886 μνημόσυνον
837 2821 1208 2891 σαλπίγγων·
1250 2822 1443 2892 κλητὴ
1485 2824 1626 2891 ἁγία
1669 2822 1840 2877 ἔσται

261 2907 425 2976 ὑμῖν.
475 2908 659 2972 Οὕτως
711 2904 802 2963 οῦν
853 2910 1040 2984 ῶσπερ
1097 2912 1158 2966 ὲν
1207 2915 1556 2986 τῇνεομηνίᾳ
1597 2917 1664 2985 τῇ
1718 2915 1839 2967 τότε

261 3000 577 3065 ὲσάλπιζον,
620 2999 865 3071 βούλεται
896 3004 993 3056 καὶ.
1017 3002 1115 3057 νῦν
1143 3005 1270 3067 τοὺς
1299 3005 1669 3077 κεκλημένους
1708 3007 1838 3061 σαλ-

263 3090 462 3156 πίζειν.
490 3087 598 3146 Ἦν
620 3093 678 3146 δὲ
702 3095 735 3164 ἠ
755 3093 939 3165 ἡμέρα
962 3095 1188 3167 ὲκείνηή
1213 3099 1311 3167 τῆς
1344 3098 1536 3169 ἑορτῆς
1567 3099 1674 3152 τῶν
1702 3098 1839 3153 Σαλ-

265 3180 483 3248 πίγγων
523 3180 758 3254 εὔσημος
789 3183 1002 3254 ἡμέρα·
1046 3183 1192 3252 λέγει
1237 3184 1282 3237 δ’
1325 3181 1418 3239 οῦν
1458 3186 1664 3257 Μωσῆς
1711 3187 1840 3258 περὶ

263 3273 440 3345 αὐτῆς
458 3290 472 3303 ·
505 3271 636 3328 Πᾶν
669 3276 846 3344 ἔργον
873 3276 1205 3344 λατρευτὸν
1228 3279 1299 3331 οὐ
1324 3275 1628 3347 ποιήσετε.
1679 3277 1840 3348 Ἡμέ-

254 3380 341 3432 ρα
363 3363 672 3432 σημασίας
696 3363 867 3417 ἔσται
887 3365 1048 3434 ὑμῖν.
1069 3366 1161 3420 Διὸ
1183 3368 1276 3422 καὶ
1305 3369 1536 3423 ἐνταῦθα
1556 3369 1802 3424 λέλεκται
1823 3388 1839 3401 ·

279 3457 377 3509 Ἐν
407 3453 654 3526 εὐσήμῳ
682 3453 874 3525 ἡμέρᾳ
919 3457 1134 3525 ἑορτῆς
1175 3458 1361 3528 ὑμῶν.
1404 3457 1511 3514 Ἧν
1531 3457 1624 3515 οῦν
1658 3462 1842 3534 ἡμέρα

265 3547 512 3622 εὔσημος
565 3549 659 3603 καὶ
705 3551 866 3621 ἑορτὴ
924 3551 1136 3615 οὐδενὸς
1183 3552 1372 3624 ἑτέρου
1411 3554 1443 3625 ἢ
1486 3554 1836 3623 σαλπίγγων·
1868 3579 1910 3637 C

266 3642 424 3695 ἐνθεν
451 3641 546 3695 καὶ
569 3641 891 3710 Σαλπίγγων
911 3641 1072 3713 ἑορτὴ
1099 3643 1348 3714 κέκλητο.
1374 3645 1552 3716 Τριῶν
1578 3647 1635 3699 δὲ
1670 3646 1844 3700 οὐσῶν

267 3733 474 3806 ἑορτῶν
507 3734 650 3788 κατὰ
679 3735 772 3788 τὸν
818 3735 980 3789 αὑτὸν
1018 3736 1193 3806 μῆνα·
1228 3737 1452 3809 πρώτης
1483 3739 1584 3809 μὲν
1605 3739 1706 3808 τῆς
1735 3739 1844 3792 τῶν

267 3824 594 3894 Σαλπίγγων
633 3827 690 3878 ὲν
740 3828 806 3897 τῇ
839 3827 1102 3899 νεομηνία
1148 3828 1607 3900 συντελουμένης·
1653 3831 1845 3902 ἐτέρας

265 3919 326 3972 δὲ
353 3919 452 3989 τῆς
479 3918 574 3972 τοῦ
613 3918 859 3989 Ἱλασμοῦ
893 3922 951 3973 ὲν
979 3924 1046 3991 τῇ
1083 3921 1286 3995 δεκάτῃ
1319 3904 1501 3994 ἡμέρᾳ
1536 3923 1628 3976 τοῦ
1677 3925 1846 3995 μηνὸς

265 4006 620 4078 γιγνομένης·
659 4007 754 4060 καὶ
783 4008 973 4079 τρίτης
997 4009 1095 4079 τῆς
1127 4009 1235 4063 τῶν
1265 4011 1486 4081 Σκηνῶν
1506 4029 1520 4042 ·
1559 4012 1724 4084 μόνην
1747 4013 1846 4082 τὴν

266 4096 379 4152 τῶν
421 4096 742 4165 Σαλπίγγων
774 4097 1058 4168 μιμεῖσθαι
1097 4099 1306 4154 κελεύει
1336 4103 1558 4171 φάσκων
1579 4120 1592 4133 ·
1625 4105 1847 4158 Σαλπι-

266 4203 420 4242 σατε
444 4187 514 4240 ἐν
554 4189 840 4256 νεομηνίᾳ
872 4187 1186 4260 σάλπιγγι·
1227 4193 1556 4264 σαφέστερον
1590 4195 1647 4248 δὲ
1676 4195 1847 4258 οὕτως

269 4279 340 4332 ἂν
369 4275 542 4331 εἷπεν.
566 4280 775 4350 Ὥσπερ
805 4282 862 4333 ὲν
895 4284 958 4353 τῇ
981 4284 1242 4356 νεομηνία
1267 4285 1555 4351 ὲσάλπιζόν
1595 4306 1722 4340 ποτε
1751 4306 1844 4341 πε-

271 4369 615 4441 ριτρέχοντες
641 4370 820 4426 πάντα
847 4373 1008 4427 τόπον
1037 4376 1116 4439 είς
1148 4375 1208 4429 τὸ
1237 4377 1479 4447 σημῆναι
1503 4379 1602 4451 τὴν
1630 4379 1846 4451 ἑορτὴν,

266 4461 361 4513 τὸν
390 4461 550 4515 αὐτὸν
582 4462 780 4533 τρόπον
811 4462 905 4516 καὶ
937 4464 1116 4534 ὑμεῖς,
1147 4462 1226 4530 οἷς
1247 4468 1275 4520 6
1306 4466 1460 4536 λόγος
1499 4468 1846 4540 προστάττει,

268 4556 636 4608 σαλπίσατε.
671 4554 926 4609 Βούλεται
965 4557 1022 4610 δὲ
1057 4559 1184 4621 τοὺς
1230 4560 1478 4629 κήρυκας
1524 4559 1633 4615 τῶν
1680 4559 1848 4614 ὲθνῶν

274 4647 351 4717 μὴ
376 4647 496 4707 ταῖς
514 4644 727 4708 λοιπαῖς
756 4645 1043 4716 προσέχειν
1073 4648 1388 4712 Ἰουδαῖκαῖς
1411 4650 1848 4722 παρατηρήσεσι,

275 4739 427 4811 μόνῳ
460 4738 516 4791 δὲ
543 4738 780 4808 χρῆσθαι
827 4736 904 4807 τῷ
943 4738 1293 4810 κηρύγματι,
1328 4743 1422 4796 καὶ
1460 4743 1737 4807 σαλπίζειν
1770 4745 1850 4806 εἰς

1932 983 2016 1037 die
2043 983 2392 1037 solemuitatis
2419 994 2622 1037 vestrae.
2669 980 2783 1036 Sub
2822 981 3037 1034 initium
3070 980 3287 1050 quidem
3323 996 3504 1036 sermo

1935 1075 2002 1129 ad
2033 1075 2454 1129 exsultationem
2485 1073 2736 1137 vocabat,
2769 1088 2834 1128 ac
2849 1071 3086 1142 jubilare
3131 1072 3502 1143 praecipiebat,

1933 1167 2039 1220 hoc
2064 1175 2170 1229 est,
2203 1166 2585 1235 triumphalem
2640 1165 2901 1235 hymnum
2932 1172 3236 1219 memorato
3276 1163 3389 1219 Deo
3410 1162 3504 1240 Jaf

1934 1259 2038 1312 cob
2063 1259 2309 1313 emittere
2331 1276 2344 1324 ;
2370 1257 2565 1312 deinde
2592 1265 2845 1326 suscepta
2891 1256 3154 1311 doctrina:
3181 1256 3346 1311 verba
3373 1272 3506 1326 ope-

1934 1351 2088 1405 ribus
2120 1351 2346 1420 implere
2376 1368 2392 1404 :
2425 1348 2692 1404 absolutis
2732 1357 2912 1403 autem
2949 1349 3227 1418 operibus,
3256 1357 3369 1403 tum
3404 1349 3503 1404 de-

1935 1456 2086 1496 mum
2115 1439 2429 1494 hominibus
2457 1438 2757 1508 praedicare
2790 1446 2844 1493 et
2867 1438 3184 1504 buccinare,
3215 1438 3505 1494 vociferari
3532 1496 3534 1498 .

1937 1532 2066 1587 item
2095 1538 2150 1587 et
2176 1531 2230 1585 in
2256 1532 2499 1585 omnium
2542 1531 2769 1585 auribus
2801 1530 3155 1601 Evangelium
3207 1532 3462 1586 nuntiare
3480 1549 3504 1599 .;

1936 1621 2394 1693 quemadmodum
2442 1619 2704 1676 Servator
2758 1621 3046 1691 discipulis
3101 1624 3348 1693 praecipit
3389 1624 3506 1679 suis

1936 1713 2157 1768 dicens:
2178 1711 2331 1778 Quod
2349 1713 2401 1766 in
2418 1729 2547 1767 aure
2567 1712 2790 1776 auditis,
2807 1715 3094 1781 pra-dicate
3109 1732 3265 1784 super
3276 1725 3414 1770 tecta
3431 1717 3504 1772 “.
3536 1782 3538 1784 _

1937 1804 2299 1871 Quamobrem
2321 1803 2388 1858 iis
2399 1804 2490 1874 qui
2507 1803 2689 1874 priora
2706 1814 2850 1860 recte
2859 1817 3168 1876 gesserant,
3183 1807 3388 1862 dictum
3401 1819 3504 1864 est:

1938 1897 2242 1951 Buccinate.
2279 1895 2399 1963 Qua
2443 1905 2624 1952 autem
2657 1897 2870 1953 ratione
2915 1899 3065 1968 ipsos
3092 1900 3385 1957 buccinare
3410 1917 3508 1956 vo-

1939 1987 2120 2049 luerit,
2157 1987 2264 2041 nisi
2312 2003 2420 2057 qua
2458 1989 2588 2043 olim
2620 1996 2674 2043 et
2704 1991 3019 2060 antiquitus
3046 1992 3140 2061 qui
3173 1993 3290 2047 veri
3316 1992 3510 2064 imagi-

1939 2096 2083 2143 nem,
2107 2079 2350 2150 symbola
2379 2087 2432 2134 et
2460 2081 2615 2150 signa
2632 2081 2933 2150 gerebant?
2958 2081 3330 2138 Buccinabant
3345 2099 3509 2154 porro

1939 2172 2019 2228 illi
2063 2173 2120 2226 in
2173 2171 2481 2235 neomenia,
2532 2183 2588 2228 et
2638 2174 2696 2227 in
2737 2174 2938 2245 insigni
2968 2175 3057 2230 die
3098 2176 3462 2232 solemnitatis
3492 2217 3508 2231 .

1941 2262 2102 2332 idque
2131 2261 2363 2331 agebant
2387 2261 2618 2330 septimo
2653 2277 2863 2326 mense,
2891 2278 3001 2332 quo
3034 2264 3372 2333 congregati,
3400 2261 3512 2318 Tu—

1939 2355 2134 2410 barum
2159 2352 2558 2408 solemnitatem
2589 2352 2942 2407 celebrabant
2975 2370 2990 2408 :
3021 2353 3186 2424 idque
3214 2354 3381 2431 semel
3413 2370 3509 2424 per

1939 2462 2142 2501 annum
2179 2444 2530 2515 praastabant.
2556 2443 2646 2497 Ait
2672 2461 2803 2514 ergo
2833 2447 2966 2517 legis
2995 2446 3298 2516 scriptura;
3334 2445 3511 2500 Mense

1938 2539 2178 2608 septimo,
2211 2538 2384 2606 prima
2411 2537 2604 2592 mensis
2637 2537 2740 2592 erit
2771 2538 2913 2594 vobis
2939 2539 3162 2610 requies,
3209 2539 3513 2594 memorial:

1941 2630 2186 2685 tubarum
2207 2647 2226 2684 :
2252 2630 2524 2684 vocabitur
2555 2641 2747 2685 sancta
2770 2630 2912 2684 vobis
2935 2631 3002 2684 ⁸⁷.
3032 2629 3102 2684 Ut
3123 2630 3287 2701 igitur
3303 2630 3360 2684 in
3379 2646 3514 2686 neo—

1939 2723 2120 2778 menia
2153 2723 2244 2785 illa
2275 2725 2621 2796 clangebant,
2655 2725 2729 2777 ita
2745 2713 3060 2779 etiamnunc
3077 2732 3301 2778 vocatos
3324 2723 3510 2785 bucci-

1939 2830 2071 2869 nare
2086 2815 2391 2886 cupit.Erat
2402 2825 2582 2870 autem
2601 2815 2718 2870 dies
2736 2815 2824 2870 illa
2841 2814 3200 2871 solemnitatis
3214 2813 3510 2878 Tubarum,

1939 2903 2058 2961 dies
2091 2907 2424 2976 conspicua;
2455 2905 2635 2976 aitque
2668 2905 2737 2960 de
2771 2905 2861 2959 illa
2891 2904 3104 2976 Moyses
3131 2925 3146 2961 :
3179 2903 3346 2958 Omne
3373 2920 3514 2994 ιοριιιι

1939 2996 2127 3051 servile
2163 3014 2265 3050 nou
2305 2997 2548 3066 facietis:
2588 2997 2699 3052 dies
2753 2997 3070 3053 celebritatis
3123 3001 3224 3054 erit
3263 3001 3406 3056 vobis
3439 3003 3511 3057 ⁸⁸.

1940 3089 2284 3160 Quapropter
2317 3090 2407 3146 hic
2446 3106 2664 3161 quoque
2701 3089 2945 3145 dicitur:
2982 3089 3050 3144 In
3080 3092 3280 3163 insigni
3304 3093 3392 3148 die
3419 3110 3510 3148 so-

1943 3182 2232 3236 lemnitatis
2266 3191 2472 3239 vestris.
2507 3182 2640 3238 Erat
2675 3199 2806 3255 ergo
2838 3183 3074 3254 insignis
3101 3185 3222 3240 dies
3254 3193 3309 3240 et
3339 3185 3514 3242 festus

1940 3273 2093 3342 dies,
2138 3291 2245 3330 non
2287 3277 2430 3332 alius
2467 3277 2545 3332 rei
2590 3293 2755 3348 quam
2797 3277 3096 3332 tubarum:
3131 3293 3302 3348 quare
3334 3277 3518 3334 Tuba:-

1942 3382 2062 3422 rum
2097 3365 2296 3422 festum
2319 3369 2639 3424 vocabatur.
2669 3369 2806 3424 Cum
2837 3379 3023 3426 autem
3048 3376 3162 3426 tres
3191 3379 3378 3427 essent
3419 3388 3518 3428 eo-

1943 3457 2067 3514 dem
2098 3474 2286 3514 mense
2330 3459 2726 3526 solemnitates,
2771 3462 2947 3531 prima
2975 3459 3274 3528 Tubarum,
3307 3478 3429 3534 qua:
3458 3465 3516 3519 in

1944 3548 2229 3603 neomenia
2245 3547 2658 3614 celebrabatur;
2693 3548 2933 3604 secunda
2964 3547 3400 3618 Propitiationis,
3429 3549 3518 3604 dc-

1946 3638 2088 3694 cima
2111 3639 2200 3693 die
2219 3639 2446 3703 mensis;
2466 3638 2624 3694 tertia
2642 3636 3146 3693 'l’abernaculorum
3170 3657 3186 3704 ;
3217 3640 3390 3694 solam
3407 3637 3486 3693 Tu
3499 3669 3518 3681 -

1945 3732 2135 3786 barum
2171 3732 2314 3787 diem
2347 3731 2546 3785 imitari
2583 3730 2829 3800 praecipit
2857 3729 3047 3786 dicens
3082 3749 3094 3783 :
3131 3731 3418 3786 Buccinate
3463 3733 3518 3786 in

1946 3825 2220 3878 neomenia
2257 3823 2421 3886 tuba;
2451 3824 2598 3892 quod
2626 3821 2830 3877 clarius
2861 3823 2936 3875 ita
2968 3822 3287 3892 protulisset
3317 3841 3329 3876 :
3365 3820 3520 3877 Sicut

1947 3915 2078 3970 olim
2112 3914 2168 3968 in
2197 3914 2489 3970 neomenia
2509 3953 2524 3979 ,
2556 3914 2738 3968 locum
2766 3928 2983 3969 omnem
3015 3913 3519 3968 circumcursantcs

1946 4004 2346 4068 buccinabant,
2378 4011 2439 4058 ut
2461 4002 2659 4060 festum
2686 4003 2993 4059 indicarent
3018 4023 3033 4071 ;
3063 4005 3313 4060 similiter
3337 4014 3393 4060 et
3417 4019 3516 4059 vos

1945 4096 2040 4168 qui
2079 4096 2346 4165 jubemini
2370 4134 2385 4160 ,
2431 4096 2723 4150 buccinate.
2756 4095 2883 4150 Vult
2912 4111 3078 4166 porro
3109 4095 3349 4166 gentium
3381 4111 3524 4166 prau-

1946 4200 2146 4249 cones,
2189 4201 2299 4240 non
2333 4186 2547 4242 caeteris
2587 4184 2836 4241 Judaicis
2882 4185 3358 4242 observationibus
3402 4188 3525 4242 att".

1947 4293 2097 4332 mum
2139 4277 2403 4332 adhibere
2421 4316 2438 4342 ,
2488 4277 2584 4332 sed
2610 4277 2730 4334 sola
2759 4277 3151 4346 praedicatione
3178 4277 3256 4331 uti
3274 4315 3289 4342 ,
3319 4283 3374 4333 et
3403 4291 3521 4332 om-

1947 4371 2109 4425 nibus
2151 4369 2466 4424 hominibus
2508 4370 2750 4425 salutare
2780 4377 2834 4424 et
2871 4370 3245 4440 evangelicum
3291 4369 3522 4424 verbum

1947 4461 2264 4518 buccinare.
2307 4460 2514 4516 Horum
2543 4476 2782 4532 namque
2833 4463 3080 4532 symbola
3120 4460 3336 4532 Moyses,
3370 4461 3523 4516 insti-

1947 4553 2136 4608 tuebat
2155 4592 2169 4617 ,
2193 4559 2422 4623 eratque
2449 4562 2777 4623 praeceptum
2805 4553 2859 4606 in
2883 4551 3048 4608 Israel
3096 4550 3286 4622 (Vsus.
3321 4551 3378 4622 5)
3405 4551 3523 4621 lege

1947 4645 2220 4700 sancitum
2251 4645 2400 4714 quod
2447 4644 2744 4699 buccinare
2785 4650 3090 4712 oporteret,
3128 4641 3346 4711 dieique
3393 4641 3522 4697 festi

1949 4743 2170 4807 tempus
2199 4737 2328 4792 tuba
2359 4736 2620 4792 omnibus
2652 4735 2984 4806 signiﬁcare.
3020 4733 3135 4789 Hoc
3163 4749 3295 4790 tero
3324 4749 3524 4804 praece-

274 4829 526 4892 ἆπαντας
570 4829 889 4902 ἀνθρώπους
931 4831 1022 4883 τὸν
1061 4833 1322 4905 σωτήριον
1361 4833 1455 4886 καὶ
1497 4834 1844 4903 εὐαγγελικὺν

1954 4837 2106 4899 ptum
2136 4845 2204 4884 ex
2228 4828 2438 4898 judicio
2461 4866 2478 4891 ,
2524 4828 2807 4882 voluntate
2837 4820 2905 4881 'et
2953 4825 3174 4880 decreto
3224 4823 3316 4879 Dei
3347 4823 3519 4879 Jacob

271 4917 456 4986 λόγον.
491 4917 708 4972 Τούτων
740 4917 849 4990 γὰρ
882 4918 1061 4972 αὐτῶν
1101 4919 1168 4973 τά
1217 4921 1464 4992 σύμῦολα
1506 4925 1599 4978 καὶ¹
1642 4925 1844 4996 Μωσῆς

1950 4919 2234 4976 edebatur.
2285 4921 2403 4989 Ipse
2441 4935 2680 4990 namque
2712 4918 2892 4982 Deus,
2925 4918 3021 4988 qui
3066 4916 3273 4973 Iacobo
3301 4918 3431 4971 olim
3462 4918 3521 4971 in

271 5008 485 5073 ἐποίει,
521 5009 614 5063 καὶ
662 5005 732 5082 ἦν
771 5011 1097 5082 πρόσταγμα
1125 5011 1205 5083 τῷ
1241 5014 1456 5086 Ἰσραὴλ
1501 5015 1646 5079 ἰδίως
1689 5015 1844 5069 τοῦτο

1950 5013 2051 5067 Vll‘i
2070 5012 2249 5082 specie
2297 5021 2352 5067 et
2396 5011 2572 5066 forma
2616 5012 2770 5068 visus
2807 5018 2925 5077 est,
2976 5010 3066 5065 hic
3120 5018 3238 5065 erat
3262 5010 3355 5082 qui
3389 5008 3521 5064 olim

271 5101 801 5174 νενομοθετημένον,
839 5103 901 5156 τὸ
944 5103 1053 5157 δεῖν
1093 5104 1408 5172 σαλπίζειν,
1466 5108 1562 5162 καὶ
1613 5107 1703 5161 διὰ
1749 5109 1844 5178 τῆς

1961 5104 2152 5160 isthaec
2173 5105 2434 5174 populum
2458 5102 2882 5174 lacere1igurate
2907 5119 3002 5173 per
3024 5101 3258 5174 Moysem
3272 5101 3518 5171 iubebat.

276 5182 576 5260 σάλπιγγος
612 5193 898 5263 σημαίνειν
932 5197 1046 5258 τοῖς
1077 5197 1210 5249 πᾶσι
1248 5196 1347 5267 τὴν
1371 5196 1466 5249 τοῦ
1501 5197 1693 5269 καιροῦ
1728 5198 1844 5268 ἐορ-

1951 5195 2107 5262 Quod
2135 5204 2315 5250 autem
2337 5195 2632 5250 buccinare
2659 5195 2779 5258 hic,
2805 5197 3044 5251 clamare
3074 5203 3128 5251 et
3156 5195 3410 5251 omnibus
3431 5207 3524 5246 an-

271 5283 396 5354 τήν.
422 5280 495 5334 T6
525 5281 582 5334 δὲ
623 5281 951 5354 πρόσταγμα
995 5283 1154 5337 τοῦτο
1193 5284 1332 5338 κατά
1386 5287 1567 5357 κρίσιν
1608 5286 1844 5355 ἐγένετο,

1951 5287 2227 5351 nuntiare,
2253 5287 2543 5357 signiﬁcet,
2567 5286 2727 5342 docet
2751 5287 3009 5341 Servator
3027 5286 3114 5341 his
3143 5285 3360 5340 verbis:
3388 5282 3522 5336 Cum

272 5375 370 5430 καὶ
398 5373 538 5428 κατά
569 5374 813 5446 βούλημα
833 5376 927 5429 καὶ
953 5379 1125 5449 κρῖμα
1154 5377 1247 5433 τοῦ
1272 5378 1406 5432 Θεοῦ
1443 5379 1654 5435 Ἰακώϐ.
1678 5380 1844 5444 Αὐτὸς

1954 5379 2088 5450 facis
2123 5380 2544 5450 eleemosynam,
2577 5379 2687 5434 noli
2726 5379 2852 5432 tuba
2891 5395 3074 5432 canere
3106 5387 3226 5432 ante
3265 5386 3312 5431 te
3346 5375 3413 5429 ⁸⁸.

273 5469 385 5541 γὰρ
432 5468 510 5539 τῷ
548 5467 740 5524 Ἰακὼὸ
782 5470 969 5539 ὀφθεὶς
1003 5470 1168 5525 πάλαι
1201 5471 1332 5536 Θεὸς
1371 5473 1429 5524 ἐν
1475 5473 1666 5544 ἀνδρὸς
1704 5473 1833 5528 εἴδει
1872 5475 1966 5527 καὶ
1995 5475 2256 5546 σχήματι,
2281 5468 2435 5538 οὗτος
2462 5469 2530 5544 ἦν
2556 5475 2584 5526 6
2611 5473 2783 5528 ταῦτα
2807 5473 2898 5526 καὶ
2931 5471 3024 5526 διὰ
3053 5471 3293 5531 Μωσέως
3332 5455 3520 5521 sixth-

274 5564 388 5638 κῶς
428 5562 509 5634 τῷ
563 5563 676 5634 λαῷ
728 5565 988 5636 πράττειν
1023 5562 1432 5635 διαταξάμενος.
1475 5566 1594 5620 ’Ότι
1638 5566 1696 5620 δὲ
1743 5567 1804 5620 τὸ
1843 5566 2120 5630 σαλπίζειν
2162 5567 2282 5620 ἀντὶ
2335 5566 2430 5619 τοῦ
2470 5566 2596 5637 βοᾷν
2628 5566 2722 5619 καὶ
2757 5567 2835 5629 είς
2898 5565 3104 5626 πάντας
3136 5560 3527 5629 καταγγέλλειν

272 5654 555 5722 λέλεκται,
588 5655 824 5710 διδάσκει
873 5659 902 5710 6
950 5656 1143 5729 Σωτὴρ
1184 5656 1354 5726 λέγων
1378 5675 1392 5687 ·
1439 5659 1612 5712 Ὅταν
1649 5657 1824 5726 ποιῇς
1860 5659 2299 5728 ἐλεημοσύνην,
2330 5658 2416 5728 μὴ
2456 5661 2767 5726 σαλπίσῃς
2792 5655 3127 5726 ἔμπροσθέν
3161 5670 3298 5710 σου.

343 5813 392 5845 ⁸⁸
430 5811 617 5869 Matth.
655 5829 721 5880 κ,
755 5814 844 5871 27.
921 5817 965 5849 "
1005 5815 1176 5872 chit.
1214 5833 1379 5884 χχιιι,
1417 5817 1505 5872 24.
1584 5819 1627 5852 ⁸⁸
1668 5816 1793 5874 [.cv.
1831 5835 1844 5870 τ

1940 5834 1996 5883 ηι,
2039 5819 2087 5875 7.
2163 5820 2206 5850 ⁸⁵³
2249 5817 2437 5873 Matth.
2478 5835 2561 5881 γι,
2595 5818 2648 5870 ΕΞ.
