4004 6542
521 336 629 393 975

1239 332 1503 387 EUSEIBII
1543 330 2017 388 CAESARIENSIS
2057 328 2206 384 OPP.
2252 330 2432 385 PARS
2475 330 2559 384 Ill.
2601 363 2669 372 --
2710 328 3120 383 EXEGETICA.
3609 336 3691 389 976

597 451 763 506 Vens.
799 450 853 507 6.
911 449 1287 503 Testimonium
1343 451 1397 502 in
1450 448 1644 517 Ioseph
1689 448 1863 518 posuit
1916 445 2091 509 illud,

2269 448 2603 520 Μαρτύριον
2639 446 2711 497 ἐν
2753 443 2833 509 τῷ
2890 443 3101 512 Ἰωσὴφ
3153 443 3313 496 ἔθετο
3365 444 3520 519 αὐτὸ,
3545 447 3603 499 ἐν
3640 450 3699 514 τῷ

526 560 644 597 eum
685 545 848 596 exiret
900 540 961 594 de
1013 551 1151 594 terra
1202 540 1453 611 Egypti,
1509 541 1742 609 linguam
1786 553 1944 608 quam
1991 554 2093 591 non

526 644 740 689 noverat
783 633 1003 687 audivit.
1042 630 1403 687 Memoratum
1439 632 1508 687 de
1538 631 1689 685 tubis
1722 636 2051 700 przeceptum
2076 666 2092 692 ,

527 725 939 789 testimonium,
1002 724 1223 794 inquit,
1274 724 1459 795 posuit
1505 723 1560 777 in
1609 720 1833 792 Ioseph.
1889 720 2097 776 Secun-

462 832 467 837 θ
528 819 656 871 dum
693 815 1079 887 Symmachum
1106 831 1268 871 vero:
1311 815 1756 885 Testiﬁcationem
1785 830 1875 883 per
1902 812 2096 882 Ioseph

529 910 703 978 posuit
750 907 883 961 illud
909 923 929 961 :
972 908 1351 963 testimonium
1395 922 1529 962 vero
1569 906 1729 977 quasi
1769 905 2099 961 testiﬁcatus

528 998 731 1052 dabat:
762 1006 992 1068 eratque
1020 998 1152 1052 illud
1202 998 1419 1068 signum
1465 997 1693 1051 alterius
1733 997 1833 1050 rei.
1871 996 2098 1065 Aliquas

527 1092 671 1145 enim
724 1091 886 1146 tubas
938 1091 1354 1153 subiudicabat,
1410 1106 1641 1160 quarum
1690 1090 1922 1144 ollicium
1972 1105 2094 1144 cum

529 1183 759 1254 apostoli
819 1182 1125 1237 Servatoris
1179 1182 1391 1247 nostri,
1443 1189 1559 1234 tum
1605 1181 1901 1251 evangelici
1947 1180 2097 1234 verbi

526 1288 809 1344 praecones
856 1274 1053 1344 partim
1104 1273 1429 1341 explebant,
1482 1287 1583 1341 per
1633 1286 1848 1326 omnem
1895 1278 2098 1325 terram

526 1366 885 1436 clangentes,
943 1364 1310 1434 omnibusque
1366 1365 1624 1435 gentibus
1685 1362 1943 1418 salutaris
2004 1361 2099 1417 Dei

529 1456 797 1511 adventus
858 1455 1057 1511 festum
1118 1456 1503 1525 prmdicantes.
1566 1455 1912 1509 Arcauorum
1970 1468 2099 1509 vero

529 1548 1059 1601 consummationem
1109 1562 1206 1615 per
1255 1546 1481 1616 angelos
1532 1544 1770 1599 futuram
1814 1545 1974 1599 docet
2007 1544 2099 1615 qui

529 1637 647 1691 ait:
680 1635 829 1691 Tuba
860 1648 1010 1689 canet
1042 1638 1179 1691 enim
1201 1676 1216 1701 ,
1258 1646 1308 1690 et
1347 1638 1542 1690 mortui
1579 1638 1633 1690 in
1675 1636 1884 1692 Christo
1923 1653 2101 1690 resur-

527 1735 649 1799 gent
698 1727 857 1796 primi
900 1727 945 1758 ³ο
983 1743 997 1793 ;
1054 1743 1118 1782 ac
1163 1743 1425 1781 rursum:
1458 1727 1525 1781 In
1568 1737 1861 1792 momento,
1898 1728 1951 1780 in
1992 1728 2098 1780 ictu

2194 539 2463 603 ἐξελθεῖν
2499 540 2688 591 αὐτὸν
2718 538 2787 589 ἐκ
2824 535 2937 606 γῆς
2978 535 3317 603 Αἰγύπτου,
3363 534 3615 603 γλῶσσαν
3640 539 3700 604 ἢν

2194 633 2303 685 οὐκ
2334 634 2485 700 ἔγνω
2532 630 2781 697 ἤκουσε.
2820 629 2894 681 Τὸ
2928 625 3220 698 προλεχθὲν
3268 625 3392 696 περὶ
3445 626 3703 695 σαλπίγγων

2196 723 2523 794 πρόσταγμα
2562 721 2881 792 μαρτύριον,
2923 719 3108 790 φησὶν,
3139 717 3288 770 ἔθετο
3328 718 3384 769 ὲν
3421 717 3493 787 τῷ
3529 720 3702 789 Ἰωσήφο

2198 818 2335 871 κατὰ
2365 817 2419 869 δὲ
2440 817 2532 870 τὸν
2548 818 2842 888 Σύμμαχον
2863 858 2877 880 ,
2918 814 3264 882 Μαρτυρίαν
3291 811 3384 865 διὰ
3408 813 3503 866 τοῦ
3532 814 3705 883 ἰωσήρ

2198 910 2413 975 ἔταξεν
2437 913 2612 965 αὐτό·
2646 911 2708 963 τὸ
2739 910 2795 961 δὲ
2830 906 3130 979 μαρτύριον
3171 904 3358 975 ὥσπερ
3399 904 3705 976 διαμαρτυρά-

2201 1020 2364 1073 μενος
2402 1002 2593 1056 ὲδίδου’
2626 1004 2720 1055 καὶ
2757 997 2824 1073 ἦν
2855 1000 3013 1052 τοῦτο
3045 1002 3266 1071 σημεῖον
3288 999 3465 1069 ἐτέρου
3500 1001 3708 1071 πράγμα-

2198 1110 2321 1156 τος·
2367 1094 2617 1164 ᾐνίττετο
2650 1095 2757 1164 γὰρ
2809 1094 2939 1164 περί
2985 1110 3146 1145 τινων
3202 1090 3533 1158 σαλπίγγων,
3567 1085 3629 1144 ὧν
3663 1093 3711 1143 ὲκ

2202 1187 2402 1256 μέρους
2438 1186 2534 1256 μὲν
2560 1188 2607 1238 oi
2646 1186 2934 1240 ἀπόστολοι
2976 1184 3069 1243 τοῦ
3111 1184 3363 1253 Σωτῆρος
3389 1181 3550 1252 ἡμῶν,
3576 1181 3654 1235 καὶ
3675 1182 3713 1236 οἵ

2198 1276 2290 1330 τοῦ
2320 1277 2674 1346 εὐαγγελικοῦ
2699 1277 2858 1347 λόγου
2880 1278 3120 1348 κήρυκες
3143 1274 3356 1344 ἁπεπλή
3366 1291 3483 1345 ρουν
3508 1274 3569 1327 τὰ
3591 1274 3713 1344 ἔργα,

2199 1370 2279 1433 είς
2331 1372 2511 1424 πᾶσαν
2543 1369 2640 1441 τὴν
2688 1369 2792 1439 γῆν
2846 1368 3217 1433 σαλπίζοντες,
3254 1366 3348 1419 καὶ
3387 1366 3536 1419 πᾶσιν
3579 1366 3715 1419 ἔθνεσι

2199 1459 2559 1531 κηρύττοντες
2606 1460 2705 1531 τὴν
2742 1461 2841 1531 τῆς
2895 1460 3164 1530 σωτηρίου
3206 1457 3513 1527 θεοφανεὶας
3548 1458 3715 1527 ἑορτήν.

2202 1548 2284 1600 Τὰ
2310 1548 2364 1602 δὲ
2392 1549 2808 1620 ἀποτελέσματα
2831 1547 2942 1601 τῶν
2965 1546 3418 1620 ἀπορῤητοτέρων
3440 1546 3501 1598 δι’
3523 1545 3717 1614 ἀγγέλων

2203 1643 2421 1697 ἔσεσθαι
2455 1642 2695 1695 διδάσκει
2746 1642 2775 1694 ὁ
2826 1639 2997 1693 εἰπών
3023 1656 3039 1670 ’
3085 1640 3380 1693 Σαλπίσει
3409 1637 3528 1708 γὰρ,
3571 1639 3651 1692 καὶ
3678 1640 3718 1690 el

2201 1735 2399 1804 νεκροί
2412 1735 2481 1789 ἐν
2498 1730 2724 1802 Χριστῷ
2740 1730 3166 1803 ἐγερθήσονται
3200 1730 3413 1798 πρῶτοι
3433 1746 3446 1759 ·
3464 1728 3548 1782 καὶ
3561 1728 3688 1781 πάλιν
3704 1745 3714 1756 '

530 1818 699 1880 oculi,
732 1818 786 1870 in
815 1817 1101 1872 novissima
1135 1817 1261 1870 tuba
1284 1818 1325 1849 ⁹¹
1358 1833 1372 1882 ;
1409 1815 1890 1886 iterumque:lpse
1910 1802 2100 1870 "Domi-

2215 1795 2320 1880 Ἐν.
2342 1795 2559 1895 ἀτόμφζ
2588 1795 2815 1891 ἐνριπῇ
2832 1795 3167 1891 delicium"),
3189 1795 3260 1874 ἐν
3281 1818 3355 1888 τῇ
3378 1818 3719 1891 ἑσχὰτῃὴσάλ-

529 1927 627 1965 nus
658 1911 713 1964 in
740 1911 898 1980 jussu
926 1919 977 1965 et
1011 1912 1065 1963 in
1095 1926 1214 1964 voce
1256 1909 1595 1979 archangeli,
1641 1917 1691 1963 et
1740 1909 1795 1962 in
1836 1908 1961 1962 tuba
2003 1908 2101 1962 Dei

2211 1933 2362 1989 πιγιγι
2385 1934 2397 1947 ⁸
2418 1918 2511 1970 καὶ
2528 1916 2687 1969 πάλιν
2707 1932 2719 1945 ⁸
2737 1914 2930 1981 Αὐτὸς
2948 1916 2982 1968 ὀ
2994 1914 3211 1981 Κύριος
3226 1912 3296 1965 ὲν
3310 1914 3633 1979 κελεύσματι
3649 1906 3717 1963 καί

532 2001 811 2062 descendet
843 2004 911 2057 θ’.
961 2001 1057 2055 His
1101 2016 1266 2072 porro
1316 1999 1575 2056 Servator
1620 2000 1925 2070 discipulos
1972 2015 2102 2055 suos

2211 2010 2273 2063 ἐν
2290 2008 2460 2079 φωνῇ
2476 2006 2851 2078 ἀρχαγγέλου
2869 2005 2966 2059 καὶ
2980 2006 3048 2058 ἐν
3062 2004 3353 2074 σάλπιγγι
3371 2005 3509 2058 Θεοῦ
3524 2003 3720 2068 καταϐή-

533 2092 990 2149 initiabatdicens
1010 2113 1024 2149 :
1048 2092 1114 2147 Et
1141 2092 1388 2147 videbunt
1418 2091 1620 2146 Filium
1649 2093 1874 2146 hominis
1903 2093 2107 2146 venien-

2211 2117 2395 2155 σεται.
2421 2098 2607 2152 Ταῦτα
2623 2098 2679 2150 δὲ
2702 2096 2796 2149 καὶ
2819 2103 2846 2149 ο
2874 2094 3064 2166 Σωτὴρ
3083 2093 3460 2165 ὲμυσταγὼγει
3476 2094 3584 2155 τοὺς
3597 2093 3722 2145 αὐτοῦ

532 2195 635 2240 tem
666 2186 719 2239 in
755 2186 981 2241 nubibus
1016 2186 1131 2240 caeli
1163 2202 1280 2239 cum
1315 2193 1570 2253 potestate
1597 2194 1646 2238 et
1678 2183 1957 2254 majestate
1986 2202 2106 2239 nta-

2211 2191 2474 2265 μαΟητὰς,
2520 2189 2692 2257 λέγων
2716 2206 2729 2218 ·
2775 2188 2887 2242 Καὶ
2927 2187 3178 2255 ὄψονται
3207 2186 3317 2239 τὸν
3373 2186 3505 2239 Υἱὸν
3527 2185 3617 2239 τοῦ
3647 2186 3723 2238 ἀν·-

531 2294 655 2349 gna.
706 2277 776 2332 Et
817 2280 985 2332 mittet
1032 2278 1243 2349 angelos
1293 2295 1419 2332 suos
1470 2294 1587 2331 cum
1623 2277 1749 2330 tuba
1784 2294 2014 2349 magna,
2057 2287 2107 2332 et

2211 2281 2438 2350 θρώπου
2466 2279 2793 2347 ἐρχόμενον
2816 2276 2914 2330 ἐπὶ
2941 2275 3059 2329 τῶν
3086 2275 3363 2345 νεφελῶν
3386 2274 3485 2328 τοῦ
3515 2273 3721 2342 οὐραγοῦ

532 2370 920 2441 oongregahunt
949 2370 1139 2423 electos
1168 2369 1282 2439 ejus
1311 2384 1376 2423 ea:
1405 2378 1633 2438 quatuor
1665 2370 1831 2422 ventis
1849 2408 1863 2431 ,
1896 2386 1929 2421 a
1964 2384 2109 2423 sum-

2211 2372 2352 2442 μετὰ
2374 2369 2681 2439 δυνάμεως
2718 2368 2815 2421 καὶ
2843 2366 3029 2433 δόξης
3050 2365 3316 2435 πολλῆς.
3338 2367 3442 2420 Kal
3462 2363 3729 2419 ἀποστελεῖ

535 2462 638 2515 mis
683 2462 932 2516 caelorum
975 2478 1136 2532 usque
1186 2462 1254 2515 ad
1301 2471 1592 2516 extremum
1638 2477 1821 2514 eorum
1869 2461 1939 2513 ”.
2001 2459 2110 2516 Sed

2211 2462 2349 2527 τοὺς
2385 2460 2682 2529 ἀγγέλους
2718 2458 2904 2511 αὐτοῦ
2935 2458 3085 2527 μετὰ
3124 2457 3462 2527 σάλπιγγος
3491 2456 3725 2525 μεγάλης,

542 2560 884 2608 mortuorum
927 2552 1148 2623 quidem
1196 2553 1564 2617 resurrectio,
1623 2568 1721 2623 per
1765 2553 2110 2623 evangelicas

2211 2554 2305 2608 καὶ
2344 2549 2785 2615 ἐπισυνάξουσι
2820 2549 2963 2616 τοὺς
2994 2548 3325 2616 ἐκλεκτοὺς
3351 2548 3528 2605 αὐτοῦ
3555 2548 3612 2600 ὲκ
3639 2546 3730 2599 τῶν

538 2645 701 2699 tubas
735 2646 1126 2716 annuntiantes
1172 2644 1464 2700 adventum
1497 2644 1651 2716 regni
1682 2642 1803 2698 Filii
1857 2644 1972 2712 Dei,
2005 2644 2113 2699 elﬁ-

538 2734 717 2789 cietur
744 2753 759 2789 :
795 2735 1025 2805 apostoli
1055 2743 1238 2790 autem
1263 2735 1377 2805 jam
1411 2737 1466 2790 in
1495 2736 1674 2806 primo
1704 2727 1944 2792 adventu
1989 2735 2111 2805 ejus

535 2828 717 2893 tubis,
748 2828 964 2899 magnis
1007 2828 1218 2883 scilicet
1267 2827 1506 2898 Spiritus
1552 2828 1728 2884 sancti
1770 2827 2115 2883 vociferatio-

535 2920 702 2976 nibus
732 2927 950 2975 utentes
978 2960 994 2985 ,
1042 2928 1314 2992 quotquot
1358 2921 1486 2976 olim
1527 2920 1829 2977 secundum
1872 2921 2112 2975 animam

548 3011 745 3065 mortui
777 3020 967 3075 erant,
1001 3010 1068 3065 ad
1092 3012 1257 3066 vitam
1280 3027 1401 3083 qua:
1430 3012 1486 3066 in
1514 3012 1623 3068 Deo
1644 3020 1728 3067 est
1757 3018 2110 3067 revocarunt.

2208 2643 2522 2712 τεσσάρων
2545 2642 2799 2712 ἀνέμων,
2820 2642 2922 2696 ἀπ’
2948 2641 3147 2711 ἄκρων
3170 2641 3446 2711 οὐρανῶν
3467 2642 3567 2707 ἕως
3584 2641 3727 2708 ἄκροι·

2209 2734 2427 2788 αὐτῶν.
2470 2733 2609 2786 Ἀλλ’
2652 2734 2686 2804 ἡ
2738 2733 2836 2804 μὲν
2888 2733 2999 2787 τῶν
3043 2733 3251 2806 νεκρῶν
3297 2733 3576 2795 ἀνάστασις
3614 2731 3727 2785 ἔσται

2210 2829 2341 2883 ποτὲ
2381 2827 2468 2882 διὰ
2507 2826 2826 2896 σαλπίγγων
2870 2825 3243 2895 εὖαγγελικῶν
3296 2823 3728 2893 εὐαγγελιζομένων

2210 2921 2309 2992 τὴν
2338 2920 2522 2990 ἄφιξιν
2557 2920 2656 2991 τῆς
2688 2916 2968 2991 βασιλείας
3004 2916 3098 2970 τοῦ
3128 2916 3259 2970 Υἱοῦ
3293 2916 3390 2970 τοῦ
3422 2916 3574 2969 Θεοῦο
3600 2913 3726 2968 italo!

2213 3011 2501 3068 ἀπόστολοι
2533 3010 2590 3064 δὲ
2622 3009 2871 3065 ἐντεῦθεν
2913 3010 3011 3081 ῆδη
3056 3008 3198 3063 κατὰ
3236 3009 3340 3081 τὴν
3377 3009 3581 3080 πρώτην
3604 3004 3729 3059 αὑτοῦ

538 3099 778 3166 Quorum
812 3100 1059 3172 symbola
1091 3101 1316 3155 tradens
1342 3101 1575 3173 Moyses,
1606 3101 1884 3157 Tubarum
1910 3102 2110 3157 festum

2217 3102 2520 3174 παρουσίαν
2547 3098 2800 3170 σάλπιγξι
2836 3100 3128 3172 χρώμενοι,
3154 3101 3278 3163 ταῖς
3309 3099 3404 3152 τοῦ
3428 3100 3570 3167 ἁγίου
3605 3093 3730 3150 Ilvati-

538 3192 656 3260 lege
693 3192 948 3246 sancivit.
980 3190 1325 3261 Quapropter
1354 3191 1558 3247 dicitur
1587 3212 1600 3248 :
1638 3192 2023 3247 Testimonium
2054 3194 2110 3246 in

2217 3212 2386 3266 ματος
2435 3193 2865 3265 μεγαλοφωνίαις
2904 3193 3111 3256 πάντας
3143 3192 3502 3247 ἀνεκαλοῦντο
3528 3192 3633 3251 τοὺς
3654 3190 3730 3257 ψυ-

536 3280 729 3352 Ioseph
749 3284 923 3352 posuit
945 3282 1105 3339 illud.
1128 3282 1417 3351 Quodnam
1443 3284 1577 3337 illud
1601 3286 1930 3355 prae'ceptum
1957 3285 2112 3340 erat?

538 3373 607 3429 de
636 3374 785 3429 tubis
813 3373 1068 3428 scilicet:
1106 3374 1175 3427 ab
1218 3390 1329 3428 una
1358 3383 1543 3429 autem
1580 3376 1729 3429 tribu
1774 3374 1984 3447 Ioseph
2026 3386 2113 3431 to-

540 3473 651 3520 tam
683 3473 899 3536 gentem
928 3464 1213 3519 indicavit.
1243 3465 1356 3520 Cur
1381 3474 1562 3521 autem
1588 3468 1649 3521 in’
1671 3468 1757 3523 his
1789 3477 1959 3522 totam
1985 3484 2115 3539 gen-

539 3564 648 3612 tem
671 3554 873 3627 Ioseph
902 3556 1158 3611 vocavit?
1180 3556 1320 3622 Quia
1342 3556 1565 3629 Iosephi
1598 3560 1890 3615 occasione
1919 3576 2115 3617 omnes

541 3650 596 3704 in
624 3647 916 3720 Egyptum
943 3649 1371 3705 descenderunt.
1406 3648 1769 3716 Quandonam
1799 3667 1933 3707 vero
1965 3653 2118 3707 testi-

542 3741 822 3807 monium,
865 3743 1115 3798 videlicet
1162 3743 1415 3797 tubarum
1452 3744 1622 3814 legem
1654 3744 1857 3815 pOpulo
1888 3744 2114 3815 posuit,

541 3832 647 3889 nisi
697 3850 809 3905 quo
852 3842 1098 3906 tempore
1135 3835 1325 3892 eduxit
1368 3850 1493 3891 eum
1533 3836 1603 3891 de
1650 3843 1796 3890 terra
1848 3836 2111 3908 Egypti,

541 3926 764 3997 quando
796 3928 1034 3998 linguam
1069 3942 1232 3998 quam
1278 3942 1388 3982 non
1419 3934 1647 3983 noverat
1688 3926 1940 3983 audivit?
1977 3929 2114 3982 Cum

540 4020 688 4075 enim
716 4019 769 4072 in
792 4018 1013 4075 deserto
1036 4028 1409 4083 versarentur,
1435 4034 1568 4074 voce
1596 4018 1690 4073 Dei
1716 4018 1925 4090 dignati
1950 4028 2079 4075 sunt
2096 4058 2113 4085 ,

543 4110 974 4183 quiDecalogum
1006 4113 1248 4181 ipsorum
1278 4111 1502 4166 auribus
1529 4118 1814 4182 exceptum
1837 4154 1852 4173 ,
1887 4126 2117 4166 servan-

543 4201 674 4256 dum
708 4200 953 4254 tradidit.
987 4199 1257 4270 Tempore
1296 4208 1479 4255 autem
1529 4201 1622 4255 illo
1669 4200 1739 4255 ab
1790 4199 2116 4272 Egyptiaca

545 4294 813 4350 servitute
855 4302 909 4349 et
954 4292 1263 4348 calamitate
1302 4292 1520 4347 liberati
1563 4301 1713 4349 sunt.
1745 4294 2117 4359 Quamobrem

543 4386 750 4441 dictum
781 4393 897 4440 est:
919 4411 987 4423 —-
1005 4382 1193 4455 (Vens.
1211 4383 1527 4455 7.)Divertit
1543 4383 1610 4437 ab
1635 4385 1875 4440 oneribus
1900 4386 2117 4442 dorsum

2209 3288 2309 3356 χὰς
2360 3287 2797 3359 νενεκρωμένους
2838 3287 2929 3339 ἐπὶ
2984 3286 3087 3357 τὴν
3129 3286 3187 3339 ὲν
3227 3285 3353 3356 Θεῷ
3389 3286 3551 3356 ζωήν·
3581 3277 3642 3335 ὧν
3681 3278 3731 3332 τὰ

2212 3377 2458 3449 σύμὸολα
2500 3378 2707 3448 Μωσῆς
2740 3376 3103 3449 παραδιδοὺς,
3154 3376 3255 3447 τὴν
3307 3377 3435 3447 περὶ
3479 3372 3732 3439 σαλπίγγων

2211 3470 2517 3541 ἐνομοθέτει
2549 3471 2763 3541 ἑορτήν.
2795 3468 2887 3521 Διὸ
2918 3467 3167 3521 λέλεκται
3188 3485 3203 3497 ·
3242 3467 3571 3536 Μαρτύριον
3599 3463 3656 3515 ἐν
3675 3458 3733 3523 τῷ

2226 3562 2440 3632 Ἰωσὴφ
2466 3564 2630 3617 ἔθετο
2663 3563 2831 3616 αὐτό.
2858 3560 2922 3614 Τί
2948 3560 3005 3614 δὲ
3046 3559 3181 3614 αὐτὸ
3221 3555 3295 3630 ῆν
3340 3560 3401 3612 τὸ
3434 3559 3731 3629 πρόσταγμας

2211 3656 2273 3708 τὸ
2304 3654 2569 3726 περὶτῶν
2596 3653 2910 3722 σαλπίγγων
2932 3669 2947 3682 ο
2978 3652 3086 3705 ἁπδ
3115 3653 3245 3722 μιᾶς
3280 3652 3341 3705 δὲ
3373 3650 3536 3720 φυλῆς
3565 3642 3730 3716 τῆςτοῦ

2226 3749 2422 3821 Ἰωσὴφ
2452 3749 2516 3802 τὸ
2544 3750 2652 3802 πᾶν
2688 3748 2877 3818 ἐδήλου
2901 3744 3069 3809 ἔθνος,
3105 3743 3206 3798 Διὰ
3230 3743 3288 3797 τι
3319 3744 3378 3798 δὲ
3404 3746 3461 3797 ὲν
3485 3741 3664 3801 τούτοις
3690 3736 3736 3787 τὸ

2214 3845 2323 3897 πᾶν
2346 3842 2498 3907 ἔθνος
2540 3840 2737 3913 Ἰωσὴφ
2771 3841 3092 3912 ὡνόμασεν;
3152 3837 3478 3911 Ἐπειδήπερ
3518 3832 3735 3905 προτάσει

2213 3935 2308 3990 τοῦ
2348 3934 2550 4005 Ἰωσὴφ
2583 3933 2634 3985 oi
2656 3933 2856 3996 πάντες
2893 3929 3355 4002 κατεληλύθεισαν
3386 3932 3463 3993 είς
3494 3927 3734 3995 Αἴγυπτον.

2216 4026 2354 4079 Πότε
2382 4024 2438 4078 δὲ
2472 4022 2770 4095 μαρτύριον
2799 4023 2892 4076 τὸν
2932 4020 3061 4092 περὶ
3105 4019 3424 4089 σαλπίγγων
3454 4018 3600 4088 νόμον
3623 4014 3736 4067 ἔθετο

2214 4117 2291 4188 τῷ
2320 4116 2455 4187 λαῷ,
2481 4116 2516 4185 ἢ
2545 4114 2665 4169 κατ’
2691 4114 2899 4167 ἐκεῖνον
2930 4112 3022 4165 τὸν
3046 4112 3256 4183 χρόνον,
3295 4111 3418 4165 καθ’
3437 4110 3493 4164 ὃν
3522 4108 3736 4178 ἐξήγαγεν

2216 4208 2412 4270 αὐτοὺς
2453 4208 2515 4259 ὲκ
2553 4206 2657 4275 γῆς
2683 4204 2983 4273 Αἰγύπτου,
3018 4203 3253 4276 ὁπηνίκα
3280 4202 3526 4271 γλῶσσαν
3568 4198 3625 4267 ἡν
3661 4191 3735 4245 οὐκ

2216 4300 2358 4368 ἔγνω
2383 4298 2656 4369 ἧκουσενς
2692 4297 2813 4349 Ἐπὶ
2857 4296 2958 4366 τῆς
2990 4296 3197 4367 ἐρήμου
3243 4294 3357 4365 γὰρ
3394 4289 3732 4362 διατρίὸοντεςο

2219 4391 2402 4460 φωνῆς
2451 4388 2588 4442 Θεοῦ
2633 4387 3081 4459 κατηξιώθησαν.
3126 4386 3225 4458 τὴν
3268 4385 3563 4453 Δεκάλογον
3597 4380 3732 4435 αὐτοῖς

542 4478 689 4548 ejus,
721 4494 909 4532 manus
943 4477 1057 4547 ejus
1097 4477 1150 4530 in
1184 4476 1404 4546 cophino
1443 4478 1777 4543 servierunt;
1814 4478 2110 4533 secundum

2221 4480 2542 4546 ἐξάκουστον
2568 4477 3005 4547 διαταττόμενου.
3034 4476 3169 4528 Κατ’
3194 4476 3373 4528 ἐκεῖνο
3399 4474 3455 4527 δὲ
3479 4466 3646 4541 καιροῦ
3668 4462 3736 4516 καὶ

548 4569 938 4643 Symmachum
970 4585 1140 4625 vero:
1172 4568 1525 4624 Abstulerunt
1556 4569 1621 4623 ab
1649 4586 1805 4625 onere
1840 4569 2116 4624 humerum

542 4662 658 4731 ejus
682 4676 700 4715 :
724 4677 911 4714 manus
940 4660 1052 4725 eius
1084 4677 1116 4713 a
1144 4658 1363 4729 cophino
1390 4659 1624 4713 liberata:
1652 4668 1796 4715 sunt.
1827 4659 1962 4713 Nam
1991 4675 2116 4714 cum

545 4750 821 4807 Pharaoni
863 4753 1167 4814 servirent,
1201 4766 1264 4805 ac
1290 4753 1404 4805 luto
1437 4752 1808 4821 lateribusque
1846 4752 2118 4823 astringe-

546 4850 757 4907 rentur,
782 4842 1030 4897 civitates
1055 4841 1159 4911 ipsi
1180 4840 1536 4905 aadiiicantes,
1559 4848 1692 4895 tunc
1715 4855 1850 4896 sane
1869 4842 2121 4911 cophinis

550 4950 782 4999 manus,
813 4935 1075 4989 oneribus
1108 4933 1322 4988 humeri
1352 4930 1816 5003 defatigabantur.
1851 4932 2120 4987 Caeterum

548 5027 863 5082 visitatione
906 5025 1001 5081 Dei
1041 5024 1401 5087 adveniente,
1453 5024 1611 5079 liberi
1650 5038 1893 5079 evasere.
1941 5024 2122 5089 Quare

550 5119 669 5175 ait:
715 5117 939 5171 Divertit
982 5116 1048 5170 ab
1093 5116 1340 5170 oneribus
1367 5114 1587 5168 dorsum
1618 5114 1756 5184 ejus.
1807 5112 1942 5179 Quis
1993 5128 2121 5168 vero

550 5211 809 5275 divertit,
851 5210 957 5265 nisi
996 5209 1090 5280 qui
1132 5208 1383 5263 liberavit
1435 5222 1531 5263 eos
1570 5206 1765 5262 Deus?
1818 5205 1915 5260 llis
1955 5219 2122 5276 porro

551 5303 806 5375 dignatus
849 5316 945 5358 eos
979 5310 1096 5365 est,
1151 5300 1279 5369 quia
1323 5299 1378 5352 in
1420 5298 1773 5353 tribulatione
1815 5299 1991 5369 ipsum
2045 5296 2127 5349 in-

551 5396 836 5450 vocabant.
865 5433 868 5436 .
900 5392 1055 5459 Quod
1102 5392 1267 5447 etiam
1319 5388 1520 5459 Moysis
1553 5388 1837 5459 Scriptura
1882 5387 2124 5443 declarat

552 5486 742 5541 dicens
779 5504 793 5540 :
830 5483 898 5537 Et
954 5485 1315 5554 ingemuerunt
1381 5479 1483 5548 ﬁlii
1543 5477 1741 5543 Israel,
1807 5488 1857 5533 et
1916 5478 2123 5533 clama-

551 5588 733 5633 uerunt
768 5577 835 5631 ad
862 5574 1181 5637 Dominum,
1217 5580 1267 5626 et
1306 5570 1541 5626 ascendit
1581 5569 1785 5623 clamor
1825 5586 2007 5625 eorum
2052 5569 2121 5622 ad

624 5756 671 5788 '°
710 5752 730 5805 ι
761 5751 955 5809 Thess.
992 5769 1066 5818 tv,
1103 5751 1195 5809 15.
1269 5752 1313 5786 ⁹¹
1355 5750 1533 5807 lCor.
1566 5766 1655 5817 sv,
1691 5749 1779 5807 52.
1856 5752 1901 5783 θ’
1941 5748 1959 5801 l
1995 5748 2192 5805 Thess.
2232 5765 2305 5814 tv,
2340 5749 2423 5803 15.

2216 4569 2316 4638 τῆς
2357 4569 2486 4638 παρ’
2527 4567 2847 4636 Αἰγυπτίοις
2887 4565 3130 4629 δουλείας
3170 4582 3231 4618 τε
3282 4565 3379 4619 καὶ
3426 4553 3739 4616 κακοπαθείας

2218 4660 2624 4731 ἠλευθεροῦντο.
2641 4661 2730 4713 Διὸ
2749 4658 2865 4712 λὲλε
2872 4675 3019 4712 κταιο
3050 4658 3417 4726 Ἀπέστησεν
3429 4656 3541 4711 ἀπὸ
3554 4654 3740 4721 deatur

2218 4753 2326 4807 τὸν
2352 4750 2547 4805 νῶτον
2575 4750 2783 4805 αὐτοῦ’
2824 4754 2883 4804 al
2910 4751 3105 4820 χεῖρες
3134 4750 3322 4804 αὐτοῦ
3364 4750 3434 4803 ἐν
3457 4746 3531 4812 τῷ
3562 4744 3740 4812 κοφίνφ

2220 4843 2594 4897 ὲδούλευσαν
2615 4860 2628 4874 ·
2648 4842 2789 4897 κατὰ
2806 4842 2864 4895 δὲ
2891 4842 2983 4895 τὸν
3011 4842 3304 4912 Σύμμαχον
3323 4857 3339 4870 °
3365 4837 3635 4907 Παρεῖλον
3650 4826 3737 4885 ἀπὸ

2217 4934 2577 5003 ,βασταγμοῦ
2603 4934 2709 4987 τὸν
2744 4927 2905 5002 ὦμον
2935 4931 3142 4995 αὑτοῦ,
3169 4934 3227 4984 at
3247 4931 3439 5000 χεῷες
3476 4925 3641 4981 αὑτοῦ
3665 4936 3739 4972 κο·

2226 5026 2407 5095 φινου
2430 5024 3029 5093 ἀπηλλάγησαν.“οτε
3049 5022 3161 5094 γὰρ
3182 5022 3457 5075 ἐδούλευον
3480 5009 3737 5089 τῷῡαραὼι

2228 5114 2384 5186 πηλῷ
2408 5133 2467 5168 τε
2504 5115 2598 5169 καὶ
2638 5114 2885 5185 πλινθείᾳ
2915 5111 3355 5183 κατειργάζοντο,
3392 5103 3740 5176 οἰκοδομοῦντες

2228 5203 2374 5273 αὐτῷ
2404 5204 2502 5265 τὰς
2532 5202 2734 5266 πόλεις,
2755 5202 2817 5255 τὸ
2836 5202 3138 5274 τηνικαῦτα
3162 5201 3401 5271 κοφίνοις
3430 5200 3522 5270 μὲν
3554 5196 3637 5255 τὰς
3655 5189 3737 5259 χεῖ·

2230 5311 2349 5368 ρας,
2380 5294 2724 5365 βαστάγμασι
2757 5293 2813 5347 δὲ
2843 5294 2968 5357 τοὺς
3000 5292 3182 5364 ὤμους
3212 5288 3608 5347 κατεπονοῦντο.
3628 5278 3738 5345 Πλὴν

2229 5387 2363 5440 ἀλλὰ
2393 5385 2601 5439 τούτων
2622 5386 2879 5439 ἁπάντων
2896 5384 3167 5456 ἐλεύθεροι
3194 5384 3525 5454 κατέστησαν
3550 5377 3635 5445 τῆς
3652 5373 3739 5423 ἔπι·

2231 5478 2438 5547 σκοπῆς
2478 5478 2661 5540 αὐτοῖς
2694 5476 3010 5548 γενομένης.
3054 5476 3146 5529 Διό
3179 5492 3370 5546 φησιν’
3432 5469 3741 5531 Ἀπέστησεν

2229 5569 2353 5624 ἀπὸ
2388 5569 2619 5638 ἄρσεων
2641 5569 2749 5623 τὸν
2780 5568 2971 5623 νῶτον
3007 5568 3215 5624 αὑτοῦ.
3251 5568 3348 5632 Τίς
3375 5566 3433 5619 δὲ
3465 5560 3737 5625 ἀπέστησεν)

2500 5748 2546 5781 ³³
2586 5747 2753 5803 Matth
2812 5764 2962 5813 xxiv,
2997 5749 3082 5806 50.
