4004 6556
274 436 377 492 97ῗ

1395 436 1904 491 COMMENTARIA
1947 435 2011 490 IN
2050 432 2387 493 PSALMOS.

3410 426 3514 494 973

266 549 382 605 ἀλλ’
407 542 495 622 ἥδ
524 549 894 624 ἐλευθερώσας
914 553 1115 618 αὐτοὺς
1142 553 1304 619 Θεός;
1329 555 1545 610 Τούτων
1569 555 1627 609 δὲ
1654 556 1845 619 αὐτοὺς

1950 555 2119 610 Deum
2148 554 2213 611 ".
2259 554 2470 622 Quibus
2518 552 2721 609 accinit
2762 552 2865 609 hoc
2908 548 3112 606 dictum
3150 547 3230 604 sic
3260 547 3512 602 habens:

267 640 441 709 ἠξίου,
482 644 778 715 ἐπειδήπερ
806 646 865 697 ἐν
907 644 1082 715 θλίψει
1124 646 1287 700 αὑτὸν
1320 646 1713 701 ὲπεκαλοῦντο’
1750 649 1843 702 καὶ

267 733 429 785 τοῦτο
462 733 520 787 δὲ
547 735 580 805 ἡ
612 735 855 800 Μωσέως
884 737 1180 808 παρίστησι
1213 738 1402 810 Γραφὴ
1435 738 1669 807 λέγουσα
1688 757 1701 770 ·
1733 740 1843 794 Καὶ

270 823 721 889 κατεστέναξαν
767 830 823 881 οἱ
870 828 990 882 υἱοὶ
1045 829 1291 898 Ἰσραὴλ
1315 872 1329 895 ,
1371 832 1469 886 καὶ
1506 833 1848 900 ἀνεϐόησαν

270 914 423 982 πρὸς
471 918 721 985 Κύριον,
769 920 869 973 καὶ
917 920 1102 988 ἀνέϐη
1146 922 1269 990 ,βοὴ
1315 923 1514 978 αὐτῶν
1555 924 1705 992 πρὸς
1741 924 1848 979 τὸν

269 1004 441 1056 Θεόν.
470 1001 565 1068 Οἷς
590 1006 897 1071 ἀκολούθως
922 1009 1016 1062 καὶ
1040 1009 1099 1063 τὸ
1126 1013 1298 1083 παρόν
1332 1030 1465 1084 φησι
1493 1014 1676 1083 λόγιον
1701 1031 1711 1041 ·
1752 1017 1849 1069 Ἑν

266 1096 475 1163 θλίψει
506 1097 856 1153 ἐπεκαλέσω
888 1117 987 1169 με,
1030 1101 1127 1154 καὶ
1171 1103 1518 1175 ἐρρυσάμην
1548 1121 1621 1160 σε
1640 1122 1656 1137 ·
1704 1107 1849 1173 ἐπή-

268 1185 469 1239 κουσά
505 1202 621 1242 σου
652 1189 723 1241 ἐν
749 1190 1078 1259 ἀποκρύφῳ
1116 1194 1477 1263 καταιγίδος,
1520 1196 1850 1269 ἐδοκίμασά

269 1290 347 1327 σε
372 1275 469 1327 ἐπὶ
500 1276 719 1344 ὕδατος
738 1281 1105 1353 ἀντιλογίας.
1124 1282 1269 1335 Ἀντὶ
1292 1282 1348 1336 δὲ
1376 1285 1490 1338 τοῦ·
1510 1286 1851 1353 Ἐπήκουσά

267 1379 387 1419 σου
419 1367 491 1420 ἐν
547 1369 875 1441 ἀποκρύφῳ
937 1375 1297 1447 καταιγίδος,
1339 1380 1367 1431 ὁ
1428 1379 1527 1449 μὲν
1584 1380 1843 1444 Ἀκύλας

281 1460 629 1516 Ἐπακούσω
668 1478 786 1520 σου
829 1467 899 1521 ἐν
952 1469 1281 1539 ἀποκρύφῳ
1326 1471 1629 1540 ,βροντῆςσ
1679 1473 1773 1526 καὶ
1813 1474 1847 1544 ἡ

269 1551 496 1623 πέμπτη
523 1553 734 1619 ἔκδοσις
762 1557 979 1627 ὁμοίως.
1007 1560 1142 1613 Εἶτα
1174 1561 1415 1630 ἐπιλέγει
1434 1581 1448 1591 ·
1492 1562 1849 1631 Ἐδοκίμασά

266 1656 343 1696 σε
374 1642 472 1697 ἐπὶ
503 1643 723 1712 ὕδατος
754 1648 1116 1718 ἀντιλογίας.
1153 1653 1219 1704 Ὃ
1261 1650 1325 1722 δὴ
1357 1653 1452 1705 καὶ
1490 1652 1623 1706 αὐτὸ
1661 1652 1848 1723 σαφῶς

268 1735 304 1805 ἠ
339 1736 582 1801 Μωσέως
614 1740 910 1811 παρίστησι
943 1742 1134 1814 Γραφὴ
1184 1742 1444 1812 λέγουσα’
1493 1747 1615 1799 οὐκ
1661 1742 1740 1815 ἦν
1780 1744 1850 1798 δὲ

268 1826 426 1896 ὕδωρ
454 1829 611 1883 πιεῖν
641 1830 720 1897 τῷ
754 1831 899 1898 λαῷ·
940 1834 1039 1888 καὶ
1069 1835 1425 1904 ἐλοιδορεῖτο
1455 1841 1488 1892 ὁ
1516 1837 1664 1905 λαός
1697 1837 1850 1906 πρὸς

1944 679 2010 689 —
2033 648 2222 718 (Vens.
2257 648 2336 715 8.)
2360 646 2424 700 In
2466 644 2807 700 tribulatione
2835 641 3207 706 invocastime,
3238 649 3287 693 et
3301 638 3517 692 liberavi

1949 750 2027 803 te,
2057 738 2303 794 exaudiui
2332 747 2378 792 te
2406 738 2460 791 in
2494 736 2802 791 abscondito
2831 732 3186 803 tempestatis,
3219 728 3434 799 probavi
3466 734 3516 782 te

1948 831 2088 901 apud
2118 848 2309 905 aquam
2340 828 2793 883 contradictionis.
2824 826 2932 881 Pro
2963 824 3054 879 illo
3086 834 3300 877 autem:
3333 818 3516 873 Exaup

1947 923 2055 978 divi
2086 931 2133 978 te
2163 924 2218 977 in
2246 920 2554 978 abscondito
2585 920 2910 989 tempestatis
2933 959 2948 982 ,
2977 916 3175 987 Aquila
3203 914 3284 969 sic
3309 911 3471 967 habet
3496 929 3514 969 :

1951 1015 2251 1070 Exaudiant
2278 1024 2324 1069 te
2359 1016 2415 1069 in
2443 1013 2748 1068 abscondito
2773 1011 2991 1066 tonitrui
3012 1051 3025 1073 ,
3049 1019 3103 1064 et
3132 1007 3322 1078 quinta
3349 1005 3516 1061 editio

1949 1108 2218 1163 similiter.
2261 1105 2465 1162 Deinde
2500 1106 2685 1160 subdit
2735 1124 2749 1158 :
2803 1102 3033 1158 Probavi
3064 1109 3109 1154 te
3144 1098 3283 1169 apud
3322 1113 3510 1166 aquam

1946 1199 2407 1254 contradictionis.
2439 1196 2591 1263 Quod
2620 1197 2797 1267 ipsum
2830 1195 2979 1249 clare
3003 1190 3204 1263 Moysis
3231 1188 3517 1259 Scriptura

1947 1299 2167 1347 enarrat
2195 1284 2283 1345 his
2309 1289 2493 1345 verbis
2517 1307 2531 1343 :
2566 1286 2691 1342 Non
2716 1295 2833 1342 erat
2860 1294 3035 1339 autem
3064 1301 3201 1354 aqua
3233 1282 3301 1336 ad
3340 1280 3517 1335 biben-

1948 1382 2074 1435 dum
2112 1380 2348 1451 populo:
2380 1390 2431 1435 et
2462 1381 2711 1450 jurgatus
2745 1387 2822 1432 est
2871 1379 3096 1447 populus
3136 1383 3320 1429 contra
3364 1371 3519 1442 Moy-

1948 1492 2055 1529 sem
2086 1473 2265 1529 dicens
2292 1492 2304 1527 :
2328 1472 2425 1527 Da
2446 1474 2594 1526 nobis
2635 1488 2849 1541 aquam,
2883 1480 2940 1523 ut
2972 1469 3235 1523 bibamus.
3269 1466 3368 1520 Ille
3396 1481 3516 1519 vero

1948 1565 2151 1620 dicebat
2182 1581 2202 1619 :
2225 1565 2401 1633 Quare
2426 1563 2722 1636 jurgamini
2759 1578 2994 1627 mecum,
3028 1570 3120 1614 aut
3163 1576 3258 1613 cur
3304 1556 3518 1611 tentatis

1949 1657 2234 1711 Dominum
2261 1656 2343 1709 "‘l
2369 1653 2565 1710 Postea
2595 1669 2761 1708 vero:
2792 1652 2942 1706 Dixit
2968 1650 3177 1721 Moyses
3210 1648 3280 1707 ad
3326 1646 3517 1701 Domi-

1952 1764 2070 1801 num
2089 1761 2113 1802 :
2144 1746 2283 1812 Quid
2320 1744 2515 1811 faciam
2548 1743 2741 1814 popqu
2773 1743 2941 1798 huic?
2967 1756 3155 1810 parum
3192 1738 3360 1792 aberit
3389 1736 3516 1807 quin

1954 1838 2188 1907 lapident
2217 1853 2318 1891 me.
2351 1834 2552 1890 Deinde
2581 1836 2656 1888 ait
2687 1833 2945 1888 Dominus
2975 1832 3043 1885 ad
3091 1846 3209 1886 eum
3236 1846 3254 1883 :
3284 1827 3387 1881 Hic
3423 1844 3516 1898 ego

266 1918 517 1988 Μωσῆν,
536 1920 633 1976 καὶ
657 1920 888 1991 ἔλεγον·
908 1923 1020 1990 Δὸς
1036 1924 1180 1993 ἡμῖν
1194 1924 1372 1995 ὕδωρ,
1395 1926 1496 1981 ἵνα
1515 1928 1763 1997 πίωμεν.
1794 1927 1845 1979 '0

1951 1943 2033 1988 sto
2064 1941 2185 1986 ante
2214 1940 2262 1985 te
2288 1932 2343 1984 in
2366 1940 2516 1999 petra
2537 1930 2595 1983 in
2619 1928 2843 1984 Choreb.
2873 1926 2936 1981 Et
2962 1925 3252 1994 percutiam
3278 1931 3514 1990 petram,

264 2007 337 2062 δὲ
368 2009 561 2081 ἔλεγε*
583 2013 653 2080 ,Τί
675 2012 1047 2082 λοιδορεῖσθέ
1072 2033 1197 2085 μοι,
1223 2015 1261 2085 ἢ
1290 2017 1344 2070 τί
1392 2017 1691 2087 πειράζετε
1731 2020 1848 2073 Κύ-

254 2118 434 2169 ριον;
460 2103 568 2157 Καὶ
600 2104 749 2175 ἑξῆς
780 2103 928 2161 Εἷπε
957 2107 1182 2178 Μωσῆς
1214 2108 1364 2179 πρὸς
1386 2112 1604 2179 Κύριον
1624 2111 1848 2181 λέγων’

272 2192 337 2245 Tt
365 2194 597 2260 ποίησω
622 2194 704 2259 τῷ
738 2194 866 2261 λαῷ
893 2198 1081 2262 τούτῳ
1095 2214 1113 2262 ;
1133 2200 1221 2253 ἔτι
1239 2199 1478 2268 μικρὸν,
1500 2198 1599 2252 καὶ
1617 2201 1850 2253 λιθοϐο-

262 2279 545 2348 λήσουσί
572 2303 669 2354 με.
714 2283 839 2341 Εἴθ’
873 2291 906 2343 ό
942 2290 1161 2357 Κύριος
1202 2291 1352 2359 πρὸς
1381 2291 1567 2345 αὐτόν
1622 2306 1847 2360 φησιν·

262 2368 411 2427 *Οδε
436 2374 553 2442 ἐγὼ
572 2375 802 2445 ἕστηκα
833 2378 946 2446 πρὸ
976 2379 1085 2433 τοῦ
1112 2380 1187 2434 σὲ
1209 2381 1353 2445 ἐκεῖ,
1370 2380 1471 2433 ἐπὶ
1500 2380 1610 2450 τῆς
1631 2381 1853 2449 πέτρας

263 2464 339 2519 ἐν
361 2464 587 2533 Χωρήϐ.
618 2467 728 2520 Καὶ
760 2468 1003 2533 πατάξω
1046 2469 1160 2538 τὴν
1183 2470 1428 2539 πέτραν,
1465 2473 1564 2525 καὶ
1604 2471 1846 2537 ἐξελεύ-

262 2567 437 2606 σεται
460 2552 637 2623 ὕδωρ,
667 2554 766 2609 καὶ
793 2558 989 2611 πίεται
1022 2561 1055 2613 ό
1082 2561 1255 2626 λαός.
1286 2561 1393 2614 Kal
1419 2560 1705 2629 ἐποίησεν
1743 2562 1846 2615 οὕ-

266 2661 383 2710 τως
413 2646 661 2714 Μωσῆς.
700 2650 807 2703 Καὶ
837 2650 1191 2722 ἐπωνόμασε
1223 2652 1289 2707 τὸ
1320 2652 1509 2724 ὄνομα
1532 2652 1638 2709 τοῦ
1658 2657 1846 2709 τόπου

263 2735 505 2792 ἐκείνου
540 2742 877 2808 Πειρασμὸς
909 2742 1009 2797 καὶ
1036 2744 1410 2813 Λοιδόρησις,
1442 2746 1542 2800 διὰ
1569 2748 1687 2814 τὴν
1718 2749 1845 2800 λοι-

264 2826 478 2897 δορίαν
498 2829 616 2883 τῶν
644 2831 793 2886 υἱῶν
838 2833 1108 2902 Ἰσραὴλ,
1143 2837 1243 2890 καὶ
1283 2836 1381 2891 διὰ
1420 2838 1527 2892 τοῦ
1557 2836 1853 2907 πειράζειν

263 2922 491 2989 αὐτοὺς
513 2925 751 2991 Κύριον,
767 2924 1078 2995 λέγοντας-ο
1104 2929 1173 2981 El
1194 2927 1325 2981 ἔστι
1344 2930 1557 2997 Κύριος
1584 2930 1654 2983 ἐν
1677 2930 1843 3000 ἡμῖν,

265 3014 308 3083 ἢ
348 3016 451 3080 οὕ;
492 3016 680 3070 Ταῦτα
713 3017 891 3072 πάντα
912 3018 1006 3071 τὸν
1050 3020 1110 3086 ἐξ
1155 3018 1323 3072 ἐθνῶν
1355 3019 1482 3074 λαὸν
1524 3022 1763 3076 διδάσκει
1810 3025 1845 3097 ἠ

269 3107 412 3177 μετὰ
438 3110 625 3180 χεῖρας
647 3109 976 3181 προφητεία,
999 3110 1075 3174 ὼς
1101 3110 1167 3165 ἂν
1201 3111 1391 3182 μάθοιο
1420 3113 1587 3167 ποίων
1608 3114 1795 3186 ἔτυχεν
1816 3117 1847 3169 δ

265 3199 488 3271 πρῶτος
531 3200 679 3265 λαὸς,
715 3202 810 3255 καὶ
843 3204 922 3265 εἰς
951 3196 1065 3256 οἷον
1114 3203 1338 3275 ἐλήλυθε
1375 3206 1547 3270 τέλος,
1582 3208 1845 3279 σωφρονί-

266 3289 416 3353 ζοιτό
440 3307 497 3342 τε
526 3291 591 3344 ὲκ
620 3290 716 3344 τοῦ
742 3292 1198 3364 παραδείγματος.
1223 3294 1314 3348 Διὸ
1342 3299 1454 3360 τοῖς
1474 3297 1843 3369 προλεχθεῖσιν

266 3381 627 3436 ἐπισυνάπτει
656 3382 722 3437 τὰ
780 3383 907 3455 ἑξῆς
968 3384 1305 3454 ἀναγκαίως,
1353 3387 1412 3440 ὲν
1460 3382 1543 3451 οἷς
1595 3388 1842 3461 εἴρηται-

270 3473 595 3539 Ἄκουσον,
639 3477 792 3541 λαός
830 3494 949 3545 μου
967 3518 986 3543 ,
1030 3478 1127 3532 καὶ
1170 3477 1671 3549 διαμαρτυροῦμαι
1704 3496 1801 3534 σοι
1825 3497 1841 3513 θ

280 3564 554 3633 Ἰσραὴλ,
596 3566 707 3620 ἐὰν
744 3568 1020 3637 ἀκούσῃς
1058 3587 1199 3638 μου,
1226 3572 1336 3624 οὐκ
1367 3569 1539 3624 ἔσται
1576 3586 1676 3625 σοι
1703 3572 1845 3639 Θεὸς

264 3655 639 3723 πρόσφατος,
686 3655 827 3711 οὐδὲ
871 3659 1324 3730 προσκυνήσεις
1363 3660 1485 3728 Θεῷ
1527 3662 1841 3731 ἀλλοτρίῳ.

278 3744 425 3813 Ἐγὼ
452 3745 564 3814 γάρ
594 3748 709 3815 εἰμι
740 3748 954 3815 Κύριος
981 3752 1014 3803 ό
1037 3751 1180 3816 Θεός
1216 3765 1332 3805 σου
1360 3754 1393 3805 ὁ
1425 3751 1736 3821 ἀναγαγών
1770 3770 1844 3807 σε

263 3835 338 3888 ἐκ
368 3834 484 3904 γῆς
516 3838 820 3907 Αἰγύπτου
840 3853 853 3867 ·
900 3840 1213 3895 πλάτυνον
1247 3842 1315 3896 τὸ
1352 3846 1546 3913 στόμα
1569 3861 1707 3911 σου,
1746 3847 1845 3901 καὶ

264 3926 570 3994 πληρὼσω
592 3929 757 3981 αὐτό.
782 3931 892 3983 Kal
922 3932 1032 3985 οὐκ
1061 3932 1331 4000 ἤκουσεν
1355 3937 1389 3988 ό
1411 3937 1559 4003 λαός
1590 3955 1708 4007 μου
1734 3938 1843 4007 τῆς

265 4018 477 4089 φωνῆς
508 4039 649 4089 μου,
678 4022 777 4076 καὶ
835 4024 1082 4091 Ἰσραὴλ
1119 4028 1189 4080 οὐ
1242 4028 1550 4097 προσέσχε
1580 4049 1702 4099 μοι.
1733 4034 1842 4087 Kal

262 4110 669 4175 ἐξαπέστειλα
712 4114 934 4180 αὐτοὺς
966 4117 1116 4170 κατὰ
1160 4117 1231 4171 τὰ
1268 4118 1698 4190 ἐπιτηδεύματα
1726 4122 1845 4177 τῶν

266 4201 530 4272 καρδιῶν
554 4205 770 4259 αὐτῶνο
800 4208 1193 4275 πορεύσονται
1215 4210 1285 4264 ἐν
1314 4211 1437 4278 τοῖς
1460 4214 1846 4286 ἐπιτηδεύμα-

262 4311 377 4350 σιν
397 4295 614 4350 αὺτῶν.
639 4298 719 4351 Τὰ
745 4299 840 4369 μὲν
870 4302 1001 4371 παρ’
1027 4301 1181 4371 ἐμοῦ,
1216 4302 1370 4375 φησὶ,
1403 4304 1748 4378 δεδωρημένα
1765 4308 1845 4380 τῷ

263 4388 383 4459 λαῷ
411 4388 637 4443 τοιαῦτα
672 4386 741 4462 ἦν
762 4433 775 4457 ,
808 4392 965 4445 ὁποῖα
997 4393 1272 4465 διεξῆλθεν
1309 4399 1339 4449 ὁ
1379 4396 1568 4465 λόγος·
1608 4398 1678 4452 τὰ
1712 4400 1754 4451 δ’
1784 4400 1845 4465 ἐξ

264 4478 449 4533 αὐτῶν
478 4482 556 4544 είς
591 4482 691 4553 ἐμὲ
724 4483 820 4553 οὑχ
849 4485 1031 4555 ὃμοια,
1064 4486 1184 4539 οὐδὲ
1214 4484 1340 4551 ἄξια
1382 4479 1455 4541 ὧν
1482 4488 1669 4559 ἔτυχον
1711 4493 1842 4561 παρ’

1948 2033 1999 2080 et
2026 2022 2190 2079 exibit
2221 2039 2381 2092 aqua,
2412 2032 2458 2076 et
2494 2020 2631 2075 bibet
2660 2021 2902 2089 populus.
2932 2017 2999 2071 Et
3032 2017 3153 2086 fecit
3172 2017 3246 2069 ita
3279 2012 3510 2083 Moyses.

1950 2115 2022 2169 Et
2049 2113 2246 2168 vocavit
2272 2128 2456 2165 nomen
2491 2111 2592 2164 loci
2617 2110 2782 2175 illius,
2799 2108 3160 2163 Tentationem
3180 2102 3512 2171 etJurgtum,

1946 2213 2158 2273 propter
2185 2202 2429 2272 jurgium
2459 2201 2691 2260 ﬁliorum
2743 2198 2955 2265 Israel,
3010 2208 3059 2252 et
3111 2196 3237 2267 quia
3287 2194 3517 2249 terl‘tave-

1947 2304 2071 2349 runt
2109 2294 2388 2348 Dominum
2420 2293 2691 2346 dicentes:
2724 2291 2802 2343 An
2836 2298 2915 2343 est
2952 2287 3209 2341 Dominus
3240 2286 3295 2339 in
3342 2283 3513 2347 nobis,

1944 2401 2105 2439 necne
2134 2382 2220 2423 ⁸⁸⁸)
2247 2380 2372 2436 Haec
2403 2381 2720 2451 universum
2750 2394 2817 2433 ex
2842 2377 3094 2448 gentibus
3120 2373 3380 2445 populum
3414 2371 3517 2426 do-

1945 2484 2032 2532 cet
2088 2488 2329 2545 praesens
2378 2471 2697 2543 prophetia,
2732 2476 2793 2523 ut
2837 2468 3018 2524 sciant
3056 2481 3177 2538 qua:
3220 2464 3400 2537 prisco
3437 2461 3517 2518 illi

1945 2566 2147 2638 populo
2176 2564 2495 2631 acciderint,
2519 2571 2574 2619 et
2602 2562 2695 2634 qui
2726 2560 2851 2617 linis
2881 2559 3003 2631 ejus
3027 2559 3225 2623 fuerit;
3257 2564 3422 2627 atque
3447 2570 3513 2610 ex

1942 2658 2064 2727 ejus
2089 2655 2339 2726 exemplo
2365 2655 2432 2709 ad
2461 2653 2732 2709 cautelam
2758 2660 3003 2705 vocetur.
3038 2647 3218 2716 Quare
3240 2645 3516 2717 praedictis

1946 2748 2061 2803 haec
2098 2762 2220 2819 qua:
2254 2755 2561 2817 sequuntur
2607 2742 2921 2799 necessario
2961 2740 3149 2811 adjicit
3179 2758 3193 2792 :
3221 2769 3293 2780 —
3347 2736 3513 2794 Vsus.

1946 2838 2104 2895 9-15.
2148 2839 2312 2902 Audi,
2347 2838 2569 2907 populus
2587 2852 2752 2900 meus,
2770 2830 3512 2903 ettestiﬁcabortibidsrael,

1945 2932 1993 2986 si
2022 2932 2257 2986 audieris
2285 2948 2386 2999 me,
2411 2948 2511 2985 non
2538 2932 2637 2985 erit
2667 2932 2722 2985 in
2745 2941 2792 2985 te
2809 2928 2949 2984 Deus
2967 2943 3165 2993 recens,
3192 2940 3350 2997 neque
3378 2924 3513 2977 ado-

1945 3026 2091 3080 rabis
2121 3024 2291 3078 Deum
2318 3022 2570 3077 alienum.
2604 3022 2718 3092 Ego
2754 3022 2892 3076 enim
2939 3037 3056 3075 sum
3084 3018 3342 3072 Dominus
3374 3014 3514 3069 Deus

1945 3116 2191 3186 tuus,qui
2216 3114 2379 3169 eduxi
2398 3122 2445 3167 te
2461 3114 2523 3167 de
2549 3122 2691 3167 terra
2712 3110 2964 3182 Egypti;
2983 3109 3157 3163 dilata
3181 3124 3239 3161 os
3267 3114 3437 3173 tuum,
3464 3116 3515 3159 et

1946 3209 2171 3279 implebo
2196 3206 2356 3261 illud.
2390 3205 2461 3260 Et
2511 3220 2614 3259 non
2662 3204 2865 3258 audivit
2896 3201 3120 3272 populus
3148 3215 3291 3254 meus
3342 3214 3517 3254 uocem

1946 3320 2138 3369 meam,
2161 3311 2211 3357 et
2243 3299 2416 3354 Israel
2442 3314 2545 3353 non
2583 3297 2811 3351 intendit
2841 3296 2992 3349 milii.
3034 3292 3103 3347 Et
3124 3293 3305 3347 dimisi
3322 3307 3409 3345 eos
3434 3307 3517 3344 se-

1943 3395 2176 3449 cundum
2209 3392 2476 3448 desideria
2499 3390 2670 3447 cordis
2696 3404 2908 3454 eorum;
2934 3387 3081 3441 ibunt
3104 3386 3157 3440 in
3187 3384 3515 3439 adinventio-

1943 3486 2097 3542 nibus
2122 3487 2255 3540 suis.
2286 3484 2441 3540 Talia
2472 3489 2650 3545 erant.
2684 3481 2885 3552 inquit,
2930 3494 3158 3534 munera
3198 3478 3398 3549 populo
3419 3491 3517 3547 per

1944 3593 2033 3633 me
2058 3578 2282 3641 collata,
2303 3576 2484 3647 qualia
2511 3588 2695 3631 sermo
2741 3571 3040 3628 enarravit.
3070 3570 3176 3625 Sed
3200 3585 3322 3640 quae
3351 3568 3405 3622 in
3431 3583 3518 3623 me

1945 3671 2051 3741 ipsi
2079 3683 2360 3740 peregere,
2383 3682 2495 3722 non
2529 3664 2751 3728 similia,
2801 3679 2980 3734 neque
3024 3663 3187 3732 digna
3237 3661 3307 3715 iis
3357 3666 3519 3715 erant

1944 3777 2066 3834 quae
2094 3775 2124 3814 a
2152 3776 2239 3815 me
2272 3756 2559 3814 consecuti
2588 3762 2737 3812 sunt.
2768 3752 3047 3825 Siquidem
3070 3768 3171 3823 ego
3206 3760 3287 3807 tot
3334 3759 3518 3806 tanto-

1944 3868 2177 3924 rumque
2208 3852 2346 3923 ipsis
2377 3852 2603 3922 largitor
2659 3852 2948 3912 bonorum,
2984 3848 3087 3903 hoc
3117 3860 3286 3901 unum
3313 3844 3382 3898 ab
3435 3844 3518 3901 eis

1943 3952 2228 4016 expetens,
2266 3944 2411 4013 quod
2448 3958 2582 3999 sane
2624 3944 2801 4013 legum
2852 3954 3063 3996 summa
3112 3945 3167 3993 et
3215 3944 3380 4008 caput
3408 3944 3515 4002 est,

1945 4046 2006 4092 ut
2030 4052 2137 4091 non
2161 4036 2324 4101 idola,
2343 4036 2438 4091 sed
2464 4050 2550 4091 me
2580 4035 2756 4091 solum
2780 4032 2949 4088 Deum
2972 4032 3233 4095 colerent,
3259 4027 3514 4100 praecepi,

1946 4124 2032 4179 his
2065 4122 2190 4177 illos
2220 4135 2574 4177 commoneas
2604 4119 2813 4175 verbis:
2834 4118 2997 4181 Audi,
3022 4114 3245 4186 populus
3275 4129 3440 4181 meus,
3463 4122 3516 4167 et

1946 4214 2269 4285 testiﬁcabor
2301 4215 2396 4267 tibi
2424 4227 2445 4267 :
2472 4211 2670 4279 Israel,
2693 4213 2739 4265 si
2767 4210 3000 4265 audieris
3040 4225 3140 4273 me,
3189 4222 3293 4261 non
3325 4207 3425 4260 erit
3456 4206 3513 4257 in

1947 4319 1995 4363 te
2032 4307 2171 4362 Deus
2197 4323 2394 4374 recens,
2427 4322 2589 4376 neque
2616 4303 2866 4358 adorabis
2916 4302 3084 4356 Deum
3115 4299 3367 4353 alienum.
3401 4295 3515 4366 Ego

1943 4402 2080 4456 enim
2104 4417 2220 4454 sum
2244 4399 2501 4453 Dominus
2538 4397 2677 4451 Deus
2715 4405 2857 4458 tuus,
2889 4396 2979 4465 qui
3003 4393 3160 4447 eduxi
3189 4401 3236 4445 te
3256 4392 3320 4444 de
3372 4399 3517 4443 terra

1945 4492 2188 4562 Egypti.
2220 4490 2347 4545 Hanc
2376 4489 2584 4553 monui,
2620 4488 2736 4543 haec
2782 4486 3017 4558 praecepi
3050 4501 3063 4535 :
3096 4485 3211 4537 haec
3261 4490 3380 4535 erat
3426 4486 3514 4533 to-

262 4570 427 4642 ἐμοῦ.
467 4571 609 4640 Ἐγὼ
649 4574 746 4644 μὲν
774 4574 882 4646 γὰρ
905 4578 933 4628 ὁ
956 4576 1063 4629 τῶν
1094 4578 1364 4633 τοσούτων
1397 4579 1580 4644 αὐτοῖς
1606 4582 1843 4653 χορηγὸς

1948 4584 2058 4639 tius
2092 4582 2227 4654 legis
2255 4596 2389 4637 mea:
2421 4595 2574 4635 mens
2597 4586 2651 4634 et
2698 4576 2991 4633 sententia.
3043 4566 3338 4641 Praeceptis
3384 4581 3518 4624 vero

263 4660 512 4729 ἀγαθῶν,
530 4661 590 4716 ἓν
612 4662 758 4716 τοῦτ’
785 4666 1065 4731 αὑτοῖς,τδ
1082 4667 1147 4739 δὴ
1174 4669 1283 4723 τῶν
1317 4670 1494 4740 νόμων
1525 4672 1840 4741 κεφάλαιον,

260 4752 413 4822 λέγω
437 4752 495 4806 δὲ
522 4753 582 4806 τὸ
605 4754 679 4825 μὴ
706 4754 1130 4829 είδωλολατρεῖν,
1161 4759 1261 4830 ἐμὲ
1278 4760 1334 4813 δὲ
1364 4762 1522 4833 μόνον
1548 4762 1680 4817 Θεὸν
1709 4765 1845 4818 είδέ-

254 4864 377 4913 ναι,
410 4846 918 4920 παρεκελευσάμην,
947 4849 1087 4903 αὐτὰ
1117 4851 1181 4923 δὴ
1213 4852 1385 4907 ταῦτα
1424 4857 1707 4927 παραινῶν
1752 4858 1845 4911 καὶ

263 4938 465 5005 λέγων·
505 4940 818 5005 Ἄκουσον,
848 4943 998 5007 λαός
1026 4960 1166 5011 μου,
1210 4946 1308 4999 καὶ
1340 4945 1847 5018 διαμαρτυροῦμαι

262 5044 367 5081 σοι
386 5046 401 5059 ·
447 5028 706 5097 Ἰσραὴλ,
736 5030 844 5085 ἐὰν
868 5033 1139 5102 ἀκούσῃς
1154 5052 1295 5103 μου,
1320 5038 1430 5091 οὐκ
1447 5037 1616 5091 ἔσται
1641 5039 1713 5092 ἐν
1739 5040 1839 5093 σοὶ

266 5122 415 5186 Θεὸς
444 5122 811 5190 πρόσφατος,
840 5124 984 5178 οὐδὲ
1021 5127 1471 5195 προσκυνήσεις
1497 5127 1619 5194 Θεῷ
1652 5130 1839 5184 ἀλλο-

262 5214 440 5282 τρίᾳν
463 5213 579 5283 ἐγὼ
607 5214 718 5284 γάρ
754 5218 870 5285 εἶμι
902 5219 1115 5286 Κύριος
1146 5223 1180 5273 ό
1215 5222 1360 5288 Θεός
1404 5236 1520 5276 σου
1545 5225 1580 5276 ό
1616 5224 1839 5292 ἀναγα-

261 5303 388 5372 γών
421 5318 495 5358 σε
517 5304 586 5358 ἐκ
615 5304 728 5376 γῆς
752 5308 1073 5378 Αἰγύπτου.
1115 5312 1299 5365 Ταῦτα
1331 5312 1626 5383 παρῄνουν,
1668 5314 1841 5368 ταῦτα

256 5395 743 5468 παρεκελευόμην,
787 5398 959 5453 ταῦτα
982 5403 1010 5453 ὁ
1056 5403 1163 5465 πᾶς
1199 5403 1297 5473 τῆς
1352 5403 1492 5473 ἐμῆς
1526 5405 1844 5475 νομοθεσίας

265 5485 521 5541 ἐϐούλετο
547 5488 692 5553 νοῦς.
723 5491 971 5562 Συνῆπτὸ
996 5510 1055 5545 τε
1082 5496 1195 5557 τοῖς
1224 5495 1675 5566 παραγγέλμασιν
1706 5498 1842 5566 ἀγα-

266 5576 376 5629 θῶν
399 5579 719 5647 ὲπαγγελία,
747 5581 815 5635 δι’
835 5574 910 5636 ῶν
931 5581 1167 5651 ἔφασκον
1188 5599 1200 5614 ο
1225 5583 1544 5639 Πλάτυνον
1564 5585 1629 5639 τὸ
1648 5590 1842 5657 στόμα

264 5684 405 5735 σου,
437 5669 536 5723 καὶ
573 5673 871 5741 πληρώσω
897 5676 1064 5730 αὐτό.
1096 5676 1159 5729 Εἰ
1198 5676 1309 5748 γὰρ
1345 5676 1517 5731 ταῦτα
1554 5678 1836 5747 φυλάξετε,

345 5852 389 5884 ⁸⁸
430 5851 598 5906 mod.
643 5869 702 5919 ιι,
733 5854 823 5908 22.
902 5856 946 5887 ⁸⁸
984 5853 1153 5911 Exod.
1191 5874 1321 5927 xvn,
1366 5860 1413 5913 Ι.
1488 5859 1533 5889 ⁹⁶
1572 5856 1701 5911 ibid.
1741 5859 1795 5913 4.

1947 4675 2219 4731 bonorum
2272 4672 2565 4743 promissio
2608 4668 3005 4739 copulabatur,
3047 4679 3174 4720 cum
3229 4662 3512 4716 dicerem:

1946 4765 2132 4820 Dilata
2164 4782 2221 4819 os
2248 4775 2418 4828 tuum,
2446 4773 2497 4818 et
2524 4762 2748 4830 implebo
2780 4760 2938 4813 illud.
2979 4756 3115 4812 Nam
3167 4756 3281 4809 btec
3313 4753 3358 4807 si
3392 4767 3515 4807 ser-

1945 4858 2106 4923 vetis,
2142 4855 2343 4910 all'atim
2378 4855 2724 4925 ubertimque
2747 4852 2852 4906 cibi
2884 4850 3040 4905 vobis
3086 4844 3514 4918 suppeditabun-

1946 4958 2057 5014 tur,
2090 4948 2204 5005 sive
2228 4946 2499 5017 corporei,
2532 4946 2649 5000 sive
2681 4946 2718 4999 ii
2743 4943 2838 5014 qui
2879 4957 2977 5013 per
3007 4941 3219 4995 divinas
3268 4937 3516 5008 discipli-

1947 5057 2049 5097 nas
2075 5041 2271 5094 animte
2300 5037 2810 5094 subministrantur.
2844 5033 2958 5104 Ego
3007 5031 3227 5103 quidem
3256 5030 3371 5084 haec
3398 5044 3515 5083 mo-

1948 5132 2164 5196 nebam,
2198 5131 2314 5186 haec
2334 5128 2752 5201 promittebam;
2790 5126 2867 5181 illi
2903 5135 3083 5180 autem
3116 5138 3306 5177 vocem
3336 5136 3513 5176 meam

1948 5239 2057 5279 non
2090 5222 2380 5277 audierunt
2412 5240 2425 5275 :
2457 5220 2711 5283 etlsrael,
2740 5219 2831 5289 qui
2855 5216 3022 5273 tantis
3050 5213 3328 5270 beneﬁciis
3350 5225 3515 5266 orna-

1947 5322 2038 5370 tus
2070 5322 2175 5381 est,
2232 5330 2342 5368 non
2389 5311 2621 5367 intendit
2672 5310 2844 5364 mihi:
2878 5308 3000 5363 ideo
3041 5307 3165 5375 jure
3208 5303 3388 5357 dimisi
3425 5317 3510 5354 eos

1950 5406 2236 5461 secundum
2278 5405 2543 5459 desideria
2590 5402 2762 5457 cordis
2799 5416 2998 5455 eorum.
3049 5398 3155 5451 Pro
3208 5410 3316 5465 quo
3356 5391 3514 5463 Sym—

1948 5494 2179 5548 machus
2207 5494 2597 5564 interpretatus
2623 5500 2747 5548 est:
2787 5489 2910 5544 Non
2942 5488 3144 5542 audivit
3204 5493 3375 5537 autem
3413 5498 3510 5552 po-

1946 5586 2103 5655 pulus
2129 5601 2272 5639 meus
2296 5602 2468 5639 vocem
2490 5601 2681 5651 meam,
2730 5592 2778 5637 et
2812 5581 2979 5636 Israel
3004 5596 3105 5632 non
3138 5573 3511 5645 obtemperavit

1948 5680 2093 5735 mihi.
2136 5678 2331 5734 Dimisi
2368 5695 2490 5749 ergo
2539 5678 2662 5733 illos
2706 5675 3026 5746 beneplacito
3073 5671 3246 5727 cordis
3292 5668 3399 5732 sui,
3451 5674 3509 5720 ut
