4004 6534
480 395 586 471 979

1176 397 1447 454 EUSEBII
1483 396 1967 453 CASSARIENSIS
2009 396 2160 454 OPP.
2203 394 2389 453 PARS
2427 396 2519 456 Ill.
2543 397 3042 456 —EXEGETICA.

3639 401 3742 456 980

480 509 751 566 ambulent
782 511 833 566 in
869 513 1107 566 consiliis
1138 515 1272 568 suis.
1329 513 1468 569 Hinc
1498 511 1717 569 divinus
1769 513 2065 583 Apostolus

2202 513 2483 578 uomit-tto;
2506 514 2657 582 ἕξετε
2681 516 2775 570 καὶ
2795 513 3239 588 πεπληρωμένως
3264 513 3363 580 τὰς
3381 516 3609 588 τροφὰς,
3635 517 3744 570 εἴτε

481 603 551 659 de
585 605 913 674 quibusdam
941 605 1099 661 docet
1137 623 1149 657 :
1190 605 1420 676 Propter
1471 608 1612 678 quod
1667 606 1891 660 tradidit
1943 607 2063 660 illos

489 693 627 749 Deus
659 697 714 749 in
747 696 1011 751 desideria
1042 697 1217 753 cordis
1247 716 1430 754 eorum
1465 700 1530 754 ⁸⁷.
1558 698 1665 754 Pro
1714 699 1806 754 illo
1858 707 2062 762 autem,

489 786 611 841 Non
637 790 738 843 erit
762 789 816 842 in
843 798 892 843 te
913 789 1054 846 Deus
1089 809 1306 846 recens:
1339 792 1558 861 Aquila,
1617 791 1741 846 Non
1784 793 1882 847 erit
1932 795 1987 846 in
2020 801 2067 846 te

485 880 640 949 fortis
661 879 905 947 alienus;
931 881 1293 954 Symmachus
1321 900 1448 938 vero
1476 903 1487 937 :
1512 883 1634 938 Non
1661 885 1729 938 sit
1762 886 1816 938 in
1847 897 1896 939 te
1929 886 2066 940 Deus

483 983 764 1028 extraneas
803 1016 820 1040 ,
877 978 1219 1045 interpretati
1272 985 1401 1032 sunt
1467 976 1801 1033 Extraneum
1833 987 2014 1034 autem
2053 998 2064 1032 :

485 1065 725 1120 alienum
753 1076 807 1122 et
840 1077 1118 1122 recentem
1149 1067 1341 1134 Deum,
1379 1072 1472 1139 qui
1523 1070 1648 1124 talis
1679 1069 1824 1140 apud
1880 1078 2070 1140 gentes

488 1156 628 1213 falso
677 1166 1002 1230 reputatur,
1057 1158 1385 1228 nominavit,
1430 1162 1731 1215 multorum
1782 1163 2070 1216 numinum

489 1250 856 1306 idololatriam
884 1253 963 1307 sic
998 1253 1229 1322 carptim
1255 1267 1586 1308 memorans.
1614 1251 1825 1319 Quibus
1848 1254 2032 1310 subdit
2057 1274 2069 1309 :

492 1343 603 1414 Ego
639 1344 779 1398 enim
813 1360 931 1397 sum
993 1342 1250 1398 Dominus
1285 1343 1422 1398 Deus
1469 1354 1614 1410 tuus,
1663 1345 1954 1401 declarans
2015 1363 2076 1403 se

491 1451 668 1507 neque
694 1444 1037 1501 extraneum,
1074 1452 1252 1506 neque
1302 1437 1562 1500 alienum,
1600 1424 1778 1507 neque
1800 1446 2075 1493 recentem

494 1528 660 1585 Deum
685 1545 829 1584 esse.
865 1527 993 1582 Erat
1023 1529 1226 1600 quippe
1260 1544 1428 1583 unum
1480 1539 1533 1584 et
1584 1529 1728 1586 idem
1790 1530 1885 1586 Dei
1937 1529 2076 1587 Ver-

493 1620 643 1684 bum,
675 1619 821 1690 quod
852 1621 982 1676 olim
1007 1621 1378 1677 diversimode
1417 1623 1660 1693 antiquis
1710 1623 1820 1679 illis
1855 1624 2078 1678 oracula

492 1713 779 1780 fundebat,
811 1715 1068 1785 quodque
1099 1713 1246 1771 Deus
1267 1713 1439 1772 Iacob
1464 1724 1714 1780 vocatur,
1749 1718 1894 1786 quod
1948 1716 2077 1772 item

493 1806 549 1860 in
577 1806 1052 1862 consummatione
1107 1808 1432 1862 saeculorum
1467 1807 1522 1861 in
1569 1815 1716 1862 terra
1737 1807 1915 1862 visum
1973 1816 2076 1863 est.

2168 605 2265 668 τὰς
2289 605 2384 658 τοῦ
2417 604 2687 678 σώματος,
2718 607 2827 660 εἴτε
2868 608 2962 661 καὶ
2991 607 3091 672 τὰς
3115 606 3200 662 διὰ
3223 607 3382 662 θείων
3412 609 3746 680 μαθημάτων

2170 697 2235 768 τῇ
2267 697 2412 768 ψυχῇ
2447 698 2878 769 χορηγουμένας.
2928 697 3068 768 Ἐγὼ
3102 700 3199 769 μὲν
3227 694 3319 752 οὖν
3358 699 3534 753 ταῦτα
3577 701 3750 771 παρῄ-

2171 807 2291 842 νουν
2326 790 2420 842 καὶ
2455 790 2897 861 ἐπηγγελλόμην·
2925 791 2975 843 οἱ
3011 791 3068 844 δὲ
3100 791 3200 844 οὐκ
3242 791 3440 862 ήκουον
3469 791 3567 862 τῆς
3609 791 3751 860 ἐμῆς

2173 881 2390 950 φωνῆς’
2442 881 2538 934 καὶ¹
2577 882 2606 932 6
2649 880 2919 934 τοσούτων
2969 880 3372 952 κατηξιωμένος
3423 882 3752 951 εὐεργεσιῶν

2185 973 2403 1045 Ἰσραὴλ
2444 973 2506 1025 οὐ
2579 972 2848 1044 προσέσχε
2907 991 3026 1044 μοι’
3091 973 3212 1027 ὃθεν
3261 973 3500 1036 εἰκότωξ
3535 973 3753 1038 ἐξωτέδ

2173 1069 2386 1122 στειλα
2422 1066 2645 1132 αὐτοὺς
2674 1067 2824 1119 κατὰ
2851 1065 2923 1119 τὰ
2968 1065 3407 1135 ἐπιτηδεύματα
3444 1064 3567 1118 τῶν
3612 1081 3753 1133 scapo

2173 1157 2319 1212 διῶν
2339 1158 2554 1213 αὐτῶν.
2574 1159 2714 1211 Ἀνθ’
2731 1152 2792 1212 οὗ
2811 1160 2838 1210 6
2861 1157 3154 1229 Σύμμαχος
3185 1158 3531 1230 ἡρμήνευσεν
3556 1158 3757 1210 εἰπών’

2170 1255 2294 1322 Οὐχ
2327 1252 2644 1321 ὑπήκουσε
2681 1251 2750 1305 δὲ
2789 1256 2822 1306 o'
2871 1253 3022 1318 λαός
3061 1269 3180 1321 μου
3213 1251 3326 1318 τῆς
3365 1249 3578 1320 φωνῆς
3613 1267 3756 1319 μου,

2178 1347 2278 1401 καὶ
2315 1348 2552 1417 Ἰσραὴλ
2576 1351 2688 1402 οὐκ
2719 1348 2970 1415 ἐπείσθη
2997 1364 3118 1417 μοι.
3161 1344 3382 1414 Ἀφῆκα
3401 1339 3516 1398 οὖν
3536 1343 3763 1409 αὐτοὺς

2178 1439 2253 1508 τῇ
2281 1441 2562 1509 ἀρεσκείᾳ
2626 1440 2737 1510 τῆς
2777 1440 3027 1508 καρδίας
3071 1438 3270 1492 αὐτῶν
3294 1478 3310 1501 ,
3355 1437 3591 1492 ὁδεύειν
3633 1435 3786 1502 ταῖς

2175 1535 2433 1600 βουλαῖς
2461 1532 2677 1589 αὐτῶν.
2727 1533 3008 1587 Ἐντεῦθεν
3041 1535 3070 1587 6
3098 1533 3241 1596 θεῖος
3258 1529 3584 1594 Ἀπόστολος
3613 1530 3763 1583 δι.δὲ-

2184 1644 2302 1681 σκει
2348 1627 2474 1698 περί
2501 1644 2662 1681 τινων
2693 1625 2866 1696 λέγων
2891 1644 2904 1656 ·
2952 1625 3048 1681 Διὸ
3082 1625 3429 1694 παρέδιιηιεν⁵
3468 1623 3700 1688 αὐτοὺς
3735 1625 3768 1676 ό

2184 1720 2328 1785 Θεὸς
2379 1719 2450 1772 ἐν
2505 1718 2634 1785 ταῖς
2681 1719 3018 1788 ἐπιθυμίαις
3065 1717 3187 1772 τῶν
3238 1715 3497 1784 καρδιῶν
3543 1712 3763 1768 αὐτῶν.

2197 1812 2341 1863 ’Λντὶ
2371 1810 2429 1864 δὲ
2458 1810 2574 1864 τοῦθ
2615 1813 2737 1864 Οὐκ
2766 1810 2937 1865 ἔσται
2969 1811 3039 1864 ἐν
3078 1811 3177 1864 σοὶ
3213 1809 3356 1875 Θεὸς
3391 1809 3766 1876 πρόσφατος,

493 1885 629 1952 Nam
653 1898 819 1954 etiam
843 1907 969 1954 ante
1004 1898 1248 1953 divinum
1281 1916 1440 1955 suum
1464 1899 1756 1955 adventum
1788 1900 1842 1954 in
1873 1900 2076 1956 mundo

2202 1922 2209 1954 ι
2255 1902 2484 1967 Ἀκύλας
2503 1920 2517 1932 '
2543 1905 2667 1957 Οὐκ
2695 1903 2867 1957 ἔσται
2888 1904 2959 1957 ἐν
2979 1904 3078 1957 σοὶ
3123 1902 3376 1972 ἰσχυρὸς
3407 1901 3733 1966 ἀλλότριος
3749 1913 3766 1928 ⁸

494 2000 634 2056 erat,
661 2001 715 2048 et
750 1993 989 2048 mundus
1011 2008 1108 2064 per
1132 1994 1308 2063 ipsum
1338 1993 1518 2049 factus
1547 2000 1651 2048 cst.
1708 1991 2075 2058 Quamobrem

499 2085 612 2138 hzcc
647 2085 897 2140 instituta
931 2085 1096 2139 tradit
1129 2105 1140 2139 :
1169 2084 1282 2155 Ego
1312 2087 1451 2139 enim
1483 2101 1600 2139 sum
1658 2084 1914 2138 Dominus
1938 2085 2076 2140 Deus

498 2179 756 2248 tuum-qui
783 2179 943 2232 eduxi
970 2187 1018 2232 te
1043 2178 1105 2229 de
1132 2189 1274 2231 terra
1303 2177 1544 2247 gypti.

2183 1998 2210 2050 6
2240 1996 2296 2048 δὲ
2326 1996 2636 2067 Σύμμαχος·
2664 1995 2760 2064 Μὴ
2785 1997 2940 2050 ἔστω
2968 1996 3038 2049 ἐν
3065 1995 3164 2050 σοὶ
3188 1994 3332 2061 Θεὸς
3361 1992 3560 2058 ξένος,
3585 1992 3770 2063 ἡρμή-

2186 2106 2365 2144 νευσε.
2403 2089 2564 2143 Ξένον
2602 2091 2658 2143 δὲ
2693 2091 2786 2144 καὶ
2820 2089 3098 2162 ἀλλότριον
3129 2088 3261 2142 Θεὸν
3302 2087 3396 2140 καὶ
3430 2085 3769 2158 πρόσφατον,

2188 2182 2280 2234 τὸν
2330 2181 2762 2252 πεπλανημένως
2809 2179 2962 2251 παρὰ
3005 2181 3116 2242 τοῖς
3163 2177 3342 2231 ἔθνεσι
3383 2175 3773 2246 νενομισμένον

497 2274 770 2346 ὠνόμασε,
800 2275 901 2345 τὴν
931 2273 1190 2326 πολύθεον
1230 2273 1674 2346 εἰδωλολατρείαν
1715 2274 1860 2329 οὕτω
1903 2276 2426 2347 παραπεμπόμενος.
2455 2272 2550 2339 Οἷς
2577 2275 2846 2344 ἐπιλέγει·
2898 2273 3038 2344 Ἐγὼ
3275 2273 3392 2340 ειμι
3457 2271 3679 2336 Κύριος
3745 2270 3774 2320 ὁ

501 2371 647 2436 Θεός
679 2387 827 2434 σου,
870 2370 1141 2440 παριστὰς
1172 2367 1360 2422 ἑαυτὸν
1391 2367 1514 2422 οὔτε
1548 2369 1718 2436 ξένον,
1761 2369 1883 2422 οὔτε
1915 2371 2215 2442 ἀλλότριον,
2239 2370 2363 2425 οὔτε
2396 2372 2708 2444 πρόσφατον
2745 2371 2874 2425 ὄντα
2903 2369 3056 2424 Θεόν.
3116 2364 3226 2422 Ἦν
3284 2367 3394 2439 γὰρ
3435 2362 3516 2429 εἷς
3587 2366 3690 2417 καὶ
3749 2366 3777 2416 ὁ

500 2463 664 2527 αὐτὸς
685 2463 714 2515 6
746 2460 840 2514 τοῦ
872 2459 1008 2515 Θεοῦ
1041 2461 1234 2529 Λόγος,
1275 2461 1378 2514 καὶ
1401 2463 1429 2514 ὁ
1469 2461 1636 2516 πάλαι
1669 2463 1943 2534 διαφόρως
1970 2467 2083 2527 τοῖς
2122 2463 2372 2528 παλαιοῖς
2411 2463 2784 2536 χρηματίζων,
2818 2463 2929 2534 όδὴ
2951 2462 3046 2516 καὶ
3083 2460 3215 2524 Θεὸς
3248 2457 3444 2512 Ἰακὼϐ
3477 2457 3775 2527 ἐπικεκλη-

505 2557 696 2628 μένος,
725 2557 754 2608 ὁ
803 2554 896 2606 καὶ
948 2552 1042 2606 ἐπὶ
1090 2553 1370 2625 συντελείᾳ
1419 2553 1529 2607 τῶν
1569 2553 1778 2608 αἰώνων
1829 2557 1922 2609 ἐπὶ
1971 2556 2078 2626 γῆς
2115 2556 2325 2642 ὀφθείςἶ
2353 2557 2440 2610 Ἐν
2461 2557 2568 2628 γὰρ
2589 2555 2669 2626 τῷ
2692 2556 2881 2627 κόσμῳ
2902 2551 2970 2627 ἦν
2994 2555 3085 2608 καὶ
3146 2553 3254 2624 πρὸ
3272 2551 3372 2622 τῆς
3434 2548 3777 2618 θεοφανείας,

503 2651 644 2708 καὶὸ
665 2650 868 2721 κόσμος
885 2649 952 2703 δι’
975 2649 1139 2704 αὑτοῦ
1167 2649 1402 2718 ἐγένετο.
1431 2650 1630 2722 Διόπερ
1655 2651 2086 2722 παρακελεύεται
2123 2651 2330 2722 λέγων*
2375 2653 2515 2721 Ἐγὼ
2548 2652 2662 2722 γάρ
2699 2654 2815 2722 εἰμι
2840 2651 3053 2719 Κύριος
3086 2651 3118 2703 ό
3147 2647 3289 2713 Θεός
3333 2660 3471 2708 σου,
3533 2646 3569 2697 ὁ
3631 2642 3778 2698 dra-

504 2745 703 2814 γαγών
726 2761 801 2799 σε
824 2745 900 2800 εκ⁵
931 2744 1045 2814 γῆς
1074 2747 1400 2815 Αἰγύπτου.

577 2861 744 2917 Vens.
777 2862 866 2925 M,
889 2862 977 2917 15.
1010 2861 1069 2916 Si
1096 2865 1320 2932 populus
1347 2881 1488 2920 meus
1512 2866 1746 2920 audisset
1777 2885 1878 2929 me,
1918 2866 2092 2920 Israel

506 2959 551 3013 si
575 2958 628 3010 in
654 2957 751 3010 viis
785 2958 912 3009 meis
936 2956 1296 3025 ambuiasset,
1327 2975 1421 3028 pro
1450 2959 1615 3012 nihilo
1647 2961 1876 3026 forsitan
1905 2962 2091 3015 inimi-

419 3087 423 3091 -
508 3067 596 3104 cos
651 3065 834 3103 eorum
877 3049 1265 3117 humiliassem,
1319 3061 1368 3104 et
1422 3070 1579 3123 super
1632 3054 1946 3109 tribulantes
2004 3072 2092 3110 eos

509 3143 772 3197 misissem
803 3157 1019 3194 manum
1048 3158 1241 3197 meam.
1268 3143 1407 3198 Iram
1441 3145 1642 3217 quippe
1685 3146 1780 3203 Dei
1809 3163 1921 3202 non
1950 3147 2096 3216 inju-

511 3234 592 3287 ria
616 3250 718 3288 nec
747 3233 867 3288 sine
888 3248 1056 3288 causa
1087 3232 1372 3288 Iudaicam
1425 3234 1694 3291 invasisse
1723 3246 1938 3305 gentem
1975 3238 2094 3293 suf-
2123 3205 2169 3266 Ο

512 3325 762 3380 ticienter
797 3323 1064 3380 defendit.
1102 3323 1442 3396 Videturque
1469 3327 1601 3382 mihi
1637 3327 1702 3382 ad
1728 3329 2100 3400 praecedentes

515 3415 975 3486 interrogationes
995 3434 1008 3468 :
1037 3413 1258 3485 thuid,
1276 3416 1439 3484 Deus,
1462 3417 1706 3487 repulisti
1724 3421 1776 3473 in
1792 3421 1971 3491 ﬁnem,
1990 3423 2102 3474 ira-

518 3519 602 3562 tus
629 3518 704 3563 est
736 3509 890 3578 furor
913 3517 1034 3562 tuus
1062 3525 1218 3578 super
1246 3525 1361 3563 oves
1413 3526 1627 3579 pascuae
1651 3520 1756 3566 tua:
1779 3513 1863 3565 ἐἳ
1895 3527 1958 3567 ac
1979 3529 2104 3567 rur-

517 3613 638 3653 sum
665 3618 677 3652 :
706 3597 904 3670 thuid
918 3597 1233 3653 destruxisti
1259 3600 1543 3654 maceriam
1558 3599 1696 3669 ejus,
1714 3611 1762 3654 et
1783 3601 2103 3656 vindemiant

516 3707 633 3745 eam
663 3705 841 3746 omnes
867 3692 959 3762 qui
999 3692 1512 3762 pra’tergrediuntur
1563 3693 1706 3747 viam
1735 3693 1824 3746 ὀἳ
1877 3710 2104 3764 respon-

519 3786 730 3840 sionem
785 3785 1096 3840 instituere.
1131 3784 1264 3839 Nam
1299 3801 1407 3853 qua
1440 3787 1508 3841 de
1557 3801 1723 3842 causa
1781 3787 1896 3842 haec
1954 3789 2104 3858 passi

519 3877 671 3943 sint,
695 3877 938 3932 declarat
968 3877 1056 3932 his
1082 3877 1265 3933 verbis
1295 3898 1310 3932 :
1351 3877 1491 3944 Quia
1511 3895 1617 3932 non
1650 3868 1860 3934 audivit
1875 3881 2104 3951 populus

521 3985 668 4024 naeus
693 3986 866 4025 vocem
897 3965 1092 4038 meam,
1119 3980 1169 4025 et
1218 3970 1401 4026 Israel'
1425 3988 1526 4025 non
1558 3973 1786 4026 intendit
1817 3974 1975 4038 mihi;
2008 3984 2061 4029 et
2090 3994 2101 4028 :

522 4064 583 4120 Si
613 4065 837 4135 populus
866 4082 1009 4119 meus
1041 4064 1278 4118 audisset
1320 4081 1421 4128 me,
1455 4062 1639 4118 Israel'
1665 4065 1713 4118 si
1740 4065 1795 4118 in
1818 4067 1926 4119 viis
1980 4068 2106 4120 meis

523 4157 871 4225 ambulasset,
903 4175 998 4226 pro
1034 4157 1202 4211 nihilo
1252 4157 1484 4227 forsitan
1535 4158 1778 4213 inimicos
1809 4175 1988 4212 eorum
2019 4162 2112 4214 Ιιιι-

523 4249 840 4304 mitiasscm.
886 4249 992 4305 Pro
1023 4266 1134 4320 quo
1174 4248 1538 4321 Symmachus
1565 4253 1956 4321 interpretatus
1975 4265 2060 4308 est
2092 4273 2103 4306 :

525 4339 594 4396 In
629 4343 853 4396 minimo
884 4343 1115 4413 forsitan
1140 4343 1385 4398 inimicos
1406 4359 1589 4397 eorum
1631 4344 1894 4410 vicissem,
1933 4354 1982 4398 et
2014 4361 2109 4399 su-

524 4451 618 4503 per
647 4433 983 4488 adversarios
1017 4451 1198 4488 eorum
1227 4435 1596 4489 convertissem
1646 4452 1862 4492 manum
1917 4454 2108 4491 meam.

526 4524 653 4580 Haec
687 4541 818 4581 sane
850 4525 1129 4591 fecissem,
1154 4527 1352 4594 inquit.
1378 4533 1572 4580 contra
1616 4525 1872 4582 inimicos
1901 4529 2109 4599 populi,

2271 2868 2342 2920 El
2378 2866 2410 2918 ὀ
2436 2864 2586 2928 λαός
2608 2879 2727 2931 μου
2757 2858 2988 2929 ἢκουσέ
3007 2875 3148 2928 μου.
3187 2853 3433 2924 Ἰσραὴλ
3454 2855 3587 2922 ταῖς
3618 2855 3779 2923 ὁδοῖς

2193 2977 2313 3030 μου
2347 2958 2399 3011 εί
2424 2956 2718 3024 ἐπορεύθη
2739 2969 2752 2982 ·
2779 2952 2848 3005 ἐνι-
2881 2949 2960 3016 τῷ
2999 2948 3212 3020 μηδενὶ
3245 2945 3321 3002 ἂν·
3349 2948 3491 3014 τοὺς
3530 2949 3780 3018 ἐχθροὺς

2197 3050 2399 3108 αὐτῶν
2417 3049 2810 3108 ἐταπείνωσα,
2830 3044 2927 3098 καὶ
2945 3044 3043 3097 ἐπὶ
3067 3043 3205 3109 τσὺς
3228 3043 3546 3108 θλίϐοι-τας
3564 3043 3782 3108 αὐτοὺς

2201 3147 2500 3200 ἐπέϐαλον
2522 3143 2598 3196 ἂν
2623 3144 2738 3209 τὴν
2765 3139 2933 3210 χεῖρά
2951 3157 3091 3209 μου.
3123 3137 3342 3200 Ἱκανῶς
3365 3136 3780 3207 ἀπολελόγηται,

2199 3240 2280 3292 ὅτι
2315 3239 2388 3308 μὴ
2421 3235 2659 3308 ἀκρίτως
2695 3235 2831 3304 μήτε
2861 3232 2936 3296 ὡς
2963 3230 3117 3302 ἔτυχε
3156 3230 3384 3302 μετῆλθε
3413 3230 3476 3283 τὺ
3516 3229 3780 3283 Ἰουδαίων

2204 3332 2354 3394 ἔθνος
2383 3332 2415 3401 ἡ
2453 3331 2517 3383 ὲκ
2555 3327 2692 3380 Θεοῦ
2723 3328 2881 3398 ὀργή.
2914 3325 3023 3380 Καί
3059 3343 3148 3396 μοι
3171 3324 3318 3377 δοκεῖ
3348 3324 3484 3396 πρὸς
3518 3324 3618 3386 τὰς
3643 3323 3779 3376 ἀνω·

2204 3423 2347 3494 τέρω
2387 3421 2716 3492 λελεγμένας
2763 3417 3005 3481 πεύσεις,
3047 3419 3105 3471 ὲν
3145 3416 3224 3488 τῷ
3266 3417 3390 3470 Ἵνα
3441 3416 3495 3468 τί
3544 3419 3578 3469 ό
3621 3417 3780 3480 Θεὸς,

2204 3512 2425 3568 ἀπώσω
2457 3515 2545 3578 εὶς
2578 3511 2772 3577 τέλος,
2799 3510 3059 3581 ὠργίσθη
3085 3511 3118 3562 ό
3141 3508 3325 3577 θυμός
3357 3524 3474 3561 σου
3501 3507 3602 3558 ἐπὶ
3645 3507 3780 3574 πρό-

2207 3609 2352 3660 ϐατα
2379 3604 2568 3674 νομῆς
2586 3620 2738 3668 σο-υ;
2779 3603 2875 3656 καὶ
2903 3602 3064 3656 πάλιν
3083 3618 3096 3630 ·
3129 3602 3255 3655 Ἵνα
3289 3600 3346 3652 τί
3383 3599 3662 3665 καθεῖλες
3686 3598 3783 3652 τὸν·

2206 3698 2480 3768 φριιῃιὸν
2518 3695 2728 3764 αὐτῆς,
2758 3695 2855 3749 καὶ
2903 3693 3204 3764 τρυγῶσιν
3248 3692 3444 3761 αὐτὴν
3476 3691 3706 3757 πάντες
3733 3693 3781 3744 ei

2208 3790 2759 3859 παραπορευόμενοι
2804 3787 2918 3856 τὴν
2957 3787 3136 3849 ὁδόν;
3179 3787 3278 3858 τὴν
3336 3785 3633 3855 ἀπόκρισιν
3698 3798 3781 3836 πε-

2209 3882 2489 3955 ποιῆσθαι.
2511 3885 2628 3936 Ἵνα
2657 3883 2709 3936 τί
2737 3881 2846 3956 γὰρ
2873 3881 2943 3935 τὰ
2965 3879 3189 3934 τοιαῦτα
3211 3878 3512 3932 πεπόνθασι
3551 3877 3780 3932 διδάσκει

2210 3975 2384 4046 λέγων
2406 3994 2419 4006 ·
2447 3977 2572 4028 Ὅτι
2604 3977 2715 4029 οὐκ
2754 3973 3025 4042 ἤκουσεν
3057 3975 3088 4026 ὁ
3121 3972 3272 4036 λαός
3300 3987 3418 4040 μου
3446 3967 3558 4037 τῆς
3588 3965 3782 4037 φωνῆς

2205 4088 2346 4140 μου,
2386 4068 2483 4122 καὶ
2507 4068 2754 4136 Ἰσραὴλ
2782 4068 2855 4120 οὐ
2878 4063 3182 4134 προσέσχε
3202 4081 3322 4133 μοι.
3352 4062 3466 4125 καὶ,
3490 4062 3562 4114 Ei
3590 4063 3620 4113 ό
3644 4059 3782 4123 λαός

2206 4179 2326 4230 μου
2354 4160 2584 4230 ἥκουσέ
2609 4178 2752 4228 μου,
2790 4156 3039 4226 Ἰσραὴλ
3069 4157 3199 4222 ταῖς
3227 4153 3388 4220 ὁδοῖς
3415 4170 3538 4222 μου
3567 4153 3620 4204 εί
3660 4151 3782 4203 ἐπο-

2205 4253 2427 4322 ρεύθη⁸
2468 4252 2538 4305 ἐν
2583 4250 2662 4315 τῷ
2714 4248 2932 4319 μηδενὶ
2977 4247 3054 4302 ἂν
3102 4246 3244 4312 τοὺς
3289 4243 3542 4313 ἐχθροὺς
3598 4240 3782 4296 αὐτῶν

2213 4347 2606 4400 ἐταπείνωσα.
2646 4342 2787 4396 Ἀνθ’
2818 4337 2878 4396 οὗ
2906 4344 2934 4395 6
2958 4341 3254 4413 Σύμμαχος
3277 4339 3625 4409 ἡρμήνευσεν
3646 4352 3659 4364 ·
3697 4334 3782 4386 Ἐν

2216 4440 2501 4509 ὀλιγίστῳ
2524 4436 2600 4492 ἂν
2627 4435 2878 4506 ἐχθροὺς
2903 4435 3101 4488 αὐτῶν
3127 4433 3382 4500 ἢττησα,
3405 4428 3502 4482 καὶ
3529 4428 3628 4482 ἐπὶ
3657 4427 3782 4489 τοὺς

2216 4531 2530 4595 ἐναντίους
2563 4526 2762 4582 αὐτῶν
2805 4525 3150 4594 ἀνέστρεψα
3197 4523 3275 4578 ἂν
3305 4523 3419 4592 τὴν
3453 4520 3622 4592 χεζοά
3653 4538 3780 4590 μου.

526 4618 901 4689 simorigeros
927 4618 1054 4673 illos
1078 4617 1420 4684 habuissem,
1438 4628 1492 4674 et
1522 4618 1569 4674 si
1593 4619 1650 4673 in
1668 4618 1773 4674 viis
1796 4621 1956 4686 meis,
1975 4638 2097 4692 qua:

2221 4619 2406 4673 Ταῦτα
2429 4591 2758 4688 ἂν-έπραξα,
2787 4616 2942 4688 φησὶ,
2974 4591 3116 4669 κατὰ
3150 4613 3258 4668 τῶν
3290 4591 3499 4686 ὲχθρῶν
3528 4611 3621 4665 τοῦ
3645 4609 3782 4670 λαοῦ.

527 4713 971 4782 ιπαεεοιίρεετεω
1004 4711 1164 4782 ipsis,
1199 4711 1580 4767 incessissent.
1627 4710 1786 4766 Nunc
1821 4727 1952 4768 vero
1987 4730 2113 4768 cum

527 4805 955 4874 inobsequentes
985 4812 1040 4859 et
1098 4803 1434 4874 immorigeri
1484 4802 1612 4858 facti
1652 4804 1786 4868 sint,
1835 4820 1957 4860 sese
2007 4805 2112 4875 ipsi

528 4895 782 4949 inimicos
805 4893 903 4948 Dei
929 4893 1358 4948 constituerunt.
1397 4891 1602 4947 Deinde
1649 4891 1914 4962 quoniam
1939 4891 2112 4963 Spiri-

530 4998 618 5042 tus
649 4996 878 5043 sanctus
935 4986 1319 5057 immorigeros
1365 4995 1420 5040 ct
1476 4986 1908 5056 inobsequentes
1972 4985 2117 5048 illos,

529 5081 791 5152 populum
824 5097 986 5136 suum
1016 5095 1113 5152 per
1147 5081 1506 5135 humanitatis
1541 5079 1988 5149 exsuperantiam
2019 5095 2120 5133 vo-

531 5175 699 5238 cavit,
731 5175 892 5230 docet
918 5175 1215 5241 neminem,
1239 5175 1331 5244 qui
1363 5189 1489 5228 vere
1522 5173 1756 5244 populus
1775 5170 1868 5226 Dei
1890 5173 1983 5238 sit,
2017 5173 2124 5244 ipsi

535 5275 989 5337 repugnaturum.
1042 5267 1406 5334 Quamobrem
1474 5266 1639 5321 infert
1672 5265 1975 5322 z—Vsns.
2032 5268 2122 5322 16.

536 5359 752 5414 Inimici
781 5360 994 5415 Domini
1024 5363 1230 5416 mentiti
1253 5371 1376 5413 sunt
1410 5359 1494 5420 ei;
1529 5359 1832 5413 secundum
1871 5359 2122 5431 Symma-

533 5453 698 5507 chum
731 5464 954 5510 autem:
995 5455 1283 5509 Dominum
1325 5468 1546 5506 exosum
1588 5451 1926 5524 faciunt,qui
1976 5470 2122 5508 men-

536 5548 747 5600 tiuntur
773 5549 894 5616 ipsi.
948 5549 1222 5620 Additquc
1261 5567 1272 5601 :
1306 5545 1374 5599 Et
1417 5546 1518 5600 erit
1573 5556 1774 5614 tempus
1825 5563 2009 5600 eorum
2069 5547 2124 5599 in

535 5641 812 5694 mentum.
847 5640 1074 5697 Etiamsi
1107 5641 1254 5696 enim
1301 5639 1430 5692 talia
1454 5637 1574 5693 ausi
1625 5637 1849 5704 fuerint,
1880 5647 2122 5694 attamen

537 5745 782 5800 presens
810 5732 1072 5784 saeculum
1123 5731 1470 5786 obtinebunt.
1508 5731 1574 5785 Et
1609 5732 1713 5785 hoc
1763 5745 1951 5786 eorum
1989 5738 2126 5786 tem-

611 5886 652 5912 "
697 5883 849 5938 Hom.
890 5901 935 5950 ι,
975 5886 1063 5939 :Zi.
1144 5889 1186 5918 ³⁵
1227 5886 1371 5941 Psal.
1411 5903 1615 5955 an,
1660 5895 1704 5943 1.

2222 4712 2269 4769 εί
2300 4710 2456 4780 ἔσχον
2490 4709 2688 4772 αὐτοὺς
2723 4708 3018 4780 ὑπηκόους,
3051 4707 3146 4760 καὶ
3176 4707 3224 4760 εί
3257 4708 3373 4768 ταῖς
3401 4705 3545 4768 ὁδοῖς
3579 4721 3677 4775 μου
3705 4695 3782 4762 αἷς

2219 4801 2553 4873 διεταξάμην
2581 4801 2766 4864 αὐτοῖς
2799 4799 3192 4873 ἐπορεύθησαν.
3217 4797 3330 4850 Νῦν
3355 4797 3415 4850 δὲ
3451 4797 3671 4867 ἀνήκοοι
3701 4794 3782 4847 καὶ

2220 4896 2468 4958 ἀπειθεῖς
2489 4893 2791 4965 γενόμενοι,
2823 4893 2975 4948 αὐτοὶ
3014 4892 3238 4953 ἑαυτοὺς
3276 4889 3506 4962 ἐχθροὺς
3530 4889 3625 4942 τοῦ
3664 4884 3781 4940 θεοῦ

2227 4987 2594 5060 κατέστησαν.
2645 4983 2758 5039 Εἶτ’
2806 4984 3105 5056 ἐπειδήπερ
3157 4983 3285 5036 λαὸν
3343 4982 3510 5035 αὐτοῦ
3552 4981 3782 5051 ὠνόμασε

2227 5084 2352 5146 τοὺς
2387 5081 2630 5144 ἀπειθεῖς
2665 5080 2757 5133 καὶ
2808 5077 3070 5148 ἀνηκόους
3111 5074 3230 5130 καθ’
3277 5074 3584 5146 ὑπερϐολὴν
3621 5072 3784 5143 φιλαν

2229 5175 2475 5248 θρωπίας
2504 5175 2564 5228 τὸ
2615 5172 2841 5244 Πνεῦμα
2877 5171 2938 5224 τὸ
2975 5170 3166 5239 ἅγιον,
3211 5168 3453 5222 διδάσκει
3504 5168 3589 5220 ὅτι
3632 5164 3785 5248 οὐδεὶς

2229 5247 2349 5336 Θεῷ
2374 5264 2690 5336 ἀπειθήσειε
2725 5261 2852 5325 λαὸς
2879 5258 3066 5314 αὑτοῦ.
3091 5256 3182 5310 Διὸ
3206 5256 3448 5324 ἐπιλέγει
3471 5271 3483 5283 ⁸
3512 5256 3576 5307 Οἱ
3605 5247 3781 5319 ἐχθροὶ

2229 5359 2449 5426 Κυρίου
2477 5357 2820 5425 ἐψεύσαντο
2865 5353 3024 5417 αὐτῷ
3044 5370 3058 5382 ο
3100 5349 3241 5404 κατὰ
3268 5349 3324 5401 δὲ
3352 5347 3444 5401 τὸν
3477 5346 3781 5417 Σύμμαχον·

2227 5449 2546 5506 Μισοποιοὶ
2567 5450 2790 5516 Κυρίου
2816 5450 2870 5501 οι
2898 5442 3270 5515 ψευσάμενοι
3304 5438 3484 5505 αὐτῷ.
3503 5437 3610 5493 Καὶ
3632 5448 3781 5504 προσ-

2227 5544 2411 5617 τίθησι
2430 5560 2444 5575 ο
2478 5541 2588 5596 Καὶ
2620 5541 2792 5594 ἔσται
2818 5543 2850 5594 ό
2886 5539 3092 5606 καιρὸς
3123 5533 3322 5590 αὐτῶν
3350 5535 3439 5599 εἰς
3465 5531 3571 5584 τὸν
3599 5527 3781 5582 alibi-0.

2229 5639 2292 5690 Εἰ
2315 5637 2424 5709 γὰρ
2453 5637 2545 5689 καὶ
2570 5633 2794 5688 τοιαῦτα
2823 5631 3240 5702 τετολμήκασιν,
3263 5628 3412 5698 ὅμως
3441 5625 3531 5677 τὸν
3567 5619 3783 5709 παρόντα

2231 5730 2402 5784 αἰῶνα
2428 5727 2629 5794 ἕξουσι.
2675 5727 2787 5781 Καὶ
2841 5718 2996 5786 οὗτός
3039 5724 3185 5774 ἐστιν
3224 5717 3404 5772 αὐτῶν
3434 5718 3463 5769 6
3492 5711 3686 5782 καιρὸς.
3727 5707 3779 5756 ἐν

1785 5892 1826 5921 9"
1872 5887 2014 5945 Psal.
2054 5905 2241 5952 usus,
2287 5889 2367 5942 l5.
