4004 6524
263 383 370 441 981

1437 380 1946 439 COMMENTARIA
1986 381 2051 436 IN
2092 379 2430 438 PSALMOS.

3437 381 3541 438 983

269 498 316 573 ᾧ
346 501 443 556 καὶ
487 498 628 570 μετὰ
659 496 901 552 τοσαῦτα
934 496 1384 568 πλημμελήματα
1413 496 1721 566 ἐψώμισεν
1751 497 1854 550 ab:

1965 511 2068 567 pus
2096 500 2201 560 est,
2235 511 2346 566 quo
2379 499 2503 566 post
2545 501 2624 548 tot
2683 502 2941 564 tantaque
2992 494 3198 550 scelera
3232 493 3421 567 (Vens.
3451 496 3539 566 17)

265 594 412 660 τοὺς
461 593 531 646 ἐκ
591 591 847 658 στέατος
905 590 1122 659 πυρσῦ,
1162 589 1263 643 καὶ
1313 590 1382 643 ἐκ
1445 588 1665 658 πέτρας
1715 588 1856 658 μέλι

262 687 602 756 ἐχόρτασεν
654 685 894 750 αὐτούς.
933 682 1092 737 Κατά
1131 681 1290 736 τοῦτο
1327 683 1385 736 δὲ
1429 681 1667 754 ἐπλήρου
1729 699 1859 736 κατ-

265 780 509 847 αξιώσας
558 779 760 842 αὐτοὺς
801 779 903 848 τῆς
946 775 1155 838 οἰκείας
1189 776 1415 848 τροφῆς,
1471 774 1534 826 οὐ
1570 773 1730 845 μόνον
1757 773 1858 844 τῆς

268 869 615 941 σωματικῆς,
648 867 784 922 ἀλλὰ
819 869 914 921 καὶ
944 867 1046 936 τῆς
1094 864 1420 937 ἐπουρανίου
1470 864 1566 918 καὶ
1616 880 1857 934 πνευμα-

267 959 460 1033 τικῆς,
496 961 734 1033 ὁπηνίκα
769 958 1006 1031 πρώτοις
1039 959 1224 1022 αὐτοῖς
1263 958 1530 1029 ἐπεδήμει
1563 960 1592 1011 ὁ
1621 957 1856 1028 Χριστὸς

267 1053 362 1107 τοῦ
417 1052 576 1118 Θεοῦ,
611 1052 816 1126 τροφὴν
874 1053 1058 1114 αὐτοῖς
1119 1052 1348 1122 παρεῖχε
1397 1049 1489 1104 τὸν
1533 1047 1856 1126 έπουράνιον

266 1149 436 1219 ἄρτον
471 1147 632 1211 αὐτὸς
666 1145 878 1199 ἑαυτόν.
913 1143 988 1196 Οὐ
1030 1143 1134 1214 μὴν
1163 1141 1300 1196 ἀλλὰ
1336 1141 1432 1195 καὶ
1458 1140 1732 1213 ἐψώμισεν
1760 1140 1857 1194 αὑ-

267 1243 397 1302 τοὺς
434 1243 498 1294 ὲκ
532 1241 694 1294 πέντε
741 1239 922 1310 ἄρτων
957 1234 1272 1309 παραδόξως
1319 1235 1413 1287 ἐπὶ
1468 1235 1566 1305 τῆς
1613 1234 1856 1306 ἐρήμουο

267 1335 462 1405 ὥσπερ
493 1332 662 1387 πάλαι
697 1331 788 1385 διὰ
807 1330 1054 1394 Μωσέως
1087 1330 1149 1382 τὸ
1189 1330 1377 1400 μάννα.
1419 1328 1541 1380 Ἔτι
1571 1326 1628 1380 δὲ
1666 1326 1763 1379 καὶ
1784 1326 1854 1378 ἐκ

266 1426 493 1495 πέτρας
519 1424 660 1495 μέλι
697 1424 1025 1494 ἐχόρτασεν
1054 1423 1307 1481 αὐτούς·
1347 1420 1523 1493 πέτρα
1560 1418 1616 1472 δὲ
1653 1413 1721 1489 ἦν
1753 1417 1855 1472 αὑ-

265 1519 380 1585 τὸς,
414 1517 666 1590 χορηγῶν
719 1517 901 1580 αὐτοῖς
946 1515 1015 1569 τὰ
1058 1513 1240 1584 πάσης
1285 1512 1477 1584 ἡδονῆς
1527 1513 1620 1565 καὶ
1655 1509 1856 1573 παντὸς

269 1608 486 1681 μέλιτος
519 1607 828 1677 γλυκύτερα
879 1605 1176 1677 μαθήματα
1199 1645 1215 1669 ,
1251 1604 1377 1675 περὶ
1426 1596 1500 1657 ὧν
1539 1599 1606 1674 ἦν
1640 1603 1814 1655 εἰπεῖν
1837 1617 1854 1630 ⁸

280 1705 381 1768 Ὡς
403 1701 632 1770 γλυκέα
654 1701 726 1755 τὰ
751 1699 927 1771 λόγιά
968 1716 1085 1753 σου
1117 1697 1198 1763 τῷ
1237 1696 1498 1768 φάρυγγί
1527 1713 1646 1765 μου
1665 1694 1684 1746 !
1703 1692 1855 1761 ὑπὲρ

261 1794 404 1865 μέλι
455 1793 534 1860 τῷ
572 1793 829 1862 στόματί
859 1809 1000 1861 μου.
1051 1790 1162 1844 Καὶ
1196 1790 1363 1843 πάλαι
1407 1789 1463 1842 δὲ
1496 1787 1583 1841 διὰ
1611 1784 1856 1848 Μωσέως

1964 589 2157 643 cibavit
2173 605 2261 643 eos
2294 604 2360 642 ea:
2389 586 2542 656 adipe
2567 586 2844 657 frumenti,
2873 597 2923 640 et
2946 585 3010 641 de
3040 597 3190 657 petra
3217 587 3367 642 melle
3393 599 3542 643 satu-

1965 685 2103 736 ravit
2131 698 2240 736 eos.
2285 679 2442 735 Tunc
2471 696 2636 752 porro
2668 681 2794 736 illos
2822 679 3048 751 proprio
3068 680 3192 735 cibo
3221 682 3430 752 replere
3457 681 3543 736 di-

1963 782 2165 844 gnatus
2193 783 2300 838 est,
2334 788 2445 828 non
2470 789 2738 844 corporeo
2769 773 2971 839 Solum,
3001 772 3096 827 sed
3121 769 3286 828 etiam
3332 773 3542 830 cmlesti

1962 874 2016 922 et
2035 867 2328 937 Spirituali,
2349 881 2474 921 cum
2504 865 2573 920 ad
2592 867 2738 937 ipsos
2755 866 2963 936 primos
2987 864 3244 920 Christus
3265 863 3356 921 Dei
3386 881 3543 936 pere-

1964 961 2215 1032 grinatus
2261 967 2345 1015 est
2393 965 2560 1030 atque
2602 958 2658 1012 in
2698 959 2882 1014 cibum
2931 957 3088 1028 ipsis,
3119 959 3397 1014 cmlestem
3446 973 3543 1028 pan

1962 1066 2110 1117 nem,
2137 1051 2349 1107 scilicet
2376 1049 2643 1120 seipsum,
2670 1049 2838 1105 dedit.
2879 1047 3024 1114 Quin
3047 1048 3209 1103 etiam
3242 1045 3299 1102 in
3323 1047 3540 1103 deserto

1961 1159 2028 1199 ex
2048 1145 2290 1215 quinque
2319 1142 2552 1214 panibus
2581 1141 2906 1197 mirabiliter
2948 1140 3153 1196 cibavit
3211 1155 3342 1206 eos;
3398 1140 3542 1195 sicut

1961 1236 2090 1291 olim
2123 1251 2220 1306 per
2273 1234 2512 1306 Moysem
2551 1248 2752 1288 manna
2789 1233 3074 1304 impertiit.
3109 1231 3447 1302 lnsuperque
3476 1246 3545 1287 ex

1961 1339 2110 1398 petra
2142 1328 2293 1383 melle
2322 1327 2585 1382 saturavit
2637 1344 2726 1381 eos
2759 1343 2776 1381 :
2814 1335 2967 1398 petra
3021 1333 3202 1381 autem
3257 1325 3372 1395 ipse
3399 1307 3540 1390 erat,

1962 1421 2286 1491 disciplinas
2313 1436 2466 1488 suas,
2500 1419 2745 1490 qualibet
2793 1418 3080 1488 voluptate
3098 1433 3162 1472 ac
3213 1417 3373 1472 melle
3420 1417 3543 1472 dul-

1961 1516 2161 1579 ciores,
2190 1514 2324 1584 ipsis
2349 1513 2731 1584 suppeditans,
2768 1511 2835 1567 de
2867 1511 3069 1581 quibus
3109 1510 3295 1566 dicere
3325 1510 3487 1564 liceat
3522 1526 3541 1565 :

1964 1608 2137 1675 Quam
2169 1608 2350 1662 dulcia
2373 1606 2618 1676 faucibus
2672 1605 2800 1660 meis
2832 1605 3042 1676 eloquia
3088 1603 3221 1657 tua!
3254 1619 3411 1672 super
3437 1601 3540 1656 mel

1962 1701 2043 1754 eri
2073 1716 2184 1753 meo
2216 1694 2256 1753 ’.
2282 1698 2426 1754 Olim
2459 1700 2588 1753 item
2644 1712 2741 1768 per
2785 1697 3019 1769 Moysem
3048 1713 3115 1752 ex
3151 1703 3304 1766 petra
3335 1694 3543 1765 potavit

1961 1807 2078 1848 eos.
2119 1791 2222 1848 Mel
2245 1800 2422 1846 autem
2454 1790 2523 1846 de
2556 1797 2730 1862 petra,
2762 1791 2853 1846 hic
2882 1806 2991 1845 non
3038 1790 3147 1844 alio
3175 1803 3338 1860 quam
3380 1787 3543 1842 intel-

266 1890 335 1941 ἐκ
361 1887 569 1960 πέτρας
592 1887 777 1950 αὐτοῖς
808 1889 1038 1959 παρεῖχε
1065 1884 1248 1938 ποτόν.
1281 1882 1412 1937 Μέλι
1441 1882 1498 1936 δὲ
1530 1879 1766 1934 ἐνταῦθα
1794 1881 1854 1934 τὸ

1959 1883 2159 1956 ligendi
2211 1899 2366 1939 more
2416 1883 2706 1954 excipias:
2746 1883 3005 1953 quoniam
3055 1883 3174 1953 ipse
3209 1879 3424 1952 Moyses
3482 1880 3539 1934 in

266 1981 334 2033 ἐκ
376 1979 584 2052 πέτρας
622 1979 732 2032 οὐδ’
767 1979 941 2043 ἄλλως
993 1978 1028 2048 ἦ
1069 1976 1213 2030 κατὰ
1259 1975 1499 2029 διάνοιαν
1536 1973 1852 2027 ἐκδεκτέον·

264 2071 394 2124 ἐπεὶ
422 2071 516 2124 καὶ
544 2070 703 2134 αὐτὸς
739 2071 941 2142 Μωσῆς
979 2069 1076 2141 τὴν
1122 2067 1290 2140 αὐτὴν
1317 2066 1497 2136 τίθησι
1525 2064 1852 2137 μαρτυρίαν,

265 2161 444 2230 λέγων
475 2163 533 2214 ἐν
564 2162 774 2232 μεγάλῃ
807 2161 920 2233 ᾠδῇ
938 2178 951 2191 ·
989 2160 1333 2227 Ἐθήλασαν
1349 2157 1490 2228 μέλι
1515 2157 1584 2212 ἐκ
1611 2155 1852 2225 πέτρας,

265 2254 369 2309 καὶ
409 2253 617 2308 ἔλαιον
651 2254 723 2307 ἐκ
769 2251 1022 2323 στερεᾶς
1065 2252 1304 2321 πέτρας.
1334 2252 1514 2321 ’Ἀπερ
1571 2249 1707 2322 πρὸς
1758 2249 1856 2319 μὲν

265 2341 430 2413 ψιλὴν
453 2341 551 2413 τὴν
579 2342 725 2408 λέξιν
752 2344 850 2414 οὐχ
873 2343 1199 2412 ὑφέστηκεν,
1225 2339 1606 2412 ἀλληγορικῶς
1624 2341 1681 2393 δὲ
1713 2338 1856 2392 κατά

269 2433 442 2505 μόνην
470 2432 566 2504 τὴν
587 2432 825 2486 διάνοιαν
847 2432 1190 2499 ἐξακούεται.
1221 2432 1394 2494 Αὐτὸς
1429 2431 1538 2501 γὰρ
1567 2433 1596 2484 ὁ
1620 2429 1856 2500 Χριστὸς

265 2528 526 2602 ή-πέτρα,
550 2528 722 2582 ταῦτα
745 2527 923 2581 πάντα
951 2527 1207 2598 παρέχων
1234 2525 1418 2589 αὐτοῖς
1449 2523 1537 2577 διὰ
1559 2524 1660 2593 τῆς
1688 2523 1853 2577 αὐτοῦ

265 2618 640 2684 διδασκαλίας,
663 2619 728 2671 οὐ
757 2615 882 2671 καθ’
909 2617 968 2671 ὃν
996 2616 1186 2688 χρόνον
1217 2614 1478 2686 ἐπεδήμει
1511 2613 1691 2685 μόνον,
1719 2611 1856 2666 ἀλλὰ

267 2713 367 2767 καὶ
395 2712 502 2784 πρὸ
526 2713 624 2783 τῆς
655 2712 921 2783 ὲνσάρκου
953 2709 1248 2780 ἐπιδημίας
1270 2706 1464 2761 αὑτοῦ·
1494 2707 1570 2770 ὡς
1599 2705 1659 2771 ἐξ
1685 2705 1855 2760 ᾶπαν-

265 2817 362 2868 τος
396 2804 594 2867 αὐτοὺς
621 2804 719 2874 μὲν
755 2800 892 2856 εἶναι
923 2800 1381 2872 ἀναπολογήτους,
1411 2798 1625 2851 δικαίαν
1667 2797 1722 2850 δὲ
1756 2796 1856 2868 τὴν

270 2894 367 2948 τοῦ
383 2895 519 2948 Θεοῦ
540 2895 721 2967 κρίσιν
752 2894 890 2965 μετά
918 2894 984 2948 τά
1008 2893 1245 2946 τοσαῦτα
1268 2893 1367 2963 τὴν
1384 2889 1656 2960 ἀποϐολὴν
1677 2889 1855 2943 αὐτῶν

269 2986 674 3057 ἐργασαμένηνι
711 2983 872 3038 Ἀλλὰ
901 2983 1012 3055 γὰρ
1041 2982 1211 3036 ταῦτα
1251 2982 1398 3052 ἡμᾶς
1421 2981 1546 3044 τοὺς
1585 2978 1643 3046 ἐξ
1689 2977 1858 3032 ὲθνῶν

265 3079 363 3132 ἐπὶ
406 3079 505 3150 τὴν
538 3077 718 3132 ἔνθεον
771 3075 1090 3145 ἀγαλλίασιν
1122 3074 1210 3128 διὰ
1257 3073 1365 3128 τῶν
1399 3071 1630 3145 πρώτων
1662 3071 1860 3142 κεκλη-

270 3170 468 3241 μένους
491 3171 520 3223 ὀ
565 3169 721 3240 λόγος
761 3169 1000 3222 διδάσκει
1043 3164 1625 3239 προφυλαττομένους,
1670 3165 1743 3236 μή
1777 3180 1854 3234 πη

263 3264 383 3326 τοῖς
407 3262 615 3334 ὁμοίοις
651 3262 744 3315 καὶ
776 3260 930 3316 αὐτοί
959 3277 1090 3314 ποτε
1126 3257 1540 3331 περιπέσωμεν.

657 3412 950 3467 ΨΛΛΜΟΣ
987 3413 1074 3482 Τῼ
1118 3413 1312 3465 ΑΣΑΦ.
1356 3412 1483 3464 HA’.

350 3550 404 3602 '0
440 3548 584 3615 Θεὸς
623 3547 774 3617 ἔστη
824 3549 894 3602 ἐν
935 3546 1260 3617 συναγωγῇ
1289 3545 1458 3612 θεῶν,
1485 3547 1557 3600 ἐν
1580 3545 1749 3615 μέσῳ
1785 3546 1857 3602 δέ

259 3641 443 3708 θεοὺς
471 3641 780 3710 διακρίνει.
797 3642 856 3694 '0
893 3641 993 3712 μὲν
1018 3641 1122 3714 πρὸ
1150 3641 1339 3695 τούτου
1370 3641 1530 3709 λόγος
1557 3643 1857 3713 κατηγορεῖ

259 3737 359 3791 τοῦ
393 3737 594 3800 παντὸς
631 3735 901 3788 Ἰουδαίων
933 3733 1084 3799 λαοῦ,
1113 3734 1300 3803 σαφῶς
1327 3733 1420 3786 τοῦ
1450 3732 1586 3786 Θεοῦ
1615 3735 1853 3803 φάσκον-

260 3845 390 3892 τοςσ
443 3829 563 3882 Οὐκ
595 3826 864 3896 ἤκουσεν
905 3829 937 3880 ό
980 3827 1131 3892 λαός
1167 3843 1288 3894 μου
1331 3823 1441 3893 τῆς
1474 3823 1682 3893 φωνῆς
1707 3843 1850 3895 yov,

261 3921 365 3976 καί
410 3919 648 3988 Ἰσραὴλ
685 3920 758 3974 οὐ
791 3917 1098 3988 προσέσχε
1141 3935 1261 3986 μοι.
1305 3916 1416 3970 Καὶ
1453 3914 1855 3982 ἐξαπέστειλα

259 4010 489 4078 αὐτοὺς
512 4010 661 4064 κατὰ
697 4010 769 4064 τὰ
818 4008 1256 4077 ἐπιτηδεύματα
1292 4007 1404 4078 τῆς
1452 4005 1702 4075 καρδίας
1746 4008 1853 4062 αὺ-

258 4103 415 4159 τῶν·
474 4103 569 4157 καὶ
608 4102 809 4156 πάλιν·
861 4103 931 4156 El
985 4104 1018 4154 ό
1071 4103 1222 4168 λαός
1260 4119 1374 4168 μου
1417 4099 1648 4166 ἥκουσέ
1692 4118 1851 4172 μου,

273 4195 518 4266 Ἰσραὴλ
546 4196 674 4263 ταῖς
699 4195 861 4262 ὁδοῖς
879 4213 998 4264 μου
1027 4197 1080 4249 εὶ
1109 4196 1423 4264 ἐπορεύθη·
1455 4194 1619 4261 ἐντῷ
1636 4194 1852 4265 μηδενὶ

259 4290 341 4346 ἂν
388 4290 532 4355 τοὺς
576 4289 827 4359 ἐχθροὺς
868 4288 1068 4342 αὐτῶν
1109 4287 1515 4341 ἐταπείνωσαο
1558 4289 1586 4340 ὁ
1631 4287 1688 4340 δὲ
1717 4286 1856 4357 μετά

258 4369 452 4454 χεῖρας
504 4380 812 4445 ἀκολούθως
857 4381 1088 4443 ἐκείνοις
1129 4378 1238 4433 τῶν
1285 4380 1564 4451 προέδρων
1595 4377 1688 4432 τοῦ
1722 4377 1852 4432 λαοῦ

259 4473 597 4543 κατηγορεῖο
646 4470 722 4534 ὡς
754 4470 890 4542 πρὸς
936 4471 1170 4542 ἄρχοντα
1211 4469 1343 4538 γοῦν
1370 4470 1463 4524 καὶ
1490 4469 1684 4541 κριτὰς
1716 4471 1854 4523 ἀπο-

257 4566 500 4619 τείνεται
548 4563 727 4632 λέγων
751 4579 766 4594 ’
805 4564 957 4630 Ἕως
996 4567 1141 4618 πότε
1182 4565 1414 4634 κρίνετε
1455 4563 1714 4624 ἀδικίαν,
1754 4563 1853 4616 καὶ
1885 4597 1932 4654 D

259 4659 556 4728 πρόσωπα
590 4653 954 4726 ἁμαρτωλῶν
989 4655 1359 4724 λαμϐάνετε;
1415 4656 1667 4724 Κρίνατε
1699 4668 1851 4708 πτω-

258 4750 378 4821 χὸν
419 4747 520 4814 καὶ
563 4745 867 4812 ταπεινὸν,
897 4749 1163 4817 ὀρφανὸν
1192 4747 1290 4801 καὶ
1339 4747 1568 4814 πένητα
1615 4745 1850 4800 δικαιώ-

255 4860 430 4897 σατε.
468 4838 603 4897 Εἶτα
643 4840 921 4908 ἐπιλέγει·
971 4839 1112 4910 Ἐγὼ
1144 4841 1314 4894 ταῦτα
1366 4839 1810 4912 παρεκελευόμην
1833 4855 1846 4869 ·

255 4934 308 4986 οἱ
339 4931 398 4985 δὲ
423 4933 537 4985 οὐκ
574 4931 850 5001 ἐνγωσαν
873 4929 1016 4984 οὐδὲ
1048 4930 1352 4999 συνῆκαν,
1395 4931 1464 4984 ἐν
1490 4932 1694 4985 σκότει
1721 4931 1848 4984 δια-

257 5025 638 5093 πορεύονται.
666 5023 834 5088 Θεοὺς
861 5023 918 5077 δὲ
951 5024 1149 5087 αὐτοὺς
1178 5023 1463 5086 ἀποκαλεῖ,
1497 5022 1718 5094 ἧτοιδιά
1749 5022 1848 5094 τὴν

254 5117 427 5190 τιμὴν
455 5117 522 5188 ἦν
556 5117 830 5188 ἀπένεμεν
861 5117 1046 5181 αὐτοῖς
1076 5119 1104 5170 ὁ
1129 5117 1256 5182 λαός
1276 5137 1287 5150 ·
1337 5116 1480 5170 οὕτω
1515 5117 1652 5186 μετά
1699 5117 1850 5170 πλεί-

257 5226 388 5262 στου
425 5209 588 5278 φὸὗου
616 5213 711 5263 καὶ
739 5210 905 5281 τιμῆς
935 5209 1173 5280 προσιὼν
1208 5211 1397 5274 αὺτοῖς
1422 5209 1553 5262 ὡσεὶ
1575 5210 1668 5263 καὶ
1700 5210 1849 5281 αὐτῷ

255 5301 335 5372 τῷ
369 5300 489 5372 Θεῷ
510 5318 524 5332 ·
571 5301 603 5373 ἢ
650 5302 948 5374 ἐπειδήπερ
981 5301 1160 5374 χώραν
1207 5301 1341 5355 Θεοῦ
1381 5304 1598 5372 ἐπεῖχον
1629 5301 1691 5354 τὸ
1727 5304 1852 5375 κρί-

254 5411 371 5448 νειν
396 5393 835 5465 ἀναδεδεγμένοι,
872 5395 1191 5459 κολάζοντες
1225 5411 1285 5446 τε
1325 5395 1418 5449 καὶ
1449 5394 1849 5466 τιμωρούμενοι

256 5488 390 5550 τοὺς
418 5483 743 5550 ἀδικοῦντας
777 5485 917 5540 κατὰ
946 5487 1037 5539 τὸν
1071 5488 1200 5558 παρ’
1234 5487 1420 5550 αὐτοῖς
1457 5485 1618 5556 νόμον
1639 5505 1651 5517 ·
1683 5487 1716 5557 ἢ
1763 5487 1850 5541 διὰ

247 5576 317 5631 τὸ
343 5573 673 5647 τετιμῆσθαι
704 5577 900 5642 αὐτοὺς
926 5576 1032 5630 ὑπὸ
1058 5577 1154 5630 τοῦ
1189 5576 1322 5630 Θεοῦ
1350 5576 1428 5648 τῷ
1451 5576 1553 5647 τῆς
1581 5577 1870 5643 υἱοθεσίας

253 5668 486 5739 ὀνόματι
506 5707 521 5732 ,
549 5668 624 5732 ὡς
657 5665 910 5738 λέγεσθαι
935 5667 1063 5740 περὶ
1091 5668 1271 5721 αὐτῶν
1291 5684 1304 5697 ·
1343 5667 1513 5733 Υίοίὺς
1546 5666 1849 5740 ἐγέννησα

333 5825 350 5856 ¹
394 5822 539 5880 Psal.
577 5839 747 5879 cxvut
773 5864 786 5889 ,
826 5825 945 5881 l05.
1023 5829 1040 5858 '
1081 5825 1236 5882 Deut.
1277 5839 1462 5892 χχχιι,
1504 5826 1587 5882 18.

1879 3245 1927 3308 C

1956 1992 2154 2048 magno
2184 1977 2404 2030 cantico
2430 1977 2575 2030 idem
2610 1975 2983 2032 testimonium
3037 1973 3246 2046 profert
3294 1974 3488 2029 dicens
3521 1989 3537 2026 :

1958 2069 2227 2124 Sumerunt
2269 2069 2372 2124 mel
2415 2065 2478 2122 de
2510 2079 2684 2139 petra,
2725 2077 2776 2123 et
2824 2069 2998 2123 oleum
3047 2083 3112 2123 ea:
3142 2066 3277 2121 duro
3317 2081 3448 2121 saxo
3491 2067 3536 2119 ί.

1957 2163 2088 2230 Quae
2121 2162 2340 2234 quidem
2377 2178 2488 2218 non
2522 2163 2827 2218 secundum
2862 2163 3063 2218 nudam
3095 2161 3386 2217 lectionem
3409 2176 3540 2217 eve-

1955 2264 2193 2322 nerunt;
2227 2255 2324 2312 sed
2350 2254 2644 2325 allegorice
2667 2254 2846 2310 solum
2880 2263 2935 2310 et
2957 2253 3236 2325 cogitandi
3268 2253 3433 2310 modo
3456 2253 3543 2309 in-

1957 2349 2297 2417 telliguntur.
2333 2348 2468 2402 Nam
2507 2348 2624 2417 ipse
2646 2348 2902 2404 Christus
2956 2356 3112 2420 petra
3138 2359 3241 2412 est,
3275 2347 3368 2419 qui
3424 2348 3541 2404 hac

1955 2441 2140 2494 omnia
2177 2440 2284 2496 illis
2311 2455 2408 2510 per
2435 2439 2743 2494 doetrinam
2770 2455 2924 2496 suam
2951 2439 3312 2509 impertiebat,
3338 2456 3447 2495 non
3473 2457 3539 2496 eo

1957 2533 2132 2588 solum
2164 2540 2410 2603 tempore
2443 2548 2554 2603 quo
2580 2531 3054 2604 peregrinabatur,
3092 2531 3189 2588 sed
3211 2533 3375 2588 etiam
3412 2541 3539 2589 ante

1956 2624 2232 2680 carnalem
2293 2639 2453 2680 suum
2507 2624 2839 2693 adventum;
2900 2624 2975 2678 ita
3030 2631 3090 2678 ut
3137 2623 3244 2695 ipsi
3309 2639 3540 2695 prorsus

1957 2715 2396 2778 inexcusabiles;
2447 2714 2544 2770 Dei
2598 2730 2730 2770 vero
2781 2713 3076 2784 judicium,
3128 2729 3241 2785 quo
3289 2714 3393 2770 sub
3425 2714 3540 2769 hanc

1957 2803 2107 2873 ipsos
2139 2803 2470 2873 repudiavit,
2499 2804 2710 2872 justum
2752 2804 2844 2858 sit.
2891 2802 3162 2859 Caeterum
3216 2805 3329 2860 haec
3380 2804 3542 2860 nobis

1958 2894 2052 2964 qui
2110 2909 2176 2949 ex
2232 2894 2486 2964 gentibus
2543 2894 2613 2949 ad
2666 2895 2908 2949 divinam
2965 2895 3392 2952 exsultationem
3443 2909 3543 2967 per

1958 2987 2144 3058 priora
2169 2986 2337 3041 verba
2363 2987 2542 3041 vocati
2572 3002 2786 3052 sumus,
2816 2987 2880 3042 ad
2910 2989 3179 3044 cautelam
3206 2989 3535 3056 traduntur,

1959 3093 2029 3135 ne
2061 3080 2117 3134 in
2143 3079 2295 3150 paria
2327 3079 2434 3150 ipsi
2464 3095 2683 3151 quoque
2715 3080 3023 3138 incidamus

2186 3417 2239 3472 l.
2273 3415 2598 3474 PSALMUS
2627 3415 2760 3475 IPSl
2791 3417 3039 3476 ASAPH.
3083 3417 3323 3478 LXXXI.

2030 3551 2168 3608 Deus
2200 3555 2350 3608 stetit
2376 3555 2431 3608 in
2459 3571 2733 3626 synagoga
2771 3555 3009 3620 deorum,
3061 3555 3116 3608 in
3154 3555 3326 3608 medio
3364 3563 3541 3610 autem

1955 3645 2079 3700 deos
2108 3646 2393 3716 dijudicat.
2428 3645 2534 3713 Qui
2579 3647 2727 3701 hunc
2759 3646 3016 3717 praecedit
3040 3662 3223 3702 sermo
3245 3653 3417 3700 totum
3443 3645 3541 3701 Ju-

1956 3736 2199 3793 dteorum
2248 3739 2510 3810 populum
2571 3738 2834 3794 incusat:
2870 3754 2996 3793 nam
3040 3738 3113 3795 ibi
3169 3737 3542 3808 Deusaperte

1957 3828 2091 3884 dicit
2124 3849 2137 3884 :
2168 3827 2293 3884 Non
2344 3831 2548 3886 audivit
2599 3831 2824 3900 populus
2854 3848 3000 3885 meus
3041 3847 3215 3885 vocem
3255 3847 3444 3895 meam,
3491 3839 3542 3884 et

1959 3921 2133 3976 Israel
2184 3938 2287 3977 non
2333 3909 2562 3977 intendit
2598 3923 2748 3978 mihi.
2805 3922 2874 3977 Et
2924 3923 3106 3977 dimisi
3135 3940 3222 3978 eos
3254 3923 3542 3977 secundum

1957 4013 2224 4067 desideria
2253 4013 2431 4067 cordis
2486 4030 2712 4079 eorum;
2776 4030 2842 4070 ac
2891 4031 3112 4071 rursum
3152 4031 3166 4067 :
3211 4014 3271 4069 Si
3315 4014 3553 4085 populus,

1959 4121 2105 4160 meus
2135 4105 2373 4160 audisset
2409 4123 2509 4173 me,
2535 4105 2711 4162 Israel
2731 4108 2778 4162 si
2814 4109 2869 4162 in
2892 4109 2988 4162 viis
3033 4109 3170 4164 meis,
3193 4107 3540 4176 ambulasset,

1957 4211 2052 4266 pro
2097 4196 2264 4251 nihilo
2307 4197 2541 4266 forsitan
2583 4199 2831 4253 inimicos
2880 4217 3064 4254 eorum
3112 4201 3481 4256 Itumiliassem
3521 4218 3540 4256 :

1957 4286 2048 4341 hic
2080 4302 2213 4342 vero
2247 4288 2497 4358 psalmus
2527 4298 2932 4360 consequenter
2957 4291 3024 4346 ad
3058 4290 3148 4345 illa
3184 4292 3368 4362 populi
3399 4309 3541 4362 prae-

1959 4377 2106 4435 sides
2138 4388 2386 4444 accusat,
2416 4380 2720 4451 principem
2752 4383 2897 4437 enim
2930 4391 2984 4437 et
3005 4382 3221 4451 judices
3246 4383 3542 4452 compellat

1959 4472 2045 4528 his
2072 4472 2255 4527 verbis
2297 4487 2310 4524 :
2351 4470 2628 4544 Usquequo
2667 4474 2932 4542 judicatis
2975 4475 3334 4545 iniquitatem,
3374 4485 3422 4530 et
3457 4478 3545 4545 Ιαοι

1961 4567 2064 4619 cies
2088 4575 2426 4635 peccatorum
2476 4566 2731 4621 sumitis?
2756 4567 2998 4635 judicate
3035 4583 3318 4637 pauperem
3359 4577 3411 4622 et
3445 4569 3544 4622 ltu-

1958 4657 2156 4721 milem,
2185 4655 2449 4726 pupillum
2493 4666 2542 4710 et
2572 4657 2776 4726 inopem
2797 4657 3113 4727 justiﬁcate.
3163 4657 3370 4714 Deinde
3407 4661 3544 4715 sub-

1955 4749 2084 4804 dit:
2135 4747 2263 4803 Haec
2321 4763 2422 4818 ego
2470 4748 2881 4818 praecipiebam,
2931 4749 3010 4803 illi
3059 4765 3188 4806 vero
3215 4740 3566 4818 nescierunt.)

1956 4857 2118 4910 neque
2149 4839 2543 4906 intellexerunt,
2573 4840 2630 4894 in
2670 4839 2896 4894 tenebris
2945 4841 3244 4898 ambulant.
3282 4843 3423 4900 Deos
3447 4803 3563 4899 ιλιι-ί

1955 4943 2065 4989 tem
2105 4941 2266 4989 vocat
2295 4948 2413 4998 eos,
2441 4935 2556 4988 sive
2586 4934 2814 4990 honoris
2847 4950 2957 5005 quo
2986 4936 3224 5008 populus
3258 4931 3423 5009 ipsos
3458 4939 3545 4990 al-

1956 5026 2173 5081 liciebat
2200 5041 2391 5090 causa,
2423 5041 2548 5080 cum
2586 5027 2782 5082 timore
2813 5035 2979 5098 atque
3004 5029 3356 5086 veneratione
3388 5030 3542 5100 ipsos

1958 5117 2187 5188 perinde
2218 5127 2382 5188 atque
2430 5119 2602 5175 Deum
2636 5119 2865 5188 adiens;
2899 5122 3014 5176 sive
3042 5121 3173 5192 quia
3227 5123 3405 5176 locum
3445 5121 3543 5176 Dei

1956 5220 2310 5280 occuparent.
2365 5210 2653 5282 judicandi
2709 5227 2936 5270 munere
2983 5226 3263 5286 suscepto,
3323 5216 3541 5286 iniquos

1959 5300 2261 5355 secundum
2289 5302 2462 5373 legem
2494 5302 2597 5357 sibi
2637 5303 2894 5357 traditam
2944 5304 3214 5374 supplicio
3250 5304 3538 5375 plenisque

1958 5391 2306 5461 allicientes;
2367 5396 2453 5450 vel
2503 5397 2628 5466 quia
2692 5411 2723 5449 a
2785 5395 2898 5452 Deo
2962 5397 3270 5466 adoptionis
3318 5397 3540 5452 nomine

1956 5488 2206 5541 exornati
2238 5497 2401 5556 sunt;
2439 5489 2512 5543 ita
2546 5498 2603 5544 ut
2628 5488 2695 5544 de
2719 5489 2856 5560 ipsis
2904 5490 3158 5544 dicatur:
3181 5487 3352 5542 Filios
3382 5489 3540 5559 genui

1955 5591 2004 5634 et
2031 5581 2296 5646 exultavi;
2321 5581 2405 5636 vel
2433 5581 2560 5652 quia
2585 5581 2653 5636 ad
2689 5582 2979 5653 imaginem
3026 5589 3080 5636 et
3126 5579 3548 5641 similitudinem

1957 5659 2074 5735 Dei,
2108 5672 2567 5743 per'spiritualcm
2592 5681 2647 5728 et
2674 5672 3057 5729 rationabilem
3109 5672 3252 5726 illam
3279 5671 3332 5725 in
3365 5671 3548 5726 liomia
