4004 6522
490 363 596 423 083

1220 362 1487 420 EUSEBII
1524 362 2003 419 (ἱᾹΞδΑΒΙΕΝδΙδ
2041 363 2073 418 Ο

2177 405 2188 415 .
2234 363 2413 418 PARS
2444 361 2617 417 ιιι...
2653 361 3064 417 EXEGETICA.

3635 363 3732 417 981

490 487 657 543 nibus
706 484 1106 548 substantiam,
1156 481 1329 538 effecti
1388 491 1537 538 sunt.
1598 482 1654 537 In
1725 482 1830 538 hoc
1880 485 2063 554 itaque

2176 486 2262 539 καὶ
2291 483 2535 553 ὕψωσω
2566 483 2600 555 ἢ
2634 482 2723 537 διὰ
2745 482 2807 536 τὸ
2838 482 2959 537 κατ’
2986 481 3171 535 είκόνα
3196 480 3289 534 καὶ
3318 479 3578 551 ὁμοίωσιν
3605 479 3736 535 Θεσῖ

496 581 708 651 psalmo
750 578 934 633 statim
978 584 1103 647 post
1145 576 1425 646 praedicta,
1467 591 1563 631 eos
1605 576 1698 647 qui
1732 588 2065 632 accusantur

493 672 582 727 his
622 669 819 724 affatur
846 686 860 720 :
885 665 997 736 Ego
1024 669 1137 723 dixi
1165 684 1183 721 :
1224 668 1316 722 Dii
1364 669 1491 723 estis
1546 678 1597 723 et
1647 667 1752 739 ﬁlii
1800 670 2064 724 Altissimi

493 777 690 815 omnes.
756 756 855 813 Vos
906 768 1083 813 autem
1138 760 1273 814 sicut
1322 760 1556 814 homines
1609 760 1908 814 moriemini
1939 800 1953 821 ,
2015 772 2065 815 ct

492 854 628 905 sicut
689 866 825 903 unus
875 866 942 905 ea:
987 849 1312 920 principibus
1375 852 1595 905 cadetis.
1651 851 1917 907 Prwsides
1965 853 2065 906 ita-

493 956 599 1011 que
647 940 853 1011 populi,
886 940 1200 997 sacerdotes
1255 939 1507 995 videlicet
1540 952 1595 997 et
1651 942 1926 997 antistites
1978 957 2067 996 sa-

492 1046 713 1105 crorum
777 1046 841 1085 ac
916 1031 1156 1101 reliquos
1225 1030 1501 1102 principes
1552 1031 1865 1101 dijudicans
1923 1031 2066 1087 Deus

496 1121 752 1186 Verbum,
822 1123 937 1179 haec
987 1139 1109 1195 qua:
1165 1124 1277 1194 jam
1327 1132 1629 1181 tractamus
1654 1135 1891 1182 enarrat.
1917 1128 2066 1194 Qua-

494 1230 553 1269 re
609 1214 810 1269 dicitur
861 1230 873 1265 :
919 1214 1059 1268 Deus
1107 1216 1248 1269 stetit
1292 1216 1348 1269 in
1395 1234 1662 1288 synagoga
1713 1218 1961 1282 deorum,
2011 1220 2065 1272 in

496 1304 665 1359 medio
712 1319 886 1358 autem
927 1305 1051 1359 deos
1106 1305 1416 1375 dijudicat;
1462 1308 1765 1363 secundum
1812 1308 2065 1379 Aquilam

496 1409 715 1454 autem:
763 1398 902 1455 Deus
945 1402 1098 1455 stetit
1147 1400 1200 1452 in
1256 1415 1522 1472 synagoga
1598 1401 1841 1471 fortium,
1891 1401 1946 1454 in
1992 1402 2069 1454 vi-

495 1490 730 1546 sceribus
763 1490 1017 1546 Dominus
1068 1492 1310 1565 iudicat;
1342 1493 1644 1549 secundum
1679 1492 2068 1565 Symmachum

493 1597 665 1639 vero:
698 1581 842 1638 Deus
888 1585 1033 1639 stetit
1084 1587 1137 1639 in
1176 1594 1309 1638 coetu
1363 1583 1510 1651 Dei,
1569 1586 1626 1640 in
1680 1586 1869 1640 mediis
1929 1585 2068 1640 Deus

490 1674 757 1744 judicans.
826 1674 926 1731 llic
984 1693 1117 1732 vero
1165 1676 1349 1745 Deus,
1396 1679 1610 1735 scilicet
1665 1678 1759 1735 Dei
1806 1678 2071 1745 Verbum,

498 1778 855 1823 memoratam
882 1768 1108 1824 deorum
1134 1785 1465 1841 synagogam
1504 1771 1761 1841 judicans
1789 1780 1843 1828 et
1867 1771 2071 1843 dijudi-

496 1874 652 1923 cans,
691 1863 1075 1916 accusationes
1108 1863 1218 1921 reis
1248 1865 1480 1921 inducit.
1530 1865 1597 1919 Et
1633 1867 1761 1936 quia
1815 1874 2066 1937 potentes

498 1957 749 2020 potenter
772 1954 1232 2010 cxaminabuntur
1251 1957 1411 2027 ;jure
1429 1957 1811 2027 praedictorum
1838 1958 2067 2014 deorum

496 2044 744 2100 ordinem
770 2057 1020 2118 segregat
1054 2055 1107 2103 ct
1140 2050 1372 2105 seorsim
1402 2048 1647 2119 judicat;
1698 2066 1821 2106 cum
1866 2050 1981 2120 jam
2012 2051 2067 2106 in

495 2138 820 2207 praecedenti
854 2141 1065 2210 psalmo
1088 2143 1414 2212 promiscua:
1431 2144 1614 2215 populi
1644 2145 1819 2201 turbae
1838 2160 2069 2199 accusa~

494 2231 701 2286 tionem
730 2233 1039 2302 protulerit.
1067 2232 1177 2289 lmo
1207 2233 1371 2290 etiam
1402 2234 1666 2304 dijudicat
1690 2278 1705 2303 ,
1753 2236 1820 2292 de
1854 2238 1927 2293 iis
1973 2238 2067 2308 qui

496 2324 643 2396 digni
677 2326 853 2380 salute
878 2336 1026 2392 sunt,
1059 2343 1122 2381 ac
1161 2329 1228 2383 de
1278 2329 1355 2385 iis
1375 2330 1468 2400 qui
1518 2344 1681 2387 secus
1735 2346 1794 2388 se
1840 2331 2065 2395 habent,

497 2415 831 2471 sententiam
858 2415 1060 2471 ferens.
1110 2416 1230 2474 Non
1290 2420 1546 2490 superbe,
1601 2438 1710 2476 non
1755 2422 2065 2493 tyrannica,

498 2521 607 2560 non
640 2508 694 2559 in
728 2506 838 2561 alto
856 2507 1455 2579 constitutusjudicat;
1493 2511 1587 2567 sed
1610 2511 1923 2582 iudicandis
1946 2526 2080 2579 sese

496 2604 891 2670 attemperans.
920 2602 1133 2657 medius
1156 2610 1265 2658 stat
1310 2602 1453 2658 inter
1483 2603 1628 2669 illos,
1665 2620 1762 2674 per
1793 2604 2069 2659 hominem

497 2706 659 2758 quem
698 2694 940 2764 suscepit
971 2694 1105 2763 ipsis
1131 2694 1321 2751 habitu
1370 2695 1571 2752 similis
1622 2696 1869 2752 eﬂ‘cctus.
1930 2694 2070 2751 Hinc

499 2796 629 2835 vero
648 2784 753 2837 'eos
780 2782 873 2852 qui
897 2782 1167 2852 judicium
1192 2787 1428 2841 subituri
1459 2794 1607 2852 sunt,
1643 2786 1863 2857 przeviis
1892 2787 2071 2842 moni-

498 2874 569 2929 tis
603 2873 670 2928 ad
699 2874 1132 2945 resipiscentiam
1162 2887 1365 2947 vocat;
1395 2879 1640 2951 ipsisque
1686 2880 1972 2950 prospicit,
2010 2886 2071 2933 ut

502 2980 577 3021 ne
607 2966 661 3020 in
687 2964 880 3035 judicii
930 2968 1261 3040 supplicium
1300 2971 1581 3038 incidant;
1621 2970 1717 3028 sed
1751 2987 1873 3028 sese
1917 2972 2071 3042 prius

500 3057 829 3123 emendent,
890 3058 1105 3131 sibique
1173 3069 1402 3115 caveant
1466 3076 1533 3115 ex
1605 3060 1806 3118 oblatis
1882 3062 2072 3117 crimi-

500 3150 684 3205 nibus.

2166 582 2446 649 γεγονέναι
2478 576 2566 631 διὰ
2592 577 2693 649 τὴν
2733 579 2791 630 ἐν
2828 573 3137 646 ἀνθρώποις
3168 571 3362 644 νοεράν
3393 574 3488 626 καὶ
3519 572 3741 640 λογικὴν

2166 670 2373 725 οὐσίαν.
2396 669 2605 723 Αὐτίκα
2633 668 2765 737 γοῦν
2798 670 2857 722 ἐν
2890 665 3038 738 αύτῷ
3070 665 3148 737 τῷ
3174 665 3520 736 προκειμένῳ
3545 663 3740 734 ψαλμῶ

2167 762 2390 835 προῖὼν,
2435 763 2464 815 ὁ
2509 761 2665 830 λόγος
2698 760 2831 831 φησὶ
2876 758 3014 830 πρὸς
3044 761 3171 822 τοὺς
3200 757 3704 829 κατηγορουμένους
3726 772 3739 785 ·

2180 855 2320 927 Ἐγὼ
2347 850 2486 909 εἶπα
2504 873 2517 887 ·
2547 854 2681 909 Θεοί
2722 854 2860 907 ἐστε
2902 854 3001 907 καί
3031 850 3149 907 υἱοὶ
3184 850 3467 919 Ὑψίστου
3498 848 3744 913 πάντες.

2179 948 2362 1018 Ὑμεῖς
2388 948 2457 1003 δὲ
2490 949 2571 1014 ὡς
2608 948 2904 1015 ἅνθρωποι
2929 943 3369 1011 ἁποθνήσκετε,
3410 942 3509 996 καί
3547 941 3628 1007 ὡς
3659 938 3747 1006 εἷς

2168 1039 2287 1094 τῶν
2313 1041 2623 1111 ἀρχόντων
2650 1038 2911 1091 πίπτετε.
2943 1037 3084 1099 Τοὺς
3105 1035 3168 1106 δὴ
3202 1029 3295 1088 οὖν
3318 1032 3412 1087 τοῦ
3442 1031 3579 1085 λαοῦ
3614 1047 3743 1101 προ-

2168 1130 2430 1193 εστῶτας,
2461 1114 2641 1201 ἱερέας
2667 1126 2866 1199 δηλαδὴ
2903 1126 2998 1180 καὶ
3038 1123 3354 1197 ἀρχιερέας,
3378 1121 3507 1186 τούς
3550 1138 3613 1174 τε
3639 1121 3745 1174 λοι-

2169 1221 2305 1285 ποὺς
2337 1220 2603 1292 ἄρχοντας
2624 1217 2928 1288 ἀνακρίνων
2954 1218 2983 1269 ό
3009 1216 3140 1279 Θεὸς
3161 1215 3351 1283 Λόγος,
3371 1212 3441 1266 τά
3468 1213 3608 1283 μετά
3632 1215 3752 1282 χεῖ-

2172 1332 2270 1386 ρας
2296 1312 2648 1382 διεξέρχεται.
2678 1309 2770 1362 Διδ
2798 1308 3009 1379 εἴρηται
3026 1324 3038 1339 ο
3078 1306 3132 1358 '0
3162 1304 3304 1370 ἂὸς
3324 1304 3477 1371 ἔστη
3500 1304 3574 1355 ἐν
3600 1318 3753 1356 συν-

2168 1402 2369 1476 αγωγῇ
2410 1400 2583 1467 θεῶν,
2620 1399 2877 1469 ἐνμέσῳ
2920 1398 2988 1451 δὲ
3035 1396 3208 1462 θεοὺς
3246 1396 3573 1461 διακρίνει·
3606 1395 3750 1447 κατὰ

2168 1495 2225 1549 δὲ
2252 1494 2344 1547 τὸν
2371 1491 2598 1545 Ἀκύλαν
2618 1508 2630 1521 ·
2668 1488 2813 1555 Θεὸς
2834 1488 2981 1555 ἔστη
3008 1486 3078 1540 ἐν
3102 1482 3428 1552 συναγωγῇ
3459 1480 3757 1551 wzvpér'

2168 1586 2237 1638 ἐν
2259 1582 2490 1653 ἐγκάτῳ
2526 1580 2745 1647 Κύριος
2772 1576 2957 1645 κρίνει
2984 1590 3000 1605 ·
3030 1572 3175 1626 κατὰ
3208 1571 3265 1623 δὲ
3293 1570 3384 1623 τὸν
3417 1570 3716 1640 Σύμμαχον
3735 1585 3748 1597 ι

2182 1677 2235 1729 '0
2266 1673 2409 1739 Θεὸς
2435 1670 2694 1735 κατέστη
2724 1666 2794 1720 ἐν
2825 1661 3065 1727 συνόδῳ
3089 1658 3257 1724 Θεοῦ,
3286 1658 3356 1711 ἐν
3373 1656 3587 1727 μέσοις
3607 1655 3756 1720 Θεὸς

2171 1767 2409 1836 κρίνων.
2444 1762 2660 1834 Κρίνων
2703 1759 2758 1812 δὲ
2788 1752 2937 1820 οὗτος
2968 1758 2997 1808 ὀ
3020 1753 3173 1820 Θεὸς,
3200 1751 3403 1823 δηλαδὴ
3430 1751 3460 1803 ό
3490 1748 3586 1803 τοῦ
3613 1747 3757 1802 Θεοῦ

2099 1850 2139 1905 Β
2167 1860 2359 1928 Λόγος,
2391 1856 2487 1911 καὶ⁵
2522 1853 2813 1926 διακρίνων
2839 1850 2937 1921 τὴν
2965 1845 3262 1917 λεγομένην
3290 1844 3613 1912 συναγωγὴν
3641 1841 3755 1893 τῶν

2173 1954 2330 2019 θεῶν,
2358 1952 2611 2021 ἐλέγχους
2646 1946 2909 2019 προσάγει
2940 1944 3053 2005 τοῖς
3087 1939 3446 2012 κρινομένοις.
3474 1936 3587 1990 Καὶ
3627 1936 3761 1987 ἐπεὶ

2172 2046 2386 2103 δυνατοὶ⁸
2405 2042 2644 2103 δυνατῶς
2669 2037 3079 2108 ἐτασθήσονται,
3102 2033 3327 2096 εἰκότως
3346 2031 3407 2083 τό
3428 2029 3617 2099 τάγμα
3643 2025 3757 2079 τῶν

2174 2136 2620 2211 προλελεγμένων
2651 2130 2788 2185 θεῶν
2812 2126 3061 2199 ἀφορίζει
3096 2126 3241 2187 ἰδίως
3266 2123 3362 2179 καὶ
3391 2121 3591 2194 κρίνει,
3616 2136 3747 2190 προ-

2173 2230 2393 2287 διελθὼν
2427 2231 2484 2283 ἐν
2519 2226 2598 2299 τῷ
2622 2226 2728 2297 πρὸ
2758 2225 2947 2278 τούτου
2970 2221 3113 2292 λόγῳ
3134 2220 3224 2273 τὸν
3254 2217 3471 2287 ἔλεγχον
3493 2212 3591 2268 τοῦ
3618 2212 3757 2283 πλήν

2176 2325 2299 2387 Θους
2317 2321 2411 2375 τοῦ
2434 2319 2586 2374 λαοῦ.
2606 2316 2765 2371 Ἀλλά
2786 2316 2880 2370 καὶ
2901 2312 3187 2385 διακρίνει,
3203 2308 3404 2382 κρίνων
3420 2306 3547 2369 τοὺς
3569 2303 3762 2369 ἀξίους

2176 2414 2449 2487 σωτηρίας
2474 2412 2712 2475 καὶτοὺς
2744 2409 2818 2482 μὴ
2844 2406 3135 2470 τοιούτους.
3160 2404 3351 2475 Κρίνει
3372 2401 3431 2455 δὲ
3450 2402 3553 2453 οὐκ
3576 2400 3755 2468 ἐπηρ-

2178 2507 2375 2578 μένως,
2402 2503 2520 2558 οὐδέ
2534 2501 2892 2575 τυραννικῶς,
2922 2501 2979 2552 ἐν
3013 2496 3136 2567 ὕψει
3166 2512 3225 2548 τε
3255 2490 3755 2566 προκαθεζόμενος,

2174 2599 2311 2656 ἀλλά
2344 2595 2789 2668 συγκαταϐαίνων
2828 2595 2940 2657 τοῖς
2974 2589 3331 2662 κρινομένοις,
3366 2585 3533 2657 μέσος
3576 2581 3757 2636 abuius

2176 2696 2412 2756 ἵσταται,
2449 2689 2803 2763 ὁμοιούμενος
2832 2686 3016 2748 αὐτοῖς
3037 2682 3115 2754 τῷ
3144 2682 3381 2752 σχήματι
3412 2676 3481 2731 δι’
3512 2668 3575 2730 οἶ)
3606 2673 3755 2727 ἀνεί-

2175 2788 2344 2859 ληφεν
2371 2784 2681 2857 ἀνθρώπου.
2700 2778 2981 2835 Ἐντεῦθέν
3008 2792 3067 2829 τε
3092 2774 3194 2845 ἤδη
3225 2768 3513 2843 προλαϐὼν
3544 2766 3758 2822 ἀποτεί-

2176 2897 2326 2935 νεται
2355 2874 2703 2949 σωφρονίζων
2730 2873 2856 2935 τοὺς
2874 2868 3159 2941 μέλλοντας
3181 2862 3483 2958 κρίνεσθαι,
3499 2861 3759 2958 καὶ-προ-

2178 2970 2578 3041 φυλαττόμενος
2618 2964 2814 3026 αὐτοὺς
2838 2959 2973 3033 πρὸς
2997 2958 3057 3011 τὸ
3090 2956 3164 3028 μὴ
3195 2952 3510 3023 περιπεσεῖν
3560 2950 3623 3018 τῇ
3659 2950 3759 3041 τῆς

2178 3037 2430 3134 κρίσεως-
2461 3056 2718 3129 τιμωρίᾳ,
2754 3047 3202 3125 προκατορθῶσαι
3250 3044 3306 3097 δέ
3349 3041 3450 3134 καὶ
3480 3037 3758 3111 προσυλα-

2182 3133 2375 3219 ξασθαι
2407 3150 2497 3204 διά
2523 3148 2632 3202 τῶν
2661 3142 3083 3217 προσαγομένων
3106 3138 3287 3201 αὐτοῖς
3318 3133 3579 3204 ἐλέγχων.

576 3240 847 3308 Quocirca
865 3242 1000 3297 dicit
1030 3263 1137 3297 :—
1175 3242 1341 3298 Vens.
1371 3245 1429 3309 2,
1455 3245 1510 3298 5.
1536 3242 1813 3315 Usquequo
1851 3242 2070 3313 judica-

2193 3214 2210 3219 ν
2249 3246 2341 3299 Διὸ
2397 3242 2633 3313 φάσκειν
2675 3214 2823 3303 Ἕως
2864 3234 3011 3288 πότε
3052 3230 3282 3300 κρίνετε
3323 3225 3566 3281 ἀδικίαν
3592 3264 3608 3289 ,
3660 3222 3756 3315 καί

508 3326 574 3388 tis
609 3334 965 3403 iniquitatem,
996 3346 1045 3389 et
1077 3335 1241 3405 [acies
1279 3346 1612 3405 peccatorum
1635 3338 1890 3393 sumitis?
1918 3335 2079 3389 Judi-

503 3433 619 3477 cate
658 3438 816 3494 egeno
850 3433 900 3478 et
930 3425 1151 3494 pupillo.
1199 3424 1298 3480 His
1335 3440 1501 3496 porro
1532 3426 1731 3480 similia
1754 3442 1851 3497 per
1882 3424 2078 3483 isaiam

504 3532 731 3593 quoque
753 3518 1105 3588 propheticus
1123 3518 1364 3591 Spiritus
1386 3520 1715 3577 vociferatus
1732 3529 1817 3577 est
1835 3537 1848 3573 :
1875 3520 2077 3576 Discite

506 3609 697 3666 bonum
721 3610 915 3680 facere,
940 3612 1159 3681 quwrite
1181 3611 1471 3682 judicium,
1503 3612 1744 3682 judicate
1786 3614 1987 3684 pupitlo
2024 3622 2075 3669 et

504 3700 766 3773 defendite
778 3703 1016 3766 viduam;
1033 3711 1082 3757 et
1098 3703 1284 3770 venite,
1296 3714 1344 3758 et
1361 3705 1738 3775 disceptemus,
1757 3705 1883 3759 dicit
1905 3705 2079 3760 Domi-

506 3810 628 3849 nus.
681 3791 799 3848 Etsi
831 3793 1030 3863 fuerint
1050 3803 1266 3863 peccata
1291 3805 1465 3850 vestra
1486 3796 1621 3850 sicut
1652 3812 1909 3866 purpura,
1949 3814 2081 3868 qua-

506 3886 555 3941 si
577 3887 744 3941 nivem
769 3884 1026 3941 dealbabo
1053 3887 1094 3941 ³.
1125 3884 1232 3942 Sed
1263 3886 1368 3941 hoc
1392 3887 1611 3958 quidem
1662 3896 1882 3959 pactum
1929 3888 2081 3944 Scri-

507 3986 666 4049 ptura
688 3995 993 4051 prominere
1020 3980 1349 4046 antevertit;
1375 3978 1469 4050 qui
1506 3987 1688 4034 autem
1717 3980 1943 4036 deorum
1980 3997 2080 4036 no-

509 4071 655 4126 mine
675 4073 877 4135 ornati,
900 4078 955 4125 et
977 4077 1131 4123 tanta
1160 4069 1412 4124 doctrina
1444 4068 1652 4141 dignati
1682 4079 1832 4137 sunt,
1882 4074 2081 4126 nescie-

508 4174 655 4230 runt,
682 4180 842 4234 neque
870 4164 1262 4228 intellexerunt,
1292 4164 1347 4217 in
1375 4163 1601 4218 tenebris
1633 4164 1927 4221 ambulant.
1956 4165 2081 4221 Haec

509 4267 675 4323 porro
702 4250 769 4305 ad
795 4262 1011 4323 tempus
1031 4253 1157 4307 item
1185 4254 1375 4323 prima:
1405 4250 1715 4307 Servatoris
1763 4255 1937 4310 nostri
1981 4271 2079 4325 pe-

509 4343 899 4414 regrinationis
930 4344 1257 4409 referantur,
1286 4363 1398 4416 quo
1438 4347 1506 4401 ad
1537 4361 1842 4418 synagogas
1866 4348 2081 4404 Judmo-

508 4446 629 4486 rum
660 4434 949 4501 accedens,
981 4444 1035 4489 et
1075 4435 1129 4489 in
1183 4437 1421 4491 medium
1475 4438 1782 4508 principum
1830 4439 2076 4502 veniens.

506 4536 634 4576 cum
668 4522 804 4593 ipsis
829 4524 1166 4596 disputabat,
1206 4527 1465 4598 ipsosque
1508 4529 1863 4601 coarguebat.
1890 4530 2081 4585 testiﬁ~

2179 3337 2473 3408 πρόσωπα
2495 3325 2859 3402 ἁμαρτωλῶν
2873 3321 3237 3393 λαμϐάνετε;
3269 3317 3518 3385 Κρίνατε
3545 3312 3756 3408 πτωχῴ

2179 3405 2279 3487 καὶ
2304 3424 2563 3498 ὀρφανῷ.
2592 3422 2675 3477 Τά
2700 3423 2861 3492 ὃμοια
2886 3418 2942 3471 δὲ
2965 3416 3176 3479 τούτοις
3206 3412 3302 3467 καὶ
3324 3410 3414 3464 διὰ
3447 3409 3675 3461 Ἡσαΐου
3699 3405 3759 3457 τὸ

2181 3519 2519 3597 προφητικὸν
2559 3514 2787 3586 Πνεῦμα
2811 3512 3053 3583 κέκραγε
3084 3506 3237 3603 λέγον
3258 3520 3273 3536 ’
3305 3502 3534 3603 Μάθετε

2180 3590 2396 3681 ποιεῖν,
2428 3610 2794 3680 ἐκζητήσατε
2835 3605 3059 3674 κρίσιν,
3091 3600 3329 3669 κρίνατε
3373 3590 3615 3664 ὀρφανῷ
3657 3590 3757 3644 και

2180 3706 2537 3763 δικαιώσατε
2583 3702 2739 3775 χήρᾳ
2761 3716 2777 3731 ο
2814 3698 2913 3752 καί
2947 3694 3139 3761 δεῦτε,
3183 3691 3281 3747 καὶ
3327 3683 3759 3756 διαλεχθῶμεν,

2179 3801 2341 3871 λέγει
2388 3799 2624 3867 Κύριος.
2655 3792 2765 3849 Καὶ
2795 3792 2904 3846 ἐὰν
2931 3784 3080 3843 ὦσιν
3107 3790 3165 3841 αἱ
3190 3782 3467 3855 ἁμαρτίαι
3488 3777 3661 3871 ὐμιῇ

2180 3867 2515 3963 φοίνικοῦν,
2552 3890 2631 3954 ὡς
2680 3885 2854 3956 χιόνα
2895 3876 3368 3971 λευκανῶΩΑλλξι
3393 3872 3575 3971 fabra
3607 3867 3755 3971 pleb

2179 3984 2336 4052 λόγος
2379 3976 2855 4055 προδιαστέλλεται
2877 3992 2891 4006 ο
2914 3974 2963 4026 οἱ
2991 3972 3047 4025 δὲ
3076 3972 3144 4042 τῇ
3189 3968 3295 4021 τῶν
3323 3963 3467 4055 θεῶν,
3490 3963 3755 4055 ἐπηγορίᾳ

2178 4052 2522 4146 τιμηθέντες,
2571 4071 2666 4125 καὶ
2714 4066 2981 4138 τοσαύτης
3023 4058 3366 4121 διδασκαλίας
3416 4052 3754 4146 ἀξιωθέντες,

2181 4142 2629 4233 observatur,
2664 4158 2806 4213 οὐδὲ
2854 4153 3157 4223 συνῆκαν,
3188 4150 3259 4204 ἐν
3296 4148 3499 4201 σκότει
3550 4142 3752 4196 dmo-

2172 4232 2471 4325 ρεύονται.
2503 4253 2688 4307 Ταῦτα
2720 4252 2777 4305 δέ
2808 4249 2903 4303 καὶ
2949 4249 3028 4311 είς
3060 4246 3151 4299 τὸν
3187 4241 3375 4312 καιρὸν
3406 4238 3503 4308 τῆς
3537 4232 3755 4306 πρώτης

2179 4348 2274 4402 τοῦ
2310 4348 2559 4417 Σωτῆρος
2588 4343 2745 4416 ἡμῶν
2778 4340 3069 4413 ἐπιδημίας
3094 4335 3415 4405 ἀναφέροιτο
3439 4330 3527 4394 ἂν,
3562 4325 3755 4380 καθ’ὄν

2182 4444 2241 4498 ἐν
2260 4446 2377 4507 ταῖς
2397 4443 2741 4511 συναγωγαῖς
2766 4436 3127 4510 παραϐάλλων
3146 4433 3240 4487 τοῦ
3269 4429 3538 4485 Ἰουδαίων
3554 4425 3750 4484 ἔθνους,

2182 4536 2277 4589 καὶ
2327 4534 2488 4606 μέσος
2532 4532 2643 4586 τῶν
2682 4530 2959 4603 ἀρχόντων
3007 4524 3240 4599 παριὼν,
3270 4522 3367 4585 τὰς
3398 4520 3536 4592 πρὸς
3567 4516 3753 4577 αὐτοὺς

505 4625 641 4667 cans
685 4612 1018 4685 edicensque
1064 4631 1128 4671 ea
1178 4632 1301 4688 quae
1347 4617 1647 4675 invfuturo
1689 4618 1897 4690 judicio
1943 4621 2073 4691 ipsis

2184 4628 2416 4680 ἐποιεῖτο
2443 4624 2727 4689 διαλέξεις,
2751 4622 3003 4692 ἐλέγχους
3025 4638 3085 4673 τε
3114 4618 3295 4679 αὐτοῖς
3318 4614 3491 4684 ἐπῆγε
3507 4653 3523 4678 ,
3558 4626 3754 4683 μαρτν-

504 4712 773 4759 ewentura
795 4717 973 4764 erant.
1006 4707 1098 4764 Sic
1123 4710 1307 4779 itaque
1338 4708 1481 4767 Deus
1517 4712 1609 4767 illo
1630 4722 1876 4784 tempore
1898 4714 2080 4771 stabat

509 4797 566 4852 in
595 4814 869 4872 synagoga
896 4801 1147 4868 deorum,
1182 4811 1236 4859 et
1264 4806 1318 4859 in
1362 4805 1543 4861 medio
1572 4815 1903 4862 memoratos
1946 4807 2080 4861 deos

502 4889 803 4958 judicabat.
842 4891 950 4949 Pro
973 4895 1066 4949 illo
1089 4911 1345 4967 namque,
1380 4897 1667 4967 dijudicat,
1719 4897 2081 4970 Symmachus

509 4989 563 5037 et
583 4982 800 5053 Aquila,
822 4986 1097 5056 judicans,
1155 4989 1606 5062 interpretantur.
1666 4992 1732 5047 Et
1785 4994 2080 5064 perpende,

512 5090 720 5147 quasso,
756 5092 865 5147 quo
895 5086 1056 5149 pacto
1082 5080 1217 5137 deos
1243 5084 1613 5138 nominaverit
1655 5098 1751 5140 eos
1773 5085 1839 5140 de
1882 5085 2097 5155 quibus

507 5172 806 5240 iudicatur,
838 5190 939 5229 nec
965 5191 1293 5249 synagogam
1322 5177 1551 5233 deorum
1595 5193 1900 5233 memorare
1923 5178 2083 5233 dubi-

509 5264 726 5329 taverit,
750 5264 816 5318 ad
839 5264 1216 5323 confusionem
1249 5283 1442 5329 eorum
1479 5270 1571 5341 qui
1625 5268 1924 5327 Salvatoris
1951 5271 2083 5325 dei-

511 5361 674 5409 tatem
712 5356 1003 5427 abnegant.
1036 5356 1172 5412 Nam
1204 5359 1250 5414 si
1279 5375 1376 5415 eos
1405 5361 1499 5431 qui
1554 5360 1790 5414 convicti
1844 5359 2081 5425 fuerant,

509 5452 564 5498 et
612 5454 834 5516 propter
880 5447 1181 5516 nequitiam
1227 5451 1370 5504 male
1412 5450 1730 5513 audiebant,
1788 5451 1919 5507 deos
1983 5468 2080 5507 vo-

508 5553 637 5593 care
691 5547 982 5594 cunctatus
1030 5554 1140 5593 non
1190 5546 1330 5607 est;
1389 5548 1471 5595 tot
1532 5541 1866 5598 mirabilium
1921 5542 2081 5613 opili-

508 5644 626 5685 ccm
676 5644 925 5699 operum,
973 5632 1066 5701 qui
1110 5631 1378 5703 judicium
1437 5649 1466 5688 a
1508 5632 1672 5690 Patre
1708 5634 1941 5707 accepit,
1986 5635 2081 5707 qui

587 5811 609 5841 ’
648 5810 748 5865 lss.
788 5829 839 5877 ι,
883 5812 964 5869 Π.

2191 4717 2415 4789 ρόμενος
2467 4715 2558 4768 καὶ
2601 4712 3041 4783 διαστελλόμενος
3066 4708 3135 4763 τὰ
3162 4706 3412 4780 περὶτῆς
3464 4701 3752 4789 μελλούσης

2186 4788 2382 4871 αὐτοὺς
2433 4806 2786 4879 διαλήψεσθαι
2836 4804 3091 4877 κρίσεως.
3124 4800 3308 4864 Οὕτως
3344 4793 3437 4851 οὖν
3463 4799 3492 4851 ὁ
3520 4795 3650 4857 Θεὸς
3689 4788 3751 4863 ἦν

2186 4902 2305 4954 κατ’
2330 4900 2502 4951 ἐκεῖνο
2534 4895 2727 4969 καιροῦ
2757 4895 2925 4959 ἑστὼς
2946 4897 3003 4949 ἐν
3035 4894 3321 4963 συναγωγῇ
3344 4888 3504 4951 θεῶν,
3534 4888 3592 4939 ἐν
3617 4885 3753 4956 μέσῳ

2184 5010 2245 5045 τε
2290 4991 2417 5053 τοὺς
2452 4988 2843 5061 προλεχθέντας
2874 4987 3071 5058 κρίνων
3103 4984 3287 5048 θεούς·
3322 4982 3444 5037 ἀντὶ
3489 4982 3598 5051 γάρ
3644 4975 3744 5035 τοῦ.

2185 5082 2493 5151 διακρίνει,
2521 5082 2551 5135 ὁ
2580 5080 2873 5152 Σύμμαχος
2914 5078 3010 5131 καὶ
3046 5079 3076 5131 ὁ
3113 5073 3363 5137 Ἀκύλας,
3398 5073 3640 5140 κρίνων,
3669 5068 3747 5119 ἐκ·

2185 5173 2469 5227 δεδώκασι.
2497 5173 2607 5227 Καὶ
2638 5174 2741 5244 ὅρα
2772 5174 2927 5237 ὅπως
2947 5171 3103 5233 θεοὺς
3129 5167 3379 5237 ὠνόμασε
3425 5165 3552 5227 τοὺς
3579 5173 3746 5230 κρινο-

2190 5268 2405 5339 μένους,
2432 5267 2526 5321 καὶ
2564 5266 2702 5320 θεῶν
2747 5266 3068 5333 συναγωγὴν
3097 5261 3197 5314 οὐκ
3223 5258 3469 5328 ὤκνησεν
3500 5247 3746 5306 ἀποκαλέ-

2188 5378 2299 5424 σαι,
2333 5361 2413 5423 είς
2439 5357 2750 5429 δυσώπησιν
2779 5356 2891 5409 τῶν
2916 5353 3263 5426 ἀρνουμένων
3286 5349 3379 5403 τοῦ
3402 5348 3645 5417 Σωτῆρος
3659 5341 3745 5408 τὴν

2187 5452 2437 5522 Θεότητα.
2472 5452 2535 5504 Et
2576 5450 2686 5521 γὰρ
2716 5450 2845 5511 τοὺς
2887 5444 3274 5516 ἐλεγχομένους
3320 5441 3412 5495 καὶ
3462 5439 3554 5492 ἐπὶ
3583 5430 3741 5530 *κακίᾳ

2186 5542 2638 5613 διαδαλλομένους
2679 5541 2799 5594 ούκο
2826 5538 2990 5592 ὤκνει
3021 5537 3175 5599 θεοὺς
3208 5532 3514 5603 ὀνομάζειν,
3542 5527 3627 5580 τὸν
3649 5527 3742 5574 τῶν

2185 5634 2455 5691 τοσούτων
2492 5633 2811 5707 παραδόξων
2845 5632 3019 5704 ἔργων
3050 5626 3299 5700 ποιητὴν,
3327 5624 3418 5679 τὸν
3452 5622 3548 5693 τὴν
3582 5615 3742 5688 κρίσιν
