4004 6548
260 359 371 418 985

1431 358 1940 417 COMMENTARIA
1981 361 2047 416 IN
2099 361 2442 421 PSALMOS.

3412 372 3519 429 986

257 474 413 546 παρὰ
458 473 556 527 τοῦ
590 473 802 545 Πατρὸς
834 474 1112 545 εἰληφότα,
1142 473 1261 539 πῶς
1308 475 1369 529 ού
1412 476 1746 531 δικαιότατον
1778 479 1844 547 τῇ

1947 492 2059 533 non
2090 479 2460 547 aequissimum
2496 478 2661 535 fuerit
2688 482 2983 537 venerabili
3014 481 3107 539 Dei
3140 483 3346 540 honore
3375 487 3520 542 cele-

257 557 374 620 τοῦ⁹
403 565 539 619 Θεοῦ
597 566 876 637 σεὸασμίῳ
917 569 1049 637 τιμῇ
1084 567 1406 637 σεμνύνειν;
1436 568 1606 622 Τοῦτό
1636 587 1718 623 τοι
1748 571 1843 623 καὶ

258 658 423 723 αὐτὸς
451 660 479 711 ό
507 657 699 729 Σωτὴρ
725 658 1119 728 δυσωπητικῶς
1147 659 1285 730 πρὸς
1323 660 1519 722 αὐτοὺς
1545 662 1673 724 τοὺς
1712 662 1845 715 Ἰου-

259 751 429 804 δαίων
470 752 737 823 ἇρχοντας
786 751 1123 821 προύτεινεν,
1154 751 1348 816 αὑταῖς
1393 752 1451 805 δὲ
1499 753 1722 817 ταύταις
1750 770 1843 807 κε-

259 840 532 913 χρημένος
575 843 695 904 ταῖς
746 840 1048 912 παρούσαις
1092 840 1320 908 λέξεσιν.
1372 843 1686 913 Εἰρηκότων
1736 844 1844 915 γὰρ

258 931 469 985 αὐτῶν·
507 932 647 1001 Περί
682 932 868 987 καλοῦ
896 931 1074 1002 ippon
1104 935 1177 987 οὐ
1212 930 1523 1003 λιθάζομέν
1558 951 1653 999 σε,
1683 935 1846 989 ἀλλὰ

259 1024 395 1092 περὶ
434 1024 856 1093 βλασφημίας,
896 1024 986 1078 ὅτι
1031 1024 1133 1089 σὺ,
1169 1024 1479 1093 ἄνθρωπος
1522 1025 1627 1093 ὢν,
1658 1027 1845 1092 ποιεῖς

258 1117 523 1171 σεαυτόν
575 1118 758 1170 Θεόν·
794 1118 1200 1185 ἁνταπεκρίθη
1247 1119 1451 1186 αὐτοῖς
1500 1123 1533 1173 ό
1574 1121 1801 1187 Ἰησοῦς
1828 1136 1841 1149 ·

262 1210 387 1260 Οὐκ
416 1209 545 1261 ἔστι
568 1208 974 1279 γεγραμμένον
991 1210 1062 1263 ἐν
1079 1207 1157 1274 τῷ
1183 1212 1345 1278 νόμῳ
1371 1209 1555 1281 ὑμῶν,
1575 1211 1686 1278 ὅτι,
1705 1212 1845 1281 Ἐ

256 1294 417 1352 εἶπα·
439 1299 573 1353 Θεοί
602 1299 782 1363 ἐστε;
816 1303 883 1354 Εἰ
910 1300 1183 1367 ἐκείνους
1205 1298 1335 1355 εἷπε
1362 1302 1556 1370 θεοὺς,
1570 1303 1718 1372 πρὸς
1736 1303 1845 1370 οὓς

257 1390 297 1442 όν
323 1390 504 1458 λόγος
536 1388 771 1458 ἐγένετο
803 1391 906 1445 τοῦ
943 1393 1113 1457 Θεοῦ,
1148 1392 1247 1449 καὶ
1273 1394 1344 1446 οὐ
1370 1392 1617 1446 δύναται
1657 1392 1846 1461 λυθῆ-

256 1497 356 1534 ναι
380 1481 419 1547 ἠ
450 1480 686 1550 Fpagpij,
714 1481 788 1535 ὃν
821 1485 853 1535 ό
887 1483 1090 1551 Πατὴρ
1113 1484 1332 1554 ἡγίασε
1355 1484 1454 1537 καὶ
1486 1484 1846 1539 ἀπέστειλεν

256 1572 345 1637 είς
377 1571 485 1626 τόν
507 1574 758 1643 κόσμον,
787 1574 956 1641 ὑμεῖς
984 1575 1210 1644 λέγετε,
1237 1575 1326 1629 ὅτι
1354 1576 1726 1647 βλασφημεῖ,
1757 1577 1846 1630 ὅτι

256 1659 450 1718 εἶπον·
486 1666 617 1732 Υίὸς
643 1666 790 1721 Θεοῦ
818 1669 954 1736 εἰμι.
981 1668 1045 1721 Εἰ
1074 1668 1131 1722 δὲ
1155 1667 1304 1735 λέγοι
1323 1669 1351 1721 ό
1368 1669 1576 1740 Σωτὴρ,
1607 1671 1846 1737 ὃτι,οὺκ

256 1754 391 1810 ἔστι
407 1756 812 1827 γεγραμμένον
835 1759 904 1812 ἐν
932 1758 1011 1825 τῷ
1032 1760 1233 1829 νόμῳ;
1261 1759 1336 1832 μὴ
1370 1760 1658 1834 Θαυμάσῃς
1675 1779 1689 1793 ·
1722 1760 1845 1814 ἐπεὶ

260 1847 438 1901 πάντα
479 1848 634 1917 λόγον
668 1848 826 1911 Θεοῦ,
858 1849 920 1902 ού
956 1850 1115 1921 μόνον
1140 1851 1232 1904 τὸν
1259 1831 1347 1903 διὰ
1377 1831 1660 1917 Μωσέως,
1707 1853 1843 1907 ἀλλὰ
1876 1831 1919 1886 Β

256 1941 351 1994 καὶ
380 1941 472 1994 τὸν
501 1941 591 1995 διὰ
615 1942 725 1996 τῶν
768 1944 1065 2014 προφητῶν
1109 1943 1455 2014 λελεγμένον,
1486 1944 1677 2018 ὥσπερ
1724 1947 1845 2001 τινὰ

257 2032 538 2102 βασιλικὸν
566 2033 728 2105 νόμον
754 2034 1113 2105 ἀποδέχεσθαι
1152 2036 1393 2090 διδάσκει
1412 2053 1425 2067 ·
1471 2036 1612 2090 ὥστε
1651 2038 1746 2091 καὶ
1776 2038 1847 2091 τὰ

252 2125 345 2179 διὰ
401 2125 510 2178 τῶν
565 2126 861 2198 προφητῶν
915 2127 1345 2199 παρηγγελμένα
1370 2128 1606 2198 εὐλόγως
1630 2130 1695 2184 ἄν
1725 2147 1847 2183 τινα

254 2215 398 2271 εἶναι
430 2218 597 2288 φάναι
629 2220 827 2286 νόμους
874 2220 1038 2274 Θεοῦ·
1072 2222 1166 2275 καὶ
1194 2220 1256 2274 τὸ
1281 2220 1369 2275 διὰ
1394 2222 1493 2292 τῆς
1524 2222 1845 2294 ψαλμῳδίας

254 2310 479 2381 ὁμοίως.
516 2312 687 2377 Αύτὸς
714 2308 807 2366 οῦν
840 2315 869 2366 ό
896 2313 989 2365 τοῦ
1016 2312 1152 2366 Θεοῦ
1180 2306 1372 2382 Λόγος,
1413 2314 1626 2386 μορφὴν
1657 2315 1845 2368 δούλου

258 2402 459 2467 λαϐὼν,
494 2403 589 2457 καὶ
620 2406 860 2475 σχήματι
886 2406 1130 2477 εὑρεθεὶς
1172 2406 1249 2471 ὠς
1295 2407 1601 2479 ἄνθρωπος,
1628 2408 1757 2480 ἔστη
1786 2410 1846 2462 ὲν

258 2499 548 2566 συναγωγῇ
590 2495 747 2559 Θεῶν,
780 2497 875 2550 καὶ
905 2497 1069 2568 μέσος
1092 2497 1199 2551 τῶν
1225 2500 1281 2552 ὲν
1303 2498 1611 2571 ἀνθρώποις
1632 2500 1847 2571 ὠνομα-

256 2589 492 2643 σθέντων
522 2587 659 2642 θεῶν
681 2587 939 2657 γεγονὼς,
964 2588 1177 2661 ἔκρινεν
1205 2591 1421 2655 αὐτοὺς,
1445 2592 1681 2662 ὁπηνίκα
1708 2592 1846 2663 πρὸς

256 2683 452 2746 αὐτοὺς
474 2682 691 2751 ἔλεγεν·
740 2682 793 2733 '0
833 2684 1017 2752 λόγος
1053 2682 1125 2736 ὃν
1163 2681 1446 2752 ἐλάλησα
1485 2683 1636 2753 πρὸς
1664 2682 1843 2754 ὑμᾶς,

253 2773 437 2839 αὐτὸς
478 2772 636 2843 ὑμᾶς
673 2773 882 2842 κρίνει.
926 2773 1037 2825 Καὶ
1091 2773 1289 2844 μᾶλλον
1334 2774 1478 2829 οὕτω
1530 2776 1731 2848 πρέποι
1778 2777 1845 2831 ἂν

258 2863 574 2934 ἐκδέχεσθαι
625 2863 725 2935 τὴν
770 2862 1052 2935 παροῦσαν
1102 2864 1415 2937 Γραφὴν,ἣ
1468 2865 1711 2936 νομίζειν
1755 2867 1847 2921 τὸν

255 2958 514 3010 ἐπέκεινα
551 2957 658 3011 τῶν
692 2957 827 3011 ὅλων
869 2956 1021 3021 Θεὸν,
1057 2957 1219 3011 αὐτὸν
1245 2958 1335 3011 τὸν
1364 2959 1603 3030 Πατέρα,
1638 2961 1696 3011 ὲν
1720 2958 1847 3011 τού-

252 3068 368 3114 τοις
416 3049 731 3118 εἰσάγεσθαι
778 3050 980 3121 μεταξὺ
1034 3049 1172 3103 θεῶν
1207 3050 1410 3122 ἑτέρων
1439 3050 1671 3106 ἑστῶτα.
1706 3050 1844 3105 Οὔτε

252 3144 362 3213 γὰρ
400 3142 676 3214 ἰσοτίμους
714 3142 864 3214 αὐτῷ
890 3160 1041 3206 τινας
1070 3140 1211 3196 εἷναι
1237 3144 1485 3199 ὑπονοεῖν
1513 3144 1691 3216 Θέμις,
1720 3144 1843 3197 οὗτε
1873 3175 1915 3233 C

255 3235 420 3288 αὑτὸν
456 3236 537 3298 εἰς
559 3234 815 3289 τοσοῦτον
846 3238 1202 3304 καταγαγεῖν,
1236 3235 1312 3301 ὡς
1344 3237 1506 3308 μέσον
1543 3237 1844 3309 ἀνθρώπων

254 3329 512 3399 παρεῖναι
564 3327 659 3381 καὶ
704 3327 926 3382 ἑστάναι
969 3327 1340 3383 ὑποτίθεσθαι.
1368 3330 1552 3383 Ταῦτα
1579 3330 1637 3384 δὲ
1665 3331 1844 3385 πάντα

249 3418 318 3474 ἂν
371 3419 601 3492 ἁρμόζοι
646 3418 725 3491 τῷ
771 3419 992 3491 Χριστῷ
1034 3420 1129 3474 τοῦ
1181 3421 1349 3475 Θεοῦ·
1381 3422 1441 3485 ὃς
1482 3421 1547 3493 δὴ
1576 3423 1841 3492 φάσκων·

252 3512 405 3578 Ἕως
445 3513 590 3566 πότε
622 3514 853 3580 κρίνετε
894 3512 1152 3575 ἀδικίαν,
1183 3513 1281 3567 καὶ
1329 3515 1623 3583 πρόσωπα
1657 3516 1844 3585 ἀμαρ-

247 3603 462 3660 τιυλῶν
506 3604 877 3674 λαμϐάνετε;
925 3604 984 3657 ού
1043 3605 1180 3675 πρὸς
1224 3606 1465 3670 ἐκείνους
1514 3607 1708 3677 μόνους
1763 3603 1845 3675 οἷς

252 3697 448 3770 παρὼν
476 3697 695 3769 ὡμίλει,
725 3696 863 3751 ἀλλὰ
888 3697 982 3750 καὶ
1008 3697 1145 3769 πρὸς
1165 3698 1373 3762 πάντας
1392 3697 1534 3752 εῐποι
1562 3698 1627 3753 ἂν
1650 3699 1842 3765 ταῦτα,

252 3790 383 3852 τοὺς
432 3788 532 3859 τὴν
577 3788 825 3853 ἐξουσίαν
875 3788 969 3842 τοῦ
1020 3790 1228 3860 κρίνειν
1271 3789 1493 3862 ἑτέρους
1536 3791 1841 3863 εἰληφότας.

252 3877 549 3948 Μέμφεται
599 3876 656 3931 δὲ
710 3878 935 3943 εἰκότως
976 3880 1103 3941 τοὺς
1149 3877 1718 3951 καθυποκρινομένους
1748 3883 1845 3953 μὲν

249 3970 321 4023 τὰ
367 3968 479 4022 τῶν
527 3967 797 4022 πλουσίων
845 3969 1137 4040 πρόσωπα,
1170 3969 1612 4036 καταπονοῦντας
1638 3971 1695 4025 δὲ
1718 3974 1847 4037 τοὺς

250 4059 528 4129 πένητας·
563 4059 682 4113 δέον
731 4058 811 4130 τῷ
854 4060 955 4131 τῆς
995 4059 1345 4131 δικαιοσύνης
1386 4059 1537 4132 ζυγῷ
1583 4062 1844 4130 δικάζειν,

258 4150 701 4221 μνημονεύοντας
740 4151 1041 4219 φάσκοντος
1080 4150 1246 4221 νόμου
1270 4167 1282 4180 ·
1319 4155 1404 4206 Οὐ
1448 4152 1620 4222 λήψῃ
1661 4156 1848 4222 πρόσ-

266 4257 435 4297 ωπον
466 4244 537 4297 ἐν
557 4244 768 4311 κρίσει.
798 4242 937 4297 Νυνί
962 4243 1019 4296 δὲ
1053 4243 1314 4309 πολλάκις
1335 4245 1430 4299 καὶ
1450 4248 1610 4317 ἡμεῖς
1633 4248 1726 4301 ἐπὶ
1748 4250 1847 4320 μὲν

263 4334 375 4387 τῶν
401 4335 646 4405 πενήτων
677 4334 975 4388 πταιόντων
1008 4334 1218 4405 σμικρά
1241 4352 1360 4389 τινα
1384 4336 1646 4408 ἁπότομοι
1668 4339 1847 4407 γιγνό-

265 4427 405 4499 μεθα
439 4428 647 4499 κριταὶ,
682 4428 777 4480 καὶ
825 4427 1191 4500 ἀπαραίτητοι
1241 4429 1298 4481 ἐν
1348 4431 1469 4492 ταῖς
1511 4429 1632 4483 κατ’
1666 4429 1845 4483 αὐτῶν

1945 568 2145 623 brare?
2177 568 2332 636 Quod
2366 571 2483 641 ipse
2514 570 2774 627 Servator
2800 574 3007 644 pudore
3027 574 3344 631 Judaeorum.
3365 579 3521 647 prin-

1942 658 2093 729 cipes
2118 660 2379 722 alliciens,
2402 661 2732 733 eosdemque
2766 663 2853 719 his
2884 664 3019 735 ipsis
3054 664 3236 720 verbis
3272 667 3516 736 compel-

1945 750 2087 817 lans,
2128 752 2440 822 objiciebat.
2478 753 2611 808 Nam
2656 771 2782 810 cum
2823 756 2898 810 illi
2926 758 3193 814 dixissent
3226 777 3238 812 :
3270 758 3348 813 De
3385 758 3518 813 bona

1945 858 2098 912 opere
2126 860 2231 897 non
2259 844 2560 915 lapidamus
2594 856 2661 913 te,
2696 846 2786 901 sed
2807 848 2870 902 de
2899 847 3253 918 blasphemia;
3283 851 3406 920 quia
3438 860 3522 915 tu,

1946 934 2103 989 homo
2144 952 2263 990 cum
2294 938 2392 1003 sis,
2439 938 2575 1007 facis
2617 940 2836 1009 teipsum
2880 940 3048 994 Deum
3078 959 3096 995 :
3128 942 3394 1011 respondit
3443 944 3521 998 eis

1945 1021 2103 1078 Iesus
2131 1038 2150 1079 :
2185 1023 2375 1080 Nonne
2412 1028 2665 1095 scriptum
2691 1039 2769 1083 est
2803 1030 2854 1083 in
2884 1029 2993 1100 lege
3023 1041 3227 1085 vestra:
3250 1030 3362 1102 Ego
3385 1032 3520 1098 dixi,

1896 1112 1907 1125 ⁸
1945 1115 2039 1170 Dii
2057 1119 2182 1171 estis
2199 1121 2225 1173 ?
2244 1116 2305 1173 Si
2331 1119 2454 1174 illos
2484 1120 2620 1175 dixit
2646 1120 2769 1175 deos
2796 1124 2865 1174 ad
2891 1139 3020 1192 quos
3042 1140 3211 1178 sermo
3235 1123 3329 1178 Dei
3347 1124 3522 1194 [actus

1946 1219 2046 1273 est,
2078 1219 2127 1262 et
2166 1227 2270 1264 non
2296 1220 2467 1279 potest
2513 1211 2644 1267 solvi
2677 1212 2986 1281 Scriptura;
3024 1231 3176 1283 quem
3205 1213 3368 1268 Pater
3397 1232 3525 1269 san-

1946 1301 2197 1371 ctiﬁcavit
2221 1312 2271 1356 et
2298 1304 2445 1358 misit
2478 1306 2533 1357 in
2563 1304 2840 1367 mundum,
2878 1322 2966 1360 vos
3006 1306 3184 1361 dicitis
3222 1308 3348 1375 quia
3378 1307 3525 1362 blas-

1947 1396 2180 1463 pltemat,
2213 1398 2341 1466 quia
2369 1397 2484 1451 dixi
2508 1413 2528 1451 :
2560 1395 2609 1450 F
2613 1398 2736 1452 ilius
2761 1397 2861 1452 Dei
2895 1416 3012 1453 sum
3042 1399 3086 1454 ⁸.
3116 1399 3270 1465 Quod
3308 1400 3355 1454 si
3395 1400 3525 1456 Ser-

1947 1494 2102 1542 vatur
2131 1487 2277 1543 dicat
2311 1508 2324 1543 :
2361 1487 2551 1543 Nonne
2579 1499 2657 1543 est
2696 1491 2954 1559 scriptum
2983 1492 3036 1544 in
3079 1492 3185 1562 lege
3210 1495 3234 1547 ξ)
3261 1508 3328 1545 ne
3360 1493 3525 1547 mire-

1949 1578 2059 1644 ris;
2096 1580 2355 1648 quoniam
2389 1580 2686 1649 quemlibet
2726 1595 3036 1635 sermonem
3061 1580 3177 1642 Dei,
3202 1597 3309 1636 non
3344 1583 3526 1637 solum

1948 1672 2040 1741 qui
2068 1687 2163 1741 per
2197 1670 2459 1743 Moysem,
2495 1671 2592 1727 sed
2621 1672 2784 1727 etiam
2819 1688 2914 1742 per
2953 1675 3251 1744 prophetas
3283 1675 3528 1744 prolatus

1951 1761 2043 1825 sit,
2071 1762 2227 1831 quasi
2255 1762 2459 1832 regiam
2491 1761 2782 1831 quamdam
2818 1762 2989 1833 legem
3028 1764 3403 1834 accipiendum
3430 1766 3528 1821 dco

1948 1863 2075 1916 cet;
2127 1855 2202 1907 ita
2249 1862 2308 1908 ut
2350 1862 2619 1925 praecepta
2667 1872 2762 1925 per
2797 1858 3091 1928 prephetas
3126 1858 3359 1923 tradita,
3400 1859 3526 1928 jure

1949 1946 2095 2016 leges
2133 1945 2223 2000 Dei
2251 1962 2373 2002 esse
2406 1946 2691 2015 dicantur;
2723 1956 2777 2003 et
2811 1950 3060 2006 similiter
3090 1966 3211 2020 quae
3266 1950 3322 2005 in
3367 1949 3525 2006 Psal-

1948 2040 2054 2093 mis
2084 2038 2354 2093 feruntur.
2392 2037 2572 2109 Ipsum
2604 2042 2786 2111 itaque
2814 2040 2907 2098 Dei
2941 2041 3200 2110 Verbum,
3228 2043 3373 2118 quod
3410 2044 3528 2098 for-

1948 2147 2091 2186 mam
2121 2132 2267 2188 servi
2300 2132 2510 2203 accepit
2531 2142 2586 2188 et
2610 2134 2800 2189 habitu
2826 2135 3103 2190 inventum
3137 2144 3222 2193 est
3252 2145 3312 2190 ut
3337 2136 3522 2202 homo,

1947 2222 2097 2277 stetit
2123 2221 2176 2277 in
2207 2238 2481 2294 synagoga
2508 2223 2734 2280 deorum
2755 2263 2771 2289 ,
2807 2233 2862 2280 et
2894 2228 3131 2282 medium
3181 2235 3335 2284 stans
3383 2228 3528 2283 inter

1947 2313 2218 2381 homines,
2252 2314 2345 2385 qui
2374 2315 2449 2369 dii
2484 2326 2773 2377 vocantur,
2806 2315 3089 2385 judicabat
3117 2334 3248 2382 eos,
3287 2333 3412 2372 cum
3443 2318 3528 2378 di-

1945 2412 2093 2459 ceret
2123 2405 2230 2460 illis
2262 2424 2277 2459 :
2303 2404 2489 2460 Sermo
2526 2422 2677 2475 quem
2709 2409 2913 2461 locutus
2948 2424 3065 2461 sum
3095 2408 3257 2473 vobis,
3298 2409 3408 2477 ipse
3436 2425 3527 2462 vos

1936 2496 2147 2565 judicat
2164 2496 2365 2553 “.Hanc
2384 2512 2549 2568 porro
2573 2497 2913 2568 Scripturam
2938 2500 3305 2569 praestabilius
3325 2500 3527 2555 esthoc

1946 2590 2194 2660 accipere
2231 2590 2415 2655 modo,
2450 2606 2612 2661 quam
2647 2598 2841 2662 putare
2884 2590 3053 2647 Deum
3085 2593 3179 2662 qui
3211 2608 3377 2663 super
3409 2608 3530 2647 om-
3629 2600 3635 2607 ’

1947 2683 2036 2737 nia
2069 2690 2175 2747 est,
2204 2682 2385 2753 ipsum
2427 2681 2666 2747 Patrem,
2702 2683 2789 2738 hic
2833 2683 3017 2739 induci
3052 2684 3193 2740 inter
3223 2686 3361 2740 alios
3392 2685 3528 2741 deos

1948 2781 2205 2829 stantem.
2233 2773 2418 2845 Neque
2450 2775 2595 2829 enim
2630 2775 2756 2829 licet
2788 2776 2929 2830 alios
2961 2775 3062 2845 ipsi
3106 2776 3314 2830 honore
3342 2791 3527 2845 mqua—

1948 2867 2025 2920 les
2060 2881 2182 2921 esse
2218 2868 2512 2936 suspicari,
2559 2882 2737 2935 neque
2788 2867 2967 2937 ipsum
3000 2869 3073 2921 ita
3104 2868 3428 2937 deprimere,
3468 2877 3555 2922 ut.

1950 2959 2162 3013 medius
2215 2959 2358 3013 inter
2404 2958 2657 3013 homines
2700 2974 2825 3013 esse
2862 2968 2916 3014 et
2966 2968 3143 3035 stare\
3164 2973 3524 3031 supponatur.

1950 3048 2074 3105 Haec
2099 3065 2265 3121 porro
2294 3052 2477 3105 omnia
2506 3048 2732 3105 Christo
2764 3049 2859 3105 Dei
2888 3059 3199 3121 competant
3232 3070 3245 3106 :
3271 3051 3364 3121 qui
3394 3067 3529 3107 sane

1949 3158 2072 3196 cum
2108 3141 2223 3195 haec
2256 3139 2389 3195 dicit
2422 3160 2433 3195 :
2486 3138 2761 3210 Usquequo
2787 3140 3044 3210 iudicatis
3082 3142 3433 3211 iniquitatem,
3474 3152 3527 3198 et

1947 3234 2109 3302 facies
2134 3242 2469 3301 peccatorum
2491 3233 2746 3289 sumitis?
2774 3248 2880 3288 non
2905 3248 2999 3288 eos
3024 3234 3200 3288 solum
3227 3250 3365 3304 quos
3387 3250 3528 3305 prae-

1946 3341 2074 3382 sens
2104 3324 2517 3394 alloquebatur;
2551 3322 2646 3378 sed
2675 3323 2839 3377 etiam
2868 3339 3061 3380 omnes
3082 3331 3351 3395 quotquot
3372 3334 3530 3395 pote-

1945 3425 2144 3473 statem
2174 3419 2242 3473 de
2276 3417 2401 3473 aliis
2429 3417 2713 3487 judicandi
2737 3418 3072 3488 acceperint,
3105 3419 3185 3473 sic
3211 3420 3524 3489 compellat.

1946 3510 2139 3565 Merito
2173 3517 2354 3564 autem
2390 3510 2570 3580 arguit
2603 3526 2719 3577 eos,
2762 3511 2856 3580 qui
2886 3509 3116 3564 divitum
3146 3526 3435 3581 personam
3467 3513 3526 3567 in

1946 3604 2164 3659 occulto
2186 3602 2487 3673 accipiunt,
2517 3617 2784 3673 pauperes
2807 3610 2987 3658 autem
3010 3603 3327 3673 opprimunt
3354 3622 3369 3671 ;
3395 3620 3523 3660 cum

1944 3703 2194 3767 oporteat
2227 3711 2353 3750 cum
2379 3696 2608 3766 justitia:
2647 3696 2859 3751 bilance
2890 3695 3156 3765 judicium
3206 3695 3371 3761 ferre,
3418 3712 3533 3751 me-

1946 3805 2127 3845 mores
2160 3789 2297 3859 legis
2329 3804 2449 3859 qua:
2473 3789 2549 3842 ait
2584 3803 2597 3840 :
2633 3787 2754 3840 Non
2784 3788 3006 3857 accipies
3042 3804 3324 3856 personam
3346 3788 3399 3840 in
3430 3787 3534 3856 ju-

1945 3880 2085 3935 dicio
2114 3880 2155 3935 ⁸.
2196 3879 2353 3935 Nunc
2384 3888 2566 3935 autem
2600 3880 2921 3950 plerumque
2948 3894 3052 3933 nos
3098 3892 3227 3949 erga
3257 3893 3538 3948 pauperes.

1946 3972 2004 4027 in
2036 3972 2251 4026 modica
2283 3972 2488 4041 lapsos,
2538 3970 2806 4026 immanes
2850 3986 3043 4027 sumus
3082 3970 3319 4040 judiees,
3361 3978 3537 4041 atque

1947 4062 2003 4117 in
2033 4062 2305 4117 sententia
2344 4070 2534 4116 contra
2562 4075 2659 4115 eos
2695 4059 2915 4117 ferenda
2958 4061 3354 4128 inexorabiles;
3385 4062 3528 4116 divi-

1947 4164 2060 4209 tum
2104 4170 2233 4210 vero
2267 4155 2359 4225 qui
2413 4153 2738 4224 gravissima
2792 4154 3024 4209 erimina
3076 4161 3411 4225 perpetrant,
3459 4169 3527 4210 ac

1945 4245 2139 4303 deinde
2168 4247 2221 4300 in
2258 4245 2559 4301 Ecclesiam
2589 4244 2684 4300 Dei
2733 4247 3021 4311 accedunt,
3059 4262 3347 4317 personam
3379 4246 3526 4301 acci-

1945 4342 2147 4412 pimus,
2176 4340 2249 4394 ita
2277 4348 2339 4393 ut
2366 4339 2527 4393 nobis
2547 4340 2711 4394 etiam
2737 4348 3009 4409 competat
3037 4339 3169 4394 illud
3204 4358 3217 4395 :
3249 4338 3524 4411 Usquequo

1938 4430 2198 4500 judicatis
2232 4430 2586 4500 iniquitatem,
2625 4436 2672 4482 et
2709 4428 2871 4497 facies
2908 4438 3239 4497 peccatorum
3274 4428 3532 4483 sumitis?

254 4519 567 4588 ἀποφάσεσι
590 4535 605 4549 ·
660 4517 930 4573 πλουσίων
975 4518 1033 4571 δὲ
1074 4519 1144 4573 τὰ
1179 4518 1411 4589 μέγιστα
1439 4519 1844 4593 ἐξαμαρτανόν-

1945 4523 2079 4578 Cum
2110 4530 2290 4576 autem
2343 4521 2497 4584 dicit,
2530 4536 2814 4591 usquequo,
2847 4520 2914 4575 de
2957 4520 3081 4574 vita:
3111 4520 3259 4573 exitu
3297 4535 3396 4574 nos
3426 4518 3530 4573 ad-

250 4628 384 4673 των,
413 4609 604 4662 ἔπειτα
647 4608 1103 4681 παραϐαλλόντων
1143 4610 1223 4674 εἰς
1252 4609 1349 4682 τὴν
1393 4612 1715 4683 Ἐκκλησίαν
1743 4612 1837 4667 τοῦ

249 4699 412 4765 Θεοῦ,
451 4700 719 4771 πρόσωπα
767 4699 1143 4770 λαμϐάνομεν·
1197 4699 1339 4757 ὥστε
1392 4703 1485 4755 καὶ
1520 4703 1656 4774 πρὸς
1689 4706 1840 4775 ἡμᾶς

251 4796 513 4868 ἁρμόττει
538 4795 599 4849 τό
618 4812 631 4823 ·
665 4796 813 4863 Ἕως
834 4797 978 4849 πότε
1000 4798 1232 4865 κρίνετε
1251 4798 1512 4863 ἀδικίαν,
1532 4800 1629 4854 καὶ
1651 4803 1837 4869 nida-

1944 4622 2153 4673 monet.
2198 4614 2497 4681 Quantum,
2565 4612 2764 4683 inquit,
2824 4611 3084 4681 temporis
3138 4610 3294 4665 vobis
3322 4610 3528 4677 aderit,

1944 4723 2053 4779 quo
2084 4707 2221 4762 tales
2256 4705 2420 4761 sitis?
2456 4720 2521 4759 ac
2551 4703 2770 4759 demum
2802 4719 2898 4758 vos
2937 4702 3032 4757 Dei
3076 4701 3339 4772 judicium
3369 4701 3531 4757 inva—

1944 4803 2057 4857 det.

249 4904 384 4944 ωπα
421 4890 789 4960 ἁμαρτωλῶν
836 4891 1206 4962 λαμϐάνετε;
1251 4895 1338 4948 Ἐν
1384 4896 1443 4949 δὲ
1482 4896 1562 4967 τῷ
1609 4899 1788 4970 λέγειν
1811 4940 1828 4967 ,
1868 4901 1979 4966 ἕως
2030 4898 2193 4959 πότε,
2251 4893 2661 4966 ὑπομιμνήσκει
2717 4887 2818 4965 τῆς
2872 4889 2967 4945 τοῦ
3034 4891 3149 4962 βίου
3181 4890 3527 4963 ἀπαλλαγῆς.

251 4989 425 5042 Πόσον
452 4987 581 5059 γὰρ,
604 4988 791 5059 φησὶν,
813 4987 963 5052 ἕξετε
987 4989 1177 5061 χρόνον
1208 4991 1265 5042 ὲν
1293 4983 1337 5059 ᾧ
1364 4992 1592 5047 τοιοῦτοι
1615 4995 1836 5063 ἔσεσοε;
1874 4996 1968 5050 καὶ
1997 4993 2180 5046 λοιπὸν
2206 4990 2523 5062 διαλήψεται
2556 4989 2701 5059 ὑμᾶς
2728 4990 2761 5060 ἡ
2786 4986 2880 5041 τοῦ
2907 4986 3042 5039 Θεοῦ
3069 4985 3269 5059 κρίσις.

319 5103 413 5156 Διὸ
437 5102 680 5172 ἐπιλέγει
699 5120 712 5133 ·
748 5104 1001 5172 Κρίνατε
1029 5106 1270 5175 πτωχὸν
1291 5108 1389 5161 καὶ
1419 5110 1704 5179 ὀρφανὸν,
1735 5128 1835 5166 ta—

248 5195 464 5249 κεινὸν
487 5195 587 5248 καὶ
607 5194 837 5262 πένητα
852 5193 1226 5251 δικαιώσατε.
1245 5197 1558 5262 Ἐξέλεσθε
1583 5200 1831 5270 πένητα,

2013 5109 2185 5163 Vens.
2220 5109 2274 5162 4.
2311 5106 2492 5173 Quare
2539 5105 2725 5161 subdit
2760 5123 2775 5159 :
2804 5102 3053 5157 Judicale
3098 5119 3314 5173 egenum
3343 5111 3391 5155 et
3421 5117 3521 5171 pu-

1938 5202 2146 5272 pillum,
2170 5200 2417 5253 humilem
2447 5209 2497 5253 et
2518 5214 2796 5269 pauperem
2816 5197 3131 5265 justiﬁcate.
3166 5194 3366 5265 Eripite
3384 5211 3519 5262 pan-

248 5286 351 5340 καί
382 5286 625 5354 πτωχόν
650 5286 719 5340 ἐκ
758 5287 959 5355 χειρὸς
1002 5288 1354 5357 ἀμαρτωλοῦ
1392 5291 1688 5359 ῥύσασθε.
1707 5292 1833 5347 Ἐὰν

1945 5310 2131 5360 parem,
2162 5303 2210 5347 et
2248 5309 2465 5362 egenum
2507 5291 2570 5345 de
2627 5306 2788 5343 manu
2843 5291 3133 5359 peccatoris
3185 5288 3419 5341 liberate.
3460 5285 3518 5340 Si

252 5379 353 5451 μὲν
385 5373 477 5431 οὖν
492 5380 698 5432 τούτων
721 5379 1062 5451 ἀκροώμενοι
1090 5381 1474 5453 παιδευώμεθα
1497 5383 1681 5437 καὶτὰ
1698 5403 1773 5438 πα
1782 5403 1838 5458 ρ-

249 5469 577 5540 αγγέλματα
613 5470 997 5542 φυλάττοιμεν,
1031 5472 1133 5542 τῆς
1164 5474 1229 5526 ὲκ
1256 5473 1363 5527 τῶν
1384 5474 1555 5544 λόγων
1579 5475 1837 5547 ὠνάμεθα

244 5559 541 5631 ὠφελείας.
559 5561 711 5613 Ἐπεὶ
736 5561 828 5614 καὶ
847 5563 976 5633 ἡμῖν
997 5562 1352 5635 λεχθήσεται·
1389 5568 1511 5620 Οὺκ
1539 5566 1836 5636 ἔγνωσαν,

247 5651 395 5708 οὐδὲ
422 5651 726 5721 συνῆκαν,
753 5653 823 5707 ἐν
841 5654 1043 5708 σκότει
1069 5654 1544 5725 διαπορεύονται.
1561 5658 1628 5710 Τί
1655 5657 1711 5711 δὲ
1736 5660 1838 5712 οὐκ

338 5810 360 5840 ⁸
389 5808 549 5865 Joan.
585 5827 653 5877 χ,
692 5812 779 5866 55.
859 5813 882 5847 ⁸
917 5811 1076 5867 Joan.
1115 5828 1223 5879 xu,
1258 5813 1345 5869 48.
1424 5813 1445 5843 ⁸
1485 5812 1641 5869 Deut.
1680 5830 1801 5883 xvi,
1842 5814 1927 5869 ‘19.

1942 5386 2128 5457 itaque
2153 5386 2238 5441 bis
2264 5386 2469 5441 auditis
2493 5384 2560 5439 ad
2591 5383 2939 5453 disciplinam
2962 5382 3288 5435 accedamus
3308 5388 3361 5433 et
3387 5394 3520 5448 pra:-

1941 5488 2097 5547 cepla
2135 5493 2449 5542 servemus,
2492 5493 2562 5532 ex
2604 5474 2955 5531 sermonibus
2998 5473 3287 5526 utilitatem
3334 5468 3515 5539 perci-

1940 5571 2172 5640 piemus.
2191 5568 2404 5626 Etenim
2432 5570 2591 5626 nobis
2626 5583 2843 5640 quoque
2889 5566 3100 5621 dicetur
3128 5561 3416 5617 :—-Vens.
3458 5561 3515 5616 5.

1943 5660 2279 5730 Nescieruut,
2313 5681 2474 5734 neque
2522 5662 2916 5726 intellexerunt,
2967 5660 3026 5713 in
3075 5655 3296 5713 tenebris
3329 5651 3518 5709 ambuo
