4004 6554
512 380 629 437 987·

1220 376 1488 434 EUSEBII
1522 374 2002 433 CESARIENSIS
2031 375 2181 430 OPP.
2226 374 2405 430 PARS
2439 372 2523 429 lll.
2562 401 2631 414 —-
2662 372 3071 430 EXECETICA.

3656 378 3759 434 988

514 497 650 553 lant.
692 494 833 562 Quid
870 505 1047 549 autem
1081 495 1397 547 nescierunt
1450 508 1628 562 neque
1679 493 2069 547 intellexerunt.

2188 493 2430 562 ἔγνωσαν
2475 490 2595 544 οὑδὲ
2646 490 2906 558 συνῆκαν,
2932 489 2971 560 ἦ
3001 490 3081 543 ὅτι
3131 490 3253 544 ὅσον
3287 488 3443 544 οὔπω
3481 491 3579 545 καὶ
3608 493 3761 547 αὑτοὶ

515 586 623 639 nisi
657 601 716 640 se
750 584 1149 655 quamprimum
1201 582 1459 636 tribunali
1494 581 1595 637 Dei
1632 580 1906 636 sistendos
1935 596 2079 645 esse,

514 678 779 731 rationem
818 676 885 730 de
924 675 1146 744 judiciis
1185 675 1387 743 injuste
1439 673 1566 728 latis
1613 672 1960 728 reddituros?
2001 672 2083 727 llli

514 782 643 823 vero
668 765 936 837 judicium
978 764 1070 820 Dei
1106 782 1215 836 pra:
1249 766 1425 820 oculis
1460 780 1570 819 non
1599 772 1884 835 ponentes,
1914 764 1971 817 in
2002 770 2084 817 te-

514 859 701 915 nebris
726 859 1025 922 ambulant,
1065 860 1384 928 ignorantiae
1413 858 1644 927 caligine
1672 858 1870 911 mentis
1894 856 2083 910 oculos

513 952 821 1021 opplentes.
846 949 1211 1015 Quamobrem
1245 964 1343 1019 par
1375 957 1458 1003 est
1488 964 1583 1003 eos
1610 947 1759 1002 verbi
1793 945 2083 1016 splendore

513 1044 836 1108 illustratos,
896 1055 989 1097 aut
1035 1059 1145 1097 non
1187 1042 1458 1112 judicare,
1506 1056 1775 1096 memores
1822 1040 1942 1109 ejus
1988 1038 2081 1108 qui
2130 1110 2143 1117 ε

513 1134 650 1187 dixit
684 1150 698 1187 :
729 1130 908 1186 Nolite
934 1132 1198 1203 judicare,
1229 1139 1286 1184 ut
1324 1148 1427 1184 non
1460 1130 1771 1199 judicemini
1798 1130 1817 1160 ⁷
1845 1146 1859 1195 ;
1892 1135 1985 1181 aut
2035 1125 2081 1181 si

513 1224 568 1277 id
616 1223 909 1293 aliquando
945 1238 1168 1277 necesse
1198 1222 1380 1285 fuerit,
1415 1220 1785 1290 justissimum
1814 1217 2081 1287 judicium

511 1314 676 1378 ferre,
713 1332 776 1369 ac
815 1324 1131 1386 peccatores
1156 1314 1509 1378 convincere;
1534 1312 1746 1367 etiamsi
1782 1309 2083 1380 oportuerit

512 1423 611 1477 pro
640 1407 865 1461 veritate
896 1407 1032 1459 mori
1077 1425 1088 1459 :
1126 1407 1177 1459 in
1216 1405 1454 1457 animum
1492 1403 1831 1465 inducentes,
1874 1402 1929 1455 in
1958 1402 2083 1453 uni-

510 1499 712 1551 versali
746 1498 835 1552 Dei
868 1498 1099 1567 judicio,
1135 1496 1279 1567 quod
1315 1512 1411 1566 per
1440 1495 1717 1551 Christum
1748 1510 1905 1550 suum
1940 1494 2083 1547 latu-

510 1605 608 1644 rus
637 1601 741 1652 est,
769 1592 1009 1643 omnium
1044 1589 1158 1644 fore
1191 1588 1716 1643 consummationem
1745 1596 1799 1641 et
1819 1586 2079 1639 mutatio-

509 1697 654 1735 nem.
710 1682 863 1747 Quod
918 1681 1184 1750 judicium
1220 1682 1462 1735 declarat
1506 1682 1560 1735 id
1590 1680 1735 1750 quod
1785 1679 2078 1749 sequitur:

508 1771 753 1827 —-V£ns.
780 1773 834 1835 6,
869 1774 921 1826 ‘7.
955 1774 1307 1828 Movebuntur
1331 1774 1507 1829 omnia
1540 1773 2076 1843 fundamentaterrw.

414 1866 419 1879 λ
508 1862 622 1933 Ego
651 1864 900 1918 άίπίεοξί
922 1868 1069 1929 estis,
1094 1878 1141 1920 et
1170 1868 1270 1936 ﬁlii
1302 1867 1561 1920 Altissimi
1588 1881 1787 1919 omnes.
1836 1864 1938 1917 Vos
1980 1881 2079 1916 au-
2110 1848 2150 1902 Β

510 1964 609 2008 tem
638 1957 773 2009 sicut
803 1957 1035 2012 homines
1072 1960 1385 2025 mariemini,
1413 1968 1461 2012 et
1496 1958 1630 2011 sicut
1658 1974 1792 2010 unus
1822 1956 1886 2010 de
1926 1958 2077 2025 prin-

506 2047 709 2114 cipibus
736 2048 954 2104 cadetis.
989 2049 1299 2105 Memoratis
1335 2051 1459 2113 diis,
1492 2048 1724 2102 ducibus
1756 2048 2005 2103 videlicet
2027 2058 2080 2103 et

508 2137 848 2207 principibus
898 2140 1104 2209 populi,
1155 2140 1246 2208 qui
1296 2140 1349 2193 in
1397 2138 1635 2194 medium
1688 2153 1881 2193 eorum
1928 2139 2078 2191 venit

507 2226 672 2293 Dens,
699 2228 813 2281 hinc
840 2228 1004 2283 etiam
1030 2230 1287 2298 loquitur,
1307 2229 1531 2293 docens,
1569 2244 1627 2284 se
1654 2228 1871 2299 quidem
1898 2226 2078 2283 Patris

508 2319 887 2373 liberalitatem
945 2320 1239 2387 imitatum,
1292 2321 1442 2374 nulla
1495 2320 1700 2375 invidia
1750 2320 2070 2378 cohibitum.

505 2411 763 2464 deitatem
794 2412 1200 2465 communicare
1233 2427 1419 2478 suam;
1454 2411 1529 2465 ita
1579 2418 1639 2465 ut
1686 2411 1811 2465 illos
1860 2425 2078 2480 quoque

504 2518 693 2557 omnes
724 2503 857 2559 deos
886 2510 940 2557 et
978 2503 1119 2557 ﬁlios
1153 2503 1420 2559 Altissimi
1448 2510 1687 2566 vocaret,
1718 2501 1863 2571 quod
1893 2510 2072 2555 tamen

503 2594 612 2651 sibi
645 2594 749 2651 soli
780 2598 986 2662 inerat;
1018 2595 1095 2648 illi
1126 2610 1257 2649 vero
1303 2597 1532 2665 gratiam
1568 2596 1899 2650 contumelia
1952 2595 2077 2649 aﬂ‘e—

503 2694 718 2741 cerunt.
750 2683 869 2750 Quo
900 2692 1062 2756 pacto
1088 2692 1267 2740 autem
1300 2686 1393 2754 qui
1426 2701 1454 2739 a
1485 2685 1595 2741 Deo
1613 2686 1897 2755 imperium
1922 2700 2077 2740 accc.

502 2793 654 2848 pere,
684 2778 909 2832 deorum
956 2778 1217 2833 honorem
1281 2778 1421 2847 apud
1474 2779 1722 2833 subditos
1767 2778 2070 2843 obtineant,

502 2870 789 2941 intelliges,
822 2870 868 2923 si
899 2870 1081 2924 animo
1124 2869 1377 2924 advertas
1410 2868 1615 2923 dictum
1648 2868 1818 2939 Moysi
1850 2870 2018 2923 fuisse
2056 2887 2069 2923 :

502 2959 637 3016 Ecce
669 2961 917 3015 constitui
959 2969 1005 3013 te
1050 2960 1201 3014 hodie
1233 2960 1387 3013 deum
1430 2959 1750 3021 Pharaonis,
1796 2968 1846 3013 et
1893 2962 2068 3012 Aaron

500 3054 669 3121 frater
709 3062 827 3105 tuus
862 3053 962 3104 erit
1005 3052 1097 3105 tibi
1128 3052 1380 3121 propheta
1406 3053 1447 3106 ⁸.
1480 3051 1634 3105 Sicut
1663 3053 1808 3107 enim
1833 3052 2068 3122 Moyses,

498 3160 623 3199 cum
655 3145 817 3198 homo
849 3143 943 3199 Dei
974 3152 1140 3206 esset,
1161 3152 1214 3197 et
1249 3146 1318 3198 ab
1351 3160 1417 3199 eo
1447 3145 1709 3199 honorem
1741 3147 2065 3215 accepisset,

498 3235 636 3291 deus
671 3234 975 3289 Pharaonis
1003 3236 1311 3305 appellatus
1347 3244 1430 3292 est
1457 3254 1472 3303 ;
1499 3238 1687 3291 eodem
1721 3238 1885 3291 modo
1912 3248 2069 3307 quot—

498 3332 633 3395 quot
663 3342 692 3377 a
728 3324 837 3380 Deo
871 3325 1133 3380 honorem
1167 3328 1497 3395 acceperint,
1537 3328 1762 3382 deorum
1790 3330 1909 3382 loco
1937 3328 2070 3383 sub-

498 3418 629 3470 ditis
663 3416 949 3469 habentur.
993 3416 1358 3481 Quamobrem
1418 3418 1581 3472 iidem
1621 3419 1821 3473 subditi
1865 3418 1932 3472 ad
1975 3434 2070 3475 eos

498 3521 625 3561 eum
654 3508 955 3561 reverentia
988 3515 1043 3561 et
1067 3508 1258 3563 timore
1282 3508 1569 3574 accedunt,
1595 3525 1705 3563 non
1736 3509 1805 3563 ob
1834 3509 2069 3563 militare

498 3598 841 3661 satellitium,
879 3615 987 3653 non
1017 3600 1087 3654 ob
1128 3599 1344 3654 divitias
1375 3608 1428 3655 et
1477 3607 1828 3669 potestatem;
1870 3602 1963 3655 sed
1997 3601 2067 3655 ob

495 3690 759 3742 honorem
789 3689 925 3759 ipsis
952 3706 981 3741 ιι
1004 3688 1114 3744 Deo
1138 3690 1390 3743 inditum.
1425 3688 1516 3743 Sic
1544 3692 1688 3744 enim
1721 3690 1921 3761 Moysis
1950 3690 2068 3743 vul-

495 3786 585 3835 tus
618 3780 787 3849 gloria
821 3780 1155 3849 replehatur,
1209 3781 1289 3835 sic
1342 3782 1714 3850 apostolorum
1768 3780 2066 3837 Salvatoris

493 3871 689 3935 nostri,
718 3872 798 3926 sic
833 3872 962 3925 olim
995 3871 1089 3927 Dei
1136 3872 1547 3943 prophetarum,
1582 3872 1662 3927 sic
1695 3874 1940 3925 omnium
1971 3873 2065 3942 qui

490 3976 618 4015 vere
653 3962 796 4015 servi
830 3960 924 4015 Dei
951 3970 1139 4028 erant;
1173 3963 1266 4031 qui
1302 3962 1429 4017 dum
1461 3962 1578 4016 sine
1608 3963 1898 4033 splendore
1930 3979 2067 4032 pau-

491 4068 757 4121 pcresque
789 4053 956 4106 vitam
989 4053 1267 4122 degerent,
1294 4068 1324 4106 a
1363 4053 1634 4129 religiosis
1675 4064 1853 4109 tamen
1888 4055 2065 4109 bomi~

491 4144 652 4198 nibus
678 4144 748 4197 ob
770 4143 993 4196 inditam
1028 4143 1133 4197 sibi
1180 4144 1411 4212 gratiam
1455 4145 1509 4197 in
1553 4144 1758 4198 honore
1786 4144 2064 4197 habeban-

489 4243 601 4288 tur.
635 4233 746 4305 Ego
769 4234 1009 4303 quidem,
1045 4234 1141 4295 ait,
1172 4234 1254 4288 sic
1294 4234 1462 4298 volui,
1496 4236 1576 4289 sic
1607 4235 1717 4288 dixi
1750 4250 1761 4285 :
1798 4234 1888 4287 Dii
1913 4237 2059 4291 estis.

491 4327 651 4381 Volui
681 4342 813 4381 sane
844 4342 942 4380 vos
969 4326 1193 4395 perinde
1230 4334 1392 4395 atque
1414 4342 1499 4380 me
1533 4328 1585 4379 in
1612 4326 1791 4380 medio
1817 4333 2060 4381 vestrum

487 4424 726 4473 Stantem
780 4415 972 4479 Deum,
1024 4414 1291 4469 Altissimi
1339 4415 1480 4470 ﬁlios
1513 4414 1688 4480 eﬁici;
1739 4430 1836 4471 vos
1877 4423 2058 4471 autem

2186 581 2626 652 παραστήσονται
2652 577 2729 648 τῷ
2759 578 2959 647 βήματι
2994 577 3088 631 τοῦ
3114 578 3271 642 Θεοῦ,
3307 580 3462 648 λόγον
3504 579 3763 643 δώσοντες

2183 673 2311 743 περὶ
2362 665 2436 725 ὧν
2485 672 2545 724 οὑ
2596 669 2823 731 δικαίως
2849 670 3103 741 ἐκριναν;
3140 673 3201 724 Οί
3236 672 3292 725 δὲ
3331 672 3403 743 μὴ
3431 672 3540 741 πρὸ
3566 671 3765 740 690:1-

2186 762 2301 833 μῶν
2334 762 2548 833 θέμενοι
2578 760 2678 833 τὴν
2713 761 2893 832 κρίσιν
2928 762 3024 814 τοῦ
3079 761 3213 815 Θεοῦ
3266 764 3323 815 ὲν
3360 764 3541 815 σκότει
3578 763 3763 817 διαπο-

2187 852 2452 922 ρεὺονται,
2484 850 2561 921 τῷ
2582 853 2685 923 τῆς
2711 851 2932 919 ἀγνοίας
2956 851 3130 921 σκότῳ
3156 851 3223 904 τά
3250 852 3349 921 τῆς
3375 852 3554 922 ψυχῆς
3582 853 3759 905 αὐτῶν

2181 943 2402 1013 ὄμματα
2452 943 2858 1016 πληρώσαντες.
2894 943 2986 995 Διὸ
3036 944 3320 1014 προσήκει,
3350 944 3428 1013 τῷ
3474 944 3569 995 τοῦ
3602 944 3767 1011 λόγον

2183 1037 2373 1106 φέγγει
2408 1037 2831 1108 φωτιζομένους,
2864 1036 2895 1107 ἢ
2951 1036 3024 1106 μὴ
3064 1037 3289 1107 κρίνειν,
3324 1036 3761 1107 μνημονεύοντας

2181 1128 2275 1181 τοῦ
2307 1130 2587 1203 εἰρηκότος
2610 1147 2624 1160 ·
2656 1130 2753 1197 Μὴ
2798 1129 3049 1197 κρίνετε,
3084 1130 3185 1182 ἵνα
3209 1129 3293 1197 μὴ
3330 1129 3567 1198 κριθῆτε
3591 1145 3605 1158 ·
3642 1131 3675 1199 ἦ
3715 1133 3759 1182 εί

2182 1221 2393 1292 ἀνάγκη
2456 1222 2585 1274 ποτὲ
2637 1222 2878 1292 κρίνειν,
2933 1219 3071 1273 κατά
3114 1221 3175 1272 τὸ
3218 1221 3557 1274 δικαιότατον
3602 1220 3763 1273 τοῦτο

2183 1316 2354 1367 ποιεῖν
2381 1313 2475 1366 καὶ
2496 1314 2735 1383 ἐλέγχειν
2757 1315 2885 1377 τοὺς
2910 1314 3336 1383 ἁμαρτάνοντας,
3362 1314 3464 1365 κᾶν
3487 1313 3597 1366 δέοι
3620 1314 3760 1385 ὑπὲρ

2182 1404 2438 1475 ἀληθείας
2467 1404 2740 1476 θνήσκειν,
2775 1405 3173 1474 πεπεισμένους
3206 1405 3467 1476 ἀκριϐῶς,
3514 1406 3597 1457 ὅτι
3629 1406 3759 1459 πάι-

2182 1511 2289 1547 των
2321 1494 2471 1547 ἔσται
2499 1494 2775 1548 συντέλεια
2820 1498 2914 1550 καὶ
2950 1495 3217 1567 μεταϐολὴ
3250 1496 3341 1548 ἐπὶ
3384 1500 3450 1565 τῇ
3497 1496 3754 1567 καθολικῇ

2183 1584 2359 1657 κρίσει
2406 1584 2499 1638 τοῦ
2532 1587 2687 1651 Θεοῦ,
2715 1588 2780 1657 ἣν
2808 1590 3090 1658 ποιήσεται
3137 1587 3225 1639 διὰ
3266 1587 3358 1639 τοῦ
3389 1587 3629 1658 Χριστοῦ
3658 1592 3755 1642 ab-

2180 1676 2274 1729 τοῦ
2296 1694 2309 1706 ·
2336 1677 2402 1747 ἢν
2432 1679 2524 1730 καὶ
2556 1679 2584 1730 6
2626 1678 2814 1750 παρὼν
2857 1681 3156 1751 παρίστησι
3192 1680 3345 1748 λόγος
3374 1683 3755 1735 ὲπισυνάπτων

2183 1768 2308 1838 ἑξῆς
2347 1768 2438 1819 τόο
2465 1769 2950 1835 Σαλευθήο-ονται
2993 1770 3187 1824 πάντα
3236 1772 3308 1823 τὰ
3354 1772 3596 1840 θεμέλια
3650 1770 3755 1839 τῆς

2179 1857 2310 1927 γῆς.
2354 1860 2497 1927 Ἐγὼ
2549 1856 2713 1913 εἶπα·
2766 1863 2897 1914 Θεοί
2950 1862 3090 1916 ἐστε
3114 1902 3129 1927 ,
3170 1864 3268 1916 καὶ
3310 1865 3427 1917 υἱοὶ
3471 1864 3753 1931 Ὑψίστου

2178 1948 2402 2015 πάντες
2424 1968 2438 1980 ·
2462 1951 2629 2019 ὑμεῖς
2662 1951 2729 2005 δὲ
2758 1953 2838 2019 ὡς
2877 1952 3171 2021 ἅνθρωποι
3197 1956 3631 2023 ἀποθνήσκετε,
3658 1956 3750 2008 καί

2177 2040 2258 2105 ὠς
2314 2037 2401 2107 εἷς
2454 2042 2574 2096 τῶν
2622 2045 2929 2112 ἀρχόντων
2992 2047 3253 2099 πίπτετε.
3285 2048 3404 2099 Ἔτι
3449 2048 3589 2119 πρὸς
3628 2050 3751 2113 τοὺς

2179 2134 2571 2205 προλεχθέντας
2604 2135 2778 2201 θεοὺς,
2812 2136 3147 2207 ἡγουμένους
3170 2138 3369 2209 δηλαδὴ
3419 2140 3515 2192 καὶ
3555 2138 3749 2209 ἄρχον⁸

2176 2240 2273 2287 τας
2298 2225 2393 2277 τοῦ
2436 2225 2587 2292 λαοῦ,
2619 2228 2647 2279 6
2676 2226 2837 2296 μέσος
2874 2228 3051 2280 αὑτῶν
3076 2230 3361 2299 γενόμενος
3391 2230 3525 2293 Θεὸς
3558 2231 3655 2283 καὶ
3683 2232 3749 2283 τὰ

2177 2318 2419 2389 παρόντα
2461 2320 2821 2385 ἀποτείνεται,
2858 2320 3141 2386 διδάσκων,
3181 2322 3256 2384 ὼς
3298 2321 3458 2385 αὑτὸς
3504 2323 3624 2391 μὲν,
3654 2323 3749 2394 τὴν

2175 2406 2266 2459 τοῦ
2295 2409 2507 2479 Πατρός
2548 2409 2808 2478 ἀφθονίαν
2857 2410 3209 2482 μιμούμενος,
3240 2413 3403 2465 πᾶσιν
3436 2412 3619 2475 αὑτοῖς
3652 2416 3746 2482 τῆς

2176 2498 2340 2551 αὑτοῦ
2362 2498 2613 2569 θεότητος
2632 2501 2731 2552 οὐκ
2748 2500 3011 2571 ἐφθόνησε
3024 2500 3370 2572 μεταδοῦναι,
3383 2502 3458 2565 ὡς
3476 2504 3573 2556 καὶ
3594 2503 3743 2567 θεοὺς

2174 2589 2536 2661 ἀναγορεῦσαι
2587 2593 2782 2657 αὐτοὺς
2830 2592 2924 2647 καὶ
2972 2595 3119 2657 υἱοὺς
3160 2595 3409 2663 Ὑψίστου
3441 2596 3647 2657 πάντας
3680 2596 3741 2648 ἂν

2174 2682 2370 2746 εἰπεῖν,
2402 2682 2537 2752 ὅπερ
2558 2683 2704 2754 αὑτῷ
2730 2685 2873 2755 μόνῳ
2906 2686 3112 2757 προσῆν
3135 2702 3147 2715 ·
3178 2688 3228 2738 οἱ
3254 2686 3310 2738 δὲ
3341 2686 3439 2755 τὴν
3469 2687 3629 2757 χάριν
3664 2689 3742 2739 ὲν-

2174 2775 2418 2848 ὑϐρισαν.
2451 2774 2681 2850 Νοήσεις
2706 2780 2761 2832 δὲ
2791 2779 2905 2844 πῶς
2933 2780 3095 2851 τιμὴν
3122 2780 3259 2834 θεῶν
3286 2783 3334 2833 οἱ
3368 2781 3476 2833 ὑπὸ
3496 2780 3593 2833 τοῦ
3611 2780 3737 2833 Θεοῦ

2172 2870 2272 2940 τὴν
2299 2871 2473 2942 ἀρχὴν
2504 2871 2785 2943 εἰληφότες
2812 2873 2960 2944 παρά
2987 2877 3097 2937 τοῖς
3129 2874 3451 2944 ἀρχομένοις
3490 2876 3739 2944 ἐκτήσανο

2171 2979 2276 3027 το,
2335 2964 2634 3036 ἐπιστήσας
2679 2966 2827 3029 ὅπως
2889 2968 3102 3037 εἴρηται
3153 2966 3232 3037 τῷ
3286 2968 3474 3019 Μωσεῖ
3510 2984 3523 2996 ·
3597 2966 3737 3019 Ἰδοὺ

2172 3054 2511 3124 καθέστηκὰ
2575 3072 2649 3111 σε
2706 3056 2973 3127 σήμερον
3036 3059 3175 3113 θεὸν
3229 3059 3309 3124 τῷ
3355 3060 3601 3127 Φαραὼ,
3646 3061 3735 3111 καί

2188 3147 2399 3215 Ἀαρὼν
2442 3152 2476 3203 ὀ
2531 3148 2794 3219 ἀδελφός
2849 3166 2966 3204 σου
3015 3151 3187 3205 ἔσται
3246 3166 3345 3203 σοι
3410 3150 3733 3219 προφήτης.

2175 3239 2384 3309 Ὥσπερ
2430 3240 2536 3311 γὰρ
2577 3243 2802 3312 Μωσῆς,
2851 3242 3138 3314 ἄνθρωπος
3182 3243 3256 3296 ὢν
3285 3242 3421 3295 Θεοῦ
3465 3245 3563 3296 καὶ
3613 3243 3736 3314 παρ’

2172 3328 2335 3382 αὑτοῦ
2364 3331 2463 3401 τὴν
2483 3332 2647 3401 τιμὴν
2665 3331 2863 3396 λαϐὼν,
2895 3332 3013 3396 θεὸς
3038 3333 3373 3405 ἀνηγορεύθη
3405 3334 3499 3386 τοῦ
3521 3333 3735 3406 Φαραώ·

2168 3420 2258 3473 τὸν
2278 3420 2439 3474 αὑτὸν
2458 3422 2658 3493 τρόπον
2679 3424 2774 3477 καὶ
2800 3425 2998 3488 πάντες
3022 3424 3115 3488 οὒς
3141 3425 3206 3479 ἂν
3224 3427 3505 3496 τιμήσειεν
3538 3428 3566 3477 6
3587 3427 3737 3491 Θεὸς,

2170 3507 2308 3562 θεῶν
2356 3510 2538 3582 χώραν
2587 3512 2738 3584 παρά
2784 3515 2898 3577 τοῖς
2944 3514 3398 3584 ὑποτεταγμένοις
3437 3514 3733 3585 εἰλήφασιν.

2171 3600 2360 3654 Ἔνθεν
2400 3603 2492 3655 καὶ
2524 3605 2573 3656 oi
2603 3605 2895 3675 ἀρχόμενοι
2937 3607 3224 3676 προσίασιν
3254 3605 3434 3669 αὐτοῖς
3468 3608 3607 3676 μετά
3647 3608 3736 3659 εὑο

2166 3690 2388 3755 λαϐείας
2422 3694 2515 3746 καὶ
2540 3694 2713 3758 δέους,
2747 3696 2805 3747 οὑ
2840 3695 2930 3748 διά
2970 3713 3089 3748 τινα
3114 3696 3434 3767 δορυφορίαν
3471 3714 3735 3769 στρατιω-

2165 3783 2343 3854 τικὴν,
2374 3785 2435 3836 οὑ
2464 3784 2551 3837 διὰ
2574 3785 2801 3839 πλοῦτον
2839 3787 2933 3839 καὶ
2954 3787 3290 3852 δυναστείαν,
3315 3788 3401 3841 διά
3430 3790 3486 3842 δὲ
3513 3792 3611 3856 τὴν
3636 3791 3737 3843 ὑπὸ

2164 3872 2300 3926 Θεοῦ
2326 3875 2648 3945 νπεριθεῖσαν
2682 3876 2864 3940 αὐτοῖς
2908 3880 3091 3950 τιμήν.
3134 3878 3289 3933 Οὕτω
3332 3880 3440 3951 γὰρ
3482 3883 3579 3935 καὶ
3610 3884 3739 3936 Μω-

2166 3966 2302 4029 σέως
2329 3963 2397 4039 ἦν
2427 3967 2811 4039 δεδοξασμένον
2841 3970 2903 4023 τὸ
2935 3971 3255 4041 πρόσωπον·
3290 3972 3432 4025 οῦτω
3476 3975 3574 4026 καὶ
3624 3975 3732 4026 τῶν

2162 4060 2472 4114 ἀποστόλων
2498 4061 2590 4115 τοῦ
2622 4063 2872 4134 Σωτῆρος
2902 4064 3081 4135 ἡμῶν,
3111 4065 3253 4118 οὕτω
3294 4066 3387 4119 καὶ
3428 4065 3537 4118 τῶν
3568 4067 3733 4119 πάλαι

2163 4152 2255 4206 τοῦ
2285 4153 2418 4206 Θεοῦ
2451 4155 2763 4225 προφητῶν,
2806 4154 2947 4209 οὕτω
2992 4158 3085 4209 καὶ
3119 4157 3333 4210 πάντων
3367 4158 3477 4211 τῶν
3518 4159 3733 4229 ἀληθῶς

2161 4244 2254 4298 τοῦ
2282 4246 2416 4299 Θεοῦ
2442 4246 2662 4309 δούλων,
2695 4248 2894 4314 ἀδόξως
2928 4250 3196 4319 μενόντων
3216 4249 3310 4303 καὶ
3333 4250 3567 4319 πτωχῶν
3593 4250 3730 4303 κατά

2160 4336 2250 4387 τὸν
2284 4335 2415 4405 βίον,
2445 4338 2822 4407 τετιμημένων
2840 4338 2899 4390 δὲ
2925 4337 3074 4408 παρά
3093 4343 3203 4403 τοῖς
3231 4340 3500 4393 θεοσεϐέσι
3528 4339 3615 4393 διά
3637 4339 3729 4410 τὴν

2161 4428 2226 4479 ὲκ
2256 4426 2390 4479 Θεοῦ
2419 4426 2707 4497 δεδομένην
2754 4429 2940 4493 αὑτοῖς
2972 4430 3149 4503 χάριν.
3167 4430 3307 4500 Ἐγὼ
3339 4432 3435 4502 μὲν
3477 4429 3592 4494 οὖν,
3624 4450 3725 4501 φη-

486 4509 719 4581 gratiam
771 4506 1201 4577 contempsistis.
1250 4509 1310 4560 ln
1362 4514 1539 4561 vestra
1593 4507 1771 4577 itaque
1824 4508 2059 4562 humana

2171 4520 2237 4583 σὶ,
2274 4520 2367 4572 καὶ
2416 4519 2674 4589 ἠθέλησα,
2714 4521 2807 4574 καὶ
2852 4518 3037 4575 εἷπον
3074 4524 3207 4577 Θεοί
3242 4525 3413 4578 ἐστε·
3451 4524 3725 4595 βουληθεὶς

485 4602 716 4664 malitia.
761 4608 818 4656 et
862 4601 918 4654 in
969 4600 1209 4670 peccatis
1249 4600 1445 4653 vestris
1492 4600 1820 4657 moriemini.
1868 4599 2062 4653 Anima

485 4695 630 4748 enim
672 4710 787 4763 qua?
825 4694 1136 4760 peccaverit,
1185 4691 1302 4759 ipsa
1346 4692 1599 4744 morietur
1627 4692 1669 4745 ’.
1711 4690 2055 4760 Quapropter

484 4800 571 4837 vos
621 4785 755 4836 sicut
814 4784 1046 4836 homines
1101 4782 1428 4845 moriemini,
1492 4791 1540 4835 et
1607 4783 1743 4835 sicut
1798 4799 1931 4835 unus
1992 4782 2055 4836 de

482 4876 803 4945 principibus
822 4875 1040 4927 cadetis.
1061 4872 1530 4938 Quemadmodum
1551 4876 1697 4927 enim
1718 4874 1846 4931 olim
1863 4873 2053 4929 diabo-

485 4970 572 5023 lus
616 4969 825 5021 honore
874 4967 1098 5021 allectus
1128 4964 1231 5019 fuit
1261 4966 1403 5036 apud
1433 4965 1625 5031 Deum,
1659 4974 1713 5020 et
1744 4967 2050 5037 principum

484 5062 539 5113 in
569 5060 725 5113 caelis
750 5059 1065 5129 angelorum
1098 5075 1241 5113 unus
1268 5059 1368 5113 fuit
1393 5078 1406 5127 ;
1441 5060 1638 5114 deinde
1672 5076 1840 5129 pravo
1870 5062 2054 5115 consi-

484 5155 557 5206 lio
597 5165 836 5213 usus,ex
870 5151 987 5204 loco
1017 5168 1116 5205 suo
1146 5151 1461 5217 decidit,ita
1496 5160 1555 5205 ut
1584 5153 1652 5206 de
1682 5153 1774 5206 illo
1804 5154 2050 5208 dicatur:

484 5242 756 5331 Quomod'o
775 5240 1031 5294 ceciditde
1047 5242 1172 5296 cado
1193 5242 1513 5312 Lucifer,qui
1534 5260 1685 5296 mane
1703 5244 1969 5297 oriebatur
1989 5246 2057 5297 ‘°?

482 5335 619 5389 tales
647 5343 701 5389 ct
732 5351 826 5388 vos
851 5350 1066 5405 quoque
1106 5336 1293 5390 fuistis
1319 5356 1333 5391 :
1366 5352 1475 5388 non
1520 5337 1663 5405 quod
1694 5346 1888 5389 natura
1923 5337 2048 5389 mali

481 5427 638 5493 sitis;
678 5427 773 5481 sed
802 5427 1068 5483 electione
1094 5439 1277 5483 vestra
1306 5444 1413 5481 non
1448 5428 1588 5481 bona
1615 5431 1719 5483 usi.
1756 5428 1898 5483 Sane
1924 5445 2049 5483 vero

478 5536 542 5573 ea
572 5535 693 5588 qua:
722 5535 752 5572 a
800 5536 883 5574 me
915 5520 1363 5589 proﬁciscuntur,
1399 5520 1465 5573 ad
1508 5520 1599 5575 Dei
1638 5522 1900 5576 honorem
1952 5538 2051 5577 vos

477 5612 796 5667 evocabant.
820 5610 927 5667 Vos
950 5622 1131 5669 autem
1151 5614 1339 5685 lapsus
1362 5615 1657 5684 principem
1684 5615 1896 5683 imitati,
1914 5616 2046 5667 sicut

611 5792 797 5847 Matth.
837 5812 948 5861 vn,
995 5798 1042 5850 Ι.
1122 5797 1141 5828 ³
1183 5793 1347 5851 Exod.
1390 5813 1495 5862 vn,
1538 5798 1584 5851 i.

1664 5801 1680 5831 ⁵
1726 5798 1916 5854 Ezech.
1954 5812 2119 5867 xvm,
2152 5799 2203 5853 4.

2160 4612 2303 4681 ὑμᾶς
2332 4611 2531 4681 ὁμοίως
2575 4613 2698 4682 ἐμοὶ
2740 4612 2817 4682 τῷ
2868 4615 3016 4685 μέσῳ
3045 4615 3195 4685 ὑμῶν
3217 4616 3410 4669 ἑστῶτι
3438 4615 3559 4685 Θεῴ
3583 4618 3725 4677 uicit;

2162 4702 2410 4771 γενέσθαι
2428 4703 2521 4756 τοῦ
2554 4704 2807 4773 Ὑψίστου
2824 4724 2836 4735 ⁸
2862 4708 3017 4776 ὑμεῖς
3033 4708 3206 4778 δὲτὴν
3227 4709 3382 4779 χάριν
3406 4708 3569 4779 tam
3579 4725 3717 4760 σατε.

2162 4796 2293 4857 Ταῖς
2338 4794 2467 4863 γοῦν
2501 4795 2866 4867 ἀνθρωπίναις
2910 4799 3128 4862 κακίαις
3167 4802 3271 4853 καὶ·
3292 4803 3410 4863 ταῖς
3440 4801 3718 4870 ὑμετέραις

2158 4887 2455 4956 ἁμαρτίαις
2510 4888 2957 4959 ὲναποθνήσκετε.
3014 4890 3185 4959 Ψυχὴ
3227 4891 3333 4963 γὰρ
3387 4892 3426 4957 ἠ
3473 4891 3717 4960 ἁμαρτά-

2154 4992 2368 5041 νουσα,
2398 4978 2550 5046 αὺτὴ
2598 4980 2995 5034 ἀποθανεῖται.
3029 4982 3119 5033 Διὸ
3167 4983 3258 5035 καὶ
3292 4983 3462 5051 ὑμεῖς
3500 4985 3580 5047 ὡς
3621 4983 3713 5035 ἆν-

2159 5071 2377 5135 θρωποι
2421 5068 2831 5135 ἀποθνήσκετε
2862 5113 2876 5136 ,
2928 5072 3025 5125 καί
3075 5073 3155 5136 ὡς
3207 5066 3293 5136 εἷς
3338 5070 3456 5125 τῶν
3505 5074 3709 5140 ἀρχόν-

2158 5173 2274 5208 των
2292 5158 2553 5210 πίπτετε.
2572 5160 2658 5221 Ὠς
2684 5155 2875 5231 γὰρῆν
2903 5178 3032 5213 ποτε
3060 5162 3087 5213 ό
3108 5161 3349 5224 διάϐολος
3374 5165 3536 5232 τιμῆς
3562 5160 3707 5231 ἠξιω-

2158 5247 2315 5317 μένος
2344 5248 2491 5319 παρά
2525 5249 2600 5320 τῷ
2634 5250 2749 5321 Θεῷ
2780 5252 3001 5304 καὶτῶν
3035 5255 3092 5305 ὲν
3118 5253 3359 5322 οὐρανοῖς
3388 5252 3704 5323 ἀρχοντικῶν

2155 5340 2401 5407 ἀγγέλων
2436 5336 2516 5403 εἷς
2536 5359 2549 5372 ο
2595 5338 2710 5395 εἷτα
2756 5345 3004 5416 μοχθηρᾷ
3036 5344 3347 5416 προαιρέσει
3379 5346 3702 5415 χρησάμενος

2155 5431 2519 5486 ἀποπέπτωκε
2545 5437 2642 5505 τῆς
2666 5435 2829 5488 αὑτοῦ
2859 5436 3062 5507 χώρας,
3098 5438 3173 5500 ὡς
3198 5438 3449 5506 εἰρῆσθαι
3479 5437 3598 5508 περὶ
3618 5437 3700 5488 αὖ·

2154 5522 2246 5575 τοῦ
2267 5542 2279 5552 ·
2317 5526 2447 5591 Πῶς
2487 5526 2775 5591 ἐξέπεσεν
2801 5529 2868 5582 ἐκ
2888 5528 2994 5581 τοῦ
3019 5530 3276 5596 οἱφανοῦ
3310 5533 3343 5583 o'
3384 5528 3699 5597 Ἑωσφόρος

2155 5618 2187 5669 ὀ
2215 5618 2360 5685 πρωὶ
2396 5618 2775 5684 ἀνατέ.ὶλων;
2808 5620 3035 5674 τοιοῦτοί
3068 5639 3207 5686 τινες
3251 5623 3343 5674 καὶ
3380 5622 3533 5691 ὑμεῖς
3558 5615 3695 5687 γετό-

2288 5802 2327 5832 ¹⁰
2370 5798 2472 5855 lsa.
2512 5816 2633 5869 ιη’,
2674 5801 2756 5856 i2.
