4004 6530
264 382 368 436 ιιι)
1400 377 1835 433 COMMENTAR

1954 376 2021 430 1N
2060 374 2397 432 PSALMOS.
3417 369 3522 424 990

260 522 411 565 νατε,
440 504 540 557 οὐκ
565 504 629 557 ὲκ
654 503 866 573 φύσεως
894 502 1044 566 ὄντες
1080 502 1258 565 κακιίι,
1291 502 1624 572 χρησάμενοι
1659 501 1715 553 δὲ
1746 501 1835 553 οὐκ

1950 516 2085 553 unus
2109 499 2172 552 de
2199 496 2525 567 princioibus
2555 493 2850 547 cadetis.-——
2876 489 3039 545 Vsus.
3059 491 3111 545 8.
3133 488 3319 559 Surge,
3358 490 3519 551 Deus.

260 597 527 666 ἀγαθῇτῂ
564 594 901 666 προαιρέσει.
927 594 1018 645 Διὸ
1044 594 1112 645 τά
1144 592 1241 663 μὲν
1281 591 1403 663 παρ’
1434 590 1564 662 ὲμοῦ
1597 592 1675 653 εἰς
1706 588 1835 642 Θεοῦ

1939 591 2124 661 judica
2144 602 2363 657 terram,
2383 590 2631 661 quoniam
2656 596 2708 639 tu
2726 582 3060 638 Itwreditabis
3083 585 3133 636 in
3153 582 3390 637 omnibus
3405 600 3524 653 gen-

259 690 428 760 τιμὴν
461 689 604 758 ὑμᾶς
639 686 821 741 ὲκάλει
844 704 856 717 ⁸
890 687 1045 757 ὑμεῖς
1078 685 1135 737 δὲ
1167 682 1258 736 τὸν
1292 682 1528 753 ἄρχοντα
1555 682 1653 753 τῆς
1699 678 1844 734 πτώ-

264 800 405 845 σεως
428 781 817 853 μιμησάμενοι,
845 780 925 844 ὡς
956 773 1043 843 εἷς
1069 776 1187 830 τῶν
1213 777 1521 844 ἀρχόντων
1546 774 1644 827 καὶ
1674 772 1841 826 αὐτοὶ

260 877 526 930 πίπτετε.
576 872 844 936 Ἀνάστα,
876 875 909 925 ὀ
962 870 1126 936 Θεὸς,
1157 869 1367 937 κρῖνον
1412 867 1528 936 τὴν
1570 867 1708 938 γῆν,
1754 867 1843 920 ὅτι

260 969 345 1024 σὺ
391 967 867 1036 κληρονομήσεις
910 966 980 1019 ἐν
1024 962 1175 1018 πᾶσι
1211 962 1336 1028 τοῖς
1372 962 1595 1017 ἔθνεσι.
1633 961 1844 1033 Σφόδρα

262 1058 570 1120 ἀκολούθως
607 1056 696 1109 διὰ
721 1054 815 1108 τοῦ
850 1054 954 1126 πρὸ
982 1053 1171 1107 τούτου
1203 1051 1418 1124 ψαλμοῦ
1454 1052 1842 1121 κατηγορήσας

262 1154 292 1206 6
334 1152 492 1219 λόγος
537 1148 630 1203 τοῦ
679 1147 878 1211 παντὸς
926 1148 1194 1201 Ἰουδαίων
1245 1146 1449 1209 ἔθνους,
1478 1145 1572 1197 καὶ
1614 1144 1702 1196 διὰ
1746 1142 1841 1196 τοῦ

264 1238 406 1310 μετὰ
456 1241 643 1309 χεῖρας
685 1236 741 1289 δὲ
786 1235 1047 1298 ὡσαύτως
1092 1236 1200 1288 τῶν
1240 1230 1517 1307 ἀρχόντών
1565 1233 1659 1287 τοῦ
1710 1232 1842 1287 λαοῦ

262 1322 598 1395 κατηγορίαν
628 1324 1013 1393 πεποιημένος,
1041 1323 1332 1395 διαλλαγὴν
1357 1326 1499 1377 αἰτεῖ
1528 1324 1621 1376 καὶ¹
1643 1323 1842 1391 ἐπιφά-

262 1429 412 1465 νειαν
456 1411 671 1481 εὔχεται
713 1411 961 1481 γενέσθαι
1006 1413 1189 1465 οὐκέτι
1236 1414 1314 1483 τῷ
1351 1413 1616 1466 Ἰουδαίων
1665 1412 1839 1475 ἔθνει,

262 1503 400 1557 ἀλλὰ
454 1506 587 1557 πᾶσι
634 1509 747 1568 τοῖς
798 1504 995 1558 ἔθνεσι.
1044 1506 1136 1558 Διὸ
1183 1506 1457 1573 ἐπιλέγει·
1494 1503 1765 1569 Ἀνάστα,
1810 1505 1842 1556 ό

265 1596 429 1661 Θεὸς,
461 1595 666 1663 κρῖνον
702 1595 817 1664 τὴν
848 1594 985 1665 γῆν,
1025 1595 1115 1649 ὅτι
1141 1596 1222 1650 σὺ
1258 1594 1737 1664 κληρονομήσεις
1773 1592 1842 1645 ἐν

261 1686 413 1741 πᾶσι
445 1687 568 1753 τοῖς
613 1688 838 1742 ἔθνεσι.
870 1688 967 1750 Τίς
995 1687 1052 1740 δέ
1088 1691 1235 1741 ἐστιν
1275 1691 1303 1741 6
1341 1687 1751 1759 κληρονομήσας
1784 1685 1841 1736 ἐν

262 1782 398 1833 πᾶσι
427 1783 538 1844 τοῖς
568 1780 763 1844 ἔθνεσι,
800 1780 875 1853 μὴ
905 1779 1103 1852 ἐρώτα,
1149 1782 1209 1833 τὸ
1248 1781 1303 1833 δὲ
1339 1782 1570 1852 πρᾶγμα
1599 1776 1837 1844 ἐξέταζε,

1945 682 2102 737 tibus.
2136 682 2273 737 Cum
2320 682 2374 735 in
2408 678 2733 752 praecedenti
2784 678 2995 747 psalmo
3041 683 3207 727 totam
3237 672 3517 727 Iudaicam

1944 785 2158 847 gentem
2187 782 2527 835 accusasset,
2547 780 2599 827 et
2632 772 2687 825 in
2718 770 2973 840 praesenti
3002 768 3309 837 principum
3335 766 3518 836 populi

1944 868 2350 923 accusationem
2398 865 2747 927 instituisset,
2779 860 3070 915 admodum
3121 864 3521 927 consequenter

1938 961 2051 1030 jam
2084 959 2588 1015 reconciliationem
2615 966 2669 1012 et
2695 956 2985 1010 adventum
3017 952 3221 1007 Christi
3253 950 3514 1021 postulat,

1944 1070 2053 1109 non
2084 1054 2396 1110 Iudaeorum
2429 1052 2596 1123 genti,
2637 1050 2733 1107 scd
2770 1050 3025 1105 omnibus
3071 1048 3306 1118 populis.
3340 1046 3520 1112 Quare

1944 1148 2025 1204 sic
2076 1147 2356 1202 concludit
2391 1164 2404 1199 :
2439 1144 2629 1214 Surge,
2662 1142 2827 1205 Deus,
2872 1142 3060 1211 judica
3110 1151 3326 1204 terram,
3383 1156 3517 1209 quo-

1944 1243 2086 1297 niam
2119 1250 2171 1292 tu
2201 1237 2536 1292 htereditabis
2573 1238 2626 1289 in
2673 1234 2914 1288 omnibus
2943 1233 3202 1304 gentibus.
3249 1232 3385 1299 Quis
3420 1247 3521 1287 au-

1943 1343 2052 1389 tem
2092 1334 2163 1386 sit
2218 1330 2312 1401 qui
2347 1328 2690 1384 heareditabit
2747 1328 2801 1381 in
2859 1326 3114 1380 omnibus
3144 1326 3418 1395 gentibus,
3450 1340 3519 1380 ne

1942 1426 2272 1493 interroges,
2309 1422 2408 1477 sed
2435 1438 2549 1476 rem
2586 1421 2873 1491 perquire;
2918 1426 2972 1473 et
3010 1418 3383 1488 deprehendes
3409 1433 3519 1472 non

1943 1518 2111 1572 alium
2128 1532 2270 1579 esse,
2295 1530 2457 1586 quam
2484 1512 2765 1568 Christum
2797 1510 2922 1576 Dei;
2950 1510 3037 1565 cui
3069 1526 3099 1562 a
3131 1508 3292 1569 Patre
3314 1510 3519 1565 dictum

1940 1616 2026 1665 est
2057 1628 2072 1663 :
2110 1606 2285 1661 Filius
2324 1623 2467 1660 meus
2490 1622 2543 1660 es
2578 1614 2631 1657 tu
2658 1619 2788 1669 :ego
2817 1603 2969 1655 hodie
2997 1603 3150 1671 genui
3193 1610 3256 1655 te.
3293 1600 3519 1659 Postulo

1945 1717 1977 1752 a
2007 1716 2107 1762 me,
2144 1707 2192 1751 et
2221 1696 2358 1749 dabo
2386 1696 2481 1748 tibi
2510 1704 2685 1763 gentes
2723 1691 3083 1745 [nereditatem
3117 1698 3282 1751 tuam,
3321 1697 3370 1741 et
3398 1702 3521 1755 pos-

1944 1792 2225 1845 sessionem
2253 1799 2397 1841 tuam
2446 1786 2693 1840 terminos
2727 1783 2953 1837 terrw“.
2987 1781 3145 1835 Hunc
3183 1796 3313 1851 ergo
3336 1780 3429 1849 qui
3464 1779 3519 1832 in

261 1870 358 1924 καὶ
395 1872 646 1942 εὑρήσεις
676 1871 796 1924 οὐδὲ
840 1870 999 1925 ἀλλον
1041 1872 1073 1943 ἢ
1116 1872 1208 1925 τὸν
1256 1872 1488 1943 Χριστὸν
1530 1868 1625 1923 τοῦ
1671 1869 1835 1922 Θεοῦ·

1945 1882 2126 1938 medio
2155 1880 2383 1935 deorum
2412 1879 2554 1933 Deus
2572 1875 2847 1938 consisdt,
2871 1882 2924 1928 et
2945 1873 3195 1927 homines
3226 1870 3348 1925 illos
3366 1885 3522 1923 coar-

259 1962 401 2025 πρὸς
433 1962 492 2015 ὃν
530 1961 748 2014 λέλεκτο
778 1963 882 2015 ὑπὸ
914 1963 1006 2016 τοῦ
1042 1964 1255 2034 Πατρός
1274 1981 1287 1993 ·
1336 1965 1468 2029 Υἱός
1490 1980 1612 2030 μου
1642 1958 1701 2015 εἷ
1721 1964 1801 2016 σύ
1820 1978 1834 1993 ⁸

255 2053 375 2123 ἐγὼ
414 2053 683 2122 σήμερον
717 2055 1046 2125 γεγέννηκά
1085 2073 1178 2111 σε.
1219 2057 1475 2125 Αἵτησαι
1506 2056 1642 2124 παρ’
1669 2054 1837 2125 ἐμοῦ,

257 2145 359 2197 καὶ
390 2144 562 2198 δώσω
616 2164 713 2200 οοι
760 2148 904 2216 ἔθνη
948 2148 1062 2217 τὴν
1106 2150 1510 2218 κληρονομίαν
1555 2168 1691 2211 σου,
1741 2148 1840 2203 καὶ

256 2236 377 2304 τὴν
413 2237 792 2307 κατάσχεσίν
828 2255 945 2294 σου
975 2240 1046 2294 τὰ
1075 2240 1298 2308 πέρατα
1327 2240 1435 2309 τῆς
1471 2239 1603 2308 γῆς.
1639 2240 1839 2294 Τοῦτον

257 2324 351 2381 οῦν
381 2327 663 2400 διεγείρων
687 2331 778 2383 τὸν
812 2332 869 2383 ἐν
897 2331 1048 2402 μέσῳ
1070 2330 1177 2385 τῶν
1203 2331 1339 2384 θεῶν
1360 2332 1490 2383 Θεὸν
1522 2332 1718 2384 στάντα
1745 2332 1839 2384 καὶ

256 2419 608 2487 διελέγξαντα
641 2423 768 2485 τοὺς
798 2421 1208 2509 προλεχρέντας,
1244 2423 1342 2494 ἥδη
1380 2423 1509 2476 ποτὲ
1543 2424 1633 2475 ἐπὶ
1667 2423 1839 2493 πέρας

257 2510 559 2578 ἐπαγαγεῖν
584 2509 681 2581 τὴν
716 2510 851 2581 πρὸς
877 2510 1040 2563 αὑτὸν
1071 2512 1401 2580 ἐπαγγελίαν
1426 2516 1453 2566 6
1483 2511 1670 2584 παρὼν
1697 2511 1839 2578 ἀξιοῖ

250 2603 415 2673 λίγος
460 2604 675 2675 φήσας’
724 2603 1002 2669 Ἀνάστα,
1036 2607 1069 2658 ὁ
1103 2604 1267 2670 Θεὸς,
1306 2604 1514 2671 κρῖνον
1541 2604 1655 2671 τὴν
1696 2604 1833 2673 γῆν,

254 2696 348 2752 ἔτι
386 2696 467 2750 σὺ
497 2695 1126 2765 κατακληρονομήσεις
1150 2696 1220 2749 ἐν
1242 2695 1391 2750 πᾶσι
1420 2697 1544 2761 τοῖς
1570 2697 1831 2751 ἔθνεσιν.

256 2789 322 2841 Oi
355 2788 454 2858 μὲν
479 2788 588 2859 γὰρ
619 2787 1214 2860 προκατηγορηθέντες,
1248 2791 1400 2860 φησὶ,
1428 2788 1588 2842 κακοὶ
1618 2790 1839 2859 γενόμε-

255 2898 337 2935 νοι
381 2881 588 2953 κριταὶ,
637 2881 695 2932 ἐν
748 2881 924 2951 σκότῳ
971 2880 1398 2952 διεπορεύθησαν
1427 2900 1440 2911 ·
1486 2882 1609 2934 ἐπεὶ
1653 2881 1707 2933 δέ
1756 2899 1836 2934 σοι

256 2973 459 3044 πρέπει
506 2971 565 3025 τὸ
596 2972 818 3035 δικαίως
851 2972 1057 3044 κρίνειν
1081 2989 1096 3003 ο
1132 2973 1278 3043 μόνῳ
1320 2972 1427 3045 γὰρ
1471 2971 1568 3043 τὴν
1605 2970 1782 3042 κρίσιν
1810 2973 1839 3024 6

256 3063 449 3135 Πατὴρ
481 3063 647 3117 ἔδωκε
682 3063 757 3135 τῷ
784 3063 898 3135 Υἱῷ
918 3080 933 3094 '
966 3064 1067 3135 ἤδη
1096 3065 1226 3117 ποτὲ
1260 3065 1322 3117 σὺ
1358 3064 1518 3126 αὐτὸς
1552 3063 1833 3134 ἀνάστηθι,

252 3155 345 3209 διά
381 3157 481 3227 τῆς
527 3155 723 3210 σαυτοῦ
766 3155 1117 3220 ἀναστάσεως
1153 3156 1252 3227 τὴν
1285 3155 1467 3227 κοινὴν
1503 3155 1718 3209 πάντων
1744 3156 1839 3208 άν-

256 3248 285 3300 θ
295 3246 493 3320 ρώπων
518 3248 813 3301 ἀνάστασιν
845 3248 1201 3318 ποιησόμενος
1221 3266 1233 3278 ·
1265 3250 1357 3302 καὶ
1383 3252 1563 3321 κρῖνον
1587 3250 1684 3321 τὴν
1712 3254 1836 3322 γῆν,

256 3339 472 3402 πάντας
499 3338 699 3410 δηλαδὴ
728 3340 855 3402 τοὺς
879 3341 978 3411 τὴν
1023 3340 1127 3409 γῆν
1170 3340 1453 3403 οἰκοῦντας
1496 3341 1834 3413 ἀνθρώπους.

253 3430 467 3502 Πρέπει
513 3430 569 3484 δέ
618 3448 699 3484 σοι
752 3430 960 3494 πάντας
1006 3430 1321 3502 ἀνθρώπους
1356 3432 1594 3503 κρίνειν,
1629 3433 1837 3502 ἐπειδὴ

1942 1976 2059 2045 guit
2111 1974 2381 2037 excitans,
2432 1977 2589 2040 rogat
2623 1979 2684 2023 ut
2730 1967 2841 2037 jam
2900 1965 3120 2019 demum
3168 1962 3365 2017 factam
3416 1962 3521 2016 sibi

1942 2066 2363 2135 promissionem
2406 2062 2473 2117 ad
2520 2062 2681 2116 linem
2734 2060 3004 2123 deducat,
3040 2057 3232 2111 dicens
3270 2074 3283 2108 :
3330 2054 3519 2124 Surge,

1940 2157 2104 2220 Deus,
2148 2158 2337 2227 judica
2389 2165 2608 2218 terram,
2667 2154 2916 2225 quoniam
2985 2161 3041 2203 tu
3086 2148 3423 2204 Itwreditabis
3466 2148 3522 2202 in

1942 2250 2183 2304 omnibus
2212 2250 2473 2321 gentibus.
2510 2248 2645 2302 Nam
2678 2250 2710 2302 ii
2745 2249 2839 2318 qui
2889 2248 3042 2317 prius
3076 2244 3320 2299 accusati
3369 2248 3519 2307 sunt,

1940 2338 2138 2407 inquit,
2164 2339 2309 2407 quod
2340 2339 2510 2407 iniqui
2543 2338 2761 2405 judices
2802 2337 3028 2402 fuerint,
3048 2337 3101 2389 in
3136 2333 3377 2389 tenebris
3405 2348 3523 2386 am-

1941 2429 2220 2483 bullarunt.
2254 2429 2522 2494 Quoniam
2566 2443 2697 2484 vero
2747 2436 2801 2481 te
2823 2429 2974 2497 juste
3025 2427 3277 2495 judicare
3332 2425 3521 2491 decet,

1942 2522 2041 2576 soli
2064 2522 2262 2590 quippe
2286 2521 2424 2574 Filio
2450 2518 2613 2573 Pater
2643 2518 2912 2589 judicium
2941 2517 3122 2572 dedit:
3156 2517 3267 2586 jam
3300 2515 3521 2569 demum

1940 2621 1998 2667 tu
2047 2615 2162 2684 ipse
2214 2612 2837 2683 surge,’resurrectione
2884 2620 2978 2663 tua
3021 2623 3369 2664 communem
3404 2621 3521 2661 om-

1940 2706 2091 2759 nium
2139 2704 2600 2760 resurrectionem
2661 2704 2942 2768 facturus;
2970 2709 3024 2755 et
3074 2700 3261 2769 judiea
3290 2706 3519 2759 terram,

1942 2812 2131 2851 omnes
2189 2796 2441 2850 homines
2470 2794 2723 2849 videlicet
2760 2795 2852 2863 qui
2909 2794 2964 2845 in
3011 2799 3156 2846 terra
3204 2797 3517 2845 versantur.

1943 2888 2065 2942 Tibi
2095 2904 2261 2958 porro
2293 2889 2551 2942 convenit
2583 2902 2775 2941 omnes
2804 2886 3051 2939 homines
3091 2883 3361 2951 judicare,
3391 2897 3517 2949 quo-

1940 2978 2084 3031 niam
2110 2984 2163 3028 ιιι
2185 2976 2520 3031 haereditabis
2545 2976 2600 3028 in
2634 2974 2873 3027 omnibus
2890 2972 3148 3042 gentibus.
3181 2971 3245 3025 Et
3278 2985 3521 3041 praesens

1940 3066 2163 3137 quidem
2201 3068 2446 3137 psalmus
2506 3080 2838 3138 synagogam
2889 3065 3118 3119 deorum
3173 3062 3518 3126 memoravit,

1941 3176 2006 3215 ac
2038 3159 2209 3214 Deum
2239 3160 2295 3214 in
2332 3160 2510 3214 medio
2538 3167 2798 3223 stantem,
2819 3158 3060 3227 deosque
3100 3154 3517 3223 dijudicantem,

1944 3262 2225 3325 totamque
2251 3253 2554 3309 doctrinam
2597 3268 2751 3308 suam
2789 3252 2856 3306 de
2896 3250 3105 3319 judicio
3158 3248 3432 3317 instituit;
3461 3250 3518 3303 in

1940 3344 2047 3399 ﬁne
2088 3360 2218 3400 vero
2266 3343 2466 3415 adjecit
2502 3345 2634 3398 illud
2676 3342 2909 3413 :Surge,
2963 3341 3129 3405 Deus,
3178 3340 3366 3409 judica
3412 3348 3519 3393 ter-

1939 3452 2079 3489 rant.

252 3526 337 3580 σὺ
367 3524 997 3594 κατακληρονομήσεις
1026 3526 1095 3579 ἐν
1128 3524 1275 3580 πᾶσι
1308 3526 1431 3592 τοῖς
1467 3528 1686 3581 ἔθνεσι.
1722 3531 1830 3582 Καὶ
1868 3531 1897 3582 6
1925 3530 2023 3601 μὲν
2060 3530 2250 3600 παρὼν
2291 3530 2503 3601 ψαλμὸς
2538 3528 2857 3600 συναγωγὴν
2920 3527 3058 3581 θεῶν
3126 3527 3399 3598 ὠνόμασε,
3426 3526 3520 3578 καὶ

250 3626 386 3679 Θεὸν
429 3627 591 3697 μέσον
632 3625 863 3689 ἑστῶτα,
937 3624 1031 3677 καὶ
1083 3622 1237 3687 θεοὺς
1281 3624 1645 3693 διακρίνοντα,
1691 3626 1868 3679 πᾶσάν
1905 3644 1965 3679 τε
2008 3626 2108 3698 τὴν
2153 3626 2498 3680 διδασκαλίαν
2542 3628 2669 3697 περι¹
2711 3626 2945 3697 κρίσεως
2985 3626 3307 3695 ἐποιήσατοο
3379 3623 3517 3691 ἐπή-

250 3719 393 3787 γαγέ
416 3736 474 3771 τε
510 3718 600 3771 ἐπὶ
623 3717 764 3771 τέλει
797 3716 876 3783 τὸ,
924 3715 1193 3784 Ἀνάστα,
1228 3719 1260 3770 ό
1291 3716 1453 3783 Θεὸς,
1482 3718 1686 3785 κρῖνον
1718 3720 1832 3787 τὴν
1868 3719 2006 3789 γῆν.

323 3832 516 3887 Ταῦτά
548 3849 607 3885 τε
631 3833 809 3886 πάντα
843 3832 903 3885 τὸ
934 3832 1157 3902 Πνεῦμα
1187 3832 1249 3884 τὸ
1277 3832 1431 3900 άγιον
1466 3832 1553 3887 διά
1583 3834 1675 3886 τοῦ
1704 3852 1835 3907 προ-

2007 3833 2134 3889 [late
2165 3850 2330 3905 porro
2352 3835 2534 3889 omnia
2568 3833 2806 3904 Spiritus
2830 3842 3055 3887 sanctus
3077 3845 3171 3899 per
3200 3827 3517 3899 prophetam

252 3923 429 3995 φὴτου
471 3923 642 3992 Ἀσάφ
679 3921 1046 3993 ἐξενήνεκται.
1081 3922 1232 3974 Ἐπεὶ
1258 3922 1315 3974 δὲ
1351 3922 1583 3994 εὕρομεν
1617 3926 1708 3977 καὶ
1743 3926 1833 3979 τὸν

254 4012 341 4084 μθ¹
391 4012 602 4084 ψαλμὸν
647 4015 740 4067 καὶ
782 4013 943 4066 αὐτὸν
990 4013 1462 4084 ἐπιγεγραμμένον
1494 4014 1601 4068 Τοῦ
1628 4015 1830 4084 Ἀσάφ,

252 4106 350 4159 καὶ
383 4104 453 4157 τά
479 4106 607 4177 περὶ
638 4105 871 4175 κρίσεως
903 4104 1213 4175 διειληφότα
1237 4104 1440 4175 ὁμοίως
1464 4108 1577 4168 τοῖς
1618 4123 1836 4177 προκει-

255 4198 473 4269 μένοιςο
503 4196 730 4261 εἰκότως
766 4197 1091 4269 ἡγησάμεθα
1126 4197 1418 4251 ἀκόλουθον
1447 4196 1585 4251 εἶναι
1627 4200 1833 4253 ἐκεῖνον

248 4290 450 4361 τούτῳ,
482 4290 609 4343 ὄντα
647 4290 745 4361 μὲν
788 4290 987 4361 ὁμοίως
1021 4288 1114 4341 τοῦ
1151 4290 1345 4358 Ἀσάφ,
1366 4290 1465 4361 τὴν
1499 4289 1664 4360 αὐτὴν
1705 4291 1833 4343 ὑπό-

250 4383 403 4436 θεσιν
427 4382 838 4454 εἰσηγούμενον.
864 4385 1093 4454 Εἴρηται
1115 4384 1244 4452 γοῦν
1271 4383 1364 4435 καὶ
1398 4384 1455 4435 ὲν
1480 4383 1627 4453 αὐτῷ
1647 4400 1661 4415 ο
1691 4384 1833 4449 Θεὸς

250 4475 407 4530 θεῶν
442 4478 657 4544 Κύριος
693 4475 980 4545 ἐλάλησε,
1014 4476 1110 4529 καὶ
1140 4475 1395 4529 ἐκάλεσε
1430 4476 1545 4543 τὴν
1574 4475 1691 4545 γῆν
1714 4477 1829 4530 ἀπὸ

247 4565 569 4623 ἀνατολῶν
594 4568 772 4635 ἡλίου
792 4568 967 4637 μέχρι
1000 4566 1268 4637 δυσμῶν.
1298 4567 1405 4619 Θέα
1444 4567 1552 4639 γὰρ
1584 4568 1733 4631 ὅπως
1773 4568 1833 4621 τὸ

252 4659 355 4729 μὲν
385 4658 536 4721 τέλος
565 4658 657 4711 τοῦ
686 4659 823 4729 μετὰ
844 4662 1031 4731 χεῖρας
1059 4660 1283 4729 φάσκει·
1315 4659 1583 4723 Ἀνάστα,
1606 4664 1637 4713 ὁ
1666 4662 1828 4725 Θεὸς,

248 4750 461 4818 κρῖνον
490 4750 606 4818 τὴν
642 4750 795 4821 γῆνθ
834 4752 868 4822 ἡ
912 4752 965 4804 δὲ
1027 4752 1120 4805 τοῦ
1171 4753 1257 4823 μθ⁹
1286 4754 1426 4824 ἀρχή
1458 4770 1472 4783 ·
1518 4753 1660 4818 Θεὸς
1684 4753 1833 4806 θεῶν

249 4844 470 4910 Κύριος
494 4842 782 4910 ἐλάλησε,
825 4843 922 4896 καὶ
964 4844 1220 4897 ἐκάλεσε
1267 4844 1381 4912 τὴν
1429 4843 1562 4913 γῆν.
1610 4846 1718 4897 Καὶ
1747 4846 1833 4898 ὲν-

248 4935 428 4990 ταῦθα
458 4936 556 5007 μὲν
584 4937 820 5007 εἴρηται·
850 4937 971 4989 Ὅτι
1007 4936 1088 4990 σὺ
1118 4938 1744 5006 κατακληρονομήσεις
1764 4938 1833 4990 ἐν

249 5028 406 5084 πᾶσι
441 5028 566 5095 τοῖς
598 5029 873 5084 ἔθνεσινο
904 5031 960 5082 ἐν
992 5030 1183 5101 ἐκείνῳ
1233 5029 1311 5093 δὲ,
1359 5030 1477 5085 άπὸ
1523 5028 1833 5085 ἀνατολῶν

248 5120 432 5185 ἡλίου
454 5119 632 5189 μέχρι
664 5118 913 5189 δυσμῶν
933 5135 944 5147 ·
975 5122 1069 5173 καὶ
1102 5120 1262 5173 πάλιν
1295 5122 1351 5172 ἐν
1390 5119 1486 5189 μὲν
1518 5119 1595 5190 τῷ
1632 5119 1715 5189 μθ¹
1748 5118 1834 5171 λέ-

1936 3926 2118 3997 Asaph
2155 3927 2369 3983 extulit.
2402 3927 2541 3993 Quia
2572 3942 2700 3980 vero
2732 3925 2999 3994 psalmum
3029 3938 3179 3985 ηις,
3200 3922 3293 3991 qui
3319 3926 3372 3973 et
3402 3919 3517 3989 ipse

1934 4020 2132 4088 Asapln'
2186 4020 2539 4083 inscribitur,
2572 4018 2640 4072 de
2690 4017 2903 4087 judicio
2944 4016 3073 4070 item
3120 4014 3513 4068 edisserentem

1935 4110 2398 4181 deprehendimus
2430 4109 2657 4181 perinde
2685 4117 2847 4178 atque
2867 4113 3191 4176 praesentem
3220 4122 3233 4170 ;
3257 4104 3379 4173 jure
3406 4102 3516 4155 exi-

1937 4205 2225 4259 stimamus
2267 4204 2417 4256 illum
2464 4202 2592 4255 huic
2638 4197 3071 4255 subnectendum
3122 4212 3265 4258 esse,
3327 4200 3515 4262 utpote

1936 4296 2028 4367 qui
2054 4295 2312 4350 similiter
2344 4293 2550 4363 Asapbi
2583 4293 2675 4357 sit,
2710 4301 2762 4347 et
2796 4291 2934 4345 idem
2975 4296 3355 4359 argumentum
3387 4302 3513 4357 per-

1934 4376 2149 4441 tractet.
2182 4384 2317 4439 Nam
2364 4386 2435 4440 ibi
2459 4400 2675 4455 quoque
2702 4383 2907 4437 dictum
2944 4382 3044 4435 fuit
3072 4400 3083 4434 :
3122 4379 3261 4433 Deus
3295 4379 3512 4431 deorum

1933 4478 2192 4532 Dominus
2222 4480 2427 4533 locutus
2468 4488 2567 4544 est,
2599 4488 2647 4532 et
2682 4479 2880 4532 vocavit
2918 4488 3113 4530 terrant
3154 4493 3185 4527 a
3229 4474 3358 4528 solis
3394 4483 3514 4527 ortu

1934 4587 2093 4639 usque
2145 4568 2213 4622 ad
2266 4585 2531 4623 occasum.
2593 4568 3013 4621 Animadvertas
3071 4567 3273 4635 quippe
3326 4563 3511 4627 velim,

1933 4662 2220 4731 prtesentis
2272 4660 2433 4714 ﬁnem
2486 4659 2567 4713 sic
2615 4658 2822 4712 habere
2858 4675 2868 4709 :
2899 4656 3083 4725 Surge,
3142 4653 3512 4722 Deus,judica

1936 4764 2161 4817 terram;
2204 4760 2258 4806 et
2306 4752 2711 4823 quadragesimi
2762 4750 2889 4803 noni
2944 4749 3159 4802 initium
3196 4747 3297 4801 hoc
3341 4762 3510 4802 esse:

1931 4846 2076 4904 Deus
2107 4847 2323 4900 deorum
2348 4844 2601 4898 Dominus
2633 4844 2838 4897 locutus
2866 4852 2964 4904 est,
2998 4851 3045 4894 et
3073 4840 3269 4894 vocavit
3291 4848 3509 4896 terram.

1935 4937 2034 4991 llic
2059 4937 2221 4992 etiam
2256 4937 2479 4997 dicitur,
2517 4935 2779 4998 Quoniam
2805 4943 2859 4985 tu
2895 4929 3231 4985 Ita'reditabis
3258 4933 3310 4982 in
3336 4930 3511 4983 omni-

1936 5030 2028 5083 bus
2059 5028 2333 5100 gentibus;
2367 5027 2441 5081 ibi
2486 5041 2636 5089 vero,
2673 5043 2705 5079 a
2735 5026 2865 5078 solis
2896 5034 3015 5078 ortu
3050 5038 3212 5093 usque
3244 5022 3315 5074 ad
3355 5038 3509 5075 occa-

1935 5138 2070 5176 sum.
2108 5123 2186 5175 Ac
2228 5136 2449 5174 rursum
2486 5120 2540 5172 in
2584 5134 2712 5171 χιιι
2742 5116 2948 5170 dictum
2993 5123 3077 5170 est
3121 5134 3132 5169 :
3170 5113 3309 5167 Deus
3340 5113 3500 5167 mani-

249 5211 442 5265 λεκται
462 5228 476 5240 ο
518 5212 570 5264 '0
607 5212 752 5278 Θεὸς
780 5212 1057 5281 ἐμφανῶς
1088 5212 1239 5280 ἣξει,
1267 5215 1299 5267 ό
1331 5213 1474 5279 Θεὸς
1510 5211 1699 5281 ἡμῶν,
1727 5213 1824 5266 καὶ

1939 5215 2061 5282 {este
2090 5214 2275 5277 veniet,
2312 5212 2452 5266 Deus
2484 5221 2682 5277 noster,
2701 5220 2745 5263 et
2776 5227 2880 5263 non
2912 5208 3103 5265 silebit.
3138 5207 3273 5261 Cum
3302 5205 3509 5260 venerit

248 5306 324 5359 οὐ
357 5305 887 5373 παρασιωπήσεται
910 5322 926 5338 ο
968 5305 1140 5359 ἐλθὼν
1180 5306 1236 5359 δὲ
1274 5306 1325 5359 τί
1360 5307 1596 5377 ποιήσει,
1631 5306 1659 5357 6
1689 5306 1827 5376 μετά

249 5400 441 5469 χεῖρας
468 5396 714 5451 διδάσκει⁸
738 5398 908 5467 λέγων
928 5415 941 5429 ’
981 5399 1034 5450 '0
1067 5399 1210 5464 Θεὸς
1241 5399 1387 5458 ἔστη
1411 5399 1481 5451 ἐν
1506 5398 1827 5468 συναγωγῇ

249 5486 435 5541 θεῶν·
468 5488 537 5539 ἐν
569 5488 739 5557 μέσῳ
779 5488 847 5542 δὲ
885 5490 1058 5556 θεοὺς
1087 5490 1393 5558 διακρίνει.
1443 5490 1567 5553 Πῶς
1615 5490 1670 5543 δὲ
1715 5490 1828 5543 δια-

249 5579 449 5649 κρίνει,
494 5578 523 5631 ὁ
558 5579 643 5649 μθ¹
674 5581 927 5651 διασαφεῖ
959 5584 1180 5653 φάσκων
1203 5600 1215 5611 ·
1257 5582 1384 5650 Πῦρ
1420 5582 1697 5636 ἐναντίον
1722 5584 1828 5637 αὑ-

249 5671 361 5726 τοῦ
383 5671 749 5741 καυθήσεται
768 5691 780 5704 σ
814 5676 1019 5740 κύκλῳ
1050 5674 1235 5730 αὑτοῦ
1265 5674 1529 5746 namq-ig
1569 5674 1824 5744 σφόδρα.

328 5829 369 5861 ¹¹
413 5828 556 5886 Psal.
596 5846 654 5898 ιι,
697 5833 744 5887 7.

1934 5323 2138 5377 autem,
2166 5313 2295 5383 quid
2329 5320 2553 5367 acturus
2583 5311 2672 5373 sit,
2704 5311 2861 5364 docet
2882 5323 3121 5379 praesens
3149 5307 3391 5376 psalmus
3421 5302 3508 5356 his

1933 5406 2114 5460 verbis
2145 5424 2158 5458 :
2196 5404 2335 5458 Deus
2385 5405 2528 5457 stetit
2585 5404 2641 5455 in
2673 5420 2942 5473 synagoga
2988 5401 3227 5461 deorum,
3253 5398 3307 5449 in
3338 5394 3506 5449 medio

1937 5503 2112 5546 autent
2138 5491 2261 5546 deos
2313 5492 2592 5561 dijudicat.
2631 5490 2915 5557 Quomodo
2947 5486 3292 5557 dijudicabit,
3326 5485 3507 5539 decla-

1936 5594 2020 5637 rat
2058 5599 2206 5650 mx,
2234 5582 2318 5637 his
2350 5583 2529 5637 verbis
2569 5601 2582 5636 :
2619 5581 2765 5653 Ignis
2805 5582 2859 5634 in
2890 5588 3166 5647 conspectu
3190 5578 3302 5647 ejus
3346 5593 3505 5630 erar-

1932 5674 2125 5744 descet,
2158 5676 2207 5729 in
2237 5674 2461 5728 circuitu
2508 5674 2621 5744 ejus
2674 5682 2949 5741 tempestas
2978 5668 3176 5723 valida.
3212 5666 3501 5723 Advocabit

3972 5120 3981 5323 ὲ

3979 5256 3981 5321 l

3979 5782 3981 5837 l

3979 5846 3981 5992 ξ
