4004 6544
552 425 650 480 99!

1215 421 1483 479 EUSEBIl
1519 417 1997 475 CESARIENSIS
2034 416 2185 473 OPP.
2225 415 2404 470 PARS
2434 413 2525 469 lli.
2568 442 2635 455 -
2670 406 3077 465 EXEGETICA.
3654 408 3736 462 90?.

554 539 739 593 castum
796 536 1074 593 desursum
1108 576 1123 601 ,
1167 547 1217 591 et
1268 546 1463 590 terram
1518 531 1811 602 dijudicare
1875 529 2125 600 populum

2230 524 2710 596 Προσκαλέσεται
2758 523 2866 575 τὸν
2903 517 3163 588 οἰφανόν
3205 516 3327 570 ἄγω
3385 516 3477 570 καὶ
3516 517 3616 585 τὴν
3649 518 3737 586 τῆν

553 647 727 685 suum.
762 626 966 683 Horum
989 641 1156 682 causa
1188 626 1382 681 merito
1412 624 1747 678 arbitramur
1767 618 2121 691 quadragesi-

554 739 702 777 mum
733 737 935 776 nonum
966 719 1097 774 huic
1132 719 1342 789 psalmo
1380 715 1821 787 subjungendum
1869 726 2012 768 csse.
2054 708 2123 765 ll-

556 812 756 882 ludque
782 813 907 867 item
936 807 1595 873 observandum,eosdem
1628 807 1869 875 psalmos
1899 802 2123 874 perinde

553 913 716 973 atque
745 903 1163 974 subsequentes,
1185 901 1279 971 qui
1301 901 1431 955 item
1456 899 1659 969 Asaphi
1689 907 1836 962 sunt,
1863 894 2124 965 abjectio.

554 1010 677 1048 nem
710 993 1021 1049 Iudaeorum
1053 994 1282 1064 ejusque
1317 1008 1515 1048 causas
1538 990 1845 1061 complecti.
1876 987 2125 1055 Quadra-

553 1086 794 1155 pesimus
826 1101 955 1141 vero
985 1099 1185 1150 nonus,
1220 1085 1288 1138 ab
1314 1083 1504 1139 eodem
1551 1084 1817 1154 propheta
1860 1081 2120 1149 scriptus,

552 1193 651 1248 per
705 1176 1099 1233 sacrificiorum
1152 1176 1607 1247 repudiationem,
1676 1173 1927 1228 Mosaicae
1990 1172 2125 1242 legis

554 1268 963 1337 abrogationem
998 1266 1239 1333 inducit;
1266 1267 1339 1321 ita
1372 1268 1509 1321 utin
1562 1266 1654 1321 illo
1696 1266 1941 1336 ejusdem
1964 1280 2126 1335 argu-

555 1353 727 1407 menti
756 1353 930 1409 series
974 1356 1356 1425 sententiaque
1389 1356 1731 1411 exhibeatur.
1759 1354 1876 1420 Qua
1904 1369 2033 1408 vero
2059 1353 2125 1409 de

553 1458 723 1498 causa
747 1458 873 1497 χιιι
907 1459 936 1498 a
966 1447 1329 1515 praesentibus
1361 1447 1584 1501 avulsus
1621 1455 1675 1501 et
1705 1455 1831 1501 ante
1857 1446 2127 1516 quinqua-

552 1537 746 1607 gesimi
772 1538 963 1607 psalmi
992 1538 1392 1594 confessionem
1425 1538 1636 1607 positus
1665 1538 1754 1603 sit,
1780 1539 1892 1609 jam
1927 1538 1981 1593 in
2007 1540 2126 1609 ejus

553 1630 948 1685 commentario
968 1629 1302 1701 disputatum
1331 1635 1435 1684 est.

619 1904 667 1957 ι.
703 1898 1054 1958 CANTICUM
1088 1897 1337 1956 PSALMI
1374 1898 1503 1953 IPSI
1536 1896 1783 1953 ASAPH.
1825 1894 2087 1951 Lxxxu.
2162 1883 2204 1939 Β

628 2051 796 2109 Vnus.
841 2053 896 2107 2.
928 2052 1092 2119 Deus,
1128 2054 1246 2122 quis
1270 2052 1461 2105 similis
1509 2052 1611 2107 erit
1665 2051 1803 2106 tibi?
1835 2067 1896 2105 ne
1926 2059 2127 2113 taceas,

554 2163 716 2218 neque
737 2146 1104 2215 compescaris,
1123 2144 1283 2200 Deus.
1302 2145 1749 2217 Septuagesimus
1778 2159 1957 2199 nonus
1983 2144 2130 2213 psal-

553 2256 678 2294 mus
709 2239 1143 2294 destructionem
1176 2238 1347 2292 vinea:
1368 2276 1383 2302 ,
1413 2235 1652 2291 Iudaica:
1678 2235 1855 2306 gentis
1890 2233 2128 2298 ruinam,

554 2332 661 2387 loci
691 2332 785 2402 qui
820 2346 989 2403 penes
1038 2346 1136 2386 eos
1176 2331 1230 2385 in
1275 2331 1453 2401 pretio
1480 2340 1534 2384 et
1562 2330 1771 2384 honore
1823 2327 2131 2383 habebatur

556 2421 870 2477 incendium
927 2430 982 2476 et
1019 2422 1331 2476 vastitatem
1387 2421 1825 2492 praenuntiabat;
1879 2419 1990 2474 duo
2042 2435 2131 2475 se-

553 2519 787 2581 quentes
821 2526 1046 2567 causam
1079 2512 1244 2582 hujus
1273 2513 1606 2567 calamitatis
1633 2512 2003 2577 enarrabant;
2042 2511 2130 2565 hic

553 2617 685 2657 vero
716 2603 787 2658 iis
819 2603 1170 2672 conjunctus,
1205 2603 1657 2673 supplicationem
1703 2610 1760 2657 et
1793 2602 2133 2658 obsecratio-

555 2709 680 2748 nem
742 2709 840 2764 pro
885 2696 1085 2764 populo
1132 2694 1307 2749 effert.
1353 2693 1485 2751 Post
1528 2694 1708 2749 tristia
1770 2695 1969 2765 quippe
2039 2694 2130 2748 illa

555 2785 713 2855 quasi
744 2786 1009 2841 medelam
1043 2786 1337 2857 quamdam
1369 2785 1646 2857 praedictis
1673 2785 1963 2861 admovere
1994 2800 2124 2840 con-

554 2884 876 2934 sentaneum
934 2878 1059 2946 fuit,
1094 2879 1533 2950 quandoquidem
1594 2880 1788 2951 psalmi
1847 2879 2029 2948 Asaplt
2077 2880 2133 2934 in

554 2969 661 3024 hoc
681 2971 1228 3026 circumscribentur.
1244 2970 1611 3037 Quamobrem
1635 2970 1918 3025 Canticum
1936 2970 2134 3040 psalmi

557 3058 858 3130 inscriptus
874 3070 981 3129 est,
1000 3063 1128 3132 quia
1145 3062 1289 3117 bona
1319 3062 1521 3132 populo
1538 3069 1814 3133 precatur.
1841 3060 1937 3117 Est
1966 3076 2133 3132 porro

557 3151 883 3208 undecimus
915 3168 1106 3208 eorum
1157 3154 1253 3224 qui
1300 3152 1502 3223 Asapht
1547 3153 1961 3217 inscribuntur,
1995 3168 2133 3223 quo-

2222 618 2328 673 τοῦ
2359 616 2651 685 διακρῖναι
2690 614 2796 669 τὸν
2833 613 2987 668 λαὸν
3028 610 3233 665 αὐτοῦ.
3261 608 3477 663 Τούτων
3505 612 3737 681 τοιγαροῦν

2222 708 2382 762 ἕνεκα
2425 706 2648 769 εἰκότως
2676 703 2904 757 ἔπεσθαι
2944 701 3021 772 τῷ
3065 700 3201 772 μετά
3242 702 3429 770 χεῖρας
3470 700 3739 769 ἡγησάμεθα

2221 798 2313 852 τὸν
2360 796 2464 867 μθ’.
2501 795 2737 849 Κάκεῖνο
2782 793 2838 846 δέ
2885 791 3167 863 τηρητέον,
3197 789 3269 853 ὡς
3312 789 3510 858 ὁμοίως
3545 792 3643 852 τοῖς
3677 793 3740 843 ὲν-

2221 889 2396 942 ταῦοα
2431 886 2796 957 συνημμένοις
2829 884 2921 938 τοῦ
2979 882 3152 952 Ἀσάφ
3196 881 3431 951 ψαλμοῖς
3468 880 3559 949 τὴν
3584 881 3742 934 άποὸοο

2223 982 2320 1054 λὴν
2372 979 2466 1034 τοῦ
2517 978 2788 1033 Ἰουδαίων
2836 977 3040 1041 ἔθνους,
3090 974 3184 1028 καὶ
3226 972 3432 1043 ταύτης
3473 970 3742 1036 τάς“αίτίας

2224 1073 2552 1144 περιέχουσι.
2596 1071 2707 1125 Καὶ
2746 1072 2773 1123 ό
2816 1067 2900 1139 μθ¹
2936 1067 3030 1120 τοῦ
3064 1064 3228 1119 αὑτοῦ
3264 1062 3541 1134 τυγχάνων
3573 1066 3740 1134 προφή-

2222 1184 2338 1231 του,
2369 1164 2681 1237 ἀνατροπὴν
2719 1162 2814 1215 τοῦ
2845 1160 3089 1222 Μωσέως
3119 1158 3284 1229 νόμου
3326 1156 3531 1224 εἰσάγει
3563 1155 3639 1209 διά
3669 1156 3742 1226 τῆς

2223 1255 2332 1311 τῶν
2367 1255 2565 1310 θυσιῶν
2602 1254 3017 1326 παραιτήσεως·
3054 1249 3195 1302 ὥστε
3245 1249 3341 1301 καὶ
3390 1248 3447 1300 ὲν
3487 1247 3647 1317 ταύτῷ
3671 1248 3742 1317 τὴν

2225 1347 2545 1401 ἀκολουθίαν
2591 1344 2899 1399 δείκνυσθαι
2949 1341 3049 1412 τῆς
3094 1339 3201 1392 τῶν
3250 1336 3622 1409 ἐμφερομένων
3661 1337 3743 1390 δια-

2225 1441 2394 1504 νοίας.
2430 1441 2527 1493 Διά
2565 1438 2618 1491 τί
2641 1439 2697 1491 δὲ
2725 1434 3097 1508 μετατέθειται
3128 1434 3157 1486 ὁ
3197 1430 3281 1503 μθ¹
3310 1434 3377 1486 ἐκ
3402 1432 3497 1502 τῆς
3525 1431 3619 1483 τῶν
3651 1447 3745 1499 προ-

2228 1530 2493 1601 κειμένων
2529 1526 2847 1597 συναφείας,
2893 1523 3258 1595 προτέτακται
3301 1521 3361 1575 δὲ
3402 1520 3499 1589 τῆς
3537 1521 3587 1572 ἐν
3620 1519 3683 1589 τῷ
3714 1526 3744 1570 v'

2227 1620 2425 1691 ψαλμῷ
2460 1618 2918 1689 ὲξομολογήσεως,
2948 1614 3005 1666 ὲν
3032 1614 3145 1676 τοῖς
3169 1612 3251 1676 είς
3276 1610 3439 1665 αὐτὸν
3463 1608 3745 1680 τεθεωρημὲν

2230 1731 2340 1776 νοις
2366 1715 2495 1783 ἡμῖν
2526 1710 2802 1782 προδιείλη
2812 1726 2957 1763 πται.

2538 1888 2670 1959 ῼΔΗ
2701 1884 3000 1939 ΨΑΛΜΟΥ
3031 1884 3120 1952 Τῼ
3150 1882 3348 1936 ΔΣΑΦ.
3374 1880 3498 1934 ΠΒ’.

2310 2041 2370 2094 '0
2402 2040 2567 2107 Θεὸς,
2601 2040 2693 2105 τίς
2738 2035 3166 2108 ὁμοιωθήσεται
3198 2049 3341 2098 σοι;
3378 2032 3472 2100 Μὴ
3517 2030 3745 2101 σιγήσας,

2225 2131 2382 2200 μηδὲ
2426 2130 2872 2198 καταπραΰνῃς,
2922 2132 2954 2183 ὁ
3005 2128 3171 2194 Θεός.
3213 2127 3271 2180 '0
3331 2126 3429 2196 μὲν
3478 2124 3547 2176 οθ¹
3583 2122 3745 2192 ψαλμὸς

2230 2220 2599 2294 προανειριῖΝει
2630 2221 2720 2274 τὸν
2761 2219 3066 2290 ἀφανισμὸν
3093 2217 3188 2271 τοῦ
3221 2217 3541 2289 ἀμπελῶνος
3565 2217 3642 2268 καὶ
3672 2215 3743 2283 τὴν

2231 2314 2439 2368 πτῶσιν
2469 2312 2563 2365 τοῦ
2602 2311 2867 2365 Ἰουδαίων
2906 2309 3111 2375 ἔθνους,
3136 2310 3231 2363 τοῦ
3262 2327 3325 2362 τε
3356 2310 3483 2378 παρ’
3510 2308 3664 2368 abtoi;
3690 2321 3747 2357 τε·

2228 2406 2533 2479 τιμημένου
2576 2406 2740 2459 τόπου
2770 2405 2862 2459 τὸν
2892 2401 3221 2475 ἐμπρησμὸν
3270 2402 3368 2456 καὶ
3406 2401 3500 2471 τὴν
3530 2399 3742 2470 ἐρημίανσ

2229 2503 2279 2554 οἱ
2323 2501 2367 2555 δ’
2412 2499 2541 2571 ἑξῆς
2569 2498 2718 2569 αὐτῷ
2746 2498 2838 2551 δύο
2866 2498 2965 2566 τὴν
2996 2495 3177 2550 αἰτίαν
3211 2494 3488 2548 ἐδίδασκον
3520 2493 3580 2545 δι’
3607 2491 3660 2561 ἢν
3684 2506 3747 2543 πε-

2232 2592 2458 2647 πόνθασι
2495 2590 2700 2645 ταῦτα·
2746 2592 2775 2643 ό
2818 2589 2875 2642 δὲ
2920 2587 3129 2657 παρὼν,
3176 2584 3516 2657 συνημμένος
3552 2582 3751 2645 ἐκείνοις,

2232 2683 2514 2756 ἱκετηρίαν
2550 2684 2645 2736 καὶ
2688 2682 2871 2752 δέησιν
2910 2680 3052 2749 ὑπὲρ
3082 2677 3179 2731 τοῦ
3212 2675 3346 2731 λαοῦ
3382 2679 3614 2729 ποιεῖται.
3639 2671 3746 2725 Ἔδει

2229 2775 2338 2847 γὰρ
2367 2775 2505 2846 μετά
2534 2774 2604 2827 τά
2631 2771 2931 2844 σκυθρωπά
2958 2771 3147 2843 ὥσπερ
3170 2768 3297 2823 τινὰ
3323 2766 3599 2841 θεραπείαν
3620 2779 3742 2834 spos-

2232 2868 2384 2937 άγειν
2403 2869 2518 2930 τοῖς
2546 2864 2910 2937 προλεχθεῖσι,
2946 2862 3235 2933 μέλλοντας
3262 2862 3324 2915 ἐν
3350 2859 3519 2927 τούτῳ
3541 2854 3743 2926 περιγρὼ

2231 2960 2425 3030 φεσθαι
2444 2960 2567 3021 τοὺς
2585 2958 2694 3011 Τοῦ
2709 2955 2900 3024 Ἀσὰφ
2918 2953 3181 3025 ψαλμοὺς.
3201 2953 3293 3005 Διὸ
3309 2952 3403 3005 καλ⁵
3416 2948 3543 3022 ᾨόὴ
3557 2943 3744 3016 ψαλμοῦ

2231 3047 2682 3118 ἐπιγέγραπταιὸ
2703 3044 2891 3115 παρὼν
2912 3044 3089 3111 λόγος,
3115 3040 3204 3095 διὰ
3224 3040 3287 3093 τὸ
3320 3041 3387 3093 τὰ
3416 3036 3608 3109 χρηστὰ
3628 3037 3745 3102 0125,0-

2231 3137 2485 3207 εὐχεσθαι
2518 3134 2611 3189 τοῦ
2639 3133 2792 3188 λαοῦ.
2820 3134 2974 3186 Ἐστι
3000 3132 3056 3185 δὲ
3076 3133 3104 3185 ὁ
3131 3128 3325 3201 παρὼν
3349 3127 3456 3181 τῶν
3479 3131 3745 3194 ἐπιγεγραμ·

557 3260 677 3299 rum
724 3246 931 3315 primus
962 3252 1079 3301 erat
1119 3261 1290 3310 usu,
1324 3245 1400 3300 ita
1462 3252 1521 3300 ut
1561 3245 1616 3299 in
1672 3260 1861 3299 eorum
1918 3258 2133 3314 quoque

2239 3228 2413 3299 μένων
2436 3224 2546 3281 Τοῦ
2562 3224 2742 3293 Ἀσάφ
2765 3230 2854 3287 ια’,
2881 3216 2956 3276 ὧν
2988 3220 3203 3293 πρῶτος
3232 3215 3303 3291 ἦν
3330 3220 3359 3271 ὁ
3391 3218 3486 3282 οϐ’*
3520 3228 3746 3315 “lim?

557 3350 789 3389 numero
817 3342 1106 3389 censeatur
1137 3350 1288 3398 xux,
1324 3334 1452 3404 quia
1492 3334 1539 3388 is
1572 3334 1735 3387 etiam
1774 3339 1859 3387 est
1886 3332 2088 3403 Asapbi
2115 3350 2129 3386 :

558 3434 721 3495 atque
742 3425 815 3479 ita
844 3440 1035 3480 omnes
1057 3424 1344 3479 duodecim
1367 3439 1596 3479 numero
1626 3433 1774 3479 sunt.
1799 3421 1858 3477 In
1881 3424 2133 3493 praesenti

560 3516 727 3586 igitur
767 3516 1037 3586 prapheta
1096 3514 1207 3571 Deo
1262 3516 1579 3586 supplicans
1628 3515 1749 3570 ait:
1794 3514 1958 3579 Deus,
2017 3515 2134 3585 quis

558 3606 751 3660 similis
819 3607 919 3660 erit
968 3606 1105 3663 tibi?
1143 3624 1205 3661 ue
1273 3616 1473 3672 taceas,
1541 3623 1703 3677 nque
1764 3607 2135 3675 compescaris,

559 3696 725 3753 Deus.
766 3699 858 3751 Ait
893 3698 1134 3768 quippe:
1179 3697 1288 3759 Deo
1314 3697 1596 3768 patienti,
1638 3697 1893 3753 toleranti
1924 3737 1939 3760 ,
1982 3698 2135 3752 ideo-

560 3806 667 3858 que
721 3806 913 3847 omnes
987 3789 1224 3854 ferenti,
1288 3805 1451 3845 nemo
1522 3790 1743 3845 similis.
1812 3787 1948 3843 Nam
2011 3789 2136 3859 quis

558 3882 786 3953 perinde
829 3891 993 3953 atque
1046 3892 1101 3937 tu
1170 3884 1458 3938 atheorum
1516 3890 1570 3937 et
1638 3882 1930 3952 impiorum
1991 3881 2139 3937 blas-

560 3974 756 4044 pbema
817 3974 963 4028 dicta
1022 3984 1077 4029 et
1142 3976 1456 4045 superbiam
1519 3974 1661 4030 ferre
1698 3974 1933 4029 valeat?
1992 3973 2140 4040 Qua-

560 4079 621 4118 re
653 4066 753 4119 tibi
782 4066 1001 4135 quidem
1035 4065 1146 4121 Deo
1183 4082 1343 4121 nemo
1375 4066 1574 4122 similis
1603 4066 1727 4121 erit.
1768 4066 1880 4137 Ego
1916 4080 2043 4121 vero
2079 4072 2139 4119 ut

562 4156 747 4220 homo,
785 4156 1103 4213 infirmitate
1153 4165 1443 4228 superatus
1474 4173 1614 4219 mea,
1663 4157 1777 4211 haec
1830 4157 2140 4227 supplicare

561 4246 759 4310 audeo,
794 4247 1002 4317 tibique
1024 4246 1137 4302 Deo
1160 4264 1284 4303 cum
1319 4249 1571 4318 precibus
1596 4248 1808 4303 dicere:
1834 4246 1916 4301 Ne
1941 4256 2136 4313 taceas,

564 4354 726 4408 neque
773 4340 1147 4407 compescaris,
1211 4339 1373 4395 Deus.
1410 4338 1567 4393 Tunc
1607 4354 1737 4394 vero
1788 4346 1970 4393 tacere
1996 4336 2139 4394 Deus

562 4428 787 4494 dicitur,
829 4445 954 4485 cum
998 4430 1409 4500 insurgentibus
1459 4430 1636 4486 atheis
1677 4436 1732 4485 et
1763 4428 1945 4499 impiis
1980 4429 2135 4497 viris,

2235 3315 2648 3388 λαμϐανομένου
2684 3316 2799 3377 τοῖς
2842 3312 3224 3385 προκειμένοις
3260 3308 3358 3363 τοῦ
3403 3316 3451 3379 μ’
3484 3309 3568 3361 καὶ
3604 3304 3655 3369 θ’,
3681 3301 3743 3355 διὰ

2232 3411 2295 3463 τὸ
2333 3408 2428 3463 καὶ
2459 3407 2619 3462 αὐτὸν
2645 3402 2785 3459 εἶναι
2812 3405 2906 3457 τοῦ
2947 3403 3140 3472 Ἀσάφ.
3176 3402 3409 3456 Γένοιντ’
3439 3401 3501 3454 ἂν
3526 3400 3569 3453 oi
3593 3397 3742 3457 πάντες

2232 3503 2323 3557 τὸν
2348 3499 2581 3572 ἀριθμὸν
2613 3497 2703 3553 ιϐ’.
2730 3498 2893 3566 Λέγει
2921 3497 2977 3550 δέ
3007 3495 3094 3550 διὰ
3124 3494 3215 3549 τοῦ
3244 3494 3507 3567 παρόντος
3534 3493 3560 3545 ό
3580 3488 3743 3560 Προφήο

2233 3610 2333 3664 της
2379 3594 2437 3646 ἐν
2482 3593 2548 3662 τῇ
2592 3589 2730 3661 πρὸς
2762 3589 2852 3642 τὸν
2894 3588 3025 3643 Θεὸν
3072 3587 3359 3660 ἱκετηρία·
3406 3588 3469 3639 '0
3510 3584 3647 3649 Θεὸς,
3682 3582 3744 3643 τίς

2235 3680 2663 3752 ὁμοιωθήσεται
2695 3695 2832 3743 σοι;
2863 3677 2959 3747 Μὴ
2992 3675 3277 3748 σιγήσῃς,
3291 3676 3445 3745 μηδέ
3473 3669 3741 3739 καταπιοῦ-

2233 3795 2372 3844 νῃς.
2395 3778 2427 3830 ὀ
2463 3776 2626 3840 Θεός.
2665 3772 2723 3825 '0
2753 3772 2852 3843 μὲν
2875 3772 3001 3842 γὰρ,
3029 3773 3181 3841 φησὶ,
3208 3769 3286 3840 τῷ
3318 3769 3435 3840 Θεῷ
3471 3764 3741 3839 μακροθύμῳ

2235 3869 2347 3921 δντι
2386 3867 2477 3920 καὶ
2524 3864 2849 3935 ἁνεξικάκῳ,
2885 3864 2978 3916 καὶ
3025 3860 3113 3915 διὰ
3152 3861 3311 3914 τοῦτο
3359 3861 3564 3914 πάντων
3603 3856 3743 3921 ἀνεχο-

2241 3960 2407 4031 μένῳ,
2435 3957 2609 4019 οὐδεὶς
2646 3956 2850 4026 ὅμοιος.
2884 3955 2980 4018 Τίς
3019 3954 3127 4024 γάρ
3168 3970 3248 4005 σοι
3291 3947 3651 4023 παραπλησίως
3676 3942 3743 4001 τὶς

2237 4051 2345 4105 τῶν
2371 4049 2544 4103 ἀθέων
2572 4048 2667 4101 καὶ
2690 4047 2900 4100 ἀσεϐῶν
2927 4044 3136 4116 ἀνδρῶν
3168 4045 3478 4115 δυσφημίας
3509 4040 3590 4095 καὶ
3623 4039 3743 4104 ὑπερ·

2236 4142 2472 4213 ηφανίας
2509 4137 2619 4202 οἷός
2646 4141 2694 4193 τ’
2728 4138 2795 4193 ἂν
2837 4136 2922 4208 εἴη
2964 4136 3177 4208 φέρειν;
3214 4136 3305 4189 Διὸ
3341 4135 3422 4189 σοὶ
3459 4133 3567 4205 μὲν,
3592 4126 3741 4186 686k.

2237 4233 2411 4295 οὐδεὶς
2432 4230 2827 4302 ὁμοιωθήσεται
2846 4244 2859 4257 ’
2901 4226 3012 4297 ἐγὼ
3039 4227 3094 4279 δὲ
3127 4226 3203 4290 ὡς
3231 4225 3529 4296 ἄνθρωπος,
3555 4216 3743 4292 ἡττώμε-

2239 4340 2329 4387 νος
2364 4323 2469 4375 ὑπὸ
2500 4322 2600 4391 τῆς
2631 4318 2867 4390 ἐμαυτοῦ
2907 4316 3211 4380 ἀσθενείας,
3242 4315 3425 4388 τολμῶ
3461 4310 3655 4370 δεῖσθαι,
3678 4304 3743 4358 καὶ

2241 4414 2325 4468 σοὶ
2373 4413 2451 4485 τῷ
2498 4412 2617 4483 Θεῷ
2666 4412 2783 4483 μεθ’
2823 4410 3099 4482 ἱκετηρίας
3138 4410 3343 4478 λέγειν·
3384 4406 3476 4474 Μὴ
3522 4401 3741 4470 σιτήσῃςο

563 4520 723 4589 quasi
779 4537 889 4575 non
924 4521 1214 4577 advertens
1252 4522 1343 4576 ille
1380 4527 1583 4584 manet,
1619 4534 1793 4589 neque
1848 4519 2135 4573 confestim

2234 4504 2389 4575 μηδὲ
2445 4503 2887 4571 καταπραΰνῃς,
2934 4504 2967 4554 ό
3027 4500 3188 4565 Θεός.
3241 4500 3405 4570 Σιγᾷν
3436 4498 3488 4550 δὲ
3522 4487 3742 4589 iterum-6

565 4613 826 4667 ultionem
852 4614 1041 4677 sumit,
1061 4628 1161 4668 nec
1186 4612 1498 4683 promeritis
1519 4628 1614 4667 eos
1636 4610 1921 4682 suppliciis
1948 4626 2135 4681 aggre-

2242 4594 2392 4658 Θεὸς,
2430 4594 2649 4647 ὲπειδάν
2675 4592 3052 4664 ἐπαιρομένων
3083 4590 3192 4644 τῶν
3216 4591 3391 4644 ἀθέων
3419 4591 3506 4642 καὶ
3528 4579 3743 4639 δυσσεὸὦν

564 4706 731 4758 ditur.
756 4704 1120 4769 Quamobrem
1149 4704 1266 4774 ipse
1290 4702 1472 4773 Asapb
1499 4703 1552 4756 in
1579 4718 1703 4756 χιιι
1730 4701 1939 4771 psalmo
1968 4700 2139 4756 Deum

566 4795 681 4849 luec
724 4796 1077 4862 peccantibus
1120 4794 1393 4849 dicentem
1425 4792 1637 4848 inducit
1671 4812 1684 4847 :
1718 4794 1847 4847 Haec
1874 4793 2066 4861 fecisti,
2089 4802 2139 4846 et

568 4891 708 4939 tacui
739 4902 756 4939 :
782 4885 1105 4940 existimasti
1138 4886 1313 4956 inique
1339 4886 1477 4955 quod
1517 4902 1605 4939 ero
1638 4886 1713 4938 tui
1746 4883 1961 4939 similis.
1994 4884 2141 4939 Cau-

568 4993 686 5031 sam
720 4993 849 5032 vero
872 4977 1098 5040 silentii,
1133 4976 1411 5046 patientiae
1437 4986 1490 5031 et
1520 4977 1821 5031 tolerantiae
1855 4975 1950 5030 Dei
1982 4975 2143 5029 docet

569 5069 885 5137 Apostolus,
918 5069 1034 5123 haec
1068 5069 1318 5124 scribens
1346 5086 1359 5121 :
1384 5068 1466 5121 An
1497 5066 1713 5121 divitias
1747 5068 1998 5120 bonitatis
2028 5066 2141 5135 ejus

569 5166 620 5211 et
662 5158 934 5225 patientia
978 5169 1027 5213 et
1068 5160 1484 5231 longanimitatis
1528 5159 1840 5223 contemnis,
1892 5159 2140 5227 ignorans

570 5245 709 5314 quod
754 5245 1045 5317 benignitas
1092 5247 1191 5303 Dei
1227 5249 1295 5302 ad
1330 5247 1689 5317 paenitentiam
1733 5256 1780 5299 te
1821 5244 2037 5298 adducit
2062 5244 2145 5298 "‘l

572 5336 680 5391 Sed
708 5345 768 5390 tu
801 5338 1044 5408 quidem,
1086 5339 1182 5403 ait,
1218 5350 1274 5395 ut
1305 5339 1470 5404 Deus,
1510 5352 1700 5391 omnes
1739 5336 1997 5399 sustines,
2029 5350 2145 5388 om-

573 5446 672 5485 nes
719 5432 1016 5486 clcmenter
1041 5433 1266 5495 toleras,
1300 5446 1365 5485 ac
1392 5430 1460 5484 de
1493 5430 1561 5483 iis
1592 5429 1722 5483 siles
1750 5428 1846 5498 qui
1894 5427 2059 5496 impie
2090 5431 2146 5480 et

573 5523 780 5577 nefarie
808 5532 1058 5593 peccant,
1087 5532 1141 5578 et
1190 5531 1382 5577 contra
1412 5528 1466 5574 te
1505 5518 1675 5573 Deum
1712 5518 2031 5587 blaspliema
2059 5516 2146 5570 di-

574 5624 660 5667 cta
692 5615 996 5684 proferunt.
1032 5614 1144 5683 Ego
1180 5628 1312 5669 vero
1355 5626 1478 5666 cum
1508 5611 1625 5665 base
1654 5609 1839 5663 videre
1881 5623 1989 5661 non
2020 5623 2147 5677 pos-

579 5707 705 5773 sim,
735 5707 984 5776 supplico
1011 5707 1383 5776 deprccorquc
1416 5704 1623 5759 veniam
1671 5701 1955 5771 consequi,
2000 5699 2145 5770 quod

656 5860 697 5890 "
739 5858 893 5912 Rom.
936 5874 1002 5922 ll,
1038 5859 1089 5913 4.

2241 4685 2472 4758 ἀνδρῶν,
2500 4684 2898 4756 ἀπροσποίητος
2929 4683 3099 4754 μένει,
3131 4683 3204 4754 μὴ
3228 4683 3445 4750 ἐπάγων
3471 4675 3741 4750 παραχρῆμα

2239 4781 2337 4851 τὴν
2370 4780 2488 4832 κατ’
2532 4776 2707 4830 αὐτῶν
2736 4774 2926 4847 ὀργὴν,
2961 4775 3093 4846 μηδὲ
3136 4778 3251 4838 ταῖς
3284 4778 3405 4828 κατ’
3437 4771 3595 4825 αὐτῶν
3617 4782 3742 4835 τιμω-

2246 4870 2387 4943 Ρίαις
2417 4868 2713 4941 χρώμενος·
2754 4867 2844 4920 Αιδ
2881 4867 2975 4921 καὶ
3014 4870 3127 4929 τοῖς
3161 4865 3548 4936 ἁμαρτάνουσιν
3574 4863 3598 4913 ό
3624 4853 3741 4913 αὐτὸς

2254 4961 2425 5030 Ἀσάφ
2470 4963 2527 5015 ἐν
2562 4959 2640 5031 τῷ
2681 4966 2735 5030 μ’
2766 4959 2859 5013 καὶ
2909 4958 2952 5011 θ’
2990 4958 3082 5011 τὸν
3122 4957 3252 5011 Θεὸν
3298 4957 3499 5025 εἰσάγει
3537 4954 3736 5020 λέγοντα·

2247 5052 2437 5108 Ταῦτα
2476 5052 2798 5117 ἐποίησας,
2834 5048 2934 5103 καὶ
2978 5049 3266 5118 ἐσίγησεν
3325 5046 3597 5108 ὑπέλαϐες
3636 5040 3738 5093 ἀνο-

2236 5146 2407 5216 μίαν,
2435 5144 2524 5197 ὅτι
2550 5143 2765 5214 ἔσομαί
2787 5155 2886 5195 σοι
2910 5140 3131 5212 ὅμοιος.
3161 5140 3240 5193 Τὰ
3261 5140 3318 5194 δὲ
3346 5140 3485 5193 αἴτια
3515 5137 3600 5205 τῆς
3624 5125 3737 5193 σιγῆς

2242 5236 2337 5289 τοῦ
2370 5235 2503 5289 Θεοῦ
2538 5235 2632 5289 καὶ
2658 5234 2758 5305 τῆς
2791 5232 2990 5303 ἀνοχῆς
3023 5232 3115 5285 καὶ
3145 5232 3241 5302 τῆς
3277 5226 3624 5301 μακροθυμίας
3648 5231 3736 5305 ππ

2242 5328 2384 5381 δεύει
2424 5331 2452 5380 ὁ
2490 5304 2808 5389 ’Δπόστολος
2846 5324 3108 5395 γράφωνο
3149 5324 3219 5376 Ἦ
3255 5322 3359 5375 τοῦ
3403 5320 3633 5375 πλούτου
3660 5304 3736 5371 τῆς

2244 5420 2648 5487 χρηστότητος
2682 5417 2868 5471 αὑτοῦ
2910 5418 3008 5471 καί
3038 5416 3147 5487 τῆς
3183 5414 3407 5484 ἀνοχῆς
3436 5410 3525 5466 και
3550 5405 3639 5473 τῆς
3654 5415 3733 5469 ua-

2246 5509 2567 5577 προθυμίας
2593 5506 3002 5576 καταφρονεῖς,
3042 5506 3296 5578 ἀγνοῶν,
3320 5507 3404 5559 ὅτι
3444 5502 3504 5555 τὸ
3528 5490 3731 5567 χρηστὸν

2246 5600 2352 5655 τοῦ
2396 5598 2543 5654 Θεοῦ
2590 5602 2677 5666 εὶς
2702 5598 3024 5669 μετάνοιάν
3060 5614 3134 5654 σε
3170 5599 3334 5671 ἄγεις
3382 5592 3529 5649 Ἀλλά
3556 5590 3609 5642 σὺ
3644 5582 3729 5653 μὲν,

2248 5691 2429 5762 φησιν,
2459 5692 2533 5755 ὼς
2564 5690 2695 5755 Θεὸς
2734 5690 2950 5746 πάντων
2986 5690 3327 5763 ἀνεχόμενος,
3371 5688 3561 5745 πάντας
3595 5676 3728 5749 φέρεις
