4004 6528
218 361 327 417 995

1317 356 1816 417 COMMENTARIA
1856 358 1921 413 IN
1963 356 2300 416 PSALMOS.

3360 358 3469 416 994

214 471 432 543 πράως,
466 470 565 526 καὶ
608 469 702 523 ἐπὶ
742 472 853 535 τοῖς
881 470 1055 541 ἀσεϐῆ
1086 471 1181 523 καὶ
1224 470 1362 524 ἄθεα
1398 471 1791 541 ἁμαρτάνουσι,

1897 486 2005 524 non
2044 472 2209 526 simili
2255 477 2420 539 atque
2461 476 2521 523 tu
2572 467 2735 522 modo
2776 467 3014 522 tolerare
3044 467 3295 523 valeam:
3338 484 3467 523 nam

214 564 311 618 καὶ
338 562 481 616 κατὰ
501 561 593 615 σοῦ
612 561 706 615 τοῦ
728 560 862 615 Θεοῦ
883 561 1284 633 βλασφημοῦσι,
1312 564 1520 633 σιωπᾷς
1538 579 1552 591 ο
1581 560 1691 629 ἐγὼ
1714 560 1792 628 δὲ,

216 654 295 728 μὴ
319 654 618 725 δυνάμενος
661 652 833 707 ταῦτα
859 655 1012 725 ὁρᾷν,
1047 653 1237 723 δέομαι
1264 654 1360 706 καὶ
1400 652 1624 706 ἱκετεύω
1666 669 1795 720 συγ-

211 747 440 818 γνώμης
466 749 648 817 τυχεῖν
669 747 761 800 ἐπὶ
784 746 847 800 τὸ
880 748 955 817 μὴ
980 746 1238 799 δύνασθαι
1262 746 1447 818 φέρειν
1470 763 1553 800 σοι
1582 745 1659 815 τῷ
1677 743 1795 815 Θεῷ

212 836 641 908 παραπλησίως·
688 836 772 900 τίς
815 836 923 907 γάρ
958 853 1040 889 σοι
1085 835 1523 906 ὁμοιωθήσεται;
1576 835 1666 888 Διὸ
1719 836 1795 899 ὡς

209 930 517 1000 ἄνθρωπος,
563 927 722 999 ζῆλον
753 927 890 998 ἔχων
918 928 1010 981 τὸν
1045 928 1183 999 ὑπὲρ
1214 927 1312 998 τῆς
1349 928 1448 998 σῆς
1491 928 1790 993 εὐσεϐείας,

208 1018 393 1089 τολμῶ
447 1017 733 1090 ἱκετηρίαν
786 1035 868 1072 σοι
916 1019 1248 1088 προσάγεινο
1298 1017 1435 1070 ὥστε
1482 1018 1793 1072 παύσασθαι

212 1112 312 1183 μὲν
356 1112 454 1182 τῆς
506 1112 713 1180 άφάτου
766 1110 1144 1182 μακροθυμίας
1190 1111 1284 1164 καὶ
1330 1111 1427 1180 τῆς
1472 1111 1791 1177 ἁνεξικὰκου

212 1205 425 1274 σιωπῆς
441 1222 453 1233 ·
478 1204 578 1275 ἤδη
600 1203 657 1256 δέ
683 1220 812 1255 ποτε
834 1202 1117 1273 κινηθῆναι
1141 1202 1281 1255 κατὰ
1304 1202 1411 1256 τῶν
1427 1204 1495 1257 τὰ
1520 1204 1792 1275 ἀνήκεστα

207 1289 639 1364 τετολμηκότων.
670 1291 760 1344 Διὸ
787 1308 929 1361 φημι
951 1307 965 1320 ⁸
1001 1290 1096 1357 Μὴ
1126 1290 1409 1360 σιγήσῃς,
1433 1291 1589 1360 μηδὲ
1620 1308 1794 1345 κατα-

208 1384 515 1451 πραΰνῃςθ
547 1383 661 1437 ἀνθ’
701 1374 763 1436 οῦ
804 1384 832 1435 ὁ
879 1381 977 1452 μὲν
1022 1381 1275 1445 Ἀκύλας,
1302 1383 1399 1451 Μὴ
1440 1383 1787 1453 καθησυχά-

208 1491 352 1544 σῃς,
409 1476 438 1527 ὁ
470 1476 526 1528 δὲ
577 1475 893 1547 Σύμμαχος,
941 1474 1037 1544 Μὴ
1089 1475 1428 1544 emptione,
1484 1477 1788 1547 είρήκασιν.

210 1563 321 1620 Εἶτ’
356 1567 598 1635 ἐπιλέγει
626 1566 784 1637 ἐξῆςο
820 1568 937 1619 ’Ὁτι
986 1565 1115 1620 ίδοὺ
1163 1568 1218 1619 ol
1258 1567 1459 1637 ἐχθροί
1485 1581 1601 1631 σου
1643 1567 1795 1636 ἤχη-

208 1674 351 1723 σαν,
379 1658 476 1712 καί
514 1661 569 1712 οἱ
598 1658 919 1726 μισοῦντές
945 1676 1021 1712 σε
1046 1655 1200 1728 ἦραν
1224 1659 1513 1728 κεφαλήν.
1552 1660 1709 1712 Κατὰ
1736 1660 1791 1713 δὲ

207 1749 302 1802 τὸν
341 1748 591 1803 ’Λοιύλαν⁸
652 1751 773 1803 Ὅτι
817 1750 945 1804 ὶδοὺ
983 1754 1039 1805 οί
1074 1751 1277 1820 ἐχθροί
1322 1765 1438 1805 σου
1479 1750 1789 1821 ὠχλασαν,

1898 565 2020 633 quis
2049 564 2246 620 similis
2287 563 2393 618 erit
2435 561 2572 616 tibi?
2597 560 2942 631 Quapropter
2976 569 3035 614 ut
3066 561 3249 624 homo,
3285 561 3469 616 studio

1895 656 2117 726 pietatis
2140 671 2268 727 erga
2302 664 2356 709 te
2386 654 2667 718 incensus,
2701 652 3011 722 supplicare
3043 653 3140 707 tibi
3177 652 3373 719 audeo,
3408 659 3470 708 ut

1895 744 2057 799 linem
2092 743 2267 798 facias
2309 742 2611 798 tolerantia:
2639 750 2694 797 et
2734 742 2963 804 silentii.
2998 757 3062 796 ac
3093 743 3205 813 jam
3245 743 3466 797 demum

1893 850 2147 890 moveare
2188 834 2456 889 adversus
2494 850 2590 889 eos
2622 834 2713 904 qui
2751 833 3117 889 intolerabilia
3161 835 3280 889 ausi
3314 841 3461 888 sunt.

1895 924 2022 981 ldco
2061 926 2188 981 dico
2216 944 2228 979 :
2253 924 2334 980 Ne
2366 935 2564 991 taceas,
2592 942 2752 995 neque
2798 926 3168 994 compescaris.
3210 923 3319 978 Pro
3355 940 3468 996 quo

1892 1014 2212 1087 Aquila,Ne
2238 1017 2498 1086 quiescas,
2546 1016 2910 1086 Symmachus
2951 1031 3103 1079 vero,
3150 1013 3234 1069 Ne
3272 1031 3464 1078 cesses,

1894 1110 2235 1178 interpretati
2253 1117 2403 1164 sunt.
2430 1108 2636 1165 Deinde
2667 1107 2852 1163 subdit
2877 1126 2890 1162 :
2911 1140 2979 1151 —
3010 1106 3178 1161 Vens.
3215 1107 3273 1161 5.
3329 1106 3470 1171 Quo-

1893 1204 2038 1255 niam
2068 1218 2184 1255 ecce
2228 1202 2428 1256 inimici
2478 1202 2553 1254 tui
2594 1209 2903 1265 sonuerunt,
2936 1208 2985 1253 et
3036 1201 3124 1271 qui
3164 1199 3387 1253 oderunt
3419 1207 3473 1252 te

1891 1292 2191 1348 extulerunt
2234 1304 2414 1364 caput.
2471 1292 2787 1348 Secundum
2825 1293 3081 1363 Aquilam
3116 1308 3280 1347 vero:
3320 1291 3469 1358 Quo-

1892 1389 2035 1442 niam
2077 1404 2191 1441 ecce
2219 1388 2421 1441 inimici
2452 1387 2530 1440 tui
2573 1385 2759 1440 turbas
2797 1393 3089 1450 moverunt,
3136 1394 3186 1438 et
3218 1384 3309 1454 qui
3343 1384 3471 1438 ode-

1892 1486 2020 1530 runt
2064 1486 2113 1531 te
2148 1477 2451 1531 extulerunt
2488 1486 2679 1545 caput;
2727 1476 3032 1532 secundum
3075 1474 3469 1547 Symmachum

1892 1585 2025 1625 vero
2059 1589 2072 1625 :
2104 1570 2238 1625 Ecce
2265 1572 2403 1625 enim
2434 1570 2635 1625 inimici
2670 1569 2767 1633 tui,
2800 1568 3001 1639 inquit,
3031 1583 3141 1621 una
3173 1576 3386 1632 sonant,
3419 1576 3469 1620 et

1891 1663 1983 1734 qui
2001 1661 2226 1717 oderunt
2262 1673 2309 1716 te
2339 1663 2565 1731 efferunt
2593 1670 2770 1731 caput.
2813 1658 3024 1715 Sonant
3054 1668 3237 1715 autem
3269 1665 3324 1714 et
3350 1666 3469 1713 tur-

1892 1755 1993 1810 bas
2035 1763 2255 1810 movent
2301 1755 2506 1809 inimici
2544 1753 2660 1820 Dei,
2710 1768 2836 1808 cum
2869 1768 2980 1808 non
3028 1752 3257 1808 latenter
3290 1767 3470 1823 neque

207 1842 309 1895 καί
335 1842 801 1911 μισοποιοῦντές
828 1859 901 1897 σε
933 1842 1089 1911 ἦραν
1114 1842 1389 1911 κεφαλήν
1406 1861 1421 1875 ο
1451 1843 1594 1897 κατὰ
1615 1842 1670 1896 δὲ
1696 1843 1788 1897 τὸν

1892 1844 2119 1901 remisse
2148 1844 2467 1915 blasphema
2497 1844 2639 1898 dicta
2668 1850 2861 1898 contra
2893 1842 3062 1898 Deum
3090 1842 3339 1912 proferre
3369 1858 3469 1897 au-

206 1933 538 2004 Σύμμαχον·
580 1934 724 1988 Ἰδοὺ
772 1936 882 2006 γὰρ
920 1937 972 1988 οί
1015 1935 1216 2003 ἐχθροί
1258 1949 1394 2000 σου,
1440 1935 1594 2006 φησὶ,
1641 1950 1791 1989 συν-

207 2026 455 2093 ηχοῦσι,
497 2026 595 2081 καί
620 2030 673 2080 οί
693 2025 1019 2096 μισοῦντές
1055 2041 1129 2081 σε
1153 2027 1467 2096 ἐπαίρουσι
1493 2024 1789 2096 κεφαλήν.

220 2117 446 2187 Ἦχοῦσι
482 2119 537 2172 δὲ
570 2120 665 2171 κα)⁵
709 2117 1026 2189 ὀχλάζουσιν
1069 2120 1116 2172 οἱ
1163 2118 1348 2190 ἐχθροὶ.
1384 2118 1482 2174 τεῦ
1521 2117 1677 2183 Θεοῦ,
1702 2119 1790 2172 ὅτε

205 2206 396 2261 οὐκέτι
440 2208 701 2280 κρύϐδην,
747 2209 869 2263 ούδέ
912 2210 1292 2281 πεφεισμένως
1334 2210 1572 2281 τολμῶσι
1616 2226 1794 2282 παρα-

209 2299 546 2369 φθέγγεσθαι
586 2301 683 2365 τὰς
716 2301 856 2356 κατὰ
884 2303 978 2357 τοῦ
1009 2302 1143 2357 Θεοῦ
1178 2302 1556 2373 βλασφημίας·
1589 2303 1691 2374 ἤδη
1734 2302 1791 2356 δὲ

207 2393 275 2445 ἐκ
318 2391 411 2444 τοῦ
447 2393 758 2463 προφανοῦς
788 2395 879 2448 καὶ
914 2394 1126 2468 ἁθρόως
1172 2395 1223 2446 oi
1267 2395 1467 2457 πάντες
1513 2394 1654 2447 κατὰ
1693 2394 1789 2447 τοῦ

206 2482 345 2537 Θεοῦ
388 2482 457 2537 τὰ
494 2482 629 2538 ἄθεα
672 2485 1036 2557 προφέρονται
1081 2486 1320 2557 ῥήματα,
1363 2486 1521 2538 ὁποῖα
1549 2484 1789 2555 τολμῶσι

209 2575 471 2645 πράττειν
509 2572 651 2627 κατὰ
682 2573 809 2637 τοὺς
842 2573 949 2628 τῶν
982 2573 1238 2646 διωγμῶν
1284 2574 1531 2646 καιρούς.
1569 2569 1701 2627 Εἶτα
1731 2573 1789 2628 δὲ

206 2666 304 2719 καὶ
354 2663 779 2735 ύψαυχενοῦντες
820 2667 916 2719 καὶ
964 2667 1356 2737 φρυαττόμενοι
1404 2667 1505 2738 τὴν
1545 2665 1789 2738 κεφαλὴν

206 2755 547 2826 ἐπαίρουσιν,
577 2756 665 2809 ὅτε
710 2756 942 2827 μάλιστα
983 2757 1270 2830 ἐπιτριϐὴν
1308 2758 1493 2821 αὐτοῖς
1532 2760 1568 2827 η
1609 2755 1789 2830 σιωπὴ

206 2844 300 2900 τοῦ
360 2845 495 2899 Θεοῦ
554 2846 972 2920 κατεργάζεται.
1042 2848 1260 2904 Τούτων
1291 2849 1348 2902 δὲ
1410 2850 1511 2921 τὴν
1547 2849 1791 2921 κεφαλὴν

1892 1934 2049 2003 dent;
2088 1934 2184 1991 scd
2220 1937 2400 2007 palam
2432 1943 2486 1991 et
2517 1934 2806 1991 confertim
2833 1950 3025 1990 omnes
3058 1935 3115 1989 in
3154 1933 3326 1991 Deum
3364 1936 3471 1989 im~

1890 2027 1981 2099 pia
2004 2028 2169 2084 verba
2203 2039 2485 2091 evomunt,
2517 2026 2701 2097 qualia
2734 2026 3177 2096 persecutionum
3219 2035 3468 2096 tempore

1891 2120 2093 2175 audent
2120 2118 2333 2176 ell‘erre.
2368 2119 2573 2175 Deinde
2598 2126 2780 2176 erecta
2807 2118 3024 2174 cervice
3049 2119 3347 2175 frementes
3373 2134 3469 2173 ca-

1892 2220 1990 2282 put
2023 2213 2287 2277 eraltant,
2322 2213 2542 2283 quando
2580 2211 2821 2266 maxime
2865 2211 3148 2265 silentium
3177 2210 3272 2266 Dei
3307 2210 3468 2265 indu-

1892 2303 2008 2361 cias
2053 2304 2189 2374 ipsis
2247 2306 2473 2375 praebet.
2526 2302 2625 2359 llis
2682 2318 2816 2359 vero
2864 2312 3031 2373 caput
3077 2302 3466 2367 efferentibus,

1894 2391 1989 2448 Dei
2049 2392 2300 2450 homines
2362 2392 2546 2448 amicti
2601 2391 2995 2458 humiliantur;
3046 2398 3105 2444 ut
3148 2392 3266 2446 vice
3312 2406 3470 2445 versa

1893 2483 2172 2554 depressis
2204 2484 2446 2540 inimicis
2472 2482 2589 2547 Dei,
2624 2490 2942 2539 sanctorum
2976 2483 3473 2555 religiosorumque

1892 2575 2136 2629 virorum
2162 2577 2344 2646 capita
2365 2577 2701 2631 exaltantur.
2731 2575 2911 2642 Quare
2933 2590 2999 2630 ex
3020 2590 3210 2630 eorum
3234 2589 3471 2645 persona

1892 2666 2093 2721 alicubi
2138 2666 2346 2722 dictum
2394 2675 2479 2723 est
2508 2686 2521 2722 :
2548 2665 2617 2720 Et
2649 2682 2784 2720 nunc
2811 2666 3064 2720 exultavit
3099 2678 3254 2735 caput
3300 2682 3471 2719 meum

1893 2776 2049 2828 super
2071 2761 2313 2815 inimicos
2346 2778 2485 2816 nteos
2514 2762 2577 2816 ¹³.

1850 2853 2149 2925 αίρόντων,
2215 2856 2264 2916 οἱ
2321 2851 2416 2906 τοῦ
2481 2851 2617 2906 Θεοῦ
2671 2850 2948 2922 ἄνθρωποι
3008 2850 3472 2921 καταπονούμενοι

204 2938 615 2991 ταπεινοῦνται·
679 2938 755 3002 ὡς
813 2938 1047 3010 ἔμπαλιν
1110 2941 1548 3012 ταπεινουμένων
1609 2942 1719 2997 τῶν
1762 2942 1973 3015 ἐχθρῶν
2009 2944 2105 2998 τοῦ
2135 2944 2271 2999 Θεοῦ
2314 2947 2371 2999 αἱ
2415 2944 2526 3000 τῶν
2570 2943 2741 3013 ἁγίων
2793 2944 2888 2996 κα)⁵
2935 2942 3198 3013 θεοφιλῶν
3258 2943 3472 3014 ἀνδρῶν

205 3028 440 3097 κεφαλαὶ
478 3028 759 3099 ύψοῦνται.
807 3031 899 3085 Διὸ
937 3032 1151 3107 εἴρηταί
1190 3050 1294 3086 που
1339 3034 1396 3090 ἐξ
1440 3031 1619 3088 αὐτῶν
1657 3033 1951 3108 προσώπου
1978 3036 2059 3090 τόο
2121 3032 2234 3092 Kal
2311 3036 2430 3093 νῦν
2477 3038 2688 3106 ὕψωσε
2737 3034 3016 3107 κεφαλήν
3070 3053 3190 3105 μου
3239 3036 3331 3088 ἐπ’
3374 3035 3475 3103 ἐχ-

207 3121 389 3188 θρούς
416 3139 559 3191 μου.

290 3233 418 3286 Ἐπὶ
452 3234 560 3288 τὸν
588 3237 743 3292 λαόν
770 3251 887 3291 σου
928 3236 1606 3307 κατεπανουρτεύσαντο
1640 3235 1788 3309 Ἰνώ-

1959 3234 2130 3291 Vsns.
2161 3234 2217 3299 4,
2250 3233 2305 3290 5.
2348 3233 2520 3303 Super
2556 3233 2811 3303 populum
2857 3242 3007 3287 tuum
3046 3231 3473 3300 malignaverunt

202 3343 352 3397 μην,
383 3326 481 3379 καὶ
510 3327 953 3385 ἐϐουλεύσαηο
976 3328 1127 3383 κατὰ
1150 3328 1269 3383 τῶν
1300 3329 1485 3398 ἁγίων
1508 3343 1646 3384 σου.
1688 3326 1789 3384 Εἵ-

204 3431 331 3471 παν
354 3436 368 3449 ·
432 3419 631 3483 Δεῦτε,
691 3420 790 3474 καί
850 3420 1379 3490 ἐξολοθρεύσωμεν
1436 3420 1660 3488 αὐτοὺς
1719 3420 1790 3487 ἐξ

204 3511 445 3576 ἔθνους,
474 3510 573 3566 καὶ
600 3512 672 3565 οὐ
694 3510 781 3581 μὴ
804 3510 1053 3581 μνησθῇ
1082 3512 1149 3565 τὸ
1183 3512 1371 3582 ὄνομα
1407 3512 1645 3581 Ἰσραὴλ
1681 3513 1786 3568 ἔτι.

206 3604 466 3655 Δυσωπεῖ
492 3602 582 3655 τὸν
608 3601 739 3655 Θεὸν
768 3603 797 3654 ὁ
815 3603 1108 3675 Προφήτης
1137 3603 1195 3656 ἐν
1220 3602 1360 3674 ἁγίῳ
1388 3603 1685 3675 Πνεύματι,
1702 3604 1793 3659 διὰ

208 3693 307 3747 τοῦ
332 3694 790 3765 ὑπομιμνήσκειν,
815 3692 889 3757 ὡς
920 3693 1027 3763 ἄρα
1059 3694 1185 3757 λαὸς
1214 3693 1378 3747 αὐτοῦ
1407 3696 1649 3763 γεγόνοιο
1669 3694 1790 3767 (sic)

204 3786 278 3838 τὰ
328 3783 568 3837 τοσαῦτα
615 3784 919 3849 πεπονθώς.
974 3780 1109 3839 Εἶτα
1142 3785 1237 3839 καὶ
1284 3784 1396 3839 τῶν
1443 3788 1503 3840 ἐν
1546 3786 1622 3857 τῷ
1677 3786 1793 3859 λαῷ

205 3874 625 3945 διαλαμψάντων
670 3874 838 3928 πάλαι
870 3875 1134 3947 πρότερον
1173 3876 1343 3944 ἁγίων
1382 3875 1479 3930 τοῦ
1511 3876 1647 3931 Θεοῦ
1696 3877 1793 3949 μι-

208 3985 434 4039 μνηται,
479 3967 730 4038 δεόμενος
775 3967 871 4021 καὶ
901 3966 1193 4023 ἀντιϐολῶν
1236 3968 1310 4040 μὴ
1355 3966 1463 4022 τῶν
1505 3969 1565 4021 ἐν
1607 3969 1791 4033 αὐτοῖς

204 4059 425 4115 ἀσεϐῶν
461 4060 557 4114 καὶ
590 4059 944 4131 παρανόμων,
989 4060 1166 4131 μόνων
1204 4059 1261 4114 δὲ
1285 4060 1395 4115 τῶν
1425 4060 1596 4129 ἁγίων
1624 4062 1791 4116 αὐτοῦ

209 4149 542 4223 μνησθῆναι,
576 4150 669 4204 καὶ
708 4151 774 4204 δι’
808 4151 1005 4215 αὐτοὺς
1035 4151 1097 4204 τὸ
1130 4153 1238 4204 πᾶν
1262 4152 1585 4223 κατελεῆσαι
1618 4152 1788 4217 ἔθνος.

219 4241 517 4295 Ἀκόλουθα
546 4241 602 4294 δὲ
641 4242 825 4305 αὐτοῖς
866 4242 1145 4306 ποιοῦντες
1186 4246 1235 4297 οἱ
1272 4244 1457 4315 ἐχθροὶ
1494 4245 1589 4299 τοῦ
1631 4245 1789 4312 Θεοῦ,

205 4333 303 4387 τὸν
334 4332 466 4386 λαὸν
508 4332 673 4387 αὑτοῦ
703 4332 1022 4405 πολεμοῦσι,
1059 4335 1367 4408 πανουργία
1396 4334 1667 4408 χρώμενοι
1698 4339 1793 4391 ml.

208 4426 369 4497 δόλῳ,
406 4425 541 4497 πρὸς
572 4425 635 4479 τὸ
661 4427 987 4481 καταϐαλεῖν
1025 4427 1190 4481 αὑτὸν
1218 4428 1313 4481 καὶ
1352 4428 1659 4501 ἀποστῆσαι
1692 4430 1792 4501 τῆς

206 4516 306 4571 τοῦ
358 4516 495 4569 Θεοῦ
525 4517 824 4581 εὐσεϐείας.
857 4519 948 4571 Διὸ
985 4518 1261 4574 λέλεκταιο
1312 4520 1435 4574 Ἐπί
1480 4520 1588 4575 τὸν
1637 4524 1793 4576 λαόν

206 4625 328 4663 σου
376 4611 1048 4680 κατεπανουργεύσαντο
1082 4612 1342 4682 γνώμην,
1386 4612 1483 4667 καὶ
1514 4613 1793 4668 ἐϐουλεύ-
1821 4592 1867 4647 Ῐ)

207 4717 401 4756 σαντο
432 4702 581 4755 κατὰ
606 4700 727 4754 τῶν
752 4702 936 4771 ἁγίων
958 4718 1095 4757 σου.
1120 4704 1528 4775 Μεμελημένως
1562 4703 1671 4774 γὰρ
1697 4704 1791 4757 καὶ

207 4793 692 4865 πεφροντισμένως
730 4793 977 4865 μηχανάς
1008 4812 1158 4858 τινας
1205 4796 1469 4867 κρυφίους
1514 4796 1655 4849 κατὰ
1692 4795 1788 4849 τοῦ

208 4883 341 4937 λαοῦ
376 4882 470 4936 τοῦ
499 4882 633 4937 Θεοῦ
666 4883 978 4946 καττύουσι,
1011 4884 1152 4937 κατά
1189 4903 1247 4939 τε
1287 4885 1395 4941 τῶν
1424 4887 1597 4955 ἁγίων
1624 4887 1789 4941 αὐτοῦ

206 4972 505 5036 ἐπιϐουλὰς
555 4974 1071 5038 κατασκευάζονται,
1117 4975 1184 5027 δι’
1232 4976 1327 5030 ἕνα
1376 4978 1577 5032 σκοπὸν
1620 4979 1680 5032 ὃν
1730 4981 1787 5035 ἐν

205 5064 426 5127 ἐαυτοῖς
461 5062 785 5133 προθέμενοι
811 5079 966 5131 φασιο
1000 5063 1196 5130 Δεῦτε,
1232 5064 1791 5133 καὶέξολοθρεύσω-

200 5171 322 5223 μεν
341 5154 563 5220 αὐτοὺς
586 5153 654 5219 ἐξ
678 5155 911 5221 ἔθνους,
933 5156 1029 5209 καὶ
1052 5157 1124 5209 οὺ
1144 5155 1229 5224 μὴ
1249 5154 1495 5224 μνησθῇ
1515 5155 1581 5209 τὸ
1605 5155 1790 5225 ὄνομα

204 5246 315 5299 τοῦ
357 5244 593 5314 Ἰσραὴλ
620 5245 725 5300 ἔτι.
761 5247 825 5301 Οἱ
860 5248 958 5318 μὲν
994 5244 1090 5302 οὖν
1117 5248 1373 5320 θεομάχοι
1413 5250 1476 5302 ού
1512 5248 1787 5318 βούλονται

205 5338 267 5388 ἐν
314 5332 623 5405 ἀνθρώποις
665 5334 817 5399 ἔθνος
847 5336 982 5390 Θεοῦ
1036 5337 1359 5406 ὑφεστάναι*
1413 5337 1549 5391 ἀλλὰ
1592 5338 1686 5391 καὶ
1726 5339 1788 5391 τὸ

202 5430 383 5505 δνομα
401 5427 496 5481 τοῦ
533 5429 748 5502 Ἰσραὴλ
777 5429 1161 5501 ἐξαλειφθῆναι
1198 5430 1609 5495 σπουδάζουσιν.
1642 5431 1699 5483 '0
1731 5430 1789 5484 δὲ

204 5520 366 5585 Θεδς,
400 5519 486 5572 ἀεὶ
515 5519 664 5584 ἔθνος
695 5520 871 5592 ἐαυτῷ
894 5522 986 5575 ἐπὶ
1013 5522 1114 5593 γῆς
1134 5522 1494 5595 καταρτίζων,
1525 5521 1660 5594 μετὰ
1689 5522 1790 5593 τῆν

206 5610 306 5666 τοῦ
340 5612 606 5683 προτέρου
629 5611 758 5666 λαοῦ
783 5614 985 5670 πτῶσιν
1012 5614 1110 5687 τὴν
1138 5613 1196 5680 ἐξ
1229 5614 1398 5669 ἐθνῶν
1425 5614 1789 5686 συνεστήσατο

290 5767 336 5801 ⁸³
374 5766 516 5824 Psal.
556 5785 702 5834 XXVI,
738 5768 791 5824 6.

1894 3328 2199 3391 consilium,
2250 3336 2302 3380 et
2350 3327 2710 3395 cogitaverunt
2763 3324 3013 3380 adversus
3066 3332 3278 3378 sanctos
3330 3331 3468 3377 tuos.

1892 3422 2157 3477 Dixerunt
2181 3435 2200 3476 :
2226 3419 2406 3474 Venite
2427 3428 2475 3473 et
2504 3417 2872 3489 disperdamus
2893 3434 2981 3472 eos
3011 3416 3077 3471 de
3096 3426 3265 3489 gente,
3296 3424 3345 3469 et
3368 3431 3473 3470 non

1892 3522 2213 3570 memoretur
2234 3527 2423 3565 nomen
2454 3509 2628 3567 Israel
2652 3512 2820 3562 ultra.
2857 3508 3025 3565 Deum
3053 3508 3310 3563 obsecrat
3337 3501 3477 3562 Pro-

1892 3606 2053 3678 pheta
2086 3606 2141 3659 in
2168 3602 2379 3675 Spiritu
2405 3608 2619 3665 sancto,
2645 3616 2874 3656 monens
2903 3614 3051 3664 eum,
3082 3600 3179 3670 qui
3207 3599 3339 3652 talia
3372 3614 3473 3669 pa-

1892 3700 2049 3761 titur,
2085 3696 2348 3769 pOpulum
2387 3692 2510 3765 ejus
2561 3708 2706 3748 esse.
2736 3690 2851 3746 Sub
2884 3690 3001 3745 haec
3048 3698 3231 3744 autem
3248 3704 3471 3754 eorum,

1891 3791 1985 3862 qui
2016 3790 2071 3844 in
2104 3787 2306 3860 populo
2331 3786 2444 3855 jam
2472 3785 2601 3839 olim
2646 3782 2930 3852 conspicui
2962 3781 3207 3844 luerunt,
3246 3788 3471 3834 sancto-

1892 3897 2015 3937 rum
2047 3879 2144 3935 Dei
2176 3877 2448 3943 meminit,
2492 3876 2810 3946 supplicans
2840 3875 3271 3941 obsecransque,
3314 3877 3376 3925 ut
3405 3885 3475 3925 ne

1894 3972 2189 4044 impiorum
2226 3970 2729 4037 sceleratorumque
2770 3966 2826 4020 in
2857 3964 3081 4036 populo,
3121 3963 3219 4020 sed
3249 3970 3474 4018 sancto-

1891 4081 2015 4123 rum
2058 4078 2285 4122 suorutn
2334 4059 2696 4117 recordetur:
2726 4072 3028 4127 eorumque
3076 4054 3254 4127 gratia
3299 4060 3473 4108 totam

1892 4164 2104 4227 gentem
2128 4151 2508 4209 misericordia
2529 4150 2713 4204 donet.
2747 4146 2939 4201 Aﬂinia
2967 4153 3147 4201 autem
3181 4144 3473 4213 impiorum

1892 4246 2064 4319 gestis
2111 4251 2492 4316 perpetrantes
2522 4241 2729 4297 inimici
2767 4238 2885 4303 Dei,
2923 4237 3185 4310 populum
3229 4236 3351 4306 ejus
3381 4250 3476 4304 op.

1892 4346 2162 4411 pugnant,
2207 4337 2449 4393 versutia
2483 4342 2700 4391 utentes
2742 4341 2797 4389 et
2839 4332 2988 4399 dolo,
3021 4339 3081 4386 ut
3118 4331 3296 4400 ipsum
3333 4328 3475 4397 deji-

1892 4431 2040 4486 ciant
2074 4437 2130 4485 et
2177 4444 2211 4483 a
2255 4428 2457 4500 pietate
2504 4441 2634 4497 erga
2678 4424 2848 4480 Deum
2904 4429 3171 4477 avertant.
3201 4418 3472 4486 Quocirca

1894 4521 2102 4577 dictum
2158 4517 2487 4588 est:Super
2535 4516 2788 4586 populum
2843 4522 2991 4567 tuum
3052 4511 3472 4581 mallgnauerunt

1895 4611 2199 4677 consilium,
2242 4619 2291 4663 et
2348 4610 2710 4679 cogitaverunt
2761 4606 3012 4659 adversus
3064 4609 3278 4655 sanctos
3328 4609 3471 4653 tuos.

1897 4696 2141 4753 Meditati
2170 4696 2319 4751 enim
2346 4710 2473 4750 cum
2517 4692 2888 4750 sollicitudine
2913 4691 3181 4761 quasdam
3223 4688 3474 4743 occultas

1896 4788 2181 4843 machinas
2210 4795 2403 4841 contra
2430 4785 2690 4857 populum
2722 4782 2817 4839 Del
2845 4784 3150 4844 instruunt,
3174 4790 3229 4835 et
3262 4778 3474 4835 sanctis

1895 4880 2017 4950 ejus
2043 4878 2274 4934 insidias
2318 4885 2535 4949 parant,
2567 4890 2652 4940 ac,
2683 4874 2755 4930 ob
2780 4889 2949 4928 unum
2977 4887 3139 4943 quem
3188 4871 3245 4925 in
3286 4870 3473 4925 animo

1896 4978 2209 5044 proponunt
2254 4983 2505 5039 scopum,
2558 4966 2711 5021 aiunt
2747 4984 2760 5019 :
2807 4964 2984 5020 Venite
3019 4972 3069 5018 et
3095 4961 3469 5033 disperdamus

1896 5082 1983 5120 eos
2013 5066 2077 5118 de
2117 5072 2285 5135 gente,
2326 5072 2372 5117 et
2405 5078 2511 5117 non
2543 5069 2861 5115 memoretur
2884 5074 3071 5113 nomen
3098 5056 3273 5112 Israel
3298 5056 3467 5110 ultra.

1896 5156 2108 5210 Inimici
2144 5156 2330 5225 itaque
2360 5153 2454 5209 Dei
2496 5153 2755 5223 populum
2786 5149 2880 5207 Dei
2911 5151 2967 5205 in
2999 5149 3311 5205 hominibus
3333 5162 3469 5203 con-

1896 5250 2092 5305 sistere
2146 5248 2340 5303 nolunt
2379 5266 2393 5301 :
2431 5246 2563 5317 quin
2591 5246 2753 5300 etiam
2784 5243 3003 5299 lsraclis
3041 5258 3240 5298 nomen
3286 5242 3471 5295 delere

1894 5348 2174 5412 satagunt.
2208 5339 2353 5395 Deus
2376 5354 2505 5395 vero
2533 5345 2658 5410 post
2689 5337 2891 5408 prioris
2917 5335 3102 5407 populi
3135 5334 3347 5388 ruinam
3371 5345 3470 5400 po—

1892 5434 2082 5505 pulum
2134 5434 2238 5489 sibi
2279 5446 2495 5503 semper
2529 5431 2586 5486 in
2634 5439 2778 5486 terra
2825 5443 3046 5500 parans,
3098 5442 3164 5481 ex
3212 5422 3468 5495 gentibus

1892 5521 2192 5585 Ecclesiam
2232 5519 2543 5585 constituit,
2590 5534 2785 5574 novam
2818 5529 3191 5587 nuperamque
3224 5518 3463 5583 gentem,

1892 5629 1958 5670 ex
1999 5612 2255 5685 gentibus
2285 5626 2383 5683 per
2412 5618 2589 5666 totum
2622 5609 2809 5666 orbem
2850 5607 3126 5665 sclectam.
3161 5603 3373 5660 Idcirco
3408 5605 3469 5656 et
