4004 6572
614 392 716 446 395

1282 388 1551 445 EL'SEBll
1585 385 2062 442 CA‘ISARIENSIS
2100 385 2248 441 OPP.
2294 385 2491 442 PARS.
2534 385 2707 441 lil.—
2744 387 3144 444 EXEGETICA.
3702 399 3774 452 99;;

616 510 832 566 lsraelis
873 525 1094 574 nomen,
1135 518 1189 565 et
1222 511 1469 563 omnium
1508 509 1890 579 religiosorum
1933 509 2179 561 virorum

2210 510 2254 564 Α
2292 506 2637 576 Ἐκκλησίαν,
2683 508 2776 561 καὶ
2812 508 2872 560 τὸ
2915 509 3097 560 καινὸν
3129 509 3217 561 καὶ
3266 510 3401 561 νέον.
3432 510 3585 574 ἔθνος,
3614 514 3663 565 τὸ
3686 518 3773 569 καθ’

613 603 875 656 memoria
918 602 1089 671 magis
1134 603 1419 671 magisque
1452 602 1778 666 celebratur,
1818 609 1871 655 et
1920 600 2021 668 pia:
2050 598 2181 653 reli-

612 694 791 761 gionis
817 701 968 762 gesta
1000 692 1370 762 resplendent.

2286 601 2413 671 ὅλης
2445 602 2541 671 τῆς
2571 601 2891 671 οἰκουμένης
2919 603 2981 653 ἐκ
3010 602 3107 670 τῆς
3133 601 3234 653 τῶν
3271 600 3436 653 ἐθνῶν
3468 602 3663 674 ἐκλογῆς
3683 607 3775 659 ὐπο-

2291 692 2440 745 στάν.
2488 692 2578 744 Διὸ
2627 692 2886 763 μειζόνως
2927 694 3020 745 καὶ
3065 692 3123 744 τὸ
3163 693 3331 762 ὄνομα
3364 692 3454 745 τοῦ
3492 695 3774 765 Ἰσραὴλ,κή

612 784 829 835 πάντων
860 782 967 835 τῶν
995 782 1255 853 θεοφιλῶν
1285 782 1491 854 ἀνδρῶν
1531 783 1565 852 ἡ
1610 784 1797 855 μνήμη
1842 782 2184 851 ἁνυμνεῖται,
2209 780 2277 833 τά
2308 799 2367 833 τε
2390 781 2492 851 τῆς
2524 780 2835 845 θεοσεϐείας
2862 780 3259 852 κατορθώματα
3284 781 3582 851 διαλάμπει.

678 894 845 949 Vens.
874 894 932 959 6,
966 897 1019 959 8,
1046 897 1099 951 9.
1143 896 1408 962 Quoniam
1451 895 1811 964 cogitaverunt
1854 895 2179 947 unanimiter

610 987 769 1039 simul
794 1001 813 1039 :
840 986 1115 1041 adversum
1147 998 1195 1042 te
1219 997 1585 1041 testamentum
1612 986 1979 1055 disposuerunt
2005 986 2179 1040 taber-

608 1079 803 1132 nacula
834 1078 1217 1143 Idumwarum,
1247 1091 1295 1134 et
1322 1079 1635 1142 lsmaelitw,
1669 1077 1828 1132 Moab
1854 1089 1903 1133 et
1925 1080 2177 1150 Agareni,

609 1168 775 1223 (Jebat
818 1179 866 1222 et
904 1173 1127 1225 Ammon
1165 1182 1213 1225 et
1249 1172 1485 1236 Amalec,
1522 1173 1829 1243 alienigena:
1873 1188 1990 1225 cum
2024 1170 2179 1223 habi-

608 1263 841 1316 tantibus
874 1263 1092 1333 Tyrum.
1130 1267 1337 1319 Etenim
1378 1266 1548 1319 Assur
1580 1268 1715 1319 venit
1743 1282 1860 1318 cum
1886 1266 2020 1329 illis,
2051 1265 2181 1333 facti

605 1361 729 1405 sunt
782 1354 837 1405 in
886 1352 1213 1422 adjutarium
1263 1355 1391 1423 ﬁliis
1442 1354 1561 1409 Lat.
1619 1354 1951 1423 Diapsalma.
2013 1354 2180 1420 Quasi

606 1441 777 1497 Deum
808 1446 1057 1502 excitans
1084 1447 1415 1517 irritansque
1446 1446 1719 1518 Propheta
1753 1448 1805 1501 in
1840 1462 1938 1502 sua
1962 1461 2057 1517 pro
2086 1461 2179 1516 po-

603 1536 731 1614 pale
762 1538 1159 1614 supplicatione
1186 1541 1280 1609 ait,
1309 1541 1584 1598 adversum
1612 1550 1679 1596 te.
1713 1539 1833 1595 Non
1866 1540 2010 1595 enim
2045 1554 2178 1592 con-

604 1649 690 1693 tra
722 1640 1004 1710 populum,
1041 1636 1239 1707 inquit,
1268 1636 1362 1692 sed
1394 1636 1684 1689 adversum
1718 1640 1793 1697 te,
1825 1638 1878 1687 et
1914 1631 2176 1685 adversus

604 1738 992 1785 testamentum
1033 1739 1185 1783 tuum
1218 1728 1427 1782 inimici
1452 1726 1635 1798 populi
1660 1725 1737 1779 tui
1768 1724 2173 1778 machinantur.

606 1820 745 1875 llinc
778 1830 964 1875 narrat
992 1837 1113 1891 qua:
1154 1821 1208 1874 in
1240 1820 1590 1891 Assyriorum
1638 1817 1938 1887 irruptionc
1983 1822 2172 1870 contra

2356 894 2473 945 Ὅτι
2519 893 2959 947 ἐϐουλεύσαντο
3009 892 3077 944 ἐν
3123 893 3369 961 ὁμονοίᾳ
3419 893 3509 945 ἐπὶ
3555 895 3611 947 τὸ
3645 901 3772 951 αὐτόν

2284 986 2431 1038 κατὰ
2476 984 2593 1038 σοῦ
2625 984 2915 1052 διαθήκην
2941 984 3202 1038 διέθεντο
3235 983 3309 1036 τὰ
3339 984 3665 1053 σκηνώματα
3697 990 3775 1043 τῶν

2293 1077 2658 1146 Ἰδουμαίων,
2709 1077 2805 1131 καὶ
2843 1080 2896 1131 οὶ
2958 1076 3346 1145 Ἰσμαηλῖται,
3406 1078 3573 1130 Μωὰϐ
3616 1080 3693 1131 καὶ
3739 1086 3775 1133 cl

2292 1169 2612 1238 Ἄητιρηνοὶ,
2644 1171 2838 1224 Γεϐὰλ
2890 1169 2987 1223 καὶ
3031 1169 3254 1239 Ἁμμὼν
3290 1169 3389 1222 καὶ
3433 1171 3674 1239 Ὰμαλὴκ,
3702 1175 3774 1227 dl-

2278 1262 2537 1329 .10'_:,:v.10t
2564 1262 2713 1330 μετὰ
2746 1261 2862 1315 τῶν
2890 1261 3329 1315 κατοικούντων
3370 1263 3561 1328 Τύρον.
3594 1267 3680 1315 Kal
3702 1267 3775 1332 τὰρ

2280 1354 2379 1405 καὶ
2426 1353 2675 1420 Ἄσσοὶφ
2714 1353 3195 1422 συμπαρεγένετο
3233 1354 3364 1421 μετ’
3410 1352 3606 1416 αὐτῶν,
3630 1355 3776 1422 ἐγενή-

2283 1450 2479 1512 θησαν
2509 1447 2596 1509 είς
2635 1445 2963 1511 ἀντίληψιν
2988 1442 3112 1508 τοῖς
3144 1442 3297 1507 υἱοῖς
3339 1441 3483 1496 Λώτ.
3517 1442 3774 1511 Διὰψαιμα.

2284 1538 2490 1608 ’Ὠσπερ
2522 1536 2801 1609 διεγείρων
2839 1536 2930 1588 καὶ
2960 1534 3275 1604 παροξύνων
3303 1533 3393 1585 τὸν
3420 1533 3543 1585 Θεὸν
3569 1536 3593 1585 ὁ
3621 1534 3777 1605 [laesi-

2279 1644 2377 1697 της
2407 1628 2464 1679 ὲν
2510 1629 2575 1697 τῇ
2619 1626 2866 1696 ἱκετηρία
2907 1628 2973 1696 τῇ
3020 1625 3159 1695 ὑπὲρ
3206 1624 3301 1677 τοῦ
3352 1622 3479 1676 λαοῦ
3524 1624 3686 1691 φάσκει
3719 1628 3773 1686 τὸ,

2281 1719 2430 1772 κατὰ
2450 1717 2587 1773 σοῦ.
2616 1703 2698 1770 ’ού
2733 1718 2841 1788 γὰρ
2874 1717 3012 1770 κατὰ
3040 1715 3132 1769 τοῦ
3153 1715 3309 1778 λαοῦ,
3346 1715 3524 1785 φησὶν,
3546 1715 3656 1767 ἀλλὰ
3679 1718 3773 1767 κατὰ

2283 1810 2375 1863 σοῦ
2415 1813 2508 1863 καὶ
2540 1812 2678 1864 κατά
2715 1812 2811 1883 τῆς
2848 1811 2943 1880 σῆς
2971 1810 3231 1881 διαθήκης
3262 1808 3632 1880 τετολμήκασιν
3653 1810 3687 1859 οἱ
3712 1807 3771 1858 τιῦ

601 1911 891 1967 Judaicum
922 1912 1179 1983 populum
1213 1919 1364 1983 gesta
1396 1918 1546 1967 sunt.
1584 1909 1650 1963 Et
1679 1910 1793 1964 haec
1819 1908 2171 1972 vaticinatur,

2210 1921 2252 1981 Β
2277 1901 2406 1954 λαοῦ
2426 1920 2518 1955 σου
2537 1902 2800 1973 πολέμιοι.
2826 1899 2937 1955 Εἴθ’
2967 1901 3095 1971 ἑξῆς
3119 1902 3452 1975 διεξέρχεται
3483 1902 3544 1955 τὰ
3564 1906 3611 1955 ἐν
3630 1906 3680 1972 τῇ
3700 1904 3772 1954 τῶν

605 2014 897 2076 postquam
943 2007 1144 2076 quibus
1186 2004 1253 2061 de
1302 2005 1492 2061 causis
1540 2003 1793 2057 hostibus
1839 2000 2027 2055 traditi
2070 2001 2177 2055 sint

604 2104 977 2150 enarraverat.
1018 2094 1153 2150 Nam
1189 2097 1243 2150 in
1291 2094 1618 2167 praecedenti
1650 2094 1862 2164 psalmo
1906 2092 2178 2163 principes

604 2188 789 2257 populi
840 2189 1173 2258 coarguebat
1220 2187 1449 2242 dicens:
1481 2185 1757 2256 Usquequo
1783 2186 2043 2256 judicatis
2084 2185 2181 2238 ini-

603 2281 895 2347 quitatem:
935 2294 999 2332 ac
1047 2295 1289 2341 rursum,
1339 2277 1675 2343 Nescierunt,
1704 2294 1864 2347 neque
1906 2277 2179 2331 intellexe-

602 2379 749 2435 runt,
780 2372 833 2423 in
868 2370 1089 2424 tenebris
1118 2370 1411 2423 ambulant.
1452 2369 1510 2423 In
1548 2369 1818 2440 superiori
1852 2384 1981 2424 vero
2010 2376 2178 2421 totam

603 2470 818 2531 gentem
864 2463 1159 2517 accusabat
1201 2464 1432 2519 dicens:
1466 2464 1529 2518 Et
1576 2482 1680 2518 non
1713 2464 1915 2517 audivit
1957 2464 2178 2533 populus

606 2569 751 2606 meus
774 2570 943 2607 vacem
977 2571 1169 2619 meam,
1204 2565 1251 2608 et
1277 2554 1451 2610 Israel
1479 2574 1583 2610 non
1614 2557 1843 2611 intendit
1873 2556 2022 2611 mihi.
2069 2554 2177 2610 Sed

604 2644 770 2698 etiam
801 2644 854 2696 in
887 2659 1070 2698 Lxxvu
1109 2644 1412 2700 facinorum
1441 2646 1683 2716 ipsorum
1716 2647 1935 2717 longum
1968 2646 2176 2703 catalo-

603 2749 730 2804 gum
760 2735 953 2788 texuit.
984 2733 1397 2804 Consequenter
1427 2736 1593 2806 igitur
1624 2751 1745 2806 quae
1772 2736 2033 2791 diuturno
2054 2743 2179 2807 post

605 2839 853 2896 tempore
896 2828 1031 2897 ipsis
1078 2828 1429 2898 contigerunt
1462 2829 1533 2884 ob
1567 2829 1761 2883 allatas
1800 2845 1997 2884 causas
2037 2829 2179 2884 vati-

603 2921 841 2975 cinatur.
909 2919 1022 2975 Illic
1086 2928 1268 2975 autem
1329 2923 1497 2989 variis
1565 2924 1903 2993 temporibus
1964 2923 2177 2979 obsessi

604 3020 753 3075 sunt,
790 3012 1024 3081 primum
1076 3028 1106 3065 a
1141 3012 1493 3084 Babyloniis;
1531 3014 1774 3069 secundo
1809 3015 1877 3068 ab
1907 3013 2178 3067 Antiocho

604 3120 730 3174 rege
782 3102 985 3175 Syriaa;
1049 3112 1328 3175 postremo
1394 3121 1425 3159 a
1488 3105 1750 3161 Romanis
1812 3113 1937 3175 post
1996 3113 2179 3176 patra-

2293 1994 2589 2064 Ἀσσυρίων
2612 1994 2857 2047 ὲπιθέσει
2879 1994 3019 2046 κατὰ
3033 1994 3305 2047 Ἰουδαίων
3323 1994 3504 2057 ἔθνους
3522 1995 3771 2065 πραχθέντα.

2279 2087 2388 2138 Καὶ
2433 2086 2605 2139 ταῦτα
2657 2086 2900 2150 θεσπίζει
2951 2085 3278 2157 προδιελθὼν
3304 2086 3405 2148 τὰς
3450 2086 3626 2149 αἰτίας,
3654 2088 3701 2138 δι’
3730 2087 3771 2148 ἅς

2277 2179 2390 2239 τοῖς
2433 2178 2713 2248 πολεμίοις
2754 2178 3145 2248 παρεδόθησαν.
3185 2178 3275 2230 Ἐν
3328 2178 3426 2248 μὲν
3467 2178 3563 2249 γὰρ
3606 2178 3668 2247 τῷ

2278 2269 2465 2321 τούτου
2495 2270 2692 2340 ψαλμῷ
2718 2271 2844 2333 τοὺς
2869 2270 3131 2340 ἄρχοντας
3160 2270 3442 2339 ἀπήλεγχε
3474 2269 3557 2321 τοῦ
3580 2269 3681 2321 λαοῦ
3705 2270 3771 2337 ςή-

2281 2378 2409 2425 σας·
2450 2363 2596 2427 Ἕως
2621 2362 2764 2414 πότε
2799 2362 3030 2429 κρίνετε
3066 2361 3343 2425 ἁδικίαν;
3377 2363 3467 2415 καὶ
3502 2362 3660 2415 πάλιν
3689 2363 3767 2413 Οὐκ

2278 2454 2571 2522 ἔγνωσαν,
2606 2454 2746 2507 οὐδὲ
2784 2454 3084 2522 συνῆκαν,
3115 2455 3184 2507 ἐν
3223 2456 3431 2507 σκότει
3473 2454 3767 2521 διαπορεύσγ-

2280 2564 2393 2600 ται.
2437 2549 2524 2600 Ἐν
2557 2548 2612 2600 δὲ
2645 2547 2722 2618 τῷ
2755 2548 3010 2618 ἀνωτέρω
3041 2547 3101 2600 τὸ
3144 2550 3252 2601 πᾶν
3282 2548 3546 2601 διέϐαλλεν
3579 2548 3695 2610 ἔθνος
3720 2548 3769 2598 εἰς

2280 2638 2395 2690 πων
2420 2656 2433 2670 ·
2470 2639 2576 2692 Καὶ
2619 2641 2731 2691 οὐκ
2774 2639 3041 2707 ἤκουσεν
3088 2641 3121 2691 ὀ
3170 2640 3323 2704 λαός
3363 2657 3480 2708 μου
3518 2637 3770 2706 τῆς

2272 2748 2413 2800 μου,
2451 2730 2547 2783 καὶ
2598 2728 2833 2798 Ἰσραὴλ
2879 2731 2949 2783 οὐ
2978 2728 3288 2798 προσέσχε
3329 2747 3449 2799 μοι.
3490 2729 3625 2781 Ἀλλὰ
3652 2729 3768 2781 καὶέν

2276 2822 2354 2892 τῷ
2382 2820 2456 2885 oi’
2486 2819 2691 2891 μακρὸν
2713 2821 3009 2889 κατάλογον
3034 2821 3140 2874 τῶν
3166 2822 3627 2893 παρανομημάτων
3650 2820 3768 2873 αὑτῶν

2278 2912 2569 2983 διεξῆλθεν.
2611 2911 2942 2976 Ἀκολούθως
2985 2907 3077 2965 οὖν
3126 2911 3195 2965 τὰ
3244 2912 3608 2982 συμϐεϐηκότα
3644 2910 3768 2969 αὺτοῖς

2282 3006 2507 3077 μακροῖς
2540 3002 2763 3075 ὕστερον
2792 2995 3003 3075 χρόνοις
3027 3004 3114 3057 διὰ
3140 3003 3235 3067 τὰς
3273 3004 3630 3077 προλεχθείσας
3648 3001 3767 3061 αἰτίας

2280 3095 2628 3169 προφητεύει.
2660 3098 2768 3150 Καὶ
2793 3099 2906 3149 ἐκεῖ
2945 3098 3086 3151 κατὰ
3113 3097 3408 3169 διαφόρους
3435 3095 3631 3167 χρόνους
3653 3109 3767 3145 mm-

602 3204 719 3250 tum
769 3196 823 3250 in
882 3195 1226 3253 Servatorem
1286 3205 1535 3252 nostrum
1598 3198 1800 3254 scelus.
1859 3194 2176 3267 Opportune

2209 3259 2245 3267 μ
2278 3190 2621 3260 λιόρκηνται’
2672 3187 2933 3259 πρότερον
2977 3190 3074 3259 μὲν
3118 3189 3223 3241 ὑπὸ
3265 3188 3618 3247 Βαϐυλωνίων,
3646 3186 3765 3237 δεύτε-

602 3302 669 3341 ex
701 3284 938 3355 Spiritus
976 3288 1317 3356 praescientia
1364 3295 1476 3343 tres
1503 3287 1625 3343 illas
1670 3259 1988 3342 obsidiones
2027 3287 2169 3341 idem

2202 3259 2246 3319 α
2283 3301 2371 3354 ρον
2399 3284 2455 3336 δὲ
2492 3283 2581 3335 ὑπ’
2622 3281 2891 3352 Ἀντιόχου
2937 3280 3031 3333 τοῦ
3065 3282 3163 3351 τῆς
3204 3282 3406 3351 Συρίας
3440 3279 3681 3350 βασιλέως,
3708 3274 3765 3325 ναὶ

607 3376 869 3445 propheta
908 3376 1287 3445 praenuntiat:
1332 3371 1457 3429 n'am
1518 3375 1573 3428 in
1630 3390 1781 3429 um
1838 3382 2169 3445 postremam

605 3465 912 3534 signiﬁcat,
967 3474 1026 3519 ut
1068 3467 1301 3535 prOpriis
1335 3466 1389 3518 in
1434 3465 1569 3520 locis
1621 3460 2065 3529 declaravimus;
2110 3465 2167 3518 in

604 3570 809 3609 Lxxvm
840 3596 854 3619 ,
900 3571 1018 3611 eam
1065 3572 1186 3626 qua:
1229 3557 1331 3611 sub
1385 3555 1655 3609 Antiocho
1716 3554 1854 3626 Syro
1906 3556 2168 3625 contigit,

606 3646 686 3699 uti
717 3654 1203 3701 commonstratum
1221 3656 1304 3702 est
1326 3665 1340 3714 ;
1366 3646 1419 3699 in
1445 3646 1695 3715 praesenti
1732 3653 1910 3700 autem
1939 3645 2173 3715 primam

604 3735 852 3789 meminit
874 3775 887 3797 ,
915 3736 1125 3791 scilicet
1156 3737 1507 3807 Assyriorum
1529 3776 1543 3800 ,
1581 3751 1743 3806 quam
1792 3739 1958 3789 etiam
2003 3750 2171 3791 ωιχιι

602 3825 937 3881 vaticinatus
992 3836 1109 3890 est,
1165 3827 1338 3883 vinea:
1391 3828 1703 3883 incendium
1751 3836 1807 3883 et
1858 3830 2171 3883 vastitatem

602 3916 941 3986 signiﬁcans.
979 3917 1056 3971 Ex
1089 3919 1319 3973 historia
1366 3919 1532 3989 igitur
1561 3919 1733 3975 edisci
1780 3926 1997 3989 potest,
2041 3928 2172 3989 quot

604 4014 793 4077 gentes
835 4008 890 4061 in
934 4023 1102 4061 unum
1133 4016 1325 4063 contra
1355 4008 1645 4063 Judaicum
1677 4008 1937 4077 populum
1969 4018 2173 4063 coactae

606 4099 718 4152 sint
746 4099 800 4151 in
827 4099 1001 4168 prima
1028 4098 1375 4170 Assyriorum
1402 4100 1709 4170 irruptione
1729 4140 1743 4163 ,
1768 4116 1904 4170 quas
1932 4116 2172 4170 praesens

607 4190 893 4257 prophetia
919 4200 1168 4245 recenset
1194 4208 1207 4244 :
1232 4207 1353 4260 quae
1381 4192 1589 4260 primos
1613 4200 1864 4246 numerat
1886 4192 2171 4259 ldumaaos,

605 4281 805 4335 deinde
834 4278 1171 4345 lsmaelitas,
1201 4284 1362 4337 tertio
1394 4282 1660 4338 Moabitas
1682 4324 1695 4346 ,
1732 4293 1930 4354 quarto
1963 4284 2171 4353 Agare-

608 4384 709 4425 nos
732 4410 747 4434 ,
773 4371 901 4425 hinc
922 4370 1227 4428 Gebalenos
1252 4381 1305 4429 ct
1330 4376 1673 4431 Ammonitas
1693 4415 1707 4440 ,
1737 4384 1793 4431 et
1818 4375 2168 4431 Amalecitas.

604 4458 807 4515 i’raztcr
832 4460 930 4515 hos
949 4469 1129 4515 autem
1152 4462 1305 4527 dicit,
1323 4461 1641 4531 Alienigena:
1668 4480 1786 4517 cum
1811 4464 2172 4518 habitantibus

606 4550 827 4621 Tyrum.
853 4550 960 4605 Pro
990 4552 1085 4606 illo
1108 4564 1288 4608 autem
1312 4593 1325 4615 ,
1347 4556 1656 4625 alienigena:
1673 4595 1687 4621 ,
1712 4556 1910 4626 Aquila
1933 4562 1988 4609 et
2014 4554 2173 4627 Sym-

604 4644 855 4705 machus,
893 4644 1242 4715 I’hylistwam
1274 4647 1575 4701 ediderunt.
1615 4648 1727 4703 Hoc
1761 4663 1926 4718 porro
1957 4650 2174 4703 nomine

604 4734 866 4803 appellari
906 4738 1086 4789 solent
1113 4737 1207 4807 qui
1244 4735 1483 4801 Gazam,
1530 4740 1859 4793 Ascalonem
1910 4748 1964 4794 et
2013 4741 2174 4794 mari—

602 4825 790 4877 timam
834 4825 1099 4881 incolunt.
1136 4827 1202 4881 Hi
1229 4828 1412 4898 itaque
1440 4830 1699 4883 maritimi
1748 4831 2003 4902 allophyli
2046 4848 2169 4885 cum

604 4913 979 4969 habitantibus
1002 4915 1205 4986 Tyrum
1236 4917 1518 4972 irruerunt
1540 4957 1555 4982 ,
1582 4918 1792 4987 inquit,
1825 4920 1878 4972 in
1911 4921 2167 4989 populum

604 5010 757 5057 tuum
786 5019 801 5070 ;
836 5013 890 5058 et
916 5014 1112 5074 praeter
1140 5007 1240 5062 hos
1268 5022 1460 5063 omnes
1502 5008 1800 5079 Assyrius,
1845 5012 1993 5079 quod
2037 5027 2169 5065 sane

603 5103 767 5165 caput
792 5097 1055 5151 malorum
1087 5106 1205 5164 est,
1235 5114 1359 5153 cum
1388 5100 1455 5154 iis
1490 5099 1749 5170 impetum
1777 5100 2005 5165 faciens,
2032 5103 2168 5157 illis-

603 5202 710 5256 que
741 5188 1207 5243 commilitonibus
1238 5207 1371 5246 usus
1396 5200 1580 5245 castra
1607 5193 1830 5262 posuit:
1866 5208 2167 5264 omnesque

606 5276 846 5349 praedicti
882 5280 1043 5335 simul
1085 5281 1217 5348 facti
1264 5293 1383 5335 sunt
1413 5283 1468 5336 in
1506 5284 1837 5353 adjutarium
1877 5285 2007 5355 ﬁliis
2042 5286 2163 5339 Lat.

601 5368 707 5420 l‘ro
733 5384 842 5437 quo
894 5370 1124 5439 Aquila,
1188 5370 1345 5425 Facti
1377 5383 1532 5437 sunt,
1564 5376 1769 5444 inquit,
1798 5376 2071 5431 brachium
2100 5379 2167 5448 ﬁ-

601 5460 687 5511 liis
722 5458 864 5524 Lot;
896 5461 1259 5531 Symmachus
1284 5480 1445 5529 vero,
1491 5464 1648 5519 Facti
1688 5477 1810 5521 sunt
1850 5470 2168 5523 commilita-

532 5617 537 5627 .
599 5563 689 5603 nes
719 5548 848 5617 ﬁliis
880 5546 999 5601 Lat.
1047 5547 1171 5603 Filii
1214 5560 1395 5607 autem
1442 5552 1542 5607 Lot
1574 5563 1731 5609 erant
1758 5555 2082 5613 Ammonius
2113 5567 2168 5616 et

674 5794 719 5827 “
753 5791 900 5849 Psal.
936 5808 1098 5865 Lux,
1136 5797 1221 5854 12.

2277 3377 2338 3429 τὸ
2387 3377 2601 3429 πάντων
2654 3374 2880 3427 ὕστατον
2915 3374 3019 3426 ὑπὸ
3058 3374 3346 3443 Ῥωμαίων
3402 3373 3529 3445 μετὰ
3565 3372 3645 3441 τὴν
3674 3366 3766 3421 κατὰ

2276 3465 2370 3519 τοῦ
2421 3466 2672 3537 Σωτῆρος
2705 3464 2863 3536 ἡμῶν
2900 3464 3125 3535 τόλμαν.
3163 3464 3406 3527 Εἰκότως
3448 3467 3508 3532 τῇ
3542 3458 3764 3531 προγνὼςει

2276 3558 2369 3611 τοῦ
2421 3556 2736 3627 Πνεύματος
2786 3554 2886 3619 τὰς
2937 3558 3085 3626 τρεῖς
3124 3555 3331 3618 ταύτας
3372 3555 3401 3606 ὁ
3445 3554 3588 3614 αὐτὸς
3615 3548 3762 3621 τροφή·

2276 3664 2375 3718 της
2425 3649 2805 3719 προαναφωνεῖ
2849 3646 3195 3717 πολιορκίας·
3247 3648 3307 3698 ὲν
3365 3647 3459 3717 μὲν
3504 3643 3572 3713 τῷ
3610 3647 3669 3708 o‘r'
3703 3638 3763 3704 τὴν

2279 3739 2516 3809 ὑστάτην
2568 3738 2867 3809 σημαίνων,
2928 3738 3002 3800 ὡς
3045 3738 3188 3791 κατὰ
3215 3738 3345 3801 τοὺς
3395 3737 3605 3796 οἰκείους
3630 3732 3762 3785 τόπους

2278 3830 2704 3900 παρεστήκαμεν
2728 3845 2741 3858 ο
2784 3830 2841 3880 ὲν
2869 3828 2925 3880 δὲ
2948 3828 3024 3898 τῷ
3052 3835 3131 3899 οη¹
3172 3828 3271 3899 τὴν
3320 3828 3410 3881 ἐπὶ
3450 3825 3676 3893 Ἀντιόχου
3704 3818 3761 3869 τοῦ

2278 3921 2471 3992 Σύρου,
2519 3919 2701 3983 καθὼς
2751 3919 3163 3973 ἀποδέδεικται·
3192 3922 3251 3972 ὲν
3293 3918 3451 3989 δὲτῷ
3487 3915 3607 3985 μετὰ
3638 3914 3761 3982 χεῖρας

2276 4013 2375 4083 τῆς
2408 4012 2629 4084 πρώτης
2674 4012 2966 4084 μέμνηται,
3016 4012 3159 4081 λέγω
3190 4012 3246 4064 δὲ
3280 4013 3379 4082 τῆς
3428 4007 3697 4078 Ἀσσυρίων,
3721 4002 3760 4069 ἦν

2278 4103 2371 4156 καὶ
2398 4103 2426 4154 ὁ
2470 4102 2544 4155 οθ¹
2596 4103 2871 4169 ἐθέσπισε,
2900 4105 2991 4157 τὸν
3042 4103 3371 4175 ἐμπρησμὸν
3406 4101 3496 4155 τοῦ
3526 4095 3761 4169 ἀμπελῶνος

2278 4193 2372 4245 καὶ
2390 4192 2485 4263 τὴν
2513 4194 2744 4264 ἐρημίαν
2773 4194 2935 4248 αὐτοῦ
2962 4198 3230 4266 σημήνας.
3264 4196 3420 4247 Ἔστι
3440 4193 3480 4245 δ’
3499 4188 3580 4244 οὖν
3604 4189 3673 4241 καὶ
3694 4182 3760 4235 ἀπὸ

2277 4284 2374 4354 τῆς
2428 4284 2669 4355 ἱστορίας
2723 4286 2932 4356 μαθεῖν,
2987 4288 3087 4340 ὅσα
3133 4287 3275 4341 κατὰ
3317 4287 3377 4339 τὸ
3421 4283 3541 4339 αὐτὸ
3577 4276 3759 4346 civili“

2278 4373 2404 4445 ἔθνη
2435 4376 2577 4428 κατὰ
2598 4376 2692 4429 τοῦ
2727 4379 2994 4433 Ἰουδαίων
3020 4380 3148 4433 λαοῦ
3182 4382 3238 4433 ὲν
3261 4384 3325 4450 τῇ
3358 4378 3533 4451 πρώτῃ
3565 4374 3649 4427 τῶν
3681 4370 3758 4419 Ἀε-

2281 4468 2478 4536 συρίων
2508 4468 2765 4531 ὲπιθὲσει,
2792 4468 2827 4522 ὃ.
2865 4470 2959 4523 καὶ
2986 4473 3017 4541 ἡ
3052 4471 3187 4542 μετὰ
3222 4476 3409 4543 χεῖρας
3431 4462 3758 4537 καταριθμεῖται

2280 4560 2580 4630 προφητεία
2599 4576 2612 4589 ·
2644 4560 2893 4633 πρώτους
2947 4564 3276 4634 Ἰδουμαίους
3334 4562 3657 4634 ὀνομάζουσα,
3682 4548 3757 4605 εἴτι

2291 4651 2655 4721 Ἰσμαηλίτας,
2691 4654 2783 4705 καὶ
2822 4654 3037 4724 τρίτους
3078 4655 3391 4718 Μωαϐίτας,
3426 4654 3510 4707 καὶ
3545 4648 3759 4717 τετάρτους

2291 4741 2641 4812 ’Δγαρηνοὺς,
2682 4740 2799 4796 εἶτα
2830 4743 3190 4815 Γεϐαληνοὺς,
3222 4748 3313 4800 καὶ
3360 4743 3672 4814 Ἀμμανίταςν
3698 4733 3757 4784 καὶ

2289 4830 2676 4903 Ἀμαληκίτας.
2710 4834 2818 4886 Καὶ
2864 4835 2954 4887 ἐπὶ
3001 4834 3229 4903 τούτοις,
3272 4838 3613 4904 Ἆλλόξευλοι.
3654 4826 3756 4894 φησι

2271 4922 2422 4990 μετὰ
2441 4922 2561 4976 τῶν
2580 4926 3012 4978 κατοικούντων
3035 4929 3237 4994 Τύρον,
3271 4928 3413 4981 Ἀντὶ
3439 4926 3489 4979 δὲ
3511 4922 3609 4985 τοῦ,
3629 4914 3755 4972 ἀλλό-

2276 5017 2476 5081 φυλοι,
2508 5015 2734 5079 Ἀκύλας
2752 5017 2843 5069 καὶ
2859 5016 3172 5089 Σύμμαχος,
3202 5018 3569 5080 Φυλισταίαν,
3594 5004 3755 5063 ὲκδεδίῖν

2276 5122 2460 5159 κασινο
2488 5106 2606 5171 ἔθος
2660 5107 2715 5160 δὲ
2749 5107 2934 5161 καλεῖν
2988 5110 3162 5181 τούτῳ
3201 5111 3279 5181 τῷ
3322 5111 3529 5179 ὀνόματι
3572 5097 3752 5164 τοὺςτῇν

2276 5196 2453 5260 Γάζαν
2479 5198 2572 5250 καὶ⁸
2600 5198 2698 5269 τὴν
2760 5200 3073 5255 Ἀσκάλωνα
3101 5202 3191 5255 καὶ
3226 5203 3323 5273 τὴν
3362 5199 3578 5271 πάραλον
3605 5187 3751 5245 οἰκοῦν

2275 5305 2392 5352 τας.
2422 5291 2531 5343 Καὶ
2576 5286 2721 5345 οὗτοι
2774 5292 2954 5345 τοίνυν
2998 5294 3192 5364 ἐφεξῆς
3225 5298 3272 5347 οἱ
3317 5291 3615 5365 Μραλιῶται
3644 5278 3746 5335 ἁλλό-

2276 5380 2430 5449 φυλοι
2465 5383 2601 5451 μετὰ
2632 5383 2741 5436 τῶν
2762 5384 3153 5439 κατοικούντων
3181 5387 3351 5459 Τύρον
3377 5384 3615 5439 ἐπέθεντο,
3643 5372 3745 5443 φησὶν

2275 5473 2415 5525 κατὰ
2436 5474 2528 5526 τοῦ
2571 5475 2699 5529 λαοῦ
2750 5495 2841 5530 σου
2868 5494 2881 5507 ⁸
2923 5479 3015 5531 καὶ¹
3061 5480 3152 5532 ἐπὶ
3186 5482 3348 5533 πᾶσιν
3374 5482 3400 5532 ὁ
3441 5472 3683 5542 Ἀσσύριος,
3706 5459 3745 5511 τδ

2273 5562 2336 5635 δὴ
2369 5566 2661 5635 κεφάλαιον
2706 5569 2815 5623 τῶν
2872 5570 3078 5637 κακῶν,
3115 5573 3211 5625 σὺν
3242 5570 3441 5632 τούτοις
3483 5561 3743 5637 ὁρμώμενκν
