4004 6534
208 356 311 409 997

1341 353 1843 408 COMMENTARIA
1883 353 1950 408 1N
1989 352 2327 412 PSALMOS.

3345 356 3451 413 998

208 474 303 527 καὶ
359 471 564 535 τούτοις
628 473 935 542 συμμάχοις
986 471 1285 542 χρώμενος,
1334 470 1431 542 τὴν
1474 470 1776 543 παράταξιν

1883 471 2130 527 Moabita
2157 489 2170 525 :
2206 488 2331 526 nam
2364 471 2419 526 hi
2453 470 2563 526 duo
2591 470 2684 524 ﬁlii
2714 470 2816 525 Lot
2844 469 2996 525 fuere
3016 509 3031 534 ,
3062 468 3222 525 Moab
3248 477 3303 525 et
3329 471 3461 525 Am-

208 564 501 633 ὲποιήσατο
526 578 537 589 '
594 562 726 632 όμοῦ
772 580 829 616 τε
865 562 1060 624 πάντες
1098 562 1147 613 οἱ
1186 560 1787 631 προλεχθέντεςὲγενή-

207 659 407 720 θησαν
460 655 545 717 εὶς
594 654 923 720 ἀντίληψιν
968 652 1090 717 τοῖς
1117 650 1267 714 υἱοῖς
1303 650 1450 704 Λώτ.
1496 652 1637 705 Ἀνθ’
1661 647 1721 705 οὗ
1754 652 1782 703 ὁ

210 745 310 813 μὲν
356 743 604 805 Ἀκύλας,
650 742 979 812 Ἐγένοντο,
1016 743 1168 813 φησὶ,
1194 742 1467 809 ,βραχίων
1498 742 1620 809 τοῖς
1636 743 1786 809 υἱοῖς

206 834 421 887 Λώτ-ό
472 834 529 887 δὲ
578 834 901 904 Σύμμαχος,
947 833 1251 903 Ἐγένοντο
1306 835 1610 903 σύμμαχοι
1660 835 1785 901 τοῖς

205 926 359 991 vluit;
384 926 529 979 Λώτ.
562 926 681 978 Υἱοὶ
709 926 763 977 δὲ
798 926 922 979 Λὼτ
956 921 1094 995 ἦσαν
1141 926 1466 996 Ἀμμανῖται
1499 927 1593 978 καὶ
1621 928 1787 979 Μωα-

210 1019 350 1072 ϐῖται
372 1035 385 1048 ’
410 1018 502 1071 δύο
531 1018 637 1089 γὰρ
671 1013 816 1071 οῦτοι
856 1018 1145 1086 γεγόνασιν
1177 1018 1281 1070 υἱοὶ
1306 1017 1398 1071 τοῦ
1431 1017 1576 1082 Λὼτ,
1611 1020 1785 1073 Μωὰϐ

210 1111 303 1163 καὶ
370 1109 613 1181 Ἀμμών.
674 1109 857 1162 Ταῦτα
885 1110 938 1161 δὲ
977 1110 1057 1162 ὅτι
1093 1109 1229 1179 μηδὲ
1265 1109 1452 1162 ἄλλοτε
1483 1110 1787 1181 ἐπληροῦτο

210 1202 239 1275 ἢ
299 1201 444 1258 κατὰ
497 1202 623 1266 τοὺς
673 1202 972 1274 Ἀσσυρίων
1007 1203 1248 1274 χρόνους,
1288 1203 1476 1273 σαφῶς
1511 1204 1544 1274 ἡ
1577 1203 1785 1275 ἱστορία

210 1296 523 1367 παρίστησι.
559 1296 631 1349 T6
661 1295 957 1367 τηνικαῦτα
990 1296 1099 1365 γὰο
1134 1297 1309 1350 πάντα
1340 1297 1406 1350 τὰ
1435 1299 1499 1349 ἐκ
1530 1297 1786 1364 γειτόνων

206 1387 333 1459 ἔθνη
363 1388 787 1459 διαφθονούμενα
820 1391 885 1459 τῇ
931 1389 1283 1462 Ἰερουσαλὴμ
1325 1391 1419 1443 καὶ
1443 1389 1521 1461 τῷ
1556 1390 1613 1442 ἐν
1649 1389 1783 1459 αὐτῇ

208 1481 577 1550 γεγραμμένῳ
607 1481 683 1552 (1)
717 1479 825 1550 ναῷ
855 1479 946 1532 τοῦ
976 1479 1132 1545 Θεοῦ,
1154 1480 1393 1549 διψῶντα
1421 1497 1481 1532 τε
1509 1480 1608 1550 τὴν
1635 1477 1786 1531 ἀπώ-

1888 579 2036 617 mon.
2084 563 2209 619 Hac
2255 579 2418 634 porro
2459 580 2569 618 non
2612 564 2720 617 alio
2749 577 2912 632 quam
2942 563 3290 633 Assyriorum
3320 572 3461 618 tern-

1886 670 2018 725 pore
2041 667 2193 726 gesta
2222 655 2392 711 fuisse
2421 665 2604 725 aperte
2633 663 2818 709 narrat
2848 654 3101 709 historia.
3132 655 3231 709 Illo
3260 654 3462 727 quippe

1885 762 2000 801 avo
2032 762 2222 803 omnes
2256 746 2470 801 ﬁnitimi
2500 748 2687 818 populi
2714 744 3103 817 Hierosolyma
3135 754 3189 803 et
3217 747 3290 811 ei,
3315 751 3460 816 quod

1887 837 1943 891 in
1976 834 2256 907 Scriptura
2283 836 2475 903 fertur,
2502 836 2705 905 templo
2734 836 2828 889 Dei
2854 836 2980 891 istic
3003 838 3182 906 posito
3206 836 3462 891 inviden-

1889 936 2003 991 tes,
2034 927 2441 996 perniciemque
2480 928 2649 980 totius
2680 924 2920 980 Judaica
2958 928 3135 997 gentis
3179 927 3459 993 sitientes,

1889 1033 1996 1071 una
2023 1017 2302 1071 irruerunt
2329 1024 2520 1069 contra
2555 1017 2676 1070 illos
2697 1056 2710 1079 ,
2744 1016 3171 1086 Babyloniorum
3203 1019 3465 1085 potentia

1889 1117 1943 1164 et
1974 1109 2298 1165 commilitio
2328 1109 2617 1178 adscripti.
2656 1108 2810 1162 Tunc
2848 1109 3031 1163 multa
3069 1109 3337 1164 adversus
3365 1123 3464 1163 eos

1891 1209 2081 1272 gentes
2115 1201 2355 1271 Assyriis
2394 1201 2720 1254 auxiliantes
2759 1207 2965 1253 coactae
2997 1208 3144 1255 sunt.
3180 1200 3250 1253 At
3284 1215 3465 1269 neque

1890 1294 2161 1348 Antiocho
2196 1310 2374 1364 neque
2406 1292 2701 1356 Romanis,
2739 1292 2792 1346 in
2827 1301 3104 1362 postrema
3137 1292 3457 1355 obsidione,

1890 1394 2079 1457 gentes
2126 1384 2280 1455 prius
2335 1392 2698 1449 enumerata,
2742 1386 2794 1439 in
2830 1386 2972 1440 bello
3012 1393 3204 1440 contra
3242 1382 3463 1439 Judaos

1891 1477 2080 1538 initio,
2120 1491 2276 1546 opem
2310 1476 2501 1529 tulisse
2530 1476 2803 1531 videntur.

208 1580 357 1631 λειαν
371 1573 462 1625 τοῦ
494 1575 691 1638 παντὸς
727 1575 992 1628 Ἰουδαίων
1026 1576 1230 1639 ἔθνους,
1266 1575 1400 1646 ὁμοῦ
1435 1571 1525 1629 οῦν
1550 1575 1806 1628 ἐπέθεντο
1828 1575 1948 1627 κατ’
1984 1573 2161 1625 αὐτῶν
2193 1574 2258 1643 τῇ
2288 1571 2393 1624 τῶν
2413 1569 2767 1625 Βαϐυλωνίων
2830 1571 3114 1643 δυναστείᾳ
3172 1570 3466 1643 συμμαχή-

211 1686 399 1721 σαντα.
434 1668 569 1721 Τότε
610 1669 709 1739 μὲν
738 1664 830 1722 οὖν
862 1668 1293 1740 πολλὰεσυνῆκτο
1343 1671 1460 1723 κατ’
1492 1669 1671 1724 αύτῶν
1695 1669 1764 1720 τὰ
1781 1672 1894 1731 τοῖς
1928 1667 2232 1738 Ἀσσυρίοις
2247 1664 2636 1737 συμμαχοῦντα
2666 1665 2813 1737 ἔθνη.
2841 1666 2977 1719 Οὔτε
3010 1666 3065 1719 δὲ
3094 1666 3232 1720 κατὰ
3265 1665 3466 1718 Ἀντίοο

205 1781 320 1833 χον,
346 1762 467 1816 οὗτε
490 1765 630 1818 κατὰ
661 1766 760 1835 τὴν
788 1765 1025 1835 ὑστάτην
1097 1766 1432 1836 πολιορκίαν,
1470 1764 1537 1819 τὰ
1598 1762 2163 1837 προκατηριθμημένα
2209 1761 2335 1832 ἔθνη
2366 1761 2612 1830 φαίνεται
2652 1763 3083 1832 συμμαχήσαντα
3153 1758 3462 1830 Ῥωμαίοις,

204 1856 442 1927 ὁπηνίκα
477 1858 566 1911 τὸν
609 1858 745 1930 πρὸς
788 1860 1073 1923 Ἰουδαίους
1098 1862 1491 1931 συνεστήσαντο
1524 1860 1779 1931 πόλεμον.

275 1979 542 2047 Ποίησον
566 1979 769 2045 αὐτοῖς
797 1981 879 2046 ὠς
905 1980 981 2049 τῇ
1011 1980 1243 2035 Μαδιὰν
1270 1981 1367 2035 καὶ
1402 1982 1482 2047 τῷ
1514 1980 1742 2049 Σισὰρςῑ
1762 2021 1776 2044 ,

1953 1974 2123 2029 Vens.
2166 1971 2357 2027 10-12.
2401 1969 2516 2024 Fac
2545 1970 2653 2024 illis
2694 1971 2830 2024 sicut
2870 1968 3095 2023 Madian
3132 1979 3181 2025 et
3222 1970 3461 2036 Sisara',

306 2070 386 2135 τῷ
430 2072 603 2141 Ἰαόὶμ
632 2073 701 2125 ἐν
725 2072 804 2138 τῷ
834 2074 1126 2143 χαμάρῤῳ
1145 2074 1361 2131 Κισών.
1400 2074 1785 2141 Ἐξωλοθρεύ-

199 2162 407 2226 θησαν
431 2161 500 2213 ἐν
530 2162 793 2231 Ἀενδὼρ,
824 2163 1199 2233 ἐγενήθησαν
1249 2164 1391 2217 ὡσεὶ
1444 2165 1665 2231 κόπρος
1711 2162 1785 2231 τῇ

200 2244 302 2314 τῇ.
335 2248 452 2301 Θοῦ
484 2250 623 2316 τοὺς
658 2251 955 2321 ἄρχοντας
990 2252 1189 2308 αὐτῶν
1223 2255 1305 2319 ὡς
1336 2254 1443 2307 τὸν
1479 2254 1655 2322 Ὠρὴό
1687 2254 1783 2307 καὶ

200 2336 330 2405 Ζὴϐ
388 2339 487 2392 καὶ
544 2342 717 2394 Ζεϐεὲ
773 2342 873 2395 καὶ
919 2342 1234 2413 Σαλμωνεῖ.
1303 2344 1541 2397 Τοιαῦτα
1596 2343 1784 2397 θεσπί-

202 2426 288 2491 ζει
332 2430 582 2497 γενέσθαι
614 2434 725 2494 τοῖς
758 2432 1135 2503 προλεχθεῖσιν
1170 2434 1378 2488 ἔθνεσιν
1410 2438 1439 2489 6
1467 2437 1781 2506 Προφήτης,

198 2520 365 2575 ὁποῖα
409 2525 474 2593 τῇ
520 2523 745 2593 Μαδιὰμ
799 2523 997 2593 καὶτῷ
1029 2525 1256 2597 Σισάρᾳ,
1292 2526 1386 2578 καὶ
1410 2524 1489 2595 τῷ
1522 2524 1699 2595 Ἰαϐὶμ
1724 2528 1783 2578 ὲν

198 2610 281 2682 τῷ
315 2613 599 2685 χειμάρρῳ
625 2615 808 2667 Κισὼν
841 2616 1037 2686 συνέϐη
1071 2618 1201 2670 ποτέ
1226 2634 1241 2648 ·
1266 2618 1463 2681 οἵτινες
1487 2616 1622 2688 ὁμοῦ
1650 2617 1785 2671 πάν-

199 2718 295 2765 τες
336 2703 807 2776 ὲξωλοθρεύθησαν
864 2708 920 2759 ὲν
980 2707 1211 2779 Ἀενδὼρ
1236 2748 1252 2772 ,
1307 2710 1401 2764 καὶ
1448 2710 1785 2782 ἐγενήθησαν

198 2794 335 2847 ὡσεὶ
387 2796 588 2868 κόπρος
646 2801 710 2869 τῇ
734 2801 825 2869 γῇ.
863 2800 1022 2855 Ἀλλὰ
1060 2802 1313 2864 καὶτοὺς
1362 2802 1627 2873 ἄρχοντας
1677 2804 1785 2858 τῶν

199 2885 610 2957 πφλεχθὲντων
660 2887 827 2943 ἐθνῶν
862 2890 1086 2943 τοιαῦτα
1150 2891 1344 2946 παθεῖν
1396 2891 1574 2958 ἀξιοῖ,
1624 2896 1784 2950 ὁποία

204 2975 538 3031 πεπόνθασιν
606 2977 771 3049 Ὠρήϐ
821 2978 914 3031 καὶ
953 2979 1064 3051 Ζὴϐ
1106 2981 1201 3034 καὶ
1244 2980 1408 3034 Ζεϐεὲ
1434 2982 1529 3035 καὶ
1561 2984 1786 3054 Σαλμω-

201 3069 319 3130 νᾶς.
352 3068 567 3122 Τούτων
583 3069 639 3122 δὲ
667 3070 883 3125 πάντων
917 3070 1015 3142 τὴν
1049 3071 1287 3143 ἱστορίαν
1330 3073 1583 3145 εὑρήσεις
1633 3076 1690 3127 ὲν

202 3160 373 3232 βίϐλῳ
418 3163 724 3233 φερομένην
768 3162 875 3217 τῶν
936 3163 1175 3235 Κριτῶψ
1215 3164 1344 3219 ἔνθα
1370 3166 1463 3219 καὶ
1510 3168 1538 3219 6
1575 3166 1784 3238 Σισὰρα

200 3254 299 3308 καὶ
317 3254 345 3305 6
378 3252 567 3317 Ἰαϐὶς,
600 3254 695 3308 καὶ
712 3255 761 3306 oi
788 3253 963 3308 λοιποὶ
979 3256 1482 3328 κατωνομασμένοι,
1500 3257 1672 3311 ὁπόσα
1690 3258 1784 3312 καὶ

199 3347 327 3401 τίνα
368 3346 507 3399 κατὰ
552 3346 645 3398 τοῦ
701 3347 916 3418 Ἰσραὴλ
966 3349 1400 3420 ἐμηχανήσαντο,
1466 3348 1560 3401 καὶ⁵
1621 3350 1782 3403 ὁποῖα

197 3436 615 3508 πεπόνθασιν,ή
653 3438 841 3510 Γραφὴ
876 3441 1223 3512 παρίστησιν.
1265 3441 1378 3510 Ἐφ’
1423 3440 1490 3511 ἢν
1536 3442 1783 3513 ἀναπέμ-

197 3526 392 3598 ψωμεν
418 3527 507 3579 τὸν
538 3526 859 3598 βουλόμενον
883 3528 952 3581 τὰ
984 3531 1104 3583 κατ’
1131 3530 1325 3593 αὐτοὺς
1350 3529 1569 3593 εἰδέναι,
1603 3531 1691 3586 διὰ
1720 3532 1782 3586 τὸ

201 3619 551 3690 μακροτέραν
578 3614 712 3672 εἶναι
738 3622 835 3691 τὴν
870 3622 999 3693 περὶ
1018 3621 1198 3674 αὐτῶν
1224 3620 1493 3693 διήγησιν.
1534 3623 1613 3676 Τὰ
1642 3624 1784 3677 αὐτὰ

200 3708 301 3759 σὺν
324 3706 551 3771 ἐκείνοις
578 3708 670 3761 καὶ
693 3708 914 3772 τούτους
942 3710 1169 3763 ἱκετεύει
1201 3709 1410 3775 παθεῖν,
1425 3712 1557 3765 διότι
1585 3714 1783 3783 ὁμοίως

194 3798 427 3862 ἐκείνοις
460 3799 553 3852 καὶ
585 3795 1020 3872 οὗτοιείρήκασι,
1050 3804 1612 3873 Κληρονομήσωμεν
1649 3805 1784 3857 ἐαυ-

196 3888 324 3955 τοῒς
357 3889 424 3942 τὸ
467 3891 854 3961 ἀγιαστήριον
893 3893 999 3947 τοῦ
1050 3896 1217 3950 Θεοῦ.
1250 3896 1474 3965 Ἔλεγον
1524 3896 1580 3949 δὲ
1612 3895 1784 3950 ταῦτα

196 3980 299 4033 καὶ
325 3981 374 4032 οἱ
410 3982 537 4053 περὶ
568 3980 657 4035 τὸν
684 3983 911 4054 Σισάρα,
932 3985 1226 4053 καὶἸαϐὶς,
1255 3986 1309 4038 οἵ
1337 4003 1393 4039 τε
1417 3986 1613 4051 λοιποὶ,
1632 3985 1724 4049 οὒς
1756 3987 1783 4039 6

193 4070 358 4142 λόγος
379 4074 517 4127 κατὰ
538 4075 680 4140 λέξιν
713 4076 812 4147 (2),
845 4078 971 4149 περὶ
995 4078 1096 4149 τῆς
1125 4081 1330 4151 σκηνῆς
1367 4082 1460 4133 καὶ
1493 4081 1590 4151 τῆς
1616 4080 1783 4134 κιϐω-

197 4164 297 4219 τοῦ
314 4164 409 4217 τοῦ
426 4164 581 4219 Θεοῦ.
607 4168 679 4220 T6
696 4168 803 4239 γὰρ
833 4168 1185 4241 ἁγιαστήριον
1206 4169 1299 4223 τοῦ
1342 4172 1476 4225 Θεοῦ
1497 4171 1668 4225 ταῦτα
1690 4167 1780 4240 ἦν,

200 4258 372 4330 μήπω
424 4258 524 4329 τῆς
585 4259 939 4331 Ἰερουσαλὴμ
976 4261 1337 4332 συνεστώσης.
1389 4262 1694 4334 Ἐπηύξατο
1726 4262 1782 4315 δὲ

194 4348 377 4403 ταῦτα
397 4351 424 4401 ὁ
454 4346 748 4420 Προφήτης
784 4350 923 4404 κατὰ
957 4349 1063 4405 τῶν
1100 4351 1513 4424 δεδηλωμένων
1560 4348 1656 4405 εἶτ’
1683 4353 1782 4405 οὐκ

197 4442 281 4503 εἰς
313 4440 521 4511 μακρὸν
574 4440 875 4513 ἐπληροῦτο
928 4442 995 4495 τὰ
1029 4446 1127 4514 τῆς
1171 4444 1357 4514 εὐχῆς.
1401 4443 1607 4497 Αύτίκα
1651 4444 1781 4514 γοῦν

198 4532 543 4602 παραχρῆμα
574 4535 640 4603 τῇ
676 4533 814 4585 κατὰ
843 4533 949 4586 τῶν
1000 4534 1265 4589 Ἰουδαίων
1308 4534 1591 4607 πολιορκίᾳ.
1622 4536 1715 4589 καὶ
1744 4538 1777 4608 ή

1886 2069 2023 2139 sicut
2052 2065 2218 2118 Jabin
2242 2066 2298 2117 in
2329 2072 2561 2116 torrente
2600 2061 2782 2116 Cison.
2823 2061 3190 2129 Disperierunt
3228 2064 3284 2117 in
3322 2063 3464 2118 Αἰνι-

1885 2160 2005 2225 dor,
2038 2159 2171 2230 facti
2196 2168 2318 2212 sunt
2352 2166 2410 2209 ut
2439 2165 2641 2210 stercus
2684 2164 2856 2210 terra.
2892 2154 3039 2209 Pone
3076 2157 3335 2224 principes
3374 2174 3463 2211 eo-

1885 2270 2004 2307 rum
2034 2254 2172 2307 sicut
2206 2249 2340 2305 Oreb
2372 2258 2422 2303 et
2449 2247 2555 2301 Zeb
2585 2256 2635 2301 et
2662 2246 2823 2302 Zebee
2860 2257 2908 2302 et
2940 2247 3217 2302 Salmona.
3261 2247 3462 2303 Eadem

1885 2345 2204 2401 memoratis
2248 2341 2503 2412 gentibus
2558 2339 2745 2393 futura
2786 2339 3119 2394 vaticinatur
3155 2338 3460 2409 Propheta,

1884 2453 2007 2508 qua
2045 2438 2175 2491 olim
2217 2433 2432 2487 Madian
2462 2472 2477 2496 ,
2521 2430 2725 2487 Sisara
2750 2469 2766 2495 ,
2808 2438 2862 2485 et
2898 2429 3076 2484 Jabim
3119 2430 3172 2484 in
3215 2438 3466 2486 torrente

1884 2526 2053 2581 Cison
2104 2524 2507 2592 contigerunt:
2569 2522 2666 2593 qui
2724 2536 2917 2577 omnes
2969 2522 3339 2591 disperierunt
3403 2524 3462 2577 in

1885 2615 2126 2680 Endor,
2169 2622 2225 2669 et
2273 2614 2403 2669 t‘acti
2449 2624 2576 2670 sunt
2622 2621 2683 2668 ut
2733 2624 2948 2669 stercus
2990 2621 3170 2669 terra.
3222 2614 3306 2669 Ad
3347 2614 3464 2670 hae

1884 2710 2050 2765 etiam
2104 2708 2384 2778 principes
2436 2706 2824 2778 pradictorum
2888 2707 3217 2775 populorum
3271 2708 3463 2761 eadem

1885 2799 2094 2870 perpeti
2142 2805 2339 2868 rogat,
2377 2814 2497 2867 qua
2537 2796 2680 2851 Oreb
2722 2806 2775 2851 et
2818 2795 2927 2851 Zeb
2968 2805 3023 2851 et
3052 2796 3229 2851 Zebee
3260 2803 3313 2851 et
3343 2795 3463 2851 Sal»

1885 2906 2101 2946 monas.
2143 2889 2349 2945 Horum
2391 2904 2557 2960 porro
2600 2888 2844 2943 omnium
2885 2889 3171 2944 historiam
3221 2889 3464 2958 reperias

1886 2979 1941 3033 in
1977 2980 2118 3033 libro
2150 2977 2439 3042 Judicum,
2484 2978 2575 3032 ubi
2614 2993 2736 3047 qua
2778 2975 2966 3031 Sisara
3006 2985 3059 3031 et
3096 2975 3256 3032 Jabin
3295 2988 3464 3047 atque

1885 3071 2014 3135 alii,
2046 3070 2142 3141 qui
2172 3085 2338 3141 supra
2368 3076 2749 3136 recensentur,
2780 3074 2969 3122 contra
3002 3066 3255 3125 lsraelem
3285 3066 3460 3122 moliti

1886 3168 2052 3226 sunt,
2081 3172 2134 3218 et
2162 3177 2283 3231 qua
2313 3161 2477 3215 iidem
2508 3167 2640 3215 sunt
2670 3161 2955 3230 perpessi,
2988 3157 3274 3230 Scriptura
3302 3174 3463 3214 enar-

1886 3260 1973 3305 rat
2004 3253 2069 3307 ¹⁸.
2122 3250 2200 3306 Eo
2241 3262 2422 3306 autem
2463 3251 2778 3312 mittemus,
2822 3251 2870 3304 si
2911 3265 3072 3320 quem
3111 3265 3177 3304 ea
3213 3249 3463 3305 ediscere

1811 3320 1853 3378 δ
1886 3340 2052 3396 libeat
2082 3357 2203 3411 qua
2236 3342 2303 3396 ad
2345 3342 2496 3410 ipsos
2528 3341 2805 3395 attinent:
2836 3356 2961 3394 nam
3001 3356 3158 3410 aquo
3198 3342 3461 3412 prolixior

1884 3444 2075 3484 eorum
2111 3430 2389 3487 enarratio
2426 3430 2587 3485 foret.
2627 3460 2700 3470 -—
2734 3429 2899 3485 Vrsas.
2944 3432 3027 3485 15.
3056 3430 3254 3487 Eadem
3295 3448 3463 3503 porro

1882 3539 2006 3594 qua
2037 3524 2152 3590 illi,
2190 3524 2327 3580 istos
2360 3524 2524 3580 etiam
2559 3524 2766 3594 perpeti
2800 3534 2989 3593 rogat,
3024 3525 3155 3595 quia
3186 3526 3375 3581 eodem
3406 3533 3464 3582 et

1884 3617 1974 3672 isti
2019 3616 2181 3671 modo
2223 3616 2523 3680 dixerunt,
2563 3616 2893 3671 ereditate
2926 3617 3292 3686 possideamus
3336 3634 3464 3671 san-

1883 3710 2152 3763 ctuarium
2183 3707 2301 3763 Dei.
2335 3707 2430 3761 Illa
2462 3723 2594 3763 vero
2622 3707 2881 3764 dicebant
2918 3707 3139 3771 Sisara,
3170 3707 3331 3763 Jabin
3354 3750 3369 3774 ,
3406 3716 3462 3763 et

1883 3801 2082 3870 reliqui
2119 3799 2440 3854 nominatim
2475 3800 2776 3865 recensiti,
2819 3800 2887 3855 de
2934 3801 3285 3856 tabernaculo
3313 3809 3367 3858 et
3394 3803 3464 3858 de

1884 3910 2011 3948 arca
2046 3892 2139 3949 Dei
2168 3913 2180 3949 :
2214 3893 2328 3948 hac
2355 3893 2556 3963 quippe
2585 3899 2740 3947 erant
2768 3894 3142 3948 sanctuarium
3175 3894 3271 3951 Dei
3292 3910 3461 3973 ,ucum

1883 3990 2129 4045 nondum
2153 3988 2459 4044 Jerusalem
2476 3989 2825 4043 consisteret.
2853 3988 2978 4044 Hac
2997 4005 3161 4060 porro
3182 3989 3457 4060 Propheta

1883 4089 2135 4152 precatus
2183 4087 2267 4136 est
2320 4080 2584 4134 adversus
2627 4094 2723 4134 eos
2770 4080 2864 4150 qui
2915 4080 3170 4149 superius
3220 4080 3451 4135 indicati

1883 4178 2051 4226 sunt:
2088 4183 2188 4223 nec
2217 4169 2311 4223 diu
2345 4177 2534 4239 postea
2574 4169 2818 4238 precatio
2853 4177 2936 4225 est
2967 4169 3221 4225 effectum
3264 4186 3463 4227 conse~

1883 4270 2029 4316 cuta.
2062 4260 2195 4314 Nam
2230 4261 2531 4315 secundum
2561 4262 2706 4315 illam
2735 4260 3048 4316 Judaorum
3079 4262 3417 4319 obsidionem
3440 4304 3459 4329 ,

1881 4352 2232 4423 Assyriorum
2260 4352 2545 4422 imperium
2573 4352 2867 4423 derepente
2894 4355 3135 4409 solutum
3160 4363 3277 4420 est,
3305 4364 3462 4425 post-

1882 4460 2044 4515 quam
2077 4445 2337 4501 diuturno
2367 4461 2483 4501 avo
2522 4447 2805 4513 stetisset;
2839 4457 2893 4502 et
2932 4448 3151 4517 quidem
3188 4464 3361 4518 usque
3390 4450 3460 4503 ad

1885 4536 2016 4591 illud
2062 4544 2278 4607 tempus
2302 4577 2318 4601 ,
2361 4553 2472 4607 quo
2515 4538 2644 4591 talia
2671 4544 2862 4592 contra
2888 4538 3323 4609 Hierosolymam
3360 4555 3459 4609 ag-

211 4624 517 4695 Ἀσσυρίων
544 4624 811 4695 κατελύθη
842 4625 1126 4678 δυναστεία
1155 4626 1489 4697 διαρκέσασα
1528 4627 1738 4699 χρόνοις
1760 4646 1774 4658 ·

1883 4629 2031 4699 gredi
2063 4628 2182 4683 ausi
2213 4636 2363 4683 sunt.
2392 4627 2510 4683 Non
2540 4628 2631 4682 diu
2668 4627 2851 4698 itaque
2878 4636 3069 4696 postea
3095 4628 3305 4699 Cyrus,
3334 4646 3461 4685 cum

198 4715 298 4768 καὶ
326 4716 491 4787 μέχρι
521 4715 709 4769 τούτου
749 4717 993 4770 συστᾶσα
1023 4716 1215 4788 μέχρις
1248 4713 1309 4772 οῦ
1339 4719 1563 4772 τοιαῦτα
1596 4717 1779 4771 τετολ-

202 4806 413 4877 μήκασι
470 4806 612 4860 κατὰ
665 4807 765 4878 τῆς
811 4807 1185 4879 Ἰερουσαλήμ.
1222 4810 1355 4862 Μετ’
1392 4810 1452 4862 ού
1483 4810 1615 4864 πολὺ
1648 4810 1779 4879 γοῦν

197 4896 406 4968 Κῦρος,
458 4897 558 4968 τῆς
589 4898 815 4969 Περσῶν
862 4898 1137 4969 βασιλείας
1179 4903 1486 4971 κρατήσας,
1527 4901 1780 4955 καταλύει

198 4988 301 5057 τὴν
342 4987 642 5059 Ἀσσυρίων
672 4988 866 5059 ἀρχήν.
900 4986 1009 5040 Καὶ
1048 4985 1117 5039 τὰ
1150 4985 1307 5040 λοιπὰ
1347 4987 1405 5040 δὲ
1448 4988 1588 5041 κατὰ
1617 4988 1783 5059 μέρος

199 5082 571 5152 ὡνομασμένα
604 5081 727 5153 ἔθνη
773 5081 997 5135 τοιαῦτα
1032 5077 1318 5139 πέπονθεν,
1350 5080 1505 5133 ὁποῖα
1550 5082 1578 5133 6
1626 5080 1781 5148 λόγος

201 5171 515 5243 προέφησεν
535 5189 551 5205 ο
585 5171 712 5224 ὥστ’
739 5171 960 5233 εἰκότως
989 5170 1053 5225 ἄν
1086 5187 1205 5223 τινα
1254 5169 1443 5239 φῆσαι,
1481 5170 1553 5240 μὴ
1582 5168 1779 5223 κατεύ-

200 5263 393 5333 χεσθαι
426 5264 515 5315 τὸν
556 5264 848 5334 Προφήτην
896 5264 953 5314 ἐν
999 5261 1206 5325 τούτοις
1245 5261 1353 5314 τῶν
1399 5261 1775 5333 δηλουμένων,

201 5350 567 5425 προφητεύειν
594 5352 651 5405 δὲ
677 5354 857 5416 αὐτοῖς
888 5354 955 5407 τὰ
1002 5354 1252 5423 ἐσόμενα,
1294 5352 1435 5407 κατά
1480 5369 1601 5405 τινα
1657 5368 1781 5406 συν-

198 5446 394 5518 ήθειαν
427 5444 525 5514 τῆς
565 5443 788 5515 Γραιρῆς
838 5444 1219 5515 προστακτικῷ
1259 5445 1445 5515 τρόπῳ
1488 5443 1608 5497 ἀντὶ
1642 5459 1778 5514 προ-

195 5534 556 5609 αγορευτικοῦ
604 5536 972 5607 κεχρημένονο
1034 5536 1164 5591 ὥσθ’
1196 5539 1339 5609 ἡμᾶς
1376 5534 1652 5604 ἐξακούειν
1681 5535 1776 5603 τὸ,

277 5631 319 5660 ³⁵
360 5626 542 5681 Judic.
583 5642 660 5691 tv,
696 5644 811 5696 seq.

270 5787 350 5855 (ί)
393 5787 497 5852 Γρ.
528 5784 899 5855 ἐγηγερμὲνῳ.

1883 4717 2172 4773 Persarum
2189 4734 2413 4788 regnum
2434 4726 2777 4788 occupasset,
2797 4718 3145 4790 Assyriorum
3169 4719 3460 4789 imperium

1885 4810 2100 4867 evertit.
2139 4809 2382 4880 Reliqua
2416 4825 2548 4865 vero
2588 4809 2902 4879 singulatim
2943 4810 3230 4865 recensita
3271 4820 3464 4881 gentes

1886 4917 1949 4958 ea
1975 4908 2103 4955 sunt
2126 4915 2419 4971 perpessa,
2444 4915 2564 4969 qua
2585 4900 2690 4954 hoc
2716 4915 2966 4955 sermone
2988 4902 3457 4970 pranuntiantur;

1886 4991 1959 5046 ita
1997 4998 2054 5044 ut
2085 5007 2116 5045 e
2146 5006 2205 5045 re
2235 4991 2504 5061 quispiam
2530 4991 2756 5058 dixerit,
2788 4989 3116 5061 Prophetam
3147 4995 3462 5050 memoratis

1889 5084 2139 5154 gentibus
2165 5098 2272 5137 non
2298 5084 2588 5154 imprecari
2617 5086 2779 5152 mala,
2808 5086 2902 5141 sed
2934 5085 3115 5139 futura
3141 5086 3459 5152 vaticinari,

1887 5191 1951 5231 ac
1995 5191 2095 5248 pro
2139 5184 2361 5231 assueto
2408 5176 2707 5247 Scriptura
2753 5194 2937 5241 more,
2989 5179 3308 5248 imperantis
3342 5194 3462 5231 mo-

1886 5267 2038 5331 dum,
2064 5268 2184 5323 loco
2202 5270 2644 5339 pranuntiantis,
2669 5286 2972 5341 usurpare;
3011 5271 3218 5325 adeout
3245 5270 3456 5331 isthac,

1886 5356 2000 5411 Fac
2029 5359 2174 5423 illis,
2211 5374 2313 5413 nos
2349 5360 2429 5413 sic
2477 5360 2879 5430 intelligamus,
2925 5359 3113 5414 Facies
3160 5360 3271 5412 illis
3322 5361 3460 5412 sicut

1885 5448 2119 5507 Madian
2144 5461 2189 5504 et
2219 5450 2439 5505 Sisara.
2472 5450 2597 5505 liae
2632 5468 2797 5521 porro
2824 5452 2890 5507 de
2915 5452 3263 5523 Assyriorum
3282 5491 3295 5514 ,
3325 5452 3463 5504 alia-

1884 5556 2133 5611 rumque.
2164 5539 2255 5595 hic
2320 5540 2721 5596 recensitarum
2770 5542 3016 5612 gentium
3074 5538 3287 5594 excidio
3322 5552 3438 5608 pra

1964 5779 2035 5851 (‘2)
2076 5777 2271 5841 Det-sse
2292 5779 2505 5835 videtur
2537 5777 2782 5842 verbum,
2824 5776 2963 5831 forte
3003 5772 3273 5847 ὀνομάζει.
3300 5776 3459 5832 Enn.
