4004 6530
548 379 651 439 999
1228 377 1498 434 EUSEBII
1530 374 2013 432 CESARIENSIS
2044 373 2195 429 OPP.
2237 371 2417 426 PARS
2446 370 2539 428 ill.
2576 402 2637 414 —
2683 369 3095 427 EXEGETlCA.
3659 366 3796 423 10οῦ

544 497 888 551 nuntiantur.
913 493 1100 564 Neque
1122 501 1304 548 tamen
1337 493 1403 547 de
1433 493 1500 548 iis
1528 493 1622 562 qui
1652 500 1775 562 post
1811 490 2113 547 Salvatoris

2227 491 2480 557 Ποίησον
2502 490 2726 555 αὐτοῖς,
2752 487 2873 541 ἀντὶ
2906 485 3023 551 τοῦ,
3057 484 3334 553 Ποιήσεις
3359 488 3437 553 ὠς
3462 487 3537 556 τῇ
3558 488 3798 556 Μαδιάμ

541 589 719 642 nostri
755 586 1044 642 adventum
1074 596 1401 656 postremam
1431 583 1933 655 Hierosolymorum
1968 583 2118 638 obsi-

2227 580 2420 647 καὶτῷ
2439 582 2687 649 Σισάρᾳ.
2723 579 2909 633 Ταῦτα
2939 579 2995 631 δὲ
3028 577 3270 649 περὶτοῦ
3298 580 3492 643 τέλους
3523 580 3637 632 τῶν
3680 580 3799 633 Ἀσ-

537 677 763 733 ςάἰοηειιι
791 678 1040 733 fecerunt
1059 717 1075 742 ,
1105 676 1307 732 similia
1337 676 1610 731 feruntur.
1638 676 1819 742 Quare
1846 676 1981 730 nihil
2010 675 2117 730 tale

2227 673 2423 743 συρίων
2473 672 2567 724 καὶ
2615 670 2724 723 τῶν
2762 671 2858 723 σὺν
2909 670 3094 732 αὐτοῖς
3140 670 3592 739 καταλεχθέντων
3632 671 3797 725 ἐθνῶν

549 767 778 823 Romani
812 776 935 838 post
966 768 1173 822 illatam
1201 768 1347 838 genti
1378 768 1588 823 cladem
1619 768 1868 838 perpessi
1896 774 2043 822 sunt.

2227 761 2645 837 προφητεύεται.
2673 759 2746 813 Οὐ
2781 760 2887 831 μὴν
2913 760 3007 812 καὶ
3028 761 3155 831 περὶ
3179 759 3286 812 τῶν
3309 760 3407 830 τὴν
3431 760 3674 831 ὑπάτην
3704 775 3796 812 πο-

545 862 789 933 λιορκίαν
814 862 960 933 ,μετὰ
986 862 1084 933 τὴν
1103 861 1197 915 τοῦ
1229 862 1482 935 Σωτῆρος
1512 862 1669 934 ἡμῶν
1736 863 2038 938 παρουσίαν
2094 858 2577 932 κατειργασμένων
2596 856 2824 911 τοιαῦτά
2869 872 2992 909 τινα
3060 856 3310 928 ἐφέρετο.
3346 854 3437 907 Διδ
3466 853 3626 907 οὐδὲν
3672 855 3789 906 Ῥυ

549 956 698 1025 μαϊοι
724 954 966 1008 τοιοῦτον
998 952 1296 1007 πεπόνθασι
1334 954 1472 1025 μετὰ
1505 954 1602 1025 τὴν
1627 952 1769 1007 κατὰ
1800 952 1894 1007 τοῦ
1928 953 2111 1015 ἔθνους
2150 950 2509 1023 ἐπιχείρησιν.

530 1104 539 1113 ο
619 1072 787 1128 Vens.
814 1072 901 1126 M.
933 1070 1071 1125 Deus
1102 1087 1267 1136 meus,
1285 1088 1417 1140 pone
1442 1070 1564 1124 illos
1589 1079 1645 1123 ut
1672 1079 1865 1134 rotam,
1893 1078 1943 1137 et
1970 1070 2107 1123 sicut

2306 1068 2359 1120 '0
2382 1066 2531 1132 Θεός
2554 1082 2696 1135 μου,
2737 1062 2843 1118 θοῦ
2868 1062 3089 1129 αὐτοὺς
3122 1062 3201 1128 ὡς
3235 1060 3477 1130 τροχὸν,
3500 1061 3587 1127 ὡς
3616 1062 3797 1114 καλά-

544 1165 799 1235 stipulam
835 1173 956 1217 ante
987 1163 1178 1233 faciem
1216 1164 1374 1217 venti.
1414 1161 1533 1215 Non
1573 1162 1957 1232 intempestive
1981 1160 2117 1215 Pro-

2227 1176 2342 1230 μην
2362 1157 2512 1211 κατὰ
2539 1156 2865 1223 πρόσωπον
2894 1150 3141 1221 ἀνέμου.
3183 1153 3297 1204 Οὐκ
3330 1150 3580 1221 ἀκαίρως
3608 1152 3637 1203 ὁ
3661 1153 3792 1220 Προ-

547 1258 749 1329 pheta,
801 1255 910 1310 imo
949 1256 1133 1326 potius
1174 1255 1228 1309 in
1261 1270 1327 1310 eo
1367 1252 1605 1325 Spiritus
1645 1262 1870 1308 sanctus
1894 1292 1910 1317 ,
1948 1253 2120 1308 Deum

2227 1252 2419 1321 φήτης,
2448 1245 2646 1317 μᾶλλον
2670 1244 2727 1298 δὲ
2751 1243 2812 1296 τὸ
2841 1244 2897 1295 ὲν
2911 1242 3059 1313 αὑτῴ
3078 1242 3231 1310 ἆγιον
3260 1240 3504 1311 Πνεῦμα.
3536 1241 3797 1294 ἰδιοποεὶ-

547 1356 609 1402 ut
638 1346 744 1402 sibi
778 1346 1060 1416 proprium
1088 1344 1143 1399 in
1176 1343 1490 1414 bujusmodi
1515 1344 1832 1399 narratione
1856 1349 2122 1399 memorat

2227 1360 2312 1396 ται
2338 1341 2427 1394 τὸν
2454 1339 2586 1392 Θεὸν
2640 1338 2699 1391 ὲν
2743 1339 2809 1408 τῇ
2844 1334 3182 1407 προκειμένῃ
3230 1334 3439 1405 ἱστορίᾳ
3486 1334 3731 1403 φάσκον,
3765 1338 3797 1388 ὁ

541 1440 770 1500 dicens,
807 1437 946 1491 Deus
982 1450 1170 1491 meus:
1206 1450 1382 1506 neque
1412 1435 1558 1489 enim
1588 1435 1705 1498 ait,
1739 1434 1877 1488 Deus
1911 1443 2119 1498 noster;

2227 1432 2371 1498 Θεός
2382 1447 2510 1501 μου
2528 1447 2542 1461 ο
2570 1429 2630 1483 οὐ
2653 1428 2759 1499 γὰρ
2779 1467 2795 1492 ,
2819 1429 2851 1481 ὁ
2879 1425 3022 1492 Θεὸς
3041 1425 3228 1495 ἡμῶν,
3249 1426 3433 1496 φησιν,
3462 1426 3580 1478 ἀλλ’
3606 1428 3640 1478 ὀ
3667 1425 3799 1490 Θεό(-

545 1530 678 1593 sed,
719 1529 860 1583 Deus
901 1542 1078 1591 meus;
1109 1528 1268 1597 quasi
1309 1527 1393 1582 vel
1428 1543 1574 1583 unus
1612 1534 1861 1590 tantum,
1902 1527 1985 1581 vel
2025 1526 2123 1581 ad-

2227 1539 2359 1590 μου,
2401 1521 2476 1585 ὡς
2520 1519 2587 1575 ἂν
2642 1518 2760 1582 ἑνός
2790 1534 2893 1570 που
2935 1517 3030 1571 καὶ
3064 1517 3290 1570 σπανίου
3318 1515 3798 1587 περιλελειμμένων

548 1621 770 1677 modum
798 1621 961 1692 pauci
994 1629 1241 1690 tempore
1276 1620 1627 1690 Assyriorum
1666 1620 1971 1675 obsidionis
2013 1618 2121 1674 Deo

2227 1613 2367 1668 κατὰ
2400 1612 2492 1665 τὸν
2529 1610 2838 1681 δηλωθέντα
2869 1609 3058 1680 καιρὸν
3084 1607 3186 1679 τῆς
3219 1609 3327 1661 τῶν
3378 1608 3680 1678 Ἀσσυρίων
3710 1624 3799 1659 saa-

547 1713 699 1786 digni
738 1713 913 1768 relicti
954 1711 1178 1766 iuerint.
1220 1710 1355 1764 Nam
1394 1726 1520 1765 cum
1560 1712 1797 1782 populus
1833 1710 2011 1767 onmis
2043 1711 2124 1765 la-

2227 1705 2493 1777 λιορκίας,
2538 1701 2689 1768 ἀξίου
2718 1701 2812 1755 τοῦ
2843 1700 2999 1755 Θεοῦ.
3042 1701 3129 1763 Ὡς
3168 1699 3279 1772 γὰρ
3312 1699 3405 1753 τοῦ
3437 1698 3572 1753 λαοῦ
3608 1699 3801 1762 παντὸς

546 1821 681 1878 psus
727 1811 783 1861 et
833 1810 1185 1874 peccatorum
1231 1816 1401 1857 causa
1456 1803 1838 1860 obsidentibus
1886 1803 2121 1859 traditus

2227 1798 2567 1860 ἐκπεσόντος,
2603 1796 2697 1849 καὶ
2715 1794 2804 1848 διὰ
2831 1793 2929 1858 τὰς
2961 1793 3235 1865 ἁμαρτίας
3264 1796 3379 1857 τοῖς
3422 1792 3801 1863 «chapter-ﬁni;

548 1909 728 1963 esset,
769 1912 879 1952 non
914 1896 1275 1952 communiter
1315 1894 1483 1949 Deum
1521 1896 1853 1966 compellat;
1909 1897 2007 1953 sed
2053 1912 2123 1953 ex

2227 1885 2638 1959 παραδοθέντος,
2667 1885 2728 1937 οὐ
2754 1886 3048 1937 κοινοποιεῖ
3065 1882 3164 1954 τὴν
3180 1883 3465 1954 ἐπίκλησιν
3486 1900 3499 1911 ·
3525 1882 3588 1946 ἐξ
3612 1882 3801 1935 οίκείου

554 1989 778 2061 propria
807 2002 1039 2059 persona
1059 1986 1140 2042 sic
1166 1985 1333 2041 infert
1358 2005 1371 2041 :
1392 1985 1535 2041 Deus
1556 2002 1721 2051 meus,
1752 2002 1884 2056 pone
1918 1987 2037 2041 illos
2067 1994 2126 2040 ut

2227 1979 2279 2032 δὲ
2314 1978 2475 2049 μόνου
2504 1974 2795 2048 προσώπου
2821 1974 3015 2043 ἐπάγει
3041 1974 3199 2044 λέγον
3222 1991 3237 2005 ·
3275 1974 3327 2026 '0
3350 1975 3497 2040 Θεός
3522 1991 3669 2042 μου.
3703 1974 3802 2029 θοῦ

546 2091 743 2136 rotam.
780 2080 855 2135 Ea
889 2088 1074 2136 autem
1102 2087 1236 2134 rotae
1261 2087 1459 2133 natura
1491 2086 1609 2146 est,
1640 2086 1702 2134 ut
1730 2080 1985 2136 volubilis
2017 2079 2122 2146 sit,

2227 2069 2565 2146 abtobcdic
2607 2068 2845 2136 τροχόν.
2893 2065 3103 2139 Τροχοῦ
3131 2067 3190 2120 δὲ
3227 2066 3391 2135 φύσις
3425 2066 3675 2137 στρεπτὴ
3717 2066 3802 2118 καὶ

549 2189 651 2230 nec
679 2173 875 2229 eodem
903 2173 958 2227 in
992 2172 1116 2227 loco
1147 2172 1443 2227 consistat.
1472 2169 1632 2225 Talis
1659 2186 1789 2226 vero
1817 2179 1931 2225 tota
1975 2170 2128 2225 athe-

2227 2164 2317 2232 οὐχ
2349 2159 2562 2214 ἑστῶσα
2595 2162 2653 2213 ὲν
2678 2157 2882 2229 ταύτῷ.
2905 2158 3161 2223 Τοιοῦτος
3200 2158 3258 2212 δὲ
3298 2161 3408 2221 πᾶς
3440 2161 3470 2212 ὁ
3500 2158 3611 2210 τῶν
3638 2157 3803 2211 ἀθέων

544 2282 709 2321 orum
741 2268 851 2321 vita
880 2274 999 2330 est,
1032 2280 1153 2334 qua:
1182 2272 1393 2320 eertum
1424 2263 1489 2319 ad
1534 2271 1751 2333 tempus
1796 2264 1851 2318 in
1890 2262 2128 2319 sublime

550 2366 743 2413 evecta
765 2397 779 2422 ,
810 2356 1010 2411 deinde
1044 2357 1219 2411 instar
1249 2364 1385 2409 rota:
1412 2356 1468 2408 in
1493 2354 1840 2409 contrarium
1873 2354 2123 2409 vertitur.

549 2449 792 2505 Primum
831 2449 1037 2519 itaque,
1068 2447 1214 2501 Pone
1242 2448 1363 2501 illos
1391 2457 1453 2501 ut
1478 2456 1689 2512 rotam,
1722 2448 1897 2516 inquit
1929 2464 1945 2514 ;
1977 2446 2131 2501 dein-

550 2541 652 2603 de,
692 2536 899 2609 (Vens.
934 2538 1039 2609 l5)
1085 2539 1225 2592 sicut
1276 2537 1533 2605 stipulam
1562 2546 1683 2592 ante
1724 2537 1913 2606 faciem
1956 2537 2127 2602 venti,

544 2637 607 2687 et
625 2669 642 2696 ,
685 2630 821 2684 sicut
850 2630 985 2700 ignis
1015 2630 1103 2699 qui
1125 2632 1398 2685 comburat
1440 2628 1687 2699 sylvam;
1716 2629 1820 2685 sub
1848 2628 1994 2691 haec,
2026 2629 2133 2682 sic-

546 2728 611 2775 ut
664 2720 888 2791 ﬂamma
945 2737 1062 2791 qua:
1102 2719 1370 2775 comburet
1421 2730 1641 2776 montes.
1695 2722 1852 2792 Ipsos
1890 2734 2128 2789 namque

546 2811 845 2868 adversum
921 2812 1135 2882 seipsos
1204 2812 1615 2868 insurrecturos
1648 2852 1663 2877 ,
1722 2827 1788 2867 ac
1840 2811 1946 2867 sibi
1998 2810 2135 2882 ipsis

549 2903 919 2959 admissorum
972 2903 1240 2958 scelerum
1297 2904 1626 2974 supplicium
1689 2902 1940 2958 illaturos
1993 2904 2133 2958 vati-

544 2996 765 3049 cinatur
817 2993 906 3049 bis
963 2994 1189 3049 verbis:
1226 2992 1372 3048 Pone
1420 2992 1569 3047 illos.
1624 2990 1764 3046 Huic
1816 3000 1997 3046 autem
2047 2990 2131 3045 di-

542 3093 662 3149 cto,
693 3086 831 3137 sicut
852 3084 1106 3152 stipulam
1132 3092 1251 3137 ante
1276 3084 1465 3152 faciem
1489 3082 1650 3145 uenti,
1678 3081 1821 3135 istuc
1849 3080 1975 3134 alibi
2001 3092 2132 3148 pro-

550 3177 719 3231 latum
751 3149 981 3245 adiicias
1005 3194 1017 3230 :
1041 3173 1166 3229 Non
1196 3149 1465 3242 sic—impii,
1496 3190 1596 3227 non
1619 3174 1724 3236 sic;
1756 3172 1845 3227 sed
1876 3180 2128 3242 tanquam
2154 3149 2197 3207 (ἶ

545 3266 723 3335 pulvis
768 3282 920 3337 quem
965 3265 1182 3333 projicit
1234 3275 1411 3319 ventus
1445 3281 1479 3317 a
1520 3263 1655 3332 facie
1704 3273 1857 3316 terra:
1881 3262 1925 3295 “
1955 3261 2129 3316 :lllud

547 3362 757 3418 autem,
808 3355 947 3408 sicut
984 3354 1122 3423 ignis
1174 3354 1263 3423 qui
1311 3353 1578 3406 comburet
1626 3352 1853 3423 sylvam,
1889 3352 2131 3410 declarat

554 3441 706 3513 ipsos
732 3444 934 3514 ignem,
967 3443 1297 3513 eosdemque
1324 3444 1534 3515 sylvam
1577 3458 1733 3509 esse;
1761 3443 1835 3498 ita
1864 3450 1923 3498 ut
1956 3444 2060 3515 ipsi
2098 3459 2130 3499 a

552 3533 756 3604 scipsis
779 3534 1138 3589 comburendi
1181 3534 1309 3598 sint,
1344 3532 1649 3591 secundum
1702 3533 1860 3599 illud,
1892 3534 2131 3590 Incedite

551 3624 625 3679 ad
648 3625 814 3680 lucem
830 3626 965 3697 ignis
982 3626 1160 3691 uestri,
1175 3634 1228 3680 et
1261 3626 1335 3680 ad
1350 3626 1627 3695 ﬂammam
1650 3643 1810 3697 quam
1831 3628 2131 3681 succendis-

551 3717 624 3771 tis
653 3718 717 3773 "'.
750 3714 887 3772 Illud
918 3733 1067 3784 vero,
1101 3717 1291 3789 (Vens.
1328 3717 1418 3790 16)
1455 3719 1590 3774 sicut
1614 3720 1836 3790 ﬂamma
1851 3736 1968 3790 qua:
1986 3735 2132 3774 com-

550 3814 704 3869 buret
734 3823 958 3880 montes,
994 3804 1252 3885 nequitias
1273 3833 1464 3873 eorum
1496 3819 1924 3891 magnitudinem
1954 3818 2128 3885 effert,

551 3920 619 3961 ac
642 3905 929 3963 denuntiat
959 3906 1236 3978 quomodo
1266 3906 1486 3962 ﬂamma
1532 3908 1803 3980 ipsorum,
1835 3910 2128 3965 elationem

552 4005 609 4053 et
662 3999 976 4070 superbiam
1035 4014 1251 4063 eorum,
1313 4000 1585 4055 montium
1635 4001 1811 4056 instar
1867 4009 2127 4066 erectam,

547 4091 913 4147 combustum
943 4092 1036 4146 sit.
1067 4089 1440 4162 Subsequitur
1473 4092 1672 4148 deinde
1699 4112 1711 4148 :
1749 4124 1821 4137 —
1845 4094 2008 4149 Vens.
2037 4092 2126 4147 l7.

551 4180 646 4235 Ita
674 4183 998 4251 persequeris
1029 4180 1152 4236 illos
1171 4197 1189 4234 :
1221 4183 1349 4236 alibi
1373 4197 1592 4253 quoque
1613 4183 1819 4238 dictum
1846 4193 1953 4249 est,
1984 4182 2130 4255 Ignis

546 4283 606 4327 et
636 4272 856 4343 sulphur
882 4282 935 4328 et
976 4274 1196 4343 spiritus
1228 4273 1584 4344 procellarum
1636 4290 1762 4343 pars
1818 4276 2004 4329 calicis
2052 4292 2135 4329 eo-

553 4380 678 4418 rum
714 4364 777 4419 ‘°.
830 4362 927 4420 His
961 4379 1127 4435 porro
1177 4365 1511 4430 declaratur,
1543 4365 1833 4437 procellam
1885 4365 2132 4437 iramque

558 4452 656 4509 Dei
685 4468 795 4509 non
828 4453 995 4508 animi
1032 4461 1242 4508 motum
1272 4453 1330 4509 in
1353 4453 1465 4509 Deo
1495 4469 1654 4522 esse;
1685 4455 1779 4510 sed
1803 4454 1923 4525 ejus
1948 4458 2097 4525 provi
2115 4485 2129 4499 ν

557 4546 821 4611 dentiam,
846 4560 955 4618 qua
975 4553 1153 4612 curat,
1179 4560 1277 4602 eos
1310 4555 1501 4600 contra
1534 4546 1747 4619 seipsos
1783 4547 2129 4617 insurgentes

557 4637 666 4694 sibi
686 4635 997 4692 facinorum
1029 4651 1221 4707 poenas
1249 4635 1519 4709 inﬂigere.
1554 4637 1679 4692 Haec
1705 4639 1891 4693 omnia
1925 4639 2132 4694 accide-

558 4735 915 4798 reprecatur,
949 4729 1065 4783 sive
1090 4728 1279 4798 potius
1310 4728 1641 4799 praenuntiat
1672 4729 1935 4785 adversus
1956 4729 2133 4784 inimi-

554 4837 656 4876 eos
683 4819 778 4877 Dei
818 4828 1118 4888 eventura;
1165 4828 1226 4875 ut
1272 4822 1358 4877 vel
1412 4823 1539 4877 hinc
1593 4823 1787 4877 saltem
1836 4820 2132 4893 aliquando

559 4914 833 4982 iuventur.
864 4911 1147 4983 Siquidem
1170 4928 1383 4968 summa
1406 4922 1491 4969 est
1514 4914 1921 4978 utilitas,nosse
1935 4910 2129 4976 Deum,

558 5011 616 5058 et
638 5001 705 5056 ad
737 5002 1149 5072 inquisitionem
1168 5003 1411 5059 nominis
1434 5003 1556 5072 ejus
1585 5002 1794 5069 venire,
1819 5002 1964 5072 quod
1996 5001 2132 5071 ipsis

561 5108 914 5148 accessurum
960 5108 1083 5149 esse
1129 5101 1255 5163 post
1283 5094 1544 5164 praedicta
1572 5093 1734 5150 docet
1785 5094 1874 5149 bis
1904 5094 2129 5149 verbis:

561 5183 802 5240 —-V£ns.
835 5185 923 5251 l8,
958 5185 1046 5241 i9.
1088 5185 1160 5239 Et
1183 5196 1418 5257 quwrent
1458 5204 1644 5241 nomen
1675 5196 1821 5241 tuum
1842 5227 1857 5251 ,
1886 5186 2131 5242 Domine.

564 5270 891 5325 Erubescant
941 5280 991 5325 et
1030 5272 1405 5327 conturbentur
1430 5273 1489 5326 in
1541 5272 1793 5327 siccatum
1841 5274 2045 5340 seaculi,
2082 5280 2134 5326 et

563 5362 957 5431 confundantur
985 5371 1035 5417 et
1074 5375 1308 5433 pereant.
1346 5364 1415 5419 Et
1444 5375 1761 5435 cognoscant
1792 5365 1917 5435 quia
1940 5380 2129 5418 nomen

561 5451 658 5504 tibi
686 5451 944 5506 Dominus
974 5469 993 5507 :
1028 5462 1085 5507 tu
1127 5454 1273 5509 solus
1326 5455 1636 5508 Altissimus
1686 5455 1743 5507 in
1772 5454 1915 5507 omni
1966 5462 2127 5508 terra.

562 5540 911 5599 lnimicorum
937 5541 1031 5597 Dei
1065 5554 1296 5600 mortem
1318 5544 1530 5600 duobus
1557 5544 1794 5598 futuram
1826 5543 2005 5599 modis
2034 5558 2130 5599 va-

562 5634 854 5689 ticinatur:
884 5636 992 5692 alio
1016 5635 1237 5708 quidem
1272 5650 1382 5707 quo
1408 5635 1519 5691 illis
1556 5650 1708 5706 spem
1738 5635 1937 5690 bonam
1962 5636 2133 5691 ascri-

637 5790 685 5824 “
720 5787 867 5847 Psal.
909 5807 957 5854 I.
991 5790 1043 5845 4.
1125 5792 1164 5824 ¹τ
1209 5790 1312 5850 lsa.
1346 5807 1473 5853 ut.
1513 5792 1598 5848 tl.
1678 5792 1720 5826 ³⁸
1762 5789 1905 5848 Psal.
1945 5807 2013 5853 ι.
2046 5791 2098 5847 7.

2224 2258 2361 2330 βίος,
2389 2255 2567 2328 καιρῷ
2599 2256 2698 2327 μὲν
2721 2257 2800 2318 εἰς
2834 2255 2967 2325 ὕψος
2995 2256 3376 2327 ἐπαιρόμενος,
3407 2251 3529 2308 εἶτα
3571 2256 3802 2327 στροφὴν

2225 2349 2547 2418 ποιούμενος
2574 2347 2672 2418 τὴν
2701 2348 2794 2401 ἐπὶ
2828 2347 3159 2412 τούναντίον,
3182 2346 3360 2418 τροχῷ
3390 2346 3800 2418 παραπλησίως.

2225 2439 2453 2513 Πρῶτον
2473 2440 2676 2503 τοίνυν,
2699 2436 2825 2493 θοῦ
2849 2438 3073 2504 αὐτοὺς
3087 2439 3166 2504 ὠς
3188 2437 3424 2506 τροχὸν,
3448 2438 3616 2506 φησίν
3637 2453 3652 2465 ·
3674 2432 3801 2493 εἶτα,

2223 2532 2304 2598 ὡς
2338 2529 2620 2601 καλάμην
2657 2530 2808 2584 κατὰ
2844 2528 3169 2597 πρόσωπον
3192 2528 3451 2596 ἀνέμου’
3485 2526 3582 2579 καὶ
3606 2564 3624 2590 ,
3672 2527 3800 2579 ὡσεί

2227 2622 2369 2693 πῦρ,
2414 2623 2446 2677 ὃ
2468 2621 2774 2692 διαφλέξει
2794 2621 3057 2691 δρυμόν·
3118 2620 3214 2673 καὶ
3268 2610 3363 2673 ἐπὶ
3406 2618 3644 2683 τούτοις,
3673 2620 3801 2671 ὡσεί

2227 2716 2411 2788 φλὸξ,
2443 2715 2484 2785 ἡ
2526 2717 2893 2771 κατακαύσει
2910 2714 3038 2784 ὄρη.
3074 2714 3281 2777 Αὐτοὺς
3318 2712 3427 2783 γὰρ
3474 2714 3600 2766 κατ’
3639 2711 3800 2765 αὐτῶν

2228 2811 2616 2877 ὲπαναστῆναι,
2647 2809 2743 2863 καὶ
2768 2808 2833 2860 δι’
2862 2806 3074 2860 ἑαυτῶν
3099 2806 3199 2869 τὰς
3232 2804 3505 2876 τιμωρίας
3533 2800 3611 2857 ὧν
3644 2804 3787 2856 τετολ

2235 2903 2472 2975 μήκασιν
2499 2902 2756 2971 ὑποσχεῖν
2781 2899 2868 2952 διὰ
2914 2898 3120 2953 τούτων
3162 2894 3407 2960 θεσπίζει
3454 2895 3636 2949 εἰπών
3661 2912 3675 2925 ·
3699 2895 3799 2949 Gai

2227 2993 2473 3059 αὐτούς.
2489 2990 2837 3062 Παραθήσεις
2858 2989 2915 3043 δὲ
2939 2988 3037 3059 τῷ,
3058 2988 3140 3055 ὡς
3166 2985 3444 3057 καλάμην
3458 2987 3617 3041 κατὰ
3641 2988 3789 3055 xpeto

2233 3100 2397 3139 ωπον
2437 3082 2682 3152 ἀνέμου,
2715 3084 2776 3137 τὸ
2820 3083 2877 3135 ὲν
2906 3081 3119 3151 ἑτέροις
3166 3078 3511 3149 λελεγμένον·
3549 3081 3676 3148 Οὐχ
3714 3080 3800 3131 οὔ·

2228 3195 2341 3244 τως
2395 3179 2450 3231 οἱ
2496 3174 2753 3241 ἀσεϐεῖς,
2797 3176 2910 3243 οὐχ
2964 3173 3171 3238 οὕτως’
3212 3171 3347 3225 ἀλλ’
3387 3171 3469 3237 ὡς
3510 3170 3721 3239 χνοῦς,
3746 3170 3799 3222 ἓν

2228 3272 2489 3340 ἐκρίπτει
2511 3273 2545 3325 δ
2576 3270 2796 3339 ἄνεμος
2827 3268 2945 3323 ἀπὸ
2980 3266 3306 3335 προσώπου
3340 3265 3452 3333 τῆς
3475 3264 3613 3335 γῆς.
3647 3266 3719 3317 Τὸ
3738 3267 3804 3329 δὲ,

2228 3364 2369 3417 ὡσεὶ
2393 3362 2539 3430 πῦρ,
2567 3361 2599 3415 ὃ
2624 3359 2931 3430 διαρλέξει
2959 3358 3206 3428 δρυμὸν,
3247 3359 3579 3432 παρίστησιν
3626 3359 3805 3419 αὑτοῦ,

2230 3449 2369 3507 εἶναι
2390 3454 2450 3506 τὸ
2471 3452 2603 3523 πῦρ,
2635 3450 2732 3504 καὶ
2759 3449 2955 3514 αὐτοὺς
2982 3444 3121 3502 εῖναι
3154 3448 3244 3503 τὸν
3275 3448 3481 3518 δρυμόν
3499 3465 3515 3477 ·
3551 3448 3696 3500 ὥστε
3724 3449 3796 3501 αὖ

2228 3549 2355 3611 τοὺς
2385 3547 2473 3615 ὑφ’
2513 3543 2729 3599 ἑαυτῶν
2762 3541 3163 3615 φλεχθήσεσθαι
3208 3541 3348 3594 κατὰ
3385 3541 3447 3593 τὸ
3491 3542 3707 3609 φάσκον
3730 3541 3783 3592 λό

2228 3658 2346 3710 γιον
2364 3656 2379 3669 ο
2408 3638 2740 3705 Πορεύεσθε
2760 3634 2842 3701 τῷ
2873 3634 3021 3705 φωτὶ
3043 3632 3151 3688 τοῦ
3168 3634 3359 3701 πυρὸς
3390 3631 3581 3703 ὑμῶν,
3613 3634 3711 3686 καὶ
3744 3630 3805 3698 τῇ

2229 3726 2405 3797 φλογὶ
2419 3721 2459 3799 ᾖ
2473 3727 2855 3791 ἐξεκαύσατε.
2881 3726 2954 3778 Τὸ
2972 3724 3048 3790 δὲ,
3065 3724 3205 3777 ὡσεὶ
3218 3723 3374 3792 φλὸξ
3392 3723 3429 3791 ἢ
3448 3726 3805 3778 κατακαύσει

2231 3820 2361 3887 ὄρη,
2389 3818 2627 3872 δείκνυσι
2657 3820 2757 3889 τῆς
2780 3815 2960 3871 αὐτῶν
3006 3815 3203 3877 κακίας
3233 3813 3294 3867 τὸ
3329 3812 3580 3883 μέγεθος,
3619 3814 3718 3867 καὶ
3742 3813 3806 3873 ὡ,

2230 3915 2264 3985 ἡ
2297 3913 2473 3966 αὐτῶν
2503 3911 2633 3982 φλὸξ
2654 3911 2725 3965 τὰ
2753 3911 3050 3981 ἐπάρματα
3078 3907 3259 3962 αὐτῶν
3293 3906 3386 3960 καὶ
3412 3906 3481 3959 τὰ
3517 3907 3808 3978 ὑψώματα,

2229 4005 2418 4077 ὥσπερ
2443 4006 2565 4060 τινὰ
2608 4005 2732 4076 ὅρη,
2771 4002 3135 4057 κατακαύσει.
3177 4000 3444 4069 Ἐπιλέγει
3477 4000 3537 4053 δὲ
3572 4001 3807 4062 τούτοις·

2234 4093 2397 4145 Οῢτω
2433 4090 2812 4157 καταδιώξεις
2845 4091 3084 4156 αὐτούς.
3132 4090 3243 4143 Καὶ
3286 4092 3345 4142 ὲν
3368 4089 3579 4161 ἑτέροις
3623 4090 3685 4143 δὲ
3729 4089 3809 4141 λὲο

2229 4183 2416 4237 λεκται
2436 4199 2453 4213 θ
2482 4183 2608 4251 Πῦρ
2641 4182 2740 4238 καὶ
2778 4181 2938 4236 θεῖον
2970 4181 3067 4234 και
3104 4181 3340 4251 πνεῦμα
3381 4181 3749 4249 ararat-ridae,
3774 4182 3809 4247 ἠ

2224 4276 2394 4345 μερὶς
2422 4275 2529 4329 τοῦ
2555 4274 2842 4343 ποτηρίου
2882 4270 3100 4327 αὐτῶν.
3141 4271 3374 4338 Ἐδίδαξε
3404 4271 3462 4324 δὲ
3489 4271 3580 4324 διὰ
3610 4273 3809 4325 τούτων

2228 4369 2256 4420 ὀ
2284 4367 2460 4434 λόγος,
2488 4367 2569 4419 ὅτι
2603 4368 2637 4437 ἡ
2673 4366 2927 4434 καταιγὶς
2947 4366 3041 4419 καὶ
3070 4364 3256 4437 ἡόργὴ
3277 4363 3369 4418 τοῦ
3399 4362 3538 4416 θεοῦ
3573 4365 3637 4416 οὐ
3671 4364 3806 4433 πάθη

2158 4490 2202 4545 D
2229 4461 2483 4531 τυγχάνει
2520 4458 2615 4512 τοῦ
2649 4459 2805 4521 Θεοῦ,
2847 4459 2963 4512 ἀλλ’
2996 4459 3029 4529 ή
3059 4458 3236 4512 τοιάδε
3273 4474 3357 4520 τις
3390 4456 3715 4527 ἐπίσκηψις,
3745 4456 3807 4507 δι’

2228 4546 2296 4621 ἧς
2328 4551 2524 4614 αὐτοὺς
2562 4549 2682 4604 καθ’
2726 4549 2936 4603 ἑαυτῶν
2964 4550 3375 4611 ἐπαναστάντας
3405 4546 3466 4613 ὲξ
3487 4549 3702 4601 ἑαυτῶν
3722 4548 3802 4599 1.1-

2229 4641 2345 4694 δεῖν
2374 4634 2449 4694 ὧν
2474 4641 2703 4711 ἔδρασαν
2751 4640 2847 4712 τὴν
2893 4640 3166 4712 τιμωρίαν
3199 4638 3497 4693 ωνέὸαινε.
3542 4640 3725 4692 Ταῦτα
3751 4636 3799 4690 δὲ

2231 4729 2407 4784 πάντα
2464 4728 2712 4791 ἱκετεύει,
2750 4728 2784 4798 ἢ
2836 4730 2932 4782 καὶ
2991 4729 3189 4800 μᾶλλον
3241 4727 3489 4792 θεσπίζει
3522 4728 3667 4780 κατὰ
3704 4729 3797 4779 τῶν

2232 4817 2444 4888 ἐχθρῶν
2475 4816 2567 4871 τοῦ
2596 4817 2731 4871 Θεοῦ
2765 4817 3025 4871 ἔσεσθαι*
3061 4820 3151 4873 ἴνα
3182 4818 3286 4872 κᾶν
3318 4818 3461 4871 οὕτω
3494 4821 3628 4872 ποτὲ
3666 4819 3795 4886 diee-

2231 4910 2460 4981 ληθείεν.
2490 4910 2553 4961 Εἰ
2581 4908 2646 4980 δὴ
2671 4908 2909 4978 ὠφέλεια
2952 4910 3182 4982 μεγίστη
3219 4910 3477 4981 τυγχάνει
3522 4911 3585 4963 τὸ
3610 4912 3794 4977 γνῶναι

2230 4998 2322 5051 τὸν
2354 4998 2505 5064 Θεὸν,
2530 4998 2623 5051 καὶ
2652 5000 2745 5052 ἐπὶ
2764 5000 2992 5071 ζήτησιν
3013 5001 3107 5054 τοῦ
3130 5001 3391 5072 ὀνόματος
3424 5001 3591 5055 αὑτοῦ
3619 5002 3794 5065 ἐλθεῖν.

2231 5090 2368 5161 ὅπερ
2397 5088 2613 5142 ἔσεσθαι
2666 5090 2794 5162 περὶ
2824 5090 3004 5145 αὐτῶν
3033 5092 3171 5162 μετὰ
3216 5093 3286 5146 τὰ
3331 5094 3697 5164 προλεχθέντα
3730 5094 3792 5147 δι-

2231 5180 2645 5250 δάσκειλέγωνο
2683 5184 2791 5239 Kal
2837 5183 3165 5252 ζητήσουσι
3205 5186 3273 5240 τὸ
3305 5184 3495 5255 ὄνομά
3539 5203 3675 5251 σου,
3704 5184 3794 5238 Κύ-

2226 5289 2339 5340 ριε.
2387 5272 2897 5343 Αἱσχυνθήτωσαν
2940 5274 3041 5328 καὶ
3077 5276 3550 5345 ταραχθήτωσαν
3588 5280 3675 5342 εις
3706 5274 3793 5326 τὸν

2236 5364 2419 5418 αἰῶνα
2473 5363 2583 5419 τοῦ
2629 5365 2862 5432 αἰῶνος,
2914 5368 3013 5421 καὶ
3039 5368 3505 5437 ὲντραπήτωσαν
3541 5370 3637 5423 καὶ
3672 5369 3786 5422 ἀπο

2236 5458 2574 5513 λέσθωσαν.
2605 5460 2715 5513 Καὶ
2742 5459 3085 5528 γνώτωσαν,
3116 5460 3205 5514 ὅτι
3224 5460 3409 5529 ὄνομά
3438 5476 3539 5515 σοι
3567 5462 3791 5528 Κύριος·

2238 5549 2319 5601 σὺ
2338 5549 2526 5617 μόνος
2551 5548 2811 5617 ὕψιστος
2850 5551 2950 5604 ἐπὶ
2980 5550 3188 5606 πᾶσαν
3228 5552 3341 5622 τὴν
3374 5551 3513 5621 γῆν.
3559 5552 3672 5622 Τῆς
3697 5550 3790 5602 τῶν

2240 5637 2449 5709 ἐχθρῶν
2506 5638 2599 5693 τοῦ
2644 5637 2781 5694 Θεοῦ
2827 5639 3083 5711 τελευτῆς
3136 5640 3229 5695 δύο
3292 5642 3527 5712 τρόπους
3588 5634 3787 5693 ἔσεσθαι
