4004 6564
232 437 365 493 1001

1369 424 1874 493 COMMENTARIA
1913 427 1981 483 IN
2022 424 2361 483 PSALMOS.

3344 415 3485 477 {0M

230 540 511 615 θεσπίζειδ
569 550 666 607 ἕνα
703 548 802 623 μὲν
838 547 960 603 καθ’
983 548 1041 601 ὃν
1082 547 1324 621 χρηστὰς
1379 550 1565 611 αὐτοῖς
1595 546 1808 606 ἐλπίδας

1918 538 2034 605 bit;
2066 537 2334 609 siquidem
2386 538 2524 591 bona
2561 552 2648 592 res
2671 543 2754 591 est
2787 542 2909 590 enm
2946 532 3040 587 Dei
3070 529 3329 603 cognitio,
3372 542 3490 583 tum

228 643 556 715 ἐπιγράφει·
595 644 642 696 εἰ
694 643 757 715 δὴ
804 644 1005 713 ἀγαθὸν
1037 643 1296 715 ἡγνῶσις
1329 641 1422 694 τοῦ
1452 640 1607 702 Θεοῦ,
1656 638 1751 693 καὶ
1779 641 1813 710 ἡ

227 733 323 787 τοῦ
348 734 611 805 ὀνόματος
642 734 809 788 αὐτοῦ
846 734 1170 807 κατάληψις,
1212 736 1306 788 καὶ
1351 734 1412 786 τὸ
1460 731 1813 800 παιδευθῆναι

198 880 203 885 ,
229 825 357 888 τοὺς
392 824 659 897 πρότερον
682 825 756 897 μὴ
781 826 987 889 εἰδότας
1009 825 1100 878 τὸν
1130 816 1282 888 Θεὸν,
1315 822 1390 886 ὼς
1416 824 1523 894 ἄρα
1548 820 1707 884 αὐτὸς
1726 820 1814 890 εἴη

231 918 394 988 μόνος
438 916 659 986 ὕψιστος
693 919 786 970 ἐπὶ
836 920 1012 972 πᾶσαν
1037 917 1137 990 τὴν
1157 918 1294 988 γῆνο
1337 916 1463 979 τοὺς
1506 916 1614 986 γὰρ
1644 912 1815 967 ταῦτα

228 1007 657 1079 ὁμολογοῦντας,
693 1007 863 1080 λήθην
899 1008 996 1079 μὲν
1036 1007 1366 1078 πεποιῆσθαι
1397 1007 1495 1076 τῆς
1542 1005 1815 1077 προτέρας

229 1102 442 1156 ἑαυτῶν
492 1102 754 1156 πολυθέου
803 1102 1031 1173 πλάνης,
1090 1102 1237 1165 εἰκὸς
1293 1099 1591 1154 ἀποθέσθαι
1624 1117 1683 1152 τε
1716 1097 1815 1169 τὴν

234 1196 471 1267 ματαίαν
504 1197 598 1249 καὶ
645 1195 931 1267 άπατηλὴν
969 1196 1100 1267 περὶ
1150 1194 1288 1248 θεῶν
1318 1192 1696 1262 ψευδολογίαν
1723 1186 1816 1245 τὸν

230 1286 287 1340 δὲ
321 1287 505 1359 ἕτερον
530 1286 752 1359 τρόπον,
782 1289 903 1342 καθ’
936 1288 996 1343 ὃν
1037 1287 1299 1358 αἰσχύνην
1331 1287 1424 1340 καὶ
1446 1285 1693 1359 ταραχὴν
1722 1283 1815 1339 καὶ

230 1378 521 1449 ἐντροπὴν,
576 1380 670 1433 καὶ
717 1380 811 1434 ἐπὶ
852 1382 983 1434 πᾶσι
1014 1378 1222 1443 τούτοις
1260 1377 1536 1433 ἀπώλειαν
1580 1395 1817 1450 προαγο-

233 1466 383 1537 ρεύει
415 1469 527 1529 τοῖς
554 1467 757 1521 τούτων
797 1468 987 1533 ἀξίοις.
1016 1471 1141 1532 Τοῖς
1181 1470 1277 1540 μὲν
1301 1468 1409 1540 γὰρ
1444 1469 1509 1522 ἐκ
1544 1468 1641 1539 τῆς
1667 1466 1817 1531 θείας

231 1559 565 1630 ἐπιστροφῆς
590 1560 1013 1631 μεταὸάλλουσιν
1043 1562 1137 1614 ἐπὶ
1183 1554 1243 1614 τὸ
1272 1562 1515 1630 κρεῖττον
1536 1560 1636 1632 τὴν
1665 1560 1816 1613 θείαν

231 1649 432 1717 γνῶσιν
467 1650 804 1721 παρέσεσθαι
830 1652 1102 1706 διδάσκειο
1138 1655 1251 1716 τοῖς
1281 1653 1337 1706 δὲ
1373 1655 1440 1724 τῇ
1479 1652 1689 1705 ἑαυτῶν
1723 1653 1817 1719 ἐγ-

232 1742 591 1813 καταγηρῶσι
645 1744 814 1817 κακίᾳ
859 1741 950 1798 τὸν
1007 1744 1226 1815 ὄλεθρον
1269 1745 1361 1798 καλ¹
1402 1746 1501 1817 τὴν
1540 1744 1816 1799 ἀπώλειαν

230 1834 467 1888 ἀπειλεῖ.
500 1830 591 1890 Διὸ
619 1839 747 1909 περὶ
792 1837 891 1909 μὲν
940 1838 1049 1891 τῶν
1096 1838 1353 1910 χειρόνων
1392 1838 1675 1892 λέλεκταιο
1725 1836 1818 1893 Al-

1917 632 2153 686 nominis
2183 630 2304 701 ejus
2346 626 3124 700 comprehensio;'itidemque
3169 623 3374 677 bonum
3406 630 3492 676 est

1916 739 2033 786 eos,
2056 723 2150 794 qui
2176 724 2328 792 prius
2352 719 2522 775 Deum
2555 734 2662 774 non
2689 722 2908 783 norant,
2932 713 3151 770 edoceri
3188 713 3367 783 ipsum
3402 726 3494 765 εο-

1916 818 2030 871 lum
2067 830 2190 871 esse
2232 814 2557 870 altissimum
2612 826 2778 882 super
2830 824 3045 865 omnem
3095 815 3335 872 terram;
3397 818 3493 858 eos

1916 907 2138 978 quippe,
2178 904 2274 975 qui
2331 903 2460 958 talia
2518 902 2863 972 profitentur,
2896 896 3196 954 verisimile
3249 901 3335 950 est
3378 894 3493 964 jam

1916 997 2301 1067 multiplicium
2335 995 2561 1050 deorum
2602 1008 2845 1049 errorem
2876 990 3136 1045 oblivioni
3177 988 3493 1049 mandasse,

1918 1106 1981 1146 ac
2009 1105 2205 1144 vanam
2230 1088 2590 1156 fallacemque
2617 1084 2886 1141 falsorum
2915 1082 3144 1137 deorum
3184 1078 3495 1134 doctrinam

1918 1183 2187 1253 abiecisse
2215 1200 2228 1236 :
2260 1181 2370 1236 alio
2408 1180 2538 1235 item
2589 1178 2775 1242 modo,
2810 1175 3203 1246 turpitudinem
3223 1212 3238 1236 ,
3270 1179 3495 1242 pertur-

1915 1274 2216 1335 bationem,
2253 1281 2307 1328 et
2350 1271 2753 1335 confusionem,
2798 1284 2862 1323 ac
2910 1275 3105 1339 praeter
3139 1267 3257 1321 bare
3310 1263 3497 1319 omnia

1917 1364 2213 1433 perniciem
2235 1361 2483 1432 praedicit
2505 1361 2573 1416 iis
2594 1359 2687 1430 qui
2710 1374 2900 1415 eorum
2932 1357 3079 1427 digni
3108 1362 3257 1411 sunt.
3280 1352 3495 1408 Etenim

1918 1457 1988 1511 iis
2021 1456 2113 1526 qui
2146 1472 2213 1511 ex
2261 1455 2523 1509 divinitus
2556 1452 2803 1507 immissa
2854 1449 3218 1506 conversione
3263 1461 3386 1502 sese
3426 1443 3496 1497 ad

1919 1549 2202 1604 meliorem
2244 1546 2456 1618 frugem
2500 1545 2843 1616 receperint,
2879 1544 3120 1599 divinam
3176 1539 3365 1595 adfore
3403 1553 3498 1592 co-

1918 1641 2217 1712 gnitionem
2271 1638 2589 1704 denuntiat;
2620 1637 2690 1691 iis
2716 1650 2848 1690 vero
2889 1636 2982 1705 qui
3018 1634 3077 1688 in
3122 1632 3366 1703 nequitia
3396 1646 3497 1686 sua

1918 1730 2329 1793 consenuerint,
2372 1729 2600 1785 exitium
2649 1742 2713 1781 ac
2742 1727 3040 1797 perniciem
3089 1724 3494 1779 interminatur.

1920 1822 2288 1889 Quamobrem
2325 1821 2393 1877 de
2432 1820 2714 1891 pejoribus
2762 1819 2980 1890 quidem
3021 1818 3130 1872 illis
3156 1816 3363 1872 dictum
3390 1826 3495 1877 est,

229 1897 811 1995 cxiii-Owitwoaruai
849 1897 1322 1999 ταραχθῆτωσαν
1359 1931 1447 1995 είς
1483 1930 1589 1983 τὸν
1630 1928 1808 1982 αἰῶνα

1920 1913 2247 1969 Erubescant
2297 1924 2347 1967 et
2402 1914 2779 1967 conturbantur
2828 1913 2881 1966 in
2910 1911 3162 1966 saeculum
3210 1909 3416 1974 saeculi,
3445 1919 3497 1962 ct

229 2018 339 2072 τοῦ
372 2020 609 2087 αἰῶνος,
635 2022 733 2076 καὶ
750 2022 1221 2090 ἐντραπήτωσαν
1237 2021 1813 2077 καὶάπολέσθωσανο

228 2111 370 2181 Περὶ
392 2111 450 2164 δὲ
479 2112 588 2166 τῶν
641 2114 735 2167 ἐπὶ
764 2112 825 2166 τὸ
860 2114 1107 2184 κρεῖττον
1144 2111 1705 2185 μεταϐληθησομένων
1733 2108 1812 2192 τὸ,

226 2202 340 2256 Καὶ
364 2202 707 2272 γνώτωσαν,
725 2203 815 2258 ὅτι
834 2204 901 2257 τὸ
923 2202 1113 2273 ὄνομά
1138 2218 1237 2258 σοι
1255 2205 1491 2271 Κύριος,
1519 2200 1601 2256 σὺ
1626 2204 1815 2272 μόνος

224 2296 491 2365 ὕψιστος
526 2296 625 2349 ἐπὶ
673 2294 880 2350 πᾶσαν
906 2299 1019 2363 τὴν
1042 2293 1178 2365 γῆν.
1210 2294 1439 2347 Δύναται
1470 2290 1526 2346 δὲ
1567 2293 1660 2346 καὶ
1688 2293 1817 2363 napi.

226 2390 337 2443 τῶν
363 2390 544 2442 αὐτῶν
572 2388 641 2443 τὰ
689 2389 867 2443 πάντα
913 2389 1184 2458 λέγεσθαι,
1230 2389 1304 2451 ὡς
1328 2390 1435 2442 τῶν
1481 2387 1691 2459 ἐχθρῶν
1718 2387 1813 2439 τοῦ

225 2482 386 2543 Θεοῦ,
418 2480 540 2536 καθ’
569 2480 628 2534 ὃν
655 2481 933 2534 πείσονται
962 2480 1151 2550 καιρὸν
1175 2480 1242 2532 τὰ
1282 2478 1811 2551 προκαταλεχθέντα,

224 2572 723 2644 ἑντραπησομένων
754 2572 848 2627 καὶ
874 2568 1406 2642 αἰσχυνθησομένων,
1442 2573 1534 2624 καὶ
1567 2569 1814 2642 ἀπωλείᾳ

226 2662 782 2734 παραδοθησομένων,
816 2662 909 2715 καί
938 2663 1061 2716 τότε
1089 2662 1225 2733 αὐτῇ
1258 2662 1423 2733 πείρᾳ
1452 2661 1813 2733 γνωσομένων

225 2756 322 2809 καὶ
374 2754 818 2825 ὁμολογησόντων
867 2754 965 2808 ἕνα
1018 2750 1156 2807 εἶναι
1192 2754 1282 2807 καὶ
1328 2754 1485 2825 μόνον
1543 2755 1677 2808 Θεὸν
1718 2754 1812 2807 τὸν

225 2846 452 2916 ὕψιστον
505 2846 601 2899 καὶ
658 2846 751 2899 ἐπὶ
798 2847 978 2899 πᾶσαν
1030 2846 1129 2917 τὴν
1177 2844 1303 2915 γῆν,
1352 2846 1443 2899 τὸν
1498 2848 1591 2901 καὶ
1626 2846 1814 2917 δικαίᾳ

222 2938 406 3008 κρίσει
436 2937 764 3008 μετελθόντα
790 2938 988 3002 αὐτοὺς
1027 2938 1134 2991 τῶν
1180 2938 1597 3009 τετολμημένων
1630 2939 1814 3001 αὐτοῖς

221 3030 407 3101 χάριν.

1919 2005 2315 2075 confundantur
2348 2012 2398 2060 et
2434 2014 2687 2073 pereant;
2726 2004 2793 2058 de
2841 2005 2908 2059 iis
2943 2019 3075 2058 vero
3126 2003 3219 2075 qui
3268 2001 3337 2055 ad
3383 2016 3497 2056 me-

1919 2097 2112 2153 liorem
2145 2113 2205 2153 se
2228 2098 2395 2152 vitam
2431 2097 2704 2166 recepturi
2738 2102 2888 2160 sunt,
2915 2094 3049 2149 illud
3085 2093 3383 2165 profertur,
3429 2091 3497 2145 Et

1919 2198 2240 2259 cognoscant
2268 2189 2393 2259 quia
2422 2204 2609 2242 nomen
2641 2186 2736 2239 tibi
2760 2186 3038 2249 Dominus,
3071 2196 3127 2238 tu
3167 2185 3311 2239 solus
3344 2184 3498 2237 altis-

1917 2280 2084 2334 simus
2133 2281 2188 2332 in
2221 2280 2364 2333 omni
2393 2288 2556 2333 terra.
2590 2277 2829 2332 Possunt
2855 2276 3017 2331 etiam
3058 2274 3125 2329 de
3155 2275 3346 2330 iisdem
3385 2275 3499 2329 haec

1919 2371 2104 2424 omnia
2127 2369 2268 2435 dici;
2305 2369 2465 2440 quasi
2496 2368 2756 2422 videlicet
2804 2366 3013 2420 inimici
3066 2364 3181 2431 Dei,
3216 2378 3325 2435 quo
3360 2373 3499 2419 tem-

1918 2477 2051 2531 pore
2082 2462 2174 2515 illa
2204 2460 2459 2530 superius
2497 2467 2797 2514 memorata
2839 2457 3138 2528 perferent,
3172 2456 3497 2512 confusione

1917 2563 2083 2625 atque
2114 2554 2315 2611 rubore
2367 2553 2637 2625 replendi,
2673 2568 2737 2607 ac
2781 2552 3042 2623 perniciei
3073 2551 3323 2607 tradendi
3363 2552 3496 2617 sint.

1917 2647 2035 2717 ipsa
2063 2644 2405 2717 experientia
2450 2643 2722 2715 cognituri
2766 2658 2830 2697 ac
2860 2641 3171 2698 confessuri
3204 2656 3374 2696 unum
3406 2657 3500 2697 so-

1918 2736 2142 2806 lumque
2185 2736 2353 2790 Deum
2406 2751 2531 2791 esse
2567 2735 2898 2789 altissimum
2929 2735 2985 2787 in
3023 2734 3170 2787 omni
3207 2741 3373 2799 terra,
3403 2733 3497 2803 qui

1917 2829 2068 2898 ipsos
2094 2828 2245 2898 justo
2273 2828 2484 2898 judicio
2515 2842 2579 2881 ac
2616 2827 2919 2880 facinorum
2960 2839 3187 2879 suorum
3212 2838 3379 2878 causa
3411 2825 3497 2877 in-

1917 2921 2088 2975 vadit.

220 3196 332 3262 ΕΙΣ
357 3207 444 3260 T0
487 3205 969 3299 TEAQIZAnEIIP‘JE‘
995 3195 1422 3299 rgtvan‘r'anN,
1452 3202 1607 3257 Ton:
1633 3205 1808 3257 r1012

1921 3206 1971 3261 ιο
2026 3203 2093 3258 IN
2156 3195 3201 3299 πιῖνῖιεπηιῑξιο.,ιρβξριιιξμξξρες
3271 3200 3498 3259 “Ws

642 3276 847 3341 KOPE,
881 3276 1189 3330 ΨΑΛΜΟΣ.
1238 3274 1359 3329 III".

302 3410 400 3476 Ὧς
420 3408 695 3479 ἀγαπητὰ
714 3407 788 3462 τὰ
813 3406 1174 3476 σκηνώματά
1197 3422 1335 3470 σου,
1358 3407 1535 3475 Κύριε
1568 3405 1686 3459 τῶν
1711 3406 1806 3459 δυ-

215 3501 475 3572 νάμεων.
491 3498 913 3553 Διαλελοιπότων
934 3498 1040 3551 τῶν
1066 3494 1804 3567 ἐπιγεγραμμένων’ψαλρ.ῶν

214 3595 316 3650 τοῦ
357 3594 553 3664 Ἀσάφ,
580 3588 656 3649 ὧν
680 3593 897 3665 πρῶτος
928 3593 1025 3664 μὲν
1051 3593 1079 3644 ὁ
1113 3591 1212 3657 οϐ’,
1243 3591 1549 3653 τελευταῖος
1570 3593 1598 3642 ὁ
1632 3589 1677 3660 β’
1711 3590 1806 3643 καὶ

216 3691 298 3748 π’,
330 3685 523 3738 ἕπεται
544 3685 572 3736 ὁ
600 3683 790 3756 παρὼν
827 3683 938 3752 πγ’,
972 3683 1091 3746 τοῖς
1121 3681 1273 3747 υἱοῖς
1291 3680 1443 3749 Κορὲ
1460 3684 1807 3752 ἐπιγεγραμ-

218 3777 403 3848 μένος,
464 3776 593 3847 περὶ
647 3770 723 3830 ὧν
772 3777 831 3829 ἐν
894 3778 1005 3838 τοῖς
1068 3773 1684 3844 προτεχνολογουμένοις
1736 3773 1806 3826 τὰ

213 3868 446 3934 δόξαντα
496 3866 872 3938 διειλήφαμεν.
935 3865 1301 3938 Ἐπιτηρῆσαι
1363 3864 1421 3917 δὲ
1473 3866 1801 3933 ἀναγκαῖον,

213 3960 296 4023 ὡς
314 3962 361 4014 oi
394 3961 593 4024 πάντες
616 3960 710 4014 τοῦ
741 3960 914 4029 Ἀσάφ
937 3958 1144 4012 δώδεκα
1164 3960 1491 4029 τυγχάνουσι
1524 3959 1614 4012 τὸν
1645 3958 1806 4029 ἀριθ-

217 4052 322 4123 μὸν
353 4051 556 4124 ψαλμοί
588 4069 601 4082 ·
640 4051 915 4124 ίσάριθμοι
961 4051 1017 4104 δὲ
1060 4049 1271 4113 τούτοις
1305 4051 1412 4104 εἰσὶ
1452 4052 1547 4104 καὶ
1593 4052 1643 4103 οἱ
1682 4054 1805 4104 ἐπι-

212 4144 595 4215 γεγραμμένοι
623 4143 741 4197 τῶν
782 4142 929 4196 υἱῶν
968 4142 1138 4209 Κορέ.
1180 4141 1338 4195 Ἀλλά
1363 4142 1470 4195 τῶν
1500 4143 1631 4195 υίῶν
1657 4142 1803 4213 Κορὲ

211 4236 364 4291 ὀκτὼ
388 4238 484 4307 μὲν
513 4232 651 4308 ἦσαν
685 4235 812 4306 ἑξῆς
843 4234 1176 4305 συνημμένοι
1208 4236 1257 4287 oi
1295 4232 1402 4287 ἀπὸ
1426 4234 1519 4287 τοῦ
1555 4242 1641 4304 μα’
1665 4233 1802 4304 ψαλ-

216 4328 325 4400 μοῦ
349 4346 362 4358 ο
391 4331 439 4380 οἱ
465 4328 521 4381 δὲ
560 4328 837 4390 λείποντες
877 4322 1140 4397 τέσσαρες
1185 4324 1418 4380 ἐνταῦθα
1463 4326 1799 4398 πρόκεινται,

213 4421 512 4492 ἀρχόμενοι
558 4420 654 4490 μὲν
679 4418 785 4472 ἀπὸ
822 4419 916 4471 τοῦ
944 4426 1055 4489 πγ’,
1095 4418 1294 4489 ἐφεξῆς
1335 4417 1391 4471 δὲ
1421 4417 1661 4490 κείμενοι
1695 4418 1802 4470 τῶν

214 4498 719 4583 ἐπιγεγραμμένων
752 4510 845 4564 τοῦ
898 4511 1085 4580 Ἀσάφ.
1129 4508 1401 4574 Ὡσαύτως
1424 4511 1481 4564 δέ
1510 4512 1604 4564 καὶ
1623 4512 1673 4563 οἱ
1706 4510 1799 4563 τοῦ

2254 3272 2436 3328 COliE
2474 3272 2821 3329 PSALMUS.
2845 3271 3126 3328 LXXXIII.

1988 3409 2151 3462 Vnus.
2170 3408 2224 3460 2.
2247 3406 2419 3472 Quam
2436 3406 2629 3459 dilecta
2661 3406 3007 3460 tabernacula
3024 3416 3139 3469 tua,
3163 3405 3382 3460 Domine
3398 3408 3496 3461 vir-

1916 3500 2124 3553 tutum!
2156 3499 2447 3569 Postquam
2484 3498 2731 3554 defecere
2772 3500 2966 3568 psalmi
3010 3502 3193 3573 Asaph
3223 3502 3495 3572 inscripti,

1913 3608 2143 3663 quorum
2165 3594 2556 3663 prirnusjtxxtt,
2573 3601 2877 3660 postremus
2890 3607 3020 3647 vero
3032 3608 3213 3649 Lxxxn
3230 3602 3369 3658 erat,
3382 3594 3495 3664 jam

1914 3686 2163 3755 sequitur
2201 3700 2434 3747 mtxxtn,
2469 3684 2599 3751 ﬁliis
2622 3682 2757 3736 Core
2784 3684 3107 3753 inscriptus,
3132 3686 3412 3757 dequibus
3438 3687 3495 3740 in

1913 3777 2207 3848 disputatis
2224 3776 2476 3845 superius
2494 3777 2820 3829 sententiam
2836 3777 3151 3847 aperuimus
3168 3789 3425 3834 nostram.
3454 3778 3496 3833 E

1913 3885 1972 3923 re
1983 3878 2161 3922 autem
2183 3867 2650 3934 fueritiobservare
2666 3882 2857 3923 omnes
2873 3868 3073 3940 Asaphi
3096 3871 3335 3940 psalmos
3351 3871 3494 3925 duo-

1912 3964 2087 4019 decim
2118 3977 2346 4018 numero
2383 3977 2541 4027 esse;
2594 3960 2930 4033 totidemque
2971 3963 3062 4032 qui
3094 3964 3329 4033 ﬁliorum
3363 3963 3496 4019 Core

1914 4055 2162 4124 inscripti
2202 4062 2352 4109 sunt.
2383 4052 2585 4110 Verum
2642 4054 2876 4109 filiorum
2921 4054 3062 4110 Core
3113 4063 3240 4110 octo
3262 4056 3493 4127 "psalmi

1912 4148 2250 4217 conjunctim
2286 4146 2449 4217 positi
2481 4157 2630 4211 sunt,
2658 4162 2686 4200 a
2721 4162 2811 4201 xu
2832 4146 3084 4203 videlicet
3103 4148 3212 4202 orsi
3244 4166 3256 4201 :
3294 4148 3490 4217 reliqui

1914 4254 2042 4293 vero
2090 4247 2328 4308 quatuor
2382 4237 2471 4292 hic
2512 4244 2643 4293 sunt
2690 4239 2995 4301 constituti,
3052 4238 3379 4309 incipientes
3418 4241 3489 4294 ab

1913 4344 2117 4383 Lxxxtn
2151 4344 2216 4383 ac
2251 4337 2374 4399 post
2406 4344 2522 4391 eos,
2555 4328 2869 4399 quiAsaphi
2901 4331 3152 4401 inscripti
3180 4338 3332 4395 sunt,
3356 4347 3491 4386 con-

1912 4429 2204 4492 sequenter
2252 4421 2437 4491 positi.
2494 4420 2814 4490 Pariter-que
2866 4437 2931 4477 ex
2971 4423 3175 4493 Asapbi
3236 4424 3489 4493 psalmis,

1910 4513 2163 4569 undecim
2210 4523 2612 4584 consequenter
2658 4514 2821 4585 positi
2862 4524 3013 4579 sunt,
3043 4530 3072 4568 a
3118 4530 3265 4568 uxn
3292 4530 3489 4584 nempe

227 4605 408 4673 Ἀσάφ
462 4610 527 4655 ια’
565 4602 665 4673 μέν
700 4603 803 4654 εἱσι
852 4600 1204 4671 συνημμένοι,
1247 4602 1295 4653 oi
1332 4599 1440 4652 ἀπὸ
1481 4600 1558 4653 06'
1588 4602 1681 4655 καὶ
1708 4601 1803 4654 ἐπὶ

1913 4604 1975 4658 ad
2011 4619 2219 4659 Lxxxn.
2276 4604 2568 4657 Duodecim
2614 4620 2746 4659 vero
2802 4612 2927 4658 octo
2979 4605 3192 4673 priores
3249 4604 3487 4659 filiorum

211 4697 308 4750 τὸν
351 4695 459 4748 π6¹.
517 4694 574 4747 Ὀ
599 4693 655 4745 δέ
688 4692 752 4745 t6’
796 4686 920 4763 ἑξῆς
968 4692 1368 4745 κατατέτακται
1410 4694 1524 4754 τοῖς
1566 4691 1803 4762 πρώτοις

214 4782 362 4836 ὀκτὼ
385 4782 494 4835 τῶν
526 4780 657 4834 υἱῶν
700 4781 864 4852 Κορὲ,
906 4779 1093 4851 ὥσπερ
1136 4780 1454 4843 ἀντιδόσεως
1503 4781 1800 4851 γενομένης

213 4876 305 4930 διὰ
334 4875 435 4938 τὰς
472 4875 529 4927 ἐν
569 4877 692 4937 ταῖς
738 4875 867 4944 παρ’
898 4870 1180 4942 ἑκατέροις
1220 4871 1554 4942 προφητείας
1596 4874 1804 4925 ἐπικοι-

213 4968 494 5030 νωνούσας
518 4965 772 5037 ἀλλήλαις
811 4963 1084 5034 θεωρίαις.
1116 4959 1297 5016 Ἷὶσαν
1334 4965 1428 5033 μὲν
1453 4960 1547 5016 οὖν
1577 4965 1626 5017 οἱ
1653 4964 1803 5037 πρῶ-

212 5078 299 5115 τοι
336 5060 443 5113 τῶν
469 5059 603 5112 υἱῶν
637 5058 780 5128 Κορὲ
810 5056 951 5109 ὀκτὼ
982 5055 1076 5108 τὸν
1097 5054 1351 5126 ἀριθμὸν,
1386 5056 1434 5108 οἱ
1462 5056 1663 5120 πάντες
1692 5057 1802 5111 ἀπὸ

213 5152 310 5206 τοῦ
346 5158 435 5221 μα’
464 5150 779 5221 ἀρχόμενοι,
809 5148 901 5201 καὶ
932 5146 1187 5218 λήγοντες
1212 5148 1292 5211 είς
1316 5146 1408 5200 τὸν
1434 5154 1544 5219 μη’.
1583 5150 1799 5223 Περιεῖο

214 5264 309 5317 χον
343 5244 423 5308 δὲ,
467 5242 658 5314 ὥσπερ
701 5243 757 5294 ἐν
784 5240 1063 5312 κεφαλαίῳ
1095 5241 1289 5303 εἰπεῖν,
1325 5238 1416 5293 ἐπὶ
1446 5240 1523 5310 τῷ
1556 5242 1622 5294 ἐκ
1645 5260 1801 5312 περι-

210 5338 389 5407 τομῆς
417 5336 531 5405 λαῷ
582 5332 859 5405 κλαυθμὸν
894 5334 989 5386 καὶ
1014 5332 1210 5405 θρῆνον
1252 5335 1345 5386 καὶ
1382 5332 1636 5405 ὀδυρμὸν,
1668 5338 1802 5407 Χριο

214 5427 343 5481 στοῦ
372 5444 435 5480 τε
487 5425 788 5499 παρουσίαν
840 5427 934 5480 καὶ
1000 5426 1191 5495 κλῆσιν
1251 5425 1437 5479 ἐθνῶν.
1490 5422 1647 5481 vim
1692 5429 1801 5482 τῶν

218 5521 318 5589 μὲν
350 5519 657 5590 εἰρημένων
686 5517 831 5571 ὀκτὼ
866 5518 1085 5588 τοιαύτη
1117 5534 1199 5580 τις
1224 5513 1290 5588 ἦν
1314 5519 1346 5589 ἡ
1369 5518 1625 5583 ὑπόθεσις
1643 5536 1655 5548 ’
1692 5521 1800 5573 τῶν

210 5611 270 5666 δὲ
316 5613 412 5667 ἐπὶ
441 5611 535 5665 τοῦ
592 5610 855 5683 παρόντος
913 5608 1406 5682 ἐπιγεγραμμένων
1432 5614 1564 5688 ⁸καί
1619 5614 1801 5667 αὐτῶν

212 5703 348 5756 υἱῶν
364 5703 511 5775 Κορὲ
530 5704 810 5775 τεσσάρων
831 5704 1019 5767 ὄντων,
1041 5705 1089 5756 οἱ
1116 5703 1214 5774 μὲν
1231 5702 1449 5757 ὕστατοι
1474 5704 1567 5757 δύο
1588 5706 1799 5774 γένεσιν

214 5794 310 5848 καὶ
345 5793 575 5847 θάνατον
617 5794 782 5848 αὐτοῦ
826 5795 1262 5866 περιειλήφασιν,
1320 5793 1509 5865 ῶσπερ
1551 5796 1799 5868 ἐπίτηδες

211 5885 655 5957 ταμιευσαμένου
679 5883 772 5937 τοῦ
798 5885 969 5951 Λόγου
995 5886 1088 5938 ἐπὶ
1112 5885 1254 5938 τέλει
1282 5885 1501 5941 πάντων
1531 5887 1627 5951 τὰς
1670 5891 1797 5958 περὶ

546 5980 814 6039 ΡΑτιιοι.
858 5979 975 6041 Gn.
1024 5980 1261 6043 XXIII.

1905 4696 2043 4750 Core
2070 4696 2313 4765 psalmos
2347 4695 2732 4765 subsequitur;
2764 4696 2839 4750 ita
2882 4704 2940 4750 ttt
2978 4710 3077 4750 ceu
3120 4703 3307 4750 mutua
3338 4712 3490 4767 qum.

1905 4788 2029 4841 dum
2067 4786 2316 4858 pensatio
2352 4787 2443 4839 fiat
2473 4787 2543 4841 ob
2602 4788 2919 4857 prophetias
2979 4803 3099 4858 quae
3147 4788 3201 4843 in
3236 4789 3485 4860 utrisque

1904 4892 2251 4932 communem
2310 4878 2628 4947 speculandi
2668 4894 2875 4933 morem
2910 4890 3156 4935 servant.
3190 4880 3359 4935 Erant
3390 4882 3489 4936 ita-

1904 4988 2009 5040 que
2047 4973 2255 5042 priores
2286 4973 2363 5027 illi
2397 4973 2633 5027 ﬁliorum
2662 4972 2804 5028 Core
2849 4973 3043 5043 psalmi
3075 4982 3200 5029 octo
3231 4990 3479 5039 numero,

1904 5064 1994 5134 qui
2036 5080 2231 5119 omnes
2260 5080 2289 5119 a
2329 5078 2417 5120 xu
2458 5065 2673 5119 initium
2705 5064 2934 5129 ducunt,
2957 5074 3010 5120 et
3040 5068 3095 5120 in
3133 5082 3298 5122 xtvm
3334 5067 3483 5123 desi-

1902 5163 2062 5211 nunt.
2103 5155 2141 5209 li
2189 5171 2338 5221 vero,
2370 5164 2430 5211 ut
2459 5157 2782 5226 compendio
2826 5157 3025 5223 dicam,
3072 5159 3138 5213 de
3170 5159 3369 5229 popqu
3417 5176 3484 5214 ex

1901 5249 2324 5304 circumcisione
2355 5249 2540 5304 ﬂetum
2599 5264 2663 5302 ac
2719 5249 3020 5318 planctum,
3052 5249 3259 5305 Christi
3287 5251 3485 5306 adven-

1903 5353 2039 5405 tum,
2075 5350 2241 5412 atque
2296 5343 2641 5397 vocationem
2700 5342 2967 5412 gentium,
3026 5338 3487 5400 commemorant.

1903 5433 2016 5490 Hoc
2045 5449 2178 5489 sane
2209 5442 2293 5489 cst
2318 5434 2534 5488 illorum
2560 5440 2686 5488 octo
2718 5433 3049 5503 psalmorum
3073 5441 3477 5503 argumentum.

1903 5523 1978 5579 Ex
2014 5523 2165 5578 hisce
2186 5539 2339 5587 vero,
2365 5524 2431 5579 de
2457 5524 2659 5594 quibus
2676 5539 2823 5578 nunc
2852 5524 3056 5594 agitur,
3086 5522 3321 5577 filiorum
3341 5523 3482 5581 Core

1899 5616 2125 5687 psalmis
2157 5623 2394 5685 quatuor
2442 5630 2693 5682 numero,
2724 5614 2834 5670 duo
2886 5615 3149 5684 postremi
3204 5625 3383 5670 ortum
3424 5618 3480 5673 et

1899 5716 2129 5761 mortem
2176 5705 2488 5761 Servatnris
2517 5706 2960 5775 complectuntur
2990 5722 3005 5759 :
3032 5720 3097 5759 ac
3145 5704 3191 5759 si
3223 5705 3480 5764 videlicet

1900 5795 2183 5868 Scriptura
2214 5798 2458 5852 omnium
2484 5796 2744 5850 vaticinia
2773 5796 2825 5849 in
2848 5796 2953 5850 fine
2981 5811 3254 5866 exponere
3283 5813 3478 5870 oppor-

1897 5899 2027 5946 tune
2066 5889 2167 5947 sibi
2222 5888 2541 5946 reservarit.
2574 5886 2740 5941 Multa
2776 5894 2957 5942 autem
2992 5887 3059 5943 de
3098 5888 3217 5958 eius
3245 5899 3373 5949 ortu
3417 5895 3477 5951 in

3118 5983 3197 6045 32
