4004 6558
612 434 753 503 i005

1328 443 1599 501 EUSEBII
1637 431 2113 499 CAESARIENSIS
2152 428 2303 501 OPP.
2345 430 2528 497 PARS
2568 426 3150 497 lll.-‘-EXEGETICA.

3653 440 3752 502 i004

611 571 813 618 Lxxxw
870 565 1100 620 obscure
1146 552 1596 633 subindicantur;
1624 574 1679 620 at
1725 566 1898 620 multo
1940 566 2097 635 plura
2129 573 2182 619 et

2286 564 2486 617 τούτων
2541 564 2873 635 προρρήσεις
2908 562 3160 633 ἐκφῆναι.
3209 560 3374 626 Πολὺς
3416 562 3527 631 γοῦν
3548 559 3753 637 ἢνόπερὶ

613 654 966 724 ρτοΐυηᾱίοτο
1020 654 1088 710 de
1117 663 1291 712 morte
1322 656 1442 725 ejus
1493 673 1658 728 quam
1720 673 1818 728 pro
1869 658 2183 711 hominibus

612 746 895 808 sustinuit,
930 746 1023 816 qui
1061 754 1369 816 postremus
1395 749 1634 815 ﬁliorum
1670 746 1806 803 Core
1837 747 2179 812 inscribitur,

610 848 805 906 nempe
836 844 1056 891 Lxxx'vn
1098 839 1503 908 complectitur.
1539 837 1656 893 Duo
1690 846 1868 891 autem
1897 839 1989 907 qui
2014 839 2066 891 in
2100 837 2184 893 his

611 925 845 993 primum
876 927 1061 980 locum
1086 936 1379 998 occupant,
1423 928 1638 982 scilicet
1680 930 1767 982 hic
1795 944 1955 998 quem
1988 936 2186 982 tracta-

609 1031 735 1072 mus
755 1023 809 1071 et
843 1018 1214 1089 subsequens,
1250 1020 1370 1088 ejus
1402 1019 1469 1074 ad
1501 1020 1751 1074 homines
1778 1022 2090 1085 adventum,
2132 1028 2185 1074 et

609 1109 869 1179 prmelara
908 1126 1029 1173 quae
1053 1111 1143 1166 hic
1172 1110 1421 1167 editurus
1459 1122 1577 1167 erat
1613 1123 1763 1184 gesta
1793 1111 2180 1167 vaticinantur.

610 1197 713 1253 Hic
759 1214 924 1270 porro
972 1199 1316 1264 inscribitur,
1344 1198 1407 1253 In
1454 1200 1631 1269 ﬁnem,
1662 1217 1756 1270 pro
1808 1199 2182 1253 torcularibus.

608 1290 856 1361 Cumque
896 1299 1008 1348 tres
1049 1292 1160 1347 sint
1188 1293 1281 1363 qui
1310 1293 1413 1347 hoc
1442 1293 1600 1347 titulo
1633 1292 2009 1346 inseribuntur
2045 1310 2058 1345 :
2098 1290 2186 1344 hic

608 1399 676 1438 ex
701 1398 890 1437 eorum
925 1399 1153 1438 numero
1179 1399 1275 1453 pro
1302 1383 1659 1437 torcularibus
1698 1382 1950 1438 similiter
1987 1380 2186 1435 inscri-

607 1480 735 1544 ptus
761 1482 874 1540 est;
906 1473 1201 1543 itidemque
1233 1489 1331 1527 Vill
1366 1480 1420 1528 et
1452 1484 1618 1528 Lxxx.
1651 1474 1849 1528 Verum
1888 1486 1957 1527 ex
1986 1472 2052 1527 iis
2077 1470 2186 1527 duo

606 1572 997 1635 nuncupantur
1053 1566 1274 1635 psalmi,
1335 1565 1596 1619 nimirum
1655 1580 1750 1618 νιιι
1806 1572 1860 1619 et
1912 1570 2181 1634 praesens.

607 1657 789 1724 Quare
818 1657 1108 1727 praesentia
1146 1658 1288 1712 bona
1338 1656 1684 1712 denuntiant.
1720 1671 1864 1709 Lxxx
1909 1664 2036 1710 vero
2073 1653 2184 1707 Pro

530 1820 535 1831 Ι
608 1746 965 1802 torcularibus
991 1745 1209 1816 quidem
1254 1745 1554 1816 inscriptus
1595 1752 1711 1809 est,
1745 1744 1841 1801 sed
1887 1759 1999 1799 non
2038 1744 2186 1814 psal-

612 1857 755 1906 mus,
789 1840 917 1911 quia
951 1847 1144 1895 contra
1168 1840 1423 1895 lsraeiem
1458 1839 1639 1893 tristia
1668 1836 1915 1908 quaedam
1946 1836 2186 1906 comple-

605 1933 792 1987 ctitur.
824 1930 888 1985 Hi
918 1946 1082 2002 porro
1121 1936 1234 1985 tres
1264 1929 1371 1983 Pro
1397 1927 1759 1983 torcularibus
1791 1928 2069 1998 inscripti,
2112 1925 2182 1980 ad
2212 1915 2256 1970 Β

604 2032 719 2081 tres
748 2039 1015 2095 personas
1054 2023 1363 2095 pertinent;
1397 2029 1627 2077 octavus
1663 2034 1861 2091 nempe
1906 2021 1974 2075 ad
2022 2019 2187 2075 Davi-

604 2119 752 2183 dem,
784 2133 929 2171 Lxxx
960 2116 1028 2171 ad
1066 2116 1369 2188 Asaphum,
1401 2116 1491 2170 hic
1522 2131 1654 2171 vero
1684 2129 1845 2185 quem
1882 2119 2183 2171 tractamus

605 2210 672 2264 ad
707 2209 847 2264 ﬁlios
876 2207 1034 2264 Core.
1068 2208 1246 2279 Atque
1290 2208 1496 2278 pariter
1537 2206 1702 2261 iidem
1735 2215 1846 2261 tres
1872 2205 2185 2260 inscribun-

604 2311 695 2357 tur
720 2303 774 2355 in
796 2302 975 2371 ﬁnem,
1002 2300 1185 2371 idque,
1221 2309 1280 2354 ut
1307 2298 1563 2365 arbitror,
1599 2297 1669 2351 ob
1702 2297 2017 2368 prephetias
2048 2312 2184 2367 quas

604 2393 856 2457 eﬂerunt,
879 2409 999 2463 quae
1030 2394 1082 2447 in
1115 2392 1219 2448 line
1243 2400 1550 2462 temporum
1580 2400 1634 2446 et
1666 2391 1722 2445 in
1753 2390 2184 2446 consummatio--

602 2501 674 2541 ne
706 2486 895 2541 saeculi
928 2486 1213 2555 completas
1252 2493 1400 2541 sunt.

674 2666 813 2722 Olim
843 2665 1063 2737 quidem
1095 2679 1218 2719 cum
1249 2677 1358 2717 una
1379 2668 1525 2717 esset
1555 2660 1713 2715 vinea
1742 2661 1809 2714 de
1838 2664 1945 2729 qua
1975 2658 2183 2713 dictum

602 2768 709 2825 est,
738 2760 881 2813 Nam
908 2760 1058 2814 vinea
1087 2758 1301 2812 Domini
1330 2754 1586 2822 Sabaoth,
1606 2754 1792 2808 domus
1821 2752 1997 2807 Israel
2019 2754 2181 2819 est";

600 2869 771 2908 unum
808 2867 909 2908 ceu
963 2852 1203 2907 torcular
1258 2854 1318 2905 in
1380 2849 1473 2904 illa
1528 2854 1667 2915 erat,
1725 2846 1886 2916 cujus
1938 2844 2185 2901 meminit

602 2946 775 3002 Isaias
817 2962 883 3001 ex
936 2959 1170 3015 persona
1223 2941 1461 3009 Domini,
1496 2940 1687 2995 dicens
1745 2957 1757 2994 ε
1798 2938 1867 2992 Et
1914 2936 2184 3007 wdiﬁcavi

604 3038 816 3103 turrim,
844 3045 892 3090 et
917 3034 1254 3105 protorcular
1276 3034 1387 3103 fodi
1420 3033 1473 3086 in
1494 3049 1557 3087 ea
1579 3032 1647 3089 ‘°.
1680 3029 1782 3085 Per
1810 3030 2005 3084 turrim
2028 3044 2180 3094 vero,

605 3128 1165 3201 Hierosolymitanum
1196 3126 1428 3182 fortasse
1454 3124 1715 3195 templum
1749 3122 2047 3194 signiﬁcat,
2084 3136 2183 3187 per

600 3222 949 3297 protorcular
991 3228 1196 3283 autem,
1228 3217 1399 3273 altare
1446 3218 1505 3271 in
1555 3214 1757 3285 templo
1786 3214 1950 3268 situm
1985 3231 1999 3267 :
2033 3211 2180 3282 quod

605 3331 739 3374 sane
767 3315 963 3369 merito
997 3326 1107 3367 non
1140 3310 1408 3373 torcular,
1438 3307 1534 3363 sed
1564 3305 1908 3377 protorcular
1943 3304 2179 3369 vocavit,

601 3407 733 3478 quia
780 3401 1161 3475 spiritualibus
1192 3398 1500 3469 corporalia
1547 3395 1831 3467 praeibam,
1882 3401 1936 3449 et
1968 3393 2181 3447 Novum

602 3498 1014 3554 Testamentum
1049 3508 1080 3547 a
1112 3492 1291 3547 Veteri
1343 3489 1689 3561 praeceditur,
1738 3488 1884 3559 quod
1937 3488 2182 3559 symbola

604 3589 982 3662 imaginesque
1011 3583 1263 3641 veritatis
1303 3583 1445 3653 apud
1494 3581 1712 3636 Judzeos
1761 3579 2127 3634 conservabat
2165 3596 2177 3632 :

603 3684 730 3739 ideo
758 3683 931 3736 altare
970 3679 1217 3750 ipsorum
1267 3691 1372 3730 non
1418 3673 1681 3734 torcular,
1709 3671 1804 3727 sed
1837 3671 2183 3741 protorcular

599 3776 923 3836 vocabatur.
956 3775 1025 3831 At
1056 3787 1181 3827 cum
1209 3784 1320 3825 una
1351 3775 1496 3825 esset
1522 3767 1702 3829 vinea,
1727 3781 1895 3819 unum
1925 3773 2043 3818 erat
2073 3774 2185 3817 tor-

601 3870 779 3935 cular,
813 3866 977 3922 unius
1007 3862 1199 3935 templi
1241 3862 1433 3917 altare.
1478 3858 1615 3914 Tres
1661 3872 1828 3928 porro
1882 3854 2077 3925 psalmi
2118 3852 2185 3909 de

601 3961 804 4032 quibus
825 3959 939 4030 jam
963 3972 1166 4022 sermo,
1200 3968 1311 4010 non
1341 3967 1535 4016 unum,
1573 3950 1668 4008 sed
1699 3951 1853 4020 plura
1886 3946 2185 4002 toreularia

603 4060 935 4119 memorant,
968 4049 1125 4120 queis
1186 4045 1505 4101 indicantur
1571 4041 1819 4098 ecclesia:
1872 4037 2182 4095 Servatoris

604 4144 785 4201 nostri
834 4150 1011 4198 totum
1066 4155 1164 4211 per
1215 4138 1406 4193 orbem
1456 4134 1785 4190 constitutae.
1820 4131 1876 4186 In
1925 4129 2181 4202 praesenti

604 4250 759 4300 vero,
792 4234 978 4289 statim
1035 4231 1241 4286 dicitur
1297 4230 1353 4284 in
1409 4227 1591 4292 titulo,
1636 4225 1746 4279 Pro
1790 4222 2183 4279 torcularibus:

603 4342 734 4384 mox
783 4323 1172 4382 subsumitur:
1221 4321 1397 4389 Quam
1455 4319 1648 4373 dilecta
1681 4315 2023 4372 tabernacula
2070 4322 2182 4377 tua,

609 4417 836 4474 Domine
862 4414 1154 4470 uirtutum!
1182 4412 1384 4484 quibus
1418 4424 1556 4481 pene
1589 4409 1904 4465 declaratur
1930 4420 2181 4476 quaenam

604 4512 698 4567 illa
750 4508 1032 4580 praemissa
1089 4504 1446 4561 tabernacula
1500 4503 1723 4557 fuerint.
1755 4500 1944 4554 Palam
1982 4499 2185 4569 quippe

2283 659 2383 728 τῆς
2410 656 2672 726 γενέσεως
2702 656 2865 711 αὑτοῦ
2892 656 3067 723 λόγος,
3101 655 3169 725 ἢν
3203 658 3261 709 ἐν
3288 654 3363 725 τῷ
3389 662 3474 722 πς¹
3673 661 3754 713 ἐπι-

2284 749 2684 820 κεκρυμμένως
2705 747 2955 818 ᾐνίξατο·
2988 748 3081 800 καὶ
3100 748 3389 800 ἐπιπλείων
3424 750 3508 802 καὶ
3538 749 3755 823 βαθύτερος

2285 840 2313 890 6
2340 839 2467 909 περὶ
2510 839 2602 891 τοῦ
2630 838 2859 891 Θανάτου
2897 837 3082 901 αὐτοῦ,
3108 837 3165 891 ὃν
3214 837 3347 909 ὑπὲρ
3386 838 3643 909 ἀνθρώπων
3670 844 3755 894 ἀνε-

2284 930 2490 997 δέξατο,
2508 930 2658 997 ὃςίένι
2682 930 2787 983 τῶν
2808 931 3023 983 πάντων
3034 930 3504 1001 ἐπιγεγραμμένων
3521 930 3639 985 υιῶν
3654 934 3757 999 Κορὲ

2284 1023 2618 1085 τελευταῖος·
2643 1022 2785 1090 λέγω
2812 1022 2871 1074 δὲ
2903 1020 2981 1092 τῷ
3008 1021 3096 1086 σις’
3131 1022 3514 1093 περιείληπται.
3546 1026 3597 1077 Ol
3616 1024 3661 1077 δὲ
3674 1026 3757 1077 τού·

2284 1134 2391 1169 των
2414 1116 2703 1186 ἡγούμενοι
2753 1114 2847 1168 δύο
2894 1114 3120 1184 ψαλμοὶ,
3159 1116 3188 1167 ὃ
3226 1131 3286 1166 τε
3323 1115 3451 1185 μετὰ
3481 1118 3636 1184 χεῖρας
3663 1118 3759 1169 κσὶό

2287 1206 2412 1279 ἐξῆς
2441 1207 2608 1278 αὐτῷ,
2636 1207 2733 1277 τὴν
2763 1210 2842 1269 είς
2875 1206 3196 1279 ἀνθρώπους
3241 1207 3399 1262 αὐτοῦ
3432 1210 3680 1277 παρουσίαν
3698 1214 3760 1264 nl

2284 1301 2352 1353 τὰ
2377 1302 2470 1353 ἐπὶ
2505 1300 2673 1372 ταύτῃ
2728 1299 3125 1372 κατορθώματα
3160 1299 3509 1364 θεσπίζουσιν.
3532 1300 3590 1354 Ὀ
3611 1318 3659 1367 γε
3691 1303 3761 1371 μὴν

2286 1392 2643 1464 προκείμενος
2681 1394 3103 1462 ἐπιγέγραπται,
3138 1395 3223 1457 είς
3244 1392 3309 1444 τὸ
3344 1390 3523 1456 τέλος,
3548 1390 3668 1459 ὑπὲρ
3682 1391 3761 1444 τῶν

2284 1483 2507 1550 ληνῶν.
2552 1482 2730 1554 Τριῶν
2766 1482 2823 1534 δὲ
2870 1481 3038 1534 ὅντων
3068 1482 3177 1534 τῶν
3211 1482 3309 1552 τὴν
3346 1481 3575 1551 τοιαύτην
3602 1484 3762 1551 ἐπιγρα-

2286 1574 2390 1645 φὴν
2419 1575 2667 1644 ἐχόντων,
2694 1571 2773 1638 εἷς
2804 1578 2903 1647 μὲν
2941 1572 3094 1641 οὗτος
3124 1577 3403 1647 τυγχάνειο
3429 1574 3662 1645 ὁμοίωςδὲ
3683 1575 3762 1625 ἑπι-

2284 1665 2591 1736 γέγραπται
2627 1666 2720 1720 καὶ
2765 1670 2794 1721 6
2834 1675 2904 1737 η’,
2956 1670 3047 1722 καὶ
3099 1668 3259 1722 πάλιν
3289 1670 3320 1721 6
3349 1672 3419 1721 π’.
3459 1665 3597 1717 Ἀλλὰ
3618 1664 3760 1717 τούτων

2289 1759 2385 1830 μὲν
2429 1758 2520 1812 δύο
2560 1759 2957 1833 ὠνομάσθησαν
2979 1762 3198 1833 ψαλμοὶ,
3224 1762 3252 1814 ὃ
3284 1777 3343 1813 τε
3382 1766 3431 1831 η’
3457 1759 3586 1811 καὶὸ
3612 1755 3759 1827 παρών.

2285 1850 2375 1903 Διὸ
2398 1850 2647 1921 χρηστῶν
2690 1852 2971 1923 παρόντων
3019 1852 3359 1921 ἀπαγγελίας
3388 1849 3694 1922 περιέχουσιν.
3725 1849 3762 1898 '0

2283 1944 2339 1997 δὲ
2368 1951 2419 1997 π’
2446 1940 2513 2015 ἦν
2534 1945 2631 2015 μὲν
2646 1942 2813 2012 Ὑπὲρ
2838 1943 2956 1997 τῶν
2985 1944 3210 2011 lno-(Br,
3238 1945 3300 1996 οὐ
3333 1941 3435 2013 μὴν
3468 1941 3547 1994 καὶ
3571 1937 3761 2007 ψαλμός,

2284 2036 2373 2090 διὰ
2405 2036 2464 2089 τὸ
2498 2035 2799 2105 σκυθρωπά
2836 2052 2959 2089 τινα
2996 2037 3267 2106 περιέχειν
3310 2032 3446 2087 κατὰ
3472 2030 3555 2085 τοῦ
3595 2030 3762 2101 Ἰσραήλ.

2286 2129 2513 2200 Τρεῖςδέ
2534 2129 2683 2192 ὄντες
2706 2131 2755 2181 οἱ
2788 2114 2957 2196 Ὑπὲρ
2978 2126 3095 2181 τῶν
3104 2126 3330 2194 durior,
3348 2126 3514 2198 τρισὶν
3533 2124 3763 2177 ἀνάκεινται

2285 2219 2595 2293 προσώποις
2617 2235 2631 2249 ·
2671 2222 2699 2273 6
2745 2220 2840 2290 μὲν
2864 2226 2914 2289 η’
2939 2218 3017 2289 τῷ
3043 2217 3222 2284 Δαυῒδ,
3255 2220 3285 2271 ὁ
3316 2217 3370 2269 δὲ
3406 2222 3457 2269 π’
3479 2216 3549 2287 τῷ
3586 2214 3764 2282 Ἀσὰρ,ὁ

2284 2314 2341 2367 δέ
2376 2313 2514 2385 μετὰ
2538 2316 2724 2385 χεῖρας
2754 2316 2864 2376 τοῖς
2889 2314 3023 2375 υἱοῖς
3049 2312 3213 2382 Κόρέ.
3245 2311 3358 2364 Καὶ
3384 2308 3651 2381 συμφώνως
3674 2324 3717 2375 γε
3734 2309 3765 2358 οἱ

2284 2408 2432 2478 τρεῖς
2480 2406 2877 2476 ἐπιγράφονται
2902 2407 2988 2471 εὶς
3014 2403 3081 2456 τὸ
3111 2404 3310 2468 τέλος,
3332 2402 3407 2466 ὠς
3438 2397 3592 2471 οἶμαι,
3621 2398 3687 2453 διὰ
3704 2398 3765 2459 τὰς

2284 2498 2342 2552 ἐν
2366 2498 2545 2561 αὐτοῖς
2580 2496 2935 2568 προφητείας,
2971 2497 3050 2558 εἰς
3085 2494 3145 2546 τὸ
3190 2492 3345 2556 τέλος
3374 2493 3477 2545 τῶν
3504 2490 3687 2561 καιρῶν,
3704 2488 3767 2539 καὶ

2285 2592 2377 2645 ἐπὶ
2404 2585 2683 2662 συντελείᾳ
2710 2590 2805 2643 τοῦ
2831 2589 3024 2651 αἰῶνος
3045 2585 3495 2649 ἐπιτελεσθείσας.

2355 2679 2529 2733 Πάλαι
2563 2676 2657 2750 μὲν
2682 2675 2794 2742 οὖν,
2825 2680 2900 2741 ὡς
2930 2678 2995 2732 ἂν
3022 2679 3136 2740 ἑνὸς
3163 2676 3493 2747 ὑπάρχοντος
3515 2672 3768 2744 ἀμπελῶνος,

2286 2773 2412 2842 περ)⁵
2440 2766 2499 2826 οὗ
2533 2774 2735 2844 εἴρητο,
2778 2772 2840 2824 '0
2883 2772 2991 2841 γὰρ
3029 2769 3315 2839 ἀμπελὼν
3358 2768 3564 2836 Κυρίου
3600 2764 3769 2820 Σαϐαὼθ

2284 2859 2447 2930 οἶκος
2492 2864 2598 2918 τοῦ
2634 2862 2869 2931 Ἰσραήλ
2894 2863 3053 2915 ἐστι’
3107 2862 3202 2932 μία
3248 2861 3439 2932 ῶσπερ
3484 2860 3620 2931 ληνὸς
3652 2855 3700 2928 ἦν
3734 2858 3770 2908 ἐν

2285 2953 2453 3023 αὐτῷ,
2487 2950 2554 3025 ἧς
2583 2954 2852 3025 μέμνηται
2880 2955 2908 3006 ὁ
2942 2954 3166 3015 Ἡσαΐας
3196 2954 3261 3005 ἐκ
3295 2950 3568 3025 προσώπου
3600 2949 3670 3002 τοῦ
3699 2948 3771 3000 Ka-

2285 3046 2401 3117 ρίου
2434 3047 2637 3115 λέγων·
2673 3047 2784 3100 Kal
2826 3045 3180 3115 ᾠκοδόμησα
3214 3046 3465 3115 πύργον,
3499 3045 3583 3098 καί
3611 3040 3771 3110 προλή-

2283 3156 2416 3193 utor
2440 3138 2639 3207 ὤρυξα
2669 3140 2739 3192 ἐν
2764 3137 2943 3204 αὐτῷ.
2991 3139 3285 3208 Ἐσήμαινε
3333 3138 3388 3191 δὲ
3430 3137 3562 3209 ἄρα,
3602 3133 3670 3187 διὰ
3709 3131 3771 3201 μὲν

2284 3229 2377 3283 τοῦ
2418 3231 2629 3303 πύργου
2676 3230 2765 3284 τὸν
2814 3232 2870 3283 ἐν
2909 3214 3303 3302 Ἱεροσολύμοις
3347 3228 3499 3292 νεὼν,
3534 3228 3606 3280 διὰ
3638 3225 3681 3278 δὲ
3712 3220 3772 3274 τοῦ

2288 3322 2577 3394 προληνίου
2613 3323 2673 3376 τὸ
2718 3323 2853 3394 πρὸς
2888 3322 2967 3393 τῷ
3010 3322 3121 3393 ναῷ
3178 3322 3577 3393 θυσιαστήριον,
3612 3314 3772 3385 Exspuit

2286 3416 2464 3487 ληνὸν,
2514 3416 2649 3470 ἀλλὰ
2700 3417 2984 3485 προλήνιον
3035 3415 3339 3485 ὠνόμασεν,
3375 3415 3608 3475 εἰκότως·
3648 3407 3773 3474 ἐπειδὴ

2285 3506 2392 3560 τῶν
2436 3506 2639 3577 νοητῶν
2680 3505 2748 3558 τά
2809 3503 3097 3575 σωματικὰ
3139 3506 3449 3574 προηγεῖτο,
3484 3501 3569 3555 καὶ
3604 3496 3685 3567 πρὸ
3712 3491 3773 3559 τῆς

2286 3597 2497 3667 Καινῆς
2524 3597 2794 3669 Διαθήκης
2824 3598 2857 3665 ἡ
2886 3595 3087 3649 παλαιὰ
3116 3594 3358 3665 σύμϐολα
3396 3594 3485 3646 καὶ
3520 3581 3775 3648 εἰκόναςτιῖη

2285 3689 2501 3760 ἀληθῶν
2528 3690 2676 3760 παρὰ
2708 3689 2978 3751 Ἰουδαίοις
3003 3686 3330 3756 ἐφυλάττετο
3350 3704 3362 3715 ο
3389 3685 3563 3752 διόπερ
3587 3680 3636 3731 οὐ
3656 3673 3772 3743 ληνὸς,

2286 3781 2421 3835 ἀλλὰ
2452 3782 2739 3852 προλήνιον
2762 3778 3070 3849 ὠνομάζετο
3100 3778 3159 3830 τὸ
3182 3779 3311 3847 παρ’
3332 3775 3549 3832 ἐκείνοις
3571 3766 3775 3829 Gaesar-1‘:

2290 3888 2423 3943 ριον.
2472 3872 2557 3934 Ὠς
2593 3872 2710 3933 ἐνὸς
2750 3870 2805 3923 δὲ
2842 3869 2938 3922 τοῦ
2970 3867 3311 3939 ἀμπελῶνος,
3351 3866 3447 3937 μία
3474 3860 3535 3935 ἧν
3566 3860 3695 3914 πάλαι
3718 3855 3775 3919 λῃ-

2286 3965 2396 4029 νὸς,
2433 3966 2526 4019 καὶ
2559 3966 2675 4028 ἐνὸς
2706 3963 2834 4017 ναοῦ
2863 3963 3264 4033 θυσιαστήριον.
3290 3961 3353 4013 Οἱ
3378 3960 3433 4011 δὲ
3462 3954 3603 4025 ἐντῷ
3624 3950 3776 4020 παρόντι

2286 4056 2601 4128 δηλούμενοι
2651 4058 2798 4126 τρεῖς
2845 4055 3049 4125 ψαλμοὶ
3098 4053 3158 4106 οὐ
3203 4053 3335 4124 περὶ
3364 4053 3508 4123 μιᾶς,
3548 4045 3659 4100 ἀλλὰ
3696 4036 3778 4105 περὶ

2287 4148 2497 4202 πολλῶν
2533 4145 2923 4219 μνημονεύουσι
2956 4144 3150 4215 ληνῶν,
3182 4143 3293 4196 τῶν
3324 4142 3430 4196 ἀνὰ
3466 4142 3623 4194 πᾶσαν
3649 4132 3719 4203 τὴν
3734 4130 3779 4179 οἱο

2288 4243 2558 4312 κουμένην
2591 4240 2683 4292 τοῦ
2726 4238 2977 4310 Σωτῆρος
3008 4236 3163 4307 ἡμῶν
3201 4234 3503 4307 ἐκκλησιῶν
3544 4229 3696 4283 τοῦτον
3722 4223 3779 4287 δη-

2286 4333 2562 4405 λουμένων
2591 4330 2682 4383 τὸν
2713 4331 2931 4402 τρόπον.
2966 4329 3174 4382 Αὐτίκα
3208 4326 3296 4380 διά
3338 4326 3446 4378 τῶν
3494 4314 3781 4405 προκειμένων

2288 4402 2503 4496 εἴρηται.
2568 4422 2665 4494 μὲν
2712 4422 2769 4473 ἐν
2814 4422 2880 4491 τῇ
2937 4420 3230 4491 προγραφῇ
3272 4416 3424 4484 ὑπὲρ
3471 4413 3579 4468 τῶν
3613 4402 3780 4496 ληνίῃθῖ

2288 4490 2414 4588 ἐξίῆς
2458 4516 2514 4569 δὲ
2561 4490 2904 4583 ἐπιλέγεται·
3080 4511 3355 4582 ἀγαπητὰ
3399 4510 3469 4563 τὰ
3511 4490 3783 4570 σκηνώμιιιὰ

604 4605 806 4661 dicitur
837 4617 960 4659 esse
988 4598 1343 4656 tabernacula
1370 4596 1609 4661 Domini,
1628 4592 1882 4649 videlicet
1918 4593 2179 4648 ecclesias

2286 4624 2421 4671 σου,
2468 4608 2643 4674 Κύριε
2679 4605 2797 4659 τῶν
2818 4604 3144 4673 δυνάμεων
3162 4603 3182 4654 .'
3224 4600 3503 4672 μονονουχὶ
3544 4588 3783 4661 σαφηνίζον·

607 4694 753 4767 ejus,
773 4692 977 4764 quasin
997 4687 1583 4761 sequentibus‘jclarius
1612 4684 1699 4739 his
1727 4684 1910 4740 verbis
1939 4698 2182 4739 comme-

612 4796 794 4843 morat
821 4782 1097 4839 :—Vens.
1116 4783 1170 4835 5.
1190 4778 1528 4847 Γοηεαρὶεοίι
1547 4787 1595 4830 ει
1613 4776 1789 4846 deﬁcit
1807 4776 2181 4831 animameat’n

609 4880 753 4933 atria
776 4876 1007 4929 Domini.
1037 4873 1149 4927 Sub
1172 4873 1285 4926 haec
1303 4885 1497 4925 rursus
1529 4869 1603 4922 ait
1632 4888 1645 4923 :
1675 4868 1887 4922 Altaria
1917 4878 2029 4936 tua,
2072 4868 2182 4922 Do-

615 4972 755 5025 mine
787 4968 1064 5022 uirtutum.
1105 4965 1182 5019 Ac
1214 4961 1540 5035 perpendas,
1571 4975 1778 5031 quaeso,
1811 4976 1993 5015 annon
2039 4961 2178 5031 pari,

607 5075 772 5134 atque
788 5061 843 5115 in
862 5061 1019 5114 titulo
1030 5058 1124 5130 qui
1149 5056 1259 5111 Pro
1275 5054 1631 5109 torcularibus
1648 5053 1925 5117 scribitur,
1943 5054 2188 5108 oratione

610 5156 965 5215 tabernacula
991 5153 1281 5225 pluraliter
1301 5152 1698 5222 exprimantur,
1728 5149 2024 5218 itidemque
2048 5149 2187 5202 atria

606 5262 661 5307 et
687 5249 916 5315 altaria;
955 5248 1029 5301 ita
1081 5254 1141 5300 ut
1172 5259 1283 5298 non
1328 5243 1441 5312 jam
1494 5244 1776 5313 antiquum
1826 5242 1959 5295 illud
2014 5257 2184 5295 unum

609 5341 1026 5399 tabernaculum
1052 5337 1407 5406 Jerosolymis
1440 5336 1756 5398 situm,non
1783 5350 1951 5388 unum
1986 5333 2185 5387 ibidem

608 5438 847 5508 positum
903 5431 1097 5495 altare,
1129 5444 1239 5483 non
1290 5443 1460 5481 unum
1519 5428 1718 5480 atrium
1773 5426 1963 5482 eodem
2001 5427 2187 5482 consi-

610 5542 760 5587 stens
790 5528 947 5591 loco;
977 5522 1075 5578 sed
1121 5522 1373 5575 universa
1408 5535 1505 5589 per
1535 5520 1723 5574 orbem
1760 5519 1974 5583 altaria,
2005 5518 2186 5573 taber-

568 5601 574 5623 ³
608 5621 805 5678 nacula
838 5627 892 5673 et
910 5615 1047 5670 atria
1078 5614 1167 5668 hic
1189 5610 1473 5680 Scriptura
1502 5612 1788 5682 signiticet.
1808 5612 1911 5675 Alii
1942 5611 2183 5681 quidem,

610 5716 707 5778 ait,
738 5711 845 5766 alia
884 5708 1116 5778 diligunt
1144 5714 1198 5762 et
1243 5705 1421 5774 magni
1458 5706 1699 5772 faciunt;
1725 5706 1855 5760 mihi
1886 5721 2036 5769 vero,
2073 5704 2181 5758 Do-

684 5869 724 5899 "
763 5865 866 5925 lsa.
904 5882 957 5931 v,
998 5864 1047 5921 7.
1124 5864 1168 5896 ‘°
1210 5863 1344 5919 ibid.
1371 5862 1427 5917 '2.

1618 5966 1634 6005 ῑ

2288 4715 2381 4762 τος
2404 4697 2499 4750 τοῦ
2537 4697 2695 4765 λόγου
2725 4697 2819 4759 τὰς
2857 4693 3297 4767 προτεταγμένας
3337 4690 3543 4761 ληνοὺς,
3562 4684 3679 4743 τίνες
3702 4688 3783 4727 π’ίτί

2288 4786 2421 4847 εἶεν.
2444 4790 2604 4861 Δηλοῖ
2635 4790 2743 4860 γάρ
2783 4788 2983 4851 ταύτας
3011 4783 3147 4841 εἶναι
3181 4786 3249 4840 τὰ
3280 4783 3598 4855 σκηνώματα
3627 4770 3785 4827 2051i?-

2294 4884 2428 4956 ρίου,
2463 4881 2664 4954 δηλαδὴ
2707 4881 2806 4944 τάς
2845 4879 3136 4950 ἐκκλησίας
3179 4876 3367 4941 αὐτοῦ,
3406 4876 3469 4937 ἃς
3516 4866 3688 4942 προῖὼν
3709 4861 3785 4956 λιν·

2293 4950 2529 5049 κότερον⁷
2563 4950 2726 5029 πάλιν
2771 4972 3025 5043 ὀνομάζει
3068 4971 3267 5039 λέγων·
3314 4962 3595 5020 Ἐπιποθεῐ
3628 4950 3787 5049 καὶιέιο

2290 5042 2487 5123 λείπει
2514 5068 2552 5136 ἡ
2583 5064 2753 5135 ψυχή
2794 5042 2913 5135 μου
2955 5066 3040 5129 εὶς
3089 5062 3193 5127 τὰς
3229 5059 3427 5124 αὐλὰς
3468 5054 3567 5108 τοῦ
3614 5042 3785 5139 Rm?

2293 5159 2409 5214 καὶ
2431 5155 2584 5222 αὖθις
2619 5156 2823 5229 προϊών
2856 5172 3021 5227 φησιο
3068 5154 3142 5207 Τὰ
3174 5146 3564 5216 θυσιαστήριά
3596 5136 3789 5229 comiti:

2286 5268 2382 5318 pte
2420 5249 2539 5304 τῶν
2580 5221 2929 5318 δυίθάμεωτλ..
2958 5246 3067 5298 Καὶ
3110 5245 3209 5315 ὅρα
3249 5245 3295 5295 εί
3347 5240 3421 5311 μὴ
3462 5230 3718 5306 συμφώνως
3746 5221 3788 5286 τί.

2293 5345 2587 5414 προγραφῇ
2633 5340 2785 5407 ὑπὲρ
2830 5338 2948 5392 τῶν
2986 5334 3191 5403 ληνῶν
3225 5331 3547 5404 περιεχούσῃ
3581 5320 3790 5414 πληθυντι-

2294 5434 2407 5497 κῶς
2435 5434 2504 5486 τὰ
2538 5430 2868 5503 σκηνώματα
2894 5430 3124 5501 εἴρηται,
3161 5427 3253 5479 καὶ
3285 5423 3446 5476 αὐλαὶ
3475 5421 3562 5471 καὶ
3583 5414 3639 5465 τὰ
3661 5410 3791 5503 θυπξι

2298 5525 2511 5594 στήρια,
2546 5521 2729 5591 σαφῶς
2762 5520 2854 5573 τοῦ
2893 5518 3049 5586 λόγου
3084 5517 3263 5570 οὐκέτι
3298 5514 3361 5566 τὸ
3402 5509 3611 5565 παλαιὸν
3635 5504 3681 5554 ἓν

2296 5632 2454 5684 νωμα
2479 5616 2537 5666 ἐν
2574 5612 2985 5685 Ἱεροσολύμοις,
3020 5611 3136 5663 οὐδὲ
3183 5610 3243 5661 τὸ
3286 5606 3343 5659 ἓν
3390 5583 3790 5687 θυσιαστήριθνίί

2295 5677 2479 5761 αὐτόθι
2514 5677 2814 5776 ἱδρυμένον,
2838 5677 2959 5758 οὐδὲ
3003 5702 3103 5774 τὴν
3138 5698 3318 5755 αὐτόθι
3356 5697 3485 5769 μίαν
3513 5690 3673 5760 αὐλὴν.
3701 5677 3789 5733 ἀλλά
