  <div class='ocr_page' id='page_1' title='image "/cluster/home/n/w/nwhite01/storage/ocr_20150623/23/hvd.32044019207711/532.png"; bbox 0 0 4004 6566; ppageno 0'>
   <div class='ocr_carea' id='block_1_1' title="bbox 265 410 407 468">
    <p class='ocr_par' dir='ltr' id='par_1_1' title="bbox 265 410 407 468">
     <span class='ocr_line' id='line_1_1' title="bbox 265 410 407 468; baseline 0 -1"><span class='ocrx_word' id='word_1_1' title='bbox 265 410 407 468; x_wconf 68' lang='grc'>1005</span> 
     </span>
    </p>
   </div>
   <div class='ocr_carea' id='block_1_2' title="bbox 1393 413 2384 473">
    <p class='ocr_par' dir='ltr' id='par_1_2' title="bbox 1393 413 2384 473">
     <span class='ocr_line' id='line_1_2' title="bbox 1393 413 2384 473; baseline 0 -2"><span class='ocrx_word' id='word_1_2' title='bbox 1393 413 1892 473; x_wconf 77' lang='lat' dir='ltr'><strong>COMMENTARIA</strong></span> <span class='ocrx_word' id='word_1_3' title='bbox 1937 413 2004 471; x_wconf 85' lang='lat' dir='ltr'><strong>IN</strong></span> <span class='ocrx_word' id='word_1_4' title='bbox 2044 413 2384 471; x_wconf 84' lang='lat' dir='ltr'><strong>PSALMOS.</strong></span> 
     </span>
    </p>
   </div>
   <div class='ocr_carea' id='block_1_3' title="bbox 3379 414 3524 471">
    <p class='ocr_par' dir='ltr' id='par_1_3' title="bbox 3379 414 3524 471">
     <span class='ocr_line' id='line_1_3' title="bbox 3379 414 3524 471; baseline 0.014 -2"><span class='ocrx_word' id='word_1_5' title='bbox 3379 414 3524 471; x_wconf 71' lang='grc'>1006</span> 
     </span>
    </p>
   </div>
   <div class='ocr_carea' id='block_1_4' title="bbox 260 526 1860 605">
    <p class='ocr_par' dir='ltr' id='par_1_4' title="bbox 260 526 1848 605">
     <span class='ocr_line' id='line_1_4' title="bbox 260 526 1848 605; baseline 0.001 -20"><span class='ocrx_word' id='word_1_6' title='bbox 260 528 332 585; x_wconf 78' lang='grc' dir='ltr'>τὰ</span> <span class='ocrx_word' id='word_1_7' title='bbox 376 526 499 583; x_wconf 85' lang='grc' dir='ltr'>καθ’</span> <span class='ocrx_word' id='word_1_8' title='bbox 536 529 665 603; x_wconf 82' lang='grc' dir='ltr'><strong>ὅλης</strong></span> <span class='ocrx_word' id='word_1_9' title='bbox 703 530 804 600; x_wconf 84' lang='grc' dir='ltr'><strong>τῆς</strong></span> <span class='ocrx_word' id='word_1_10' title='bbox 843 529 1144 603; x_wconf 85' lang='grc' dir='ltr'>ἀνθρώπων</span> <span class='ocrx_word' id='word_1_11' title='bbox 1189 532 1513 605; x_wconf 76' lang='grc' dir='ltr'><strong>οἰκουμένης</strong></span> <span class='ocrx_word' id='word_1_12' title='bbox 1556 534 1848 605; x_wconf 77' lang='grc' dir='ltr'>θυσιαστήο</span> 
     </span>
    </p>
   </div>
   <div class='ocr_carea' id='block_1_5' title="bbox 1965 526 3524 605">
    <p class='ocr_par' dir='ltr' id='par_1_5' title="bbox 1965 529 3524 599">
     <span class='ocr_line' id='line_1_5' title="bbox 1965 529 3524 599; baseline 0 -13"><span class='ocrx_word' id='word_1_13' title='bbox 1965 531 2118 598; x_wconf 88' lang='lat' dir='ltr'><strong>mine,</strong></span> <span class='ocrx_word' id='word_1_14' title='bbox 2147 532 2501 590; x_wconf 89' lang='lat' dir='ltr'><strong>tabernacula</strong></span> <span class='ocrx_word' id='word_1_15' title='bbox 2540 538 2657 594; x_wconf 86' lang='lat' dir='ltr'><strong>tua.</strong></span> <span class='ocrx_word' id='word_1_16' title='bbox 2685 531 2882 587; x_wconf 83' lang='lat' dir='ltr'><strong>dilecta</strong></span> <span class='ocrx_word' id='word_1_17' title='bbox 2906 541 2960 586; x_wconf 91' lang='lat' dir='ltr'><strong>et</strong></span> <span class='ocrx_word' id='word_1_18' title='bbox 2988 529 3239 586; x_wconf 83' lang='lat' dir='ltr'><strong>amabilia</strong></span> <span class='ocrx_word' id='word_1_19' title='bbox 3274 540 3422 599; x_wconf 88' lang='lat' dir='ltr'><strong>sunt,</strong></span> <span class='ocrx_word' id='word_1_20' title='bbox 3466 534 3524 587; x_wconf 87' lang='lat' dir='ltr'><strong>in</strong></span> 
     </span>
    </p>
   </div>
   <div class='ocr_carea' id='block_1_6' title="bbox 267 620 1846 699">
    <p class='ocr_par' dir='ltr' id='par_1_6' title="bbox 267 620 1846 699">
     <span class='ocr_line' id='line_1_6' title="bbox 267 620 1846 699; baseline 0.004 -25"><span class='ocrx_word' id='word_1_21' title='bbox 267 638 357 693; x_wconf 87' lang='grc' dir='ltr'><strong>ρια</strong></span> <span class='ocrx_word' id='word_1_22' title='bbox 409 620 506 675; x_wconf 77' lang='grc' dir='ltr'><strong>καὶ</strong></span> <span class='ocrx_word' id='word_1_23' title='bbox 551 622 621 676; x_wconf 85' lang='grc' dir='ltr'>τὰ</span> <span class='ocrx_word' id='word_1_24' title='bbox 669 622 1002 694; x_wconf 80' lang='grc' dir='ltr'><strong>σκηνώματα</strong></span> <span class='ocrx_word' id='word_1_25' title='bbox 1050 625 1144 679; x_wconf 72' lang='grc' dir='ltr'><strong>καὶ</strong></span> <span class='ocrx_word' id='word_1_26' title='bbox 1186 626 1285 689; x_wconf 83' lang='grc' dir='ltr'>τὰς</span> <span class='ocrx_word' id='word_1_27' title='bbox 1332 627 1500 690; x_wconf 77' lang='grc' dir='ltr'>αὐλὰς</span> <span class='ocrx_word' id='word_1_28' title='bbox 1542 628 1846 699; x_wconf 80' lang='grc' dir='ltr'><strong>δηλοῦντος.</strong></span> 
     </span>
    </p>
   </div>
   <div class='ocr_carea' id='block_1_7' title="bbox 268 706 1849 788">
    <p class='ocr_par' dir='ltr' id='par_1_7' title="bbox 268 706 1849 788">
     <span class='ocr_line' id='line_1_7' title="bbox 268 706 1849 788; baseline 0.005 -25"><span class='ocrx_word' id='word_1_29' title='bbox 268 710 449 764; x_wconf 80' lang='grc' dir='ltr'>Ἀλλοι</span> <span class='ocrx_word' id='word_1_30' title='bbox 485 711 583 781; x_wconf 82' lang='grc' dir='ltr'><strong>μὲν</strong></span> <span class='ocrx_word' id='word_1_31' title='bbox 613 706 705 765; x_wconf 74' lang='grc' dir='ltr'><strong>οὖν</strong></span> <span class='ocrx_word' id='word_1_32' title='bbox 730 713 885 776; x_wconf 80' lang='grc' dir='ltr'>ἄλλα,</span> <span class='ocrx_word' id='word_1_33' title='bbox 920 715 1102 783; x_wconf 78' lang='grc' dir='ltr'>φησὶν,</span> <span class='ocrx_word' id='word_1_34' title='bbox 1134 714 1412 782; x_wconf 82' lang='grc' dir='ltr'><strong>ἀγαπῶσι,</strong></span> <span class='ocrx_word' id='word_1_35' title='bbox 1442 716 1534 770; x_wconf 82' lang='grc' dir='ltr'><strong>καὶ</strong></span> <span class='ocrx_word' id='word_1_36' title='bbox 1562 719 1689 788; x_wconf 72' lang='grc' dir='ltr'>περὶ</span> <span class='ocrx_word' id='word_1_37' title='bbox 1720 718 1849 771; x_wconf 85' lang='grc' dir='ltr'>πολ-</span> 
     </span>
    </p>
   </div>
   <div class='ocr_carea' id='block_1_8' title="bbox 263 799 1850 879">
    <p class='ocr_par' dir='ltr' id='par_1_8' title="bbox 263 799 1850 879">
     <span class='ocr_line' id='line_1_8' title="bbox 263 799 1850 879; baseline 0.004 -23"><span class='ocrx_word' id='word_1_38' title='bbox 263 802 356 856; x_wconf 88' lang='grc' dir='ltr'><strong>λοῦ</strong></span> <span class='ocrx_word' id='word_1_39' title='bbox 385 804 661 858; x_wconf 84' lang='grc' dir='ltr'>ποιοῦνται</span> <span class='ocrx_word' id='word_1_40' title='bbox 681 820 695 832; x_wconf 72' lang='grc'><strong><em>⁸</em></strong></span> <span class='ocrx_word' id='word_1_41' title='bbox 728 805 849 876; x_wconf 76' lang='grc' dir='ltr'>ἐμοὶ</span> <span class='ocrx_word' id='word_1_42' title='bbox 881 805 958 870; x_wconf 87' lang='grc' dir='ltr'><strong>δὲ,</strong></span> <span class='ocrx_word' id='word_1_43' title='bbox 992 799 1037 857; x_wconf 82' lang='grc' dir='ltr'><strong>ὧ</strong></span> <span class='ocrx_word' id='word_1_44' title='bbox 1074 805 1268 878; x_wconf 84' lang='grc' dir='ltr'>Κύριε,</span> <span class='ocrx_word' id='word_1_45' title='bbox 1308 808 1377 861; x_wconf 83' lang='grc' dir='ltr'>τὰ</span> <span class='ocrx_word' id='word_1_46' title='bbox 1417 808 1485 861; x_wconf 85' lang='grc' dir='ltr'>σὰ</span> <span class='ocrx_word' id='word_1_47' title='bbox 1520 808 1850 879; x_wconf 85' lang='grc' dir='ltr'>σκηνώματα</span> 
     </span>
    </p>
   </div>
   <div class='ocr_carea' id='block_1_9' title="bbox 265 893 1849 972">
    <p class='ocr_par' dir='ltr' id='par_1_9' title="bbox 265 893 1849 972">
     <span class='ocr_line' id='line_1_9' title="bbox 265 893 1849 972; baseline 0.005 -25"><span class='ocrx_word' id='word_1_48' title='bbox 265 896 539 966; x_wconf 87' lang='grc' dir='ltr'>προσφιλῆ</span> <span class='ocrx_word' id='word_1_49' title='bbox 572 898 665 949; x_wconf 74' lang='grc' dir='ltr'><strong>καὶ</strong></span> <span class='ocrx_word' id='word_1_50' title='bbox 706 896 963 967; x_wconf 79' lang='grc' dir='ltr'>ἀγαπητὰ</span> <span class='ocrx_word' id='word_1_51' title='bbox 996 898 1271 968; x_wconf 84' lang='grc' dir='ltr'>τυγχάνει,</span> <span class='ocrx_word' id='word_1_52' title='bbox 1305 901 1362 951; x_wconf 82' lang='grc' dir='ltr'>ὲν</span> <span class='ocrx_word' id='word_1_53' title='bbox 1393 893 1476 964; x_wconf 79' lang='grc' dir='ltr'>οἷς</span> <span class='ocrx_word' id='word_1_54' title='bbox 1509 902 1849 972; x_wconf 79' lang='grc' dir='ltr'>κατηξίωσας</span> 
     </span>
    </p>
   </div>
   <div class='ocr_carea' id='block_1_10' title="bbox 264 985 1849 1061">
    <p class='ocr_par' dir='ltr' id='par_1_10' title="bbox 264 985 1849 1061">
     <span class='ocr_line' id='line_1_10' title="bbox 264 985 1849 1061; baseline 0.002 -21"><span class='ocrx_word' id='word_1_55' title='bbox 264 985 429 1049; x_wconf 77' lang='grc' dir='ltr'>αὐτὸς</span> <span class='ocrx_word' id='word_1_56' title='bbox 475 986 590 1056; x_wconf 76' lang='grc' dir='ltr'><strong>ἅμα</strong></span> <span class='ocrx_word' id='word_1_57' title='bbox 640 986 947 1058; x_wconf 84' lang='grc' dir='ltr'>ἀνθρώποις</span> <span class='ocrx_word' id='word_1_58' title='bbox 1007 988 1106 1044; x_wconf 77' lang='grc' dir='ltr'><strong>τὰς</strong></span> <span class='ocrx_word' id='word_1_59' title='bbox 1158 988 1435 1059; x_wconf 74' lang='grc' dir='ltr'>διατριϐὰς</span> <span class='ocrx_word' id='word_1_60' title='bbox 1486 991 1849 1061; x_wconf 82' lang='grc' dir='ltr'>ποιησάμενος</span> 
     </span>
    </p>
   </div>
   <div class='ocr_carea' id='block_1_11' title="bbox 264 1078 1847 1149">
    <p class='ocr_par' dir='ltr' id='par_1_11' title="bbox 264 1078 1847 1149">
     <span class='ocr_line' id='line_1_11' title="bbox 264 1078 1847 1149; baseline 0.002 -19"><span class='ocrx_word' id='word_1_61' title='bbox 264 1078 718 1148; x_wconf 88' lang='grc' dir='ltr'>κατασκηνῶσαι,</span> <span class='ocrx_word' id='word_1_62' title='bbox 769 1080 975 1149; x_wconf 76' lang='grc' dir='ltr'>φήσαςο</span> <span class='ocrx_word' id='word_1_63' title='bbox 1035 1080 1214 1133; x_wconf 85' lang='grc' dir='ltr'>Ὅπου</span> <span class='ocrx_word' id='word_1_64' title='bbox 1254 1080 1364 1134; x_wconf 80' lang='grc' dir='ltr'>δύο</span> <span class='ocrx_word' id='word_1_65' title='bbox 1410 1081 1449 1148; x_wconf 76' lang='grc' dir='ltr'>ἢ</span> <span class='ocrx_word' id='word_1_66' title='bbox 1498 1080 1649 1149; x_wconf 82' lang='grc' dir='ltr'><em>τρεῖς</em></span> <span class='ocrx_word' id='word_1_67' title='bbox 1697 1098 1847 1134; x_wconf 83' lang='grc' dir='ltr'>συν-</span> 
     </span>
    </p>
   </div>
   <div class='ocr_carea' id='block_1_12' title="bbox 263 1168 1851 1242">
    <p class='ocr_par' dir='ltr' id='par_1_12' title="bbox 263 1168 1851 1242">
     <span class='ocr_line' id='line_1_12' title="bbox 263 1168 1851 1242; baseline 0.003 -20"><span class='ocrx_word' id='word_1_68' title='bbox 263 1168 509 1238; x_wconf 83' lang='grc' dir='ltr'>ηγμένοι</span> <span class='ocrx_word' id='word_1_69' title='bbox 522 1170 684 1222; x_wconf 80' lang='grc' dir='ltr'>εἰσὶν</span> <span class='ocrx_word' id='word_1_70' title='bbox 708 1172 792 1235; x_wconf 82' lang='grc' dir='ltr'><strong>εἰς</strong></span> <span class='ocrx_word' id='word_1_71' title='bbox 820 1170 885 1222; x_wconf 82' lang='grc' dir='ltr'>τὸ</span> <span class='ocrx_word' id='word_1_72' title='bbox 907 1171 1052 1239; x_wconf 79' lang='grc' dir='ltr'>ἐμὸν</span> <span class='ocrx_word' id='word_1_73' title='bbox 1077 1170 1281 1240; x_wconf 81' lang='grc' dir='ltr'>ὄνομα,</span> <span class='ocrx_word' id='word_1_74' title='bbox 1302 1173 1433 1225; x_wconf 78' lang='grc' dir='ltr'>ἐκεῖ</span> <span class='ocrx_word' id='word_1_75' title='bbox 1455 1175 1569 1241; x_wconf 83' lang='grc' dir='ltr'>εἰμι</span> <span class='ocrx_word' id='word_1_76' title='bbox 1596 1174 1666 1226; x_wconf 84' lang='grc' dir='ltr'>ἐν</span> <span class='ocrx_word' id='word_1_77' title='bbox 1683 1173 1851 1242; x_wconf 83' lang='grc' dir='ltr'>μέσῳ</span> 
     </span>
    </p>
   </div>
   <div class='ocr_carea' id='block_1_13' title="bbox 267 1258 1852 1337">
    <p class='ocr_par' dir='ltr' id='par_1_13' title="bbox 267 1258 1852 1337">
     <span class='ocr_line' id='line_1_13' title="bbox 267 1258 1852 1337; baseline 0.004 -24"><span class='ocrx_word' id='word_1_78' title='bbox 267 1258 484 1316; x_wconf 88' lang='grc' dir='ltr'>αὐτῶν.</span> <span class='ocrx_word' id='word_1_79' title='bbox 529 1261 684 1315; x_wconf 76' lang='grc' dir='ltr'>Οῦτω</span> <span class='ocrx_word' id='word_1_80' title='bbox 717 1261 771 1315; x_wconf 80' lang='grc' dir='ltr'>δέ</span> <span class='ocrx_word' id='word_1_81' title='bbox 804 1280 892 1332; x_wconf 86' lang='grc' dir='ltr'><strong>μοι</strong></span> <span class='ocrx_word' id='word_1_82' title='bbox 927 1264 1198 1334; x_wconf 82' lang='grc' dir='ltr'>προσφιλῆ</span> <span class='ocrx_word' id='word_1_83' title='bbox 1241 1267 1333 1318; x_wconf 77' lang='grc' dir='ltr'>καὶ</span> <span class='ocrx_word' id='word_1_84' title='bbox 1371 1265 1632 1337; x_wconf 79' lang='grc' dir='ltr'>ἀγαπητά</span> <span class='ocrx_word' id='word_1_85' title='bbox 1654 1267 1852 1337; x_wconf 77' lang='grc' dir='ltr'>τυγχά-</span> 
     </span>
    </p>
   </div>
   <div class='ocr_carea' id='block_1_14' title="bbox 268 1352 1851 1429">
    <p class='ocr_par' dir='ltr' id='par_1_14' title="bbox 268 1352 1851 1429">
     <span class='ocr_line' id='line_1_14' title="bbox 268 1352 1851 1429; baseline 0.003 -22"><span class='ocrx_word' id='word_1_86' title='bbox 268 1370 347 1407; x_wconf 90' lang='grc' dir='ltr'><strong>νει</strong></span> <span class='ocrx_word' id='word_1_87' title='bbox 384 1352 454 1407; x_wconf 85' lang='grc' dir='ltr'>τὰ</span> <span class='ocrx_word' id='word_1_88' title='bbox 487 1355 767 1425; x_wconf 78' lang='grc' dir='ltr'>εἰρημένα,</span> <span class='ocrx_word' id='word_1_89' title='bbox 810 1355 953 1409; x_wconf 82' lang='grc' dir='ltr'>ὥστε</span> <span class='ocrx_word' id='word_1_90' title='bbox 993 1356 1059 1409; x_wconf 82' lang='grc' dir='ltr'>δι’</span> <span class='ocrx_word' id='word_1_91' title='bbox 1100 1356 1399 1428; x_wconf 85' lang='grc' dir='ltr'>ὑπερϐολὴν</span> <span class='ocrx_word' id='word_1_92' title='bbox 1428 1358 1718 1429; x_wconf 80' lang='grc' dir='ltr'>ἐπιθυμίας</span> <span class='ocrx_word' id='word_1_93' title='bbox 1756 1361 1851 1412; x_wconf 86' lang='grc' dir='ltr'>αὐ-</span> 
     </span>
    </p>
   </div>
   <div class='ocr_carea' id='block_1_15' title="bbox 266 1444 1849 1519">
    <p class='ocr_par' dir='ltr' id='par_1_15' title="bbox 266 1444 1849 1519">
     <span class='ocr_line' id='line_1_15' title="bbox 266 1444 1849 1519; baseline 0.003 -23"><span class='ocrx_word' id='word_1_94' title='bbox 266 1444 374 1498; x_wconf 84' lang='grc' dir='ltr'><strong>τῶν</strong></span> <span class='ocrx_word' id='word_1_95' title='bbox 425 1444 704 1515; x_wconf 85' lang='grc' dir='ltr'>ὁμολογεῖν</span> <span class='ocrx_word' id='word_1_96' title='bbox 755 1444 1027 1499; x_wconf 78' lang='grc' dir='ltr'>ἐκλείπειν</span> <span class='ocrx_word' id='word_1_97' title='bbox 1068 1446 1167 1516; x_wconf 84' lang='grc' dir='ltr'><strong>τὴν</strong></span> <span class='ocrx_word' id='word_1_98' title='bbox 1228 1447 1406 1518; x_wconf 82' lang='grc' dir='ltr'>ψυχήν</span> <span class='ocrx_word' id='word_1_99' title='bbox 1477 1464 1576 1518; x_wconf 85' lang='grc' dir='ltr'><strong>μου</strong></span> <span class='ocrx_word' id='word_1_100' title='bbox 1617 1448 1695 1517; x_wconf 73' lang='grc' dir='ltr'>τῷ</span> <span class='ocrx_word' id='word_1_101' title='bbox 1723 1448 1849 1519; x_wconf 72' lang='grc' dir='ltr'>περὶ</span> 
     </span>
    </p>
   </div>
   <div class='ocr_carea' id='block_1_16' title="bbox 268 1532 1853 1609">
    <p class='ocr_par' dir='ltr' id='par_1_16' title="bbox 268 1532 1853 1609">
     <span class='ocr_line' id='line_1_16' title="bbox 268 1532 1853 1609; baseline 0.003 -24"><span class='ocrx_word' id='word_1_102' title='bbox 268 1532 441 1596; x_wconf 84' lang='grc' dir='ltr'>αὐτὰς</span> <span class='ocrx_word' id='word_1_103' title='bbox 487 1532 639 1604; x_wconf 84' lang='grc' dir='ltr'>πόθῳ</span> <span class='ocrx_word' id='word_1_104' title='bbox 691 1535 1020 1605; x_wconf 79' lang='grc' dir='ltr'>νικωμένην,</span> <span class='ocrx_word' id='word_1_105' title='bbox 1068 1536 1162 1587; x_wconf 72' lang='grc' dir='ltr'><strong>καὶ</strong></span> <span class='ocrx_word' id='word_1_106' title='bbox 1199 1535 1300 1606; x_wconf 88' lang='grc' dir='ltr'><strong>τῆς</strong></span> <span class='ocrx_word' id='word_1_107' title='bbox 1332 1534 1475 1606; x_wconf 85' lang='grc' dir='ltr'>ζωῆς</span> <span class='ocrx_word' id='word_1_108' title='bbox 1512 1537 1681 1608; x_wconf 78' lang='grc' dir='ltr'>αὐτῆς</span> <span class='ocrx_word' id='word_1_109' title='bbox 1720 1555 1853 1609; x_wconf 87' lang='grc' dir='ltr'>προ-</span> 
     </span>
    </p>
   </div>
   <div class='ocr_carea' id='block_1_17' title="bbox 267 1626 1849 1700">
    <p class='ocr_par' dir='ltr' id='par_1_17' title="bbox 267 1626 1849 1700">
     <span class='ocr_line' id='line_1_17' title="bbox 267 1626 1849 1700; baseline 0.003 -22"><span class='ocrx_word' id='word_1_110' title='bbox 267 1627 434 1696; x_wconf 79' lang='grc' dir='ltr'>τιμᾷν</span> <span class='ocrx_word' id='word_1_111' title='bbox 467 1626 567 1688; x_wconf 84' lang='grc' dir='ltr'>τὰς</span> <span class='ocrx_word' id='word_1_112' title='bbox 620 1626 677 1678; x_wconf 73' lang='grc' dir='ltr'>ἐν</span> <span class='ocrx_word' id='word_1_113' title='bbox 748 1628 867 1689; x_wconf 85' lang='grc' dir='ltr'>ταῖς</span> <span class='ocrx_word' id='word_1_114' title='bbox 908 1626 1097 1689; x_wconf 84' lang='grc' dir='ltr'>αὐλαῖς</span> <span class='ocrx_word' id='word_1_115' title='bbox 1135 1644 1228 1679; x_wconf 90' lang='grc' dir='ltr'><strong>σου</strong></span> <span class='ocrx_word' id='word_1_116' title='bbox 1289 1628 1590 1700; x_wconf 88' lang='grc' dir='ltr'>διατριϐάς.</span> <span class='ocrx_word' id='word_1_117' title='bbox 1639 1631 1751 1683; x_wconf 71' lang='grc' dir='ltr'>Καὶ</span> <span class='ocrx_word' id='word_1_118' title='bbox 1789 1630 1849 1683; x_wconf 83' lang='grc' dir='ltr'><strong>οὐ</strong></span> 
     </span>
    </p>
   </div>
   <div class='ocr_carea' id='block_1_18' title="bbox 272 1717 1851 1794">
    <p class='ocr_par' dir='ltr' id='par_1_18' title="bbox 272 1717 1851 1794">
     <span class='ocr_line' id='line_1_18' title="bbox 272 1717 1851 1794; baseline 0.004 -26"><span class='ocrx_word' id='word_1_119' title='bbox 272 1717 410 1789; x_wconf 84' lang='grc' dir='ltr'>μόνη</span> <span class='ocrx_word' id='word_1_120' title='bbox 434 1720 560 1789; x_wconf 84' lang='grc' dir='ltr'>γεή</span> <span class='ocrx_word' id='word_1_121' title='bbox 604 1718 748 1789; x_wconf 73' lang='grc' dir='ltr'>ψυχή</span> <span class='ocrx_word' id='word_1_122' title='bbox 810 1736 910 1789; x_wconf 90' lang='grc' dir='ltr'><strong>μου</strong></span> <span class='ocrx_word' id='word_1_123' title='bbox 952 1719 1215 1784; x_wconf 78' lang='grc' dir='ltr'>ἐκλείπει,</span> <span class='ocrx_word' id='word_1_124' title='bbox 1267 1719 1400 1775; x_wconf 83' lang='grc' dir='ltr'>ἀλλὰ</span> <span class='ocrx_word' id='word_1_125' title='bbox 1440 1722 1534 1774; x_wconf 80' lang='grc' dir='ltr'><strong>καὶ</strong></span> <span class='ocrx_word' id='word_1_126' title='bbox 1588 1722 1621 1793; x_wconf 82' lang='grc' dir='ltr'><strong>ἡ</strong></span> <span class='ocrx_word' id='word_1_127' title='bbox 1658 1722 1851 1794; x_wconf 87' lang='grc' dir='ltr'>καρδία</span> 
     </span>
    </p>
   </div>
   <div class='ocr_carea' id='block_1_19' title="bbox 271 1810 1852 1884">
    <p class='ocr_par' dir='ltr' id='par_1_19' title="bbox 271 1810 1852 1884">
     <span class='ocr_line' id='line_1_19' title="bbox 271 1810 1852 1884; baseline 0.004 -23"><span class='ocrx_word' id='word_1_128' title='bbox 271 1826 375 1879; x_wconf 83' lang='grc' dir='ltr'><strong>μου</strong></span> <span class='ocrx_word' id='word_1_129' title='bbox 430 1810 525 1864; x_wconf 76' lang='grc' dir='ltr'><strong>καὶ</strong></span> <span class='ocrx_word' id='word_1_130' title='bbox 578 1810 714 1881; x_wconf 88' lang='grc' dir='ltr'>πρὸς</span> <span class='ocrx_word' id='word_1_131' title='bbox 764 1813 831 1881; x_wconf 77' lang='grc' dir='ltr'>τῇ</span> <span class='ocrx_word' id='word_1_132' title='bbox 887 1812 1083 1884; x_wconf 81' lang='grc' dir='ltr'>καρδίᾳ</span> <span class='ocrx_word' id='word_1_133' title='bbox 1147 1830 1248 1883; x_wconf 90' lang='grc' dir='ltr'><strong>μου</strong></span> <span class='ocrx_word' id='word_1_134' title='bbox 1302 1813 1396 1866; x_wconf 75' lang='grc' dir='ltr'><strong>καὶ</strong></span> <span class='ocrx_word' id='word_1_135' title='bbox 1452 1813 1583 1866; x_wconf 83' lang='grc' dir='ltr'>αὐτό</span> <span class='ocrx_word' id='word_1_136' title='bbox 1644 1831 1745 1884; x_wconf 93' lang='grc' dir='ltr'><strong>μου</strong></span> <span class='ocrx_word' id='word_1_137' title='bbox 1791 1814 1852 1867; x_wconf 83' lang='grc' dir='ltr'><strong>τὸ</strong></span> 
     </span>
    </p>
   </div>
   <div class='ocr_carea' id='block_1_20' title="bbox 1954 623 3527 696">
    <p class='ocr_par' dir='ltr' id='par_1_20' title="bbox 1954 623 3527 696">
     <span class='ocr_line' id='line_1_20' title="bbox 1954 623 3527 696; baseline 0.001 -18"><span class='ocrx_word' id='word_1_138' title='bbox 1954 626 2153 695; x_wconf 82' lang='lat' dir='ltr'><strong>quibus</strong></span> <span class='ocrx_word' id='word_1_139' title='bbox 2194 625 2311 696; x_wconf 88' lang='lat' dir='ltr'><strong>ipse</strong></span> <span class='ocrx_word' id='word_1_140' title='bbox 2346 641 2451 679; x_wconf 82' lang='lat' dir='ltr'><strong>una</strong></span> <span class='ocrx_word' id='word_1_141' title='bbox 2482 640 2607 679; x_wconf 89' lang='lat' dir='ltr'><strong>cum</strong></span> <span class='ocrx_word' id='word_1_142' title='bbox 2642 623 2959 679; x_wconf 89' lang='lat' dir='ltr'><strong>hominibus</strong></span> <span class='ocrx_word' id='word_1_143' title='bbox 3009 623 3213 677; x_wconf 89' lang='lat' dir='ltr'><strong>morari</strong></span> <span class='ocrx_word' id='word_1_144' title='bbox 3260 624 3527 693; x_wconf 87' lang='lat' dir='ltr'><strong>sedesque</strong></span> 
     </span>
    </p>
   </div>
   <div class='ocr_carea' id='block_1_21' title="bbox 1953 713 3524 787">
    <p class='ocr_par' dir='ltr' id='par_1_21' title="bbox 1953 713 3524 787">
     <span class='ocr_line' id='line_1_21' title="bbox 1953 713 3524 787; baseline -0.001 -18"><span class='ocrx_word' id='word_1_145' title='bbox 1953 731 2155 786; x_wconf 88' lang='lat' dir='ltr'><strong>ponere</strong></span> <span class='ocrx_word' id='word_1_146' title='bbox 2205 716 2462 787; x_wconf 84' lang='lat' dir='ltr'><strong>dignatus</strong></span> <span class='ocrx_word' id='word_1_147' title='bbox 2503 731 2600 782; x_wconf 93' lang='lat' dir='ltr'><strong>es;</strong></span> <span class='ocrx_word' id='word_1_148' title='bbox 2632 730 2758 769; x_wconf 91' lang='lat' dir='ltr'><strong>nam</strong></span> <span class='ocrx_word' id='word_1_149' title='bbox 2801 714 2941 769; x_wconf 89' lang='lat' dir='ltr'><strong>dicis</strong></span> <span class='ocrx_word' id='word_1_150' title='bbox 2982 733 2994 768; x_wconf 94' lang='lat'><strong>:</strong></span> <span class='ocrx_word' id='word_1_151' title='bbox 3037 713 3136 769; x_wconf 90' lang='lat' dir='ltr'><strong>Ubi</strong></span> <span class='ocrx_word' id='word_1_152' title='bbox 3168 713 3272 768; x_wconf 88' lang='lat' dir='ltr'><strong>duo</strong></span> <span class='ocrx_word' id='word_1_153' title='bbox 3310 714 3389 769; x_wconf 80' lang='lat' dir='ltr'><strong>vel</strong></span> <span class='ocrx_word' id='word_1_154' title='bbox 3419 726 3524 769; x_wconf 88' lang='lat' dir='ltr'><strong>tres</strong></span> 
     </span>
    </p>
   </div>
   <div class='ocr_carea' id='block_1_22' title="bbox 1954 807 3524 877">
    <p class='ocr_par' dir='ltr' id='par_1_22' title="bbox 1954 807 3524 877">
     <span class='ocr_line' id='line_1_22' title="bbox 1954 807 3524 877; baseline 0 -16"><span class='ocrx_word' id='word_1_155' title='bbox 1954 808 2251 877; x_wconf 77' lang='lat' dir='ltr'><strong>congregati</strong></span> <span class='ocrx_word' id='word_1_156' title='bbox 2288 808 2484 877; x_wconf 79' lang='lat' dir='ltr'><strong>fuerint</strong></span> <span class='ocrx_word' id='word_1_157' title='bbox 2507 810 2562 861; x_wconf 86' lang='lat' dir='ltr'><strong>in</strong></span> <span class='ocrx_word' id='word_1_158' title='bbox 2590 808 2797 862; x_wconf 80' lang='lat' dir='ltr'><strong>nomine</strong></span> <span class='ocrx_word' id='word_1_159' title='bbox 2822 824 2956 870; x_wconf 89' lang='lat' dir='ltr'><strong>meo,</strong></span> <span class='ocrx_word' id='word_1_160' title='bbox 2985 807 3095 861; x_wconf 80' lang='lat' dir='ltr'><strong>illic</strong></span> <span class='ocrx_word' id='word_1_161' title='bbox 3120 823 3237 861; x_wconf 89' lang='lat' dir='ltr'><strong>sum</strong></span> <span class='ocrx_word' id='word_1_162' title='bbox 3273 808 3329 860; x_wconf 88' lang='lat' dir='ltr'><strong>in</strong></span> <span class='ocrx_word' id='word_1_163' title='bbox 3356 807 3524 862; x_wconf 83' lang='lat' dir='ltr'><strong>medio</strong></span> 
     </span>
    </p>
   </div>
   <div class='ocr_carea' id='block_1_23' title="bbox 1952 898 3527 969">
    <p class='ocr_par' dir='ltr' id='par_1_23' title="bbox 1952 898 3527 969">
     <span class='ocr_line' id='line_1_23' title="bbox 1952 898 3527 969; baseline 0.001 -18"><span class='ocrx_word' id='word_1_164' title='bbox 1952 914 2134 951; x_wconf 90' lang='lat' dir='ltr'><strong>eorum</strong></span> <span class='ocrx_word' id='word_1_165' title='bbox 2172 901 2239 953; x_wconf 84' lang='grc'><strong>²¹.</strong></span> <span class='ocrx_word' id='word_1_166' title='bbox 2276 898 2352 953; x_wconf 90' lang='lat' dir='ltr'><strong>lta</strong></span> <span class='ocrx_word' id='word_1_167' title='bbox 2393 914 2558 969; x_wconf 91' lang='lat' dir='ltr'><strong>porro</strong></span> <span class='ocrx_word' id='word_1_168' title='bbox 2606 899 2739 952; x_wconf 88' lang='lat' dir='ltr'><strong>mihi</strong></span> <span class='ocrx_word' id='word_1_169' title='bbox 2789 899 2905 953; x_wconf 64' lang='lat' dir='ltr'><strong>haec</strong></span> <span class='ocrx_word' id='word_1_170' title='bbox 2934 899 3047 967; x_wconf 85' lang='lat' dir='ltr'><strong>jam</strong></span> <span class='ocrx_word' id='word_1_171' title='bbox 3095 906 3395 953; x_wconf 89' lang='lat' dir='ltr'><strong>memorata</strong></span> <span class='ocrx_word' id='word_1_172' title='bbox 3442 899 3527 953; x_wconf 89' lang='lat' dir='ltr'><strong>di-</strong></span> 
     </span>
    </p>
   </div>
   <div class='ocr_carea' id='block_1_24' title="bbox 1953 990 3528 1055">
    <p class='ocr_par' dir='ltr' id='par_1_24' title="bbox 1953 990 3528 1055">
     <span class='ocr_line' id='line_1_24' title="bbox 1953 990 3528 1055; baseline 0.001 -10"><span class='ocrx_word' id='word_1_173' title='bbox 1953 993 2092 1046; x_wconf 79' lang='lat' dir='ltr'><strong>lecta</strong></span> <span class='ocrx_word' id='word_1_174' title='bbox 2118 1000 2173 1046; x_wconf 91' lang='lat' dir='ltr'><strong>et</strong></span> <span class='ocrx_word' id='word_1_175' title='bbox 2208 992 2461 1046; x_wconf 83' lang='lat' dir='ltr'><strong>amabilia</strong></span> <span class='ocrx_word' id='word_1_176' title='bbox 2494 1000 2644 1055; x_wconf 91' lang='lat' dir='ltr'><strong>sunt,</strong></span> <span class='ocrx_word' id='word_1_177' title='bbox 2685 998 2743 1045; x_wconf 93' lang='lat' dir='ltr'><strong>ut</strong></span> <span class='ocrx_word' id='word_1_178' title='bbox 2790 990 2963 1045; x_wconf 80' lang='lat' dir='ltr'><strong>fatear</strong></span> <span class='ocrx_word' id='word_1_179' title='bbox 3003 1007 3071 1047; x_wconf 78' lang='lat' dir='ltr'><strong>ex</strong></span> <span class='ocrx_word' id='word_1_180' title='bbox 3104 1007 3295 1047; x_wconf 87' lang='lat' dir='ltr'><strong>eorum</strong></span> <span class='ocrx_word' id='word_1_181' title='bbox 3326 1008 3528 1047; x_wconf 89' lang='lat' dir='ltr'><strong>concu-</strong></span> 
     </span>
    </p>
   </div>
   <div class='ocr_carea' id='block_1_25' title="bbox 1954 1081 3529 1150">
    <p class='ocr_par' dir='ltr' id='par_1_25' title="bbox 1954 1081 3529 1150">
     <span class='ocr_line' id='line_1_25' title="bbox 1954 1081 3529 1150; baseline 0.001 -16"><span class='ocrx_word' id='word_1_182' title='bbox 1954 1082 2221 1150; x_wconf 87' lang='lat' dir='ltr'><strong>piscentia</strong></span> <span class='ocrx_word' id='word_1_183' title='bbox 2245 1081 2484 1135; x_wconf 89' lang='lat' dir='ltr'><strong>animam</strong></span> <span class='ocrx_word' id='word_1_184' title='bbox 2509 1096 2709 1146; x_wconf 83' lang='lat' dir='ltr'><strong>meam,</strong></span> <span class='ocrx_word' id='word_1_185' title='bbox 2734 1096 2924 1136; x_wconf 84' lang='lat' dir='ltr'><strong>eorum</strong></span> <span class='ocrx_word' id='word_1_186' title='bbox 2952 1097 3137 1137; x_wconf 89' lang='lat' dir='ltr'><strong>amore</strong></span> <span class='ocrx_word' id='word_1_187' title='bbox 3162 1082 3529 1149; x_wconf 84' lang='lat' dir='ltr'><strong>victam,deli-</strong></span> 
     </span>
    </p>
   </div>
   <div class='ocr_carea' id='block_1_26' title="bbox 1953 1164 3526 1240">
    <p class='ocr_par' dir='ltr' id='par_1_26' title="bbox 1953 1164 3526 1240">
     <span class='ocr_line' id='line_1_26' title="bbox 1953 1164 3526 1240; baseline 0.001 -15"><span class='ocrx_word' id='word_1_188' title='bbox 1953 1186 2077 1226; x_wconf 89' lang='lat' dir='ltr'><strong>cere</strong></span> <span class='ocrx_word' id='word_1_189' title='bbox 2132 1180 2295 1240; x_wconf 89' lang='lat' dir='ltr'><strong>atque</strong></span> <span class='ocrx_word' id='word_1_190' title='bbox 2348 1172 2495 1225; x_wconf 84' lang='lat' dir='ltr'><strong>illam</strong></span> <span class='ocrx_word' id='word_1_191' title='bbox 2550 1172 2607 1225; x_wconf 94' lang='lat' dir='ltr'><strong>in</strong></span> <span class='ocrx_word' id='word_1_192' title='bbox 2670 1173 2827 1227; x_wconf 84' lang='lat' dir='ltr'><strong>atriis</strong></span> <span class='ocrx_word' id='word_1_193' title='bbox 2867 1172 2978 1228; x_wconf 89' lang='lat' dir='ltr'><strong>tuis</strong></span> <span class='ocrx_word' id='word_1_194' title='bbox 3038 1164 3526 1227; x_wconf 66' lang='lat' dir='ltr'><strong>commorationem</strong></span> 
     </span>
    </p>
   </div>
   <div class='ocr_carea' id='block_1_27' title="bbox 1951 1262 3529 1335">
    <p class='ocr_par' dir='ltr' id='par_1_27' title="bbox 1951 1262 3529 1335">
     <span class='ocr_line' id='line_1_27' title="bbox 1951 1262 3529 1335; baseline 0.003 -20"><span class='ocrx_word' id='word_1_195' title='bbox 1951 1262 2076 1316; x_wconf 86' lang='lat' dir='ltr'><strong>vitae</strong></span> <span class='ocrx_word' id='word_1_196' title='bbox 2098 1278 2314 1334; x_wconf 89' lang='lat' dir='ltr'><strong>quoque</strong></span> <span class='ocrx_word' id='word_1_197' title='bbox 2358 1271 2703 1332; x_wconf 88' lang='lat' dir='ltr'><strong>anteponere.</strong></span> <span class='ocrx_word' id='word_1_198' title='bbox 2770 1263 2958 1335; x_wconf 84' lang='lat' dir='ltr'><strong>Neque</strong></span> <span class='ocrx_word' id='word_1_199' title='bbox 2982 1265 3164 1319; x_wconf 87' lang='lat' dir='ltr'><strong>solum</strong></span> <span class='ocrx_word' id='word_1_200' title='bbox 3194 1266 3400 1329; x_wconf 89' lang='lat' dir='ltr'><strong>anima,</strong></span> <span class='ocrx_word' id='word_1_201' title='bbox 3433 1266 3529 1319; x_wconf 88' lang='lat' dir='ltr'><strong>sed</strong></span> 
     </span>
    </p>
   </div>
   <div class='ocr_carea' id='block_1_28' title="bbox 1953 1354 3532 1429">
    <p class='ocr_par' dir='ltr' id='par_1_28' title="bbox 1953 1354 3532 1429">
     <span class='ocr_line' id='line_1_28' title="bbox 1953 1354 3532 1429; baseline 0.001 -20"><span class='ocrx_word' id='word_1_202' title='bbox 1953 1364 2008 1409; x_wconf 90' lang='lat' dir='ltr'><strong>et</strong></span> <span class='ocrx_word' id='word_1_203' title='bbox 2043 1370 2139 1409; x_wconf 88' lang='lat' dir='ltr'><strong>cor</strong></span> <span class='ocrx_word' id='word_1_204' title='bbox 2184 1370 2380 1429; x_wconf 3' lang='lat' dir='ltr'><strong>meum,</strong></span> <span class='ocrx_word' id='word_1_205' title='bbox 2426 1354 2652 1420; x_wconf 82' lang='lat' dir='ltr'><strong>deﬁcit;</strong></span> <span class='ocrx_word' id='word_1_206' title='bbox 2686 1355 2796 1409; x_wconf 88' lang='lat' dir='ltr'><strong>imo</strong></span> <span class='ocrx_word' id='word_1_207' title='bbox 2847 1371 2978 1410; x_wconf 89' lang='lat' dir='ltr'><strong>vero</strong></span> <span class='ocrx_word' id='word_1_208' title='bbox 3015 1355 3192 1425; x_wconf 91' lang='lat' dir='ltr'><strong>ipsum</strong></span> <span class='ocrx_word' id='word_1_209' title='bbox 3242 1370 3442 1426; x_wconf 88' lang='lat' dir='ltr'><strong>corpus</strong></span> <span class='ocrx_word' id='word_1_210' title='bbox 3477 1368 3532 1411; x_wconf 85' lang='lat' dir='ltr'><strong>et</strong></span> 
     </span>
    </p>
   </div>
   <div class='ocr_carea' id='block_1_29' title="bbox 1954 1446 3532 1516">
    <p class='ocr_par' dir='ltr' id='par_1_29' title="bbox 1954 1446 3532 1516">
     <span class='ocr_line' id='line_1_29' title="bbox 1954 1446 3532 1516; baseline 0.004 -17"><span class='ocrx_word' id='word_1_211' title='bbox 1954 1461 2084 1501; x_wconf 90' lang='lat' dir='ltr'><strong>caro</strong></span> <span class='ocrx_word' id='word_1_212' title='bbox 2113 1461 2218 1516; x_wconf 88' lang='lat' dir='ltr'><strong>qua</strong></span> <span class='ocrx_word' id='word_1_213' title='bbox 2242 1446 2678 1501; x_wconf 88' lang='lat' dir='ltr'><strong>circumvestior.</strong></span> <span class='ocrx_word' id='word_1_214' title='bbox 2706 1446 2833 1501; x_wconf 79' lang='lat' dir='ltr'><strong>Ilaec</strong></span> <span class='ocrx_word' id='word_1_215' title='bbox 2882 1448 3085 1502; x_wconf 90' lang='lat' dir='ltr'><strong>etenim</strong></span> <span class='ocrx_word' id='word_1_216' title='bbox 3130 1464 3194 1503; x_wconf 79' lang='lat' dir='ltr'><strong>ex</strong></span> <span class='ocrx_word' id='word_1_217' title='bbox 3231 1450 3355 1503; x_wconf 71' lang='lat' dir='ltr'><strong>vita:</strong></span> <span class='ocrx_word' id='word_1_218' title='bbox 3384 1449 3532 1505; x_wconf 88' lang='lat' dir='ltr'><strong>illius</strong></span> 
     </span>
    </p>
   </div>
   <div class='ocr_carea' id='block_1_30' title="bbox 1953 1539 3534 1610">
    <p class='ocr_par' dir='ltr' id='par_1_30' title="bbox 1953 1539 3534 1610">
     <span class='ocr_line' id='line_1_30' title="bbox 1953 1539 3534 1610; baseline 0.001 -16"><span class='ocrx_word' id='word_1_219' title='bbox 1953 1554 2075 1610; x_wconf 79' lang='lat' dir='ltr'><strong>quae</strong></span> <span class='ocrx_word' id='word_1_220' title='bbox 2125 1553 2292 1609; x_wconf 83' lang='lat' dir='ltr'><strong>penes</strong></span> <span class='ocrx_word' id='word_1_221' title='bbox 2330 1546 2381 1593; x_wconf 82' lang='lat' dir='ltr'><strong>te</strong></span> <span class='ocrx_word' id='word_1_222' title='bbox 2428 1547 2513 1593; x_wconf 87' lang='lat' dir='ltr'><strong>est</strong></span> <span class='ocrx_word' id='word_1_223' title='bbox 2567 1540 2855 1603; x_wconf 83' lang='lat' dir='ltr'><strong>memoria,</strong></span> <span class='ocrx_word' id='word_1_224' title='bbox 2880 1539 3083 1610; x_wconf 86' lang='lat' dir='ltr'><strong>gaudio</strong></span> <span class='ocrx_word' id='word_1_225' title='bbox 3118 1550 3173 1595; x_wconf 91' lang='lat' dir='ltr'><strong>et</strong></span> <span class='ocrx_word' id='word_1_226' title='bbox 3222 1541 3410 1596; x_wconf 64' lang='lat' dir='ltr'><strong>laetitia</strong></span> <span class='ocrx_word' id='word_1_227' title='bbox 3446 1557 3534 1597; x_wconf 90' lang='lat' dir='ltr'><strong>re-</strong></span> 
     </span>
    </p>
   </div>
   <div class='ocr_carea' id='block_1_31' title="bbox 1955 1627 3535 1700">
    <p class='ocr_par' dir='ltr' id='par_1_31' title="bbox 1955 1627 3535 1700">
     <span class='ocr_line' id='line_1_31' title="bbox 1955 1627 3535 1700; baseline 0.002 -18"><span class='ocrx_word' id='word_1_228' title='bbox 1955 1630 2207 1700; x_wconf 91' lang='lat' dir='ltr'><strong>plentur;</strong></span> <span class='ocrx_word' id='word_1_229' title='bbox 2243 1629 2316 1682; x_wconf 89' lang='lat' dir='ltr'><strong>ita</strong></span> <span class='ocrx_word' id='word_1_230' title='bbox 2342 1636 2401 1682; x_wconf 90' lang='lat' dir='ltr'><strong>ut</strong></span> <span class='ocrx_word' id='word_1_231' title='bbox 2427 1644 2552 1683; x_wconf 86' lang='lat' dir='ltr'><strong>vere</strong></span> <span class='ocrx_word' id='word_1_232' title='bbox 2584 1628 2764 1683; x_wconf 88' lang='lat' dir='ltr'><strong>dicam</strong></span> <span class='ocrx_word' id='word_1_233' title='bbox 2797 1648 2811 1683; x_wconf 90' lang='lat'>:</span> <span class='ocrx_word' id='word_1_234' title='bbox 2839 1627 2945 1683; x_wconf 85' lang='lat' dir='ltr'><strong>Cor</strong></span> <span class='ocrx_word' id='word_1_235' title='bbox 2992 1646 3164 1683; x_wconf 80' lang='lat' dir='ltr'><strong>meum</strong></span> <span class='ocrx_word' id='word_1_236' title='bbox 3190 1641 3239 1684; x_wconf 89' lang='lat' dir='ltr'><strong>et</strong></span> <span class='ocrx_word' id='word_1_237' title='bbox 3268 1648 3393 1685; x_wconf 83' lang='lat' dir='ltr'><strong>caro</strong></span> <span class='ocrx_word' id='word_1_238' title='bbox 3416 1649 3535 1687; x_wconf 86' lang='lat' dir='ltr'><strong>mea</strong></span> 
     </span>
    </p>
   </div>
   <div class='ocr_carea' id='block_1_32' title="bbox 1955 1720 3535 1794">
    <p class='ocr_par' dir='ltr' id='par_1_32' title="bbox 1955 1720 3535 1794">
     <span class='ocr_line' id='line_1_32' title="bbox 1955 1720 3535 1794; baseline 0.002 -18"><span class='ocrx_word' id='word_1_239' title='bbox 1955 1722 2350 1782; x_wconf 73' lang='lat' dir='ltr'><strong>exsultaverunt</strong></span> <span class='ocrx_word' id='word_1_240' title='bbox 2396 1722 2451 1773; x_wconf 85' lang='lat' dir='ltr'><strong>in</strong></span> <span class='ocrx_word' id='word_1_241' title='bbox 2483 1720 2655 1774; x_wconf 85' lang='lat' dir='ltr'><strong>Deum</strong></span> <span class='ocrx_word' id='word_1_242' title='bbox 2705 1722 2898 1776; x_wconf 78' lang='lat' dir='ltr'><strong>vivum.</strong></span> <span class='ocrx_word' id='word_1_243' title='bbox 2936 1721 3080 1778; x_wconf 82' lang='lat' dir='ltr'><strong>Deus</strong></span> <span class='ocrx_word' id='word_1_244' title='bbox 3110 1724 3314 1794; x_wconf 89' lang='lat' dir='ltr'><strong>quippe</strong></span> <span class='ocrx_word' id='word_1_245' title='bbox 3346 1733 3535 1779; x_wconf 82' lang='lat' dir='ltr'><strong>noster</strong></span> 
     </span>
    </p>
   </div>
   <div class='ocr_carea' id='block_1_33' title="bbox 1954 1812 3533 1883">
    <p class='ocr_par' dir='ltr' id='par_1_33' title="bbox 1954 1812 3533 1883">
     <span class='ocr_line' id='line_1_33' title="bbox 1954 1812 3533 1883; baseline 0.002 -14"><span class='ocrx_word' id='word_1_246' title='bbox 1954 1814 2167 1877; x_wconf 79' lang='lat' dir='ltr'><strong>vivens,</strong></span> <span class='ocrx_word' id='word_1_247' title='bbox 2188 1814 2280 1883; x_wconf 90' lang='lat' dir='ltr'><strong>qui</strong></span> <span class='ocrx_word' id='word_1_248' title='bbox 2316 1813 2466 1869; x_wconf 89' lang='lat' dir='ltr'><strong>solus</strong></span> <span class='ocrx_word' id='word_1_249' title='bbox 2484 1812 2760 1882; x_wconf 83' lang='lat' dir='ltr'><strong>propriam</strong></span> <span class='ocrx_word' id='word_1_250' title='bbox 2781 1824 2835 1868; x_wconf 92' lang='lat' dir='ltr'><strong>et</strong></span> <span class='ocrx_word' id='word_1_251' title='bbox 2861 1816 3167 1870; x_wconf 83' lang='lat' dir='ltr'><strong>naturalem</strong></span> <span class='ocrx_word' id='word_1_252' title='bbox 3201 1818 3255 1870; x_wconf 87' lang='lat' dir='ltr'><strong>in</strong></span> <span class='ocrx_word' id='word_1_253' title='bbox 3285 1832 3345 1872; x_wconf 93' lang='lat' dir='ltr'><strong>se</strong></span> <span class='ocrx_word' id='word_1_254' title='bbox 3368 1818 3533 1872; x_wconf 86' lang='lat' dir='ltr'><strong>vitam</strong></span> 
     </span>
    </p>
   </div>
   <div class='ocr_carea' id='block_1_34' title="bbox 270 1894 1860 1977">
    <p class='ocr_par' dir='ltr' id='par_1_34' title="bbox 270 1898 1848 1972">
     <span class='ocr_line' id='line_1_34' title="bbox 270 1898 1848 1972; baseline 0.003 -22"><span class='ocrx_word' id='word_1_255' title='bbox 270 1898 431 1969; x_wconf 87' lang='grc' dir='ltr'>σῶμα</span> <span class='ocrx_word' id='word_1_256' title='bbox 505 1900 598 1952; x_wconf 70' lang='grc' dir='ltr'>καὶ</span> <span class='ocrx_word' id='word_1_257' title='bbox 648 1899 868 1971; x_wconf 69' lang='grc' dir='ltr'>ἡισὰρξ</span> <span class='ocrx_word' id='word_1_258' title='bbox 920 1899 985 1970; x_wconf 82' lang='grc' dir='ltr'>ἣν</span> <span class='ocrx_word' id='word_1_259' title='bbox 1037 1899 1455 1972; x_wconf 80' lang='grc' dir='ltr'>περιϐέϐλημαι.</span> <span class='ocrx_word' id='word_1_260' title='bbox 1515 1901 1624 1954; x_wconf 77' lang='grc' dir='ltr'>Καὶ</span> <span class='ocrx_word' id='word_1_261' title='bbox 1675 1901 1848 1955; x_wconf 84' lang='grc' dir='ltr'>ταῦτα</span> 
     </span>
    </p>
   </div>
   <div class='ocr_carea' id='block_1_35' title="bbox 1965 1894 3535 1977">
    <p class='ocr_par' dir='ltr' id='par_1_35' title="bbox 1965 1906 3535 1977">
     <span class='ocr_line' id='line_1_35' title="bbox 1965 1906 3535 1977; baseline 0.002 -16"><span class='ocrx_word' id='word_1_262' title='bbox 1965 1908 2209 1976; x_wconf 72' lang='lat' dir='ltr'><strong>)ossidet,</strong></span> <span class='ocrx_word' id='word_1_263' title='bbox 2243 1908 2351 1961; x_wconf 90' lang='lat' dir='ltr'><strong>imo</strong></span> <span class='ocrx_word' id='word_1_264' title='bbox 2411 1907 2592 1977; x_wconf 79' lang='lat' dir='ltr'><strong>potius</strong></span> <span class='ocrx_word' id='word_1_265' title='bbox 2618 1906 2799 1961; x_wconf 91' lang='lat' dir='ltr'><strong>omnis</strong></span> <span class='ocrx_word' id='word_1_266' title='bbox 2835 1908 2959 1962; x_wconf 73' lang='lat' dir='ltr'><strong>vitae</strong></span> <span class='ocrx_word' id='word_1_267' title='bbox 2999 1906 3122 1964; x_wconf 81' lang='lat' dir='ltr'><strong>fons</strong></span> <span class='ocrx_word' id='word_1_268' title='bbox 3144 1919 3246 1975; x_wconf 88' lang='lat' dir='ltr'><strong>est,</strong></span> <span class='ocrx_word' id='word_1_269' title='bbox 3275 1926 3394 1967; x_wconf 89' lang='lat' dir='ltr'><strong>eam</strong></span> <span class='ocrx_word' id='word_1_270' title='bbox 3416 1926 3535 1965; x_wconf 90' lang='lat' dir='ltr'><strong>om-</strong></span> 
     </span>
    </p>
   </div>
   <div class='ocr_carea' id='block_1_36' title="bbox 267 1991 1856 2067">
    <p class='ocr_par' dir='ltr' id='par_1_36' title="bbox 267 1991 1856 2067">
     <span class='ocr_line' id='line_1_36' title="bbox 267 1991 1856 2067; baseline 0.01 -24"><span class='ocrx_word' id='word_1_271' title='bbox 267 1991 379 2063; x_wconf 74' lang='grc' dir='ltr'>γὰρ</span> <span class='ocrx_word' id='word_1_272' title='bbox 414 1993 477 2045; x_wconf 81' lang='grc' dir='ltr'>ἐκ</span> <span class='ocrx_word' id='word_1_273' title='bbox 527 1993 624 2065; x_wconf 91' lang='grc' dir='ltr'><strong>τῆς</strong></span> <span class='ocrx_word' id='word_1_274' title='bbox 693 1995 911 2064; x_wconf 86' lang='grc' dir='ltr'>μνήμης</span> <span class='ocrx_word' id='word_1_275' title='bbox 966 1993 1066 2064; x_wconf 80' lang='grc' dir='ltr'><strong>τῆς</strong></span> <span class='ocrx_word' id='word_1_276' title='bbox 1120 1994 1272 2065; x_wconf 83' lang='grc' dir='ltr'>παρὰ</span> <span class='ocrx_word' id='word_1_277' title='bbox 1338 1996 1419 2047; x_wconf 68' lang='grc' dir='ltr'>σοὶ</span> <span class='ocrx_word' id='word_1_278' title='bbox 1484 1994 1627 2065; x_wconf 68' lang='grc' dir='ltr'>ζωῆς</span> <span class='ocrx_word' id='word_1_279' title='bbox 1684 1996 1856 2067; x_wconf 82' lang='grc' dir='ltr'>χαρᾶς</span> 
     </span>
    </p>
   </div>
   <div class='ocr_carea' id='block_1_37' title="bbox 266 2082 1857 2157">
    <p class='ocr_par' dir='ltr' id='par_1_37' title="bbox 266 2082 1857 2157">
     <span class='ocr_line' id='line_1_37' title="bbox 266 2082 1857 2157; baseline 0.003 -23"><span class='ocrx_word' id='word_1_280' title='bbox 266 2082 572 2153; x_wconf 80' lang='grc' dir='ltr'>πληροῦται</span> <span class='ocrx_word' id='word_1_281' title='bbox 614 2085 710 2137; x_wconf 71' lang='grc' dir='ltr'><strong>καὶ</strong></span> <span class='ocrx_word' id='word_1_282' title='bbox 748 2082 1113 2155; x_wconf 82' lang='grc' dir='ltr'>εὐφροσύνης·</span> <span class='ocrx_word' id='word_1_283' title='bbox 1145 2083 1271 2137; x_wconf 81' lang='grc' dir='ltr'>ὥστ’</span> <span class='ocrx_word' id='word_1_284' title='bbox 1304 2083 1635 2156; x_wconf 81' lang='grc' dir='ltr'>ἀληθεύοντά</span> <span class='ocrx_word' id='word_1_285' title='bbox 1668 2103 1736 2157; x_wconf 91' lang='grc' dir='ltr'><strong>με</strong></span> <span class='ocrx_word' id='word_1_286' title='bbox 1771 2084 1857 2139; x_wconf 86' lang='grc' dir='ltr'><strong>λέ-</strong></span> 
     </span>
    </p>
   </div>
   <div class='ocr_carea' id='block_1_38' title="bbox 268 2170 1859 2243">
    <p class='ocr_par' dir='ltr' id='par_1_38' title="bbox 268 2170 1859 2243">
     <span class='ocr_line' id='line_1_38' title="bbox 268 2170 1859 2243; baseline 0.004 -20"><span class='ocrx_word' id='word_1_287' title='bbox 268 2187 409 2239; x_wconf 82' lang='grc' dir='ltr'>γειν’</span> <span class='ocrx_word' id='word_1_288' title='bbox 441 2170 501 2225; x_wconf 87' lang='grc' dir='ltr'><strong><em>Ἡ</em></strong></span> <span class='ocrx_word' id='word_1_289' title='bbox 526 2170 738 2239; x_wconf 82' lang='grc' dir='ltr'>καρδία</span> <span class='ocrx_word' id='word_1_290' title='bbox 749 2188 868 2240; x_wconf 82' lang='grc' dir='ltr'>μου</span> <span class='ocrx_word' id='word_1_291' title='bbox 894 2172 993 2225; x_wconf 82' lang='grc' dir='ltr'>καὶ</span> <span class='ocrx_word' id='word_1_292' title='bbox 1024 2174 1061 2241; x_wconf 77' lang='grc' dir='ltr'><strong><em>ἠ</em></strong></span> <span class='ocrx_word' id='word_1_293' title='bbox 1088 2172 1246 2241; x_wconf 81' lang='grc' dir='ltr'>σάρξ</span> <span class='ocrx_word' id='word_1_294' title='bbox 1270 2190 1389 2241; x_wconf 85' lang='grc' dir='ltr'><strong>μου</strong></span> <span class='ocrx_word' id='word_1_295' title='bbox 1410 2174 1859 2243; x_wconf 78' lang='grc' dir='ltr'>ἡγαλλιάσαντο</span> 
     </span>
    </p>
   </div>
   <div class='ocr_carea' id='block_1_39' title="bbox 267 2260 1851 2338">
    <p class='ocr_par' dir='ltr' id='par_1_39' title="bbox 267 2260 1851 2338">
     <span class='ocr_line' id='line_1_39' title="bbox 267 2260 1851 2338; baseline 0.003 -23"><span class='ocrx_word' id='word_1_296' title='bbox 267 2263 365 2315; x_wconf 80' lang='grc' dir='ltr'><strong>ἐπὶ</strong></span> <span class='ocrx_word' id='word_1_297' title='bbox 407 2262 555 2315; x_wconf 86' lang='grc' dir='ltr'>Θεὸν</span> <span class='ocrx_word' id='word_1_298' title='bbox 586 2260 787 2323; x_wconf 82' lang='grc' dir='ltr'>ζῶντα.</span> <span class='ocrx_word' id='word_1_299' title='bbox 824 2262 941 2317; x_wconf 91' lang='grc' dir='ltr'><strong>Ζῶν</strong></span> <span class='ocrx_word' id='word_1_300' title='bbox 970 2264 1077 2335; x_wconf 85' lang='grc' dir='ltr'>γὰρ</span> <span class='ocrx_word' id='word_1_301' title='bbox 1107 2267 1136 2318; x_wconf 86' lang='grc' dir='ltr'><strong>ό</strong></span> <span class='ocrx_word' id='word_1_302' title='bbox 1168 2265 1433 2336; x_wconf 77' lang='grc' dir='ltr'>ἡμέτερος</span> <span class='ocrx_word' id='word_1_303' title='bbox 1456 2265 1605 2331; x_wconf 79' lang='grc' dir='ltr'>Θεὸς,</span> <span class='ocrx_word' id='word_1_304' title='bbox 1634 2268 1725 2320; x_wconf 80' lang='grc' dir='ltr'><strong>καὶ</strong></span> <span class='ocrx_word' id='word_1_305' title='bbox 1757 2268 1851 2338; x_wconf 90' lang='grc' dir='ltr'>μό-</span> 
     </span>
    </p>
   </div>
   <div class='ocr_carea' id='block_1_40' title="bbox 269 2354 1847 2427">
    <p class='ocr_par' dir='ltr' id='par_1_40' title="bbox 269 2354 1847 2427">
     <span class='ocr_line' id='line_1_40' title="bbox 269 2354 1847 2427; baseline 0.003 -22"><span class='ocrx_word' id='word_1_306' title='bbox 269 2370 360 2416; x_wconf 90' lang='grc' dir='ltr'><strong>νος</strong></span> <span class='ocrx_word' id='word_1_307' title='bbox 406 2354 702 2424; x_wconf 88' lang='grc' dir='ltr'>ἰδιόκτητον</span> <span class='ocrx_word' id='word_1_308' title='bbox 768 2355 864 2408; x_wconf 74' lang='grc' dir='ltr'><strong>καὶ</strong></span> <span class='ocrx_word' id='word_1_309' title='bbox 917 2356 1150 2427; x_wconf 78' lang='grc' dir='ltr'>φυσικὴν</span> <span class='ocrx_word' id='word_1_310' title='bbox 1204 2357 1262 2408; x_wconf 80' lang='grc' dir='ltr'><strong>ἐν</strong></span> <span class='ocrx_word' id='word_1_311' title='bbox 1315 2356 1461 2427; x_wconf 80' lang='grc' dir='ltr'>αὑτῷ</span> <span class='ocrx_word' id='word_1_312' title='bbox 1514 2358 1847 2427; x_wconf 80' lang='grc' dir='ltr'>κεκτημένος</span> 
     </span>
    </p>
   </div>
   <div class='ocr_carea' id='block_1_41' title="bbox 270 2443 1842 2519">
    <p class='ocr_par' dir='ltr' id='par_1_41' title="bbox 270 2443 1842 2519">
     <span class='ocr_line' id='line_1_41' title="bbox 270 2443 1842 2519; baseline 0.001 -21"><span class='ocrx_word' id='word_1_313' title='bbox 270 2443 436 2515; x_wconf 81' lang='grc' dir='ltr'>ζωὴν,</span> <span class='ocrx_word' id='word_1_314' title='bbox 468 2444 664 2514; x_wconf 79' lang='grc' dir='ltr'>μᾶλλον</span> <span class='ocrx_word' id='word_1_315' title='bbox 692 2445 747 2497; x_wconf 84' lang='grc' dir='ltr'>δὲ</span> <span class='ocrx_word' id='word_1_316' title='bbox 777 2447 937 2509; x_wconf 76' lang='grc' dir='ltr'>αὐτὸς</span> <span class='ocrx_word' id='word_1_317' title='bbox 958 2446 1033 2500; x_wconf 83' lang='grc' dir='ltr'><strong>ῶν</strong></span> <span class='ocrx_word' id='word_1_318' title='bbox 1067 2450 1099 2519; x_wconf 84' lang='grc' dir='ltr'>ἡ</span> <span class='ocrx_word' id='word_1_319' title='bbox 1129 2448 1276 2518; x_wconf 77' lang='grc' dir='ltr'>πηγὴ</span> <span class='ocrx_word' id='word_1_320' title='bbox 1309 2449 1489 2518; x_wconf 84' lang='grc' dir='ltr'>πάσης</span> <span class='ocrx_word' id='word_1_321' title='bbox 1515 2447 1678 2518; x_wconf 82' lang='grc' dir='ltr'>ζωῆς,</span> <span class='ocrx_word' id='word_1_322' title='bbox 1711 2449 1842 2501; x_wconf 77' lang='grc' dir='ltr'>πᾶσι</span> 
     </span>
    </p>
   </div>
   <div class='ocr_carea' id='block_1_42' title="bbox 1958 1999 3535 2071">
    <p class='ocr_par' dir='ltr' id='par_1_42' title="bbox 1958 1999 3535 2071">
     <span class='ocr_line' id='line_1_42' title="bbox 1958 1999 3535 2071; baseline 0 -15"><span class='ocrx_word' id='word_1_323' title='bbox 1958 2001 2126 2057; x_wconf 90' lang='lat' dir='ltr'><strong>nibus</strong></span> <span class='ocrx_word' id='word_1_324' title='bbox 2171 2000 2238 2056; x_wconf 90' lang='lat' dir='ltr'><strong>ad</strong></span> <span class='ocrx_word' id='word_1_325' title='bbox 2299 1999 2788 2056; x_wconf 81' lang='lat' dir='ltr'><strong>seaccedentibus</strong></span> <span class='ocrx_word' id='word_1_326' title='bbox 2836 2000 3097 2071; x_wconf 86' lang='lat' dir='ltr'><strong>impertit.</strong></span> <span class='ocrx_word' id='word_1_327' title='bbox 3170 2002 3535 2068; x_wconf 86' lang='lat' dir='ltr'><strong>Quamobrem</strong></span> 
     </span>
    </p>
   </div>
   <div class='ocr_carea' id='block_1_43' title="bbox 1962 2094 3538 2164">
    <p class='ocr_par' dir='ltr' id='par_1_43' title="bbox 1962 2094 3538 2164">
     <span class='ocr_line' id='line_1_43' title="bbox 1962 2094 3538 2164; baseline 0 -15"><span class='ocrx_word' id='word_1_328' title='bbox 1962 2094 2082 2164; x_wconf 84' lang='lat' dir='ltr'><strong>ipsa</strong></span> <span class='ocrx_word' id='word_1_329' title='bbox 2131 2109 2261 2149; x_wconf 89' lang='lat' dir='ltr'><strong>caro</strong></span> <span class='ocrx_word' id='word_1_330' title='bbox 2308 2108 2450 2156; x_wconf 90' lang='lat' dir='ltr'><strong>mea,</strong></span> <span class='ocrx_word' id='word_1_331' title='bbox 2479 2108 2600 2163; x_wconf 65' lang='lat' dir='ltr'><strong>quae</strong></span> <span class='ocrx_word' id='word_1_332' title='bbox 2645 2100 2843 2147; x_wconf 90' lang='lat' dir='ltr'><strong>natura</strong></span> <span class='ocrx_word' id='word_1_333' title='bbox 2904 2108 3005 2149; x_wconf 91' lang='lat' dir='ltr'><strong>sua</strong></span> <span class='ocrx_word' id='word_1_334' title='bbox 3057 2096 3304 2149; x_wconf 85' lang='lat' dir='ltr'><strong>mortalis</strong></span> <span class='ocrx_word' id='word_1_335' title='bbox 3333 2104 3385 2149; x_wconf 87' lang='lat' dir='ltr'><strong>et</strong></span> <span class='ocrx_word' id='word_1_336' title='bbox 3413 2110 3538 2151; x_wconf 87' lang='lat' dir='ltr'><strong>cor-</strong></span> 
     </span>
    </p>
   </div>
   <div class='ocr_carea' id='block_1_44' title="bbox 1959 2185 3539 2256">
    <p class='ocr_par' dir='ltr' id='par_1_44' title="bbox 1959 2185 3539 2256">
     <span class='ocr_line' id='line_1_44' title="bbox 1959 2185 3539 2256; baseline 0 -15"><span class='ocrx_word' id='word_1_337' title='bbox 1959 2187 2200 2256; x_wconf 86' lang='lat' dir='ltr'><strong>ruptioni</strong></span> <span class='ocrx_word' id='word_1_338' title='bbox 2228 2185 2465 2241; x_wconf 80' lang='lat' dir='ltr'><strong>obnoxia</strong></span> <span class='ocrx_word' id='word_1_339' title='bbox 2487 2192 2592 2248; x_wconf 91' lang='lat' dir='ltr'><strong>est,</strong></span> <span class='ocrx_word' id='word_1_340' title='bbox 2614 2185 2815 2255; x_wconf 80' lang='lat' dir='ltr'><strong>gaudet</strong></span> <span class='ocrx_word' id='word_1_341' title='bbox 2844 2192 2898 2240; x_wconf 85' lang='lat' dir='ltr'><strong>et</strong></span> <span class='ocrx_word' id='word_1_342' title='bbox 2925 2187 3261 2255; x_wconf 77' lang='lat' dir='ltr'><strong>gratulatur;</strong></span> <span class='ocrx_word' id='word_1_343' title='bbox 3286 2186 3415 2256; x_wconf 88' lang='lat' dir='ltr'><strong>quia</strong></span> <span class='ocrx_word' id='word_1_344' title='bbox 3443 2202 3539 2255; x_wconf 78' lang='lat' dir='ltr'><strong>per</strong></span> 
     </span>
    </p>
   </div>
   <div class='ocr_carea' id='block_1_45' title="bbox 1956 2274 3539 2346">
    <p class='ocr_par' dir='ltr' id='par_1_45' title="bbox 1956 2274 3539 2346">
     <span class='ocr_line' id='line_1_45' title="bbox 1956 2274 3539 2346; baseline -0.003 -13"><span class='ocrx_word' id='word_1_345' title='bbox 1956 2293 2077 2334; x_wconf 79' lang='lat' dir='ltr'><strong>eam</strong></span> <span class='ocrx_word' id='word_1_346' title='bbox 2107 2277 2433 2331; x_wconf 90' lang='lat' dir='ltr'><strong>immortalis</strong></span> <span class='ocrx_word' id='word_1_347' title='bbox 2452 2277 2579 2330; x_wconf 85' lang='lat' dir='ltr'><strong>vitae</strong></span> <span class='ocrx_word' id='word_1_348' title='bbox 2608 2290 2840 2331; x_wconf 86' lang='lat' dir='ltr'><strong>consors</strong></span> <span class='ocrx_word' id='word_1_349' title='bbox 2891 2274 3172 2343; x_wconf 71' lang='lat' dir='ltr'><strong>etdivinaa</strong></span> <span class='ocrx_word' id='word_1_350' title='bbox 3196 2276 3386 2346; x_wconf 66' lang='lat' dir='ltr'><strong>gratiae</strong></span> <span class='ocrx_word' id='word_1_351' title='bbox 3412 2291 3539 2345; x_wconf 90' lang='lat' dir='ltr'><strong>par-</strong></span> 
     </span>
    </p>
   </div>
   <div class='ocr_carea' id='block_1_46' title="bbox 1953 2365 2499 2437">
    <p class='ocr_par' dir='ltr' id='par_1_46' title="bbox 1953 2365 2499 2437">
     <span class='ocr_line' id='line_1_46' title="bbox 1953 2365 2499 2437; baseline -0.002 -15"><span class='ocrx_word' id='word_1_352' title='bbox 1953 2369 2128 2437; x_wconf 90' lang='lat' dir='ltr'><strong>ticeps</strong></span> <span class='ocrx_word' id='word_1_353' title='bbox 2172 2365 2358 2421; x_wconf 85' lang='lat' dir='ltr'><strong>futura</strong></span> <span class='ocrx_word' id='word_1_354' title='bbox 2392 2375 2499 2421; x_wconf 92' lang='lat' dir='ltr'><strong>est.</strong></span> 
     </span>
    </p>
   </div>
   <div class='ocr_carea' id='block_1_47' title="bbox 268 2510 3540 2617">
    <p class='ocr_par' dir='ltr' id='par_1_47' title="bbox 268 2510 3540 2617">
     <span class='ocr_line' id='line_1_47' title="bbox 268 2510 3540 2617; baseline 0.003 -27"><span class='ocrx_word' id='word_1_355' title='bbox 268 2510 384 2600; x_wconf 74' lang='grc' dir='ltr'>τοίς</span> <span class='ocrx_word' id='word_1_356' title='bbox 434 2510 789 2607; x_wconf 75' lang='grc' dir='ltr'>πλησιάζουσι</span> <span class='ocrx_word' id='word_1_357' title='bbox 844 2537 1045 2608; x_wconf 83' lang='grc' dir='ltr'>ταύτης</span> <span class='ocrx_word' id='word_1_358' title='bbox 1088 2510 1454 2609; x_wconf 42' lang='grc' dir='ltr'>μεταδίδωσι..</span> <span class='ocrx_word' id='word_1_359' title='bbox 1508 2510 1705 2609; x_wconf 64' lang='grc' dir='ltr'>Διόπερ</span> <span class='ocrx_word' id='word_1_360' title='bbox 1752 2538 1845 2591; x_wconf 76' lang='grc' dir='ltr'><strong>καὶ</strong></span> <span class='ocrx_word' id='word_1_361' title='bbox 1882 2538 2021 2609; x_wconf 81' lang='grc' dir='ltr'>αὐτὴ</span> <span class='ocrx_word' id='word_1_362' title='bbox 2067 2540 2102 2610; x_wconf 84' lang='grc' dir='ltr'><strong>ἡ</strong></span> <span class='ocrx_word' id='word_1_363' title='bbox 2153 2539 2310 2608; x_wconf 79' lang='grc' dir='ltr'>φύσει</span> <span class='ocrx_word' id='word_1_364' title='bbox 2350 2537 2517 2612; x_wconf 84' lang='grc' dir='ltr'>θνητὴ</span> <span class='ocrx_word' id='word_1_365' title='bbox 2566 2512 2670 2594; x_wconf 31' lang='grc' dir='ltr'>’καὶ</span> <span class='ocrx_word' id='word_1_366' title='bbox 2709 2541 2923 2613; x_wconf 78' lang='grc' dir='ltr'>φθαρτή</span> <span class='ocrx_word' id='word_1_367' title='bbox 2973 2560 3071 2613; x_wconf 82' lang='grc' dir='ltr'><strong>μου</strong></span> <span class='ocrx_word' id='word_1_368' title='bbox 3143 2513 3279 2615; x_wconf 75' lang='grc' dir='ltr'>σὰρξ</span> <span class='ocrx_word' id='word_1_369' title='bbox 3357 2510 3540 2617; x_wconf 81' lang='grc' dir='ltr'>χαίρει</span> 
     </span>
    </p>
   </div>
   <div class='ocr_carea' id='block_1_48' title="bbox 271 2628 3293 2707">
    <p class='ocr_par' dir='ltr' id='par_1_48' title="bbox 271 2628 3293 2707">
     <span class='ocr_line' id='line_1_48' title="bbox 271 2628 3293 2707; baseline 0.002 -24"><span class='ocrx_word' id='word_1_370' title='bbox 271 2629 366 2683; x_wconf 74' lang='grc' dir='ltr'><strong>καὶ</strong></span> <span class='ocrx_word' id='word_1_371' title='bbox 406 2629 705 2699; x_wconf 84' lang='grc' dir='ltr'>συγχαίρει,</span> <span class='ocrx_word' id='word_1_372' title='bbox 742 2628 835 2681; x_wconf 82' lang='grc' dir='ltr'>ἆτε</span> <span class='ocrx_word' id='word_1_373' title='bbox 884 2629 949 2682; x_wconf 90' lang='grc' dir='ltr'>δι’</span> <span class='ocrx_word' id='word_1_374' title='bbox 983 2630 1152 2700; x_wconf 81' lang='grc' dir='ltr'>αὐτῆς</span> <span class='ocrx_word' id='word_1_375' title='bbox 1198 2631 1600 2702; x_wconf 80' lang='grc' dir='ltr'>κοινωνήσουσα</span> <span class='ocrx_word' id='word_1_376' title='bbox 1634 2630 1853 2683; x_wconf 88' lang='grc' dir='ltr'>αἰωνίου</span> <span class='ocrx_word' id='word_1_377' title='bbox 1894 2628 2059 2701; x_wconf 87' lang='grc' dir='ltr'>ζωῆς,</span> <span class='ocrx_word' id='word_1_378' title='bbox 2081 2632 2300 2703; x_wconf 78' lang='grc' dir='ltr'>καὶτῆς</span> <span class='ocrx_word' id='word_1_379' title='bbox 2323 2632 2416 2685; x_wconf 86' lang='grc' dir='ltr'><strong>τοῦ</strong></span> <span class='ocrx_word' id='word_1_380' title='bbox 2438 2632 2572 2687; x_wconf 92' lang='grc' dir='ltr'>Θεοῦ</span> <span class='ocrx_word' id='word_1_381' title='bbox 2601 2635 2823 2706; x_wconf 85' lang='grc' dir='ltr'>χάριτος</span> <span class='ocrx_word' id='word_1_382' title='bbox 2854 2634 3293 2707; x_wconf 77' lang='grc' dir='ltr'>μεταληψομένη.</span> 
     </span>
    </p>
   </div>
   <div class='ocr_carea' id='block_1_49' title="bbox 344 2743 1856 2818">
    <p class='ocr_par' dir='ltr' id='par_1_49' title="bbox 344 2743 1856 2818">
     <span class='ocr_line' id='line_1_49' title="bbox 344 2743 1856 2818; baseline 0.001 -20"><span class='ocrx_word' id='word_1_383' title='bbox 344 2744 531 2799; x_wconf 87' lang='grc' dir='ltr'>Ταῦτα</span> <span class='ocrx_word' id='word_1_384' title='bbox 555 2745 611 2798; x_wconf 80' lang='grc' dir='ltr'>δέ</span> <span class='ocrx_word' id='word_1_385' title='bbox 640 2763 803 2817; x_wconf 91' lang='grc' dir='ltr'>φησιν</span> <span class='ocrx_word' id='word_1_386' title='bbox 839 2747 867 2799; x_wconf 89' lang='grc' dir='ltr'><strong>ό</strong></span> <span class='ocrx_word' id='word_1_387' title='bbox 893 2748 1183 2818; x_wconf 87' lang='grc' dir='ltr'>Προφήτης</span> <span class='ocrx_word' id='word_1_388' title='bbox 1212 2748 1497 2810; x_wconf 86' lang='grc' dir='ltr'>διδάσκων,</span> <span class='ocrx_word' id='word_1_389' title='bbox 1533 2749 1714 2801; x_wconf 81' lang='grc' dir='ltr'>ὁποῖον</span> <span class='ocrx_word' id='word_1_390' title='bbox 1742 2743 1856 2818; x_wconf 73' lang='grc' dir='ltr'>εἶχε</span> 
     </span>
    </p>
   </div>
   <div class='ocr_carea' id='block_1_50' title="bbox 272 2836 1855 2912">
    <p class='ocr_par' dir='ltr' id='par_1_50' title="bbox 272 2836 1855 2912">
     <span class='ocr_line' id='line_1_50' title="bbox 272 2836 1855 2912; baseline 0.001 -22"><span class='ocrx_word' id='word_1_391' title='bbox 272 2836 453 2909; x_wconf 72' lang='grc' dir='ltr'>ἔρωτα</span> <span class='ocrx_word' id='word_1_392' title='bbox 482 2838 576 2891; x_wconf 75' lang='grc' dir='ltr'><strong>καὶ</strong></span> <span class='ocrx_word' id='word_1_393' title='bbox 602 2837 765 2890; x_wconf 84' lang='grc' dir='ltr'>πόθον</span> <span class='ocrx_word' id='word_1_394' title='bbox 802 2838 930 2909; x_wconf 73' lang='grc' dir='ltr'>περὶ</span> <span class='ocrx_word' id='word_1_395' title='bbox 959 2839 1028 2892; x_wconf 83' lang='grc' dir='ltr'>τὰ</span> <span class='ocrx_word' id='word_1_396' title='bbox 1065 2840 1156 2891; x_wconf 80' lang='grc' dir='ltr'>ὑπ’</span> <span class='ocrx_word' id='word_1_397' title='bbox 1196 2839 1359 2893; x_wconf 76' lang='grc' dir='ltr'>αὑτοῦ</span> <span class='ocrx_word' id='word_1_398' title='bbox 1386 2841 1855 2912; x_wconf 79' lang='grc' dir='ltr'>προφητευόμενα.</span> 
     </span>
    </p>
   </div>
   <div class='ocr_carea' id='block_1_51' title="bbox 274 2929 1861 3001">
    <p class='ocr_par' dir='ltr' id='par_1_51' title="bbox 274 2929 1861 3001">
     <span class='ocr_line' id='line_1_51' title="bbox 274 2929 1861 3001; baseline 0.001 -20"><span class='ocrx_word' id='word_1_399' title='bbox 274 2929 471 3000; x_wconf 84' lang='grc' dir='ltr'>Διόπερ</span> <span class='ocrx_word' id='word_1_400' title='bbox 502 2932 530 2982; x_wconf 83' lang='grc' dir='ltr'><strong>ό</strong></span> <span class='ocrx_word' id='word_1_401' title='bbox 562 2930 752 3001; x_wconf 85' lang='grc' dir='ltr'>Σωτὴρ</span> <span class='ocrx_word' id='word_1_402' title='bbox 772 2929 930 3001; x_wconf 86' lang='grc' dir='ltr'>ἡμῶν</span> <span class='ocrx_word' id='word_1_403' title='bbox 964 2930 1118 2999; x_wconf 78' lang='grc' dir='ltr'>ἔλεγε</span> <span class='ocrx_word' id='word_1_404' title='bbox 1140 2947 1153 2960; x_wconf 76' lang='grc' dir='ltr'><strong>ο</strong></span> <span class='ocrx_word' id='word_1_405' title='bbox 1180 2932 1405 2985; x_wconf 76' lang='grc' dir='ltr'><strong>Πολλοὶ</strong></span> <span class='ocrx_word' id='word_1_406' title='bbox 1440 2930 1737 3000; x_wconf 71' lang='grc' dir='ltr'>προφῆται</span> <span class='ocrx_word' id='word_1_407' title='bbox 1760 2931 1861 2984; x_wconf 80' lang='grc' dir='ltr'><strong>καί</strong></span> 
     </span>
    </p>
   </div>
   <div class='ocr_carea' id='block_1_52' title="bbox 270 3018 1863 3089">
    <p class='ocr_par' dir='ltr' id='par_1_52' title="bbox 270 3018 1863 3089">
     <span class='ocr_line' id='line_1_52' title="bbox 270 3018 1863 3089; baseline -0.001 -17"><span class='ocrx_word' id='word_1_408' title='bbox 270 3019 492 3073; x_wconf 78' lang='grc' dir='ltr'>δίκαιοι</span> <span class='ocrx_word' id='word_1_409' title='bbox 544 3020 931 3089; x_wconf 82' lang='grc' dir='ltr'>ἐπεθύμησαν</span> <span class='ocrx_word' id='word_1_410' title='bbox 974 3019 1122 3074; x_wconf 79' lang='grc' dir='ltr'>ἰδεῖν</span> <span class='ocrx_word' id='word_1_411' title='bbox 1158 3019 1197 3073; x_wconf 80' lang='grc' dir='ltr'><strong><em>ἄ</em></strong></span> <span class='ocrx_word' id='word_1_412' title='bbox 1235 3021 1403 3089; x_wconf 84' lang='grc' dir='ltr'>ὑμεῖς</span> <span class='ocrx_word' id='word_1_413' title='bbox 1439 3019 1724 3085; x_wconf 71' lang='grc' dir='ltr'>βλέπετε,</span> <span class='ocrx_word' id='word_1_414' title='bbox 1764 3018 1863 3072; x_wconf 76' lang='grc' dir='ltr'>καὶ</span> 
     </span>
    </p>
   </div>
   <div class='ocr_carea' id='block_1_53' title="bbox 272 3107 1863 3182">
    <p class='ocr_par' dir='ltr' id='par_1_53' title="bbox 272 3107 1863 3182">
     <span class='ocr_line' id='line_1_53' title="bbox 272 3107 1863 3182; baseline -0.001 -19"><span class='ocrx_word' id='word_1_415' title='bbox 272 3113 388 3165; x_wconf 82' lang='grc' dir='ltr'>οὐκ</span> <span class='ocrx_word' id='word_1_416' title='bbox 430 3107 611 3164; x_wconf 77' lang='grc' dir='ltr'>εἶδον.</span> <span class='ocrx_word' id='word_1_417' title='bbox 657 3110 768 3182; x_wconf 83' lang='grc' dir='ltr'><strong>Τὴν</strong></span> <span class='ocrx_word' id='word_1_418' title='bbox 831 3110 1009 3182; x_wconf 84' lang='grc' dir='ltr'>σάρκα</span> <span class='ocrx_word' id='word_1_419' title='bbox 1053 3111 1111 3164; x_wconf 86' lang='grc' dir='ltr'><em>δέ</em></span> <span class='ocrx_word' id='word_1_420' title='bbox 1170 3128 1333 3182; x_wconf 86' lang='grc' dir='ltr'>φησιν</span> <span class='ocrx_word' id='word_1_421' title='bbox 1384 3111 1500 3181; x_wconf 78' lang='grc' dir='ltr'><strong>ἅμα</strong></span> <span class='ocrx_word' id='word_1_422' title='bbox 1544 3112 1609 3181; x_wconf 80' lang='grc' dir='ltr'>τῇ</span> <span class='ocrx_word' id='word_1_423' title='bbox 1666 3110 1863 3180; x_wconf 76' lang='grc' dir='ltr'>καρδίᾳ</span> 
     </span>
    </p>
   </div>
   <div class='ocr_carea' id='block_1_54' title="bbox 274 3199 1860 3274">
    <p class='ocr_par' dir='ltr' id='par_1_54' title="bbox 274 3199 1860 3274">
     <span class='ocr_line' id='line_1_54' title="bbox 274 3199 1860 3274; baseline -0.001 -17"><span class='ocrx_word' id='word_1_424' title='bbox 274 3203 634 3272; x_wconf 81' lang='grc' dir='ltr'>ἀγαλλιᾶσθαι</span> <span class='ocrx_word' id='word_1_425' title='bbox 665 3204 757 3256; x_wconf 75' lang='grc' dir='ltr'><strong>ἐπὶ</strong></span> <span class='ocrx_word' id='word_1_426' title='bbox 787 3204 919 3257; x_wconf 85' lang='grc' dir='ltr'>Θεὸν</span> <span class='ocrx_word' id='word_1_427' title='bbox 944 3203 1144 3269; x_wconf 87' lang='grc' dir='ltr'>ζῶντα,</span> <span class='ocrx_word' id='word_1_428' title='bbox 1171 3203 1556 3274; x_wconf 76' lang='grc' dir='ltr'>αἰνιττόμενος,</span> <span class='ocrx_word' id='word_1_429' title='bbox 1585 3203 1659 3267; x_wconf 86' lang='grc' dir='ltr'>ὡς</span> <span class='ocrx_word' id='word_1_430' title='bbox 1685 3199 1860 3273; x_wconf 76' lang='grc' dir='ltr'>οἶμαι,</span> 
     </span>
    </p>
   </div>
   <div class='ocr_carea' id='block_1_55' title="bbox 1959 2747 3541 2819">
    <p class='ocr_par' dir='ltr' id='par_1_55' title="bbox 1959 2747 3541 2819">
     <span class='ocr_line' id='line_1_55' title="bbox 1959 2747 3541 2819; baseline 0.004 -19"><span class='ocrx_word' id='word_1_431' title='bbox 1959 2782 1965 2789; x_wconf 52' lang='lat'><strong>.</strong></span> <span class='ocrx_word' id='word_1_432' title='bbox 2036 2747 2161 2802; x_wconf 67' lang='lat' dir='ltr'><strong>Haec</strong></span> <span class='ocrx_word' id='word_1_433' title='bbox 2194 2757 2375 2802; x_wconf 86' lang='lat' dir='ltr'><strong>autem</strong></span> <span class='ocrx_word' id='word_1_434' title='bbox 2420 2750 2495 2803; x_wconf 85' lang='lat' dir='ltr'><strong>ait</strong></span> <span class='ocrx_word' id='word_1_435' title='bbox 2524 2749 2816 2819; x_wconf 84' lang='lat' dir='ltr'><strong>Propheta,</strong></span> <span class='ocrx_word' id='word_1_436' title='bbox 2852 2765 3012 2805; x_wconf 92' lang='lat' dir='ltr'><strong>suum</strong></span> <span class='ocrx_word' id='word_1_437' title='bbox 3055 2750 3319 2806; x_wconf 82' lang='lat' dir='ltr'><strong>exhibens</strong></span> <span class='ocrx_word' id='word_1_438' title='bbox 3349 2751 3541 2807; x_wconf 87' lang='lat' dir='ltr'><strong>adver-</strong></span> 
     </span>
    </p>
   </div>
   <div class='ocr_carea' id='block_1_56' title="bbox 1965 2837 3544 2908">
    <p class='ocr_par' dir='ltr' id='par_1_56' title="bbox 1965 2837 3544 2908">
     <span class='ocr_line' id='line_1_56' title="bbox 1965 2837 3544 2908; baseline 0.003 -18"><span class='ocrx_word' id='word_1_439' title='bbox 1965 2851 2065 2891; x_wconf 87' lang='lat' dir='ltr'><strong>sus</strong></span> <span class='ocrx_word' id='word_1_440' title='bbox 2093 2851 2157 2891; x_wconf 90' lang='lat' dir='ltr'><strong>ea</strong></span> <span class='ocrx_word' id='word_1_441' title='bbox 2185 2853 2307 2908; x_wconf 67' lang='lat' dir='ltr'><strong>qua:</strong></span> <span class='ocrx_word' id='word_1_442' title='bbox 2335 2837 2389 2892; x_wconf 92' lang='lat' dir='ltr'><strong>in</strong></span> <span class='ocrx_word' id='word_1_443' title='bbox 2443 2838 2729 2908; x_wconf 81' lang='lat' dir='ltr'><strong>praphetia</strong></span> <span class='ocrx_word' id='word_1_444' title='bbox 2780 2839 3139 2893; x_wconf 88' lang='lat' dir='ltr'><strong>enuntiantur</strong></span> <span class='ocrx_word' id='word_1_445' title='bbox 3192 2840 3432 2895; x_wconf 92' lang='lat' dir='ltr'><strong>studium</strong></span> <span class='ocrx_word' id='word_1_446' title='bbox 3489 2852 3544 2895; x_wconf 89' lang='lat' dir='ltr'><strong>et</strong></span> 
     </span>
    </p>
   </div>
   <div class='ocr_carea' id='block_1_57' title="bbox 1966 2928 3545 2999">
    <p class='ocr_par' dir='ltr' id='par_1_57' title="bbox 1966 2928 3545 2999">
     <span class='ocr_line' id='line_1_57' title="bbox 1966 2928 3545 2999; baseline 0.002 -18"><span class='ocrx_word' id='word_1_447' title='bbox 1966 2942 2232 2983; x_wconf 90' lang='lat' dir='ltr'><strong>amorem.</strong></span> <span class='ocrx_word' id='word_1_448' title='bbox 2257 2928 2385 2983; x_wconf 85' lang='lat' dir='ltr'><strong>Ideo</strong></span> <span class='ocrx_word' id='word_1_449' title='bbox 2411 2930 2674 2983; x_wconf 79' lang='lat' dir='ltr'><strong>Servator</strong></span> <span class='ocrx_word' id='word_1_450' title='bbox 2702 2937 2892 2983; x_wconf 80' lang='lat' dir='ltr'><strong>noster</strong></span> <span class='ocrx_word' id='word_1_451' title='bbox 2917 2929 3133 2984; x_wconf 87' lang='lat' dir='ltr'><strong>dicebat</strong></span> <span class='ocrx_word' id='word_1_452' title='bbox 3167 2948 3180 2984; x_wconf 87' lang='lat'>:</span> <span class='ocrx_word' id='word_1_453' title='bbox 3224 2928 3388 2984; x_wconf 77' lang='lat' dir='ltr'><strong>Multi</strong></span> <span class='ocrx_word' id='word_1_454' title='bbox 3419 2947 3545 2999; x_wconf 81' lang='lat' dir='ltr'><strong>pro-</strong></span> 
     </span>
    </p>
   </div>
   <div class='ocr_carea' id='block_1_58' title="bbox 1968 3010 3613 3092">
    <p class='ocr_par' dir='ltr' id='par_1_58' title="bbox 1968 3010 3613 3092">
     <span class='ocr_line' id='line_1_58' title="bbox 1968 3010 3613 3092; baseline 0.002 -18"><span class='ocrx_word' id='word_1_455' title='bbox 1968 3021 2135 3091; x_wconf 64' lang='lat' dir='ltr'><strong>phetae</strong></span> <span class='ocrx_word' id='word_1_456' title='bbox 2159 3030 2208 3075; x_wconf 88' lang='lat' dir='ltr'><strong>et</strong></span> <span class='ocrx_word' id='word_1_457' title='bbox 2247 3021 2386 3090; x_wconf 80' lang='lat' dir='ltr'><strong>justi</strong></span> <span class='ocrx_word' id='word_1_458' title='bbox 2417 3022 2692 3076; x_wconf 86' lang='lat' dir='ltr'><strong>voluerunt</strong></span> <span class='ocrx_word' id='word_1_459' title='bbox 2734 3021 2908 3077; x_wconf 83' lang='lat' dir='ltr'><strong>videre</strong></span> <span class='ocrx_word' id='word_1_460' title='bbox 2949 3039 3066 3092; x_wconf 77' lang='lat' dir='ltr'><strong>qua:</strong></span> <span class='ocrx_word' id='word_1_461' title='bbox 3118 3040 3205 3077; x_wconf 81' lang='lat' dir='ltr'><strong>vos</strong></span> <span class='ocrx_word' id='word_1_462' title='bbox 3238 3022 3445 3088; x_wconf 80' lang='lat' dir='ltr'><strong>videtis,</strong></span> <span class='ocrx_word' id='word_1_463' title='bbox 3492 3022 3570 3077; x_wconf 71' lang='lat' dir='ltr'><strong>et</strong></span> <span class='ocrx_word' id='word_1_464' title='bbox 3608 3010 3613 3065; x_wconf 47' lang='grc' dir='ltr'><em>ᾗ</em></span> 
     </span>
    </p>
   </div>
   <div class='ocr_carea' id='block_1_59' title="bbox 1970 3100 3545 3184">
    <p class='ocr_par' dir='ltr' id='par_1_59' title="bbox 1970 3100 3545 3184">
     <span class='ocr_line' id='line_1_59' title="bbox 1970 3100 3545 3184; baseline 0.001 -17"><span class='ocrx_word' id='word_1_465' title='bbox 1970 3130 2074 3167; x_wconf 87' lang='lat' dir='ltr'><strong>non</strong></span> <span class='ocrx_word' id='word_1_466' title='bbox 2107 3112 2344 3168; x_wconf 85' lang='lat' dir='ltr'><strong>viderunt</strong></span> <span class='ocrx_word' id='word_1_467' title='bbox 2377 3116 2442 3168; x_wconf 85' lang='grc'>²².</span> <span class='ocrx_word' id='word_1_468' title='bbox 2478 3114 2568 3167; x_wconf 85' lang='lat' dir='ltr'><strong>Ait</strong></span> <span class='ocrx_word' id='word_1_469' title='bbox 2600 3129 2766 3184; x_wconf 86' lang='lat' dir='ltr'><strong>porro</strong></span> <span class='ocrx_word' id='word_1_470' title='bbox 2793 3130 2901 3169; x_wconf 91' lang='lat' dir='ltr'><strong>una</strong></span> <span class='ocrx_word' id='word_1_471' title='bbox 2934 3130 3059 3171; x_wconf 89' lang='lat' dir='ltr'><strong>cum</strong></span> <span class='ocrx_word' id='word_1_472' title='bbox 3107 3115 3273 3169; x_wconf 88' lang='lat' dir='ltr'><strong>corde</strong></span> <span class='ocrx_word' id='word_1_473' title='bbox 3318 3100 3545 3169; x_wconf 6' lang='lat' dir='ltr'><strong>carnem»</strong></span> 
     </span>
    </p>
   </div>
   <div class='ocr_carea' id='block_1_60' title="bbox 1968 3208 3609 3281">
    <p class='ocr_par' dir='ltr' id='par_1_60' title="bbox 1968 3208 3609 3281">
     <span class='ocr_line' id='line_1_60' title="bbox 1968 3208 3609 3281; baseline 0.001 -18"><span class='ocrx_word' id='word_1_474' title='bbox 1968 3208 2145 3281; x_wconf 88' lang='lat' dir='ltr'><strong>ipsam</strong></span> <span class='ocrx_word' id='word_1_475' title='bbox 2171 3210 2448 3265; x_wconf 84' lang='lat' dir='ltr'><strong>exsultare</strong></span> <span class='ocrx_word' id='word_1_476' title='bbox 2478 3211 2533 3264; x_wconf 89' lang='lat' dir='ltr'><strong>in</strong></span> <span class='ocrx_word' id='word_1_477' title='bbox 2568 3209 2735 3265; x_wconf 89' lang='lat' dir='ltr'><strong>Deum</strong></span> <span class='ocrx_word' id='word_1_478' title='bbox 2764 3212 2981 3277; x_wconf 80' lang='lat' dir='ltr'><strong>vivum;</strong></span> <span class='ocrx_word' id='word_1_479' title='bbox 3012 3211 3189 3280; x_wconf 86' lang='lat' dir='ltr'><strong>queis,</strong></span> <span class='ocrx_word' id='word_1_480' title='bbox 3220 3218 3280 3264; x_wconf 90' lang='lat' dir='ltr'><strong>ut</strong></span> <span class='ocrx_word' id='word_1_481' title='bbox 3308 3212 3540 3275; x_wconf 61' lang='lat' dir='ltr'><strong>aestimo,</strong></span> <span class='ocrx_word' id='word_1_482' title='bbox 3608 3232 3609 3235; x_wconf 48' lang='grc' dir='ltr'><strong>η</strong></span> 
     </span>
    </p>
   </div>
   <div class='ocr_carea' id='block_1_61' title="bbox 270 3279 1860 3373">
    <p class='ocr_par' dir='ltr' id='par_1_61' title="bbox 270 3294 1860 3370">
     <span class='ocr_line' id='line_1_61' title="bbox 270 3294 1860 3370; baseline -0.003 -20"><span class='ocrx_word' id='word_1_483' title='bbox 270 3298 373 3350; x_wconf 73' lang='grc' dir='ltr'><strong>καὶ</strong></span> <span class='ocrx_word' id='word_1_484' title='bbox 406 3295 498 3350; x_wconf 89' lang='grc' dir='ltr'><strong>τοῦ</strong></span> <span class='ocrx_word' id='word_1_485' title='bbox 533 3297 782 3370; x_wconf 83' lang='grc' dir='ltr'>Σωτῆρος</span> <span class='ocrx_word' id='word_1_486' title='bbox 807 3296 906 3368; x_wconf 79' lang='grc' dir='ltr'>τὴν</span> <span class='ocrx_word' id='word_1_487' title='bbox 938 3298 1003 3349; x_wconf 82' lang='grc' dir='ltr'><strong>ἐκ</strong></span> <span class='ocrx_word' id='word_1_488' title='bbox 1034 3296 1241 3369; x_wconf 85' lang='grc' dir='ltr'>νεκρῶν</span> <span class='ocrx_word' id='word_1_489' title='bbox 1283 3297 1598 3351; x_wconf 84' lang='grc' dir='ltr'>ἀνάστασιν.</span> <span class='ocrx_word' id='word_1_490' title='bbox 1646 3294 1860 3365; x_wconf 80' lang='grc' dir='ltr'>Ἐπειδὴ</span> 
     </span>
    </p>
   </div>
   <div class='ocr_carea' id='block_1_62' title="bbox 1965 3279 3543 3373">
    <p class='ocr_par' dir='ltr' id='par_1_62' title="bbox 1965 3300 3543 3373">
     <span class='ocr_line' id='line_1_62' title="bbox 1965 3300 3543 3373; baseline 0.001 -18"><span class='ocrx_word' id='word_1_491' title='bbox 1965 3300 2140 3373; x_wconf 90' lang='lat' dir='ltr'><strong>ipsam</strong></span> <span class='ocrx_word' id='word_1_492' title='bbox 2179 3300 2485 3358; x_wconf 88' lang='lat' dir='ltr'><strong>Servatoris</strong></span> <span class='ocrx_word' id='word_1_493' title='bbox 2511 3302 2686 3357; x_wconf 90' lang='lat' dir='ltr'><strong>nostri</strong></span> <span class='ocrx_word' id='word_1_494' title='bbox 2712 3317 2777 3356; x_wconf 79' lang='lat' dir='ltr'><strong>ex</strong></span> <span class='ocrx_word' id='word_1_495' title='bbox 2816 3301 3051 3357; x_wconf 88' lang='lat' dir='ltr'><strong>mortuis</strong></span> <span class='ocrx_word' id='word_1_496' title='bbox 3080 3304 3543 3357; x_wconf 85' lang='lat' dir='ltr'><strong>resurrectionem</strong></span> 
     </span>
    </p>
   </div>
   <div class='ocr_carea' id='block_1_63' title="bbox 272 3386 1865 3460">
    <p class='ocr_par' dir='ltr' id='par_1_63' title="bbox 272 3386 1865 3460">
     <span class='ocr_line' id='line_1_63' title="bbox 272 3386 1865 3460; baseline -0.001 -17"><span class='ocrx_word' id='word_1_497' title='bbox 272 3388 386 3460; x_wconf 79' lang='grc' dir='ltr'>γὰρ</span> <span class='ocrx_word' id='word_1_498' title='bbox 436 3390 485 3441; x_wconf 93' lang='grc' dir='ltr'><strong>οἰ</strong></span> <span class='ocrx_word' id='word_1_499' title='bbox 528 3388 636 3442; x_wconf 90' lang='grc' dir='ltr'><strong>τῶν</strong></span> <span class='ocrx_word' id='word_1_500' title='bbox 686 3388 854 3443; x_wconf 77' lang='grc' dir='ltr'>ἐθνῶν</span> <span class='ocrx_word' id='word_1_501' title='bbox 897 3389 1240 3460; x_wconf 87' lang='grc' dir='ltr'>νομιζόμενοι</span> <span class='ocrx_word' id='word_1_502' title='bbox 1288 3388 1399 3441; x_wconf 79' lang='grc' dir='ltr'>θεοὶ</span> <span class='ocrx_word' id='word_1_503' title='bbox 1442 3388 1625 3458; x_wconf 76' lang='grc' dir='ltr'>νεκροὶ</span> <span class='ocrx_word' id='word_1_504' title='bbox 1669 3386 1865 3459; x_wconf 76' lang='grc' dir='ltr'>ἄψυχοι</span> 
     </span>
    </p>
   </div>
   <div class='ocr_carea' id='block_1_64' title="bbox 273 3480 1865 3553">
    <p class='ocr_par' dir='ltr' id='par_1_64' title="bbox 273 3480 1865 3553">
     <span class='ocr_line' id='line_1_64' title="bbox 273 3480 1865 3553; baseline -0.001 -18"><span class='ocrx_word' id='word_1_505' title='bbox 273 3483 623 3553; x_wconf 71' lang='grc' dir='ltr'>τυγχάνουσι·</span> <span class='ocrx_word' id='word_1_506' title='bbox 654 3483 731 3536; x_wconf 82' lang='grc' dir='ltr'><strong><em>Τὰ</em></strong></span> <span class='ocrx_word' id='word_1_507' title='bbox 752 3481 859 3553; x_wconf 80' lang='grc' dir='ltr'>γὰρ</span> <span class='ocrx_word' id='word_1_508' title='bbox 875 3482 1092 3535; x_wconf 71' lang='grc' dir='ltr'>εἴδωλα</span> <span class='ocrx_word' id='word_1_509' title='bbox 1113 3481 1229 3535; x_wconf 82' lang='grc' dir='ltr'><strong>τῶν</strong></span> <span class='ocrx_word' id='word_1_510' title='bbox 1248 3480 1438 3536; x_wconf 85' lang='grc' dir='ltr'>ἐθνῶν</span> <span class='ocrx_word' id='word_1_511' title='bbox 1457 3483 1741 3551; x_wconf 79' lang='grc' dir='ltr'>ἀργύριον</span> <span class='ocrx_word' id='word_1_512' title='bbox 1764 3481 1865 3534; x_wconf 78' lang='grc' dir='ltr'>καὶ</span> 
     </span>
    </p>
   </div>
   <div class='ocr_carea' id='block_1_65' title="bbox 276 3572 1867 3645">
    <p class='ocr_par' dir='ltr' id='par_1_65' title="bbox 276 3572 1867 3645">
     <span class='ocr_line' id='line_1_65' title="bbox 276 3572 1867 3645; baseline -0.002 -17"><span class='ocrx_word' id='word_1_513' title='bbox 276 3574 558 3645; x_wconf 83' lang='grc' dir='ltr'>χρυσίον,</span> <span class='ocrx_word' id='word_1_514' title='bbox 585 3574 729 3643; x_wconf 76' lang='grc' dir='ltr'>ἔργα</span> <span class='ocrx_word' id='word_1_515' title='bbox 755 3572 966 3643; x_wconf 87' lang='grc' dir='ltr'>χειρῶν</span> <span class='ocrx_word' id='word_1_516' title='bbox 997 3573 1323 3642; x_wconf 85' lang='grc' dir='ltr'>ἀνθρώπων</span> <span class='ocrx_word' id='word_1_517' title='bbox 1342 3590 1354 3604; x_wconf 89' lang='grc'><strong>·</strong></span> <span class='ocrx_word' id='word_1_518' title='bbox 1388 3573 1559 3627; x_wconf 86' lang='grc' dir='ltr'>ταῦτα</span> <span class='ocrx_word' id='word_1_519' title='bbox 1590 3574 1647 3626; x_wconf 82' lang='grc' dir='ltr'>δὲ</span> <span class='ocrx_word' id='word_1_520' title='bbox 1680 3572 1867 3626; x_wconf 80' lang='grc' dir='ltr'>ἔσεϐον</span> 
     </span>
    </p>
   </div>
   <div class='ocr_carea' id='block_1_66' title="bbox 276 3664 1865 3737">
    <p class='ocr_par' dir='ltr' id='par_1_66' title="bbox 276 3664 1865 3737">
     <span class='ocr_line' id='line_1_66' title="bbox 276 3664 1865 3737; baseline -0.001 -18"><span class='ocrx_word' id='word_1_521' title='bbox 276 3668 329 3720; x_wconf 90' lang='grc' dir='ltr'><strong>οἰ</strong></span> <span class='ocrx_word' id='word_1_522' title='bbox 365 3667 486 3720; x_wconf 87' lang='grc' dir='ltr'>τότε</span> <span class='ocrx_word' id='word_1_523' title='bbox 511 3666 783 3737; x_wconf 78' lang='grc' dir='ltr'>ἄνθρωποι</span> <span class='ocrx_word' id='word_1_524' title='bbox 804 3682 816 3695; x_wconf 86' lang='grc'><strong>·</strong></span> <span class='ocrx_word' id='word_1_525' title='bbox 849 3664 980 3733; x_wconf 78' lang='grc' dir='ltr'>ἐγὼ,</span> <span class='ocrx_word' id='word_1_526' title='bbox 1013 3667 1198 3736; x_wconf 66' lang='grc' dir='ltr'>φησιν,</span> <span class='ocrx_word' id='word_1_527' title='bbox 1223 3666 1281 3718; x_wconf 83' lang='grc' dir='ltr'>οὐ</span> <span class='ocrx_word' id='word_1_528' title='bbox 1309 3664 1545 3719; x_wconf 84' lang='grc' dir='ltr'>τοιοῦτόν</span> <span class='ocrx_word' id='word_1_529' title='bbox 1568 3683 1689 3718; x_wconf 85' lang='grc' dir='ltr'>τινα</span> <span class='ocrx_word' id='word_1_530' title='bbox 1712 3665 1865 3728; x_wconf 77' lang='grc' dir='ltr'>Θεὸν,</span> 
     </span>
    </p>
   </div>
   <div class='ocr_carea' id='block_1_67' title="bbox 276 3756 1866 3829">
    <p class='ocr_par' dir='ltr' id='par_1_67' title="bbox 276 3756 1866 3829">
     <span class='ocr_line' id='line_1_67' title="bbox 276 3756 1866 3829; baseline -0.002 -17"><span class='ocrx_word' id='word_1_531' title='bbox 276 3757 416 3812; x_wconf 80' lang='grc' dir='ltr'>ἀλλὰ</span> <span class='ocrx_word' id='word_1_532' title='bbox 451 3757 626 3822; x_wconf 85' lang='grc' dir='ltr'>ζῶντα</span> <span class='ocrx_word' id='word_1_533' title='bbox 671 3757 801 3811; x_wconf 82' lang='grc' dir='ltr'>Θεὸν</span> <span class='ocrx_word' id='word_1_534' title='bbox 841 3757 1188 3829; x_wconf 87' lang='grc' dir='ltr'>προθεωρῶν,</span> <span class='ocrx_word' id='word_1_535' title='bbox 1219 3760 1283 3828; x_wconf 82' lang='grc' dir='ltr'>τῇ</span> <span class='ocrx_word' id='word_1_536' title='bbox 1340 3757 1534 3828; x_wconf 76' lang='grc' dir='ltr'>καρδίᾳ</span> <span class='ocrx_word' id='word_1_537' title='bbox 1580 3756 1866 3827; x_wconf 79' lang='grc' dir='ltr'>εὐφραίνο-</span> 
     </span>
    </p>
   </div>
   <div class='ocr_carea' id='block_1_68' title="bbox 279 3847 1869 3920">
    <p class='ocr_par' dir='ltr' id='par_1_68' title="bbox 279 3847 1869 3920">
     <span class='ocr_line' id='line_1_68' title="bbox 279 3847 1869 3920; baseline -0.001 -18"><span class='ocrx_word' id='word_1_538' title='bbox 279 3866 415 3920; x_wconf 85' lang='grc' dir='ltr'>μαι·</span> <span class='ocrx_word' id='word_1_539' title='bbox 454 3849 546 3902; x_wconf 79' lang='grc' dir='ltr'>καὶ</span> <span class='ocrx_word' id='word_1_540' title='bbox 582 3847 720 3919; x_wconf 82' lang='grc' dir='ltr'>αῦτη</span> <span class='ocrx_word' id='word_1_541' title='bbox 758 3848 815 3901; x_wconf 78' lang='grc' dir='ltr'>δέ</span> <span class='ocrx_word' id='word_1_542' title='bbox 862 3866 962 3919; x_wconf 88' lang='grc' dir='ltr'><strong>μου</strong></span> <span class='ocrx_word' id='word_1_543' title='bbox 1017 3851 1045 3919; x_wconf 78' lang='grc' dir='ltr'>ἡ</span> <span class='ocrx_word' id='word_1_544' title='bbox 1094 3847 1233 3919; x_wconf 78' lang='grc' dir='ltr'>σὰρξ</span> <span class='ocrx_word' id='word_1_545' title='bbox 1277 3849 1369 3900; x_wconf 75' lang='grc' dir='ltr'>ἐπὶ</span> <span class='ocrx_word' id='word_1_546' title='bbox 1407 3848 1580 3918; x_wconf 81' lang='grc' dir='ltr'>τούτῳ</span> <span class='ocrx_word' id='word_1_547' title='bbox 1627 3847 1704 3917; x_wconf 83' lang='grc' dir='ltr'>τῷ</span> <span class='ocrx_word' id='word_1_548' title='bbox 1751 3847 1869 3918; x_wconf 84' lang='grc' dir='ltr'><strong>Θεῷ</strong></span> 
     </span>
    </p>
   </div>
   <div class='ocr_carea' id='block_1_69' title="bbox 278 3936 1869 4011">
    <p class='ocr_par' dir='ltr' id='par_1_69' title="bbox 278 3936 1869 4011">
     <span class='ocr_line' id='line_1_69' title="bbox 278 3936 1869 4011; baseline -0.001 -18"><span class='ocrx_word' id='word_1_549' title='bbox 278 3939 674 4011; x_wconf 75' lang='grc' dir='ltr'>ἠγαλλιάσατο,</span> <span class='ocrx_word' id='word_1_550' title='bbox 722 3940 799 4003; x_wconf 85' lang='grc' dir='ltr'><strong>ὡς</strong></span> <span class='ocrx_word' id='word_1_551' title='bbox 845 3940 937 3992; x_wconf 78' lang='grc' dir='ltr'><strong>ἐπὶ</strong></span> <span class='ocrx_word' id='word_1_552' title='bbox 981 3938 1097 4009; x_wconf 81' lang='grc' dir='ltr'><strong>Θεῷ</strong></span> <span class='ocrx_word' id='word_1_553' title='bbox 1135 3938 1351 4010; x_wconf 88' lang='grc' dir='ltr'>άληθῶς</span> <span class='ocrx_word' id='word_1_554' title='bbox 1399 3936 1560 4001; x_wconf 78' lang='grc' dir='ltr'>ζῶντι</span> <span class='ocrx_word' id='word_1_555' title='bbox 1604 3940 1696 3990; x_wconf 71' lang='grc' dir='ltr'><strong>καὶ</strong></span> <span class='ocrx_word' id='word_1_556' title='bbox 1736 3939 1869 4001; x_wconf 83' lang='grc' dir='ltr'>ζωο-</span> 
     </span>
    </p>
   </div>
   <div class='ocr_carea' id='block_1_70' title="bbox 280 4030 1868 4103">
    <p class='ocr_par' dir='ltr' id='par_1_70' title="bbox 280 4030 1868 4103">
     <span class='ocr_line' id='line_1_70' title="bbox 280 4030 1868 4103; baseline -0.001 -17"><span class='ocrx_word' id='word_1_557' title='bbox 280 4032 523 4086; x_wconf 83' lang='grc' dir='ltr'>ποιοῦντι</span> <span class='ocrx_word' id='word_1_558' title='bbox 547 4032 673 4096; x_wconf 77' lang='grc' dir='ltr'>τοὺς</span> <span class='ocrx_word' id='word_1_559' title='bbox 706 4032 952 4100; x_wconf 77' lang='grc' dir='ltr'>νεκροὺς,</span> <span class='ocrx_word' id='word_1_560' title='bbox 986 4032 1044 4094; x_wconf 85' lang='grc' dir='ltr'>ὂς</span> <span class='ocrx_word' id='word_1_561' title='bbox 1078 4032 1171 4084; x_wconf 72' lang='grc' dir='ltr'><strong>καὶ</strong></span> <span class='ocrx_word' id='word_1_562' title='bbox 1202 4031 1370 4103; x_wconf 83' lang='grc' dir='ltr'>αὑτήν</span> <span class='ocrx_word' id='word_1_563' title='bbox 1407 4048 1506 4102; x_wconf 89' lang='grc' dir='ltr'><strong>μου</strong></span> <span class='ocrx_word' id='word_1_564' title='bbox 1546 4030 1868 4102; x_wconf 84' lang='grc' dir='ltr'>ζωοποιήσει</span> 
     </span>
    </p>
   </div>
   <div class='ocr_carea' id='block_1_71' title="bbox 279 4122 1867 4197">
    <p class='ocr_par' dir='ltr' id='par_1_71' title="bbox 279 4122 1867 4197">
     <span class='ocr_line' id='line_1_71' title="bbox 279 4122 1867 4197; baseline -0.003 -18"><span class='ocrx_word' id='word_1_565' title='bbox 279 4126 382 4197; x_wconf 83' lang='grc' dir='ltr'>τὴν</span> <span class='ocrx_word' id='word_1_566' title='bbox 413 4126 588 4197; x_wconf 80' lang='grc' dir='ltr'>σάρκα</span> <span class='ocrx_word' id='word_1_567' title='bbox 617 4125 706 4179; x_wconf 82' lang='grc' dir='ltr'><strong>διὰ</strong></span> <span class='ocrx_word' id='word_1_568' title='bbox 745 4124 845 4195; x_wconf 86' lang='grc' dir='ltr'><strong>τῆς</strong></span> <span class='ocrx_word' id='word_1_569' title='bbox 893 4122 1085 4176; x_wconf 78' lang='grc' dir='ltr'>ἑαυτοῦ</span> <span class='ocrx_word' id='word_1_570' title='bbox 1120 4123 1488 4185; x_wconf 84' lang='grc' dir='ltr'>ἀναστάσεως.</span> <span class='ocrx_word' id='word_1_571' title='bbox 1520 4122 1608 4174; x_wconf 85' lang='grc' dir='ltr'>Διὸ</span> <span class='ocrx_word' id='word_1_572' title='bbox 1638 4122 1773 4193; x_wconf 85' lang='grc' dir='ltr'>πρὸς</span> <span class='ocrx_word' id='word_1_573' title='bbox 1803 4124 1867 4192; x_wconf 81' lang='grc' dir='ltr'>τῇ</span> 
     </span>
    </p>
   </div>
   <div class='ocr_carea' id='block_1_72' title="bbox 280 4212 1869 4290">
    <p class='ocr_par' dir='ltr' id='par_1_72' title="bbox 280 4212 1869 4290">
     <span class='ocr_line' id='line_1_72' title="bbox 280 4212 1869 4290; baseline -0.003 -18"><span class='ocrx_word' id='word_1_574' title='bbox 280 4219 429 4290; x_wconf 75' lang='grc' dir='ltr'><strong>ψυχῇ</strong></span> <span class='ocrx_word' id='word_1_575' title='bbox 463 4219 558 4272; x_wconf 77' lang='grc' dir='ltr'><strong>καὶ</strong></span> <span class='ocrx_word' id='word_1_576' title='bbox 586 4219 621 4288; x_wconf 82' lang='grc' dir='ltr'><strong>ἡ</strong></span> <span class='ocrx_word' id='word_1_577' title='bbox 647 4217 781 4288; x_wconf 78' lang='grc' dir='ltr'>σάρξ</span> <span class='ocrx_word' id='word_1_578' title='bbox 822 4233 921 4287; x_wconf 91' lang='grc' dir='ltr'><strong>μου</strong></span> <span class='ocrx_word' id='word_1_579' title='bbox 944 4214 1328 4286; x_wconf 80' lang='grc' dir='ltr'>ἠγαλλιάσατο.</span> <span class='ocrx_word' id='word_1_580' title='bbox 1360 4213 1470 4268; x_wconf 83' lang='grc' dir='ltr'><strong>Καὶ</strong></span> <span class='ocrx_word' id='word_1_581' title='bbox 1509 4212 1619 4283; x_wconf 77' lang='grc' dir='ltr'>γὰρ</span> <span class='ocrx_word' id='word_1_582' title='bbox 1651 4229 1869 4282; x_wconf 85' lang='grc' dir='ltr'>στρου-</span> 
     </span>
    </p>
   </div>
   <div class='ocr_carea' id='block_1_73' title="bbox 283 4302 1871 4379">
    <p class='ocr_par' dir='ltr' id='par_1_73' title="bbox 283 4302 1871 4379">
     <span class='ocr_line' id='line_1_73' title="bbox 283 4302 1871 4379; baseline -0.008 -12"><span class='ocrx_word' id='word_1_583' title='bbox 283 4313 419 4367; x_wconf 86' lang='grc' dir='ltr'>θίον</span> <span class='ocrx_word' id='word_1_584' title='bbox 457 4306 633 4379; x_wconf 85' lang='grc' dir='ltr'>εὗρεν</span> <span class='ocrx_word' id='word_1_585' title='bbox 676 4308 866 4375; x_wconf 84' lang='grc' dir='ltr'>ἐαυτῷ</span> <span class='ocrx_word' id='word_1_586' title='bbox 916 4308 1131 4379; x_wconf 82' lang='grc' dir='ltr'>οὶκίαν,</span> <span class='ocrx_word' id='word_1_587' title='bbox 1175 4306 1273 4360; x_wconf 78' lang='grc' dir='ltr'>καὶ</span> <span class='ocrx_word' id='word_1_588' title='bbox 1327 4303 1557 4375; x_wconf 77' lang='grc' dir='ltr'>τρυγὼν</span> <span class='ocrx_word' id='word_1_589' title='bbox 1610 4302 1871 4357; x_wconf 83' lang='grc' dir='ltr'>νοσσιὰν</span> 
     </span>
    </p>
   </div>
   <div class='ocr_carea' id='block_1_74' title="bbox 280 4388 1873 4471">
    <p class='ocr_par' dir='ltr' id='par_1_74' title="bbox 280 4388 1873 4471">
     <span class='ocr_line' id='line_1_74' title="bbox 280 4388 1873 4471; baseline -0.006 -14"><span class='ocrx_word' id='word_1_590' title='bbox 280 4400 471 4471; x_wconf 77' lang='grc' dir='ltr'>ἑαυτῆ</span> <span class='ocrx_word' id='word_1_591' title='bbox 495 4441 509 4465; x_wconf 92' lang='grc'><strong>,</strong></span> <span class='ocrx_word' id='word_1_592' title='bbox 562 4397 633 4457; x_wconf 80' lang='grc' dir='ltr'>οὗ</span> <span class='ocrx_word' id='word_1_593' title='bbox 680 4388 852 4467; x_wconf 85' lang='grc' dir='ltr'>θήσει</span> <span class='ocrx_word' id='word_1_594' title='bbox 894 4400 967 4454; x_wconf 88' lang='grc' dir='ltr'>τὰ</span> <span class='ocrx_word' id='word_1_595' title='bbox 1021 4399 1245 4453; x_wconf 84' lang='grc' dir='ltr'>νοσσία</span> <span class='ocrx_word' id='word_1_596' title='bbox 1286 4395 1496 4465; x_wconf 84' lang='grc' dir='ltr'>αὐτῆς,</span> <span class='ocrx_word' id='word_1_597' title='bbox 1544 4399 1617 4450; x_wconf 87' lang='grc' dir='ltr'>τὰ</span> <span class='ocrx_word' id='word_1_598' title='bbox 1667 4398 1873 4449; x_wconf 87' lang='grc' dir='ltr'>θυσια-</span> 
     </span>
    </p>
   </div>
   <div class='ocr_carea' id='block_1_75' title="bbox 275 4483 1869 4557">
    <p class='ocr_par' dir='ltr' id='par_1_75' title="bbox 275 4483 1869 4557">
     <span class='ocr_line' id='line_1_75' title="bbox 275 4483 1869 4557; baseline -0.005 -13"><span class='ocrx_word' id='word_1_599' title='bbox 275 4487 502 4557; x_wconf 82' lang='grc' dir='ltr'>στήριά</span> <span class='ocrx_word' id='word_1_600' title='bbox 517 4504 652 4552; x_wconf 89' lang='grc' dir='ltr'>σου,</span> <span class='ocrx_word' id='word_1_601' title='bbox 680 4489 856 4557; x_wconf 83' lang='grc' dir='ltr'>Κύριε</span> <span class='ocrx_word' id='word_1_602' title='bbox 880 4486 999 4541; x_wconf 85' lang='grc' dir='ltr'><strong>τῶν</strong></span> <span class='ocrx_word' id='word_1_603' title='bbox 1031 4486 1362 4555; x_wconf 80' lang='grc' dir='ltr'>δυνάμεων.</span> <span class='ocrx_word' id='word_1_604' title='bbox 1402 4487 1511 4540; x_wconf 75' lang='lat' dir='ltr'><strong>Kal.</strong></span> <span class='ocrx_word' id='word_1_605' title='bbox 1540 4484 1657 4548; x_wconf 87' lang='grc' dir='ltr'><strong>πῶς</strong></span> <span class='ocrx_word' id='word_1_606' title='bbox 1671 4483 1779 4555; x_wconf 86' lang='grc' dir='ltr'>γὰρ</span> <span class='ocrx_word' id='word_1_607' title='bbox 1808 4483 1869 4537; x_wconf 79' lang='grc' dir='ltr'><strong>οὐ</strong></span> 
     </span>
    </p>
   </div>
   <div class='ocr_carea' id='block_1_76' title="bbox 1967 3383 3543 3467">
    <p class='ocr_par' dir='ltr' id='par_1_76' title="bbox 1967 3383 3543 3467">
     <span class='ocr_line' id='line_1_76' title="bbox 1967 3383 3543 3467; baseline -0.001 -20"><span class='ocrx_word' id='word_1_608' title='bbox 1967 3394 2274 3449; x_wconf 89' lang='lat' dir='ltr'><strong>adumbrat.</strong></span> <span class='ocrx_word' id='word_1_609' title='bbox 2302 3392 2441 3459; x_wconf 84' lang='lat' dir='ltr'><strong>Quia</strong></span> <span class='ocrx_word' id='word_1_610' title='bbox 2470 3393 2616 3448; x_wconf 90' lang='lat' dir='ltr'><strong>enim</strong></span> <span class='ocrx_word' id='word_1_611' title='bbox 2646 3393 2682 3446; x_wconf 90' lang='lat' dir='ltr'><strong>ii</strong></span> <span class='ocrx_word' id='word_1_612' title='bbox 2715 3383 2807 3462; x_wconf 89' lang='lat' dir='ltr'><strong>qui</strong></span> <span class='ocrx_word' id='word_1_613' title='bbox 2842 3394 2985 3447; x_wconf 85' lang='lat' dir='ltr'><strong>inter</strong></span> <span class='ocrx_word' id='word_1_614' title='bbox 3019 3402 3208 3463; x_wconf 77' lang='lat' dir='ltr'><strong>gentes</strong></span> <span class='ocrx_word' id='word_1_615' title='bbox 3240 3392 3316 3446; x_wconf 89' lang='lat' dir='ltr'><strong>dii</strong></span> <span class='ocrx_word' id='word_1_616' title='bbox 3351 3392 3543 3467; x_wconf 70' lang='lat' dir='ltr'><strong>existi-</strong></span> 
     </span>
    </p>
   </div>
   <div class='ocr_carea' id='block_1_77' title="bbox 1966 3484 3541 3550">
    <p class='ocr_par' dir='ltr' id='par_1_77' title="bbox 1966 3484 3541 3550">
     <span class='ocr_line' id='line_1_77' title="bbox 1966 3484 3541 3550; baseline -0.001 -10"><span class='ocrx_word' id='word_1_617' title='bbox 1966 3495 2207 3550; x_wconf 88' lang='lat' dir='ltr'><strong>mantur,</strong></span> <span class='ocrx_word' id='word_1_618' title='bbox 2236 3487 2440 3539; x_wconf 89' lang='lat' dir='ltr'><strong>mortui</strong></span> <span class='ocrx_word' id='word_1_619' title='bbox 2471 3492 2526 3541; x_wconf 85' lang='lat' dir='ltr'><strong>et</strong></span> <span class='ocrx_word' id='word_1_620' title='bbox 2564 3486 2849 3539; x_wconf 89' lang='lat' dir='ltr'><strong>inanimati</strong></span> <span class='ocrx_word' id='word_1_621' title='bbox 2882 3492 3011 3539; x_wconf 93' lang='lat' dir='ltr'><strong>sunt</strong></span> <span class='ocrx_word' id='word_1_622' title='bbox 3043 3504 3056 3539; x_wconf 92' lang='lat'><strong>:</strong></span> <span class='ocrx_word' id='word_1_623' title='bbox 3088 3500 3215 3538; x_wconf 86' lang='lat' dir='ltr'><strong>nam</strong></span> <span class='ocrx_word' id='word_1_624' title='bbox 3247 3484 3541 3539; x_wconf 71' lang='lat' dir='ltr'><strong>simulacra</strong></span> 
     </span>
    </p>
   </div>
   <div class='ocr_carea' id='block_1_78' title="bbox 1967 3572 3576 3645">
    <p class='ocr_par' dir='ltr' id='par_1_78' title="bbox 1967 3572 3576 3645">
     <span class='ocr_line' id='line_1_78' title="bbox 1967 3572 3576 3645; baseline -0.002 -17"><span class='ocrx_word' id='word_1_625' title='bbox 1967 3576 2198 3645; x_wconf 84' lang='lat' dir='ltr'><strong>gentium</strong></span> <span class='ocrx_word' id='word_1_626' title='bbox 2227 3584 2499 3644; x_wconf 80' lang='lat' dir='ltr'><strong>argentum</strong></span> <span class='ocrx_word' id='word_1_627' title='bbox 2533 3583 2583 3627; x_wconf 87' lang='lat' dir='ltr'><strong>et</strong></span> <span class='ocrx_word' id='word_1_628' title='bbox 2619 3590 2831 3637; x_wconf 84' lang='lat' dir='ltr'><strong>aurum,</strong></span> <span class='ocrx_word' id='word_1_629' title='bbox 2864 3584 3023 3641; x_wconf 80' lang='lat' dir='ltr'><strong>opera</strong></span> <span class='ocrx_word' id='word_1_630' title='bbox 3070 3589 3323 3626; x_wconf 86' lang='lat' dir='ltr'><strong>manuum</strong></span> <span class='ocrx_word' id='word_1_631' title='bbox 3350 3574 3542 3626; x_wconf 23' lang='lat' dir='ltr'><strong>rhomi-</strong></span> <span class='ocrx_word' id='word_1_632' title='bbox 3573 3572 3576 3575; x_wconf 75' lang='grc'><em>’</em></span> 
     </span>
    </p>
   </div>
   <div class='ocr_carea' id='block_1_79' title="bbox 1970 3664 3570 3741">
    <p class='ocr_par' dir='ltr' id='par_1_79' title="bbox 1970 3664 3570 3741">
     <span class='ocr_line' id='line_1_79' title="bbox 1970 3664 3570 3741; baseline 0.001 -22"><span class='ocrx_word' id='word_1_633' title='bbox 1970 3683 2094 3719; x_wconf 87' lang='lat' dir='ltr'><strong>num</strong></span> <span class='ocrx_word' id='word_1_634' title='bbox 2120 3666 2164 3696; x_wconf 79' lang='grc'><strong>’³</strong></span> <span class='ocrx_word' id='word_1_635' title='bbox 2195 3684 2206 3720; x_wconf 93' lang='lat'><strong>:</strong></span> <span class='ocrx_word' id='word_1_636' title='bbox 2240 3666 2354 3719; x_wconf 60' lang='lat' dir='ltr'><strong>haec</strong></span> <span class='ocrx_word' id='word_1_637' title='bbox 2382 3674 2560 3720; x_wconf 90' lang='lat' dir='ltr'><strong>tamen</strong></span> <span class='ocrx_word' id='word_1_638' title='bbox 2585 3666 2661 3719; x_wconf 90' lang='lat' dir='ltr'><strong>illi</strong></span> <span class='ocrx_word' id='word_1_639' title='bbox 2685 3665 2812 3719; x_wconf 90' lang='lat' dir='ltr'><strong>olim</strong></span> <span class='ocrx_word' id='word_1_640' title='bbox 2842 3665 3093 3741; x_wconf 85' lang='lat' dir='ltr'><strong>homines</strong></span> <span class='ocrx_word' id='word_1_641' title='bbox 3122 3664 3541 3727; x_wconf 87' lang='lat' dir='ltr'><strong>venerabantur.</strong></span> <span class='ocrx_word' id='word_1_642' title='bbox 3568 3705 3570 3707; x_wconf 63' lang='grc'><strong>›</strong></span> 
     </span>
    </p>
   </div>
   <div class='ocr_carea' id='block_1_80' title="bbox 1968 3750 3541 3828">
    <p class='ocr_par' dir='ltr' id='par_1_80' title="bbox 1968 3750 3541 3828">
     <span class='ocr_line' id='line_1_80' title="bbox 1968 3750 3541 3828; baseline 0.002 -18"><span class='ocrx_word' id='word_1_643' title='bbox 1968 3756 2082 3828; x_wconf 80' lang='lat' dir='ltr'><strong>Ego</strong></span> <span class='ocrx_word' id='word_1_644' title='bbox 2118 3772 2267 3823; x_wconf 88' lang='lat' dir='ltr'><strong>vero,</strong></span> <span class='ocrx_word' id='word_1_645' title='bbox 2292 3759 2488 3827; x_wconf 88' lang='lat' dir='ltr'><strong>inquit,</strong></span> <span class='ocrx_word' id='word_1_646' title='bbox 2522 3774 2630 3811; x_wconf 90' lang='lat' dir='ltr'><strong>non</strong></span> <span class='ocrx_word' id='word_1_647' title='bbox 2682 3758 2843 3813; x_wconf 89' lang='lat' dir='ltr'><strong>deum</strong></span> <span class='ocrx_word' id='word_1_648' title='bbox 2877 3750 3217 3827; x_wconf 88' lang='lat' dir='ltr'><strong>hujusmodi,</strong></span> <span class='ocrx_word' id='word_1_649' title='bbox 3249 3760 3342 3813; x_wconf 91' lang='lat' dir='ltr'><strong>sed</strong></span> <span class='ocrx_word' id='word_1_650' title='bbox 3375 3758 3541 3817; x_wconf 86' lang='lat' dir='ltr'><strong>Deum</strong></span> 
     </span>
    </p>
   </div>
   <div class='ocr_carea' id='block_1_81' title="bbox 1969 3850 3549 3920">
    <p class='ocr_par' dir='ltr' id='par_1_81' title="bbox 1969 3850 3549 3920">
     <span class='ocr_line' id='line_1_81' title="bbox 1969 3850 3549 3920; baseline 0.001 -17"><span class='ocrx_word' id='word_1_651' title='bbox 1969 3852 2151 3903; x_wconf 84' lang='lat' dir='ltr'><strong>vivum</strong></span> <span class='ocrx_word' id='word_1_652' title='bbox 2182 3851 2582 3918; x_wconf 86' lang='lat' dir='ltr'><strong>contemplans,</strong></span> <span class='ocrx_word' id='word_1_653' title='bbox 2612 3850 2811 3919; x_wconf 87' lang='lat' dir='ltr'><strong>gaudio</strong></span> <span class='ocrx_word' id='word_1_654' title='bbox 2844 3851 2899 3904; x_wconf 90' lang='lat' dir='ltr'><strong>in</strong></span> <span class='ocrx_word' id='word_1_655' title='bbox 2928 3850 3095 3904; x_wconf 87' lang='lat' dir='ltr'><strong>corde</strong></span> <span class='ocrx_word' id='word_1_656' title='bbox 3118 3850 3381 3919; x_wconf 37' lang='lat' dir='ltr'><strong>repleor»:</strong></span> <span class='ocrx_word' id='word_1_657' title='bbox 3407 3851 3549 3920; x_wconf 85' lang='lat' dir='ltr'><strong>ipsa-</strong></span> 
     </span>
    </p>
   </div>
   <div class='ocr_carea' id='block_1_82' title="bbox 1972 3937 3545 4008">
    <p class='ocr_par' dir='ltr' id='par_1_82' title="bbox 1972 3937 3545 4008">
     <span class='ocr_line' id='line_1_82' title="bbox 1972 3937 3545 4008; baseline 0.001 -17"><span class='ocrx_word' id='word_1_658' title='bbox 1972 3953 2078 4007; x_wconf 89' lang='lat' dir='ltr'><strong>que</strong></span> <span class='ocrx_word' id='word_1_659' title='bbox 2107 3952 2239 3992; x_wconf 89' lang='lat' dir='ltr'><strong>caro</strong></span> <span class='ocrx_word' id='word_1_660' title='bbox 2268 3953 2389 3993; x_wconf 88' lang='lat' dir='ltr'><strong>mea</strong></span> <span class='ocrx_word' id='word_1_661' title='bbox 2424 3937 2483 3993; x_wconf 93' lang='lat' dir='ltr'><strong>in</strong></span> <span class='ocrx_word' id='word_1_662' title='bbox 2521 3938 2667 3994; x_wconf 93' lang='lat' dir='ltr'><strong>hunc</strong></span> <span class='ocrx_word' id='word_1_663' title='bbox 2698 3938 2869 3993; x_wconf 88' lang='lat' dir='ltr'><strong>Deum</strong></span> <span class='ocrx_word' id='word_1_664' title='bbox 2921 3938 3237 4000; x_wconf 80' lang='lat' dir='ltr'><strong>exsultavit,</strong></span> <span class='ocrx_word' id='word_1_665' title='bbox 3274 3946 3462 4008; x_wconf 85' lang='lat' dir='ltr'><strong>utpote</strong></span> <span class='ocrx_word' id='word_1_666' title='bbox 3489 3939 3545 3992; x_wconf 92' lang='lat' dir='ltr'><strong>in</strong></span> 
     </span>
    </p>
   </div>
   <div class='ocr_carea' id='block_1_83' title="bbox 1972 4018 3571 4100">
    <p class='ocr_par' dir='ltr' id='par_1_83' title="bbox 1972 4018 3571 4100">
     <span class='ocr_line' id='line_1_83' title="bbox 1972 4018 3571 4100; baseline 0.001 -19"><span class='ocrx_word' id='word_1_667' title='bbox 1972 4027 2142 4085; x_wconf 88' lang='lat' dir='ltr'><strong>Deum</strong></span> <span class='ocrx_word' id='word_1_668' title='bbox 2176 4044 2302 4084; x_wconf 85' lang='lat' dir='ltr'><strong>vere</strong></span> <span class='ocrx_word' id='word_1_669' title='bbox 2331 4018 2600 4086; x_wconf 87' lang='lat' dir='ltr'><strong>viventem</strong></span> <span class='ocrx_word' id='word_1_670' title='bbox 2629 4038 2683 4084; x_wconf 88' lang='lat' dir='ltr'><strong>et</strong></span> <span class='ocrx_word' id='word_1_671' title='bbox 2726 4036 2976 4100; x_wconf 85' lang='lat' dir='ltr'><strong>mortuos</strong></span> <span class='ocrx_word' id='word_1_672' title='bbox 3028 4029 3433 4092; x_wconf 73' lang='lat' dir='ltr'><strong>viviﬁcantem,</strong></span> <span class='ocrx_word' id='word_1_673' title='bbox 3454 4029 3571 4099; x_wconf 89' lang='lat' dir='ltr'><strong>qui</strong></span> 
     </span>
    </p>
   </div>
   <div class='ocr_carea' id='block_1_84' title="bbox 1972 4121 3573 4201">
    <p class='ocr_par' dir='ltr' id='par_1_84' title="bbox 1972 4121 3573 4201">
     <span class='ocr_line' id='line_1_84' title="bbox 1972 4121 3573 4201; baseline 0 -26"><span class='ocrx_word' id='word_1_674' title='bbox 1972 4121 2112 4175; x_wconf 89' lang='lat' dir='ltr'><strong>hanc</strong></span> <span class='ocrx_word' id='word_1_675' title='bbox 2136 4122 2311 4192; x_wconf 88' lang='lat' dir='ltr'><strong>ipsam</strong></span> <span class='ocrx_word' id='word_1_676' title='bbox 2332 4137 2553 4177; x_wconf 89' lang='lat' dir='ltr'><strong>carnem</strong></span> <span class='ocrx_word' id='word_1_677' title='bbox 2576 4136 2750 4177; x_wconf 87' lang='lat' dir='ltr'><strong>meam</strong></span> <span class='ocrx_word' id='word_1_678' title='bbox 2772 4135 2870 4201; x_wconf 85' lang='lat' dir='ltr'><strong>per</strong></span> <span class='ocrx_word' id='word_1_679' title='bbox 2898 4121 3355 4195; x_wconf 83' lang='lat' dir='ltr'><strong>resurrectionem</strong></span> <span class='ocrx_word' id='word_1_680' title='bbox 3390 4136 3573 4177; x_wconf 85' lang='lat' dir='ltr'><strong>suam</strong></span> 
     </span>
    </p>
   </div>
   <div class='ocr_carea' id='block_1_85' title="bbox 1972 4213 3550 4283">
    <p class='ocr_par' dir='ltr' id='par_1_85' title="bbox 1972 4213 3550 4283">
     <span class='ocr_line' id='line_1_85' title="bbox 1972 4213 3550 4283; baseline 0.001 -16"><span class='ocrx_word' id='word_1_681' title='bbox 1972 4214 2296 4271; x_wconf 87' lang='lat' dir='ltr'><strong>reviviscere</strong></span> <span class='ocrx_word' id='word_1_682' title='bbox 2349 4214 2526 4270; x_wconf 84' lang='lat' dir='ltr'><strong>faciet.</strong></span> <span class='ocrx_word' id='word_1_683' title='bbox 2592 4213 2772 4281; x_wconf 87' lang='lat' dir='ltr'><strong>Quare</strong></span> <span class='ocrx_word' id='word_1_684' title='bbox 2821 4230 2944 4278; x_wconf 86' lang='lat' dir='ltr'><strong>cum</strong></span> <span class='ocrx_word' id='word_1_685' title='bbox 3002 4214 3187 4268; x_wconf 90' lang='lat' dir='ltr'><strong>anima</strong></span> <span class='ocrx_word' id='word_1_686' title='bbox 3241 4229 3373 4269; x_wconf 91' lang='lat' dir='ltr'><strong>caro</strong></span> <span class='ocrx_word' id='word_1_687' title='bbox 3430 4214 3550 4283; x_wconf 83' lang='lat' dir='ltr'><strong>ipsa</strong></span> 
     </span>
    </p>
   </div>
   <div class='ocr_carea' id='block_1_86' title="bbox 1971 4306 3549 4377">
    <p class='ocr_par' dir='ltr' id='par_1_86' title="bbox 1971 4306 3549 4377">
     <span class='ocr_line' id='line_1_86' title="bbox 1971 4306 3549 4377; baseline -0.003 -14"><span class='ocrx_word' id='word_1_688' title='bbox 1971 4308 2287 4364; x_wconf 77' lang='lat' dir='ltr'><strong>exsultavit.</strong></span> <span class='ocrx_word' id='word_1_689' title='bbox 2316 4338 2388 4350; x_wconf 88' lang='lat'><strong>-—-</strong></span> <span class='ocrx_word' id='word_1_690' title='bbox 2417 4307 2586 4365; x_wconf 72' lang='lat' dir='ltr'><strong>Vens.</strong></span> <span class='ocrx_word' id='word_1_691' title='bbox 2620 4308 2676 4362; x_wconf 74' lang='grc'>4.</span> <span class='ocrx_word' id='word_1_692' title='bbox 2711 4306 2921 4361; x_wconf 85' lang='lat' dir='ltr'><strong>Etenim</strong></span> <span class='ocrx_word' id='word_1_693' title='bbox 2970 4323 3157 4377; x_wconf 83' lang='lat' dir='ltr'><strong>passer</strong></span> <span class='ocrx_word' id='word_1_694' title='bbox 3215 4307 3408 4361; x_wconf 82' lang='lat' dir='ltr'><strong>invenit</strong></span> <span class='ocrx_word' id='word_1_695' title='bbox 3448 4306 3549 4360; x_wconf 85' lang='lat' dir='ltr'><strong>sibi</strong></span> 
     </span>
    </p>
   </div>
   <div class='ocr_carea' id='block_1_87' title="bbox 1970 4395 3550 4464">
    <p class='ocr_par' dir='ltr' id='par_1_87' title="bbox 1970 4395 3550 4464">
     <span class='ocr_line' id='line_1_87' title="bbox 1970 4395 3550 4464; baseline -0.002 -14"><span class='ocrx_word' id='word_1_696' title='bbox 1970 4397 2207 4461; x_wconf 83' lang='lat' dir='ltr'><strong>domum,</strong></span> <span class='ocrx_word' id='word_1_697' title='bbox 2251 4406 2301 4452; x_wconf 84' lang='lat' dir='ltr'><strong>et</strong></span> <span class='ocrx_word' id='word_1_698' title='bbox 2351 4406 2530 4451; x_wconf 86' lang='lat' dir='ltr'><strong>turtur</strong></span> <span class='ocrx_word' id='word_1_699' title='bbox 2601 4396 2785 4451; x_wconf 80' lang='lat' dir='ltr'><strong>nidum</strong></span> <span class='ocrx_word' id='word_1_700' title='bbox 2838 4395 2961 4461; x_wconf 89' lang='lat' dir='ltr'><strong>sibi,</strong></span> <span class='ocrx_word' id='word_1_701' title='bbox 3023 4396 3113 4449; x_wconf 88' lang='lat' dir='ltr'><strong>ubi</strong></span> <span class='ocrx_word' id='word_1_702' title='bbox 3169 4405 3333 4463; x_wconf 80' lang='lat' dir='ltr'><strong>ponat</strong></span> <span class='ocrx_word' id='word_1_703' title='bbox 3377 4395 3550 4464; x_wconf 85' lang='lat' dir='ltr'><strong>pullos</strong></span> 
     </span>
    </p>
   </div>
   <div class='ocr_carea' id='block_1_88' title="bbox 1957 4484 3549 4559">
    <p class='ocr_par' dir='ltr' id='par_1_88' title="bbox 1957 4484 3549 4559">
     <span class='ocr_line' id='line_1_88' title="bbox 1957 4484 3549 4559; baseline -0.002 -19"><span class='ocrx_word' id='word_1_704' title='bbox 1957 4502 2119 4559; x_wconf 86' lang='lat' dir='ltr'><strong>suos,</strong></span> <span class='ocrx_word' id='word_1_705' title='bbox 2156 4486 2357 4539; x_wconf 82' lang='lat' dir='ltr'><strong>altaria</strong></span> <span class='ocrx_word' id='word_1_706' title='bbox 2380 4494 2492 4550; x_wconf 90' lang='lat' dir='ltr'><strong>tua,</strong></span> <span class='ocrx_word' id='word_1_707' title='bbox 2525 4485 2749 4540; x_wconf 85' lang='lat' dir='ltr'><strong>Domine</strong></span> <span class='ocrx_word' id='word_1_708' title='bbox 2776 4486 3053 4540; x_wconf 86' lang='lat' dir='ltr'><strong>virtutum.</strong></span> <span class='ocrx_word' id='word_1_709' title='bbox 3078 4484 3143 4538; x_wconf 87' lang='lat' dir='ltr'><strong>Et</strong></span> <span class='ocrx_word' id='word_1_710' title='bbox 3173 4486 3288 4554; x_wconf 91' lang='lat' dir='ltr'><strong>qui,</strong></span> <span class='ocrx_word' id='word_1_711' title='bbox 3321 4484 3418 4549; x_wconf 90' lang='lat' dir='ltr'><strong>ait,</strong></span> <span class='ocrx_word' id='word_1_712' title='bbox 3440 4499 3549 4537; x_wconf 91' lang='lat' dir='ltr'><strong>non</strong></span> 
     </span>
    </p>
   </div>
   <div class='ocr_carea' id='block_1_89' title="bbox 283 4572 1860 4674">
    <p class='ocr_par' dir='ltr' id='par_1_89' title="bbox 283 4572 1860 4651">
     <span class='ocr_line' id='line_1_89' title="bbox 283 4572 1860 4651; baseline -0.004 -17"><span class='ocrx_word' id='word_1_713' title='bbox 283 4579 681 4651; x_wconf 73' lang='grc' dir='ltr'>δίκαιον,φησι,</span> <span class='ocrx_word' id='word_1_714' title='bbox 712 4579 982 4651; x_wconf 85' lang='grc' dir='ltr'>προσφιλῆ</span> <span class='ocrx_word' id='word_1_715' title='bbox 1014 4580 1106 4632; x_wconf 71' lang='grc' dir='ltr'>καὶ</span> <span class='ocrx_word' id='word_1_716' title='bbox 1143 4578 1403 4649; x_wconf 79' lang='grc' dir='ltr'>ἀγαπητὰ</span> <span class='ocrx_word' id='word_1_717' title='bbox 1416 4578 1694 4648; x_wconf 85' lang='grc' dir='ltr'>ὁμολογεῖν</span> <span class='ocrx_word' id='word_1_718' title='bbox 1726 4572 1860 4631; x_wconf 77' lang='grc' dir='ltr'>εἶναι</span> 
     </span>
    </p>
   </div>
   <div class='ocr_carea' id='block_1_90' title="bbox 1965 4572 3552 4674">
    <p class='ocr_par' dir='ltr' id='par_1_90' title="bbox 1975 4576 3552 4650">
     <span class='ocr_line' id='line_1_90' title="bbox 1975 4576 3552 4650; baseline -0.004 -16"><span class='ocrx_word' id='word_1_719' title='bbox 1975 4595 2192 4650; x_wconf 66' lang='lat' dir='ltr'><strong>aequum</strong></span> <span class='ocrx_word' id='word_1_720' title='bbox 2230 4578 2418 4643; x_wconf 80' lang='lat' dir='ltr'><strong>fuerit,</strong></span> <span class='ocrx_word' id='word_1_721' title='bbox 2476 4592 2509 4631; x_wconf 93' lang='grc' dir='ltr'><strong>ο</strong></span> <span class='ocrx_word' id='word_1_722' title='bbox 2554 4576 2805 4642; x_wconf 86' lang='lat' dir='ltr'><strong>Domine,</strong></span> <span class='ocrx_word' id='word_1_723' title='bbox 2855 4577 3049 4631; x_wconf 89' lang='lat' dir='ltr'><strong>altaria</strong></span> <span class='ocrx_word' id='word_1_724' title='bbox 3105 4585 3200 4636; x_wconf 82' lang='lat' dir='ltr'><strong>tua</strong></span> <span class='ocrx_word' id='word_1_725' title='bbox 3253 4576 3452 4631; x_wconf 86' lang='lat' dir='ltr'><strong>dilecta</strong></span> <span class='ocrx_word' id='word_1_726' title='bbox 3497 4586 3552 4628; x_wconf 91' lang='lat' dir='ltr'><strong>et</strong></span> 
     </span>
    </p>
   </div>
   <div class='ocr_carea' id='block_1_91' title="bbox 281 4662 1867 4742">
    <p class='ocr_par' dir='ltr' id='par_1_91' title="bbox 281 4662 1867 4742">
     <span class='ocr_line' id='line_1_91' title="bbox 281 4662 1867 4742; baseline -0.003 -17"><span class='ocrx_word' id='word_1_727' title='bbox 281 4671 353 4725; x_wconf 74' lang='grc' dir='ltr'>τὰ</span> <span class='ocrx_word' id='word_1_728' title='bbox 380 4668 714 4742; x_wconf 86' lang='grc' dir='ltr'>σκηνώματά</span> <span class='ocrx_word' id='word_1_729' title='bbox 746 4686 860 4732; x_wconf 92' lang='grc' dir='ltr'>σου,</span> <span class='ocrx_word' id='word_1_730' title='bbox 892 4662 936 4722; x_wconf 82' lang='grc' dir='ltr'><strong>ὦ</strong></span> <span class='ocrx_word' id='word_1_731' title='bbox 965 4668 1156 4739; x_wconf 84' lang='grc' dir='ltr'>Κύριε,</span> <span class='ocrx_word' id='word_1_732' title='bbox 1183 4669 1343 4723; x_wconf 83' lang='grc' dir='ltr'>ὁπότε</span> <span class='ocrx_word' id='word_1_733' title='bbox 1372 4668 1658 4739; x_wconf 82' lang='grc' dir='ltr'>καταφυγὴ</span> <span class='ocrx_word' id='word_1_734' title='bbox 1683 4665 1867 4736; x_wconf 70' lang='grc' dir='ltr'>γέγονε</span> 
     </span>
    </p>
   </div>
   <div class='ocr_carea' id='block_1_92' title="bbox 284 4748 1867 4834">
    <p class='ocr_par' dir='ltr' id='par_1_92' title="bbox 284 4748 1867 4834">
     <span class='ocr_line' id='line_1_92' title="bbox 284 4748 1867 4834; baseline -0.001 -19"><span class='ocrx_word' id='word_1_735' title='bbox 284 4763 451 4815; x_wconf 81' lang='grc' dir='ltr'>παντὶ</span> <span class='ocrx_word' id='word_1_736' title='bbox 481 4761 559 4834; x_wconf 82' lang='grc' dir='ltr'>τῷ</span> <span class='ocrx_word' id='word_1_737' title='bbox 583 4762 680 4831; x_wconf 80' lang='grc' dir='ltr'>οἴῳ</span> <span class='ocrx_word' id='word_1_738' title='bbox 705 4778 764 4813; x_wconf 90' lang='grc' dir='ltr'><strong>τε</strong></span> <span class='ocrx_word' id='word_1_739' title='bbox 802 4759 1010 4828; x_wconf 80' lang='grc' dir='ltr'>λέγειν·</span> <span class='ocrx_word' id='word_1_740' title='bbox 1055 4761 1126 4815; x_wconf 84' lang='grc' dir='ltr'>Ἡ</span> <span class='ocrx_word' id='word_1_741' title='bbox 1153 4760 1323 4830; x_wconf 64' lang='grc' dir='ltr'><strong>ψυχὴ</strong></span> <span class='ocrx_word' id='word_1_742' title='bbox 1352 4759 1519 4830; x_wconf 76' lang='grc' dir='ltr'>ἡμῶν</span> <span class='ocrx_word' id='word_1_743' title='bbox 1542 4748 1625 4825; x_wconf 86' lang='grc' dir='ltr'>ὡς</span> <span class='ocrx_word' id='word_1_744' title='bbox 1648 4776 1867 4827; x_wconf 87' lang='grc' dir='ltr'>στρου-</span> 
     </span>
    </p>
   </div>
   <div class='ocr_carea' id='block_1_93' title="bbox 284 4850 1864 4923">
    <p class='ocr_par' dir='ltr' id='par_1_93' title="bbox 284 4850 1864 4923">
     <span class='ocr_line' id='line_1_93' title="bbox 284 4850 1864 4923; baseline -0.004 -13"><span class='ocrx_word' id='word_1_745' title='bbox 284 4855 419 4911; x_wconf 82' lang='grc' dir='ltr'>θίον</span> <span class='ocrx_word' id='word_1_746' title='bbox 436 4854 696 4923; x_wconf 79' lang='grc' dir='ltr'>ἐῤῥύσθη</span> <span class='ocrx_word' id='word_1_747' title='bbox 738 4854 806 4906; x_wconf 85' lang='grc' dir='ltr'>ἐκ</span> <span class='ocrx_word' id='word_1_748' title='bbox 852 4850 962 4920; x_wconf 80' lang='grc' dir='ltr'><strong>τῆς</strong></span> <span class='ocrx_word' id='word_1_749' title='bbox 1010 4853 1258 4922; x_wconf 80' lang='grc' dir='ltr'>παγίδος</span> <span class='ocrx_word' id='word_1_750' title='bbox 1302 4852 1421 4906; x_wconf 81' lang='grc' dir='ltr'><strong>τῶν</strong></span> <span class='ocrx_word' id='word_1_751' title='bbox 1464 4852 1864 4921; x_wconf 83' lang='grc' dir='ltr'>θηρευόντων·</span> 
     </span>
    </p>
   </div>
   <div class='ocr_carea' id='block_1_94' title="bbox 286 4942 1866 5014">
    <p class='ocr_par' dir='ltr' id='par_1_94' title="bbox 286 4942 1866 5014">
     <span class='ocr_line' id='line_1_94' title="bbox 286 4942 1866 5014; baseline -0.003 -15"><span class='ocrx_word' id='word_1_752' title='bbox 286 4947 382 5000; x_wconf 74' lang='grc' dir='ltr'><strong>καὶ</strong></span> <span class='ocrx_word' id='word_1_753' title='bbox 414 4945 574 4998; x_wconf 85' lang='grc' dir='ltr'>πάλιν</span> <span class='ocrx_word' id='word_1_754' title='bbox 616 4943 693 5014; x_wconf 78' lang='grc' dir='ltr'>τῷ</span> <span class='ocrx_word' id='word_1_755' title='bbox 736 4944 1027 5013; x_wconf 84' lang='grc' dir='ltr'>φάσκοντι·</span> <span class='ocrx_word' id='word_1_756' title='bbox 1066 4944 1189 4996; x_wconf 76' lang='grc' dir='ltr'><strong>Ἐπὶ</strong></span> <span class='ocrx_word' id='word_1_757' title='bbox 1234 4942 1315 5009; x_wconf 84' lang='grc' dir='ltr'>τῷ</span> <span class='ocrx_word' id='word_1_758' title='bbox 1359 4944 1552 5011; x_wconf 82' lang='grc' dir='ltr'>Κυρίῳ</span> <span class='ocrx_word' id='word_1_759' title='bbox 1593 4943 1866 5007; x_wconf 80' lang='grc' dir='ltr'>πέποιθα,</span> 
     </span>
    </p>
   </div>
   <div class='ocr_carea' id='block_1_95' title="bbox 284 5033 1865 5104">
    <p class='ocr_par' dir='ltr' id='par_1_95' title="bbox 284 5033 1865 5104">
     <span class='ocr_line' id='line_1_95' title="bbox 284 5033 1865 5104; baseline -0.003 -14"><span class='ocrx_word' id='word_1_760' title='bbox 284 5036 415 5103; x_wconf 84' lang='grc' dir='ltr'><strong>πῶς</strong></span> <span class='ocrx_word' id='word_1_761' title='bbox 436 5034 619 5103; x_wconf 85' lang='grc' dir='ltr'>ἐρεῖτε</span> <span class='ocrx_word' id='word_1_762' title='bbox 642 5034 715 5103; x_wconf 80' lang='grc' dir='ltr'>τῇ</span> <span class='ocrx_word' id='word_1_763' title='bbox 734 5033 905 5104; x_wconf 71' lang='grc' dir='ltr'><strong>ψυχῇ</strong></span> <span class='ocrx_word' id='word_1_764' title='bbox 915 5052 1053 5103; x_wconf 68' lang='grc' dir='ltr'>μου*</span> <span class='ocrx_word' id='word_1_765' title='bbox 1072 5036 1529 5089; x_wconf 84' lang='grc' dir='ltr'>Μεταναστεύου</span> <span class='ocrx_word' id='word_1_766' title='bbox 1549 5034 1647 5085; x_wconf 79' lang='grc' dir='ltr'><strong>ἐπὶ</strong></span> <span class='ocrx_word' id='word_1_767' title='bbox 1668 5034 1740 5086; x_wconf 85' lang='grc' dir='ltr'>τὰ</span> <span class='ocrx_word' id='word_1_768' title='bbox 1761 5033 1865 5100; x_wconf 85' lang='grc' dir='ltr'>ὄρη</span> 
     </span>
    </p>
   </div>
   <div class='ocr_carea' id='block_1_96' title="bbox 284 5124 1869 5203">
    <p class='ocr_par' dir='ltr' id='par_1_96' title="bbox 284 5124 1869 5203">
     <span class='ocr_line' id='line_1_96' title="bbox 284 5124 1869 5203; baseline -0.006 -18"><span class='ocrx_word' id='word_1_769' title='bbox 284 5132 366 5197; x_wconf 84' lang='grc' dir='ltr'>ὠς</span> <span class='ocrx_word' id='word_1_770' title='bbox 391 5130 743 5198; x_wconf 86' lang='grc' dir='ltr'>στρουθίον;</span> <span class='ocrx_word' id='word_1_771' title='bbox 775 5128 901 5179; x_wconf 78' lang='grc' dir='ltr'>Ὅτι</span> <span class='ocrx_word' id='word_1_772' title='bbox 932 5125 1061 5179; x_wconf 80' lang='grc' dir='ltr'>ἰδοὺ</span> <span class='ocrx_word' id='word_1_773' title='bbox 1104 5128 1156 5179; x_wconf 81' lang='grc' dir='ltr'>οὶ</span> <span class='ocrx_word' id='word_1_774' title='bbox 1188 5125 1521 5195; x_wconf 80' lang='grc' dir='ltr'>ἀμαρτωλοί</span> <span class='ocrx_word' id='word_1_775' title='bbox 1558 5124 1869 5203; x_wconf 68' lang='grc' dir='ltr'><strong>⁸ἐνέτειναν</strong></span> 
     </span>
    </p>
   </div>
   <div class='ocr_carea' id='block_1_97' title="bbox 283 5213 1869 5289">
    <p class='ocr_par' dir='ltr' id='par_1_97' title="bbox 283 5213 1869 5289">
     <span class='ocr_line' id='line_1_97' title="bbox 283 5213 1869 5289; baseline -0.006 -13"><span class='ocrx_word' id='word_1_776' title='bbox 283 5222 487 5287; x_wconf 78' lang='grc' dir='ltr'>τόξον,</span> <span class='ocrx_word' id='word_1_777' title='bbox 513 5221 848 5289; x_wconf 54' lang='grc' dir='ltr'>ἡτοίμασαν</span> <span class='ocrx_word' id='word_1_778' title='bbox 870 5216 1028 5285; x_wconf 71' lang='grc' dir='ltr'><strong>,βέλη</strong></span> <span class='ocrx_word' id='word_1_779' title='bbox 1063 5220 1149 5283; x_wconf 86' lang='grc' dir='ltr'><strong>εἰς</strong></span> <span class='ocrx_word' id='word_1_780' title='bbox 1173 5216 1489 5286; x_wconf 72' lang='grc' dir='ltr'>φαρέτραν.</span> <span class='ocrx_word' id='word_1_781' title='bbox 1522 5214 1737 5268; x_wconf 86' lang='grc' dir='ltr'>Πολλῶν</span> <span class='ocrx_word' id='word_1_782' title='bbox 1758 5213 1869 5285; x_wconf 82' lang='grc' dir='ltr'>γὰρ</span> 
     </span>
    </p>
   </div>
   <div class='ocr_carea' id='block_1_98' title="bbox 282 5305 1867 5384">
    <p class='ocr_par' dir='ltr' id='par_1_98' title="bbox 282 5305 1867 5384">
     <span class='ocr_line' id='line_1_98' title="bbox 282 5305 1867 5384; baseline -0.007 -17"><span class='ocrx_word' id='word_1_783' title='bbox 282 5314 385 5384; x_wconf 80' lang='grc' dir='ltr'>τὴν</span> <span class='ocrx_word' id='word_1_784' title='bbox 416 5312 507 5366; x_wconf 87' lang='grc' dir='ltr'><strong>τοῦ</strong></span> <span class='ocrx_word' id='word_1_785' title='bbox 532 5309 810 5380; x_wconf 78' lang='grc' dir='ltr'>θεοφιλοῦς</span> <span class='ocrx_word' id='word_1_786' title='bbox 842 5309 1015 5381; x_wconf 75' lang='grc' dir='ltr'>ψυχὴν</span> <span class='ocrx_word' id='word_1_787' title='bbox 1038 5309 1229 5377; x_wconf 86' lang='grc' dir='ltr'>παγίσι</span> <span class='ocrx_word' id='word_1_788' title='bbox 1264 5308 1619 5379; x_wconf 81' lang='grc' dir='ltr'>μεταϐάλλειν</span> <span class='ocrx_word' id='word_1_789' title='bbox 1660 5306 1751 5358; x_wconf 73' lang='grc' dir='ltr'><strong>καὶ</strong></span> <span class='ocrx_word' id='word_1_790' title='bbox 1788 5305 1867 5357; x_wconf 89' lang='grc' dir='ltr'>δι-</span> 
     </span>
    </p>
   </div>
   <div class='ocr_carea' id='block_1_99' title="bbox 284 5399 1873 5475">
    <p class='ocr_par' dir='ltr' id='par_1_99' title="bbox 284 5399 1873 5475">
     <span class='ocr_line' id='line_1_99' title="bbox 284 5399 1873 5475; baseline -0.007 -16"><span class='ocrx_word' id='word_1_791' title='bbox 284 5408 473 5469; x_wconf 77' lang='grc' dir='ltr'>κτύοις</span> <span class='ocrx_word' id='word_1_792' title='bbox 506 5405 694 5473; x_wconf 83' lang='grc' dir='ltr'>ὥσπερ</span> <span class='ocrx_word' id='word_1_793' title='bbox 738 5402 988 5475; x_wconf 83' lang='grc' dir='ltr'>θηρεύειν</span> <span class='ocrx_word' id='word_1_794' title='bbox 1033 5401 1199 5472; x_wconf 80' lang='grc' dir='ltr'>αὐτὴν</span> <span class='ocrx_word' id='word_1_795' title='bbox 1245 5401 1623 5471; x_wconf 76' lang='grc' dir='ltr'>πειρωμένων,</span> <span class='ocrx_word' id='word_1_796' title='bbox 1660 5399 1873 5450; x_wconf 80' lang='grc' dir='ltr'>διιπταο</span> 
     </span>
    </p>
   </div>
   <div class='ocr_carea' id='block_1_100' title="bbox 286 5486 1870 5564">
    <p class='ocr_par' dir='ltr' id='par_1_100' title="bbox 286 5486 1870 5564">
     <span class='ocr_line' id='line_1_100' title="bbox 286 5486 1870 5564; baseline -0.003 -19"><span class='ocrx_word' id='word_1_797' title='bbox 286 5494 461 5564; x_wconf 76' lang='grc' dir='ltr'>μένην</span> <span class='ocrx_word' id='word_1_798' title='bbox 489 5486 589 5545; x_wconf 82' lang='grc' dir='ltr'>ὧδε</span> <span class='ocrx_word' id='word_1_799' title='bbox 613 5493 853 5555; x_wconf 81' lang='grc' dir='ltr'>κάκεῖσε,</span> <span class='ocrx_word' id='word_1_800' title='bbox 889 5491 980 5543; x_wconf 78' lang='grc' dir='ltr'><strong>καὶ</strong></span> <span class='ocrx_word' id='word_1_801' title='bbox 1007 5491 1184 5560; x_wconf 87' lang='grc' dir='ltr'>πάντη</span> <span class='ocrx_word' id='word_1_802' title='bbox 1215 5489 1657 5561; x_wconf 82' lang='grc' dir='ltr'>περινοστοῦσαν,</span> <span class='ocrx_word' id='word_1_803' title='bbox 1688 5486 1764 5557; x_wconf 82' lang='grc' dir='ltr'>τῷ</span> <span class='ocrx_word' id='word_1_804' title='bbox 1797 5487 1870 5558; x_wconf 83' lang='grc' dir='ltr'><strong>μὴ</strong></span> 
     </span>
    </p>
   </div>
   <div class='ocr_carea' id='block_1_101' title="bbox 283 5577 1871 5658">
    <p class='ocr_par' dir='ltr' id='par_1_101' title="bbox 283 5577 1871 5658">
     <span class='ocr_line' id='line_1_101' title="bbox 283 5577 1871 5658; baseline -0.006 -19"><span class='ocrx_word' id='word_1_805' title='bbox 283 5587 432 5658; x_wconf 79' lang='grc' dir='ltr'>ἔχειν</span> <span class='ocrx_word' id='word_1_806' title='bbox 457 5586 760 5639; x_wconf 82' lang='grc' dir='ltr'>ἀνάπαυσιν</span> <span class='ocrx_word' id='word_1_807' title='bbox 796 5586 853 5637; x_wconf 82' lang='grc' dir='ltr'><strong>ὲν</strong></span> <span class='ocrx_word' id='word_1_808' title='bbox 891 5584 968 5654; x_wconf 83' lang='grc' dir='ltr'><strong>τῷ</strong></span> <span class='ocrx_word' id='word_1_809' title='bbox 1002 5583 1180 5655; x_wconf 88' lang='grc' dir='ltr'>θνητῷ</span> <span class='ocrx_word' id='word_1_810' title='bbox 1204 5584 1323 5655; x_wconf 82' lang='grc' dir='ltr'>βίῳ,</span> <span class='ocrx_word' id='word_1_811' title='bbox 1356 5584 1492 5653; x_wconf 86' lang='grc' dir='ltr'>μόνα</span> <span class='ocrx_word' id='word_1_812' title='bbox 1525 5581 1590 5634; x_wconf 76' lang='grc' dir='ltr'><strong>τά</strong></span> <span class='ocrx_word' id='word_1_813' title='bbox 1615 5580 1708 5633; x_wconf 88' lang='grc' dir='ltr'><strong>τοῦ</strong></span> <span class='ocrx_word' id='word_1_814' title='bbox 1738 5577 1871 5632; x_wconf 88' lang='grc' dir='ltr'>Θεοῦ</span> 
     </span>
    </p>
   </div>
   <div class='ocr_carea' id='block_1_102' title="bbox 286 5672 1873 5750">
    <p class='ocr_par' dir='ltr' id='par_1_102' title="bbox 286 5672 1873 5750">
     <span class='ocr_line' id='line_1_102' title="bbox 286 5672 1873 5750; baseline -0.006 -18"><span class='ocrx_word' id='word_1_815' title='bbox 286 5678 625 5750; x_wconf 83' lang='grc' dir='ltr'>σκηνώματα</span> <span class='ocrx_word' id='word_1_816' title='bbox 666 5678 950 5748; x_wconf 82' lang='grc' dir='ltr'>καταφυγὴ</span> <span class='ocrx_word' id='word_1_817' title='bbox 978 5681 1044 5747; x_wconf 85' lang='grc' dir='ltr'>τῇ</span> <span class='ocrx_word' id='word_1_818' title='bbox 1081 5677 1300 5747; x_wconf 80' lang='grc' dir='ltr'>τοιαύτῃ</span> <span class='ocrx_word' id='word_1_819' title='bbox 1333 5675 1542 5744; x_wconf 74' lang='grc' dir='ltr'>γέγονε.</span> <span class='ocrx_word' id='word_1_820' title='bbox 1597 5673 1686 5726; x_wconf 86' lang='grc' dir='ltr'>Διὸ</span> <span class='ocrx_word' id='word_1_821' title='bbox 1726 5672 1873 5741; x_wconf 79' lang='grc' dir='ltr'>εἰρη-</span> 
     </span>
    </p>
   </div>
   <div class='ocr_carea' id='block_1_103' title="bbox 282 5761 1877 5842">
    <p class='ocr_par' dir='ltr' id='par_1_103' title="bbox 282 5761 1877 5842">
     <span class='ocr_line' id='line_1_103' title="bbox 282 5761 1877 5842; baseline -0.006 -19"><span class='ocrx_word' id='word_1_822' title='bbox 282 5789 413 5824; x_wconf 84' lang='grc' dir='ltr'>ται·</span> <span class='ocrx_word' id='word_1_823' title='bbox 440 5770 551 5824; x_wconf 83' lang='grc' dir='ltr'><strong>Καὶ</strong></span> <span class='ocrx_word' id='word_1_824' title='bbox 584 5772 692 5840; x_wconf 75' lang='grc' dir='ltr'>γὰρ</span> <span class='ocrx_word' id='word_1_825' title='bbox 720 5772 1038 5838; x_wconf 75' lang='grc' dir='ltr'>στρουθίον</span> <span class='ocrx_word' id='word_1_826' title='bbox 1066 5766 1240 5842; x_wconf 53' lang='lat' dir='ltr'><strong>ei)er</strong></span> <span class='ocrx_word' id='word_1_827' title='bbox 1272 5767 1459 5834; x_wconf 83' lang='grc' dir='ltr'>ἐαυτῷ</span> <span class='ocrx_word' id='word_1_828' title='bbox 1492 5767 1705 5831; x_wconf 81' lang='grc' dir='ltr'>οἰκίαν,</span> <span class='ocrx_word' id='word_1_829' title='bbox 1746 5761 1877 5816; x_wconf 81' lang='grc' dir='ltr'>ἀλλὰ</span> 
     </span>
    </p>
   </div>
   <div class='ocr_carea' id='block_1_104' title="bbox 1976 4664 3571 4738">
    <p class='ocr_par' dir='ltr' id='par_1_104' title="bbox 1976 4664 3571 4738">
     <span class='ocr_line' id='line_1_104' title="bbox 1976 4664 3571 4738; baseline -0.006 -11"><span class='ocrx_word' id='word_1_830' title='bbox 1976 4672 2230 4727; x_wconf 89' lang='lat' dir='ltr'><strong>amabilia</strong></span> <span class='ocrx_word' id='word_1_831' title='bbox 2273 4685 2396 4726; x_wconf 91' lang='lat' dir='ltr'><strong>esse</strong></span> <span class='ocrx_word' id='word_1_832' title='bbox 2453 4668 2611 4723; x_wconf 78' lang='lat' dir='ltr'><strong>fateri</strong></span> <span class='ocrx_word' id='word_1_833' title='bbox 2636 4712 2650 4736; x_wconf 91' lang='lat'><strong>,</strong></span> <span class='ocrx_word' id='word_1_834' title='bbox 2685 4668 2904 4738; x_wconf 88' lang='lat' dir='ltr'><strong>quando</strong></span> <span class='ocrx_word' id='word_1_835' title='bbox 2946 4682 3009 4723; x_wconf 91' lang='lat' dir='ltr'><strong>ea</strong></span> <span class='ocrx_word' id='word_1_836' title='bbox 3043 4665 3313 4738; x_wconf 79' lang='lat' dir='ltr'><strong>refugium</strong></span> <span class='ocrx_word' id='word_1_837' title='bbox 3350 4664 3571 4735; x_wconf 81' lang='lat' dir='ltr'><strong>cuique</strong></span> 
     </span>
    </p>
   </div>
   <div class='ocr_carea' id='block_1_105' title="bbox 1978 4758 3553 4835">
    <p class='ocr_par' dir='ltr' id='par_1_105' title="bbox 1978 4758 3553 4835">
     <span class='ocr_line' id='line_1_105' title="bbox 1978 4758 3553 4835; baseline -0.008 -16"><span class='ocrx_word' id='word_1_838' title='bbox 1978 4766 2129 4821; x_wconf 81' lang='lat' dir='ltr'><strong>fuere</strong></span> <span class='ocrx_word' id='word_1_839' title='bbox 2151 4767 2243 4835; x_wconf 90' lang='lat' dir='ltr'><strong>qui</strong></span> <span class='ocrx_word' id='word_1_840' title='bbox 2269 4764 2453 4819; x_wconf 88' lang='lat' dir='ltr'><strong>dicere</strong></span> <span class='ocrx_word' id='word_1_841' title='bbox 2474 4762 2701 4825; x_wconf 86' lang='lat' dir='ltr'><strong>valeret,</strong></span> <span class='ocrx_word' id='word_1_842' title='bbox 2735 4761 2931 4815; x_wconf 84' lang='lat' dir='ltr'><strong>Anima</strong></span> <span class='ocrx_word' id='word_1_843' title='bbox 2964 4767 3149 4813; x_wconf 87' lang='lat' dir='ltr'><strong>nostra</strong></span> <span class='ocrx_word' id='word_1_844' title='bbox 3187 4758 3322 4812; x_wconf 88' lang='lat' dir='ltr'><strong>sicut</strong></span> <span class='ocrx_word' id='word_1_845' title='bbox 3367 4772 3553 4825; x_wconf 82' lang='lat' dir='ltr'><strong>passer</strong></span> 
     </span>
    </p>
   </div>
   <div class='ocr_carea' id='block_1_106' title="bbox 1975 4847 3552 4926">
    <p class='ocr_par' dir='ltr' id='par_1_106' title="bbox 1975 4847 3552 4926">
     <span class='ocr_line' id='line_1_106' title="bbox 1975 4847 3552 4926; baseline -0.008 -13"><span class='ocrx_word' id='word_1_846' title='bbox 1975 4866 2151 4926; x_wconf 86' lang='lat' dir='ltr'><strong>erepta</strong></span> <span class='ocrx_word' id='word_1_847' title='bbox 2179 4865 2255 4911; x_wconf 84' lang='lat' dir='ltr'><strong>est</strong></span> <span class='ocrx_word' id='word_1_848' title='bbox 2278 4854 2340 4909; x_wconf 88' lang='lat' dir='ltr'><strong>de</strong></span> <span class='ocrx_word' id='word_1_849' title='bbox 2365 4853 2551 4923; x_wconf 81' lang='lat' dir='ltr'><strong>laqueo</strong></span> <span class='ocrx_word' id='word_1_850' title='bbox 2578 4852 2879 4906; x_wconf 79' lang='lat' dir='ltr'><strong>venantium</strong></span> <span class='ocrx_word' id='word_1_851' title='bbox 2906 4849 2989 4916; x_wconf 72' lang='lat'><strong>&quot;;</strong></span> <span class='ocrx_word' id='word_1_852' title='bbox 3023 4863 3088 4902; x_wconf 90' lang='lat' dir='ltr'><strong>ac</strong></span> <span class='ocrx_word' id='word_1_853' title='bbox 3118 4863 3336 4903; x_wconf 91' lang='lat' dir='ltr'><strong>rursum</strong></span> <span class='ocrx_word' id='word_1_854' title='bbox 3369 4847 3419 4902; x_wconf 91' lang='lat' dir='ltr'><strong>ei</strong></span> <span class='ocrx_word' id='word_1_855' title='bbox 3458 4847 3552 4917; x_wconf 92' lang='lat' dir='ltr'><strong>qui</strong></span> 
     </span>
    </p>
   </div>
   <div class='ocr_carea' id='block_1_107' title="bbox 1974 4937 3552 5011">
    <p class='ocr_par' dir='ltr' id='par_1_107' title="bbox 1974 4937 3552 5011">
     <span class='ocr_line' id='line_1_107' title="bbox 1974 4937 3552 5011; baseline -0.004 -12"><span class='ocrx_word' id='word_1_856' title='bbox 1974 4945 2137 5009; x_wconf 89' lang='lat' dir='ltr'><strong>dicat,</strong></span> <span class='ocrx_word' id='word_1_857' title='bbox 2169 4943 2233 4997; x_wconf 86' lang='lat' dir='ltr'><strong>In</strong></span> <span class='ocrx_word' id='word_1_858' title='bbox 2266 4944 2495 4997; x_wconf 88' lang='lat' dir='ltr'><strong>Domino</strong></span> <span class='ocrx_word' id='word_1_859' title='bbox 2533 4938 2740 5011; x_wconf 77' lang='lat' dir='ltr'><strong>conﬁdo</strong></span> <span class='ocrx_word' id='word_1_860' title='bbox 2766 4980 2782 5005; x_wconf 95' lang='lat'><strong>,</strong></span> <span class='ocrx_word' id='word_1_861' title='bbox 2841 4937 3101 5011; x_wconf 82' lang='lat' dir='ltr'><strong>quomodo</strong></span> <span class='ocrx_word' id='word_1_862' title='bbox 3149 4938 3333 4993; x_wconf 75' lang='lat' dir='ltr'><strong>dicetis</strong></span> <span class='ocrx_word' id='word_1_863' title='bbox 3361 4939 3552 4992; x_wconf 74' lang='lat' dir='ltr'><strong>anima:</strong></span> 
     </span>
    </p>
   </div>
   <div class='ocr_carea' id='block_1_108' title="bbox 1976 5029 3551 5105">
    <p class='ocr_par' dir='ltr' id='par_1_108' title="bbox 1976 5029 3551 5105">
     <span class='ocr_line' id='line_1_108' title="bbox 1976 5029 3551 5105; baseline -0.007 -13"><span class='ocrx_word' id='word_1_864' title='bbox 1976 5053 2141 5091; x_wconf 75' lang='lat' dir='ltr'><strong>mete:</strong></span> <span class='ocrx_word' id='word_1_865' title='bbox 2170 5035 2514 5105; x_wconf 78' lang='lat' dir='ltr'><strong>Transmigra</strong></span> <span class='ocrx_word' id='word_1_866' title='bbox 2540 5034 2595 5087; x_wconf 85' lang='lat' dir='ltr'><strong>in</strong></span> <span class='ocrx_word' id='word_1_867' title='bbox 2624 5040 2850 5086; x_wconf 84' lang='lat' dir='ltr'><strong>montem</strong></span> <span class='ocrx_word' id='word_1_868' title='bbox 2872 5031 3009 5103; x_wconf 88' lang='lat' dir='ltr'><strong>sicut</strong></span> <span class='ocrx_word' id='word_1_869' title='bbox 3036 5032 3262 5099; x_wconf 84' lang='lat' dir='ltr'><strong>passer?</strong></span> <span class='ocrx_word' id='word_1_870' title='bbox 3286 5029 3551 5097; x_wconf 82' lang='lat' dir='ltr'><strong>Quoniam</strong></span> 
     </span>
    </p>
   </div>
   <div class='ocr_carea' id='block_1_109' title="bbox 1974 5124 3553 5196">
    <p class='ocr_par' dir='ltr' id='par_1_109' title="bbox 1974 5124 3553 5196">
     <span class='ocr_line' id='line_1_109' title="bbox 1974 5124 3553 5196; baseline -0.005 -13"><span class='ocrx_word' id='word_1_871' title='bbox 1974 5145 2089 5183; x_wconf 85' lang='lat' dir='ltr'><strong>ecce</strong></span> <span class='ocrx_word' id='word_1_872' title='bbox 2126 5136 2422 5196; x_wconf 83' lang='lat' dir='ltr'><strong>peccatores</strong></span> <span class='ocrx_word' id='word_1_873' title='bbox 2450 5124 2787 5179; x_wconf 82' lang='lat' dir='ltr'><strong>intenderunt</strong></span> <span class='ocrx_word' id='word_1_874' title='bbox 2844 5137 3053 5187; x_wconf 62' lang='lat' dir='ltr'><strong>arcum,</strong></span> <span class='ocrx_word' id='word_1_875' title='bbox 3082 5129 3405 5189; x_wconf 62' lang='lat' dir='ltr'><strong>paraverunt</strong></span> <span class='ocrx_word' id='word_1_876' title='bbox 3462 5137 3553 5175; x_wconf 87' lang='lat' dir='ltr'><strong>sa-</strong></span> 
     </span>
    </p>
   </div>
   <div class='ocr_carea' id='block_1_110' title="bbox 1976 5210 3551 5290">
    <p class='ocr_par' dir='ltr' id='par_1_110' title="bbox 1976 5210 3551 5290">
     <span class='ocr_line' id='line_1_110' title="bbox 1976 5210 3551 5290; baseline -0.005 -18"><span class='ocrx_word' id='word_1_877' title='bbox 1976 5221 2135 5290; x_wconf 82' lang='lat' dir='ltr'><strong>gittas</strong></span> <span class='ocrx_word' id='word_1_878' title='bbox 2166 5235 2290 5272; x_wconf 87' lang='lat' dir='ltr'><strong>suas</strong></span> <span class='ocrx_word' id='word_1_879' title='bbox 2325 5218 2379 5271; x_wconf 86' lang='lat' dir='ltr'><strong>in</strong></span> <span class='ocrx_word' id='word_1_880' title='bbox 2412 5216 2660 5285; x_wconf 82' lang='lat' dir='ltr'><strong>pharetra</strong></span> <span class='ocrx_word' id='word_1_881' title='bbox 2683 5216 2750 5268; x_wconf 83' lang='grc'>²⁵.</span> <span class='ocrx_word' id='word_1_882' title='bbox 2784 5210 2921 5267; x_wconf 86' lang='lat' dir='ltr'><strong>Nam</strong></span> <span class='ocrx_word' id='word_1_883' title='bbox 2953 5227 3078 5267; x_wconf 93' lang='lat' dir='ltr'><strong>cum</strong></span> <span class='ocrx_word' id='word_1_884' title='bbox 3122 5212 3278 5268; x_wconf 90' lang='lat' dir='ltr'><strong>multi</strong></span> <span class='ocrx_word' id='word_1_885' title='bbox 3311 5212 3421 5267; x_wconf 92' lang='lat' dir='ltr'><strong>sint</strong></span> <span class='ocrx_word' id='word_1_886' title='bbox 3458 5211 3551 5282; x_wconf 89' lang='lat' dir='ltr'><strong>qui</strong></span> 
     </span>
    </p>
   </div>
   <div class='ocr_carea' id='block_1_111' title="bbox 1978 5304 3553 5379">
    <p class='ocr_par' dir='ltr' id='par_1_111' title="bbox 1978 5304 3553 5379">
     <span class='ocr_line' id='line_1_111' title="bbox 1978 5304 3553 5379; baseline -0.004 -17"><span class='ocrx_word' id='word_1_887' title='bbox 1978 5309 2218 5379; x_wconf 81' lang='lat' dir='ltr'><strong>religiosi</strong></span> <span class='ocrx_word' id='word_1_888' title='bbox 2254 5309 2354 5363; x_wconf 85' lang='lat' dir='ltr'><strong>viri</strong></span> <span class='ocrx_word' id='word_1_889' title='bbox 2376 5309 2611 5361; x_wconf 90' lang='lat' dir='ltr'><strong>animam</strong></span> <span class='ocrx_word' id='word_1_890' title='bbox 2638 5323 2737 5361; x_wconf 92' lang='lat' dir='ltr'><strong>ceu</strong></span> <span class='ocrx_word' id='word_1_891' title='bbox 2760 5305 2973 5376; x_wconf 90' lang='lat' dir='ltr'><strong>laqueis</strong></span> <span class='ocrx_word' id='word_1_892' title='bbox 3002 5304 3351 5373; x_wconf 84' lang='lat' dir='ltr'><strong>intercipere,</strong></span> <span class='ocrx_word' id='word_1_893' title='bbox 3386 5310 3441 5357; x_wconf 88' lang='lat' dir='ltr'><strong>et</strong></span> <span class='ocrx_word' id='word_1_894' title='bbox 3468 5317 3553 5356; x_wconf 85' lang='lat' dir='ltr'><strong>re-</strong></span> 
     </span>
    </p>
   </div>
   <div class='ocr_carea' id='block_1_112' title="bbox 1978 5392 3555 5462">
    <p class='ocr_par' dir='ltr' id='par_1_112' title="bbox 1978 5392 3555 5462">
     <span class='ocr_line' id='line_1_112' title="bbox 1978 5392 3555 5462; baseline -0.005 -9"><span class='ocrx_word' id='word_1_895' title='bbox 1978 5400 2127 5454; x_wconf 88' lang='lat' dir='ltr'><strong>tibus</strong></span> <span class='ocrx_word' id='word_1_896' title='bbox 2156 5414 2255 5454; x_wconf 91' lang='lat' dir='ltr'><strong>ceu</strong></span> <span class='ocrx_word' id='word_1_897' title='bbox 2298 5397 2486 5452; x_wconf 88' lang='lat' dir='ltr'><strong>venari</strong></span> <span class='ocrx_word' id='word_1_898' title='bbox 2518 5406 2812 5459; x_wconf 88' lang='lat' dir='ltr'><strong>conantur,</strong></span> <span class='ocrx_word' id='word_1_899' title='bbox 2846 5410 2971 5449; x_wconf 91' lang='lat' dir='ltr'><strong>cum</strong></span> <span class='ocrx_word' id='word_1_900' title='bbox 3023 5410 3084 5449; x_wconf 92' lang='lat' dir='ltr'><strong>ea</strong></span> <span class='ocrx_word' id='word_1_901' title='bbox 3116 5395 3261 5447; x_wconf 76' lang='lat' dir='ltr'><strong>ultro</strong></span> <span class='ocrx_word' id='word_1_902' title='bbox 3305 5392 3555 5462; x_wconf 87' lang='lat' dir='ltr'><strong>citroque</strong></span> 
     </span>
    </p>
   </div>
   <div class='ocr_carea' id='block_1_113' title="bbox 1977 5483 3552 5557">
    <p class='ocr_par' dir='ltr' id='par_1_113' title="bbox 1977 5483 3552 5557">
     <span class='ocr_line' id='line_1_113' title="bbox 1977 5483 3552 5557; baseline -0.005 -12"><span class='ocrx_word' id='word_1_903' title='bbox 1977 5491 2153 5545; x_wconf 87' lang='lat' dir='ltr'><strong>evolet</strong></span> <span class='ocrx_word' id='word_1_904' title='bbox 2177 5505 2239 5543; x_wconf 90' lang='lat' dir='ltr'><strong>ac</strong></span> <span class='ocrx_word' id='word_1_905' title='bbox 2269 5489 2697 5557; x_wconf 87' lang='lat' dir='ltr'><strong>circumquaque</strong></span> <span class='ocrx_word' id='word_1_906' title='bbox 2727 5502 2786 5542; x_wconf 87' lang='lat' dir='ltr'><strong>se</strong></span> <span class='ocrx_word' id='word_1_907' title='bbox 2806 5495 2999 5550; x_wconf 88' lang='lat' dir='ltr'><strong>vertat,</strong></span> <span class='ocrx_word' id='word_1_908' title='bbox 3024 5485 3167 5555; x_wconf 89' lang='lat' dir='ltr'><strong>quod</strong></span> <span class='ocrx_word' id='word_1_909' title='bbox 3198 5484 3249 5537; x_wconf 91' lang='lat' dir='ltr'><strong>in</strong></span> <span class='ocrx_word' id='word_1_910' title='bbox 3274 5483 3376 5537; x_wconf 87' lang='lat' dir='ltr'><strong>hac</strong></span> <span class='ocrx_word' id='word_1_911' title='bbox 3405 5499 3552 5537; x_wconf 80' lang='lat' dir='ltr'><strong>inor-</strong></span> 
     </span>
    </p>
   </div>
   <div class='ocr_carea' id='block_1_114' title="bbox 1978 5575 3551 5653">
    <p class='ocr_par' dir='ltr' id='par_1_114' title="bbox 1978 5575 3551 5653">
     <span class='ocr_line' id='line_1_114' title="bbox 1978 5575 3551 5653; baseline -0.005 -18"><span class='ocrx_word' id='word_1_912' title='bbox 1978 5583 2072 5636; x_wconf 87' lang='lat' dir='ltr'><strong>tali</strong></span> <span class='ocrx_word' id='word_1_913' title='bbox 2106 5583 2238 5649; x_wconf 88' lang='lat' dir='ltr'><strong>vita,</strong></span> <span class='ocrx_word' id='word_1_914' title='bbox 2269 5581 2454 5653; x_wconf 90' lang='lat' dir='ltr'><strong>requie</strong></span> <span class='ocrx_word' id='word_1_915' title='bbox 2486 5581 2636 5634; x_wconf 91' lang='lat' dir='ltr'><strong>nulla</strong></span> <span class='ocrx_word' id='word_1_916' title='bbox 2686 5578 2930 5644; x_wconf 79' lang='lat' dir='ltr'><strong>fruatur,</strong></span> <span class='ocrx_word' id='word_1_917' title='bbox 2962 5577 3015 5631; x_wconf 91' lang='lat' dir='ltr'><strong>in</strong></span> <span class='ocrx_word' id='word_1_918' title='bbox 3064 5576 3197 5630; x_wconf 91' lang='lat' dir='ltr'><strong>solis</strong></span> <span class='ocrx_word' id='word_1_919' title='bbox 3231 5575 3320 5629; x_wconf 88' lang='lat' dir='ltr'><strong>Dei</strong></span> <span class='ocrx_word' id='word_1_920' title='bbox 3369 5575 3551 5630; x_wconf 52' lang='lat' dir='ltr'><strong>labere-</strong></span> 
     </span>
    </p>
   </div>
   <div class='ocr_carea' id='block_1_115' title="bbox 1980 5663 3551 5740">
    <p class='ocr_par' dir='ltr' id='par_1_115' title="bbox 1980 5663 3551 5740">
     <span class='ocr_line' id='line_1_115' title="bbox 1980 5663 3551 5740; baseline -0.006 -15"><span class='ocrx_word' id='word_1_921' title='bbox 1980 5673 2190 5727; x_wconf 85' lang='lat' dir='ltr'><strong>naculis</strong></span> <span class='ocrx_word' id='word_1_922' title='bbox 2250 5679 2527 5740; x_wconf 85' lang='lat' dir='ltr'><strong>receptum</strong></span> <span class='ocrx_word' id='word_1_923' title='bbox 2581 5669 2785 5723; x_wconf 86' lang='lat' dir='ltr'><strong>habere</strong></span> <span class='ocrx_word' id='word_1_924' title='bbox 2841 5668 3035 5737; x_wconf 86' lang='lat' dir='ltr'><strong>potuit.</strong></span> <span class='ocrx_word' id='word_1_925' title='bbox 3079 5664 3417 5734; x_wconf 83' lang='lat' dir='ltr'><strong>Quapmpter</strong></span> <span class='ocrx_word' id='word_1_926' title='bbox 3470 5663 3551 5716; x_wconf 84' lang='lat' dir='ltr'><strong>di-</strong></span> 
     </span>
    </p>
   </div>
   <div class='ocr_carea' id='block_1_116' title="bbox 1983 5758 3551 5829">
    <p class='ocr_par' dir='ltr' id='par_1_116' title="bbox 1983 5758 3551 5829">
     <span class='ocr_line' id='line_1_116' title="bbox 1983 5758 3551 5829; baseline -0.006 -9"><span class='ocrx_word' id='word_1_927' title='bbox 1983 5776 2130 5820; x_wconf 87' lang='lat' dir='ltr'><strong>ctum</strong></span> <span class='ocrx_word' id='word_1_928' title='bbox 2186 5773 2309 5824; x_wconf 81' lang='lat' dir='ltr'><strong>est-</strong></span> <span class='ocrx_word' id='word_1_929' title='bbox 2386 5763 2593 5815; x_wconf 74' lang='lat' dir='ltr'><strong>Etenim</strong></span> <span class='ocrx_word' id='word_1_930' title='bbox 2658 5777 2839 5829; x_wconf 80' lang='lat' dir='ltr'><strong>passer</strong></span> <span class='ocrx_word' id='word_1_931' title='bbox 2890 5760 3087 5821; x_wconf 66' lang='lat' dir='ltr'><strong>invenit</strong></span> <span class='ocrx_word' id='word_1_932' title='bbox 3135 5758 3235 5817; x_wconf 77' lang='lat' dir='ltr'><strong>sibi</strong></span> <span class='ocrx_word' id='word_1_933' title='bbox 3298 5758 3551 5823; x_wconf 76' lang='lat' dir='ltr'><strong>domum,</strong></span> 
     </span>
    </p>
   </div>
   <div class='ocr_carea' id='block_1_117' title="bbox 363 5912 1860 6009">
    <p class='ocr_par' dir='ltr' id='par_1_117' title="bbox 363 5921 1860 6000">
     <span class='ocr_line' id='line_1_117' title="bbox 363 5921 1860 6000; baseline -0.001 -21"><span class='ocrx_word' id='word_1_934' title='bbox 363 5926 405 5959; x_wconf 87' lang='grc'><strong>²¹</strong></span> <span class='ocrx_word' id='word_1_935' title='bbox 450 5921 641 5979; x_wconf 75' lang='lat' dir='ltr'><strong>Matth.</strong></span> <span class='ocrx_word' id='word_1_936' title='bbox 679 5939 848 5990; x_wconf 76' lang='lat' dir='ltr'><strong>xvm,</strong></span> <span class='ocrx_word' id='word_1_937' title='bbox 878 5923 968 5981; x_wconf 73' lang='lat'><strong>20.</strong></span> <span class='ocrx_word' id='word_1_938' title='bbox 1046 5927 1091 5957; x_wconf 82' lang='grc'><strong>¹²</strong></span> <span class='ocrx_word' id='word_1_939' title='bbox 1131 5924 1322 5980; x_wconf 82' lang='lat' dir='ltr'><strong>Matth.</strong></span> <span class='ocrx_word' id='word_1_940' title='bbox 1362 5939 1484 5995; x_wconf 79' lang='lat' dir='ltr'><strong>xm,</strong></span> <span class='ocrx_word' id='word_1_941' title='bbox 1522 5924 1607 5980; x_wconf 85' lang='lat' dir='ltr'><strong>l7.</strong></span> <span class='ocrx_word' id='word_1_942' title='bbox 1685 5921 1860 6000; x_wconf 26' lang='lat' dir='ltr'><strong>“‘Psa</strong></span> 
     </span>
    </p>
   </div>
   <div class='ocr_carea' id='block_1_118' title="bbox 1965 5912 3432 6009">
    <p class='ocr_par' dir='ltr' id='par_1_118' title="bbox 1965 5912 3432 5991">
     <span class='ocr_line' id='line_1_118' title="bbox 1965 5912 3432 5991; baseline -0.005 -14"><span class='ocrx_word' id='word_1_943' title='bbox 1965 5937 2114 5991; x_wconf 80' lang='lat' dir='ltr'><strong>:xm,</strong></span> <span class='ocrx_word' id='word_1_944' title='bbox 2152 5922 2202 5977; x_wconf 74' lang='grc'>4.</span> <span class='ocrx_word' id='word_1_945' title='bbox 2284 5923 2327 5955; x_wconf 65' lang='grc'><strong>’³</strong></span> <span class='ocrx_word' id='word_1_946' title='bbox 2368 5920 2517 5979; x_wconf 82' lang='lat' dir='ltr'><strong>Psal.</strong></span> <span class='ocrx_word' id='word_1_947' title='bbox 2550 5933 2764 5990; x_wconf 79' lang='lat' dir='ltr'><strong>cum,</strong></span> <span class='ocrx_word' id='word_1_948' title='bbox 2800 5918 2881 5971; x_wconf 37' lang='lat'><strong>7.&lt;</strong></span> <span class='ocrx_word' id='word_1_949' title='bbox 2926 5917 2971 5950; x_wconf 80' lang='lat'>&quot;</span> <span class='ocrx_word' id='word_1_950' title='bbox 3009 5914 3158 5974; x_wconf 80' lang='lat' dir='ltr'><strong>Psal.</strong></span> <span class='ocrx_word' id='word_1_951' title='bbox 3195 5931 3262 5981; x_wconf 81' lang='grc' dir='ltr'><strong>ιι,</strong></span> <span class='ocrx_word' id='word_1_952' title='bbox 3297 5912 3432 5983; x_wconf 70' lang='lat'><strong>2,3.</strong></span> 
     </span>
    </p>
   </div>
  </div>
