4004 6562
541 415 687 480 ’1007
1256 423 1525 481 EUSEBII
1554 423 2036 482 CIESARIENSIS
2073 425 2224 483 OPP.
2259 426 2440 483 PARS
2478 428 3083 501 ll|.—.EXEGETICA.
3617 442 3723 497 1008

545 535 859 606 pariterque
911 544 1089 589 turtur
1141 535 1386 604 nidum;
1455 538 1707 596 videlicet
1763 542 1971 622 anima
2008 557 2126 613 quae

2157 553 2204 608 Α
2232 543 2331 598 καί
2364 543 2596 614 τρυγὼν
2625 545 2913 600 νωσιὰν·
2963 547 2996 614 ἠ
3029 546 3171 599 κατὰ
3207 547 3300 618 τὴν
3322 539 3586 607 ἐνεστῶσαν
3620 557 3722 629 ζωὴν

535 627 606 682 'in
673 629 929 699 praesenti
1002 627 1291 684 honestam
1351 639 1406 686 et
1479 633 1853 690 continentem
1913 643 2116 691 exercel

2235 638 2538 709 σεμνότητα
2571 638 2666 691 καὶ
2698 637 3053 710 σωφροσύνην
3080 639 3320 693 ἀσκοῦσα
3345 641 3479 715 ψυχὴ
3524 627 3721 712 (τοιοῦτό,

542 721 717 775 vitam
769 721 1130 792 (hujusmodi
1191 737 1428 791 namque
1486 739 1612 779 esse
1674 725 1766 778 illa
1825 726 1942 782 avis
1993 726 2123 782 dici-

2231 727 2340 798 γὰρ
2364 724 2503 781 εἶναι
2535 728 2748 797 λέγεται
2777 727 2837 781 τὸ
2872 727 3102 798 ὄρνεον),
3134 729 3498 803 άποκλᾳομένη
3529 737 3605 788 καὶ
3628 737 3724 809 om.

551 812 694 882 tur),
721 825 784 866 ac
815 827 937 881 qua:
974 811 1258 866 hominum
1285 815 1549 870 malitiam
1583 817 1731 887 luget
1757 825 1812 872 et
1841 817 2128 889 deplorat,

2233 818 2400 874 νοῦσα
2432 821 2528 892 τὴν
2560 821 2618 872 ἐν
2645 819 2952 892 ἀνθρώποις
2976 820 3195 885 κακίαν,
3226 817 3348 892 εῦρε
3373 826 3642 898 καταφυγὴν
3661 830 3726 882 καὶ

537 901 670 973 'ipsa
715 901 1023 973 perfugium
1074 905 1297 974 reperit,
1346 907 1604 961 nimirum
1658 909 1854 964 altaria
1908 911 1963 965 in
2009 919 2118 966 toto

2232 910 2368 981 αὐτὴ
2397 910 2466 963 τά
2503 910 2624 964 καθ’
2653 910 2780 982 ὅλης
2813 913 2912 981 τῆς
2941 911 3265 982 οἰκουμένης
3295 913 3548 985 ἱδρυθέντα
3571 917 3640 971 διὰ
3656 920 3727 988 τῆς

548 993 682 1050 orbe
725 1009 823 1064 per
853 993 1058 1051 Christi
1101 995 1408 1051 doctrinam
1463 999 1700 1054 excitata
1735 1018 1748 1055 :
1783 1000 1875 1056 ubi
1925 1015 2024 1057 ceu
2073 1003 2129 1057 in

2229 999 2324 1054 τοῦ
2350 1000 2586 1072 Χριστοῦ
2619 1018 2710 1054 σου
2738 1000 3083 1066 διδασκαλίας
3115 1001 3493 1074 ’Θυσιαστήριαι
3527 1003 3630 1058 ἔνθα
3654 1007 3726 1060 ὦσε

549 1085 681 1141 nido
711 1100 775 1141 ac
812 1089 1163 1158 receptaculo
1191 1104 1390 1145 recens
1427 1098 1613 1146 natam
1642 1107 1708 1147 ac
1737 1099 1982 1148 teneram
2013 1100 2130 1165 pro-

2231 1099 2337 1162 περ
2371 1094 2428 1146 ἐν
2476 1092 2692 1156 καλιαῖς
2735 1093 2829 1146 καὶ
2865 1093 3130 1156 νεοττίαις
3163 1093 3231 1147 τά
3270 1095 3510 1166 ἀρτιγενῆ
3549 1097 3626 1149 καὶ
3655 1115 3729 1151 νεο-

551 1179 655 1234 lem
691 1180 950 1250 deponet,
987 1188 1162 1234 tutum
1194 1181 1526 1253 insidiisque
1553 1199 1787 1239 vacuum
1824 1190 1983 1240 nacta
2003 1187 2128 1256 pul-

2230 1184 2334 1252 γνὰ
2356 1183 2463 1238 τῶν
2488 1185 2659 1255 αὐτῆς
2697 1186 2900 1240 τέκνων
2933 1185 3286 1256 ἀποϐήσεται,
3319 1185 3521 1256 ἀσφαλῆ
3553 1188 3628 1240 καὶ
3651 1189 3728 1244 ἁνε-

549 1272 619 1328 lis
653 1273 771 1328 suis
804 1272 1187 1329 domicilium:
1222 1275 1296 1330 ita
1332 1283 1391 1330 ut
1431 1276 1624 1330 altaria
1662 1285 1756 1331 tua
1787 1277 1999 1347 passeri
2026 1292 2127 1349 pro

2232 1275 2579 1329 πιϐούλευτον
2624 1277 2862 1348 εὑροῦσα
2905 1279 3018 1340 τοῖς
3069 1278 3266 1349 ἑαυτῆς
3320 1281 3534 1341 νεοττοῖς
3584 1282 3729 1351 μονήν·

549 1363 734 1428 domo,
762 1365 962 1419 turturi
998 1381 1095 1436 pro
1121 1365 1248 1421 nido
1279 1367 1607 1422 habeantur.
1635 1367 1729 1422 lla:
1755 1369 1956 1439 quippe
1977 1384 2127 1435 aves,

2230 1367 2366 1420 ὥστε
2396 1363 2622 1422 εἶναιτὰ
2667 1369 3023 1442 θυσιαστήριά
3066 1385 3158 1422 σου
3194 1369 3450 1440 στρουθίῳ
3481 1369 3566 1439 μὲν
3585 1373 3729 1434 οἰκίαν,

548 1471 742 1527 passer
776 1457 988 1514 scilicet
1020 1466 1074 1512 et
1104 1466 1306 1526 turtur,
1338 1459 1469 1514 olim
1501 1463 1794 1530 antequam
1832 1475 1928 1530 per
1956 1469 2129 1515 totum

2231 1459 2422 1513 καλιάν
2453 1460 2510 1513 δὲ
2533 1460 2774 1532 τρυγόνι.
2805 1459 2991 1513 Ταῦτα
3017 1460 3126 1530 γάρ
3151 1460 3219 1512 τὰ
3243 1461 3419 1533 ὕρνεα,
3445 1461 3499 1514 τὸ
3522 1462 3731 1531 στρουθίον

549 1550 736 1605 orbem
769 1551 964 1605 altaria
1004 1562 1445 1621 exstruerentur,
1477 1555 1688 1609 nullum
1725 1555 1966 1611 habuere
2009 1569 2129 1626 per-

2230 1549 2374 1618 λέγω
2411 1551 2504 1604 καὶ
2543 1553 2578 1622 ἡ
2609 1551 2846 1622 τρυγὼν,
2896 1551 3062 1605 πάλαι
3112 1551 3238 1621 μὲν,
3267 1552 3368 1622 πρὸ
3409 1551 3494 1603 τοῦ
3533 1552 3730 1620 συστῆναι

550 1640 782 1712 fugium,
813 1652 868 1698 at
905 1643 1170 1700 diuturno
1213 1652 1460 1718 tempore
1501 1647 1824 1703 errabunda
1856 1647 2131 1718 pelleban-

2228 1644 2297 1696 τὰ
2319 1643 2593 1715 πανταχοῦ
2621 1645 2728 1716 γῆς
2767 1644 3144 1716 Θυσιαστήρια,
3185 1645 3284 1697 οὐκ
3315 1640 3423 1715 εἶχε
3454 1647 3729 1716 καταφυγήν·

552 1741 640 1788 tur
667 1743 720 1789 et
752 1736 1116 1805 captabantur
1143 1753 1174 1792 a
1204 1740 1578 1796 venatoribus.-
1608 1737 1736 1796 ldeo
1754 1739 1847 1810 qui
1879 1755 1979 1796 ceu
2003 1753 2132 1810 pas-

2230 1736 2500 1790 ἐπλανᾶτο
2543 1737 2599 1790 δὲ
2646 1740 2877 1808 μακροῖς
2925 1730 3156 1810 χρόνοις,
3210 1737 3267 1788 ἐν
3304 1730 3383 1799 οἷς
3424 1735 3644 1806 ἠλαύνετο
3669 1739 3732 1789 καὶ

551 1841 642 1882 ser
683 1828 1008 1898 pellebatur,
1062 1830 1178 1886 hac
1224 1830 1442 1886 dicebat
1473 1851 1485 1887 :
1518 1830 1583 1885 In
1625 1831 1852 1885 Domino
1897 1830 2124 1901 conﬁdo,

2230 1829 2483 1882 ἐδιώκετο
2513 1829 2649 1900 πρὸς
2677 1829 2782 1883 τῶν
2812 1828 3108 1900 θηρευτῶν.
3145 1829 3236 1881 Διὸ
3274 1828 3338 1897 δὴ
3377 1828 3545 1898 ελεγον
3572 1831 3596 1882 ὁ
3625 1829 3732 1898 δίκην

549 1919 809 1990 quomodo
857 1921 1044 1977 dicetis
1079 1924 1272 1979 animae
1318 1941 1468 1988 meae,
1515 1923 1864 1995 Transmigra
1901 1924 1956 1977 in
1983 1939 2130 1978 mon-

2167 1926 2204 1982 B
2236 1921 2516 1992 στρουθίου
2569 1921 2953 1992 ἐλαυνόμενος*
2999 1921 3123 1974 Ἐπί
3177 1919 3258 1984 τῷ
3294 1921 3481 1987 Κυρίῳ
3526 1920 3731 1982 πέποιθα,

551 2021 651 2066 tem
683 2013 820 2067 sicut
857 2016 1078 2082 passer?
1144 2014 1314 2072 Iidem
1345 2031 1474 2070 vero
1528 2015 1632 2086 ipsi
1673 2031 1740 2070 ex
1777 2014 2128 2069 inimicorum

2232 2013 2360 2080 πῶς
2394 2013 2579 2082 ἐρεῖτε
2619 2012 2694 2082 τῇ
2731 2011 2905 2083 ψυχῇ
2941 2031 3082 2082 μου,
3118 2012 3548 2081 μεταναστεύου
3581 2013 3656 2065 ἐπὶ
3686 2015 3734 2066 τὰ

548 2102 806 2157 manibus
844 2104 1040 2174 erepti,
1073 2103 1191 2160 haec
1235 2103 1639 2159 conﬁtebantur
1669 2120 1683 2158 :
1713 2103 1909 2158 Anima
1947 2113 2129 2158 nostra

2233 2103 2338 2172 ὅρη
2377 2104 2458 2170 ὡς
2491 2105 2844 2172 στρουθίον;
2876 2105 2986 2157 Καὶ
3013 2103 3300 2174 ρυσθέντες
3327 2121 3390 2172 γε
3422 2105 3480 2157 ἐκ
3509 2105 3653 2175 χειρὸς
3675 2105 3733 2172 ἐχ-

548 2193 684 2248 sicut
722 2210 906 2262 passer
965 2204 1145 2264 erepta
1189 2205 1267 2252 est
1308 2196 1373 2251 de
1420 2197 1604 2267 laqueo
1647 2201 1968 2253 venantium.
2020 2196 2129 2253 0c-

2231 2191 2414 2264 Θρῶν,
2472 2191 2784 2263 ὡμολόγουν
2837 2193 3086 2262 λέγοντες
3143 2193 3236 2247 καὶ
3287 2193 3466 2246 αὑτοίο
3509 2193 3567 2248 Ἠ
3613 2192 3732 2261 ψυχὴ

549 2289 685 2342 culti
726 2303 859 2359 ergo
888 2296 942 2344 et
970 2289 1276 2346 invisibiles
1300 2297 1590 2347 venatores
1653 2291 1942 2347 animabus
1965 2290 2130 2346 caele-

2229 2283 2401 2353 ἡμῶν
2451 2285 2532 2352 ὡς
2591 2286 2915 2354 στρουθίον
2965 2285 3226 2354 ὲρῤὐσοη
3285 2285 3353 2337 ἐκ
3407 2282 3509 2351 τῆς
3551 2282 3733 2350 παγίδος

550 2381 621 2436 sti
660 2396 724 2436 ac
771 2383 992 2436 sublimi
1032 2383 1158 2436 vita:
1195 2397 1419 2452 operam
1466 2382 1729 2439 dantibus
1777 2383 2127 2446 insidiantes,

2229 2375 2349 2432 τῶν
2375 2377 2764 2446 θηρευόντων.
2814 2379 3062 2448 Ἀφανεῖς
3104 2373 3195 2431 οῦν
3243 2379 3338 2431 καὶ
3378 2376 3579 2449 ἀόρατοι
3603 2377 3640 2428 ol
3670 2373 3735 2443 θη-

548 2473 687 2528 retia
735 2481 791 2529 et
835 2474 1063 2544 laqueos
1101 2472 1422 2538 tendebant,
1456 2489 1522 2530 ac
1573 2476 1840 2531 venabula
1884 2475 2129 2545 cujusvis

2233 2472 2419 2543 ρευταὶ
2445 2473 2565 2534 ταῖς
2589 2471 2682 2525 τὸν
2724 2471 2970 2544 οὐράνιον
3015 2470 3112 2523 καὶ
3159 2471 3447 2541 μετάρσιον
3492 2469 3586 2539 βίον
3620 2483 3734 2537 μετα-

549 2565 767 2636 generis
802 2564 1146 2620 adornabant
1198 2565 1266 2620 ad
1295 2566 1528 2622 insidias
1575 2570 1867 2638 parandas.
1902 2565 2034 2634 Quae
2073 2566 2129 2621 in

2228 2562 2552 2627 διωκούσαις
2579 2562 2777 2634 ψυχαῖς
2809 2561 3268 2627 ἐπιϐουλεύοντες,
3302 2562 3485 2616 δίκτυα
3510 2561 3590 2614 καὶ
3624 2557 3734 2625 παγίς

549 2657 880 2728 praecedenti
930 2657 1018 2713 bis
1083 2657 1266 2713 verbis
1317 2657 1600 2713 enuntiata
1656 2668 1830 2714 sunt:
1867 2657 2128 2723 Quoniam

2228 2654 2321 2719 δας
2350 2655 2624 2720 ἱστῶντες,
2659 2655 2905 2726 θήρατρα
2941 2671 3000 2706 τε
3043 2655 3272 2707 παντοῖα
3315 2651 3666 2715 κατεσκεύαζον
3683 2652 3735 2711 είς

547 2764 666 2804 ecce
693 2748 898 2802 inimici
929 2748 1006 2801 tui
1022 2756 1333 2813 sonuerunt,
1363 2756 1414 2802 et
1440 2749 1530 2818 qui
1560 2746 1782 2801 oderunt
1831 2757 1879 2801 te
1923 2748 2128 2802 extule-

2228 2747 2515 2819 ἐπιϐουλὴν
2557 2747 2752 2802 αὐτῶν.
2797 2748 2907 2800 Καὶ
2950 2748 3124 2802 ταῦτα
3161 2764 3224 2816 τε
3267 2747 3550 2816 παρίστατο
3576 2744 3645 2796 διὰ
3670 2739 3734 2796 τοῦ

549 2851 674 2897 runt
699 2849 876 2909 caput.
911 2839 1082 2908 Super
1099 2840 1350 2908 populum
1380 2847 1529 2893 tuum
1561 2838 1983 2910 malignaverunt
2012 2858 2129 2895 con-

2227 2837 2641 2910 προηγουμένου
2687 2836 2925 2908 ψαλμοῦ,
2979 2840 3035 2890 ἐν
3074 2830 3118 2905 ᾧ
3170 2837 3379 2908 είρητο·
3417 2837 3527 2889 Ὅτι
3571 2833 3671 2887 ἰδοὺ
3701 2834 3737 2885 al

550 2935 752 2998 silium,
801 2933 1158 3004 cogitaverunt
1175 2932 1425 2987 adversus
1438 2941 1653 2986 sanctos
1691 2942 1807 2987 tuos
1830 2931 1973 2987 ""7.
1997 2931 2128 2987 Per-

2225 2929 2429 2997 ἐχθροί
2479 2937 2596 2982 σου
2639 2927 2905 2997 ἤχησαν,
2944 2929 3039 2981 καὶ
3079 2931 3133 2982 ol
3175 2927 3504 2998 μισοῦντές
3535 2943 3597 2979 σε
3621 2917 3736 2996 ᾖρο-

549 3026 900 3082 secutionum
920 3033 1186 3096 tempore,
1212 3041 1321 3094 quo
1353 3026 1563 3080 inimici
1599 3025 1693 3081 Dei
1725 3025 2128 3097 populumZejus

2225 3021 2516 3091 κεφαλήν.
2579 3021 2706 3075 Ἐπί
2767 3022 2874 3076 τὸν
2921 3022 3077 3076 λαόν
3129 3037 3248 3075 σου
3309 3017 3736 3086 κατεπανουρπτύ·

534 3117 946 3190 impugnabant
977 3117 1378 3187 vexabantque,
1405 3117 1498 3174 Dei
1528 3117 1780 3174 homines
1814 3117 1988 3172 instar
2010 3132 2115 3187 pas

2226 3129 2417 3168 σαντο
2461 3111 2724 3182 γνώμην,
2777 3115 3218 3169 ἐϐουλεύσαντο
3257 3114 3408 3168 κατὰ
3459 3111 3564 3165 τῶν
3607 3109 3736 3162 ὁσίων

549 3225 736 3267 serum
761 3210 871 3265 huc
899 3209 1030 3264 illuc
1061 3207 1354 3280 fugientes,
1387 3209 1608 3264 demum
1633 3209 1820 3264 oblata
1852 3223 2006 3280 pace,
2043 3215 2127 3262 ta-

2227 3223 2364 3260 σου.
2405 3205 2564 3259 Κατὰ
2599 3205 2820 3269 τούτους
2863 3205 2972 3259 τῶν
3010 3205 3272 3276 διωγμῶν
3306 3204 3538 3276 καιροὺς,
3563 3199 3657 3254 καθ’
3674 3198 3736 3260 οῦς

546 3299 1041 3367 δενηιιοιιια,αιι·ἰιι
1067 3307 1121 3355 et
1156 3300 1352 3354 altaria
1381 3299 1478 3355 Dei
1515 3300 1571 3354 in
1603 3299 1911 3371 perfugium
1949 3313 2014 3354 ac
2037 3314 2126 3354 re-

2156 3293 2192 3350 C
2225 3300 2273 3350 ot
2325 3295 2512 3367 ἐχθροὶ
2563 3297 2658 3350 τοῦ
2715 3295 2850 3350 Θεοῦ
2896 3297 2986 3349 τὸν
3037 3296 3164 3350 λαὸν
3225 3295 3394 3349 αὐτοῦ
3452 3289 3737 3362 πολεμοῦντες

547 3390 731 3461 quiem
779 3391 1130 3446 invenerunt.
1165 3389 1208 3442 E
1247 3407 1306 3446 re
1339 3397 1523 3446 autem
1563 3390 1789 3456 dixeris,
1839 3391 2123 3462 expeditos

2225 3389 2474 3459 ἧλαυνον,
2503 3390 2552 3441 οί
2587 3389 2681 3442 τοῦ
2717 3389 2850 3441 Θεοῦ
2889 3389 3165 3460 ἄνθρωποι
3202 3389 3365 3460 δίκην
3393 3386 3648 3460 στρουθίων
3671 3375 3737 3434 ὦδε

548 3482 674 3537 illos
712 3481 938 3546 milites,
973 3481 1068 3551 qui
1104 3483 1464 3537 monasticam
1495 3481 1663 3535 vitam
1710 3483 1941 3552 amplexi
1975 3491 2123 3550 sunt,

2224 3481 2449 3534 κάκεῖσε
2483 3481 2925 3551 περιφεύγοντες,
2958 3481 3180 3552 ὕστερόν
3223 3499 3359 3534 ποτε
3403 3481 3600 3552 εἰρήνης
3623 3489 3737 3529 κατα-

548 3586 650 3643 pro
693 3571 1017 3640 passeribus
1057 3571 1340 3628 habendos
1381 3587 1542 3639 esse;
1588 3589 1684 3627 eos
1723 3581 1902 3628 autem
1933 3575 2025 3642 qui
2061 3574 2127 3628 li-

2227 3573 2528 3638 ξιωθὲντες,
2560 3566 2720 3645 εὗρον
2761 3574 2830 3626 τὰ
2865 3573 3197 3644 σκηνώματα
3228 3576 3326 3629 τοῦ
3373 3573 3519 3636 Θεοῦ,
3563 3571 3640 3625 καὶ
3671 3568 3737 3627 τὰς

549 3662 698 3719 beris
727 3663 860 3717 dant
887 3678 1133 3734 operam,
1171 3674 1226 3718 et
1272 3663 1499 3734 reliquis
1527 3663 1654 3719 vitae
1687 3665 1918 3734 negotiis
1948 3673 2001 3719 ct
2036 3682 2125 3718 cu-

2227 3665 2396 3730 αὐλὰς
2429 3664 2614 3730 αὑτοῦ,
2650 3667 2742 3720 καὶ
2771 3665 2842 3720 τὰ
2866 3664 3225 3739 Θυσιαστήρια
3257 3666 3564 3736 καταφυγὴν
3587 3661 3737 3718 ἑαυτοῖς

547 3755 626 3812 ris
670 3769 729 3811 se
763 3755 990 3819 dedunt,
1046 3756 1279 3812 turturis
1316 3757 1490 3810 vicem
1528 3771 1694 3828 agere
1724 3775 1739 3812 :
1773 3773 1932 3826 quam
1971 3757 2128 3826 jubet

2232 3759 2325 3812 καὶ
2351 3759 2673 3814 ἀνάπαυσιν.
2711 3760 2896 3823 Είποις
2937 3760 2982 3812 δ’
3013 3759 3079 3812 ἂν
3106 3760 3235 3822 τοὺς
3273 3761 3371 3830 μὲν
3419 3756 3649 3821 εὐζώνους
3677 3750 3738 3802 καὶ

547 3845 741 3903 oﬂ'erre
767 3846 878 3903 Deo
909 3847 1090 3918 pullos
1121 3862 1276 3913 suos,
1312 3863 1517 3919 eosque
1547 3848 1603 3903 in
1633 3850 1903 3905 altaribus
1931 3865 2032 3904 ceu
2068 3851 2127 3905 in

2230 3850 2324 3903 τὸν
2356 3851 2562 3920 μονήρη
2589 3850 2696 3920 βίον
2729 3851 3177 3924 ἐπανῃρημένους
3200 3846 3343 3904 εἶναι
3368 3848 3633 3921 στρουθίον,
3654 3843 3737 3900 τώς

547 3938 680 3994 nido
709 3941 981 4010 deponere
1009 3948 1064 3995 et
1095 3954 1445 3996 consecrare.

2232 3942 2294 3995 δὲ
2335 3943 2672 4007 παιδοποιίας
2704 3946 2798 3998 καὶ
2847 3944 2942 4016 τῆς
2990 3943 3157 4014 ἄλλης
3198 3945 3506 4015 οίκονομίας
3549 3938 3737 4010 πρόνοιαν

547 4035 968 4106 πεποιημένους,
1003 4035 1103 4107 τὴν
1129 4035 1385 4107 τρυγόνα,
1427 4037 1494 4108 ἣν
1545 4037 1626 4107 τῷ
1655 4037 1774 4108 Θεῷ
1822 4054 1954 4110 φησι
1989 4038 2316 4113 προσφέρειν
2345 4038 2454 4093 δεῖν
2478 4039 2604 4104 τοὺς
2662 4038 2887 4103 ἑαυτοὺς
2922 4039 3187 4102 νεοττοὺς
3222 4040 3321 4093 καὶ
3383 4034 3651 4091 ἀνατιθέναι
3673 4025 3734 4079 αὖε

545 4129 693 4192 τοὺς,
721 4128 797 4192 ὼς
825 4129 881 4183 ἐν
914 4129 1074 4199 καλιᾷ
1107 4131 1164 4180 ἐν
1189 4132 1301 4192 τοῖς
1325 4129 1730 4202 θυσιαστηρίοις
1755 4129 1942 4185 αὑτοῦ.

618 4241 782 4296 Vatis.
836 4241 888 4297 5.
932 4241 1041 4297 Rea:
1095 4259 1239 4296 meus
1271 4251 1319 4296 et
1370 4242 1509 4297 Deus
1556 4260 1725 4309 meus,
1771 4243 1908 4298 beati
1947 4262 2124 4300 omnes

2310 4247 2364 4299 Ὀ
2412 4247 2712 4312 ,βασιλεύς
2766 4265 2887 4316 μου
2939 4246 3036 4299 καί
3083 4248 3116 4300 ὁ
3165 4247 3314 4312 Θεός
3349 4261 3485 4313 μου,
3526 4235 3736 4311 μακάριοι

547 4335 636 4408 qui
665 4335 908 4388 habitant
941 4336 995 4389 in
1029 4335 1186 4388 domo
1218 4344 1331 4397 tua,
1362 4336 1415 4388 in
1444 4336 1641 4389 uacula
1671 4335 1987 4390 surculorum
2011 4337 2128 4391 lau-

2229 4338 2452 4405 πάντες
2482 4342 2537 4392 ol
2577 4339 2994 4403 κατοικοῦντες
3017 4337 3100 4391 ιέν
3129 4336 3209 4402 τῷ
3234 4337 3380 4402 οἴκῳ
3400 4352 3528 4396 σου,
3554 4333 3625 4394 εις
3641 4324 3737 4388 τοὺς

545 4427 749 4482 dabunt
773 4441 842 4485 te.
862 4427 1200 4498 Diapsalma.
1226 4429 1408 4494 Quare
1427 4427 1625 4484 dilecta
1646 4436 1700 4484 et
1721 4429 1976 4482 amabilia
1997 4432 2126 4508 milr

2229 4431 2448 4497 αἰῶνας
2475 4430 2595 4486 τῶν
2622 4429 2847 4484 αὶὼνων
2874 4427 3187 4482 αὶνέσουσί
3215 4443 3311 4481 σε.
3342 4426 3645 4494 Antid-alus.
3673 4415 3736 4508 Aul

548 4526 677 4575 sunt
706 4519 1056 4575 tabernacula
1093 4527 1207 4583 tua,
1238 4525 1293 4572 et
1320 4533 1421 4572 cur
1463 4518 1738 4575 desiderio
1776 4533 1967 4574 eorum
1998 4507 2129 4596 deli:

2230 4524 2282 4576 τί
2301 4523 2570 4596 προσφιλῆ
2599 4540 2687 4595 μοι
2712 4521 2965 4591 τυγχάνει
2990 4519 3081 4572 καὶ
3103 4519 3362 4589 ἀγαπητὰ.
3390 4518 3453 4571 τὰ
3482 4507 3739 4585 σκηνώματά

548 4610 624 4663 cit
652 4607 833 4663 anima
858 4623 1000 4674 mea,
1045 4607 1113 4660 ad
1155 4606 1270 4661 haec
1299 4606 1467 4662 etiam
1500 4607 1556 4661 in
1586 4621 1696 4679 quo
1715 4607 2011 4662 exsultavit
2033 4580 2129 4660 co'i

2161 4672 2194 4680 -
2233 4632 2349 4677 σου,
2377 4617 2468 4667 καὶ
2496 4615 2637 4676 τίνος
2659 4613 2819 4665 ἕνεκα
2853 4609 3089 4663 ἐκλείπει
3122 4611 3154 4680 ἡ
3183 4609 3326 4680 ψυχή
3360 4625 3456 4679 μου
3487 4606 3598 4676 περὶ
3626 4599 3737 4656 αὐτὶ.

547 4716 728 4756 meum
759 4708 812 4756 et
838 4714 967 4756 caro
990 4699 1148 4754 mea?
1172 4699 1310 4766 Quia
1335 4715 1520 4770 passer
1540 4701 1734 4754 invenit
1759 4699 1860 4753 sibi
1886 4698 2124 4762 domum,

2159 4672 2203 4727 Β
2232 4672 2364 4753 ἀλλά
2410 4700 2502 4752 καὶ
2560 4672 2830 4770 ἠϋκαρδία
2882 4714 2982 4768 μου
3019 4697 3113 4750 καὶ
3143 4672 3206 4768 ⁷ἡ⁷
3423 4712 3516 4766 μου
3553 4672 3631 4744 ἐπὶ
3666 4689 3738 4739 τίνι

546 4803 597 4848 et
629 4802 805 4846 turtur
849 4792 1053 4856 nidum,
1101 4792 1306 4846 altaria
1355 4802 1466 4855 tua,
1507 4791 1729 4846 Domine
1758 4793 2032 4846 virtutum.
2067 4792 2126 4844 ln

2230 4791 2626 4863 ἡγαλλιάσατο;
2674 4789 2998 4861 Ἐπειδήπερ
3038 4785 3216 4857 εὗρεν
3265 4787 3454 4853 ἑαυτῷ
3493 4779 3739 4852 στρουθιά

548 4883 752 4954 quibus
799 4883 1066 4938 altaribus
1115 4884 1210 4953 qui
1261 4899 1368 4938 non
1422 4883 1488 4936 ad
1535 4883 1700 4939 breve
1745 4890 1979 4953 tempus.
2032 4882 2127 4938 sed

2229 4884 2426 4936 οὶκίαν
2459 4883 2554 4936 καί
2584 4881 2814 4951 τρυγὼν
2843 4880 3123 4944 νοσσιὰν,
3154 4882 3224 4933 τὰ
3253 4871 3623 4944 θυσιαστήριὰ
3641 4885 3737 4924 σου,

549 4975 770 5030 assidue
795 4984 852 5029 et
890 4985 1305 5044 perseveranter
1329 4983 1742 5032 commorantur
1769 4981 1824 5030 et
1851 4975 2124 5039 habitant,

2230 4975 2406 5044 Κύριε
2437 4974 2555 5028 τῶν
2579 4974 2916 5043 δυνάμεων·
2952 4975 3082 5043 παρ’
3111 4966 3192 5036 οἷς
3217 4968 3601 5038 θυσιαστηρίοις
3625 4962 3665 5013 οὶ
3689 4955 3738 5025 μὴ

547 5074 634 5121 ter
675 5067 821 5122 beati
871 5075 1020 5122 sunt.
1070 5066 1166 5124 His
1215 5083 1381 5140 porro
1423 5066 1587 5124 dictis
1637 5069 1832 5136 legalia
1879 5069 2060 5122 omnia
2095 5081 2126 5121 a

2231 5069 2366 5145 πρὸς
2403 5068 2572 5142 βραχὺ
2606 5067 2988 5139 διατρίϐοντες,
3027 5065 3140 5120 ἀλλ’
3190 5066 3269 5126 είς
3317 5063 3377 5116 τὸ
3424 5055 3638 5132 διηνεκὲς
3671 5064 3737 5152 κα-

550 5159 734 5230 Moyse
776 5158 977 5213 tradita
1009 5159 1417 5216 circumscribit
1456 5170 1512 5215 et
1547 5160 1781 5229 ablegat.
1816 5157 1934 5212 Non
1977 5157 2124 5213 enim

2225 5161 2549 5223 τοικοῦντες,
2599 5160 2692 5212 καὶ
2735 5158 3063 5228 παραμὸνως
3117 5155 3466 5226 ἐι,ι.μένοντες⁴
3505 5153 3739 5230 τρισμακᾴ·

549 5227 741 5306 beatos
771 5250 910 5307 dixit
942 5252 1326 5315 circumcisos,
1361 5267 1473 5306 non
1499 5266 1595 5306 eos
1623 5227 1716 5321 qui
1755 5250 1991 5305 Sabbata
2024 5249 2124 5304 ob-t

2229 5270 2333 5326 ριοι
2374 5252 2717 5321 τυγχάνουσι.
2759 5250 2931 5303 Τοῦτο
2975 5249 3018 5301 δ’
3071 5246 3260 5310 εἰπὼν,
3311 5244 3482 5298 πάντα
3528 5239 3587 5292 τὰ

547 5351 801 5410 servant,
858 5359 967 5399 non
1032 5343 1396 5400 Mosaicorum
1453 5341 1851 5397 sacriﬁciorum
1912 5349 2128 5396 caetero-

2227 5318 2676 5413 ίνιωῦσεῖ-νόμιμα
2702 5339 3090 5412 περιέγραψεν.
3120 5339 3194 5391 Οὐ
3227 5335 3336 5407 γὰρ
3363 5331 3630 5405 μακαρίους
3653 5318 3735 5375 εἶπε

547 5450 781 5505 rtunque
836 5434 1141 5506 corporalis
1209 5434 1345 5504 legis
1398 5440 1794 5503 praeceptorum
1847 5431 2125 5496 cultores,

2226 5437 2355 5498 τοὺς
2413 5435 2838 5507 ἐμπεριτόμους,
2880 5433 3002 5485 οὐδὲ
3043 5431 3168 5494 τοὺς
3203 5429 3270 5483 τὰ
3312 5426 3551 5481 Σάϐϐατα
3585 5414 3735 5507 quid?

547 5502 725 5598 neque
755 5527 923 5583 etiam
936 5502 1047 5583 eos
1079 5525 1172 5597 qui
1207 5502 1283 5580 ex.
1305 5502 1599 5579 Abrahami
1627 5524 1798 5594 stirpe
1830 5531 1980 5587 sunt,
2014 5539 2124 5578 non

2229 5502 2593 5591 τονταςν-οὺδὲ
2638 5502 2762 5589 τοὺς
2798 5524 2896 5587 τὰς
2927 5524 3076 5594 παρὰ
3109 5522 3330 5574 Μωῦσεῖ
3360 5516 3537 5577 θυσίας
3564 5510 3641 5562 καὶ
3670 5502 3738 5559 τὰς

545 5618 825 5685 lsraelem,
856 5633 1036 5690 neque
1063 5616 1348 5672 Judaicam
1380 5624 1591 5688 gentem
1617 5634 1630 5680 ;
1679 5616 1774 5670 sed
1804 5615 2126 5686 simpliciter

2227 5617 2424 5682 λοιπάς
2457 5617 2551 5671 τοῦ
2593 5614 2902 5688 σωματικοῦ
2928 5615 3093 5685 νόμου
3145 5609 3361 5672 ἐντολὰς
3397 5599 3735 5690 mrum???

545 5727 737 5766 omnes
793 5683 888 5782 qui
934 5683 1182 5765 habitant
1232 5711 1285 5764 in
1343 5683 1506 5766 domo
1556 5708 1668 5765 Dei.
1713 5709 1854 5774 Quid
1910 5683 2123 5763 beatius

2229 5709 2342 5763 ἀλλ’
2370 5709 2489 5762 ούδέ
2517 5708 2640 5772 τοὺς
2675 5683 2975 5776 άπογόνους
2994 5683 3276 5776 ἡἈϐραάμ,
3299 5700 3417 5754 οὐδὲ
3443 5698 3526 5752 τὸν
3557 5683 3736 5756 Ἰσραὴλ.

617 5866 731 5899 ³⁸⁸⁸⁷
773 5864 918 5923 Psal.
952 5880 1160 5930 Luxu,
1202 5865 1258 5934 5,
1295 5865 1349 5919 4.
