4004 6530
294 443 435 501 1σο9

1436 439 1941 499 COMMENTARIA
1978 440 2044 495 IN
2082 438 2420 496 PSALMOS.

3416 438 3554 494 i910

290 556 413 611 οὐδὲ
462 556 526 611 τὸ
569 558 837 613 Ἰουδαίων
870 559 1042 625 ἔθνος,
1095 557 1210 612 ἀλλ’
1250 555 1582 621 ἁπαξαπλῶς
1637 555 1872 618 ἅπαντας

1984 554 2130 609 enim
2162 552 2349 617 fuerit,
2386 566 2551 623 quam
2586 551 2753 608 Deum
2785 567 2944 608 suum
2980 560 3033 607 et
3078 549 3366 605 Dominum
3393 548 3559 605 virtu-

290 651 417 713 τοὺς
447 650 835 715 κατοικοῦντας
866 652 924 703 ὲν
951 649 1030 721 τῷ
1056 649 1191 721 οἴκῳ
1231 648 1323 702 τοῦ
1366 647 1519 701 Θεοῦ.
1556 647 1620 699 Τί
1657 646 1765 718 γὰρ
1808 646 1873 699 ἂν

293 742 501 810 γένοιτο
550 741 767 812 ἀληθῶς
814 741 1226 813 μακαριώτερον
1256 740 1350 793 τοῦ
1395 739 1618 810 βασιλέα
1656 740 1752 810 μὲν
1782 738 1874 791 τὸν

292 830 424 883 Θεὸν
459 831 642 896 αὐτοῦ,
675 834 768 885 καὶ
814 831 904 885 τὸν
950 831 1153 903 Κύριον
1198 831 1304 883 τῶν
1336 830 1616 900 δυνάμεων
1648 829 1875 900 ὲπιγράσ-

293 920 508 990 φεσθαι,
544 924 711 975 οἰκεῖν
758 923 813 975 δὲ
854 923 943 976 τὸν
993 918 1140 976 οἶκον
1177 921 1344 976 αὐτοῦ
1387 920 1668 991 διηνεκῶς,
1714 918 1774 984 ὲξ
1813 915 1876 973 οῦ

293 1012 574 1084 πορίζεται
605 1016 637 1083 ἡ
665 1014 756 1066 τοῦ
795 1014 928 1067 Θεοῦ
963 1013 1229 1069 ἀθανασία
1262 1012 1354 1066 καὶ
1404 1014 1437 1083 ἠ
1482 1009 1699 1074 αἰώνιος
1726 1010 1872 1082 Coiﬁ;

293 1107 462 1158 Τοῦτο
491 1105 621 1174 γοῦν
651 1105 976 1176 παρίστησιν
1025 1108 1053 1158 ὁ
1091 1106 1247 1174 λόγος
1291 1104 1543 1174 φάσκων’
1597 1106 1700 1169 Εἰς
1734 1102 1875 1168 τοὺς

289 1195 511 1260 αἰῶνας
546 1194 663 1247 τῶν
699 1194 928 1248 αιώνίοηο
965 1193 1281 1248 αὶνέσοὺσί
1318 1208 1391 1247 σε
1433 1194 1487 1245 οὶ
1532 1188 1875 1245 κατοικοῦν-

290 1305 391 1354 τες
428 1290 498 1341 ἐν
521 1287 602 1352 τῷ
645 1288 787 1354 οἴκῳ
822 1302 960 1340 σου.
992 1287 1116 1349 Πῶς
1153 1286 1197 1339 δ’
1236 1285 1301 1339 ἂν
1339 1284 1513 1348 ἄλλως
1545 1284 1757 1337 δύναιτό
1794 1300 1876 1345 τις

294 1383 373 1442 είς
397 1381 522 1443 τοὺς
555 1379 756 1441 αἰῶνας
777 1378 887 1431 τῶν
914 1377 1123 1432 αἰώνων
1149 1378 1241 1431 τὸν
1269 1377 1401 1431 Θεὸν
1432 1379 1600 1431 αἰνεῖν
1631 1378 1664 1448 ἢ
1698 1377 1877 1430 διαιω-

294 1472 456 1536 νίζων
487 1471 579 1524 καὶ
609 1470 789 1535 αὐτὸς,
818 1470 987 1525 ἀΐδιόν
1012 1487 1072 1523 τε
1105 1471 1199 1523 καὶ
1237 1469 1503 1523 ἀθάνατον
1541 1468 1877 1540 κεκτημένος

294 1563 471 1633 ζωήν,
501 1561 803 1630 Μακάριος
839 1562 993 1630 ἀνὴρ
1032 1559 1103 1619 οὗ
1126 1563 1298 1617 ἐστιν
1324 1563 1645 1631 ἀντίληψις
1689 1560 1875 1617 αὑτοῦ

291 1660 452 1727 παρὰ
484 1659 621 1722 σοῦ,
644 1657 969 1725 ἀναϐάσεις
992 1657 1055 1711 ἐν
1081 1656 1159 1726 τῇ
1182 1657 1393 1725 καρδίᾳ
1418 1656 1605 1711 αὐτοῦ
1630 1655 1873 1721 διέθετο,

290 1751 378 1815 εἰς
413 1749 528 1818 τὴν
552 1749 806 1803 κοιλάδα
838 1750 945 1804 τοῦ
990 1748 1400 1819 κλαυθμῶνος,
1437 1750 1523 1814 εἰς
1558 1747 1665 1801 τὸν
1690 1748 1877 1801 τόπον

288 1840 362 1893 ὃν
390 1841 577 1896 ἔθετο.
607 1839 907 1912 Πληρώσας
941 1842 1032 1893 τὸν
1078 1841 1268 1911 εἱρμὸν
1302 1841 1395 1893 καὶ
1426 1839 1526 1913 τὴν
1557 1838 1877 1894 ἀκολουθίαν

1981 653 2097 701 tum
2123 645 2177 699 in
2209 660 2391 716 regem
2440 644 2544 701 sibi
2592 644 2888 709 ascribere,
2920 651 2975 699 et
3013 644 3068 697 in
3096 642 3258 697 domo
3284 642 3402 713 ejtrs
3432 658 3559 712 per-

1981 745 2149 807 petuo
2182 738 2452 804 habitare,
2485 753 2549 793 ex
2577 752 2685 807 quo
2718 736 2813 792 Dei
2851 735 3235 790 immortalitas
3260 741 3313 789 et
3352 741 3555 788 interna

1980 830 2092 884 vita
2118 829 2508 899 comparatur?
2541 829 2600 883 id
2633 843 2766 884 sane
2795 827 3039 883 declarat
3067 825 3199 879 illud
3233 842 3245 876 :
3273 825 3378 890 Qui
3401 824 3555 878 habi-

1983 930 2095 976 tant
2134 921 2189 974 in
2219 919 2375 974 domo
2423 929 2535 984 tua,
2567 920 2620 971 in
2652 919 2850 975 saecula
2896 917 3211 973 sceculorum
3265 916 3557 970 laudabunt

1985 1023 2049 1067 te.
2087 1011 2204 1079 Qua
2239 1012 2452 1065 ratione
2490 1017 2669 1066 autem
2699 1011 2824 1079 quis
2852 1010 3029 1064 valeat
3064 1008 3119 1069 in
3150 1008 3347 1063 saecula
3381 1025 3555 1065 saccu-

1983 1105 2161 1158 lorum
2211 1102 2380 1158 Deum
2428 1103 2672 1165 laudare,
2707 1102 2815 1157 nisi
2862 1109 2917 1157 et
2963 1102 3081 1179 ipse
3129 1110 3392 1171 perpetuo
3449 1117 3559 1155 nu-

1983 1203 2131 1261 neat,
2158 1209 2221 1249 ac
2245 1204 2502 1249 mternam
2540 1191 3014 1263 immortalemque
3044 1190 3320 1260 possideat
3350 1189 3561 1245 vitam?

1984 1285 2224 1341 ——V1~:ns.
2252 1286 2306 1350 6,
2342 1287 2388 1338 '7.
2419 1284 2615 1338 Beatus
2650 1285 2727 1339 vir
2764 1284 2916 1353 cujus
2954 1293 3031 1337 est
3071 1283 3333 1339 auxilium
3362 1283 3453 1336 abs
3476 1291 3548 1347 te,

1985 1380 2310 1434 ascensiones
2342 1377 2395 1431 in
2431 1376 2587 1432 corde
2614 1391 2710 1429 suo
2743 1374 3004 1444 disposuit
3040 1376 3093 1429 in
3124 1375 3258 1429 valle
3290 1374 3557 1442 lacrymtt-

1983 1485 2124 1533 rum,
2160 1470 2213 1521 in
2248 1467 2360 1522 loco
2388 1483 2538 1536 quem
2565 1466 2761 1535 posuit.
2799 1464 3097 1535 Postquam
3130 1465 3326 1521 seriem
3360 1462 3557 1517 verbo-

1982 1574 2214 1629 rumque
2246 1558 2572 1615 sententiam
2608 1556 2940 1619 absolverat,
2973 1572 3002 1608 a
3044 1554 3403 1627 diapsalmate
3442 1567 3557 1607 ser-

1982 1651 2162 1707 monis
2200 1651 2555 1704 mutationem
2585 1648 2816 1703 orditur.
2842 1647 3208 1715 Quamobrem
3235 1661 3359 1700 cum
3402 1659 3560 1714 supe-

1982 1740 2101 1799 rius
2131 1756 2228 1795 eos
2258 1742 2352 1810 qui
2391 1740 2637 1794 habitant
2667 1740 2724 1802 in
2764 1740 2928 1794 domo
2962 1737 3056 1792 Dei
3112 1739 3300 1792 beatos
3332 1736 3557 1808 plurali-

1984 1840 2069 1888 ter
2097 1832 2348 1897 dixisset,
2375 1832 2465 1888 hic
2493 1847 2660 1887 unum
2691 1834 3002 1903 quempiam
3040 1832 3093 1884 in
3118 1831 3311 1901 primis
3336 1830 3554 1884 beatum

284 1933 388 2002 τῆς
413 1934 673 1997 διανοίας,
706 1933 971 2004 μεταϐολῇ
1017 1933 1281 2005 κέχρηται
1310 1932 1403 1985 τοῦ
1438 1932 1595 2001 λόγου
1627 1933 1734 1988 ἀπὸ
1762 1932 1872 1985 δια-

1976 1928 2257 2000 praedicat.
2293 1927 2465 1995 Quem
2499 1943 2649 1993 vero,
2684 1928 2795 1984 nisi
2831 1944 2955 1983 eum
2990 1928 3080 1998 qui
3114 1929 3168 1982 in
3199 1926 3339 1982 valle
3378 1926 3557 1996 lacry-

284 2026 591 2097 ψάλματος.
631 2026 829 2097 Διόπερ
869 2027 1125 2096 ἀνωτέρω
1167 2025 1546 2095 πληθυντικῶς
1576 2025 1878 2095 μακαρίους

280 2119 411 2183 τοὺς
445 2119 832 2182 κατοικοῦντας
869 2120 927 2170 ὲν
967 2117 1045 2187 τῷ
1084 2116 1219 2188 οἴκῳ
1276 2118 1369 2172 τοῦ
1401 2116 1537 2171 Θεοῦ
1572 2116 1759 2183 εἰπὼν,
1801 2119 1879 2170 ὲν-

281 2210 459 2264 ταῦθα
502 2210 599 2265 ἕνα
647 2211 767 2264 τινὰ
810 2210 1102 2281 μακαρίζει
1155 2209 1295 2263 κατὰ
1333 2209 1629 2281 ἐξαίρετον.
1662 2211 1794 2265 Τίνα
1821 2210 1880 2281 δὲ

284 2299 475 2353 τοῦτον
517 2300 548 2370 ἢ
598 2301 688 2353 τὸν
725 2301 781 2352 ὲν
819 2302 883 2370 τῇ
920 2299 1125 2353 κοιλάδι
1157 2299 1250 2352 τοῦ
1280 2298 1632 2369 κλαυθμῶνος
1665 2298 1879 2368 ἀντιλή-

284 2392 432 2461 clem;
468 2395 565 2463 τῆς
598 2392 749 2465 παρά
778 2392 868 2445 τοῦ
902 2390 1037 2445 Θεοῦ
1079 2392 1401 2461 ἠξιωμένον,
1429 2391 1521 2444 τὸν
1554 2391 1647 2444 καὶ
1684 2390 1881 2445 ἀναϐά·-

287 2501 401 2547 σεις
427 2483 696 2554 ἐσχηκότα
722 2482 855 2535 Θεοῦ
883 2486 941 2535 ὲν
965 2485 1032 2554 τῇ
1069 2482 1265 2554 καρδίᾳ
1298 2480 1465 2535 αὐτοῦ
1489 2499 1504 2546 ;
1538 2482 1737 2535 Τοῦτον
1767 2482 1876 2551 γάρ

288 2574 379 2626 τὸν
421 2574 588 2645 ἄνδρα
635 2572 793 2625 πάλιν
839 2569 1162 2643 μακαρίζει·
1210 2572 1324 2626 ἀλλ’
1357 2572 1418 2625 οὐ
1461 2572 1559 2629 τὸν,
1588 2571 1697 2624 τῶν
1727 2571 1875 2642 παρά

283 2666 511 2719 Μωῦσεῖ
528 2663 851 2734 σωματικῶν
876 2663 1102 2717 ἐντολῶν
1137 2663 1369 2734 φύλακα.
1394 2663 1647 2727 Τοιοῦτος
1676 2663 1733 2715 δέ
1758 2664 1872 2724 ἐστι

281 2759 390 2819 πᾶς
416 2758 444 2809 ὁ
470 2755 876 2826 ἀποκλᾳόμενος
905 2757 1095 2809 ἑαυτὸν
1117 2758 1173 2808 ὲν
1200 2755 1279 2825 τῷ
1312 2754 1492 2826 θνητῷ
1532 2756 1623 2808 καὶ
1663 2755 1873 2825 ἀνθρω-

281 2846 422 2917 πίνῳ
460 2846 579 2917 βίῳ,
615 2849 708 2899 καὶ
750 2847 849 2918 τὴν
887 2848 1127 2916 ἐπίγειον
1173 2849 1376 2921 ταύτην
1424 2849 1567 2921 ζωὴν
1612 2850 1875 2922 βαροῦμε-

280 2955 390 3000 νος,
423 2938 489 3008 ἣν
520 2937 742 2990 κοιλάδα
773 2937 1123 3009 κλαυθμῶνος
1150 2941 1177 2992 ὁ
1212 2938 1370 3008 λόγος
1393 2940 1668 3009 ὀνομάζει,
1699 2940 1786 2993 διά
1813 2938 1873 2992 τὸ

280 3027 561 3100 κλαυθμοῦ
594 3028 718 3093 ἀξια
755 3024 894 3081 εἶναι
926 3029 995 3083 τὰ
1030 3028 1283 3095 ἐνταῦθα,
1333 3029 1611 3099 κλαυθμοῦ
1656 3047 1714 3083 τε
1746 3030 1872 3096 ἀξια

280 3122 543 3193 πράττειν
572 3123 696 3185 τοὺς
729 3122 821 3173 ἐπὶ
863 3123 967 3191 γῆς
1008 3119 1347 3192 ἀνθρώπους,
1379 3124 1471 3175 καὶ
1508 3120 1597 3174 διὰ
1637 3121 1697 3173 τὸ
1744 3124 1871 3186 τοὺς

277 3214 469 3283 ἁγίους
496 3213 590 3267 τοῦ
614 3213 748 3267 Θεοῦ
774 3214 914 3271 κατά
942 3214 1031 3266 τὸν
1059 3213 1303 3284 παρόντα
1333 3213 1447 3284 βίον
1476 3212 1867 3282 ἀποκλᾲεσθαι,

1983 2037 2194 2076 marum
2244 2021 2338 2077 Dei
2372 2021 2678 2092 patrocinio
2708 2022 2987 2099 dignatur,
3033 2021 3127 2091 qui
3160 2020 3323 2075 etiam
3366 2033 3559 2074 ascen-

1982 2114 2166 2170 siones
2188 2112 2281 2169 Dei
2312 2114 2477 2170 habet
2509 2115 2566 2171 in
2598 2114 2763 2173 corde
2801 2114 2937 2169 suo?
2968 2112 3125 2169 Hunc
3151 2112 3352 2183 quippe
3380 2113 3554 2166 virum

1980 2222 2175 2262 rursus
2206 2206 2575 2277 heatumldicit
2594 2226 2608 2275 ;
2630 2223 2739 2262 non
2763 2215 2943 2262 autem
2966 2206 3330 2276 corporalium
3352 2204 3554 2276 Moysis

1979 2307 2377 2369 praeceptorum
2410 2300 2695 2356 cultorem.
2726 2298 2875 2353 Talis
2906 2313 3069 2368 porro
3100 2306 3184 2352 est
3211 2297 3461 2368 quisquis
3498 2297 3552 2349 in

1980 2388 2085 2443 hac
2123 2390 2338 2444 mortali
2369 2398 2423 2445 et
2466 2391 2702 2449 humana
2746 2390 2859 2446 vita
2905 2390 3146 2460 seipsum
3176 2389 3464 2463 deplorat;
3499 2395 3555 2442 et

1980 2482 2436 2545 terrenamlhanc
2486 2483 2674 2545 vitam,
2730 2495 2894 2551 quam
2942 2480 3139 2536 vallem
3187 2480 3553 2551 lacrymarum

1976 2588 2155 2627 sermo
2199 2582 2503 2643 nuncupat,
2555 2581 2779 2642 gravate
2831 2580 2887 2627 et
2926 2588 3067 2644 πετο
3107 2571 3346 2631 sustinet
3378 2588 3392 2626 :
3425 2571 3554 2640 quia

1973 2664 2139 2735 hujus
2166 2666 2289 2721 vita:
2324 2680 2414 2721 res
2446 2665 2573 2721 ﬂetu
2604 2666 2781 2735 digna:
2826 2672 2975 2729 sunt,
3013 2672 3178 2736 atque
3217 2662 3556 2718 homines-in

1974 2765 2121 2813 terra
2152 2757 2413 2829 degentes
2449 2760 2706 2829 lacrymis
2737 2757 3073 2827 deploranda
3115 2762 3431 2828 perpetrant
3464 2760 3557 2810 :et

1974 2852 2101 2920 quia
2139 2852 2314 2906 sancti
2351 2851 2446 2906 Dei
2492 2852 2547 2906 in
2591 2852 2694 2905 hac
2739 2851 2848 2904 vita
2884 2848 3125 2911 ﬂetibus,
3176 2847 3472 2919 gemitibus
3502 2854 3557 2901 et

1971 2940 2235 2995 aerumnis
2273 2939 2459 2995 traditi
2494 2948 2625 2995 sunt
2659 2940 2962 2994 secundum
3004 2938 3348 3009 Apostolum.
3393 2935 3556 3003 Quis-

1970 3032 2096 3102 quis
2137 3046 2268 3103 ergo
2317 3032 2371 3085 in
2408 3032 2550 3087 valle
2581 3032 2968 3105 lacrymarum,
3015 3031 3069 3085 id
3108 3039 3194 3086 est
3246 3030 3299 3083 in
3333 3030 3553 3084 mortali

1970 3124 2083 3178 vita
2127 3124 2439 3197 patrocinio
2493 3123 2589 3179 Dei
2634 3124 2868 3189 fruitur;
2938 3140 3065 3179 vere
3119 3124 3312 3183 beatus
3362 3120 3551 3185 fuerit,

1969 3214 2191 3287 quando
2227 3216 2464 3277 maxime
2494 3218 2850 3277 ascensiones
2878 3216 2969 3271 Dei
3005 3216 3059 3270 in
3099 3214 3266 3271 corde
3290 3214 3411 3284 ejus
3456 3229 3552 3285 po-

281 3304 638 3368 στενάξοντας
679 3305 775 3357 καὶ
815 3303 1184 3375 βαρουμένους
1221 3303 1362 3359 κατά
1399 3306 1491 3359 τὸν
1529 3306 1868 3360 Ἀπόστολον.

1976 3306 2095 3361 sita:
2126 3317 2273 3362 sunt.
2303 3306 2440 3363 Cum
2462 3308 2609 3363 enim
2638 3308 2730 3371 alii
2760 3308 3010 3363 homines
3044 3306 3371 3367 mortalibus
3401 3306 3554 3377 cogi-

278 3397 395 3459 Πᾶς
422 3391 515 3448 οὖν
547 3396 574 3447 ὁ
606 3397 664 3447 ὲν
696 3398 761 3466 τῇ
812 3395 1012 3449 κοιλάδι
1045 3394 1138 3447 τοῦ
1172 3395 1551 3467 κλαυθμῶνος,
1596 3397 1872 3452 τουτέστιν

1976 3385 2276 3459 ισιίοηίιιυέ
2325 3402 2380 3456 in
2417 3411 2645 3475 peccata
2691 3403 2871 3458 omnis
2911 3402 3127 3472 generis
3168 3401 3551 3468 detrahantur,

276 3489 335 3540 ὲν
382 3485 458 3556 τῷ
510 3485 687 3557 θνητῷ
738 3486 839 3557 βίῳ
892 3486 992 3556 τῆς
1039 3487 1190 3556 παρά
1230 3487 1320 3539 τοῦ
1364 3487 1499 3541 Θεοῦ
1536 3488 1872 3560 ἀντιλήψεως

1977 3493 2394 3564 ἀαιίιιοιιυιιιιιυε
2425 3495 2711 3549 conatibus
2759 3509 2823 3548 ac
2859 3495 3221 3565 malignorum
3256 3492 3550 3563 spirituum

273 3579 589 3648 τυγχάνων,
649 3580 919 3651 μακάριος
964 3580 1180 3649 ἀληθῶς
1230 3579 1295 3633 ἂν
1332 3580 1450 3652 εἴη,
1500 3582 1588 3634 ὅτε
1638 3581 1870 3651 μάλιστα

1976 3586 2419 3659 suggestionibus
2442 3587 2902 3657 supplantentur;
2931 3587 3024 3656 qui
3064 3600 3255 3641 eorum
3280 3584 3551 3639 machinis

273 3671 568 3734 ἀναϐάσεις
607 3672 701 3725 τοῦ
740 3672 873 3725 Θεοῦ
920 3673 979 3724 ὲν
1032 3675 1098 3744 τῇ
1155 3673 1352 3745 καρδία
1395 3674 1557 3727 αὑτοῦ
1600 3674 1866 3744 γίνονται.

1976 3692 2080 3735 non
2102 3678 2338 3747 capitur,
2370 3678 2465 3733 sed
2494 3677 2588 3733 Dei
2620 3679 2794 3749 gratia
2838 3679 3198 3734 ascensiones
3238 3679 3410 3734 bonas
3435 3686 3491 3733 et
3518 3694 3549 3731 a

272 3763 396 3815 Τῶν
422 3760 734 3834 γάράλλων
768 3763 1073 3834 ἀνθρώπων
1111 3765 1324 3835 θνητοῖς
1361 3765 1640 3837 λογισμοῖς
1678 3765 1871 3820 καθελ-

1976 3768 2080 3824 Deo
2104 3770 2304 3825 missas
2336 3770 2702 3842 cogitationes
2736 3771 2791 3826 in
2825 3772 2991 3826 corde
3026 3786 3127 3826 suo
3155 3769 3420 3841 possidet,
3458 3770 3549 3824 hic

274 3853 523 3922 κομένων
548 3855 628 3917 εἰς
660 3856 767 3906 πᾶν
803 3849 943 3917 εἶδος
975 3854 1270 3926 ἁμαρτίας,
1310 3854 1446 3909 ἀλλά
1474 3856 1568 3909 καὶ
1600 3855 1870 3925 δαιμόνων

1976 3876 2095 3916 vere
2129 3862 2360 3929 beatus;
2394 3862 2489 3933 qui
2523 3863 2688 3917 etiam
2732 3863 2785 3917 in
2816 3863 2981 3918 domo
3018 3862 3110 3918 Dei
3145 3878 3363 3933 semper
3402 3862 3551 3917 habi-

271 3943 573 4007 ὲπιϐολαῖς,
605 3944 698 3997 καὶ
732 3945 980 4016 πονηρῶν
1012 3946 1341 4017 πνευμάτων
1373 3947 1703 4019 ὲνθυμήσεσι
1737 3947 1869 4010 ὐπο-

1976 3961 2067 4019 tat,
2103 3963 2157 4010 et
2187 3955 2348 4025 quasi
2381 3954 2641 4013 sacerdos
2684 3956 2957 4026 quispiam
2989 3956 3093 4012 soli
3128 3954 3223 4012 Dei
3262 3956 3435 4011 cultui
3461 3972 3549 4012 va-

271 4033 691 4105 σκελιζομένων,
747 4036 777 4089 ὁ
835 4039 909 4108 μὴ
952 4037 1163 4102 τούτοις
1208 4039 1583 4110 ἁλισκόμενος,
1626 4039 1767 4097 κατὰ
1809 4040 1866 4094 δὲ

1976 4054 2077 4113 cat,
2116 4061 2251 4103 sane
2298 4057 2351 4103 et
2394 4048 2591 4105 beatus
2634 4048 2726 4102 ille
2760 4070 2771 4104 :
2800 4050 2980 4118 primo
3021 4048 3150 4118 quia
3195 4048 3251 4101 in
3292 4047 3548 4103 omnibus

266 4124 406 4179 Θεοῦ
430 4126 590 4198 χάριν
616 4127 909 4191 ἀναϐάσεις
942 4127 1154 4197 ἀγαθὰς
1186 4130 1279 4183 καὶ
1309 4130 1603 4201 λογισμοὺς
1632 4133 1696 4183 ὲκ
1727 4130 1864 4187 Θεοῦ

1976 4138 2180 4199 actibus
2204 4139 2322 4194 suis
2348 4139 2518 4195 Deum
2543 4140 2708 4195 habet
2738 4148 3115 4211 susceptorem
3141 4146 3195 4199 et
3218 4146 3547 4210 patronum;

264 4218 653 4288 πεμπομένους
704 4219 762 4270 ὲν
805 4220 871 4289 τῇ
928 4221 1124 4292 καρδίᾳ
1164 4220 1328 4274 αὑτοῦ
1380 4221 1677 4293 κτώμενος,
1709 4216 1866 4286 οὗτος

1976 4226 2161 4283 leinde
2200 4227 2329 4298 quia
2386 4230 2743 4286 ascensiones
2794 4228 2892 4287 Dei
2949 4230 3006 4286 in
3053 4230 3220 4289 corde
3263 4228 3546 4298 possidet;

264 4306 482 4377 ἀληθῶς
532 4312 819 4380 μακάριος,
850 4312 879 4363 ὁ
925 4311 1018 4365 καὶ
1042 4312 1132 4366 διὰ
1168 4314 1369 4377 παντὸς
1398 4314 1670 4369 κατοικῶν
1696 4317 1755 4368 ὲν
1782 4314 1861 4385 τῷ

1976 4320 2162 4394 quibus
2191 4321 2609 4378 ascensionihus
2640 4322 3027 4393 significantur
3055 4304 3417 4395 cogitationes
3446 4321 3547 4377 bo-

264 4400 402 4470 οἴκῳ
431 4400 525 4453 τοῦ
560 4400 717 4464 Θεοῦ,
744 4404 840 4455 καὶ
879 4402 1068 4476 ὥσπερ
1119 4405 1298 4477 ἱερεύς
1341 4423 1427 4471 τις
1476 4407 1617 4483 μόνῃ
1660 4412 1725 4479 τῇ
1770 4408 1862 4461 λοι-ρ

1976 4428 2065 4476 nae,
2091 4427 2212 4483 qua:
2239 4429 2304 4469 ex
2331 4412 2428 4469 Dei
2456 4424 2593 4469 nutu
2626 4415 2681 4468 in
2712 4416 3039 4477 memoriam
3074 4416 3195 4484 ejus
3225 4414 3318 4483 qui
3352 4414 3545 4469 beatus

264 4490 424 4561 τρείᾳ
453 4490 547 4542 τοῦ
574 4491 709 4544 Θεοῦ
746 4493 1052 4562 σχολάζων,
1080 4497 1173 4550 καὶ
1219 4498 1488 4570 μακάριος
1525 4493 1711 4562 οὗτος
1763 4502 1859 4555 ἀτε

1976 4505 2290 4574 medicatur
2318 4505 2626 4561 ascendunt
2654 4514 2710 4563 et
2740 4514 3063 4567 accurrunt.
3095 4505 3149 4559 id
3184 4520 3349 4575 porro
3386 4506 3545 4559 intel-

264 4581 486 4680 πρῶτον
516 4584 612 4680 μὲν
657 4585 1025 4658 ἀντιλήπιορα
1074 4588 1212 4660 έχων
1260 4590 1353 4644 τὸν
1392 4590 1525 4645 Θεὸν
1563 4591 1858 4663 βοηθοῦντα

1980 4597 2117 4667 igas,
2163 4597 2212 4653 si
2257 4597 2387 4653 huic
2430 4598 2577 4654 dicto
2629 4599 2889 4658 conferas
2916 4599 3052 4653 illud
3076 4599 3120 4631 ’⁸
3150 4618 3162 4653 :
3192 4597 3326 4653 Cum
3368 4613 3545 4659 perse-

261 4671 433 4740 αῦτῷ,
475 4672 567 4723 καὶ
599 4673 1129 4746 ἀντιλαμϐανόμενον
1172 4681 1229 4731 ἐν
1280 4680 1483 4745 πάσαις
1528 4683 1689 4735 αὑτοῦ
1737 4685 1857 4745 ταῖς

1976 4697 2183 4757 tuentur
2220 4706 2308 4743 vos
2354 4700 2406 4745 et
2441 4689 2704 4751 adducent
2736 4692 2792 4745 in
2828 4690 3077 4755 concilia,
3110 4691 3272 4745 nolite
3313 4692 3546 4761 cogitare

260 4760 559 4832 πράξεσιν’
588 4763 778 4818 ἔπειτα
813 4768 1149 4837 κεκτημένος
1174 4770 1468 4836 ἀναϐάσεις
1507 4773 1641 4837 Θεοῦ
1687 4776 1746 4828 ὲν
1785 4776 1851 4847 τῇ

1976 4784 2217 4853 ιιιοηιοιίο
2267 4796 2362 4839 aut
2405 4787 2532 4855 quid
2582 4787 2919 4856 loquamini:
2950 4785 3168 4840 dabitur
3217 4760 3544 4840 enimioobis

261 4852 461 4924 καρδίᾳ
492 4855 656 4908 αὐτοῦ
679 4873 692 4886 ·
721 4858 959 4926 ἀγαθοὺς
995 4858 1053 4911 δὲ
1094 4859 1385 4933 λογισμοὺς
1418 4865 1772 4934 σημαίνουσιν
1798 4869 1854 4921 αἰ

1976 4891 2131 4929 sermo
2158 4876 2213 4929 in
2248 4880 2516 4944 apertione
2547 4880 2656 4939 oris
2702 4880 2859 4933 vestri
2882 4880 2949 4935 ’³.
2980 4877 3102 4933 Νοη
3134 4880 3273 4933 enim
3300 4896 3387 4933 ros
3415 4880 3542 4933 estis

260 4945 559 5010 ἀναϐάσεις
588 4949 683 5002 καὶ
710 4949 920 5019 ἀγαθὰς
943 4951 1270 5024 ἐνθυμήσεις
1289 4956 1390 5019 τὰς
1416 4956 1556 5011 κατά
1581 4958 1723 5015 Θεοῦ
1742 4960 1859 5030 βου.

257 5035 357 5107 λὴν
388 5038 644 5102 ἀνιούσας
680 5041 774 5094 καὶ
812 5043 1215 5114 ἀνατρεχούσας
1247 5047 1339 5099 ἐπὶ
1370 5045 1468 5117 τὴν
1494 5048 1716 5120 μνήμην
1762 5051 1855 5105 τοῦ

260 5129 725 5199 μακαριζομένου.
752 5133 984 5205 Νοήσεις
1005 5138 1060 5189 δὲ
1084 5136 1241 5189 τοῦτο
1262 5138 1528 5209 παραθεὶς
1551 5140 1612 5193 τό
1633 5158 1642 5168 ·
1675 5141 1850 5195 Ὅταν

254 5216 554 5272 διώκωσιν
581 5220 733 5290 ὑμᾶς
764 5225 865 5280 καὶ
896 5224 1122 5295 ἄγωσιν
1158 5230 1245 5293 εἰς
1269 5228 1577 5298 συνέδρια,
1616 5232 1703 5302 μὴ
1740 5252 1848 5303 με-

1958 4970 2049 5040 qui
2090 4968 2401 5040 loquimini,
2455 4972 2545 5031 sed
2585 4972 2817 5042 Spiritus
2869 4972 3055 5028 Patris
3108 4976 3299 5037 vestri,
3353 4975 3444 5044 qui
3487 4975 3540 5027 in

1962 5058 2106 5112 caelis
2130 5070 2229 5123 est,
2271 5062 2361 5130 qui
2394 5062 2628 5133 loquitur
2660 5064 2712 5117 in
2752 5064 2917 5120 vobis.
2948 5063 3083 5120 Nam
3122 5066 3170 5120 is
3197 5065 3250 5118 in
3277 5081 3387 5135 quo
3419 5064 3542 5134 Spi-

1960 5150 2101 5206 ritus
2137 5150 2233 5207 Dei
2279 5154 2540 5224 loquitur,
2589 5156 2643 5209 in
2668 5155 2834 5211 corde
2865 5158 3222 5212 ascensiones
3275 5155 3366 5211 Dei
3397 5155 3540 5209 obti-

1955 5250 2071 5296 net.
2108 5241 2260 5298 Unde
2290 5247 2485 5300 merito
2511 5247 2706 5303 beatus
2734 5249 3083 5319 praidicatur.
3118 5250 3169 5305 ls
3200 5250 3317 5319 ipse
3340 5249 3395 5302 in
3419 5248 3540 5300 loco

243 5310 588 5417 ,οιανήσητε
631 5329 758 5381 πως
802 5314 841 5383 ἢ
886 5319 943 5370 τί
979 5318 1321 5389 λαλήσητε-ς’
1377 5320 1697 5393 δοθήσεται
1738 5327 1849 5396 γὰρ

1976 5333 2135 5399 letus,
2174 5336 2225 5391 id
2244 5345 2350 5402 est,
2393 5338 2452 5393 in
2485 5339 2609 5394 loco
2643 5348 2884 5406 terreno,
2924 5341 3020 5397 Dei
3051 5349 3441 5397 testamentum
3485 5348 3540 5394 et

248 5403 399 5467 ὑμῖν
425 5403 459 5453 ὀ
480 5403 664 5470 λόγος
683 5404 753 5457 ἐν
777 5406 1003 5472 ἀνοίξει
1054 5410 1160 5464 τοῦ
1209 5414 1506 5481 στόματος
1538 5413 1723 5484 ὑμῶν.
1764 5421 1846 5472 Οὐ

1976 5424 2169 5496 :loquia
2199 5431 2323 5500 ejus
2351 5446 2453 5487 ceu
2484 5431 2758 5504 legatione
2780 5434 3015 5505 fungens
3044 5435 3330 5503 disposuit.

403 5495 571 5608 ὑαῖῖς
585 5498 751 5608 fore
781 5503 834 5608 oi
870 5504 1231 5608 ἑανίοῦντεςέ
1487 5509 1555 5608 τό
1602 5512 1845 5583 Πνεῦμα
1880 5520 1987 5575 τοῦ
2026 5495 2257 5594 Πατρός
2284 5527 2451 5597 ὑμῶν
2481 5495 2588 5585 τοῦ
2615 5531 2686 5584 ἐν
2713 5495 2993 5601 οὐρανοῖς
3033 5532 3099 5585 τὸ
3130 5495 3140 5503 Ι
3172 5531 3410 5586 λαλοῦν
3469 5530 3539 5585 ἐν

577 5589 756 5703 εξεγάρ
782 5593 1093 5703 τῖΡνεῧξξ
1131 5600 1245 5703 τοῦ.
1265 5597 1400 5703 Θξοῦ
1450 5603 1617 5703 λαλεῖ,
1647 5607 1838 5663 τούτου
1876 5589 2170 5685 ἀναϐάσεις
2210 5589 2346 5676 Θεοῦ
2374 5625 2434 5679 ὲν
2471 5625 2670 5699 καρδίᾳ
2724 5589 2890 5681 αῦτοῦ
2924 5589 3217 5696 γίγνονται.
3243 5626 3335 5680 Διὸ
3394 5626 3540 5679 εἰκόη

400 5681 796 5792 “ﬁgat”.
821 5681 989 5792 0????
1031 5689 1086 5743 δὲ
1126 5692 1289 5792 “imi-5
1329 5696 1385 5747 ἐν
1425 5695 1715 5792 τξῖδχωρίῳ
1750 5701 1845 5756 τοῦ
1885 5681 2255 5783 κλαυθμῶνος,
2284 5681 2562 5775 τουτέστιν
2589 5681 2654 5775 δέ
2670 5719 2749 5791 τῷ
2800 5681 3065 5792 περιγειίῳ
3092 5719 3242 5792 τόπῳ
3279 5720 3383 5792 τὴν
3436 5719 3551 5785 τοῦ.

249 5772 387 5826 θεοῦ
411 5776 685 5848 Διοιθήπην
714 5780 806 5832 καὶ
832 5782 898 5835 τὰ
926 5782 1083 5851 λόγια
1111 5785 1272 5841 αὑτοῦ
1295 5790 1613 5860 πρεσϐεύων
1636 5794 1917 5858 διέθετο..
2059 5772 2072 5783 “
2213 5772 2253 5783 ”
2430 5772 2461 5773 ”
2520 5772 2551 5775 “
2600 5772 2637 5775 "
2684 5772 2693 5773 ί
2719 5773 2733 5791 ο
2871 5772 2885 5792 ο

324 5890 370 5926 ’⁸
410 5890 597 5953 Matth.
637 5910 702 5961 κ,
742 5896 827 5965 l9,
861 5899 950 5953 20.
1028 5904 1073 5935 ³³
1115 5902 1312 5976 Ephcs.
1353 5923 1437 5973 vr,
1474 5908 1561 5973 19.
