4004 6546
558 460 692 517 1011

629 559 736 635 Pro
773 577 863 634 illo
908 587 1085 633 autem
1109 621 1121 642 ,
1163 578 1429 646 Disposuit
1485 581 1536 635 in
1562 581 1697 636 valle
1729 583 2122 653 lacrymarum,
2155 589 2199 645 Α

559 669 919 740 Symmachus
948 675 1028 724 sic
1049 669 1230 733 habet,
1256 670 1616 741 Prwgrediens
1647 674 1832 728 vallem
1858 673 2124 742 plorabat.

560 759 657 815 llic
692 775 854 830 porro
889 777 984 830 per
1005 762 1196 816 vallem
1223 763 1608 834 lacrymarum,
1635 766 1928 820 humanam
1958 767 2126 820 vitam

557 859 786 914 indicari
824 851 1082 924 diximus,
1141 875 1301 929 quam
1339 861 1384 915 is
1413 862 1505 932 qui
1558 861 1751 917 beatus
1801 862 2127 933 praedicatur

557 949 930 1019 pertransiens
949 957 1002 1006 et
1038 957 1425 1007 transcurrens
1449 952 1606 1022 quasi
1628 953 1834 1007 advena
1852 954 2125 1024 quispiam

554 1047 609 1093 et
639 1040 980 1110 peregrinus,
1013 1039 1257 1095 caelestis
1289 1040 1479 1111 patriae
1521 1057 1707 1098 amore
1735 1042 1993 1114 ﬂagrans,
2031 1043 2129 1100 ﬂe-

550 1129 702 1183 tibus
759 1129 1125 1200 lacrymisque
1163 1131 1557 1186 beatitudinem
1605 1133 1951 1203 parientibus
2004 1151 2127 1192 sese

555 1228 814 1287 macerat,
851 1221 1149 1275 secundum
1187 1222 1354 1288 illud,
1393 1223 1548 1277 Beati
1571 1224 1662 1294 qui
1686 1224 1862 1295 lugent
1885 1226 1950 1282 ³⁰.
1981 1225 2130 1295 Qua-

552 1309 622 1364 lis
653 1319 770 1362 erat
797 1307 998 1365 Paulus
1043 1312 1134 1382 qui
1166 1311 1294 1366 talia
1328 1312 1476 1366 fatur
1507 1333 1520 1369 :
1555 1313 1670 1369 Nos
1719 1317 1809 1386 qui
1851 1334 2032 1372 sumus
2071 1318 2129 1374 in

555 1403 918 1468 tabernaculo,
968 1407 1359 1476 ingemiscimus
1389 1409 1599 1478 gravati
1631 1408 1696 1462 ³¹.
1729 1408 1835 1464 Pro
1886 1410 1980 1464 illo
2025 1427 2127 1465 au-

553 1495 774 1560 tem,ln
805 1497 917 1551 loco
958 1514 1110 1568 quem
1155 1500 1351 1567 posuit,
1399 1498 1616 1570 Aquila,
1668 1500 1891 1556 Fontem
1937 1511 2129 1572 ponent

550 1604 702 1652 eam;
738 1587 1099 1660 Symmachus
1131 1606 1282 1656 vero,
1339 1589 1484 1645 Fons
1533 1591 1885 1649 ordinabitur.
1930 1593 2124 1660 Quem,

549 1679 749 1749 inquit,
783 1679 987 1734 fontem
1039 1686 1263 1751 ponent,
1309 1681 1419 1736 nisi
1475 1683 1668 1738 vallem
1727 1685 2129 1756 lacrymarum?

551 1770 752 1826 Totum
782 1781 960 1825 autem
1003 1773 1182 1826 locum
1205 1772 1284 1826 sic
1312 1770 1507 1842 Aquila
1531 1773 1920 1844 interpretatur
1953 1792 1967 1829 :
1993 1775 2126 1830 Per-

553 1872 883 1918 transeunles
911 1867 964 1918 in
991 1864 1127 1918 valle
1150 1865 1323 1923 fletus.
1355 1866 1549 1924 fontem
1581 1877 1771 1936 ponent
1823 1885 1960 1924 eam.
2027 1868 2125 1925 His

1296 461 1566 518 EUSEBll
1597 463 2076 521 CAESARIENSIS
2115 463 2265 522 OPP.
2308 462 2488 519 PARS
2514 461 3095 520 [IL-EXEGETICA.

3621 466 3726 523 lOl2

2311 581 2454 634 Ἀντὶ
2472 580 2527 634 δὲ
2549 579 2641 632 τοῦ
2658 621 2671 643 ,
2695 579 2920 634 Διέθετο
2945 581 3030 644 εἰς
3051 576 3166 644 τὴν
3189 575 3431 630 κοιλάδα
3451 575 3544 629 τοῦ
3565 583 3727 634 slave

2222 675 2441 744 μῶκος.
2456 677 2484 727 6
2497 675 2566 727 Σύ
2576 695 2613 745 μ
2619 674 2788 744 μαχός
2804 689 2957 742 φησι,
2979 670 3318 740 Προοδεύων
3336 670 3562 724 κοιλάδα
3575 674 3726 725 ἐκκαι-

2228 785 2315 822 εν.
2355 766 2590 820 Κοιλάδα
2614 766 2670 818 δὲ
2706 763 3053 834 κλαυθμῶνος
3083 765 3140 816 ὲν
3166 761 3370 824 τούτοις
3397 762 3483 814 τὸν
3511 763 3727 830 ἀνθρώπι-

2214 863 2316 913 ’νον
2339 858 2546 928 ἔφαμεν
2567 854 2855 928 δηλοῦσθαι
2879 854 3012 925 βίον,
3037 854 3096 907 ὃν
3115 854 3144 905 6
3173 854 3578 925 μακαριζόμενος
3599 873 3728 925 παφ-

2225 947 2394 1002 δεύων
2424 947 2518 1002 καὶ
2548 946 2903 1018 παρατρέχων
2925 985 2940 1009 ,
2974 943 3164 1015 ὥσπερ
3179 961 3261 1008 τις
3283 945 3527 1015 πάροικος
3550 946 3627 997 καὶ
3656 962 3730 998 πα-

2229 1041 2558 1113 ρεπίδημος,
2598 1039 2695 1109 τὴν
2735 1037 3056 1109 ἐπουράνιον
3100 1034 3292 1090 ἑαυτοῦ
3325 1035 3544 1108 πατρίδα
3575 1037 3730 1102 ποθῶν,

2226 1133 2558 1203 ἀποκλᾴεται
2607 1129 2882 1200 κλαυθμὸν
2927 1126 3020 1182 τὸν
3077 1128 3461 1199 μακαριοποιὸν
3501 1127 3624 1182 κατὰ
3657 1132 3728 1184 τό·

2225 1223 2514 1294 Μακάριοι
2546 1227 2603 1278 οἱ
2643 1223 2978 1290 κλαίοντες.
3037 1215 3162 1285 υἷος
3205 1216 3272 1292 ἦν
3299 1222 3326 1274 6
3355 1219 3555 1284 Παῦλος
3571 1221 3732 1289 λέγων’

2237 1315 2428 1387 Ἡμεῖς
2449 1318 2507 1369 οἱ
2523 1314 2691 1381 ὄντες
2707 1314 2778 1368 ἐν
2800 1313 2878 1379 τῷ
2907 1311 3117 1378 σκήνει
3138 1309 3490 1381 στενάζομεν
3499 1312 3735 1381 βαρούμε-

2225 1427 2337 1464 νοι.
2381 1408 2523 1461 Ἀντὶ
2545 1406 2604 1460 δὲ
2625 1405 2718 1458 τοῦ
2739 1446 2753 1470 ,
2782 1407 2885 1470 Εῑς
2913 1403 3099 1457 τόπον
3125 1402 3198 1455 ὃν
3220 1401 3383 1456 ἔθετο
3402 1442 3416 1466 ,
3448 1404 3475 1455 6
3501 1403 3586 1472 μὲν
3620 1403 3737 1456 Ἀκύ-

2225 1501 2324 1565 λας
2353 1500 2506 1570 φησι,
2537 1497 2747 1568 Πηγὴν
2779 1495 3065 1562 θήσονται
3092 1493 3310 1561 αὐτήν·
3347 1495 3376 1547 6
3403 1495 3458 1547 δὲ
3481 1495 3734 1565 Σύμμαχος,

2228 1592 2395 1663 Πηγὴ
2421 1591 2677 1657 τάξεται.
2701 1589 2832 1642 Τίνα
2854 1588 2908 1641 δὲ
2931 1587 3118 1659 αὐτὴν,
3143 1588 3296 1658 φησὶ,
3319 1587 3496 1657 πηγὴν
3516 1585 3734 1657 θήσονται,

2227 1685 2259 1757 ἦ
2294 1683 2530 1755 δηλονότι
2560 1681 2656 1753 τὴν
2691 1681 2908 1736 κοιλάδα
2933 1679 3026 1733 τοῦ
3052 1679 3441 1751 κλαυθμῶνοςς
3475 1680 3615 1732 Ὄλον
3643 1682 3737 1748 γοῦν

2225 1777 2396 1840 οὕτως
2429 1775 2770 1848 ήρμήνευσεν
2801 1773 2829 1824 6
2863 1770 3095 1834 Ἀκύλας
3128 1769 3328 1824 εἰπών·
3370 1771 3736 1840 Παρερχόμετοοι

2225 1869 2296 1922 ἐν
2315 1865 2548 1922 κοιλάδι
2570 1865 2678 1919 τοῦ
2700 1862 3028 1933 κλαυθμοῦ,
3056 1860 3260 1932 πηγὴν
3278 1861 3554 1927 θήσονται
3575 1861 3735 1927 αὐτὴν.

551 1969 716 2024 porro
747 1954 1039 2025 signiﬁcat,
1089 1956 1327 2012 advenas
1356 1965 1410 2013 et
1443 1960 1762 2029 peregrinos
1800 1961 1856 2015 in
1909 1962 2010 2015 hac
2043 1962 2124 2016 vi-

2227 1961 2387 2032 Δηλοῖ
2425 1958 2482 2012 δὲ
2514 1956 2602 2011 διὰ
2631 1954 2866 2018 τούτων,
2900 1956 2975 2019 ὡς
3002 1956 3109 2028 ἄρα
3143 1957 3193 2009 οἱ
3222 1956 3473 2028 πάροικοι
3504 1955 3586 2009 καὶ
3612 1971 3738 2023 παρε-

550 2057 627 2113 ta,
659 2049 940 2102 hominum
972 2049 1168 2103 vallem
1194 2050 1248 2104 in
1282 2050 1483 2105 fontem
1515 2053 1811 2120 posituros,
1838 2055 1953 2110 sive
2007 2054 2126 2111 lon-

550 2149 659 2196 tcm
690 2141 1046 2197 ordinaturos
1076 2157 1200 2198 esse
1229 2159 1294 2197 ex
1352 2143 1702 2215 Symmacho,
1732 2146 1945 2218 hacque
1993 2165 2128 2207 voce

549 2232 790 2286 divinam
817 2233 1122 2287 doctrinam
1156 2235 1452 2305 appellant.
1486 2234 1634 2292 Fons
1658 2237 1861 2308 quippe
1875 2240 1999 2294 vitae
2029 2255 2127 2312 po-

549 2331 642 2378 tus
677 2324 1107 2382 immortalitatis
1138 2328 1191 2381 in
1233 2329 1373 2385 valle
1408 2329 1568 2387 ﬂetus
1601 2347 1631 2386 a
1667 2331 1761 2388 Dei
1790 2343 1845 2388 et
1891 2333 2128 2390 homini-

549 2415 656 2470 bus
691 2416 832 2485 apud
863 2416 1146 2470 hominum
1179 2434 1351 2489 genus
1392 2422 1768 2490 constituitur,
1818 2439 1914 2496 per
1947 2424 2125 2478 viviﬁ-

549 2521 673 2561 cam
715 2508 926 2564 scilicet
957 2519 1010 2564 et
1055 2509 1200 2578 piam
1241 2511 1576 2577 doctrinam,
1630 2530 1795 2585 quam
1850 2531 1975 2570 cum
2019 2515 2126 2588 ipsi

550 2596 822 2662 adierunt,
854 2606 970 2652 tum
1005 2599 1129 2656 aliis
1161 2616 1259 2670 per
1287 2602 1491 2670 scripta
1519 2617 1618 2657 sua
1671 2604 2033 2674 reliquerunt.
2055 2633 2125 2646 --

549 2685 720 2744 Vens.
752 2688 804 2744 8.
834 2687 904 2744 lis
934 2705 1063 2745 vero
1111 2690 1244 2761 ipsis
1294 2691 1351 2746 in
1400 2693 1767 2765 lacrymarnin
1814 2695 2125 2751 mercedem

549 2780 996 2852 condignumque
1047 2780 1309 2850 fructum,
1372 2783 1807 2842 benedictionem
1861 2787 2126 2857 rependet

550 2872 794 2943 ipsorum
825 2873 1126 2943 legislator.
1167 2874 1506 2940 Quibusnam
1533 2876 1968 2934 benedictionem
2020 2881 2125 2934 im-

549 2965 771 3035 pertiet,
799 2965 906 3021 nisi
937 2965 1005 3022 iis
1033 2965 1124 3035 qui
1179 2967 1234 3020 in
1272 2966 1376 3022 hac
1439 2968 1576 3023 valle
1629 2969 1887 3042 lacrymis
1930 2970 2122 3041 dediti,

550 3057 755 3112 fontem
788 3058 842 3111 in
875 3057 966 3111 illa
1001 3058 1322 3127 posuerint?
1374 3057 1479 3114 Pro
1511 3060 1605 3114 illo
1637 3068 1841 3126 autem,
1894 3063 2122 3134 legisla-

550 3157 666 3212 tor;
702 3149 921 3218 Aquila,
976 3149 1307 3211 matutinus;
1365 3147 1727 3220 Symmachus
1768 3169 1919 3215 vero,
1978 3171 2125 3208 com-

547 3250 900 3305 monstrator,
930 3241 1101 3306 dixit;
1141 3241 1327 3310 quinta
1357 3249 1536 3296 autem
1562 3243 1752 3310 editio,
1789 3247 1894 3310 Qui
1920 3247 2123 3300 illumi-

525 3342 676 3399 καί,
709 3332 815 3385 alia
841 3332 967 3385 item
1001 3331 1251 3400 quaedam
1287 3337 1441 3385 sexta
1489 3330 1679 3396 editio,
1708 3333 1814 3400 Qui
1841 3334 2010 3391 docet.
2044 3337 2126 3391 lla

550 3431 610 3476 ut
639 3439 704 3478 ex
737 3422 994 3477 omnibus
1023 3422 1263 3476 salutare
1289 3419 1527 3476 Verbum
1579 3423 1834 3492 indicari,
1863 3427 2125 3482 subintel-

550 3515 719 3585 ligere
741 3513 923 3568 liceat.
957 3513 1076 3584 Ipse
1104 3527 1342 3584 namque
1385 3520 1470 3569 est
1497 3515 1798 3587 legislator,
1848 3517 2126 3574 illumina-

549 3614 658 3674 tor,
696 3606 908 3671 doctor,
965 3606 1216 3678 idemque
1262 3607 1566 3664 matutinus
1614 3618 1668 3664 et
1717 3619 2124 3667 commonstra-

546 3709 675 3770 tor;
706 3703 1008 3758 secundum
1036 3703 1280 3772 singulas
1313 3702 1576 3756 virtutum
1625 3717 1850 3758 suarum
1883 3706 2123 3762 rationes

549 3792 637 3848 his
666 3807 802 3848 usus
827 3793 1132 3849 vocabulis.
1163 3792 1210 3846 A
1243 3808 1352 3864 quo
1384 3792 1821 3850 benedictionem
1855 3797 1999 3850 nacti
2027 3797 2122 3866 qui

549 3883 606 3937 in
643 3883 785 3938 valle
814 3883 1211 3955 lacrymamur,
1241 3884 1420 3948 ibunt,
1451 3884 1557 3940 iter
1588 3900 1748 3941 suum
1774 3886 2121 3956 perﬁcientes

546 3988 612 4028 ac
644 3974 696 4028 in
730 3973 848 4029 dies
877 3975 1117 4029 roborali
1142 3993 1156 4040 ;
1186 3975 1260 4028 ita
1292 3983 1351 4029 ut
1379 3990 1593 4046 semper
1623 3975 1937 4047 proﬁciant,
1971 3988 2026 4034 et
2053 3995 2120 4034 ex

545 4064 746 4119 minori
777 4064 831 4119 in
860 4065 1123 4135 majorem
1151 4067 1408 4122 virtutem
1441 4069 1729 4136 accedant,
1758 4077 1813 4125 et
1872 4085 1903 4125 a
1949 4072 2122 4143 gloria

547 4156 603 4210 in
627 4156 878 4225 gloriam,
911 4165 973 4212 ut
1021 4160 1099 4212 ait
1144 4159 1364 4216 divinus
1414 4162 1710 4231 Apostolus
1742 4177 1757 4214 :
1792 4161 1859 4217 In
1887 4165 2122 4219 eamdem

545 4251 830 4318 imaginem
855 4250 1230 4320 transformati
1253 4269 1285 4304 α
1312 4253 1485 4322 gloria
1514 4255 1567 4307 in
1597 4254 1821 4324 gloriam
1851 4255 1915 4308 ³¹.
1943 4255 2124 4321 Quare

547 4339 914 4411 Symmachus
937 4342 1018 4396 sic
1066 4344 1457 4414 interpretatus
1487 4353 1614 4400 est:
1652 4345 1762 4400 Iter
1818 4348 2011 4415 facient
2057 4365 2122 4402 ea:

545 4431 737 4484 uirtute
761 4431 818 4485 in
839 4432 1106 4488 uirtutem.

617 4627 783 4684 Vens.
815 4629 867 4683 9.
918 4628 1191 4684 Videbitur
1220 4629 1361 4684 Deus
1413 4628 1633 4684 deorum
1667 4629 1719 4682 in
1753 4627 1900 4683 Sion.
1936 4629 2122 4684 Domi-
2155 4659 2199 4713 υ

544 4737 607 4775 ne
631 4721 772 4776 Deus
798 4722 1074 4788 virtutum,
1107 4722 1304 4777 exaudi
1335 4724 1629 4776 orationem
1665 4739 1869 4785 meam;
1902 4724 2123 4778 auribus

548 4811 777 4880 percipe,
800 4809 944 4864 Deus
966 4810 1154 4866 Iacob.
1185 4810 1481 4882 Postquam
1525 4810 1759 4877 dixerat,
1795 4812 2126 4867 Benedictio-

543 4918 662 4956 nem
709 4900 861 4956 dabit
917 4905 1210 4974 legislator,
1268 4905 1516 4975 apposite
1563 4905 1722 4960 docet
1770 4921 1878 4976 qua
1911 4907 2125 4962 ratione

542 4991 894 5046 versantibus
925 4992 979 5047 in
1005 4994 1143 5049 valle
1191 4994 1506 5050 hominibus
1533 4994 1970 5050 benedictionem
2026 4996 2119 5050 da-

541 5090 704 5137 turus
735 5083 827 5138 sit.
872 5084 992 5150 Quo
1025 5093 1186 5156 pacto
1222 5086 1395 5151 dabit,
1428 5087 1535 5142 nisi
1583 5087 1840 5158 dignatus
1871 5090 1926 5144 in
1974 5097 2121 5146 terra

543 5177 837 5246 conspici?
865 5177 1174 5232 Admodum
1198 5187 1619 5249 consequenter,
1653 5182 1984 5238 vaticinatus
2014 5192 2125 5238 tor-

543 5267 752 5322 cularia
785 5266 878 5323 Dei
909 5285 1006 5339 per
1037 5276 1211 5324 totum
1235 5270 1424 5324 orbem
1458 5270 1627 5325 multa
1659 5271 1842 5328 futura
1865 5291 2010 5340 esse,
2035 5283 2123 5328 ta-

543 5360 841 5416 bernacula
872 5361 998 5416 item
1030 5363 1209 5432 plura,
1235 5361 1373 5414 atria
1399 5376 1622 5432 quoque
1648 5372 1703 5419 et
1731 5366 1925 5421 altaria
1956 5381 2122 5436 quam

542 5453 800 5524 plurima,
825 5469 1048 5509 causam
1081 5453 1239 5506 all'ert
1263 5468 1363 5507 cur
1383 5452 1501 5506 haec
1522 5456 1704 5510 omnia
1738 5456 1793 5516 in
1823 5465 1970 5513 terra
1991 5473 2124 5513 con-

543 5546 821 5602 stituenda
855 5547 988 5602 sint.
1031 5546 1309 5613 ;Qua:nam
1341 5562 1506 5619 porro
1557 5550 1630 5605 sit
1679 5551 1794 5618 illa,
1829 5552 1991 5608 docet
2037 5553 2124 5609 his

540 5639 726 5696 verbis
755 5656 770 5694 :
801 5637 1077 5694 Videbitur
1108 5638 1251 5694 Deus
1287 5639 1505 5695 deorum
1536 5642 1592 5696 in
1624 5641 1789 5709 Sion;
1828 5645 2121 5700 adventum

543 5727 638 5785 Dei
667 5730 736 5786 ad
762 5731 1014 5787 homines
1060 5739 1116 5787 et
1145 5742 1502 5804 conspectum
1538 5734 1660 5806 ejus
1703 5744 1893 5812 aperte
1940 5737 2125 5793 decla-

620 5888 665 5919 ³⁴³
706 5888 895 5941 Matth.
932 5906 985 5953 ν,
1021 5890 1072 5944 5.

2226 2053 2352 2124 πίδη
2362 2069 2452 2124 μοι
2478 2052 2535 2105 ὲν
2554 2051 2634 2123 τῷ
2665 2051 2765 2122 βίῳ
2793 2049 2966 2119 τούτῳ
2995 2048 3092 2119 τὴν
3123 2046 3229 2100 τῶν
3259 2045 3552 2118 ἀνθρώπων
3572 2045 3739 2098 κοιλάδι

2224 2145 2408 2216 πηγὴν
2430 2143 2654 2214 θήσουσι
2681 2183 2696 2208 ,
2719 2142 2751 2213 ἢ
2773 2141 2993 2208 τάξουσι
3011 2139 3194 2211 πηγὴν
3223 2138 3367 2192 κατὰ.
3381 2137 3469 2190 τὸν
3485 2137 3738 2207 Σύμμαχον,

2222 2237 2321 2309 τὴν
2336 2236 2515 2290 ἔνθεον
2533 2234 2875 2290 διδασκαλίαν
2894 2232 3082 2286 τοῦτον
3100 2231 3458 2302 ὀνομάσαντες
3475 2229 3556 2282 τὸν
3572 2229 3738 2298 τρόπον.

2223 2329 2382 2401 Πηγὴ
2407 2327 2515 2400 γὰρ
2540 2327 2684 2398 ζωῆς
2707 2326 2800 2380 καὶ
2826 2326 2986 2379 ποτὸν
3003 2323 3304 2388 ἀθανασίας
3323 2325 3382 2378 ὲν
3397 2325 3463 2395 τῇ
3485 2321 3660 2376 κοιλάδι
3677 2319 3740 2371 το]

2224 2421 2579 2492 κλαυθμῶνος
2598 2418 2677 2490 τῷ
2695 2418 2804 2472 τῶν
2826 2417 2922 2472 ἀνθ
2929 2417 3126 2490 ρώπων
3153 2417 3252 2488 βίῳ
3273 2416 3647 2484 καταϐέϐληται
3667 2413 3743 2465 ὑπὸ

2222 2511 2330 2564 τῶν
2356 2511 2451 2564 τοῦ
2482 2509 2617 2563 Θεοῦ
2647 2506 2948 2582 ἀνθρώπων
2973 2507 3060 2561 διὰ
3085 2507 3185 2578 τῆς
3209 2503 3474 2572 ζωοποιοῦ
3502 2505 3586 2558 καὶ
3610 2504 3743 2556 θεοσε-

2224 2601 2353 2666 ϐοῦς
2395 2600 2774 2665 διδασκαλίας,
2828 2601 2895 2672 ἢν
2930 2599 3084 2652 αὐτοὶ
3120 2597 3387 2670 μετῆλθον
3409 2639 3424 2663 ,
3469 2599 3555 2650 καὶ
3585 2595 3743 2666 ἑτέροις

2228 2693 2682 2749 καταλελοίπασιν
2713 2695 2770 2746 ὲν
2798 2694 2914 2756 ταῖς
2949 2689 3158 2745 ἑαυτῶν
3183 2693 3449 2763 γραφαῖς.
3495 2687 3682 2749 Τούτοις
3703 2684 3743 2736 δὲ

2223 2786 2428 2848 αὐτοῖς,
2453 2785 2637 2854 φησὶν,
2665 2782 2915 2851 εὐλογίας
2937 2782 3126 2854 μισθὸν
3147 2781 3242 2835 τοῦ
3266 2779 3537 2852 κλαυθμοῦ
3559 2779 3637 2832 καὶ
3655 2793 3744 2846 καρ-

2223 2878 2323 2932 πὸν
2346 2877 2565 2942 ἐπάξιον
2585 2875 2744 2929 δώσει
2769 2877 2797 2930 6
2816 2875 3113 2947 νομοθέτης
3139 2875 3344 2929 αὐτῶν.
3371 2875 3492 2927 Τίσι
3514 2872 3567 2926 δὲ
3587 2870 3743 2929 τούτοις

2222 2967 2382 3021 δώσει
2408 2967 2506 3032 τὰς
2526 2966 2796 3035 εὐλογίας,
2824 2966 2857 3037 ἢ
2884 2965 3121 3033 δηλονότι
3147 2967 3262 3028 τοῖς
3282 2966 3342 3018 ὲν
3365 2967 3433 3036 τῇ
3463 2961 3644 3018 κοιλάδι
3657 2959 3746 3013 τεύ-

2222 3077 2292 3131 τῃ
2313 3058 2741 3131 ἁποκλᾳομένοις
2771 3058 2865 3111 καὶ
2890 3058 3071 3129 πηγὴν
3099 3059 3155 3110 ὲν
3184 3058 3323 3128 αὐτῇ
3351 3057 3611 3128 θεμένοις
3640 3051 3745 3106 Ἀντί

2224 3153 2280 3205 δὲ
2305 3152 2420 3218 τοῦ,
2454 3155 2487 3206 ό
2518 3152 2874 3222 νομοθετῶν,
2899 3155 2926 3206 6
2957 3153 3052 3223 μὲν
3080 3151 3334 3216 Ἀκύλας,
3365 3151 3622 3220 πρὼτμος,
3651 3145 3746 3199 ὠνό-

2230 3255 2422 3309 μασεν,
2455 3239 2484 3290 6
2511 3239 2568 3292 δὲ
2599 3239 2912 3311 Σύμμαχος,
2949 3243 2982 3293 ὁ
3012 3238 3406 3308 ὑποδείκτης·
3433 3242 3466 3310 ἡ
3493 3239 3544 3291 δὲ
3576 3236 3746 3306 πέμπτη

2230 3329 2457 3395 ἐκδοσις,
2491 3333 2524 3384 ὀ
2541 3330 2830 3399 φωτίζων
2857 3329 2991 3402 ἄλλη
3022 3331 3078 3384 δέ
3107 3349 3189 3394 τις
3215 3332 3370 3402 παρὰ
3402 3330 3564 3383 ταῦτα
3591 3327 3747 3386 ἔκδοσις

2231 3423 2362 3495 ἕκτη
2382 3463 2397 3488 ,
2442 3425 2475 3478 o'
2505 3422 2836 3476 διδάσκων·
2869 3421 3007 3476 ὥστε
3037 3422 3096 3488 ἐξ
3130 3422 3389 3477 ἁπάντων
3424 3423 3511 3475 τὸν
3539 3420 3746 3488 σωτήριον

2230 3514 2386 3583 λόγον
2415 3515 2682 3569 ὑπονοεῖν.
2732 3513 2902 3578 Αὐτὸς
2925 3515 3033 3585 γάρ
3062 3516 3207 3568 ἐστιν
3232 3516 3261 3568 6
3283 3513 3603 3585 νομοθετῶνο
3626 3507 3744 3568 om

2230 3607 2323 3660 ua).
2343 3609 2371 3660 6
2400 3607 2647 3675 φωτίζων
2675 3606 2770 3660 καὶ
2789 3609 2818 3661 6
2840 3606 3105 3660 διδάσκων
3123 3624 3137 3636 υ
3167 3606 3332 3670 αὐτὸς
3363 3606 3457 3660 καὶ
3480 3606 3508 3658 6
3532 3602 3744 3675 πρὼῖμοςι

2229 3697 2391 3762 αὐτὸς
2423 3698 2516 3752 καὶ
2544 3699 2573 3750 6
2602 3697 2925 3770 ύποδείκτης
2945 3737 2962 3762 ,
3002 3697 3126 3751 καθ’
3156 3698 3396 3768 ἑκάστην
3433 3695 3648 3750 ἐπίνοιαν

2230 3787 2288 3840 ὲν
2307 3785 2454 3858 αὐτῷ
2468 3787 2746 3858 δυνάμεων
2766 3787 2988 3851 ταύταις
3009 3785 3288 3858 χρώμενος
3306 3790 3430 3849 ταῖς
3451 3781 3745 3851 ἐπωνυμίαις.

2230 3879 2359 3950 παρ’
2400 3872 2461 3933 οὗ
2499 3880 2549 3932 οί
2584 3880 2642 3933 ἐν
2687 3881 2754 3951 τῇ
2797 3878 3003 3933 κοιλάδι
3050 3878 3363 3944 κλαίοντες,
3419 3873 3746 3948 μεταλαϐόντες

2229 3971 2497 4041 εὐλογίας,
2520 3971 2876 4045 πορεύσονται
2894 3970 2992 4043 τὴν
3010 3970 3217 4024 ἑαυτῶν
3237 3970 3465 4042 πορείαν
3482 3967 3746 4023 διανύοντες,

2226 4063 2320 4116 καὶ
2347 4063 2739 4135 δυναμούμενοι
2766 4063 3065 4135 ὁσημέραιο
3095 4063 3169 4126 ὡς
3209 4063 3298 4116 ἀεὶ
3337 4063 3644 4135 προκόπτειν
3662 4059 3746 4109 ἐπι-

2227 4155 2424 4209 διδόναι
2445 4157 2508 4208 ὲκ
2531 4155 2813 4226 δυνάμεως
2839 4154 3175 4226 βραχυτέρας
3197 4157 3290 4208 ἐπὶ
3313 4156 3538 4225 δύναμιν
3559 4148 3746 4223 μείζονας

2228 4245 2320 4297 καὶ
2345 4244 2453 4298 ἀπὸ
2481 4245 2638 4317 δόξης
2667 4247 2746 4309 εἰς
2773 4243 2947 4310 δόξαν,
2976 4244 3052 4307 ὥς
3081 4263 3244 4315 φησιν
3275 4248 3304 4298 ὁ
3332 4247 3474 4310 θεῖος
3490 4239 3748 4298 Ἀπόστολος

2228 4335 2400 4404 λέγων
2422 4373 2440 4401 ,
2473 4335 2589 4403 τὴν
2625 4335 2818 4403 αὐτὴν
2859 4337 3063 4389 εἰκόνα
3103 4338 3639 4406 μεταμ-ορερούμενοι
3662 4325 3749 4384 ἀπὸ

2226 4427 2410 4496 δόξης
2436 4431 2523 4494 εἰς
2546 4427 2756 4493 δόξαν.
2794 4427 2955 4482 ’Ὅθεν
2985 4427 3078 4482 καὶ
3099 4430 3127 4481 6
3153 4427 3446 4499 Σύμμαχος
3468 4426 3750 4498 ήρμὴνευσεν

2226 4520 2394 4574 εἰπών
2413 4539 2426 4551 ο
2469 4521 2856 4575 Ὀδεύσουσιν
2880 4521 2948 4575 ἐκ
2977 4522 3283 4590 δυνάμεως
3310 4525 3401 4588 εἱς
3427 4521 3672 4587 δύναμιν.

2306 4632 2652 4703 Ὀφθήσεται
2688 4637 2720 4687 ό
2754 4634 2897 4700 Θεὸς
2929 4632 3046 4686 τῶν
3092 4633 3242 4688 θεῶν
3270 4635 3341 4686 ἐν
3379 4631 3546 4686 Σιών.
3599 4627 3748 4693 Κύριε,

2234 4729 2266 4780 ό
2295 4725 2437 4791 Θεὸς
2464 4725 2580 4778 τῶν
2601 4725 2930 4795 δυνάμεων,
2953 4727 3316 4780 εἰσάκουσον
3336 4725 3447 4794 τῆς
3464 4718 3752 4793 προσευχῆς

2226 4835 2375 4886 μου,
2409 4818 2683 4870 ἐνώτισαι
2705 4859 2719 4882 ,
2753 4821 2785 4872 ό
2815 4817 2959 4884 Θεὸς
2998 4817 3208 4871 Ἰακώϐ.
3257 4816 3474 4882 Εἰπὼν,
3508 4811 3750 4879 Εὺλσγίας

2229 4906 2407 4961 δώσει
2437 4911 2470 4962 ό
2498 4907 2852 4978 νομοθετῶν,
2882 4909 3188 4975 ἀκολούθως
3210 4908 3453 4962 διδάσκει
3475 4910 3608 4970 ὅπως
3632 4903 3750 4956 δώσει

2228 5004 2340 5063 τοῖς
2373 5001 2430 5053 ὲν
2459 5003 2524 5071 τῇ
2560 5001 2765 5054 κοιλάδι
2792 5002 2890 5066 τὰς
2915 5002 3184 5071 εὐλογίας.
3211 5003 3337 5066 Πῶς
3369 5000 3482 5066 οὖν,
3513 5000 3647 5071 φησὶ,
3675 4991 3749 5048 δώ-

2231 5109 2333 5157 σει,
2362 5092 2475 5146 άλλ’
2505 5093 2537 5163 ἢ
2568 5092 2909 5158 καταξιώσας
2933 5093 3161 5166 ὀφθῆναι
3190 5095 3282 5148 ἐπὶ
3308 5095 3410 5165 τῆς
3440 5094 3538 5164 γῆς
3557 5110 3570 5156 ;
3590 5085 3750 5158 Σφόδρα

2229 5183 2285 5236 δὲ
2319 5184 2624 5247 ἀκολούθως
2653 5184 2914 5248 θεσπίσας
2941 5185 2969 5237 6
2989 5184 3144 5255 λόγος
3171 5184 3364 5256 ληνοὺς
3386 5184 3520 5237 Θεοῦ
3548 5179 3748 5234 πλείστας

2232 5276 2446 5348 μέλλειν
2474 5276 2690 5334 ἔσεσθαι
2713 5279 2833 5332 καθ’
2854 5278 2982 5350 ὅλης
3013 5277 3332 5349 οἰκουμένης
3353 5277 3447 5331 καὶ
3474 5271 3748 5345 σκηνώματι

2231 5366 2458 5420 πλεῖστα
2485 5367 2578 5421 καὶ
2600 5368 2770 5433 αὐλὰς
2791 5369 3026 5433 πλείους,
3055 5369 3148 5423 καί
3177 5359 3532 5438 θυσιαστήρια
3552 5363 3746 5415 πλεῖσταν

2230 5462 2423 5530 ἐπάγει
2452 5460 2550 5534 τὴν
2573 5461 2774 5526 αἰτίαν,
2795 5463 2863 5516 δι’
2885 5462 2951 5535 ἢν
2976 5461 3173 5535 ἤμελλε
3195 5462 3364 5517 ταῦτα
3391 5460 3560 5513 πάντα
3582 5454 3658 5508 ἐπὶ
3675 5449 3748 5517 τῆῖ

2228 5551 2599 5606 συνίστασθαι.
2634 5551 2730 5617 Τίς
2757 5552 2815 5606 δὲ
2846 5548 2914 5625 ἦν
2941 5555 2974 5626 ἡ
3005 5552 3153 5608 αίτία
3178 5552 3417 5606 διδάσκει
3438 5550 3628 5618 λέγων’
3663 5544 3748 5607 Ὸὲν

2227 5644 2472 5711 θήσεται
2501 5649 2535 5700 ό
2561 5646 2706 5711 Θεὸς
2732 5647 2850 5700 τῶν
2897 5645 3047 5702 θεῶν
3076 5647 3147 5701 ἐν
3173 5648 3347 5703 Σιών·
3384 5643 3563 5714 σαφῶς
3587 5651 3729 5708 παραυ

2228 5756 2260 5790 σ
2267 5739 2348 5793 ίαν
2379 5740 2458 5803 εἰς
2495 5738 2812 5812 ἀνθρώπους
2841 5741 2976 5795 Θεοῦ
3009 5740 3104 5795 καὶ
3133 5741 3437 5814 φανέριιισιν
3463 5734 3619 5794 αὑτοῦ
3637 5726 3746 5782 διδά-

1152 5891 1192 5923 ³¹
1237 5889 1278 5943 ΙΙ
1306 5889 1436 5948 Cor.
1471 5909 1523 5958 ν,
1563 5893 1616 5950 4.
1696 5894 1738 5926 ³¹
1779 5890 2098 5957 11(Ζοι’.ιιι.
2139 5893 2223 5951 l8.
