4004 6534
272 422 414 480 1015

1449 419 1948 478 COMMENTARIA
1991 420 2057 476 IN
2087 422 2423 479 PSALMOS.

3388 410 3531 467 10M

270 541 577 621 σκων.Θεὸς
599 542 655 596 66
678 542 815 597 θεῶν
838 542 867 595 6
888 540 981 599 τοῦ
1002 539 1136 595 Θεοῦ
1161 541 1333 610 Λόγος
1354 540 1689 612 ὠνόμασται,
1713 557 1856 593 νοου-

1960 561 2108 602 rans.
2145 544 2290 601 Deus
2316 550 2497 599 autem
2530 541 2759 597 deorum
2778 535 2875 593 Dei
2910 534 3149 591 Verbum
3170 538 3426 598 vocatur;
3448 532 3525 586 ita

275 636 450 706 μένων
473 635 602 705 ἡμῖν
620 635 758 687 θεῶν
778 633 886 687 τῶν
912 634 1195 705 μακαρίων
1217 633 1311 688 καὶ
1332 633 1594 703 θεοφιλῶν
1616 632 1848 704 ἀνδρῶν,

271 725 410 798 πρὸς
439 725 532 787 οὓς
562 726 590 777 6
622 725 776 793 λόγος
802 724 894 777 τοῦ
928 724 1063 777 Θεοῦ
1090 723 1305 792 ἐγένετο
1325 745 1336 755 ·
1373 719 1453 787 οἷς
1479 725 1569 778 καὶ
1592 724 1805 794 εἴρηται
1834 740 1850 755 ·

286 815 433 886 Ἐγὼ
464 810 669 868 εἷπον*
702 815 835 869 Θεοί
853 814 1022 867 ἐστε·
1054 815 1178 878 καὶ,
1224 813 1285 865 '0
1304 812 1447 878 Θεὸς
1475 813 1622 878 ἔστη
1648 812 1715 864 ἐν
1742 826 1854 864 συ-

270 904 507 976 ναγωγῇ
526 902 695 959 θεῶν’
720 904 837 969 καὶ,
862 903 1006 970 Θεὸς
1039 903 1189 958 θεῶν
1210 904 1424 971 Κύριος
1443 903 1729 969 ἐλάλησε,
1755 902 1853 954 καὶ

269 997 525 1053 ἐκάλεσε
546 995 663 1064 τὴν
681 994 817 1065 τῆν.
847 995 957 1049 Καὶ
976 995 1084 1067 γὰρ
1106 995 1163 1048 ἐν
1186 994 1396 1058 τούτοις
1418 994 1549 1057 Θεὸς,
1578 992 1714 1046 θεῶν
1734 991 1855 1045 οὐδὲ

272 1092 430 1155 ἄλλος
463 1091 496 1161 ἢ
530 1090 687 1161 μόνος
716 1090 745 1141 6
764 1090 821 1143 6v
854 1089 995 1159 ἀρχῇ
1028 1088 1165 1159 πρὸς
1192 1089 1284 1143 τὸν
1308 1087 1440 1141 Θεὸν
1468 1088 1639 1156 Λόγος
1663 1084 1856 1155 ἀνηγό-

274 1202 465 1256 ρευται
484 1199 498 1212 ’
545 1186 574 1237 ό
604 1182 668 1254 δὴ
701 1183 795 1235 καὶ⁵
838 1181 993 1245 θεοὺς
1021 1182 1217 1246 αὐτοὺς
1251 1181 1339 1235 διὰ
1368 1182 1467 1252 τῆς
1494 1179 1658 1233 αὐτοῦ
1687 1196 1853 1249 χορη-

271 1278 398 1345 γίας
440 1276 534 1329 καὶ
582 1274 813 1344 μετοχῆς
858 1272 953 1327 τοῦ
993 1272 1158 1328 αὑτοῦ
1186 1272 1504 1344 Πνεύματος
1533 1269 1852 1342 ἀπεργασά-

274 1385 457 1439 μενος.
517 1365 686 1428 Θεοὺς
723 1363 831 1436 γὰρ
861 1359 1001 1418 εἷναί
1031 1382 1195 1436 φησιν
1224 1364 1465 1428 ἐκείνους
1483 1405 1498 1429 ,
1545 1364 1681 1435 πρὸς
1708 1361 1800 1425 οὓς
1826 1362 1856 1415 6

271 1460 446 1528 Λόγος
506 1456 600 1511 τοῦ
630 1454 764 1510 Θεοῦ
791 1457 1028 1526 ἐγένετο.
1076 1457 1237 1528 Ἑξῆς
1269 1456 1313 1509 δ’
1343 1450 1435 1511 οὖν
1478 1456 1573 1510 καὶ
1597 1451 1857 1525 ὀνομαστὶ

271 1551 368 1604 τοῦ
402 1550 638 1621 Χριστοῦ
674 1548 1035 1622 μνημονεύει,
1067 1547 1241 1617 λέγων
1273 1547 1333 1600 ἐν
1362 1545 1530 1617 εὐχῇ·
1587 1544 1699 1599 Καὶ
1724 1544 1873 1598 ἐπι-λ

274 1646 507 1713 ϐλεψον
536 1643 637 1697 ἐπὶ
659 1644 729 1698 τὸ
754 1643 1078 1711 πρόσωπον
1105 1640 1213 1697 τοῦ
1237 1639 1497 1710 Χριστοῦ
1529 1652 1665 1693 σου.
1709 1639 1857 1691 Ἀντι

271 1736 330 1788 66
367 1733 496 1799 τοῦ,
539 1733 896 1804 ὀφθήσεται
928 1736 961 1787 ὁ
1001 1732 1147 1799 Θεὸς
1186 1731 1308 1785 τῶν
1335 1728 1485 1785 θεῶν
1512 1729 1582 1784 ὲν
1608 1728 1794 1794 Σιὼν,
1828 1729 1873 1781 ὸ

286 1826 516 1888 Ἀκύλας
536 1825 720 1897 φησιν,
769 1824 1119 1894 Ὀφθήσεται
1151 1821 1399 1893 ἰσχυρὸς
1423 1820 1566 1887 Θεὸς
1585 1820 1655 1874 ἐν
1682 1818 1854 1875 Σιών.

272 1919 371 1984 Τίς
404 1921 450 1974 δ’
483 1920 549 1975 ἂν
586 1920 672 1990 εῐη
700 1910 853 1981 οὗτος
887 1917 916 1969 6
966 1913 1171 1987 μέλλων
1210 1912 1403 1985 ὁρατὸς
1437 1913 1531 1967 καλ⁹
1559 1910 1858 1984 ὀφθαλμοῖς
1888 1901 1931 1957 Β

272 2012 463 2077 θεατὸς
492 2012 708 2066 ἔσεσθαι
726 2050 741 2075 ,
766 2010 1009 2064 διδάσκει
1035 2006 1237 2079 προῖὼν
1262 2006 1357 2059 καὶ
1376 2005 1552 2075 λέγων
1572 2023 1584 2036 ·
1628 2005 1856 2059 Ἐνώτι-

270 2122 379 2159 σαι
400 2144 416 2168 ,
449 2107 481 2157 d
516 2104 661 2169 Θεὸς
703 2100 929 2157 Ἰακώϐ.
968 2093 1138 2163 Οὗτος
1170 2098 1278 2170 γὰρ
1306 2094 1374 2169 ῆν
1400 2098 1563 2161 αὐτὸς
1598 2100 1802 2161 ἐκεῖνος
1828 2098 1859 2150 6

270 2193 369 2246 τοῦ
395 2193 530 2247 Θεοῦ
558 2194 751 2262 Λόγος,
778 2194 806 2245 6
837 2191 1002 2245 πάλαι
1026 2191 1119 2244 καὶ
1144 2189 1222 2258 τῷ
1263 2187 1458 2242 Ἰακὼϐ
1482 2190 1540 2242 ἐν
1566 2187 1855 2260 ἀνθρώπου

273 2285 517 2355 σχήματι
537 2284 743 2354 ὀφθεὶς,
766 2284 942 2355 φήσας
969 2300 1027 2335 τε
1057 2282 1195 2353 πρὸς
1218 2280 1380 2334 αὐτόν
1401 2296 1412 2308 ·
1448 2282 1572 2334 Οὐκ
1600 2283 1687 2336 ἑτι
1712 2284 1865 2347 πλη-ν

271 2374 520 2444 θήσεται
548 2374 614 2427 τὸ
639 2372 823 2443 ὄνομά
841 2389 956 2426 σου
995 2370 1217 2435 Ἰακὼϐ,
1244 2369 1381 2424 ἀλλ’
1418 2368 1665 2437 Ἰσραὴλ
1687 2368 1859 2424 ἔσται

273 2466 341 2525 τὸ
363 2464 547 2535 ὄνομά
570 2478 688 2519 σου
706 2481 718 2493 ’
744 2464 833 2516 ὅτι
854 2463 1193 2531 ἐνίσχυσας
1210 2462 1361 2531 μετὰ
1385 2460 1554 2523 Θεοῦ,
1583 2459 1681 2513 καὶ
1706 2459 1858 2529 μετὰ

271 2557 599 2627 ἀνθρώπων
614 2557 895 2623 δυνατός.
930 2557 1043 2625 Ἐφ’
1058 2548 1103 2623 ᾧ
1124 2556 1217 2608 καὶ
1236 2554 1263 2606 6
1286 2553 1555 2625 θεοφιλὴς,
1576 2551 1857 2607 συναισθό-

277 2668 435 2723 μενος
460 2650 551 2704 τοῦ
575 2649 1006 2722 χρηματίζοντος
1049 2646 1213 2701 αὐτοῦ
1259 2644 1396 2701 Θεοῦ
1444 2662 1579 2716 φησι
1612 2661 1625 2674 ·
1677 2639 1859 2700 Εἶδον

275 2742 427 2798 Θεὸν
457 2744 781 2812 πρόσωπον
808 2741 959 2809 πρὸς
996 2741 1320 2808 πρόσωπον
1338 2778 1353 2802 ,
1382 2736 1477 2793 καὶ
1510 2735 1707 2802 ἐσώθη
1738 2752 1856 2804 μου

280 2835 325 2903 ἡ
340 2834 529 2904 ψυχή.
556 2834 727 2897 Αὐτὸς
749 2828 841 2888 οὖν
862 2834 1067 2895 ἐκεῖνος
1086 2834 1114 2885 ὁ
1139 2830 1270 2894 Θεὸς
1289 2831 1317 2882 ὁ
1342 2828 1422 2900 τῷ
1456 2828 1650 2882 Ἰακὼϐ
1672 2828 1858 2896 ὀφθεὶς

274 2925 433 2990 αὖθις
470 2927 789 2999 ὀφθήσεται,
816 2926 999 2997 φησιν,
1034 2926 1092 2978 ἐν
1124 2922 1285 2989 Σιὼν,
1312 2922 1609 2993 διαρρήδην
1638 2920 1735 2991 τῆς
1764 2918 1858 2971 τοῦ

275 3020 412 3074 Θεοῦ
438 3020 614 3089 Λόγου
647 3022 727 3083 εἰς
747 3016 1063 3090 ἀνθρώπους
1094 3013 1411 3084 ἐπιφανείας
1443 3012 1629 3067 τοῦτον
1661 3027 1862 3081 σημαι-

276 3112 511 3182 νομὲνης
536 3112 629 3166 τὸν
658 3111 878 3182 τρόπον.
932 3108 1106 3164 Αὑτὸν
1137 3107 1202 3179 δὴ
1243 3102 1341 3160 οῦν
1381 3104 1567 3168 τοῦτον
1606 3104 1703 3157 τὸν.
1727 3102 1861 3155 Θεὸν

1956 644 2015 690 ιιι
2046 636 2381 707 intelligatur
2414 636 2548 691 deos
2576 650 2721 699 esse,
2746 634 2935 689 beatos
2963 642 3017 685 et
3039 626 3324 699 religiosos
3351 624 3523 687 viros,

1955 728 2023 782 ad
2054 744 2193 798 quos
2224 728 2427 782 factum
2457 736 2544 782 est
2574 726 2813 782 Verbum
2854 723 2946 778 Dei
2980 741 2993 777 :
3029 721 3228 791 quibus
3258 718 3418 774 etiam
3442 716 3527 770 di-

1954 829 2100 873 ctum
2125 829 2230 883 εει,
2269 818 2376 889 Ego
2405 818 2541 883 dixi,
2575 818 2665 872 Dii
2692 818 2819 880 estis
2854 815 2935 880 ³³;
2990 820 3066 879 ει,
3099 812 3240 866 Deus
3277 808 3423 863 stetit
3471 806 3528 859 in

1956 929 2227 985 synagoga
2256 912 2473 967 deorum
2506 911 2582 978 ³⁶;
2606 921 2680 974 ει,
2712 909 2851 963 Deus
2904 906 3121 962 deorum
3153 901 3411 957 Dominus
3449 898 3530 951 lo—

1956 1014 2107 1059 cutus
2137 1014 2237 1068 est,
2272 1013 2323 1057 et
2374 1003 2573 1057 vocavit
2607 1011 2804 1055 terram
2839 998 2907 1053 ³⁸.
2931 995 2991 1051 ln
3039 994 3127 1050 his
3154 1006 3390 1061 namque
3419 1003 3531 1043 non

1956 1098 2097 1153 alius
2121 1095 2263 1152 Deus
2302 1095 2528 1151 deorum
2558 1102 2785 1150 vocatus
2824 1098 2931 1155 est,
2960 1103 3123 1161 quam
3168 1086 3217 1143 is
3252 1084 3405 1140 solus
3435 1081 3531 1152 qui

1958 1189 2014 1243 in
2050 1189 2320 1258 principio
2357 1185 2591 1242 Verbum
2616 1193 2733 1240 erat
2755 1183 2900 1253 apud
2936 1180 3103 1235 Deum
3136 1194 3153 1230 ι
3202 1175 3298 1248 qui
3321 1173 3533 1230 scilicet

1957 1294 2183 1334 munere
2207 1293 2308 1334 suo
2346 1286 2401 1333 et
2418 1277 2667 1347 ejusdem
2699 1274 2940 1347 Spiritus
2964 1268 3380 1342 participatione
3400 1265 3532 1320 deos

1959 1371 2085 1427 illos
2138 1368 2339 1428 eﬂecit.
2363 1370 2505 1425 Deos
2535 1383 2773 1438 namque
2799 1366 2925 1421 illos
2956 1378 3080 1419 esse
3106 1360 3263 1423 dicit,
3292 1358 3362 1413 ad
3392 1370 3533 1427 quos

1959 1479 2143 1521 sermo
2164 1462 2263 1519 Dei
2294 1462 2476 1519 factus
2502 1471 2611 1519 est.
2652 1459 2860 1516 Deinde
2888 1472 3027 1512 vero
3042 1453 3322 1509 Christum
3353 1448 3535 1505 nomi—

1957 1557 2134 1612 natim
2184 1563 2454 1613 memorat
2480 1555 2537 1610 in
2566 1553 2818 1611 oratione
2866 1550 3080 1625 dicetis,
3126 1545 3191 1600 Et
3227 1544 3425 1614 respice
3478 1540 3535 1593 in

1960 1650 2153 1720 faciem
2182 1649 2385 1706 Christi
2414 1650 2511 1704 tui.
2552 1646 2660 1703 Pro
2688 1646 2782 1701 illo
2810 1653 3017 1708 autem,
3070 1638 3340 1695 Videbitur
3390 1634 3533 1689 Deus

1960 1744 2179 1799 deorum
2224 1743 2279 1797 in
2306 1741 2458 1805 Sion,
2491 1739 2686 1810 Aquila
2716 1738 2809 1795 sic
2836 1736 3024 1799 habet,
3065 1730 3341 1787 Videbitur
3377 1728 3534 1798 fortis

1961 1837 2105 1891 Deus
2133 1836 2189 1889 in
2219 1833 2370 1889 Sion.
2423 1832 2696 1899 Quisnam.
2721 1844 2862 1885 vero.
2908 1828 2985 1883 sit
3016 1827 3128 1889 ille,
3162 1824 3257 1895 qui
3296 1820 3536 1877 visibilis

1958 1925 2246 1995 oculisque
2298 1921 2618 1993 spectabilis
2650 1919 2871 1975 futurus
2905 1927 3010 1983 est,
3044 1914 3242 1971 deinde
3292 1912 3538 1967 declarat

1958 2018 2063 2072 hoc
2108 2016 2270 2071 modo
2300 2030 2313 2067 :
2346 2014 2578 2069 Auribus
2615 2013 2844 2083 percipe,
2882 2012 3023 2065 Deus
3054 2007 3241 2062 Iacob.
3276 2004 3412 2060 Nam
3447 2002 3539 2059 hic

1959 2110 2079 2180 ipse
2107 2117 2226 2165 erat
2252 2107 2347 2163 Dei
2368 2106 2630 2172 Verbum,
2655 2106 2748 2175 qui
2771 2104 2901 2160 olim
2928 2101 3133 2157 Iacobo
3148 2098 3386 2154 hominis
3411 2112 3536 2166 spe-

1958 2203 2043 2258 cie
2071 2201 2247 2266 visus,
2280 2201 2362 2256 sic
2405 2215 2530 2255 cum
2561 2198 2758 2254 allatus
2787 2206 2873 2255 est
2902 2216 2915 2253 :
2944 2194 3068 2249 Non
3092 2194 3236 2247 ultra
3266 2190 3537 2246 vocabitur

1959 2309 2146 2347 nomen
2178 2302 2327 2346 tuum
2374 2289 2584 2355 Iacob;
2631 2290 2722 2346 sed
2756 2289 2930 2343 Israel
2950 2289 3051 2343 erit
3106 2302 3293 2341 nomen
3343 2294 3535 2338 tuum:

1958 2388 2084 2459 quia
2115 2387 2271 2456 fortis
2295 2386 2447 2457 fuisti
2478 2401 2597 2440 cum
2620 2383 2755 2449 Deo,
2795 2392 2846 2438 et
2884 2398 3004 2436 cum
3034 2377 3333 2434 hominibus
3355 2388 3536 2446 potens

1957 2482 2062 2535 eris
2096 2480 2162 2535 ³⁸.
2194 2478 2375 2545 Quare
2404 2477 2489 2533 vir
2523 2478 2624 2532 ille
2662 2475 2977 2547 religiosus,
3007 2488 3133 2528 cum
3168 2469 3540 2542 persentisce-

1960 2581 2044 2626 ret
2068 2588 2193 2627 eum
2226 2572 2319 2641 qui
2353 2570 2528 2642 ipsius
2562 2568 2706 2624 Deus
2746 2578 2993 2631 vocatur,
3052 2565 3129 2619 ait
3161 2580 3183 2615 εΔ
3213 2562 3333 2616 Vidi
3372 2561 3540 2614 Deum

1960 2667 2098 2736 facie
2119 2664 2188 2718 ad
2212 2664 2424 2733 faciem,
2449 2673 2499 2718 et
2533 2661 2685 2716 salva
2714 2660 2861 2730 facta
2892 2668 2971 2713 est
3012 2657 3194 2711 anima
3224 2671 3341 2708 mea
3386 2653 3452 2707 ³⁷.
3487 2650 3540 2708 Is

1961 2759 2079 2828 ipse
2106 2757 2272 2820 Deus,
2306 2754 2508 2826 inquit,
2543 2754 2640 2824 qui
2667 2751 2875 2807 Iacobo
2908 2749 3062 2805 visus
3086 2756 3191 2813 est,
3227 2760 3424 2801 rursus
3450 2744 3538 2798 vi-

1961 2849 2180 2904 debitur
2206 2848 2263 2902 in
2306 2846 2462 2911 Sion,
2493 2845 2591 2901 Dei
2616 2844 2781 2899 Verbi
2828 2842 3120 2897 adventum
3176 2839 3233 2893 in
3285 2836 3541 2893 homines

1962 2938 2116 2993 hisce
2145 2937 2432 2992 manifeste
2452 2935 2765 2990 declarans.
2795 2931 2953 2986 Hune
2978 2930 3147 2985 Deum
3178 2926 3353 2982 Jacob
3384 2926 3541 2981 invo-

1962 3046 2117 3093 cans,
2149 3028 2444 3084 adventum
2470 3036 2748 3081 maturare
2772 3040 2932 3081 suum
2958 3030 3133 3094 rogat.
3165 3019 3419 3075 —Vsns.
3444 3018 3536 3076 10.

1960 3119 2455 3187 Protectornoster,
2500 3119 2699 3189 aspice,
2732 3116 2897 3171 Deus.
2953 3115 3232 3180 Quosnam
3291 3110 3541 3181 aspicere

290 3205 486 3260 Ἰακὼϐ
534 3202 999 3274 ἐπικαλούμενος,
1045 3198 1378 3254 ἐπισπεῦσαι
1411 3198 1511 3269 τὴν
1558 3195 1858 3268 παρουσίαν

1964 3221 2142 3282 rogat,
2172 3211 2279 3268 nisi
2302 3226 2399 3267 eos
2426 3210 2523 3281 qui
2555 3210 2612 3265 in
2660 3209 2800 3264 valle
2831 3208 3195 3278 lacrymarum
3244 3203 3540 3259 afﬂictione

273 3298 441 3352 αὑτοῦ
478 3297 729 3352 ἱκετεύει.
776 3292 1228 3363 ’Υπερασπιστὰ
1258 3290 1448 3361 ἡμῶν,
1482 3289 1591 3355 ὶδὲ,
1624 3292 1657 3343 ό
1690 3289 1855 3355 Θεός.

273 3390 441 3454 Τίνας
478 3390 536 3443 δέ
583 3406 745 3460 φησιν
789 3388 894 3452 ἰδὲ,
928 3387 1042 3440 ἀλλ’
1081 3386 1115 3457 ἢ
1161 3386 1287 3449 τοὺς
1330 3385 1389 3437 ἐν
1431 3385 1495 3454 τῇ
1526 3381 1733 3437 κοιλάδι
1764 3378 1859 3434 τοῦ

272 3481 631 3552 κλαυθμῶνος
673 3480 1217 3550 καταπονουμένουςς
1277 3476 1549 3545 Ἐπιλέγει
1593 3476 1652 3529 66
1698 3475 1861 3545 ἐξῆςο

272 3574 384 3630 Kal
406 3574 738 3642 ἐπίϐλεψον
757 3571 856 3627 ἐπὶ
878 3571 941 3625 τὸ
966 3572 1291 3640 πρόσωπον
1310 3570 1418 3623 τοῦ
1439 3569 1695 3637 Χριστοῦ
1719 3585 1857 3633 σου,

274 3667 564 3737 εὐχόμενος
590 3666 907 3736 ἐπιταχῆναι
932 3665 1030 3735 τὴν
1052 3664 1145 3717 τοῦ
1165 3662 1299 3716 Θεοῦ
1323 3662 1497 3731 Λόγου
1524 3662 1604 3724 εἰς
1622 3660 1712 3713 τὸν
1732 3662 1861 3731 Χριη

276 3756 402 3810 στὸν
428 3756 614 3822 αὑτοῦ,
640 3757 699 3809 ὃν
721 3758 785 3809 ἐκ
808 3756 1119 3830 σπέρματος
1144 3754 1306 3808 Δαυῒδ
1327 3753 1635 3816 ἐνεδύσατο,
1662 3770 1861 3826 παρου-

276 3849 419 3902 σίαν.
452 3849 541 3902 Διὸ
560 3849 698 3904 καὶὸ
730 3848 960 3913 Ἀκύλας
984 3849 1136 3920 φησι,
1160 3846 1342 3916 Θυρεὲ
1368 3846 1557 3916 ἡμῶν,
1590 3846 1701 3911 ῖδε,
1730 3846 1856 3910 Θεὲ,

273 3940 375 3993 καὶ
410 3941 780 4010 ἐπίστρεψον
808 3942 1132 4010 πρόσωπον
1162 3939 1526 4009 ὴλειμμένου
1554 3955 1671 3994 σου
1690 3956 1703 3969 ·
1739 3942 1769 3993 6
1800 3941 1859 3993 66

182 4054 185 4057 λ
274 4031 589 4103 Σύμμαχος,
620 4032 1079 4103 ’Υπερασπιστὰ
1097 4032 1296 4102 ἡμῶν,
1329 4032 1418 4087 ὶὸὲ
1439 4072 1454 4098 ,
1487 4035 1519 4087 ὀ
1548 4031 1725 4099 Θεὸς,
1756 4034 1857 4087 καὶ

273 4127 668 4194 πρόσϐλεψον
689 4128 757 4181 τὸ
786 4127 1111 4195 πρόσωπον
1130 4125 1237 4179 τοῦ
1263 4124 1521 4193 Χριστοῦ
1544 4140 1681 4179 σου.
1714 4123 1858 4177 Ταῦ-

272 4236 342 4271 τα
377 4218 433 4271 δὲ
476 4218 723 4289 εὔχονται
762 4222 809 4273 oi
838 4221 929 4273 τὸν
958 4219 1135 4272 πάντα
1162 4216 1377 4288 ψαλμὸν
1402 4216 1651 4283 λέγοντες
1670 4233 1683 4246 ·
1712 4207 1858 4268 οῦτοι

271 4311 331 4363 δὲ
369 4306 508 4381 ῆσαν
546 4313 596 4363 οἱ
637 4312 731 4365 τοῦ
760 4312 896 4366 Θεοῦ
936 4313 1246 4385 προφῆται,
1287 4311 1338 4363 οἱ
1368 4309 1722 4372 διασωθέντες
1746 4309 1858 4363 ἀπὸ

270 4400 383 4454 τῶν
412 4403 618 4472 νοητῶν
650 4403 925 4475 πολεμίων
944 4446 958 4469 ,
997 4405 1092 4457 καὶ
1134 4402 1524 4474 μεταϐαλόντες
1554 4402 1661 4454 ἀπὸ
1696 4402 1856 4455 πολέτ

275 4510 381 4564 μου
416 4495 496 4557 εἰς
533 4496 783 4567 εἰρήνην,
814 4496 883 4549 τά
911 4513 968 4548 τε
1007 4494 1341 4567 σκηνώματα
1371 4494 1465 4548 τοῦ
1504 4494 1642 4548 Θεοῦ
1669 4495 1857 4548 λοιπὸν

1962 3303 2327 3373 premuntur?
2365 3301 2573 3357 Deinde
2599 3315 2732 3355 vero
2784 3298 3099 3369 subjungit,
3131 3305 3181 3352 et
3236 3296 3433 3364 respice
3484 3294 3541 3346 in

1962 3394 2153 3464 faciem
2183 3391 2387 3447 Christi
2421 3392 2518 3455 tui,
2546 3406 2750 3461 rogans
2780 3388 2874 3445 Dei
2911 3387 3069 3443 Verbi
3122 3387 3417 3441 adventum
3472 3386 3540 3441 ad

1962 3486 2242 3542 Christum
2267 3500 2451 3548 suum,
2482 3498 2643 3553 quem
2678 3497 2744 3536 ex
2780 3480 2992 3535 semine
3022 3479 3191 3533 David
3220 3478 3417 3543 induit,
3450 3492 3543 3531 ac-

1961 3575 2208 3631 eelerari.
2235 3573 2600 3640 Quamobrem
2622 3571 2817 3642 Aquila
2838 3572 2919 3627 sic
2940 3570 3317 3640 habet,Clypee
3341 3578 3540 3635 noster,

1961 3665 2096 3728 vide,
2130 3664 2294 3731 Deus,
2322 3674 2369 3719 et
2421 3676 2659 3718 converte
2690 3664 2891 3717 vultum
2937 3664 3082 3715 uncti
3130 3662 3229 3715 tui.
3286 3660 3541 3732 Symma-

1960 3759 2099 3814 chus
2130 3775 2279 3822 vero,
2311 3758 2592 3812 Protector
2632 3766 2811 3812 noster
2853 3756 2987 3821 vide,
3039 3755 3203 3820 Deus,
3264 3766 3313 3808 et
3369 3754 3545 3823 aspice

1960 3852 2164 3906 vultum
2193 3849 2394 3905 Christi
2422 3851 2517 3904 tui.
2548 3849 2675 3905 Haec
2701 3842 2866 3920 porro
2896 3855 3189 3920 precantur
3237 3845 3298 3911 ii,
3328 3847 3423 3917 qui
3457 3853 3544 3899 to-

1960 3952 2074 3997 tum
2124 3944 2393 4012 psalmum
2444 3942 2806 4014 pronuntiant
2858 3940 2959 3995 :hi
3008 3944 3189 3994 autem
3232 3943 3391 3992 erant
3446 3935 3545 3991 Dei

1960 4036 2258 4106 prophetae,
2292 4035 2448 4105 quia
2476 4034 2862 4105 spiritualibus
2898 4032 3139 4089 inimicis
3189 4030 3393 4087 servati
3424 4028 3545 4084 fue-

1960 4134 2106 4191 rant,
2140 4132 2195 4181 et
2224 4142 2253 4179 a
2284 4126 2427 4181 bello
2448 4126 2516 4180 ad
2547 4142 2737 4195 pacem
2780 4126 3052 4192 translati,
3084 4124 3275 4179 divino
3326 4122 3547 4178 amante

1960 4218 2157 4288 spiritu
2185 4217 2538 4271 tabernacula
2562 4216 2655 4273 Dei
2710 4219 3133 4289 prOSpiciebant,
3181 4216 3449 4271 atriorum
3488 4219 3546 4269 et

1960 4309 2213 4364 altarium
2238 4309 2359 4380 ejus
2394 4309 2701 4379 percupidi.
2757 4311 2859 4377 Qui
2918 4312 3084 4365 etiam
3138 4310 3234 4365 Dei
3277 4308 3542 4374 Verbum,

1960 4417 2119 4455 suum
2144 4402 2200 4456 in
2222 4409 2472 4472 tempore
2494 4401 2621 4457 belli
2674 4410 3039 4471 protectorem
3096 4400 3329 4466 factum,
3382 4401 3546 4456 obse-

1960 4496 2307 4551 crantutad
2332 4495 2528 4551 faciem
2556 4495 2759 4549 Christi
2825 4495 2910 4551 sui
2970 4495 3254 4563 respiciat,
3313 4501 3372 4548 ut
3424 4495 3546 4563 ipso

270 4586 353 4656 τῷ
382 4586 511 4658 θείῳ
536 4587 814 4659 Πνεύματι
845 4588 1204 4660 προορῶντες,
1239 4588 1336 4643 καὶ
1370 4588 1466 4651 τὰς
1492 4587 1661 4652 αύλάς
1690 4588 1855 4642 αὐτοῦ

1963 4598 2259 4659 apparente
2304 4602 2368 4642 ac
2392 4586 2695 4649 Christum,
2722 4602 2789 4641 ex
2810 4585 3020 4641 semine
3044 4584 3216 4638 David
3241 4584 3544 4639 secundum

272 4679 460 4733 καὶτὰ
495 4680 851 4751 θυσιαστήρια
883 4680 1194 4742 ποθοῦντες.
1257 4680 1320 4733 Οἳ
1357 4679 1448 4733 καὶ
1478 4678 1857 4748 παρακαλοῦσι

1964 4695 2187 4735 carnem
2234 4686 2414 4732 ortum
2456 4686 2797 4739 assumente,
2852 4674 3015 4729 malis
3044 4673 3295 4745 pristinis
3352 4688 3545 4729 omnes

270 4772 365 4826 τὸν
411 4772 504 4827 τοῦ
533 4773 668 4827 Θεοῦ
691 4774 895 4843 Λόγον,
931 4773 1019 4826 τὸν
1064 4775 1121 4825 ὲν
1146 4772 1223 4843 τῷ
1258 4772 1432 4844 καιρῴ
1462 4771 1569 4823 τῶν
1603 4771 1858 4841 πολέμων

1965 4774 2296 4836 eximantur,
2332 4771 2725 4841 hominumque
2773 4786 2945 4842 genus
2969 4772 3110 4826 bona
3139 4783 3235 4839 per
3260 4766 3563 4823 Christum.

271 4864 692 4936 ύπερασπιστὴν
732 4866 910 4919 αὐτῶν
952 4866 1274 4935 γενόμενον,
1334 4863 1620 4932 ἐπιϐλέψαι
1654 4864 1744 4915 ἐπὶ
1789 4864 1854 4915 τὸ

1964 4866 2341 4919 nanciscatur.

268 4956 566 5026 πρόσωπον
592 4956 688 5011 τοῦ
714 4956 948 5029 Χριστοῦ
970 4955 1154 5016 αὐτοῦ.
1193 4956 1280 5019 ἵν’,
1308 4956 1661 5025 ἐπιφανέντος
1688 4955 1854 5008 αὑτοῦ
1893 4956 1987 5009 καὶ
2008 4956 2099 5010 τὸν
2132 4959 2196 5010 ἐκ
2220 4957 2530 5029 σπέρματος
2552 4956 2715 5011 Δαυῒδ
2732 4956 2871 5009 κατὰ
2930 4957 3108 5027 σάρκα
3130 4956 3362 5027 Χριστὸν
3417 4955 3560 5008 ἁνασ.

268 5047 561 5115 λαϐόντος,
604 5050 757 5115 λύσις
802 5051 899 5123 μὲν
935 5052 1160 5122 γένηται
1236 5050 1517 5123 προτέρων
1581 5050 1922 5117 κακῶν“τοῖς
1959 5056 2153 5120 πᾶσιν,
2187 5054 2368 5123 ἀγαθὰ
2395 5053 2452 5107 66
2484 5053 2571 5107 διὰ
2604 5053 2697 5107 τοῦ
2729 5054 2965 5126 Χριστοῦ
3000 5054 3061 5107 τὸ
3100 5053 3208 5107 τῶν
3240 5051 3560 5125 ἀνθρώπων.

267 5143 582 5214 διαδέξηται
614 5143 788 5213 γένος.

327 5259 458 5311 Ὀτι
476 5259 776 5327 κρείσσων
790 5258 980 5327 ἡμέρα
990 5259 1097 5329 μία
1111 5259 1181 5312 ἐν
1192 5258 1322 5325 ταῖς
1342 5258 1558 5325 αὐλαῖς
1570 5273 1686 5313 σου
1702 5258 1853 5329 ὑπὲρ

269 5349 571 5429 χιλιάδας.
601 5351 714 5422 Τῆς
742 5351 835 5405 τοῦ
863 5352 998 5405 Θεοῦ
1030 5351 1332 5424 παρουσίας
1357 5352 1456 5422 τὴν
1482 5352 1629 5423 μίαν,
1659 5352 1760 5422 τῆς
1786 5355 1850 5407 ἐκ

266 5442 482 5514 νεκρῶν
515 5443 863 5509 ἀναστάσεως
894 5446 1130 5516 ἡμέραν,
1168 5446 1301 5498 πολὺ
1336 5446 1570 5515 κρείττω
1598 5447 1852 5517 χιλιάδων

266 5536 367 5601 καὶ
398 5537 799 5610 προτιμοτέραν
822 5541 851 5593 6
881 5538 972 5593 τὸν
1002 5540 1249 5609 παρόντα
1271 5538 1486 5609 ψαλμὸν
1509 5540 1681 5609 λέγων
1706 5541 1852 5611 ἠγεῖ-

264 5646 379 5683 ται.
406 5629 744 5684 Αἰνὶττεσθαι
765 5631 821 5685 66
844 5630 1085 5703 ἡγοῦμαι
1106 5631 1191 5685 διά
1212 5632 1318 5685 τῶν
1339 5632 1591 5703 χιλιάδων
1611 5633 1701 5686 τὸν
1725 5634 1850 5706 χρό-

266 5739 362 5787 νον
387 5722 488 5793 τῆς
520 5725 827 5789 συστάσεως
854 5726 952 5798 τῆς
991 5725 1362 5799 Ἰερουσαλήμ.
1436 5728 1522 5779 Ἐν
1564 5727 1706 5790 ὅλοις
1740 5727 1849 5797 γὰρ

2031 5260 2303 5317 Venle.
2325 5261 2465 5327 Quia
2493 5260 2676 5313 melior
2700 5271 2775 5313 est
2804 5260 2914 5314 dies
2939 5277 3043 5313 una
3059 5262 3112 5313 in
3140 5262 3296 5313 atriis
3316 5261 3421 5313 tuis
3451 5276 3546 5314 su-

1956 5371 2049 5424 per
2071 5354 2264 5408 miltia.
2308 5352 2483 5409 Unam
2516 5352 2611 5409 Dei
2643 5353 2980 5425 praesentiae,
3036 5353 3089 5407 id
3122 5362 3241 5419 est,
3290 5367 3541 5407 resurre-

1958 5446 2158 5500 ctionis
2187 5462 2255 5501 ex
2283 5445 2515 5500 mortuis
2544 5444 2688 5500 diem
2711 5484 2725 5509 ,
2751 5445 2836 5499 vel
2869 5445 3109 5499 millibus
3143 5444 3337 5499 diebus
3364 5442 3553 5511 multo

1958 5542 2239 5596 meliorem
2272 5549 2325 5595 et
2356 5540 2806 5612 praestabiliorem
2846 5555 2968 5595 esse
3009 5537 3309 5603 arbitratur
3365 5537 3414 5592 is
3443 5538 3559 5607 qui.

1958 5634 2226 5704 psalmum
2259 5633 2406 5689 hunc
2436 5633 2664 5703 profert.
2702 5632 2800 5686 lllo
2847 5640 3028 5685 autem
3063 5629 3365 5685 millenario
3402 5618 3538 5700 puto

1957 5726 2295 5783 subindicari
2319 5736 2556 5797 tempus,
2582 5740 2692 5797 quo
2731 5721 3072 5795 Jerosolyma
3104 5722 3381 5780 substitit:
3408 5737 3548 5787 nam

345 5878 388 5912 ³³
428 5878 571 5943 Psal.
612 5896 806 5949 um,
840 5884 872 5937 6
971 5885 1015 5917 ³⁵
1056 5883 1224 5948 ibid.,
1270 5884 1315 5939 1.
1396 5886 1439 5919 ³⁸
1474 5882 1619 5941 Psal.
1660 5899 1821 5953 xu),

1990 5885 2032 5918 ³⁵
2067 5884 2200 5942 Cen.
2239 5898 2422 5953 xxxu,
2458 5883 2547 5940 28.
2629 5883 2674 5915 ³⁷
2716 5881 2845 5939 ibid.
2885 5882 2971 5937 50.
3034 5918 3039 5925 .
