4004 6540
549 406 690 467 1015

546 527 680 585 totis
721 526 867 581 mille
914 529 1073 579 annis
1120 526 1379 596 templum
1431 526 1551 595 ejus
1603 524 1851 593 duravit;
1902 523 2124 582 totidem

546 619 750 689 quippe
780 624 1139 672 numerantur
1170 631 1201 669 a
1247 618 1431 686 templi
1465 615 1778 672 Salomonis
1808 614 2126 671 fundatione

545 725 722 780 usque
762 708 830 764 ad
880 708 1180 764 Salvatoris
1217 710 1392 763 nostri
1431 709 1746 765 adventum.
1797 712 1947 775 Quos
1996 709 2125 763 item

540 799 777 855 indicari
819 808 952 870 puto
996 800 1050 853 in
1090 815 1291 854 Lxxxtx
1321 801 1572 870 psalmo,
1627 802 1720 869 qui
1764 800 2123 865 inscribitur,

546 889 737 946 Oratio
769 889 1011 961 Moysis;
1044 891 1098 945 in
1132 892 1491 962 sequentibus
1526 893 1728 963 quippe
1769 893 1884 947 haec
1914 892 2077 949 habet
2107 912 2119 947 :

547 984 811 1049 Quoniam
842 984 985 1038 mille
1014 986 1141 1037 anni
1166 996 1288 1038 ante
1317 986 1496 1041 oculos
1529 995 1645 1040 tuos
1666 1027 1681 1049 ,
1732 997 1983 1056 tanquam
2013 985 2123 1045 dies

542 1073 787 1128 hesterna
814 1091 931 1145 qua:
956 1077 1241 1143 prazteriit,
1281 1084 1328 1130 et
1360 1076 1603 1133 custodia
1633 1078 1685 1130 in
1714 1085 1883 1131 nocte.
1918 1076 2124 1145 Hujus-

541 1166 691 1220 modi
725 1168 908 1237 itaque
937 1166 1243 1222 millenario
1273 1168 1356 1222 vel
1392 1185 1498 1223 una
1537 1169 1657 1225 dies
1700 1167 2124 1224 resurrectionis

544 1256 847 1313 Salvatoris
878 1261 1051 1314 nostri
1086 1275 1152 1319 ex
1194 1262 1427 1316 mortuis
1458 1260 1823 1332 praeponenda
1844 1302 1859 1325 ,
1898 1268 1953 1314 et
1987 1275 2125 1335 pre-

544 1350 742 1405 tiosior
771 1351 961 1408 haberi
987 1351 1150 1409 debet
1215 1354 1265 1409 ei
1322 1354 1415 1424 qui
1450 1354 1695 1424 ejusdem
1738 1368 1925 1407 amore
1970 1352 2124 1407 duci—

543 1448 655 1497 tur.
689 1441 869 1507 Quare
898 1443 1193 1499 adventum
1216 1452 1490 1499 maturare
1516 1461 1676 1500 suum
1707 1451 1864 1514 rogat
1891 1443 2082 1498 dicens
2106 1462 2119 1497 :

542 1533 752 1601 Aspice,
790 1534 961 1599 Deus,
998 1545 1047 1590 et
1079 1537 1276 1605 respice
1307 1537 1362 1589 in
1394 1537 1587 1606 faciem
1615 1535 1817 1592 Christi
1850 1537 1959 1600 tui,
1992 1551 2124 1606 quo-

541 1625 687 1677 niam
718 1626 904 1680 melior
927 1636 1005 1681 cst
1041 1626 1151 1681 dies
1176 1643 1283 1681 una
1311 1629 1363 1683 in
1403 1629 1554 1683 atriis
1589 1630 1692 1683 tuis
1724 1643 1882 1697 super
1925 1626 2118 1691 millia.

539 1712 727 1785 Neque
758 1733 888 1771 vero
912 1719 1083 1772 millia
1140 1719 1229 1773 hic
1283 1719 1567 1789 pluraliter
1601 1718 1921 1789 accipienda
1969 1727 2120 1773 sunt.

538 1807 677 1859 Nam
716 1808 859 1878 apud
888 1808 1147 1866 Hebraeos
1178 1811 1291 1866 haec
1315 1827 1421 1866 vox
1446 1812 1734 1867 millenare
1758 1828 1926 1866 unum
1954 1812 2123 1883 signi-

538 1896 667 1951 licat
690 1938 706 1964 ,
758 1908 816 1956 ut
845 1902 1044 1972 cuique
1094 1902 1467 1958 consideranti
1503 1903 1682 1973 palam
1714 1903 1840 1959 erit.
1877 1902 1944 1957 Et
1991 1904 2121 1972 quia

538 1996 657 2052 dies
691 2010 798 2050 una
831 1995 883 2048 in
916 1994 1071 2051 atriis
1098 2011 1196 2065 per
1224 2002 1399 2050 totum
1427 1995 1614 2050 orbem
1646 1997 1700 2050 in
1732 1995 1971 2051 adventu
2003 1995 2120 2063 Dei,

538 2090 632 2159 qui
664 2088 1083 2159 praenuntiatur,
1124 2086 1364 2143 fundatis
1391 2128 1405 2151 ,
1449 2087 1797 2157 praestantior
1826 2093 1912 2141 est
1958 2086 2125 2140 milli-

536 2181 672 2248 bus;
711 2181 834 2236 ideo
874 2181 1129 2251 superius
1165 2197 1383 2252 quoque
1408 2180 1662 2237 dicebat:
1707 2179 2041 2249 Concupiscit
2071 2189 2122 2235 et

539 2272 720 2343 deﬁcit
746 2274 927 2327 anima
953 2290 1069 2325 mea
1099 2274 1153 2326 in
1192 2274 1336 2327 atria
1385 2271 1621 2328 Domini.
1659 2271 1726 2328 Et
1767 2288 1962 2328 rursus
1992 2272 2121 2343 quia

532 2364 648 2436 jam
673 2380 838 2434 supra
866 2365 1097 2428 dixerat,
1118 2365 1270 2419 Beati
1291 2366 1380 2432 qui
1402 2366 1643 2419 habitant
1669 2367 1725 2418 in
1752 2364 1909 2420 domo
1928 2374 2039 2430 tua,
2064 2365 2122 2419 in

535 2458 736 2511 swcula
759 2458 1073 2511 smculorum
1110 2439 1403 2511 laudabunt
1451 2469 1539 2512 te:
1589 2458 1676 2512 his
1710 2458 1866 2512 [idem
1914 2457 2121 2516 habens

535 2562 600 2603 ac
624 2562 815 2601 verum
839 2563 962 2602 esse
994 2548 1203 2602 dictum
1239 2549 1553 2618 hujusmodi
1586 2564 1881 2618 persuasus
1901 2586 1915 2611 ,
1956 2563 2020 2602 ea
2052 2548 2120 2602 de

536 2653 705 2694 causa
735 2640 858 2695 dico
887 2660 900 2695 :
937 2640 1086 2711 Elegi
1109 2640 1342 2709 abjectus
1371 2642 1557 2698 essein
1580 2641 1735 2695 domo
1759 2640 1856 2698 Dei
1882 2641 1984 2699 mei
2006 2657 2121 2694 ma-

534 2732 653 2802 gis;
688 2740 748 2785 ut
782 2732 837 2786 in
862 2732 1025 2787 domo
1056 2732 1148 2788 Dei
1182 2733 1496 2789 consistens
1551 2733 1607 2787 in
1658 2733 1858 2787 saecula
1892 2732 2120 2788 5330"].-

534 2839 660 2881 rum
696 2825 862 2880 Deum
907 2825 1132 2881 laudare
1171 2827 1401 2882 valeam.
1441 2825 1549 2881 Sed
1578 2826 1741 2889 etiam
1778 2826 1924 2882 sicut
1971 2826 2119 2881 diem

534 2931 701 2970 unam
725 2916 965 2973 millibus
992 2919 1220 2975 antetuli
1243 2959 1258 2983 ,
1292 2919 1365 2973 ita
1393 2926 1447 2974 et
1477 2918 1699 2979 domum
1726 2918 1841 2983 Dei,
1868 2933 1989 2989 qua:
2035 2926 2119 2973 est

536 3007 784 3092 Ecglesia
818 3008 913 3064 Dei
977 3010 1210 3065 viventis
1236 3050 1251 3074 ,
1306 3004 1563 3065 columna
1614 3017 1670 3065 et
1703 3009 2117 3065 fundamentum

529 3099 802 3163 veritatis,
826 3101 1011 3170 potius
1041 3102 1200 3171 elegi,
1230 3116 1393 3172 quam
1435 3100 1684 3156 habitare
1712 3101 1770 3158 in
1801 3102 1988 3157 multis
2036 3111 2121 3155 ta-

530 3190 848 3247 bernaculis
872 3201 1245 3264 peccatorum.
1297 3190 1432 3247 Nam
1478 3193 1584 3263 ipsi
1617 3208 1835 3265 quoque
1864 3200 2119 3263 peccato-

533 3297 626 3337 res
657 3283 711 3337 in
741 3285 979 3354 speciem
1006 3285 1487 3341 tabernaculorum
1518 3282 1613 3339 Dei
1642 3300 1764 3339 sese
1792 3300 2119 3355 composueo

532 3384 664 3429 runt
692 3394 706 3429 :
757 3374 854 3430 sed
886 3375 1236 3435 tabernacula
1267 3375 1384 3439 Dei,
1408 3376 1696 3443 amabilia;
1746 3383 2115 3446 peccatorum,

531 3466 660 3522 odio
690 3466 854 3536 digna
886 3476 1034 3523 sunt.
1068 3497 1140 3508 —
1173 3466 1340 3523 Vens.
1394 3467 1482 3525 12.
1525 3468 1665 3535 Quia
1698 3466 2117 3520 misericordiam

530 3569 581 3613 et
614 3560 881 3613 veritatem
928 3557 1101 3629 diligit
1137 3558 1391 3617 Dominus
1435 3560 1611 3627 Deus,
1647 3562 1878 3632 gratiam
1918 3570 1967 3615 et
2004 3560 2119 3630 glo-

532 3649 674 3702 riam
708 3647 856 3701 dabit
892 3634 1171 3711 Dominus.
1223 3648 1327 3703 Pro
1378 3651 1490 3715 illo,
1520 3651 1661 3717 Quia
1695 3651 2117 3707 miscricordiam

531 3748 583 3793 et
608 3741 879 3799 veritatem
909 3741 1083 3812 diligit
1111 3741 1399 3807 Dominus,
1415 3741 1634 3814 Aquila,
1653 3742 1791 3808 Quia
1812 3744 2117 3798 misericor-

531 3834 625 3887 dia
645 3842 694 3887 et
717 3833 930 3904 clypeus
963 3834 1221 3896 Dominus
1262 3834 1439 3899 Deus;
1490 3835 1684 3906 quinta
1734 3852 1867 3891 vero
1912 3838 2114 3903 editio,

534 3926 676 3992 Quia
702 3925 785 3980 sol
821 3935 872 3980 et
906 3935 1173 3995 protector
1217 3926 1478 3991 Dominus
1527 3926 1702 3991 Deus;
1753 3926 2116 3998 Symmachus

532 4020 810 4083 similiter,
837 4018 980 4085 Quia
1009 4018 1111 4081 sol,
1139 4018 1297 4072 dixit.
1323 4017 1450 4073 Ideo
1473 4034 1730 4089 namque,
1768 4020 1863 4085 ait,
1890 4036 1999 4077 una
2026 4021 2119 4081 illa

530 4111 650 4165 dies
680 4113 923 4167 millibus
954 4112 1146 4167 melior
1169 4118 1273 4175 est,
1305 4111 1434 4181 quia
1459 4109 1724 4169 Dominus
1745 4111 1843 4167 Dei
1880 4114 2117 4168 Verbum

533 4204 643 4260 diei
675 4204 822 4259 illius
871 4204 955 4259 sol
994 4210 1099 4257 est.
1148 4201 1308 4256 llunc
1354 4217 1485 4257 vero
1519 4203 1688 4257 solem
1719 4205 1983 4275 propheta
2032 4204 2117 4261 his

531 4296 717 4351 verbis
750 4294 1155 4351 subindicavit:
1212 4294 1539 4351 Timentibus
1588 4307 1763 4357 autem
1799 4314 1878 4353 me
1919 4298 2119 4353 orietur

531 4390 627 4444 Sol
661 4388 929 4457 justitite,
966 4397 1015 4441 et
1050 4386 1252 4445 medela
1286 4389 1341 4441 in
1369 4388 1469 4441 alis
1508 4390 1622 4457 ejus
1656 4389 1722 4441 ³⁸.
1765 4387 1903 4441 Eum
1941 4390 2117 4459 ipsum

528 4478 869 4551 signiﬁcabat
889 4480 981 4549 qui
1012 4479 1188 4533 dixit:
1224 4479 1295 4533 Et
1326 4478 1523 4534 occidet
1544 4479 1626 4533 sol
1650 4496 1808 4548 super
1837 4481 2114 4548 prophetas

526 4573 618 4642 qui
648 4588 831 4627 errare
881 4571 1085 4641 faciunt
1112 4571 1368 4641 populant
1412 4588 1584 4626 meum
1612 4572 1690 4639 ³⁹;
1723 4572 1983 4645 [apertius
2016 4588 2116 4627 au-

526 4674 635 4718 tem
665 4664 859 4728 Isaias,
891 4663 1014 4721 Non
1045 4664 1147 4718 erit
1182 4664 1280 4717 tibi
1333 4663 1414 4719 sol
1443 4664 1496 4716 in
1525 4664 1691 4721 lucem
1725 4663 1830 4717 diei
1849 4704 1863 4728 ,
1906 4663 2117 4733 inquit,

1294 405 1561 462 EUSEBII
1599 403 2082 461 CASSARIENSIS
2113 401 2264 459 OPP.
2305 402 2487 466 PARS
2522 403 3097 462 [IL—EXEGETICA.

3615 422 3715 477 l0l6

2154 530 2202 586 Α
2230 522 2420 593 χιλίοις
2452 522 2597 576 ἔτεσι
2627 524 2857 595 συνέστη
2889 526 2917 579 ὁ
2955 528 3013 578 ἐν
3040 526 3175 597 αὐτῇ
3220 526 3373 592 νεώς·
3405 531 3607 587 τοσαῦτα
3638 540 3716 611 γὰρ

2224 612 2292 687 ἦν
2310 616 2379 670 τὰ
2404 616 2512 669 ἀπὸ
2529 617 2628 688 τῆς
2648 617 2989 687 Σολομῶντος
3016 620 3354 690 κατασκευῆς
3366 621 3452 674 τοῦ
3478 625 3586 678 ναοῦ
3599 629 3718 702 μέχρι

2224 708 2323 778 τῆς
2344 705 2440 760 τοῦ
2464 707 2714 778 Σωτῆρος
2734 708 2891 778 ἡμῶν
2914 711 3235 781 παρουσίας,
3262 711 3295 766 ἃ
3319 714 3408 766 καὶ
3426 712 3560 781 αὖθις
3575 719 3718 790 δηλοῦ.

2227 796 2351 850 σθαι
2378 797 2617 868 ἡγοῦμαι
2649 797 2733 851 διά
2759 797 2854 851 τοῦ
2890 798 2987 853 πθ¹
3012 799 3227 872 ψαλμοῦ
3247 842 3261 865 ,
3304 801 3359 866 ὃς
3390 803 3719 877 ἐπιγέγραπται

2229 888 2347 959 μὲν,
2366 888 2683 957 Προσευχὴ
2700 888 3015 955 Μωῦσέως,
3044 891 3177 962 φησι
3204 892 3297 945 καὶ
3311 893 3517 965 προῖὼν,
3540 897 3637 951 ’Ότι
3656 903 3719 968 χί-

2223 983 2326 1034 λια
2360 980 2465 1048 ἔτη
2506 982 2575 1034 ἐν
2616 981 2943 1050 ὀφθαλμοῖς
2970 998 3087 1035 σου
3114 983 3256 1038 ὡσεί
3291 984 3473 1054 ἡμέρα
3502 989 3534 1055 ἠ
3572 989 3717 1059 ἐχθὲς,

2224 1073 2358 1140 ἥτις
2388 1071 2614 1141 διῆλθε,
2651 1074 2749 1131 καί
2776 1073 3021 1143 φυλακὴ
3041 1076 3110 1128 ἐν
3132 1078 3327 1133 νυκτί.
3362 1079 3465 1150 Τῆς
3486 1076 3566 1135 οῦν
3592 1083 3722 1151 χιλιά-

2223 1167 2312 1230 δος
2342 1168 2556 1239 ἐκείνης
2585 1170 2617 1239 ή
2653 1168 2752 1239 μία
2776 1168 2960 1241 ἡμέρα
2988 1170 3087 1240 τῆς
3120 1171 3183 1223 ἐκ
3218 1172 3419 1242 νεκρῶν
3443 1174 3723 1240 ἀναστάσεως

2223 1258 2318 1311 τοῦ
2334 1259 2586 1330 Σωτῆρος
2601 1260 2756 1330 ἡμῶν
2778 1262 3076 1333 προκριτέα
3095 1264 3186 1315 καὶ
3207 1265 3559 1337 προτιμοτέρα
3573 1272 3723 1339 τυγχά-

2224 1369 2303 1404 νει
2328 1352 2405 1422 τῷ
2434 1350 2638 1424 ταύτης
2668 1352 2980 1425 ἐπιθυμητῇ
3015 1355 3310 1426 γενομένῳ.
3340 1356 3428 1409 Διὸ
3451 1356 3636 1429 εὔχεται
3656 1378 3723 1414 τα-

2222 1443 2383 1513 χῦναι
2404 1444 2503 1514 τὴν
2525 1445 2827 1523 παρουσίαν
2852 1446 3016 1499 αὐτοῦ
3044 1446 3215 1516 λέγων
3232 1464 3244 1477 ·
3290 1448 3418 1511 ἰδὲ,
3448 1453 3477 1503 ό
3498 1450 3633 1516 Θεὸς,
3653 1454 3723 1506 καί

2222 1535 2557 1604 ἐπίϐλεψον
2584 1538 2672 1603 είς
2698 1536 2762 1589 τὸ
2786 1540 3112 1605 πρόσωπον
3132 1538 3237 1592 τοῦ
3263 1539 3508 1607 Χριστοῦ
3527 1558 3638 1603 σου,
3663 1543 3725 1596 ὅτι

2224 1628 2526 1696 κρείσσων
2551 1628 2743 1698 ἡμέρα
2773 1631 2883 1697 μία
2901 1630 2974 1683 ἐν
2992 1630 3121 1698 ταῖς
3148 1631 3361 1697 αὐλαῖς
3383 1648 3492 1689 σου
3514 1634 3639 1701 ὑπὲρ
3664 1654 3724 1702 χι-

2222 1718 2454 1786 λιάδας.
2515 1719 2589 1773 Οὐ
2634 1720 2851 1784 πάντως
2878 1721 2933 1775 δὲ
2965 1721 3341 1793 πληθυντικῶς
3371 1724 3626 1777 ἀκουστέον
3647 1725 3723 1777 τῶν

2226 1810 2479 1881 χιλιάδων
2497 1826 2510 1842 ’
2546 1811 2695 1883 παρὰ
2721 1810 2830 1884 γάρ
2871 1812 3137 1883 Ἑϐραίοις
3159 1812 3297 1884 αῦτη
3331 1816 3365 1884 ἠ
3395 1812 3526 1879 λέξις
3545 1814 3647 1883 μίαν
3668 1834 3727 1884 χιον

2154 1871 2196 1926 Β
2224 1871 2378 1957 λιάδα
2402 1871 2678 1975 σημαίνει,
2698 1871 2774 1968 ως
2795 1871 2956 1957 παντὶ
2966 1871 3053 1975 ’τῷ
3073 1871 3424 1978 ἐπιστήσαντι
3444 1871 3583 1976 suis
3601 1871 3724 1961 ἔσται.

2222 1996 2333 2050 Καὶ
2377 1996 2678 2068 ἐπειδήπερ
2712 1997 2744 2067 ή
2794 1997 2890 2068 μία
2928 1998 3111 2070 ἡμέρα
3146 2000 3505 2072 προτιμοτέρα
3542 2002 3726 2071 gmw;

2221 2087 2455 2158 χιλιάδος
2475 2088 2533 2140 ἐν
2552 2088 2673 2151 ταῖς
2694 2086 2883 2150 αὐλαῖς
2905 2092 3024 2152 ταῖς
3046 2088 3168 2142 καθ’
3189 2089 3317 2160 ὅλης
3339 2091 3432 2160 τῆς
3449 2090 3723 2159 οἰκουμένης,

2219 2179 2308 2233 διὰ
2340 2179 2441 2248 τῆς
2480 2177 2797 2248 θεοφανείας
2826 2178 2919 2233 τοῦ
2952 2182 3429 2252 προφητευομένου
3458 2181 3592 2243 θεοῦ,
3626 2182 3726 2251 ἱδρυη

2221 2272 2461 2337 θείσαιςο
2520 2272 2608 2327 διὰ
2647 2278 2807 2330 τοῦτο
2837 2274 2931 2327 καὶ
2963 2275 3218 2347 ἀνωτέρω
3244 2275 3452 2344 ἔλεγεν·
3499 2275 3730 2329 Ἐπιποθεί

2219 2366 2318 2422 καί
2335 2366 2598 2421 ἐκλείπει
2616 2366 2655 2432 ὴ
2672 2365 2841 2435 ψυχή
2857 2384 2977 2436 μου
2992 2368 3079 2433 εἰς
3098 2365 3206 2433 τὰς
3223 2366 3417 2433 αὐλὰς
3435 2366 3531 2421 τοῦ
3544 2367 3726 2434 Κῳίου.

2219 2458 2331 2511 Καὶ
2359 2457 2521 2511 πάλιν
2556 2457 2859 2528 ἐπειδήπερ
2902 2458 3159 2529 ἀνωτέρω
3190 2458 3344 2526 ἔλεγε
3371 2460 3459 2521 τὸ,
3508 2456 3729 2524 Μακάριοι

2219 2552 2275 2602 οἱ
2303 2550 2724 2616 κατοικοῦντες
2748 2551 2818 2603 ἐν
2844 2548 2924 2615 τῷ
2946 2550 3091 2616 οἴκῳ
3120 2565 3236 2603 σου
3257 2589 3274 2615 ,
3302 2553 3388 2616 εὶς
3411 2550 3543 2617 τοὺς
3566 2547 3729 2612 aliich

2219 2640 2339 2694 τῶν
2356 2641 2584 2695 αἰώνων
2597 2640 2915 2703 αὶνέσουσί
2935 2657 3009 2695 σε
3027 2659 3041 2672 υ
3061 2641 3232 2711 τούτῳ
3252 2642 3516 2696 πιστεύων
3534 2642 3610 2694 καὶ
3622 2642 3728 2707 exp:-

2220 2733 2330 2795 ϐὡς
2377 2734 2741 2804 πεπεισμένος
2771 2732 2944 2804 ἀληθῆ
2978 2728 3117 2787 εἶναι
3154 2734 3245 2786 τὸν
3286 2733 3469 2801 λόγον,
3509 2731 3585 2785 διὰ
3615 2729 3727 2783 τοῦτό

2221 2843 2361 2897 φημι
2383 2842 2396 2856 ·
2446 2825 2854 2895 Ἐξενίεξάμην
2879 2824 3409 2893 παραρῤιπτεῐσθαι
3434 2827 3498 2879 ἐν
3534 2823 3602 2889 τῷ
3628 2824 3729 2885 chap

2219 2917 2326 2972 τοῦ
2356 2916 2502 2977 Θεοῦ
2518 2936 2638 2985 μου
2670 2916 2914 2986 μᾶλλον
2933 2934 2947 2949 ·
2986 2917 3052 2971 ἵν’
3075 2920 3132 2970 ἐν
3163 2916 3240 2988 τῷ
3267 2919 3402 2988 οἴκῳ
3425 2915 3511 2969 τοῦ
3531 2913 3641 2967 Θεοῦ
3659 2913 3725 2975 ὢν,

2219 3007 2461 3078 δύνωμαι
2494 3009 2573 3070 είς
2601 3008 2725 3071 τοὺς
2745 3007 2946 3071 αίῶνας
2972 3007 3082 3060 τῶν
3106 3006 3320 3069 αἰώνων
3343 3010 3502 3061 αἰνεῖν
3525 3006 3600 3059 τὸν
3616 3004 3723 3055 Θεόν.

2218 3098 2436 3153 Μᾶλλον
2466 3100 2523 3153 δὲ
2549 3099 2879 3170 ἐξελεξάμην
2911 3099 3099 3171 ὥσπερ
3131 3100 3230 3170 τήν
3266 3100 3396 3169 μίαν
3422 3098 3608 3172 ἡμέραν
3629 3093 3727 3163 ὑπὲρ

2144 3232 2187 3290 c
2221 3192 2322 3258 τὴν
2374 3191 2589 3262 χιλιάδα
2610 3231 2623 3255 ,
2658 3191 2801 3245 οὕτω
2853 3190 2944 3244 τὸν
2986 3186 3133 3244 οἷκον
3164 3189 3260 3243 τοῦ
3293 3190 3459 3255 Θεοῦ,
3494 3191 3597 3260 ἥτις
3621 3187 3726 3238 ἐστὶν

2234 3282 2528 3354 Ἐκκλησία
2546 3284 2679 3337 Θεοῦ
2698 3283 2919 3348 ζῶντος,
2944 3282 3134 3346 στῦλος
3149 3285 3247 3349 καὶ
3263 3282 3533 3356 ἑδραίωμα
3543 3281 3625 3352 τῆς
3636 3278 3727 3347 ἀλη-

2222 3374 2374 3438 θείας
2397 3416 2411 3439 ,
2467 3376 2667 3446 μᾶλλον
2710 3376 2742 3447 ἢ
2787 3378 2954 3433 οίκείν
2993 3378 3051 3429 ἐν
3092 3375 3310 3440 πολλοῖς
3346 3378 3631 3446 σκηνώμασι
3653 3371 3727 3422 τῶν

2219 3468 2578 3538 ἁμαρτωλῶν.
2640 3470 2948 3538 Μιμήματα
2982 3468 3090 3539 γὰρ
3142 3467 3253 3521 τῶν
3301 3468 3635 3539 σκηνωμάτων
3664 3458 3725 3513 τοῦ

2220 3560 2354 3612 Θεοῦ
2384 3577 2476 3612 και
2500 3561 2549 3615 οἱ
2582 3559 2893 3629 ἁμαρτωλοὶ
2919 3561 3145 3627 ἑαυτοὺς
3175 3560 3568 3615 κατεσκεύασαν
3586 3576 3597 3587 ’
3634 3554 3728 3609 ἀλλὰ

2220 3650 2288 3704 τὰ
2322 3650 2420 3721 μὲν
2458 3650 2549 3705 τοῦ
2579 3650 2713 3704 Θεοῦ
2741 3651 3004 3723 ἀγαπητά
3029 3654 3287 3724 τυγχάνει
3314 3694 3328 3717 ,
3365 3654 3543 3723 μίσους
3568 3650 3615 3703 δὲ
3640 3647 3727 3711 ἄξια

2218 3741 2289 3795 τὰ
2307 3741 2414 3795 τῶν
2440 3741 2798 3813 ἁμαρτωλῶν.
2830 3743 2952 3798 Ὅτι
2970 3745 3143 3812 ἕλεος
3164 3744 3263 3799 καὶ
3289 3744 3562 3813 ἀλήθειαν
3582 3735 3729 3809 ἀνα-τᾷ

2218 3834 2433 3902 Κύριος
2474 3836 2507 3887 d
2547 3834 2723 3900 Θεὸς,
2760 3834 2940 3903 χάριν
2968 3836 3065 3889 καὶ
3112 3836 3303 3901 δόξαν
3344 3835 3511 3889 δώσει
3546 3833 3725 3899 Κύριοςο

2232 3925 2377 3989 Ἀντὶ
2397 3925 2514 3991 τοῦ,
2547 3926 2676 3980 Ὅτι
2700 3926 2879 3983 ἔλεον
2907 3929 3005 3984 καὶ
3026 3929 3316 3996 ἀλήθειαν
3335 3926 3524 3998 ἀγαπᾷ
3548 3924 3725 3992 Κύριες.

2219 4018 2248 4069 ὁ
2288 4019 2515 4081 Ἀκύλας
2548 4020 2744 4090 φησὶν,
2778 4021 2899 4075 Ὅτι
2932 4020 3107 4089 ἕλεος
3145 4022 3247 4078 καὶ
3280 4021 3482 4089 θυρεὸς
3511 4016 3728 4085 Κύριοςδ

2223 4111 2364 4175 Θεός
2383 4128 2394 4139 ·
2433 4112 2527 4165 καὶ
2621 4112 2847 4191 πέμπτη
2877 4114 3121 4179 ἐκδοσις,
3160 4116 3291 4169 Ὅτι
3336 4115 3499 4182 ἥλιος
3524 4110 3607 4165 καί
3629 4121 3727 4161 σκε-

2220 4201 2460 4269 παστὴς
2482 4204 2700 4271 Κύριος
2730 4208 2762 4257 ό
2791 4206 2936 4271 Θεός
2955 4221 2968 4234 °
3000 4204 3094 4260 ml.
3125 4208 3153 4258 ὁ
3178 4204 3469 4276 Σύμμαχος
3496 4202 3546 4254 δὲ
3573 4196 3727 4255 τούτοις

2220 4294 2562 4364 συμφώνως,
2597 4296 2727 4352 ’Ότι
2746 4295 2924 4363 ἣλιον
2959 4297 3057 4368 (1),
3092 4286 3724 4367 ὠνόμασε.Διὰτοῦτογάρν

2220 4384 2387 4454 φησὶν
2405 4424 2419 4449 ν
2450 4385 2633 4456 ἐκείνη
2670 4387 2702 4457 ἡ
2740 4386 2839 4457 μία
2872 4386 3056 4458 ἡμέρα
3084 4388 3351 4461 κρείσσων
3376 4386 3487 4439 ἐστὶ
3515 4380 3725 4453 χιλιάδων,

2221 4477 2517 4550 ἐπειδήπερ
2565 4478 2727 4541 αὐτὸς
2764 4481 2791 4531 ὁ
2831 4478 3032 4549 Κύριος
3073 4481 3101 4532 ὁ
3134 4464 3232 4531 ’τοῦ
3268 4478 3401 4532 Θεοῦ
3432 4477 3585 4543 Λόγος
3620 4471 3726 4541 ἥλιος

2151 4575 2194 4629 D
2221 4570 2478 4641 τυγχάνει
2512 4572 2613 4642 τῆς
2645 4573 2859 4643 ἡμέρας
2885 4572 3118 4645 ἐκείνης,
3173 4572 3371 4627 Τοῦτον
3395 4572 3449 4625 δὲ
3480 4570 3563 4622 καὶ
3588 4569 3612 4618 ι
3630 4578 3726 4633 προ-

2226 4662 2402 4734 φήτης
2433 4662 2523 4719 τὸν
2552 4662 2703 4730 ἥλιον
2729 4664 2973 4733 ᾐνίττετο
3000 4648 3205 4733 φήσας
3266 4662 3392 4729 Τοῖς
3411 4661 3474 4714 δὲ
3500 4652 3726 4729 φοϐουμέ·

527 4755 617 4810 sed
646 4757 749 4811 erit
780 4758 876 4813 tibi
908 4756 1164 4823 Dominus
1193 4758 1288 4812 lux
1323 4758 1665 4825 sempiterna,
1695 4766 1745 4812 et
1783 4755 1921 4812 Deus
1946 4757 2120 4827 gloria

2226 4767 2356 4816 νοις
2365 4767 2442 4820 με
2459 4752 2640 4805 ἀνατε
2651 4752 2952 4818 ’Ἦλεῑλιος
2975 4752 3363 4820 δικαιοσύνης
3378 4793 3392 4815 ,
3416 4751 3507 4806 καὶ
3535 4749 3665 4809 ίασις
3681 4743 3729 4793 έν

528 4859 621 4905 tua
642 4849 709 4904 δ”.
746 4848 881 4903 Cum
909 4850 1033 4909 talis
1067 4850 1151 4905 sol
1178 4848 1443 4904 Dominus
1474 4849 1588 4917 sit,
1630 4849 1864 4921 gratiam
1910 4856 1965 4904 et
1999 4848 2118 4919 glo-

2223 4842 2353 4909 τιιῖς
2382 4843 2669 4912 πτέρυξιν
2700 4844 2907 4902 αὐτοῦ.
2937 4844 3039 4907 Τὸν
3065 4844 3225 4897 αὑτὸν
3245 4834 3301 4899 δὲ
3333 4842 3507 4915 ἐδήλου
3535 4838 3614 4893 και
3637 4837 3658 4888 ι
3682 4832 3730 4883 εἰσ

524 4942 666 4997 riam
717 4956 783 4995 ac
823 4941 986 4999 etiam
1020 4942 1153 5012 quid
1196 4943 1551 5013 praestantius
1579 4949 1635 4996 et
1666 4941 1893 5006 melius,
1949 4948 2115 5011 atque

2226 4933 2361 4989 πώνο
2386 4936 2497 4990 Καὶ
2521 4936 2767 4992 δύσεται
2788 4938 3034 5003 δ”Ηλιος
3052 4936 3149 4993 ἐπὶ
3168 4936 3309 5005 τοὺς
3328 4934 3608 5005 προφήτας
3625 4926 3729 4987 τοὺς

526 5032 802 5089 ineffabile
854 5041 910 5089 et
962 5034 1308 5091 reconditum
1345 5034 1550 5097 bonum
1583 5033 1734 5089 dabit
1782 5033 1849 5088 iis
1882 5034 1974 5103 qui
2005 5048 2123 5087 am-

524 5126 719 5179 bulant
747 5127 800 5179 in
837 5125 1189 5193 innocentia;
1221 5127 1349 5181 sive
1392 5124 1693 5183 secundum
1735 5123 2122 5194 Symmachum

527 5216 717 5286 (Vens.
746 5219 851 5288 13),
877 5220 943 5274 iis
975 5220 1064 5289 qui
1098 5218 1375 5272 ambulant
1412 5218 1467 5272 in
1490 5216 1829 5286 perfectione.
1874 5216 2004 5271 Ideo
2034 5215 2120 5270 di-

526 5307 630 5362 ctis
676 5307 834 5363 (idem
871 5308 1109 5372 habens,
1168 5322 1235 5363 ac
1276 5307 1446 5377 probe
1490 5321 1789 5376 persuasus
1848 5322 1973 5361 vera
2030 5306 2121 5359 illa

525 5414 669 5463 esse,
690 5400 769 5455 sic
794 5415 1103 5457 sermonem
1120 5400 1318 5454 claudo
1342 5418 1355 5453 :
1394 5398 1620 5453 Domine
1637 5399 1913 5463 virtutum,
1937 5398 2118 5460 beatus

526 5491 677 5550 Itonia
703 5492 796 5561 qui
822 5503 999 5561 sperat
1030 5494 1087 5545 in
1124 5501 1191 5545 te.
1228 5489 1362 5545 Nam
1412 5491 1459 5547 si
1503 5489 1628 5562 quis
1662 5490 1823 5545 aliter
1861 5506 1891 5544 a
1935 5490 2119 5545 multis

525 5582 721 5644 beatus
752 5583 980 5652 dicitur;
1021 5583 1127 5654 ipsi
1151 5597 1283 5638 sane
1320 5580 1457 5637 falsa
1487 5581 1768 5637 beatitudo
1802 5583 2115 5639 ascribitur.

2226 5028 2581 5096 πλανῶν-τας
2602 5030 2707 5084 τὸν
2720 5032 2874 5084 λαόν
2889 5048 3008 5100 μου
3023 5046 3035 5059 ο
3061 5047 3129 5099 γυ
3137 5031 3388 5102 μνότερον
3405 5029 3458 5083 δὲ
3487 5030 3512 5080 ὁ
3536 5021 3725 5077 Ἡσαΐας,

2219 5124 2341 5176 Οὐκ
2373 5122 2542 5177 ἔσται
2563 5139 2662 5179 σοι
2692 5126 2725 5176 ὀ
2754 5122 2928 5190 ἣλιος
2953 5126 3036 5189 είς
3061 5122 3185 5192 φῶς
3214 5122 3320 5191 τῆς
3347 5122 3569 5191 ἡμέρας,
3589 5113 3724 5183 φησὶν.

2224 5215 2362 5270 ἀλλ’
2398 5214 2569 5268 ἔσται
2607 5229 2707 5275 σοι
2749 5216 2967 5283 Κύριος
2996 5214 3122 5284 φῶς
3155 5215 3421 5279 αἰώνιον,
3452 5211 3538 5265 καὶ
3571 5212 3597 5261 ό
3622 5202 3724 5264 Θεὸς

2224 5306 2373 5370 δόξα
2399 5322 2536 5362 σου.
2567 5306 2817 5370 Τοιοῦτος
2840 5307 2895 5361 δὲ
2920 5306 3068 5377 ἥλιος
3099 5306 3174 5361 ὢν
3202 5309 3231 5360 ὁ
3260 5307 3471 5377 Κύριος,
3504 5302 3635 5373 χάριν
3660 5292 3723 5347 καὶ

2224 5398 2379 5464 δόξαν
2414 5398 2508 5451 καὶ⁵
2538 5398 2619 5451 ἔτι
2661 5399 2784 5471 μεῖζ
2792 5417 2849 5452 ον
2884 5400 2977 5452 καὶ
3010 5403 3254 5470 κρεῖττον
3277 5441 3291 5465 ,
3327 5396 3545 5471 agema
3574 5408 3621 5443 τε
3659 5383 3724 5439 καὶ

2225 5491 2535 5562 ἀπόρρητον
2576 5491 2779 5561 ἀγαθὸν
2821 5491 2980 5545 δώσει
3014 5496 3124 5557 τοῖς
3159 5492 3525 5565 πορευομένοις
3549 5489 3597 5539 ἐν
3622 5482 3721 5535 ira“

2227 5582 2346 5656 κίειν
2384 5586 2415 5655 ἢ
2454 5584 2591 5639 κατὰ
2624 5584 2715 5638 τὸν
2748 5585 3062 5657 Σύμμαχον,
3104 5587 3231 5654 Τοῖς
3254 5585 3551 5641 ὁδεύουσιν
3580 5577 3637 5630 ἐν
3662 5584 3719 5624 f8“

604 5740 651 5771 ⁸⁸
691 5740 924 5795 Malach.
960 5755 1036 5803 tv,
1066 5738 1123 5792 2.
1203 5737 1248 5769 "
1287 5737 1455 5793 Mich.
1489 5753 1550 5791 Ill
1575 5779 1589 5801 ,
1628 5738 1681 5794 6.
1759 5740 1804 5772 ⁸ο
1846 5739 1947 5793 lsa.
1990 5754 2093 5799 ιτ,
2136 5738 2218 5793 l9.

612 5858 687 5929 (l)
730 5856 869 5911 Vera
903 5857 1064 5913 lectio
1094 5864 1177 5912 est
1208 5856 1418 5919 Ἥλιος,
1448 5861 1623 5916 E‘D‘tb'.
