4004 6524
241 427 379 486 1047

1332 434 1834 493 COMMENTARIA
1874 438 1939 493 IN
1978 439 2316 502 PSALMOS.

3378 453 3502 510 1018

237 554 520 620 λειότητι.
573 551 672 605 Διὰ
712 552 868 607 τοῦτο
900 553 1170 609 πιστεύων
1200 557 1313 620 τοῖς
1341 558 1652 629 εἰρημένοις
1674 600 1688 625 ,
1730 578 1801 613 κα

1931 560 2061 627 Sed,
2087 572 2146 618 ut
2166 578 2294 620 vere
2329 563 2566 630 dicatur,
2598 567 2751 623 solus
2784 566 2874 623 ille
2899 568 3091 625 beatus
3116 570 3203 626 cui
3229 585 3395 643 supra
3418 573 3503 627 di-

237 643 481 716 όικριὸῶς
506 646 743 715 ἐμαυτὸν
768 647 963 712 πείσας
987 648 1208 719 ἀληθεῖς
1235 644 1373 703 εἶναι
1401 651 1529 714 τοὺς
1556 651 1683 719 περὶ
1709 653 1825 707 τού-

235 754 347 789 των
392 736 618 805 λόγους,
653 738 807 804 τέλος
841 739 934 792 τοῦ
986 739 1188 804 παντὸς
1219 740 1379 810 λόγου
1414 744 1582 814 φημί·
1644 745 1835 812 Κύριε,

235 826 359 881 τῶν
389 828 701 898 δυνάμεων
724 870 738 895 ,
774 830 1069 900 μακάριος
1109 834 1142 885 ὀ
1179 830 1488 901 ἄνθρωπος
1513 837 1547 888 ό
1571 834 1823 895 ἐλπίζων

233 921 335 979 ἐπὶ
361 922 454 976 σέ.
501 923 617 986 Πᾶς
647 922 755 995 γὰρ
783 925 811 976 ὁ
836 923 1010 987 ἄλλως
1034 924 1185 997 παρά
1217 929 1328 989 τοῖς
1354 926 1566 991 πολλοῖς
1595 943 1823 999 μακαρι-

234 1012 461 1085 ζόμενος
491 1016 923 1087 πεπλανημένως
947 1017 1013 1071 ἂν
1046 1019 1420 1091 μακαρίζοιτο.
1458 1022 1634 1085 Μόνος
1664 1021 1742 1087 δέ,
1771 1023 1819 1075 εί

233 1107 340 1179 χρὴ
374 1107 579 1180 τάληθῆ
624 1109 823 1179 φάναι,
861 1111 1131 1182 μακάριος
1162 1110 1251 1165 διὰ
1292 1112 1363 1166 τὰ
1392 1113 1818 1185 προλελεγμένα,

229 1197 308 1259 ὡς
340 1196 408 1251 ἂν
436 1197 656 1251 πάντων
688 1199 795 1253 τῶν
827 1200 1046 1269 ἀγαθῶν
1074 1200 1326 1273 ἐμπλεος,
1361 1204 1388 1256 ὅ
1417 1220 1498 1263 σοι
1529 1202 1675 1275 μόνῳ
1702 1205 1821 1257 ἐαυ-

229 1287 322 1353 τὸν
352 1288 694 1360 ἀναρτήσας,
730 1292 825 1343 καὶ
866 1291 1047 1357 πάσας
1088 1293 1281 1347 ἐαυτοῦ
1315 1292 1416 1357 τὰς
1448 1293 1670 1358 ἐλπίδας
1699 1297 1819 1359 ταῖς

232 1379 383 1452 παρὰ
409 1381 491 1434 σοὶ
516 1382 871 1452 ἐπαγγελίαις
897 1383 1133 1450 ἀναθείς.
1189 1386 1328 1457 Ἤδη
1360 1385 1416 1439 δὲ
1446 1386 1626 1457 τρίτον
1655 1387 1711 1439 ἐν
1740 1386 1819 1457 τῷ

229 1471 458 1545 παρόντι
480 1473 680 1544 ψαλμῷ
709 1475 1017 1547 μακαρίσας
1036 1480 1063 1530 ὁ
1086 1477 1243 1547 λόγος
1262 1480 1389 1542 τοὺς
1409 1479 1819 1551 ἐμφερομένους

226 1562 287 1614 ἐν
318 1560 487 1633 αὐτῷ,
517 1562 769 1633 οὐδαμῶς
796 1565 891 1618 τοῦ
921 1567 1189 1621 Ἰουδαίων
1203 1566 1549 1636 ἔθνους,ἷούδέ
1580 1568 1671 1622 τοῦ
1717 1570 1817 1621 Ἰση

230 1655 368 1726 ραὴλ
400 1656 826 1727 ἐμνημόνευσεν,
859 1659 980 1713 οὐδέ
1004 1660 1131 1724 τούς
1163 1659 1234 1714 τὰ
1251 1661 1530 1725 Μωῦσέως
1549 1662 1616 1715 δι’
1640 1662 1817 1734 ἔργων

224 1746 678 1819 ἀποπληροῦντας
704 1749 1042 1822 ἐμακάρισεν
1061 1770 1077 1783 ·
1114 1751 1252 1806 ἀλλά
1279 1753 1495 1822 πρῶτον
1521 1755 1620 1824 μὲν
1652 1755 1815 1809 καθό-

222 1838 317 1892 λου
338 1841 465 1905 τούς
491 1843 883 1909 κατοικοῦντας
904 1848 963 1899 ἐν
988 1844 1065 1917 τῷ
1092 1845 1226 1917 οίκῳ
1247 1844 1338 1899 τοῦ
1359 1844 1496 1899 Θεοῦ
1511 1863 1525 1877 ·
1563 1847 1815 1920 δεύτερον

221 1934 403 1987 πάντα
436 1934 605 2007 ἄνδρα
631 1929 694 1990 οὗ
726 1938 873 1990 ἐστιν
900 1937 1185 2009 ἀντίληψις
1210 1936 1357 2008 αὐτῷ
1391 1922 1544 2011 παρὰ
1571 1941 1775 2009 Κυρίου
1796 1956 1811 1972 ⁸

1924 666 2011 711 cta
2053 664 2405 728 competunt,
2456 659 2727 731 siquidem
2781 662 2899 732 ipse
2948 664 3204 721 omnibus
3260 666 3504 736 repletur

1922 745 2105 810 bonis,
2125 748 2219 817 qui
2252 763 2374 804 sese
2403 748 2498 803 tibi
2524 750 2627 805 soli
2648 752 3010 817 concredidit,
3045 761 3325 825 totamque
3348 771 3500 826 spem

1923 838 1981 891 in
2010 838 2296 906 promissis
2334 841 2444 897 tuis
2474 842 2747 912 deposuit.
2778 844 2916 899 Cum
2969 861 3131 916 porro
3163 846 3216 900 in
3248 849 3501 916 praesenti

1922 928 2134 997 psalmo
2164 928 2275 998 jam
2314 932 2475 988 tertio
2508 933 2651 989 beati
2684 936 2962 1006 praedicati
2988 935 3189 992 fuerint
3220 938 3255 993 ii
3289 938 3357 994 de
3378 939 3503 1009 qui-

1922 1020 2025 1075 bus
2054 1036 2255 1087 sermo,
2285 1025 2437 1079 nulla
2470 1024 2712 1084 Judaicae
2751 1030 2930 1099 gentis
2962 1031 3047 1085 vel
3091 1029 3306 1086 lsraelis
3357 1031 3500 1085 facta

1921 1113 2128 1167 mentio
2159 1122 2275 1181 est;
2318 1131 2500 1186 neque
2527 1118 2691 1173 etiam
2727 1134 2822 1175 ens
2852 1121 2946 1190 qui
2997 1131 3268 1192 praecepta
3298 1121 3503 1194 Moysis

1918 1206 2164 1261 exsecuti
2202 1215 2330 1263 sunt
2352 1208 2541 1266 beatos
2571 1212 2926 1280 praedicavit:
2971 1214 3066 1269 sed
3101 1215 3281 1283 primo
3331 1230 3499 1285 gene-

1919 1296 2080 1350 ratim
2108 1312 2203 1353 eos
2232 1300 2326 1370 qui
2357 1300 2608 1357 habitant
2653 1304 2708 1357 in
2744 1303 2907 1360 domo
2937 1304 3031 1361 Dei
3057 1323 3071 1373 ;
3108 1305 3353 1361 secundo
3383 1321 3502 1360 om-

1920 1403 2043 1443 nem
2076 1389 2351 1447 hominem
2383 1393 2471 1449 cui
2505 1403 2589 1451 est
2620 1397 2887 1451 auxilium
2927 1413 2959 1452 a
2990 1397 3254 1466 Domino;
3307 1414 3371 1453 ac
3403 1397 3501 1454 de-

1919 1496 2068 1535 mum
2099 1482 2155 1537 in
2185 1482 2292 1539 ﬁne
2330 1488 2623 1556 sermonis,
2655 1489 2940 1545 indeﬁnite
2979 1500 3032 1547 et
3058 1493 3356 1562 generatim
3385 1508 3502 1548 om-

1918 1590 2042 1629 nem
2079 1576 2355 1634 hominem
2397 1581 2452 1634 in
2489 1580 2777 1638 Dominum
2824 1593 3157 1654 sperantem.
3191 1585 3325 1640 Nam
3372 1602 3498 1641 cum

1919 1664 2103 1722 futura
2149 1668 2243 1725 Dei
2290 1675 2580 1742 praesentia
2646 1683 2700 1732 et
2755 1676 2961 1734 Christi
2995 1678 3063 1732 ad
3119 1679 3369 1733 homines
3398 1679 3496 1732 ad-

1916 1769 2114 1816 ventus
2145 1766 2571 1823 annuntiaretur
2594 1808 2609 1833 ,
2644 1785 2752 1824 non
2780 1768 2983 1827 Judazis
3007 1779 3241 1838 tantum,
3272 1772 3366 1827 sed
3387 1787 3500 1827 om-

1917 1852 2079 1907 nibus
2107 1854 2272 1910 eliam
2309 1856 2627 1915 hominibus
2661 1861 3030 1919 beatitudines
3062 1864 3205 1933 illas,
3233 1880 3354 1936 qua:
3403 1880 3499 1934 pe-

1916 1960 2014 2001 nes
2045 1944 2215 2002 Deum
2247 1958 2397 2016 sunt,
2427 1954 2743 2009 annuntiari
2775 1961 3038 2027 Oportuit.

218 2029 318 2093 καὶ
352 2031 445 2082 ἐπὶ
476 2031 620 2085 τέλει
656 2032 750 2091 τοῦ
820 2034 1021 2097 παντὸς
1074 2034 1234 2103 λόγου
1300 2034 1570 2107 ἀορίστως
1632 2037 1726 2089 καὶ
1763 2037 2068 2107 καθολικῶς
2112 2045 2290 2103 πάντα
2340 2047 2627 2120 ἄνθρωπον
2673 2050 2765 2105 τὸν
2806 2051 3097 2117 ἐλπίζοντα
3138 2054 3231 2106 ἐπὶ
3268 2052 3492 2124 Κύριον.

218 2122 377 2221 ξρην
416 2124 525 2196 γὰρ
567 2128 889 2196 ἐπιφανείας
928 2127 1062 2182 Θεοῦ
1100 2131 1194 2183 καὶ
1233 2129 1469 2202 Χριστοῦ
1512 2131 1811 2200 παρουσίας
1849 2136 1928 2199 είς
1958 2136 2280 2210 ἀνθρώπους
2339 2144 2849 2219 καταγγελλομένης
2887 2147 2962 2220 μὴ
3004 2148 3271 2213 Ἰουδαίοις
3314 2122 3473 2221 μόνον

217 2214 356 2274 ἀλλά
388 2220 483 2271 καὶ
510 2221 644 2273 πᾶσι
669 2224 781 2285 τοῖς
807 2221 1116 2295 ἀνθρώποις
1144 2224 1268 2287 τοὺς
1295 2224 1446 2297 παρᾶ
1464 2225 1543 2298 τῷ
1564 2225 1683 2298 Θεῷ
1708 2234 2093 2303 μακαρισμούς
2122 2235 2596 2307 ἀναγγελίζεσθαι.
2646 2256 2654 2262 ’

256 2376 363 2428 ΕΙΣ
399 2378 641 2449 ΤΕΛΟΣ,
675 2380 829 2435 ΤΟΙΣ
861 2382 1044 2436 ΥΙΟΙΣ
1077 2382 1262 2439 ΚΟΡΕ
1296 2386 1612 2440 ΨΑΛΜΟΣ.
1652 2388 1775 2440 HA’.

1922 2396 1973 2452 1.
2010 2396 2080 2453 ΙΝ
2116 2398 2347 2467 FINEM,
2388 2401 2593 2457 FILIIS
2620 2402 2806 2460 CORE
2843 2403 3493 2462 PSALMUSLXEXIV.

288 2535 678 2604 Εὐδόκηο-ας,
704 2539 909 2607 Κύριε,
946 2537 1062 2607 τὴν
1094 2537 1213 2609 γῆν
1240 2552 1357 2593 σου
1377 2579 1393 2604 ,
1422 2538 1810 2609 ἀπέστρεψας

214 2628 331 2695 τὴν
363 2630 785 2697 αἰχμαλωσίαν
824 2628 1038 2685 Ἰακώϐ.
1096 2630 1428 2695 Ἀκολούθως
1451 2631 1530 2703 τῷ
1557 2632 1663 2702 πρὸ
1694 2632 1812 2686 τού-

210 2738 308 2773 του
341 2720 541 2792 ψαλμῷ
577 2722 715 2797 μετά
755 2722 852 2794 τὴν
882 2726 940 2781 ἐν
967 2724 1164 2795 ἐκείνῳ
1197 2724 1583 2783 θεσπισθεῖσαν
1616 2726 1811 2796 θεοφά-

211 2831 363 2868 νειαν
390 2814 447 2867 ἐν
468 2812 547 2884 τῷ
570 2814 707 2885 μετά
734 2818 922 2887 χεῖρας
944 2816 1132 2873 κακῶν
1157 2816 1451 2889 ἀπαλλαγὴ
1478 2817 1810 2888 προφητεύε-

210 2925 327 2972 ται,
366 2908 460 2961 καὶ
490 2907 759 2979 λύτρωσις
791 2907 890 2979 μὲν
923 2908 1301 2981 αἰχμαλωσίας
1325 2949 1340 2973 ,
1376 2908 1725 2984 συγχώρησις
1751 2909 1808 2962 δὲ

210 3000 311 3054 καὶ
336 3000 530 3067 ἄφεσις
556 3000 992 3070 ἁμαρτημάτων.
1046 3001 1249 3055 Εἵπετο
1278 3000 1387 3072 γὰρ
1416 3000 1589 3054 ταῦτα
1612 3003 1677 3072 τῇ
1712 2998 1806 3054 τοῦ

210 3090 348 3145 Θεοῦ
376 3093 457 3154 είς
487 3090 809 3162 ἀνθρώπους
842 3093 1116 3165 παρουσίᾳ
1142 3134 1157 3159 ,
1190 3095 1287 3147 καὶ
1316 3096 1428 3158 τοῖς
1456 3094 1663 3157 λοιποῖς
1693 3096 1807 3159 τοῖς

208 3182 304 3234 ἐπὶ
330 3181 409 3252 τῷ
441 3182 548 3253 πρὸ
569 3181 759 3236 τούτου
787 3182 985 3255 ψαλμῷ
1011 3183 1421 3255 δεδηλωμένοις.
1457 3184 1671 3257 Ἐπειδὴ
1696 3184 1805 3255 γὰρ

209 3275 269 3326 ἐν
320 3274 516 3345 ἐκείνῳ
570 3274 907 3346 σκηνώματα
947 3274 1083 3329 Θεοῦ
1128 3276 1354 3330 πλεῖστα
1386 3278 1479 3333 καὶ
1518 3278 1678 3331 αὐλαὶ
1710 3279 1805 3331 καὶ

209 3366 571 3437 θυσιαστήρια
596 3365 689 3417 ἐπὶ
714 3365 812 3435 τῆς
834 3365 938 3435 γῆς
958 3365 1275 3431 ἐθεσπίζετο
1299 3367 1683 3440 συστήσεσθαι,
1708 3368 1802 3431 καὶ

206 3455 270 3508 τὸ
295 3455 505 3509 τούτων
538 3455 711 3509 αἴτιον
740 3454 872 3520 Θεὸς
902 3451 970 3527 ἦν
997 3456 1206 3527 μέλλων
1243 3460 1338 3513 ἐπὶ
1364 3460 1467 3531 γῆς
1492 3461 1799 3530 φαίνεσθαι,

204 3547 302 3599 καὶ
318 3548 580 3617 ὀνομαστὶ
594 3549 638 3600 Χ
649 3548 830 3618 ριστὸς
849 3543 917 3619 ἧν
934 3540 1380 3621 ἐπιδλεπόμενοςτ
1403 3551 1621 3622 ἐλέγετο
1637 3553 1767 3622 γοῦν
1783 3572 1796 3585 θ

218 3637 581 3706 Ὀρθήσεται
610 3640 643 3693 ό
667 3639 811 3705 Θεὸς
832 3639 951 3694 τῶν
989 3638 1141 3695 θεῶν
1167 3642 1239 3697 ὲν
1267 3642 1420 3697 Σιών
1437 3661 1450 3674 ·
1479 3646 1573 3697 καὶ
1600 3645 1759 3699 πάλιν
1780 3663 1794 3676 ·

1986 2531 2155 2591 Vens.
2187 2535 2243 2593 ε.
2276 2536 2628 2603 Benedixisti,
2656 2538 2901 2605 Domine,
2925 2549 3121 2593 terram
3145 2524 3313 2604 tuam,
3347 2554 3496 2592 aver-

1914 2626 2029 2679 tisti
2061 2628 2418 2696 captivitatem
2473 2629 2664 2686 Iacob.
2726 2630 3021 2702 Postquam
3062 2631 3118 2685 in
3168 2628 3495 2701 praacedenti

1915 2716 2129 2786 psalmo
2162 2717 2259 2774 Dei
2292 2719 2562 2775 adventus
2592 2722 2995 2790 praenuntiatus
3040 2719 3253 2783 fuerat,
3297 2734 3493 2774 conse-

1913 2819 2149 2879 quenter
2172 2809 2229 2864 in
2271 2810 2377 2867 hoc
2403 2813 2615 2882 ereptio
2650 2828 2679 2865 a
2711 2813 2890 2877 malis,
2919 2827 3134 2867 necnon
3157 2811 3494 2882 captivitatis

1912 2900 2297 2965 solutio,venia
2311 2919 2528 2974 quoque
2545 2913 2598 2959 et
2621 2906 2870 2961 remissio
2888 2913 3236 2976 peccatorum
3254 2903 3498 2973 praedici-

1909 2998 2019 3046 tur.
2050 2990 2178 3047 Hazc
2200 2993 2400 3064 quippe
2421 2996 2607 3049 omnia
2633 2995 2723 3051 Dei
2739 2996 2808 3050 ad
2828 2996 3078 3051 homines
3109 2995 3402 3050 adventum
3438 3002 3492 3051 et

1909 3081 2190 3152 reliquain
2208 3084 2475 3152 superiori
2506 3086 2716 3154 psalmo
2746 3088 3027 3141 enuntiata
3079 3084 3493 3156 subsequeban—

1909 3178 2019 3225 tur.
2046 3170 2181 3239 Quia
2206 3172 2352 3227 enim
2376 3174 2433 3227 in
2454 3174 2547 3230 illo
2570 3175 2740 3229 multa
2766 3175 2862 3231 Dei
2885 3175 3405 3242 tabernacula,atria
3436 3185 3491 3231 et

1908 3262 2100 3317 altaria
2118 3263 2173 3317 in
2206 3272 2352 3318 terra
2379 3266 2763 3320 constituenda
2785 3281 2909 3321 esse
2928 3266 3248 3336 praedictum
3275 3266 3488 3335 fuerat;

1907 3352 2212 3425 horumque
2242 3362 2439 3409 auctor
2475 3354 2618 3412 Deus
2646 3363 2765 3412 erat
2787 3356 2856 3411 ad
2902 3357 3153 3414 homines
3181 3366 3445 3414 venturus
3471 3398 3486 3423 .

1906 3461 1971 3500 ac
1999 3448 2326 3503 nominatim
2349 3447 2607 3505 Christus
2629 3449 2721 3504 hic
2753 3451 3203 3521 conspiciendus,
3235 3452 3380 3506 unde
3403 3451 3488 3506 die

1904 3540 2157 3607 cebatur,
2180 3540 2455 3596 Videbitur
2476 3541 2615 3596 Deus
2637 3544 2856 3598 deorum
2884 3546 2937 3598 in
2969 3542 3097 3599 Sion
3119 3558 3138 3611 ;
3173 3560 3237 3600 ac
3266 3561 3483 3609 rursus,

1904 3632 2115 3701 Appare
2176 3632 2244 3688 ad
2289 3634 2479 3703 [aciem
2531 3633 2734 3689 Christi
2788 3636 2913 3689 tui:
2941 3635 3066 3705 jure
3112 3635 3169 3689 in
3232 3636 3486 3707 praesenti
3552 3676 3557 3701 κ

216 3731 553 3799 Ἐπίφανον
591 3732 691 3785 ἐπὶ
736 3731 804 3785 τὸ
847 3733 1173 3800 πρόσωπον
1202 3736 1309 3789 τοῦ
1349 3737 1608 3807 Χριστοῦ
1646 3753 1792 3792 σουε

1908 3723 2113 3795 psalmo
2143 3739 2264 3795 qua:
2286 3740 2383 3795 per
2415 3732 2587 3779 totum
2631 3726 2819 3781 orbem
2856 3725 3039 3779 futura
3074 3734 3205 3780 sunt
3231 3742 3488 3795 praenun-

204 3822 433 3886 εἰκότως
465 3824 524 3876 ἐν
557 3822 635 3895 τῷ
675 3826 1024 3897 προκειμένῳ
1049 3825 1252 3898 ψαλμῷ
1281 3827 1352 3891 τά
1387 3828 1650 3899 μέλλοντα
1678 3829 1796 3883 ἐσε-

204 3915 333 3968 σθαι
362 3914 483 3969 καθ’
513 3916 642 3986 δλης
670 3917 769 3987 τῆς
805 3917 914 3970 τῶν
945 3917 1249 3991 ἀνθρώπων
1270 3921 1597 3992 οἰκουμένης
1628 3938 1796 3993 προας

199 4009 553 4077 ναφωνεῖται.
592 4010 661 4071 Ἃ
687 4008 750 4081 δὴ
787 4010 882 4063 καὶ
912 4011 1270 4082 πεπλήρωται
1302 4012 1394 4071 ἐπὶ
1431 4014 1529 4084 τῆς
1555 4013 1648 4067 τοῦ
1676 4015 1794 4067 Σω-

197 4098 373 4169 τῆρος
401 4098 562 4170 ἡμῶν
589 4100 915 4171 παρουσίας,
940 4102 1060 4154 καθ’
1080 4102 1147 4172 ἢν
1174 4103 1465 4175 εὐδόκησεν
1489 4107 1518 4158 ὁ
1538 4104 1670 4169 Θεὸς
1695 4122 1796 4161 xa—

195 4189 479 4255 ταξιώσας
516 4192 686 4262 αὐτὴν
729 4192 827 4265 τῆς
864 4194 1172 4259 ἐπιδάσεως
1210 4196 1304 4249 τοῦ
1332 4197 1570 4269 Χριστοῦ
1604 4197 1792 4257 αὐτοῦ.

198 4281 381 4335 Πάλαι
413 4280 509 4351 μὲν
537 4281 644 4352 γὰρ
671 4281 856 4353 εἴρητο
882 4281 960 4353 τῷ
995 4282 1432 4354 πρωτοπλᾴστῳο
1469 4284 1560 4351 [⁷ιῆ
1587 4284 1661 4348 εἴ,
1694 4284 1794 4338 καὶ

194 4375 285 4438 εἰς
307 4371 423 4442 γῆν
443 4373 775 4444 ἀπελεύσῃ,
799 4373 914 4438 καὶ,
943 4374 1462 4442 Ἐπικατάρατοςὴ
1488 4376 1563 4445 γῆ
1579 4376 1650 4429 ἐν
1670 4374 1795 4442 τοῖς

194 4464 396 4531 ἔργοις
424 4478 541 4517 σου
561 4479 574 4492 ·
636 4464 728 4516 καὶ
754 4463 913 4527 ἄλλος
944 4462 1240 4535 προφητῶν
1274 4463 1458 4532 ἔλεγεν
1481 4480 1493 4491 ·
1536 4464 1665 4532 Ἀρὰ
1694 4462 1794 4518 καὶ

192 4554 389 4623 φόνος
429 4552 526 4604 καὶ
557 4550 818 4621 ψεῦδος,
850 4552 947 4606 καὶ
979 4551 1180 4620 κλοπὴ
1210 4552 1308 4605 καὶ
1339 4552 1582 4621 μοιχεία
1610 4552 1791 4623 κέχυ-

192 4662 292 4698 ται
320 4641 423 4696 ἐπὶ
453 4640 565 4711 τῆς
598 4641 711 4712 γῆς
730 4660 746 4687 ε
798 4641 896 4701 καὶ
933 4644 1151 4711 αἵματα
1175 4644 1268 4722 ἐφ’
1299 4643 1512 4713 αἵμασι
1536 4643 1793 4714 μίσγου-

191 4752 301 4789 σιν
322 4752 335 4763 ·
386 4734 471 4798 Ὠς
497 4733 553 4786 δὲ
582 4733 843 4805 ἐπεδήμει
874 4737 940 4805 τῇ
968 4738 1038 4807 γῇ
1073 4736 1101 4787 ὁ
1128 4736 1255 4799 Υἱὸς
1277 4735 1371 4789 τοῦ
1401 4736 1566 4803 Θεοῦ,
1605 4737 1699 4790 καὶ
1730 4738 1793 4791 τὸ

187 4827 304 4881 ἀπὸ
336 4825 442 4896 γῆς
470 4825 630 4896 σῶμα
655 4826 996 4896 ἀνελάμδανε
1018 4843 1031 4855 ·
1072 4827 1343 4900 μεταϐολὴ
1374 4828 1658 4901 προτέρων
1688 4829 1795 4898 ἐγί-

189 4937 356 4990 γνετο
379 4919 565 4973 κακῶν
584 4960 598 4985 ,
625 4920 719 4973 καὶ
746 4919 807 4972 τὸ
838 4921 947 4989 πᾶν
979 4920 1079 4991 τῆς
1105 4921 1208 4991 γῆς
1231 4924 1494 4991 στοιχεῖον
1535 4922 1656 4974 ἀντὶ
1694 4922 1792 4991 τῆς

189 5012 469 5086 προτέρας
498 5013 638 5084 ἀρᾶς
666 5010 918 5080 εὐλογίας
951 5011 1086 5065 Θεοῦ
1119 5010 1558 5083 μετελάμϐανεν,
1595 5010 1794 5082 ἐκκλη-

189 5106 311 5159 σίαι
353 5120 413 5156 τε
453 5104 550 5157 καὶ
592 5097 728 5157 οἶκοι
774 5102 853 5174 τῷ
888 5101 1006 5172 Θεῷ
1039 5105 1460 5175 προσευκτήριοι
1507 5101 1629 5154 καθ’
1660 5101 1789 5179 ὅλης

185 5194 294 5264 τῆς
318 5194 645 5266 οἰκουμένης
686 5194 1020 5251 συνίσταντο.
1089 5196 1181 5249 Διὸ
1218 5194 1313 5250 νῦν
1363 5196 1462 5267 μὲν
1502 5195 1783 5249 λέλεκται·

186 5286 556 5354 Εὺδόκηο-ας
575 5330 590 5353 ,
616 5288 795 5356 Κύριε
818 5328 833 5353 ,
880 5287 994 5356 τὴν
1027 5287 1146 5357 γῆν
1173 5303 1290 5343 σου
1315 5307 1328 5320 ν
1369 5292 1426 5342 ἐν
1460 5289 1676 5361 ἑτέροις
1706 5288 1783 5352 δὲ,

182 5379 412 5448 Κύριος
436 5379 866 5443 ἐϐασίλευσεν,
899 5379 1331 5449 ἀγαλλιάσεται
1359 5382 1397 5451 ἠ
1423 5379 1528 5450 γῆ,
1564 5383 1658 5434 καὶ
1684 5382 1787 5435 πά-

184 5473 273 5526 λιν
292 5488 306 5501 ’
339 5473 564 5542 ’ᾼσατε
586 5470 665 5538 τῷ
691 5472 888 5540 Κυρίῳ
914 5470 1083 5531 πᾶσα
1105 5474 1143 5541 ἠ
1171 5472 1262 5544 γῆ.
1302 5475 1540 5538 Εἰκότως
1565 5470 1658 5528 οὖν
1690 5475 1785 5527 καὶ

186 5565 359 5620 αὐτοῦ
393 5566 643 5620 λέλεκται
675 5563 768 5619 τοῦ
799 5564 1003 5636 Κυρίου
1030 5566 1063 5636 ἡ
1094 5567 1167 5636 γῆ
1189 5612 1197 5626 ,
1224 5566 1368 5619 κατὰ
1394 5567 1453 5619 τὸ
1473 5607 1488 5630 ,
1514 5565 1784 5633 Εὺδόκη-

185 5676 331 5724 σας,
350 5657 547 5725 Κύριε,
566 5658 681 5725 τὴν
698 5656 817 5727 γῆν
831 5672 967 5711 σου.
990 5658 1064 5711 Οὐ
1090 5658 1248 5728 μόνον
1269 5657 1376 5726 γὰρ
1394 5658 1597 5727 κτίσμα
1617 5656 1782 5709 αὐτοῦ

187 5751 286 5805 καὶ
308 5750 543 5821 ποίημα,
570 5749 706 5803 ἀλλά
728 5749 821 5802 καὶ
847 5749 1032 5822 κτῆμα
1055 5748 1247 5819 γέγονε
1266 5749 1353 5805 διὰ
1370 5751 1436 5804 τά
1459 5750 1778 5821 λελεγμένα.

1899 3817 2127 3875 tiautur.
2188 3814 2318 3885 Quae
2372 3832 2505 3872 sane
2558 3817 2615 3871 in
2673 3817 2909 3871 adventu
2949 3816 3259 3873 Servatoris
3308 3817 3483 3872 nostri

1898 3908 2168 3977 completa
2196 3915 2325 3963 sunt
2360 3926 2371 3961 :
2411 3923 2523 3978 quo
2550 3907 2811 3977 placitum
2832 3907 2941 3964 Deo
2973 3909 3076 3962 fuit
3104 3920 3302 3963 terram
3322 3908 3485 3961 Curi-

1897 3999 1968 4054 sti
2000 3999 2083 4054 sui
2124 3998 2274 4057 aditu
2304 3998 2541 4070 dignari.
2588 3997 2869 4069 Siquidem
2905 4000 3034 4054 olim
3064 3999 3241 4070 primo
3271 3998 3487 4070 parenti

1897 4094 2105 4148 dictum
2138 4091 2353 4147 fuerat:
2390 4091 2557 4155 Terra
2584 4108 2661 4158 es,
2694 4101 2743 4145 et
2778 4092 2835 4144 in
2876 4102 3073 4146 terram
3105 4094 3377 4146 reverteris
3406 4093 3481 4161 δίς

1895 4193 1969 4247 et,
2002 4180 2295 4239 Maledicta
2346 4190 2489 4244 terra
2539 4182 2595 4237 in
2647 4180 2890 4251 operibus
2940 4183 3045 4237 tuis
3093 4183 3169 4249 ";
3231 4183 3487 4256 aliusque

1898 4275 2162 4355 propheta
2188 4273 2323 4330 dicit
2355 4293 2369 4329 :
2404 4272 2753 4337 Maledictum
2781 4282 2831 4328 et
2862 4273 3029 4329 caedes
3068 4284 3118 4329 et
3144 4274 3481 4331 mendacium

1894 4379 1942 4422 et
1970 4367 2174 4438 furtum
2208 4376 2257 4422 et
2280 4366 2604 4431 adulterium
2624 4368 2795 4436 effusa
2821 4377 2945 4421 sunt
2974 4382 3132 4435 super
3156 4377 3354 4422 terram
3376 4385 3395 4422 :
3427 4380 3476 4423 et

1895 4462 2205 4531 sanguinem
2258 4461 2515 4532 sanguine
2569 4461 2785 4523 miscent
2814 4460 2900 4512 ‘3:
2938 4460 3031 4515 ubi
3075 4468 3258 4516 autem
3303 4458 3482 4520 Filius

1894 4549 1990 4606 Dei
2025 4551 2406 4623 peregrinatus
2440 4558 2525 4605 est
2573 4549 2629 4603 in
2656 4558 2837 4613 terra,
2863 4556 3251 4620 terrenumque
3277 4565 3481 4621 corpus

1896 4646 2214 4715 assumpsit,
2247 4645 2492 4715 priorum
2528 4642 2797 4699 malorum
2838 4642 3149 4696 immutatio
3180 4641 3324 4698 facta
3353 4651 3474 4709 est,

1896 4743 2181 4805 totumque
2208 4744 2368 4791 terra:
2401 4734 2733 4793 elementum
2755 4772 2771 4796 ,
2820 4733 2940 4788 loco
2968 4734 3217 4807 pristina:
3248 4735 3478 4790 maledi-

1895 4829 2117 4893 ctionis,
2146 4827 2585 4891 benedictionem
2622 4826 2877 4881 sortitum
2900 4836 3006 4893 est,
3038 4842 3104 4885 ac
3143 4828 3393 4889 ecclesiae
3423 4838 3479 4887 et

1894 4923 2136 4979 oratoria
2160 4921 2270 4976 Deo
2300 4936 2396 4998 per
2412 4928 2585 4974 totum
2609 4922 2796 4976 orbem
2813 4921 3111 4978 constituta
3130 4930 3278 4985 sunt.
3298 4920 3481 4994 Quare

1889 5016 2003 5087 jam
2038 5016 2261 5080 dicitur,
2283 5014 2613 5070 Benedixisti
2635 5055 2650 5081 ,
2697 5014 2943 5082 Domine,
2973 5025 3170 5069 terram
3199 5023 3347 5068 tuam
3391 5013 3480 5080 “;

1896 5110 1953 5165 in
1983 5109 2104 5165 aliis
2135 5124 2289 5174 vero,
2317 5108 2597 5176 Dominus,
2621 5109 2877 5180 regnavit,
2903 5106 3193 5162 exsultabit
3224 5117 3369 5161 terra
3396 5106 3477 5173 “;

1896 5216 1961 5255 ac
1990 5216 2234 5265 rursum,
2264 5198 2489 5259 Cantate
2518 5198 2767 5264 Domino,
2794 5199 2964 5253 omnis
2996 5208 3139 5254 terra
3160 5198 3227 5253 “.
3284 5195 3483 5251 Merito

1895 5290 2081 5361 itaque
2110 5291 2282 5361 ipsius
2307 5290 2524 5355 Domini
2552 5306 2676 5347 esse
2721 5300 2867 5346 terra
2901 5290 3105 5346 dicitur
3133 5289 3238 5343 hoc
3270 5286 3434 5341 modo
3460 5306 3475 5349 ξ

1894 5385 2249 5452 Benedixisti,
2278 5386 2524 5452 Domine,
2559 5394 2757 5441 terram
2784 5395 2953 5441 tuam.
2981 5385 3101 5440 Non
3137 5383 3283 5439 enim
3320 5380 3478 5451 opilis

1893 5480 2039 5534 cium
2062 5480 2347 5547 duntaxat,
2368 5480 2464 5537 sed
2486 5480 2652 5535 etiam
2681 5480 2960 5551 possessio
2982 5478 3105 5549 ejus
3127 5478 3270 5531 facta
3298 5485 3384 5530 est
3406 5474 3477 5534 oh

1893 5573 2087 5627 allatas
2117 5575 2370 5645 superius
2393 5590 2612 5631 causas.

300 5904 343 5937 “
386 5903 518 5961 Gen.
555 5920 648 5973 ιιι,
683 5904 771 5963 19.
848 5906 893 5939 ⁸³
933 5904 1066 5961 ibid.
1107 5905 1189 5967 l7.
1269 5906 1314 5939 ’⁵³
1351 5905 1480 5964 05c.
1519 5923 1597 5981 ιν,
1624 5907 1678 5963 2.
1756 5907 1799 5939 δ”

1908 5908 1984 5965 al.
2016 5922 2249 5980 Lxxxw,
2284 5907 2340 5966 2.
2418 5909 2464 5942 "
2511 5906 2898 5976 Psal.xcv1,.ii.
2976 5906 3021 5940 "
3061 5904 3207 5969 Psal.
3246 5919 3369 5973 xcv,
3409 5902 3465 5977 1,
