4004 6526
570 429 708 487 1019
1287 426 1555 485 EUSEBII
1596 427 2075 485 CzESARlENSIS
2112 427 2263 485 OPP.
2306 425 2491 481 PARS
2526 392 3107 480 Iil.——EXEGETICA.
3640 413 3746 469 i020

639 545 754 614 Qua
784 546 993 602 ratione
1022 552 1201 599 autem
1229 544 1471 610 dicatur,
1506 546 1756 600 Avertisti
1785 546 2138 614 captivitatem

2312 541 2436 605 Πῶς
2474 540 2533 593 δὲ
2559 539 2771 611 εἴρηται
2798 534 2880 599 τὸ,
2926 531 3320 598 Ἀπέστρεψας
3358 526 3469 594 τὴν
3504 528 3747 594 αίχμωιω-

567 639 756 706 Jacob,
783 638 1048 708 intelliges
1072 652 1139 692 ex
1168 637 1258 691 illa
1302 635 1612 692 Servatoris
1638 652 1805 703 voce,
1850 651 1957 706 qua
1995 636 2137 689 hanc

2259 635 2386 688 γίαν
2426 632 2642 696 Ἰακὼϐ,
2665 630 2877 700 νοήσεις
2910 628 2975 678 ὲκ
3005 624 3102 694 τῆς
3128 620 3392 692 σωτηρίου
3425 618 3609 689 φωνῆς,
3630 619 3681 671 δι’
3700 614 3750 690 ἧς

579 732 733 791 Isaia:
766 707 1105 801 prophetiam
1129 767 1144 793 ,
1202 727 1433 798 Spiritus
1471 727 1684 781 Domini
1715 744 1871 797 super
1916 743 2029 788 me,
2080 743 2139 781 eo

2259 724 2338 794 τὴν
2370 724 2619 792 φήσασαν
2650 718 2742 772 τοῦ
2784 716 3005 773 Ἡσαΐου
3036 710 3399 785 προφητείαν,
3428 707 3643 774 Πνεῦμα
3669 710 3752 759 Κυ-

568 822 706 895 quod
739 823 950 877 unxerit
980 838 1081 885 me,
1120 820 1479 890 euangelizare
1512 818 1825 887 pauperibus
1846 819 1991 872 misit
2020 833 2100 870 me
2125 856 2140 882 ,

2259 814 2373 866 που
2396 812 2488 871 ἐπ’
2506 808 2631 879 ἐμὲ,
2646 805 2715 864 οὗ
2739 808 2947 862 ἕνεκεν
2966 803 3185 872 ἕχρισέ·
3196 818 3290 871 με,
3313 798 3753 866 εὐαγγελίσασθαι

567 915 859 984 ρηεάίεανε
894 912 1112 981 captivis
1139 911 1522 973 dimissionem,
1557 921 1606 965 et
1637 912 1788 966 cwcis
1823 911 1962 964 visus
1991 909 2144 964 resti-

2259 902 2504 974 πτωχοῖς
2559 897 2908 957 ἀπέσταλκει
2948 913 3062 965 με,
3114 892 3364 961 κηρῦξαι
3422 890 3755 984 αὶχμαίώτοις

572 983 825 1063 tationem
853 1004 919 1068 ",
942 1018 1065 1062 cum
1096 1001 1341 1073 legisset,
1371 1001 1600 1066 addidit,
1638 1000 1811 1054 Hodie
1835 1001 2048 1068 impleta
2068 1005 2145 1051 est

2259 996 2467 1064 ἄφεσιν
2492 993 2588 1048 καὶ
2612 990 2863 1061 τυφλοῖς
2880 988 3233 1054 ἀνάϐλεψιν,
3252 984 3511 1052 ἀναγνοὺς
3533 983 3754 1051 ἐπήγαγε,

570 1096 682 1155 haec
712 1093 982 1164 prophetia
1008 1093 1062 1148 in
1083 1071 1300 1151 auribus
1319 1092 1505 1149 vestris
1528 1091 1595 1159 ⁸⁸,
1625 1090 1680 1145 in
1723 1105 1784 1148 se
1816 1089 2146 1158 completum

2259 1087 2520 1156 Σήμερον
2548 1082 2930 1151 πεπλήρωται
2966 1081 3003 1147 ἡ
3042 1075 3372 1147 προφητεία
3407 1072 3549 1164 αὕτη
3592 1071 3757 1164 έντᾶς

568 1162 854 1240 oraculum
885 1181 1221 1254 signiﬁcans.
1254 1181 1394 1249 Quia
1425 1182 1638 1243 scilicet
1664 1182 1783 1252 ipse
1812 1178 2072 1238 Servator
2092 1185 2149 1234 et

2259 1177 2398 1233 ὠσὶν
2422 1175 2609 1246 ὑμῶν,
2643 1174 2909 1228 διδάσκων
2942 1172 3022 1232 είς
3049 1167 3240 1231 ἑαυτὸν
3269 1162 3595 1236 πληροῦσθαι
3618 1164 3667 1216 τὸ
3697 1163 3759 1254 λζ’)-

570 1276 884 1347 redemptor
903 1275 1211 1335 animarum
1240 1274 1524 1335 hominum
1573 1281 1754 1339 esset,
1784 1288 1924 1345 quas
1950 1287 1981 1326 a
2012 1272 2149 1328 dura

571 1367 954 1438 multiplicium
998 1367 1285 1426 numinum
1314 1367 1521 1424 erroris
1564 1374 1619 1423 et
1647 1365 1955 1423 dmmonum
1984 1378 2150 1420 vexa-

571 1460 740 1517 ticnis
761 1460 1047 1525 servitute,
1065 1460 1263 1516 solutis
1282 1466 1630 1531 peccatorum
1664 1456 1921 1521 vinculis,
1954 1455 2150 1511 libera-

573 1552 687 1615 bat.
718 1551 873 1618 Quod
900 1554 1065 1609 etiam
1105 1553 1159 1607 in
1197 1552 1453 1622 prresenti
1480 1551 1691 1621 psalmo
1733 1547 2024 1603 denotatur
2064 1546 2153 1603 his

573 1643 759 1699 verbis
784 1662 797 1694 τ
833 1673 905 1691 -τ
926 1640 1095 1704 Vens.
1124 1642 1179 1699 ὅ.
1218 1641 1491 1696 Remisisti
1516 1640 1821 1711 iniquitates
1842 1636 1979 1706 plebi
2011 1645 2114 1691 tua:
2134 1676 2150 1702 ,

575 1735 827 1806 operuisti
876 1736 1056 1789 omnia
1097 1742 1310 1803 peccata
1358 1748 1558 1788 eorum.
1613 1730 1934 1800 Iniquitates
1970 1736 2154 1784 autem

574 1827 839 1881 remissas
890 1832 945 1878 et
995 1831 1216 1895 opertas
1260 1821 1401 1877 alius
1448 1821 1575 1877 item
1634 1834 1814 1876 sermo
1856 1818 2149 1873 meminit:

2248 1285 2385 1340 γιον.
2414 1268 2535 1321 Ὅτι
2579 1266 2644 1338 δὴ
2682 1264 2844 1327 αὐτὸς
2873 1259 2940 1334 ἧν
2983 1261 3011 1313 ὁ
3049 1259 3238 1329 Σωτὴρ
3276 1257 3370 1309 καὶ
3402 1254 3651 1325 λυτρωτὴς
3684 1253 3758 1304 τῶν

2250 1357 2607 1431 ἀνθρωπίνων
2638 1354 2849 1426 ψυχῶν,
2877 1351 2941 1416 ἃς
2972 1350 3079 1405 ἀπὸ
3102 1347 3201 1418 τῆς
3236 1348 3438 1418 πικρᾶς
3461 1344 3672 1405 δουλείας
3687 1342 3759 1411 τῆς

2251 1450 2510 1506 πολυθέου
2539 1447 2747 1517 πλάνης
2773 1445 2868 1499 καί⁸
2898 1442 2996 1514 τῆς
3026 1439 3342 1510 δαιμονικῆς
3371 1435 3631 1507 ἐνεργείας
3647 1431 3762 1502 ἠλευ-

2253 1540 2436 1615 θέρου,
2466 1539 2635 1603 λύσας
2657 1536 2836 1592 αὐτῶν
2867 1536 2965 1599 τὰς
2998 1532 3183 1606 σειρὰς
3203 1531 3313 1585 τῶν
3346 1527 3699 1602 ἁμαρτιῶν.’0
3716 1524 3763 1594 δὴ

2252 1634 2348 1689 καὶ
2386 1632 2517 1686 αὐτὸ
2569 1630 2897 1701 παρίσταται
2931 1626 3019 1681 διὰ
3064 1624 3159 1679 τοῦ
3200 1621 3558 1696 προκειμένου
3601 1616 3763 1687 ψαλμοῦ

2254 1726 2587 1797 φάσκοντος·
2633 1719 2891 1790 Ἁφῆκας
2944 1717 3050 1784 τὰς
3098 1715 3352 1786 ἀνομίας
3402 1710 3481 1777 τῷ
3506 1708 3618 1773 λαῷ
3653 1724 3763 1768 σου,

2260 1814 2577 1883 magna“
2605 1812 2808 1876 πάσας
2851 1809 2958 1875 τὰς
2988 1808 3278 1879 ἁμαρτίας
3321 1802 3536 1858 αὐτῶν.
3570 1800 3765 1869 ’Δνομίςις

577 1910 732 1965 Beati
752 1927 975 1981 quorum
1015 1889 1249 1967 remissa:
1280 1920 1402 1965 sunt
1455 1910 1756 1981 iniquitates
1782 1949 1797 1972 ,
1844 1917 1894 1962 et
1930 1924 2152 1978 quorum

2259 1906 2310 1961 δὲ
2343 1905 2644 1977 ἀφιεμένας
2664 1902 2758 1957 κα)¹
2802 1900 3215 1986 καλυπτομένας
3251 1893 3361 1951 οἶδε
3396 1896 3489 1956 καὶ
3520 1889 3710 1986 ἀλλαχοῦ
3746 1890 3766 1940 ὸ

580 2008 717 2054 tecta
752 2012 874 2055 sunt
903 2011 1119 2069 peccata
1162 2000 1226 2054 δ’.
1259 1998 1353 2055 His
1384 2015 1547 2071 porro
1579 1997 1818 2069 Spiritus
1860 1997 2152 2071 signiﬁcat,

577 2092 935 2163 pristinorqu
989 2103 1341 2163 peccatorum
1387 2090 1767 2146 remissionem
1813 2089 1911 2159 iisf,
1952 2090 2044 2160 qui
2090 2105 2156 2145 ex

578 2185 849 2251 spirituali
892 2186 1197 2239 animarum
1229 2184 1543 2254 captivitate
1597 2182 1867 2252 redempti
1917 2191 2086 2250 sunt,
2126 2197 2157 2235 a

580 2275 870 2331 Servatore
890 2291 1206 2332 concessam
1230 2295 1243 2331 :
1279 2274 1480 2346 quibus
1500 2318 1519 2342 ,
1548 2275 1593 2329 si
1626 2283 1749 2345 post
1778 2274 2156 2330 remissionem

578 2367 776 2421 iterum
800 2369 1167 2437 peccaverint,
1211 2383 1321 2423 non
1353 2367 1597 2423 secundo
1638 2375 1862 2437 peccata
1900 2366 2154 2431 remittit,

581 2461 676 2515 sed
704 2460 899 2529 operit.
944 2458 1078 2514 Nam
1129 2460 1198 2515 ab
1238 2459 1332 2513 illo
1376 2473 1699 2514 concessum
1743 2466 1865 2523 est,
1907 2468 1968 2512 ut
2001 2458 2159 2514 bonis

578 2549 837 2619 aper-ibus
876 2547 1118 2603 secundo
1155 2548 1323 2619 gestis
1366 2548 1597 2618 pristina
1625 2547 1825 2603 delicta
1864 2558 2160 2620 contegan-

581 2647 691 2695 tur.
712 2638 837 2694 Hzec
860 2655 986 2695 vero
1007 2640 1189 2696 omnia
1210 2641 1329 2695 orbi
1354 2649 1536 2706 terra),
1554 2640 1809 2696 videlicet
1831 2640 1979 2695 illam
2007 2643 2161 2696 inco-

580 2732 922 2796 colentibus,
956 2747 1052 2803 per
1094 2731 1394 2788 Salvatoris
1444 2732 1737 2788 adventum
1779 2732 2161 2788 universorum

581 2822 726 2878 Deus
755 2825 1013 2896 elargitus
1034 2832 1138 2888 est,
1157 2824 1344 2879 sedata
1374 2825 1455 2879 ira
1474 2841 1537 2880 ac
1556 2825 1800 2895 mitigato
1831 2824 2033 2890 furore,
2055 2840 2163 2895 quo

580 2914 801 2984 quidem
834 2922 993 2970 antea
1019 2917 1307 2986 terrigenae
1344 2917 1421 2970 illi
1453 2916 1601 2986 digni
1644 2924 1821 2980 erant,
1855 2917 1926 2971 ob
1965 2917 2162 2987 impie-

580 3007 715 3062 tatis
750 3009 1189 3077 exsuperantiam
1237 3008 1444 3063 inimici
1489 3009 1610 3078 ejus
1644 3008 1859 3074 eliecti;
1913 3019 1969 3063 at
2019 3009 2163 3064 Deus

582 3099 704 3169 ipse
730 3109 868 3165 erat,
891 3101 983 3169 qui
1021 3101 1073 3154 in
1098 3100 1319 3157 Christo
1368 3100 1474 3157 sibi
1522 3100 1789 3155 mundum
1840 3102 2165 3156 reconcilia-

584 3191 699 3253 hat,
724 3207 901 3261 neque
929 3193 1063 3262 ipsis
1094 3194 1325 3262 pristina
1358 3201 1581 3262 peccata
1614 3193 1937 3262 imputabat.
1961 3192 2166 3258 Quam-

2258 1998 2482 2069 φάσκων
2515 1996 2671 2064 λόγος
2689 2010 2702 2023 ·
2735 1991 3024 2061 Μακάριοι
3043 1984 3131 2048 ὧν
3155 1988 3470 2069 ἀφέθησαν
3494 1987 3548 2038 ai
3568 1982 3765 2050 ἀνομίαι,

2258 2092 2358 2144 καὶ
2375 2085 2462 2143 ὧν
2486 2088 2918 2156 ἐκαλύφθησαν
2946 2088 3003 2138 αὶ
3027 2083 3301 2153 ἁμαρτίαι
3323 2098 3337 2110 ·
3368 2078 3617 2149 Σημαίνει
3706 2073 3767 2124 διὰ

2258 2182 2463 2236 τούτων
2504 2180 2566 2233 τὸ
2612 2176 2837 2249 Πνεῦμα
2880 2177 2978 2249 τὴν
3020 2176 3125 2229 ὑπὸ
3156 2173 3249 2227 τοῦ
3299 2171 3553 2251 Σωτῆρος
3591 2166 3767 2235 δεδωπ-

2262 2275 2429 2345 μένην
2462 2272 2652 2341 ἄφεσιν
2684 2270 2792 2323 τῶν
2818 2268 3098 2340 προτέρων
3138 2264 3546 2337 ἁμαρτημάτων
3581 2263 3672 2321 τοῖς
3694 2257 3768 2309 ἀπὸ

2259 2366 2360 2436 τῆς
2391 2364 2588 2434 νοητῆς
2609 2365 2725 2416 τῶν
2747 2361 2936 2433 ψυχῶν
2969 2358 3348 2431 αἰχμαλωσίας
3374 2351 3765 2425 λελυτρωμένοις’

2260 2454 2363 2523 οἷς,
2392 2461 2440 2512 εί
2472 2457 2611 2529 μετὰ
2631 2458 2730 2528 τὴν
2757 2456 2951 2525 ἄφεσιν
2975 2454 3135 2507 πάλιν
3167 2453 3485 2524 ἁμάρτοιεν,
3509 2447 3665 2501 οὐκέτι
3688 2444 3769 2495 δευ-

2261 2551 2320 2603 τέ
2329 2568 2426 2622 ραν
2449 2550 2660 2619 ἄφεσιν,
2685 2545 3143 2615 ἀλλ”ἑπικάλυψιν
3171 2543 3457 2615 ἁμαρτιῶν
3481 2534 3770 2611 παρέχει.Διέ

2263 2642 2374 2715 γὰρ
2420 2642 2687 2712 δευτέρων
2746 2638 3188 2711 κατορθωμάτων
3251 2635 3545 2689 καλύπτειν
3584 2630 3641 2683 τὰ
3677 2644 3772 2697 προ-

2261 2734 2630 2808 ημαρτημένα
2678 2729 3047 2802 συνεχώρησε.
3093 2727 3278 2782 Ταῦτα
3318 2726 3381 2779 δὲ
3427 2725 3593 2778 πάντα
3620 2724 3671 2791 τῇ
3696 2719 3770 2771 τῶν

2262 2827 2567 2899 ἀνθρώπων
2599 2827 2692 2897 γῇ,
2735 2825 2829 2879 καὶ
2860 2823 3059 2896 δηλαδὴ
3097 2822 3211 2884 τοῖς
3249 2816 3589 2873 κατοικοῦσιν
3630 2811 3768 2899 αὐτῇ.

2262 2919 2351 2973 διὰ
2372 2898 2483 2988 τῆς
2524 2916 2619 2970 τοῦ
2667 2915 2919 2987 Σωτῆρος
2964 2911 3257 2983 ἐπιδημίας
3299 2911 3333 2963 ὁ
3378 2904 3487 2961 τῶν
3527 2904 3643 2957 ὅλων
3680 2898 3771 2959 Θεὸς

2265 3009 2602 3081 ἐδωρήσατο,
2649 3004 3011 3067 καταπαύσας
3042 3002 3141 3073 τὴν
3178 2999 3352 3072 ὀργὴν
3396 2999 3490 3052 καὶ¹
3527 2996 3606 3047 τὸν
3632 2990 3768 3059 θυμὸν.

2263 3096 2338 3156 ῶν
2363 3101 2502 3166 ἄξιοι
2527 3101 2588 3154 τὸ
2623 3100 2751 3172 πρὶν
2783 3097 3079 3167 ἐτύγχανον
3097 3095 3148 3147 οί
3170 3093 3267 3165 τὴν
3287 3092 3400 3162 γῆν
3425 3087 3684 3147 οἰκοῦντες,
3708 3082 3770 3135 ita

2264 3195 2329 3267 δὴ
2363 3194 2549 3266 ἐχθροὶ
2589 3193 2743 3255 ὄντες
2786 3190 2950 3244 αὑτοῦ
2981 3188 3069 3242 διὰ
3096 3187 3195 3250 τάς
3229 3185 3341 3239 τῶν
3376 3180 3620 3237 ἀσεϐειῶν
3647 3173 3772 3267 σὺτῷ

586 3284 776 3336 obrem
807 3283 1015 3337 dictum
1043 3291 1127 3338 est
1156 3302 1169 3337 :
1204 3313 1275 3324 —-
1305 3282 1471 3339 Vens.
1511 3283 1630 3339 4-7.
1666 3282 1721 3335 Μ
1730 3284 1931 3353 itigasti
1960 3300 2164 3337 omnem

2269 3266 2606 3358 ὑπερϐολάς*
2641 3282 2779 3336 ἀλλά
2805 3281 2937 3343 Θεὸς
2968 3275 3035 3351 ἦν
3072 3280 3129 3330 ἐν
3158 3276 3389 3349 Χριστῷ
3416 3274 3605 3343 κόσμον
3628 3266 3771 3321 καταλ-

585 3375 728 3428 iram
757 3384 924 3436 tuam,
968 3376 1201 3428 avertisti
1240 3374 1306 3428 ab
1334 3376 1419 3428 ira
1454 3374 1832 3444 indignationis
1864 3385 1987 3430 tum.
2025 3375 2165 3429 Con-

588 3474 725 3519 verte
746 3483 862 3529 nos,
886 3466 1027 3520 Deus
1051 3466 1373 3520 salutarium
1403 3474 1725 3531 nostrorum,
1748 3475 1797 3519 et
1828 3476 1999 3520 averte
2025 3468 2165 3520 iram

590 3547 740 3611 tuam
764 3575 797 3612 ι
828 3558 996 3613 nobis.
1027 3556 1285 3628 Nunquid
1331 3558 1385 3611 in
1417 3568 1670 3611 aeternum
1699 3557 1946 3613 irasceris
1976 3558 2168 3615 nobis?

592 3660 687 3703 aut
723 3649 967 3705 extendes
998 3650 1134 3702 iram
1166 3658 1312 3703 tuam
1350 3667 1383 3703 a
1418 3650 1758 3719 generatione
1778 3651 1832 3703 in
1872 3652 2168 3721 generatio-

590 3745 746 3799 nem?
788 3742 948 3805 Deus,
969 3750 1024 3795 tu
1044 3751 1345 3795 convertens
1368 3743 1655 3811 viviﬁcabis
1678 3759 1795 3808 nos,
1826 3752 1876 3797 et
1906 3744 2049 3812 plebs
2076 3755 2168 3798 tua

591 3834 863 3889 lwtabitur
907 3835 963 3887 in
1019 3842 1087 3891 te.
1122 3833 1313 3889 Priora
1347 3834 1567 3904 quidem
1601 3833 1670 3889 de
1715 3833 1916 3891 futuris
1965 3837 2018 3890 in
2053 3843 2170 3891 toto

591 3926 727 3981 urbe
753 3926 1282 3995 praenuntiabantur,
1305 3943 1426 3995 qua:
1456 3928 1757 3982 secundum
1776 3928 2029 3997 superius
2054 3935 2169 3983 tra-

591 4017 764 4072 ditam
782 4017 1287 4087 interpretationem
1316 4018 1371 4072 in
1402 4017 1637 4073 adventu
1660 4016 1964 4073 Salvatoris
1992 4018 2169 4074 nostri

593 4108 664 4162 ad
700 4107 858 4163 tinem
889 4108 1126 4163 deducta
1155 4116 1303 4164 sunt.
1341 4108 1468 4165 Haec
1497 4125 1627 4165 vero
1670 4126 1791 4181 quae
1841 4116 2167 4173 tractamus,

592 4201 894 4254 orationem
926 4201 1208 4255 continent
1247 4216 1346 4271 pro
1380 4202 1581 4271 populo
1612 4218 1681 4258 ex
1728 4202 2167 4257 circumcisione.

594 4289 734 4357 Quia
767 4290 913 4344 enim
945 4290 1206 4359 propheta
1235 4290 1422 4345 divino
1450 4291 1663 4348 aillatus
1692 4290 1899 4362 Spiritu
1929 4290 2177 4347 Iudaica:

591 4381 771 4450 gentis
797 4396 927 4450 erga
966 4380 1245 4436 Christum
1294 4382 1732 4437 incredulitatem
1759 4380 2128 4451 prospiciebat
2153 4420 2169 4446 ,

592 4486 809 4527 necnon
833 4470 1129 4525 vindictam
1145 4471 1447 4527 facinorum
1465 4487 1631 4527 causa
1645 4456 1777 4541 ipsis
1794 4470 2168 4541 inﬂigendam;

593 4560 738 4615 hanc
792 4576 893 4631 pro
938 4561 1075 4632 ipsis
1128 4564 1433 4618 orationem
1490 4562 1692 4617 emittit
1731 4567 2170 4631 peropportune;

2271 3379 2484 3433 λάσσων
2512 3375 2722 3447 ἑαυτῷ,
2754 3375 2827 3445 μὴ
2858 3372 3203 3443 λογιζόμενος
3234 3370 3291 3422 δὲ
3334 3369 3518 3430 αὐτοῖς
3556 3364 3615 3417 τὰ
3646 3375 3772 3428 παρσ-

2273 3469 2561 3541 πτὼματα.
2597 3467 2687 3521 Διὸ
2724 3467 3002 3521 λέλεκται·
3036 3466 3440 3527 Κατέπαυσας
3482 3455 3662 3513 πᾶσαν
3698 3450 3773 3513 τὴν

2273 3561 2459 3632 ὀργήν
2492 3576 2638 3626 σου,
2672 3559 3060 3627 ἀπέστρεψας
3096 3556 3214 3611 ἀπὸ
3262 3553 3450 3624 ὀργῆς
3492 3546 3656 3619 θυμοῦ
3679 3560 3771 3597 σου.

2288 3656 2684 3722 Ἐπίστρεψον
2713 3650 2891 3722 ἡμᾶς,
2917 3654 2949 3704 ό
2981 3649 3127 3715 Θεὸς
3162 3646 3282 3701 τῶν
3314 3643 3611 3712 σωτηρίων
3640 3634 3773 3705 ἡμῶν.

2275 3745 2372 3798 καί
2394 3745 2781 3813 ἀπόστρεψον
2804 3742 2912 3796 τὸν
2935 3742 3127 3810 θυμόν
3152 3753 3268 3793 σου
3289 3737 3393 3805 ἀφ’
3414 3732 3591 3803 ἡμῶν.
3624 3729 3699 3793 Μὴ
3720 3726 3773 3784 εἰς

2275 3834 2381 3887 τὸν
2444 3833 2637 3887 αἰῶνα
2682 3831 3017 3904 όργισθήσῃ
3060 3830 3247 3900 ἠμῖν;
3285 3829 3323 3897 ἣ
3388 3822 3652 3886 διατενεῖς
3700 3816 3773 3878 τὴν

2276 3925 2464 3996 ὀργήν
2496 3940 2615 3980 σου
2651 3923 2769 3979 ἀπὸ
2818 3922 3030 3994 γενεᾶς
3060 3926 3145 3990 είς
3186 3919 3439 3991 revectae;
3474 3918 3525 3970 ’0
3567 3912 3699 3975 Θεὸς,
3723 3907 3774 3959 σὺ

2276 4016 2648 4087 ἐπιστρέψας
2694 4016 2944 4084 ζιικῦσεις
2976 4015 3168 4086 ἡμᾶς,
3215 4015 3313 4068 καὶ
3356 4017 3391 4069 ὀ
3419 4011 3563 4075 λαός
3581 4020 3679 4061 σου
3711 4000 3774 4053 εὑ·

2278 4108 2683 4180 φρανθήσεται
2702 4110 2802 4164 ἐπὶ
2826 4111 2947 4164 σοί.
2965 4110 3046 4162 Τὰ
3075 4110 3174 4180 μὲν
3192 4107 3435 4180 πρότερα
3457 4095 3777 4177 προεφητεὺετθ

2278 4202 2407 4272 περὶ
2447 4200 2555 4255 τῶν
2588 4200 2968 4271 γενησομένων
3001 4199 3120 4252 καθ’
3148 4198 3277 4269 ὅλης
3310 4198 3413 4268 τῆς
3442 4196 3559 4265 γῆς,
3580 4192 3612 4246 ἃ
3638 4188 3688 4255 δὴ
3714 4180 3776 4236 καὶ

2276 4271 2465 4356 τέλους
2492 4292 2648 4363 ἔτυχε
2677 4293 2764 4345 διὰ
2796 4292 2895 4361 τῆς
2927 4290 3229 4362 παρουσίας
3267 4289 3363 4343 τοῦ
3410 4286 3639 4356 Σωτῆρος
3670 4271 3776 4346 ἡμᾶν

2279 4384 2421 4438 κατὰ
2448 4385 2551 4455 τὴν
2584 4384 2941 4437 ἀποδοθεῖσαν
2969 4383 3265 4453 ἑρμηνείαν
3283 4397 3298 4411 ⁸
3329 4380 3400 4433 τά
3429 4379 3485 4431 δὲ
3519 4370 3777 4445 προκείμενα

2280 4477 2445 4548 εὐχὴν
2474 4476 2715 4546 περιέχει
2750 4475 2888 4544 ὑπὲρ
2910 4473 3005 4526 τοῦ
3041 4476 3103 4526 ἐκ
3132 4473 3435 4545 περιτομῆς
3465 4466 3603 4522 λαοῦ.
3626 4455 3777 4522 Ἐπιδὴ

2279 4567 2389 4638 γὰρ
2416 4569 2445 4620 ὁ
2480 4567 2763 4638 προφήτης
2793 4566 3050 4637 προεώρα
3077 4564 3155 4635 τῷ
3182 4563 3309 4634 θείῳ
3350 4560 3611 4630 Πνεύματι
3636 4553 3709 4621 τὴν
3728 4549 3779 4604 εἰς

592 4652 673 4706 ita
708 4659 768 4706 ut
803 4652 955 4707 nulla
982 4653 1036 4707 in
1068 4653 1282 4723 psalmo
1310 4652 1678 4708 contradictio
1705 4651 2164 4721 deprehendatur,

2274 4659 2367 4713 τὸν
2402 4658 2635 4730 Χριστὸν
2655 4658 2938 4712 ἀπείθειαν
2968 4656 3061 4711 τοῦ
3096 4654 3367 4711 Ἰουδαίων
3395 4655 3587 4715 ἔθνους,
3614 4646 3687 4701 καὶ
3713 4640 3779 4706 τὴν

574 4744 741 4814 quod
771 4759 895 4799 cum
944 4746 1103 4799 initio
1156 4746 1380 4801 meliora
1441 4745 1563 4801 orbi
1606 4745 1937 4800 vaticinatus
1983 4752 2173 4808 esset,

565 4855 573 4883 ι
590 4840 703 4908 jam
731 4839 888 4908 quasi
919 4839 1055 4892 nihil
1086 4838 1213 4893 boni
1241 4839 1498 4893 collatum
1553 4838 1625 4893 sit
1660 4853 1852 4908 preces
1900 4837 2172 4891 instituat.

594 4932 779 4987 Prima
806 4932 989 5000 itaque
1019 4931 1087 4985 de
1110 4931 1392 4987 beneﬁciis
1448 4945 1479 4983 a
1514 4930 1801 4984 Salvatore
1832 4937 2024 4982 nostro
2073 4929 2177 4983 hu-

594 5034 760 5073 mano
778 5021 960 5090 generi
976 5019 1347 5077 concedendis
1368 5021 1629 5091 praedicta
1653 5021 1901 5086 fuerant;
1933 5018 2177 5074 secundo

594 5116 779 5164 autem
828 5110 949 5166 loco
992 5125 1093 5181 pro
1140 5110 1547 5169 contribulihus
1605 5124 1637 5163 a
1690 5108 1954 5179 propheta
1984 5122 2177 5178 preces

594 5203 957 5271 emittuntur,
1000 5214 1062 5260 ut
1099 5207 1180 5259 ira
1230 5204 1381 5275 ipsos
1411 5204 1670 5258 invasura
1702 5202 1953 5269 sedetur;
2012 5210 2177 5273 atque

595 5294 699 5365 ipsi
731 5294 951 5351 demum
987 5295 1081 5352 Dei
1118 5295 1187 5351 ad
1226 5310 1287 5351 se
1321 5294 1718 5358 conversione,
1772 5300 1935 5363 atque
1981 5292 2072 5346 illa
2123 5295 2177 5349 in

593 5388 817 5443 Christo
845 5386 940 5443 Dei
967 5388 1153 5444 laetitia
1183 5386 1334 5457 digni
1364 5386 1691 5441 habeantur.

2280 4750 2738 4822 καταληψομένην
2776 4753 2973 4816 αὐτοὺς
3019 4750 3189 4825 ὀργὴν
3220 4750 3329 4803 τῶν
3367 4735 3778 4825 τολμηθησομένιιιν

2278 4842 2464 4905 αὐτοῖς
2518 4843 2703 4898 ἕνεκεν
2728 4885 2743 4909 ,
2805 4845 3032 4909 εἰκότως
3102 4844 3200 4915 τὴν
3257 4838 3608 4913 προκειμένην
3665 4824 3779 4895 εὐχὴν

2280 4934 2423 5004 ὑπὲρ
2448 4936 2628 4989 αὐτῶν
2661 4937 2977 5008 ἀναπέμπει
2999 4954 3013 4967 ’
3054 4936 3130 5000 ῶς
3175 4936 3371 5008 μηκέτι
3412 4932 3577 4986 δοκεῖν
3604 4928 3778 4978 ἐναντιο-

2279 5026 2467 5096 λογίαν
2495 5029 2773 5102 περιέχειν
2800 5030 2894 5083 τὸν
2926 5030 3163 5102 ψαλμὸν,
3189 5028 3445 5097 ἀνωτέρω
3471 5024 3563 5095 μὲν
3596 5018 3653 5070 τά
3684 5023 3777 5082 Χρη³

2280 5119 2510 5193 στότερα
2531 5122 2864 5177 θεσπίσαντα
2900 5124 3047 5195 πάσῃ
3078 5125 3145 5193 τῇ
3170 5124 3265 5192 γῆν
3314 5121 3371 5172 ἐν
3396 5118 3453 5171 δὲ
3489 5116 3589 5175 τοῖς
3614 5118 3773 5203 779715,:-

2283 5210 2487 5281 μένοις,
2518 5213 2595 5277 ὡς
2630 5214 2856 5283 μηδενὸς
2892 5213 3100 5283 ἀγαθοῦ
3138 5210 3521 5284 πεπραγμένου
3548 5203 3633 5271 τὴν
3664 5196 3778 5284 εὐχὴν

2278 5302 2564 5367 διεξιόντα.
2606 5306 2689 5360 Τὰ
2715 5308 2895 5361 τοίνυν
2932 5306 3128 5379 πρῶτα
3162 5305 3292 5375 περὶ
3338 5302 3445 5355 τῶν
3486 5296 3564 5351 διὰ
3591 5289 3668 5345 τοῦ

2279 5394 2447 5466 τῆρος
2476 5396 2635 5467 ἡμῶν
2674 5372 3118 5473 παρασχεθευισῶν
3148 5372 3249 5469 τῷ-
3271 5394 3379 5448 τῶν
3420 5385 3684 5459 ἀνθρώπιον

597 5483 926 5554 εὐεργεσιῶν
945 5480 1377 5554 προεφητεύετο·
1402 5479 1471 5533 τὰ
1496 5478 1553 5533 δὲ
1584 5478 1812 5551 δεύτερα
1863 5481 1893 5533 ὁ
1923 5483 2206 5555 προφήτης
2246 5464 2386 5558 ὑπὲρ
2594 5464 2893 5565 ὁμοεθνῶν-
2935 5491 3153 5563 εύχεται
3179 5464 3209 5555 ,⁷
3243 5486 3495 5543 ἱκετεύων
3542 5464 3776 5565 muscae“:

598 5575 701 5646 μὲν
770 5576 873 5647 τὴν
912 5576 1033 5629 κατ’
1108 5571 1290 5626 αὐτῶν
1343 5569 1513 5641 ὀργὴν
1538 5612 1554 5639 ,
1585 5569 1985 5644 καταξιωθῆναι
2037 5573 2095 5627 δὲ
2156 5576 2251 5631 καὶ
2287 5580 2487 5647 αὐτοὺς
2523 5562 2641 5655 τῆς
2666 5585 2759 5639 τοῦ
2812 5584 2948 5641 Θεοῦ
2981 5562 3316 5657 ἐπιστροφῆς
3353 5580 3444 5636 καὶ
3485 5575 3575 5645 τῆς
3617 5562 3690 5619 ἐπὶ
3722 5568 3775 5621 τῳ

595 5671 823 5745 Χριστῷ
845 5670 938 5725 τοῦ
970 5669 1107 5724 θεοῦ
1141 5666 1498 5740 εὐφροσύνης.

670 5874 714 5906 ⁸⁷
755 5870 858 5929 lsa.
892 5883 1016 5937 ιιι.
1050 5870 1102 5927 1.
1181 5869 1225 5903 ⁸⁸
1264 5868 1397 5930 Luc.
1431 5884 1504 5940 iv,
1540 5869 1626 5927 18.
1708 5868 1749 5902 ³⁸
1782 5866 2176 5936 Psal.xxx1,i.
