4004 6530
240 405 375 469 1021

1374 394 1882 473 οοιῑιιιξΝτΑιιιΑ
1921 416 1989 473 IN
2027 418 2364 478 PSALMOS.

3368 434 3508 492 M22

310 524 521 586 Δεῖξον
564 525 732 597 ἡμῖν,
761 527 962 597 Κύριε,
997 530 1065 584 τὸ
1098 529 1274 599 ἔλεός
1306 548 1424 589 σου
1458 536 1556 591 καί
1596 539 1662 591 τὸ
1702 554 1804 593 σω

1992 539 2161 598 Vens.
2197 543 2252 598 8.
2296 543 2524 600 Ostende
2565 544 2751 614 nobis,
2800 549 3054 617 Domine,
3088 553 3506 610 misericordiam

212 650 215 651 ν
240 619 447 687 eripior
478 635 595 674 σου
616 620 771 689 δῴης
804 622 968 693 ἡμῖν.
994 625 1114 677 Ἔτι
1148 626 1243 681 καὶ
1275 627 1451 681 ταῦτα
1471 632 1500 682 ὁ
1526 631 1822 703 Προφήτης

234 710 480 780 εὔχεται,
510 712 767 768 ἱκετεύων
802 715 1201 788 καταξιωθῆναι
1227 719 1321 773 καὶ
1343 721 1505 785 αὐτὸς
1527 722 1821 794 ὀφθαλμοῖς

238 803 583 873 παραλαϐεῖν
614 794 684 859 τά
711 807 970 877 μέλλοντα
1003 809 1223 864 ἔσεσθαι
1262 812 1351 866 διὰ
1382 813 1477 866 τοῦ
1513 815 1697 879 ἐλέους
1726 815 1819 869 τοῦ

233 890 398 956 Θεοῦ,
423 892 459 946 ἃ
481 893 546 965 δὴ
565 896 624 948 ὲν
648 898 761 959 τοῖς
785 897 1043 970 ἀνωτέρω
1062 903 1485 973 προεφητεύετο.
1508 906 1824 977 Παρακαλεῖ

234 980 296 1034 δὲ
331 984 426 1038 καὶ
461 983 562 1055 τῆς
585 984 681 1039 τοῦ
725 987 965 1058 Χριστοῦ
998 994 1079 1055 είς
1115 993 1437 1066 ἀνθρώπους
1470 998 1821 1070 ὲπιλάμψεως

230 1077 421 1146 τυχεῖν
444 1116 461 1141 ,
505 1077 594 1131 διὰ
647 1078 744 1133 τοῦ
785 1080 1016 1149 φάσκειν
1036 1102 1049 1115 ·
1093 1086 1202 1143 Καὶ
1238 1088 1304 1143 τὸ
1357 1091 1658 1161 σωτήριόν
1702 1107 1819 1149 σου

231 1165 397 1235 δῴης
422 1169 587 1238 ἡμῖν.
616 1171 815 1242 Σαφῶς
845 1174 903 1228 δὲ
940 1175 1004 1229 τδ
1043 1180 1316 1251 σωτήριον
1358 1183 1522 1237 αὐτὸν
1560 1179 1701 1240 εἶναι
1728 1187 1820 1240 τὸν

234 1259 473 1331 Χριστὸν
533 1262 768 1330 ἐδίδαξεν
800 1267 829 1320 ὁ
884 1267 1110 1339 Συμεὼν
1159 1273 1217 1324 ὲν
1266 1276 1378 1338 τοῖς
1430 1275 1814 1346 Εὐαγγελίοιςο

231 1349 413 1440 λαϐὼν
441 1353 574 1422 γοῦν
610 1356 751 1426 μετά
776 1360 966 1431 χεῖρας
997 1360 1077 1414 ἔτι
1106 1363 1299 1433 νήπιον
1327 1365 1455 1421 ὄντα
1473 1367 1563 1422 τὸν
1586 1370 1813 1440 Ἰησοῦν,

228 1437 355 1497 εἷπε
376 1460 390 1474 '
431 1446 563 1501 Νῦν
583 1448 875 1517 ἀπολύεις
903 1452 1012 1507 τὸν
1059 1454 1288 1510 δοῦλόν
1326 1475 1443 1513 σου
1465 1499 1480 1523 ,
1513 1437 1779 1516 δέσποτα
1798 1502 1813 1527 ,

229 1533 384 1591 κατὰ
429 1536 538 1590 τὸν
578 1541 767 1612 λόγον
812 1559 930 1597 σου
985 1544 1057 1598 ἐν
1094 1546 1325 1617 εἰρήνῃ.
1375 1550 1496 1603 ’Ότι
1554 1549 1719 1607 εἶδον
1761 1558 1815 1609 οἱ

228 1626 529 1698 ὀφθαλμοί
575 1649 695 1700 μου
723 1632 791 1687 τὸ
825 1635 1131 1706 Σωτήριόν
1172 1654 1310 1694 σου.
1358 1642 1530 1697 Τοῦτο
1559 1641 1651 1699 οὖν
1683 1648 1816 1702 αὐτὸ

230 1722 329 1781 καὶ
362 1721 393 1773 ὁ
424 1723 721 1798 Προφήτης
747 1727 875 1783 ίδεῖν
914 1729 1133 1801 εὔχεται
1154 1749 1167 1764 ο
1200 1733 1282 1787 διό
1320 1752 1484 1807 φησιν
1527 1742 1555 1792 ὁ
1584 1740 1773 1812 Σωτήρ
1796 1759 1809 1772 ·

228 1815 453 1873 Πολλοὶ
488 1818 787 1887 προφῆται
822 1822 920 1875 καὶ
942 1822 1158 1878 δίκαιοι
1187 1827 1574 1898 ἐπεθύμησαν
1593 1831 1745 1887 ἰδεῖν
1773 1834 1812 1887 d

226 1906 403 1975 ὑμεῖς
428 1908 719 1977 βλέπετε,
752 1912 850 1967 καὶ
877 1916 1003 1969 οὐκ.
1024 1913 1208 1974 εἶδον.
1245 1920 1597 1992 Ἀκούσομαι
1626 1925 1684 1978 τι
1703 1929 1811 1979 λα-

218 1996 407 2064 λήσει
427 2000 497 2054 ἐν
516 2001 645 2072 ἐμοὶ
673 2006 890 2073 Κύριος
909 2010 942 2061 ὀ
974 2008 1138 2076 Θεὸς,
1163 2010 1253 2065 ὅτι
1273 2013 1532 2081 λαλήσει
1560 2015 1811 2086 εἰρήνην

216 2089 325 2142 ἐπὶ
362 2090 472 2145 τὸν
491 2093 646 2148 λαὸν
668 2097 877 2163 αὑτοῦ,
919 2100 1019 2153 καὶ
1046 2102 1143 2156 ἐπὶ
1179 2105 1322 2172 τοὺς
1365 2108 1579 2176 ὁσίους
1598 2110 1806 2174 αὑτοῦ,

220 2184 323 2276 καὶ
365 2186 465 2241 ἐπὶ
500 2188 642 2256 τοὺς
673 2190 1149 2263 ἐπιστρέφοντας
1190 2200 1467 2268 καρδίαν.
1496 2202 1810 2276 Εὐξάμενος

213 2276 248 2328 ὁ
270 2270 585 2349 Προφήτης,
613 2282 678 2351 τῇ
705 2286 882 2354 σιωπῇ
912 2285 1105 2340 ἑαυτὸν
1126 2290 1484 2361 παραδίδωσι,
1510 2270 1808 2360 πιστεύσας

218 2368 753 2441 ἑπακουσθήσεσθαι.
772 2371 905 2428 Εἶτα
938 2379 1315 2450 προσδοκήσας
1346 2383 1692 2456 ἀποκρίσεως
1714 2406 1808 2442 τυ-

217 2462 338 2535 χεῖν
384 2479 549 2532 φησιν
596 2465 758 2528 αὐτὸς
799 2467 936 2538 πρὸς
982 2470 1173 2524 αὐτόν’
1212 2472 1293 2526 Τὰ
1352 2474 1451 2545 μὲν
1493 2478 1594 2548 τῆς
1638 2479 1806 2550 εὐχῆς

219 2569 315 2621 μοι
341 2552 564 2607 τοιαῦτα
601 2555 791 2624 γέγονε
810 2576 823 2589 ⁸
852 2560 1043 2631 καιρὸς
1069 2562 1125 2614 δὲ
1158 2563 1343 2618 λοιπὸν
1373 2568 1676 2624 ἐπακοῦσαι
1707 2570 1803 2625 τοῦ

216 2640 749 2733 ἀγίουᾉΠνεύματος,
790 2650 883 2705 καὶ
939 2651 1129 2721 μαθεῖν
1167 2656 1299 2727 παρ’
1326 2658 1493 2713 αὐτοῦ
1523 2660 1576 2713 τί
1617 2662 1804 2733 μέλλοι

216 2731 498 2827 θεσπίζειν
532 2737 780 2810 περὶτῆς
807 2741 1032 2814 εἰρήνης
1055 2744 1148 2797 τοῦ
1169 2746 1298 2800 λαοῦ
1326 2750 1513 2816 αὑτοῦ,
1552 2731 1647 2807 καὶ
1676 2758 1803 2827 περὶ

215 2824 328 2917 τών
370 2827 671 2897 μελλόντων
703 2830 794 2886 διὰ
820 2834 914 2889 τοῦ
956 2837 1193 2909 Χριστοῦ
1228 2841 1394 2895 αὐτοῦ
1431 2824 1799 2917 ἐπιστρέφειν.

216 2913 355 2979 Εἶτα
384 2917 555 2991 βραχύ
581 2940 634 2975 τι
650 2924 1020 2996 ὲφησυχάσας,
1047 2929 1352 3002 πληροῦται
1372 2934 1465 2988 τοῦ
1486 2913 1804 3008 Πνεύματος

211 3010 312 3062 τοῦ
347 3011 513 3078 θείου,
570 3015 666 3070 καὶ
713 3020 1046 3090 προφητεύει
1093 3022 1224 3093 ἑξῆς
1274 3018 1377 3079 ὧδέ
1424 3045 1541 3092 πως
1597 3029 1797 3098 λέγων·

214 3099 391 3169 Πλὴν
413 3101 593 3187 ἐγγύς
613 3105 733 3159 τῶν
751 3108 1139 3179 φοϐουμένων
1172 3112 1361 3167 αὐτὸν
1403 3116 1473 3170 τὸ
1504 3118 1804 3187 σωτήριον

1929 643 2095 700 tuam,
2117 644 2167 689 et
2188 637 2427 693 salutare
2448 648 2595 693 tuum
2618 642 2691 694 da
2720 642 2892 700 nobis.
2928 644 3028 701 llic
3048 646 3210 702 etiam
3228 646 3505 719 PrOpheta

1927 728 2202 796 precando
2237 728 2468 799 insistit,
2500 739 2562 787 ut
2596 734 2713 805 ipse
2740 752 2959 807 quoque
2984 738 3183 810 dignus
3214 740 3501 807 habeatur,

1923 821 2015 890 qui
2041 836 2103 875 ea
2151 837 2271 892 qua
2294 840 2394 895 per
2420 825 2857 883 misericordiam
2888 828 2981 885 Dei
3009 840 3304 897 eventura,
3354 848 3503 903 qna-

1922 926 2029 980 que
2054 920 2213 969 anlea
2240 917 2603 985 pranuntiata
2629 930 2779 987 sunt,
2809 922 2982 978 oculis
3011 923 3296 995 percipiat.
3326 923 3504 997 Rogat

1922 1003 2049 1057 item
2080 1011 2139 1058 ut
2169 1005 2499 1075 splendendi
2540 1008 2687 1065 illius
2739 1009 2943 1067 Christi
2984 1012 3051 1067 ad
3095 1013 3349 1070 homines
3400 1014 3502 1070 ad»-

1921 1104 2118 1151 ventus
2146 1097 2264 1168 ipse
2295 1114 2526 1155 consors
2545 1099 2830 1167 eiliciatur,
2859 1118 2984 1158 cum
3012 1103 3122 1170 ait,
3154 1104 3225 1159 Et
3263 1106 3503 1162 salutare

1921 1197 2069 1243 tuum
2098 1189 2169 1245 da
2194 1191 2365 1248 nobis.
2400 1192 2652 1251 Salutare
2681 1204 2869 1251 autem»
2897 1196 3042 1253 illud-
3063 1197 3345 1255 Christum
3375 1214 3502 1257 esse

1919 1284 2067 1341 clare
2096 1285 2256 1343 docet
2286 1287 2340 1342 in
2370 1287 2680 1362 Evangeliis
2705 1287 2929 1347 Simeon
2957 1310 2971 1346 :
3002 1291 3119 1363 qui,
3151 1290 3283 1349 Jesu
3318 1293 3501 1350 adhuc

1918 1374 2128 1436 iurante
2157 1381 2213 1435 in
2247 1381 2394 1437 ulnis
2429 1390 2677 1455 accepto,
2708 1382 2888 1439 dixit:
2930 1383 3089 1439 Nunc
3119 1384 3344 1441 dimittis
3385 1403 3500 1442 ser-

1917 1488 2038 1525 vum
2098 1482 2288 1538 tuum,
2343 1473 2602 1539 Domine,
2652 1476 2938 1531 secundum
2988 1479 3199 1533 verbum
3231 1488 3379 1534 tuum
3440 1480 3498 1534 in

1914 1558 2060 1632 pace.
2094 1565 2235 1632 Quia
2270 1566 2511 1621 viderunt
2555 1568 2697 1623 oculi
2756 1570 2854 1623 mei
2913 1570 3157 1625 salutare
3207 1580 3359 1625 tuum
3423 1571 3492 1627 ⁵³.

1917 1654 2153 1726 ldipsum
2203 1655 2393 1712 videre
2430 1667 2684 1729 peroptat
2714 1657 2989 1730 Propheta
3022 1680 3036 1716 :
3088 1661 3213 1717 ideo
3244 1659 3497 1718 Salvator

1915 1748 2011 1811 ait,
2042 1746 2203 1802 Multi
2231 1750 2497 1818 propheta:
2522 1761 2573 1805 et
2590 1752 2730 1822 justi
2758 1752 3033 1808 voluerunt
3062 1754 3375 1824 videre.un
3404 1771 3495 1809 vos

1914 1837 2121 1904 videtis,
2152 1848 2202 1893 et
2232 1856 2335 1893 non
2360 1840 2599 1894 viderunt
2629 1842 2696 1897 δ’.
2720 1872 2789 1881 -
2812 1841 2979 1898 Vens.
3014 1843 3069 1898 9.
3106 1842 3337 1899 Audiam
3366 1844 3494 1915 quid

1914 1930 2157 2001 loquetur
2198 1933 2254 1985 in
2288 1950 2369 1986 me
2423 1932 2681 1989 Dominus
2725 1934 2905 2000 Deus,
2951 1938 3200 2007 quoniam
3252 1938 3494 2008 loquetur

1909 2040 2091 2092 pacem
2121 2025 2175 2079 in
2200 2026 2399 2094 plebem
2419 2043 2597 2095 suam,
2619 2037 2667 2082 et
2711 2029 2765 2082 in
2815 2040 3027 2084 sanctos
3058 2047 3181 2085 suos
3212 2039 3261 2085 et
3316 2032 3369 2084 in
3403 2048 3490 2085 eos

1909 2119 2000 2188 qui
2027 2128 2399 2174 convertuntur
2423 2120 2600 2176 corde.
2629 2119 2925 2192 Postquam
2953 2132 3209 2194 precatus
3246 2132 3331 2180 est
3356 2124 3493 2178 Pro.

1912 2210 2107 2280 pheta,
2163 2222 2348 2267 certus
2397 2229 2455 2269 se
2509 2214 2910 2270 exaudiendum
2959 2232 3117 2281 esse,
3173 2218 3391 2272 silentio
3430 2233 3491 2273 se

1910 2302 2099 2359 tradit.
2136 2302 2279 2358 Hinc
2308 2304 2438 2358 dum
2469 2306 2885 2375 responsionem
2915 2316 3219 2378 exspectat,
3260 2324 3381 2365 sese
3406 2310 3489 2365 sic

1908 2393 2208 2464 alloquitur
2240 2414 2255 2450 :
2289 2392 2438 2451 Talis
2491 2394 2594 2451 fuit
2651 2399 2893 2468 precatio
2942 2414 3096 2467 mea;
3128 2399 3240 2469 jam
3274 2409 3489 2470 tempus

1906 2489 1992 2538 est
2022 2493 2084 2539 ut
2116 2482 2382 2557 Spiritum
2437 2495 2690 2543 sanctum
2723 2489 2978 2556 audiam,
3027 2498 3082 2547 et
3125 2491 3194 2546 ab
3244 2491 3338 2547 illo
3375 2492 3491 2547 edi-

1905 2590 2081 2644 scam,
2115 2576 2247 2647 quid
2280 2577 2349 2633 de
2375 2593 2510 2649 pace
2556 2581 2739 2651 populi
2790 2583 2876 2637 sui
2937 2590 2991 2637 et
3046 2582 3113 2638 de
3145 2582 3212 2639 iis
3240 2584 3335 2654 qui
3391 2600 3491 2655 per

1905 2669 2188 2737 Christum
2246 2686 2408 2727 suum
2464 2674 2818 2729 convertendi
2870 2681 3032 2739 sunt,
3090 2677 3487 2733 vaticinaturus

1907 2759 2000 2817 sit.
2041 2759 2247 2817 Deinde
2297 2778 2427 2818 vero
2478 2774 2766 2834 postquam
2832 2766 3054 2834 paulum
3124 2766 3372 2823 substitit
3432 2774 3487 2824 et

1906 2852 2134 2922 quievit,
2200 2851 2407 2923 Spiritu
2465 2854 2652 2909 divino
2726 2855 2997 2926 repletur;
3079 2866 3133 2911 et
3208 2857 3312 2913 sub
3372 2855 3487 2912 hac

1906 2944 2248 3016 prophetiam
2292 2946 2404 3002 edit
2446 2947 2532 3003 his
2565 2947 2785 3005 verbis:
2823 2979 2888 2988 -
2924 2947 3089 3004 Vens.
3138 2948 3227 3004 10.
3265 2949 3486 3005 Verum-

1910 3046 2083 3091 tamen
2114 3053 2274 3107 prope
2305 3038 2543 3093 timentes
2575 3056 2694 3094 eum
2729 3040 2965 3095 salutare
2984 3041 3174 3111 ipsius,
3200 3050 3255 3095 ut
3277 3042 3489 3097 inhabi-

1910 3137 1981 3184 tet
2005 3130 2179 3201 gloria
2222 3132 2278 3185 in
2310 3140 2452 3186 terra
2503 3141 2707 3188 nostra.
2740 3132 2840 3190 llis
2867 3141 3047 3191 autem
3075 3135 3317 3191 declarat
3344 3134 3489 3204 jam-

210 3194 425 3258 αὐτοῦ,
461 3185 569 3251 τοῦ
601 3200 1071 3271 κατωκηνῶσαι
1099 3202 1287 3268 δόξαν
1307 3206 1378 3259 ἐν
1408 3206 1485 3276 τῇ
1503 3206 1582 3278 γῇ
1612 3209 1800 3279 ἡμῶνο

1907 3221 2015 3291 jam
2047 3221 2406 3279 adventurum
2446 3223 2764 3291 hominibus
2793 3240 2936 3291 esse
2984 3225 3227 3282 salutare
3270 3225 3389 3291 Dei,
3417 3227 3487 3282 de

214 3282 527 3359 Παρίστησι
559 3289 616 3343 δὲ
644 3290 732 3344 διὰ
756 3292 986 3359 τούτων,
1015 3294 1140 3349 ὅσον
1173 3297 1386 3351 οὐδέπω
1422 3300 1636 3370 μέλλειν
1683 3304 1802 3356 ἐπι-

211 3380 512 3449 στήσεσθαι
538 3381 848 3455 ἀνθρώποις
875 3384 938 3437 τὸ
968 3388 1235 3458 σωτήριον
1259 3388 1352 3442 τοῦ
1392 3389 1548 3454 Θεοῦ,
1572 3394 1703 3464 περὶ
1738 3387 1800 3445 οὗ

208 3472 475 3545 ἀνωτέρω
527 3472 729 3546 ηὔξατο
762 3474 959 3535 εἰπών·
1009 3477 1217 3544 Δεῖξον
1265 3480 1442 3549 ἡμῖν,
1478 3483 1683 3550 Κύριε,
1731 3484 1800 3538 τὸ

208 3563 386 3630 ἔλεός
416 3580 552 3630 σου,
576 3566 676 3619 καὶ
701 3567 768 3620 τὸ
798 3566 1095 3636 σωτήριόν
1124 3584 1242 3624 σου
1266 3569 1426 3641 δῴης
1461 3573 1624 3644 ἡμῖν.
1659 3574 1802 3628 Αὐτὸ

206 3656 277 3727 δὴ
311 3652 407 3709 οῦν
441 3657 601 3711 τοῦτό
637 3676 769 3732 φησι
804 3661 866 3714 τὸ
904 3662 1181 3735 Σωτήριον
1208 3660 1445 3733 ἔγγιστα
1491 3667 1797 3738 τυγχάνειν,

207 3748 308 3799 καὶ
356 3748 584 3819 πλησίον
622 3750 723 3821 ἤδη
749 3751 849 3811 καὶ
881 3753 1049 3822 ἐγγὺς
1090 3752 1202 3807 τῶν
1242 3753 1593 3827 φοϐουμένων
1638 3758 1800 3813 αὐτὸν

208 3835 377 3908 εἶναι,
402 3840 575 3896 αἴτιον
616 3843 861 3915 ὑπάρχον
896 3844 992 3898 τοῦ
1042 3848 1468 3919 κατασκηνῶσαι
1505 3846 1661 3913 δόξαν
1706 3850 1801 3904 καὶ

207 3933 551 4005 σκηνώματα
606 3937 872 4013 συστῆσαι
902 3939 961 3992 ὲν
990 3941 1059 4011 τῇ
1090 3942 1162 4017 γῇ
1206 3940 1383 4011 ἡμῶν.
1420 3940 1583 4006 Ἔθος
1628 3942 1686 3996 δὲ
1731 3946 1798 4015 τῇ

207 4026 335 4098 θείᾳ
375 4026 565 4099 Γραφῇ
598 4028 691 4083 τὸν
736 4030 972 4102 Χριστὸν
1002 4032 1097 4084 τοῦ
1130 4031 1266 4086 Θεοῦ
1304 4035 1574 4107 σωτήριον
1597 4036 1799 4107 ὀνομάτ

208 4117 348 4184 ζειν,
383 4119 644 4185 πολλάκις
692 4122 782 4177 διὰ
813 4124 1023 4179 πολλῶν
1071 4125 1457 4198 ἀπεδείξαμεν.
1489 4129 1556 4182 Ὃ
1599 4128 1665 4199 δὴ
1708 4129 1802 4182 καὶ

206 4208 306 4262 νῦν
346 4209 618 4276 θεσπίζων
660 4215 688 4267 ὁ
740 4213 918 4284 λόγος,
959 4218 1198 4295 παρίστη
1231 4218 1498 4273 διδάσκων
1538 4220 1659 4273 ἀντὶ
1700 4220 1801 4295 τῆς

206 4302 482 4374 προτέρας
510 4305 737 4375 ἀτιμίας
760 4311 858 4376 τῆς
888 4309 1029 4363 κατά
1054 4308 1151 4383 τὴν
1181 4311 1626 4383 εἰδωλολατρείαν
1666 4312 1800 4365 ὑπο-

208 4395 419 4465 στάσης
465 4397 524 4449 ὲν
556 4400 620 4469 τῇ
651 4401 720 4469 γῇ
757 4399 914 4466 δόξαν
938 4404 995 4454 ἐν
1036 4403 1173 4473 αὐτῇ
1207 4402 1673 4475 κατασκηνώσειν,
1703 4404 1799 4465 καὶ

208 4488 550 4560 σκηνώματα
587 4492 865 4568 πανταχοῦ
923 4495 1026 4565 γῆς
1076 4495 1459 4567 ίδρυθήσεσθαι
1506 4496 1665 4569 δόξης
1697 4497 1797 4568 τῆς

1905 3330 2015 3385 quo
2057 3315 2311 3386 superius
2335 3315 2451 3371 hac
2479 3318 2808 3387 precabatur
2839 3334 2853 3370 :
2890 3317 3119 3375 Ostende
3159 3317 3330 3386 nobis,
3367 3317 3482 3372 Do-

1904 3406 2063 3471 mine,
2102 3406 2521 3463 misericordiam
2550 3417 2719 3475 tuam,
2750 3420 2799 3465 et
2833 3410 3071 3466 salutare
3102 3419 3250 3465 tuum
3280 3410 3352 3464 da
3391 3427 3487 3465 no-

1903 3497 2004 3554 bis.
2024 3498 2139 3555 Hoc
2155 3499 2333 3571 ipsum
2357 3497 2723 3572 salutare'jam
2744 3502 3054 3572 proximum
3100 3517 3225 3559 esse
3246 3501 3489 3559 declarat

1903 3606 1968 3646 ac
1998 3592 2237 3648 vicinum
2264 3595 2583 3650 timentibus
2616 3610 2776 3659 eum,
2819 3595 3111 3667 ipsumque
3142 3611 3329 3651 veram
3362 3612 3486 3653 esse

1901 3696 2126 3737 causam
2160 3698 2262 3737 cur
2311 3685 2482 3755 gloria
2529 3685 2798 3741 inhabitet
2843 3694 2897 3740 et
2936 3686 3287 3742 tabernacula
3316 3693 3486 3756 ponat

1904 3774 1961 3829 in
2002 3780 2148 3831 terra
2170 3784 2380 3834 nostra.
2418 3776 2475 3832 ld
2501 3784 2685 3834 autem
2711 3777 2883 3834 moris
2908 3792 3033 3833 esse
3079 3777 3375 3849 Scriptura
3407 3777 3487 3833 di-

1904 3867 2061 3934 vina,
2094 3876 2155 3922 ut
2182 3869 2460 3925 Christum
2488 3868 2583 3926 Dei
2630 3870 2873 3926 salutare
2910 3882 3212 3941 nuncupet,
3241 3887 3385 3942 sape
3430 3878 3486 3926 et

1903 3961 2153 4031 pluribus
2178 3962 2681 4033 comprobavimus.
2715 3961 2873 4029 Quod
2913 3978 3046 4019 sane
3096 3964 3201 4019 hoc
3248 3964 3303 4018 in
3343 3964 3483 4019 vati-

1902 4050 2050 4104 cinio
2094 4049 2425 4115 declaratur,
2458 4051 2670 4107 scilicet
2690 4051 2813 4106 loco
2843 4050 3045 4121 prioris
3075 4050 3333 4115 infamia,
3362 4065 3485 4122 qua

1901 4142 2226 4198 idololatria
2270 4153 2518 4214 tempore
2563 4144 2619 4198 in
2664 4149 2813 4197 terra
2860 4141 3202 4207 versabatur,
3254 4141 3485 4212 gloriam

1901 4231 2102 4291 ibidem
2136 4220 2531 4298 habitaturam,
2553 4240 2609 4288 et
2636 4232 2990 4288 tabernacula
3018 4233 3206 4305 gloria
3248 4232 3359 4288 Deo
3386 4247 3486 4303 per

1901 4326 2270 4396 evangelicam
2298 4326 2607 4381 doctrinam
2639 4326 2962 4390 referenda,
2986 4326 3190 4397 ubique
3212 4334 3484 4380 terrarum

1903 4418 2115 4489 ﬁgenda
2162 4436 2306 4476 esse.
2364 4418 2680 4476 Secundum
2728 4419 2845 4476 hac
2894 4420 3118 4474 modum
3164 4419 3339 4489 aperit
3373 4434 3484 4488 quo

1904 4511 2172 4579 promissa
2195 4511 2519 4581 complenda
2556 4518 2708 4576 sunt,
2733 4510 2819 4566 his
2846 4509 3029 4566 verbis
3056 4527 3069 4563 :
3095 4539 3167 4550 —
3190 4508 3360 4562 Vens.
3391 4507 3480 4562 Η.

201 4580 285 4651 τῷ
324 4580 446 4654 Θεῷ
476 4582 565 4636 διὰ
601 4584 701 4655 τῆς
741 4585 1100 4658 εὐαγγελικῆς
1137 4588 1483 4653 διδασκαλίας
1529 4589 1796 4661 ἀνατεθη-

1907 4602 2273 4658 Misericordia
2308 4580 2357 4658 et
2401 4604 2594 4658 veritas
2630 4603 2965 4657 obviaverunt
3015 4601 3138 4667 sibi,
3189 4599 3405 4669 justitia
3432 4609 3483 4653 et

204 4674 470 4746 σομένης.
529 4670 664 4729 Εἶτα
712 4677 925 4741 τούτοις
983 4679 1112 4750 ἑξῆς
1159 4681 1252 4733 τὸν
1298 4681 1525 4752 τρόπον,
1567 4681 1692 4735 καθ’
1738 4681 1797 4739 ὃν

201 4765 437 4837 ἔμελλεν.
480 4768 1048 4841 ἀποπληρωθήσεσθαι
1099 4771 1168 4824 τὰ
1208 4774 1631 4846 ἐπηγγελμένα,
1678 4775 1796 4829 δια-

200 4861 373 4928 σαφεῖ
416 4859 626 4929 λέγων’
665 4863 876 4928 Ἔλεος
920 4861 1019 4915 καὶ
1077 4862 1330 4930 ἀλήθεια
1370 4864 1794 4934 συνήντησαν,

200 4952 567 5022 δικαιοσύνη
614 4955 715 5011 καὶ
741 4954 953 5023 εἰρήνη
996 4956 1435 5025 κατεφίλησαν.
1468 4958 1576 5013 Δύο
1603 4958 1669 5030 δὴ
1706 4959 1797 5017 διὰ

196 5043 415 5100 τούτων.
440 5046 700 5115 συζυγίας
730 5047 1182 5119 φησὶν-ἀλλήλαις
1208 5049 1629 5122 συνηντηκέναι,
1662 5044 1737 5105 ὧν
1762 5054 1799 5123 ή

197 5133 403 5207 πρώτη
430 5137 613 5204 ἐλέους
644 5134 713 5211 ἦν
744 5139 840 5195 καὶ
871 5139 1150 5211 ἀληθείας,
1181 5143 1215 5215 ἡ
1243 5141 1299 5195 δὲ
1333 5142 1563 5215 δευτέρα
1592 5143 1797 5203 δικαιο-

195 5226 375 5298 σύνης
417 5230 512 5283 καὶ
553 5231 799 5302 εἰρήνης.
836 5232 1183 5304 Συνήντησαν
1215 5234 1492 5306 ἀλλήλαις,
1516 5236 1670 5308 φησὶ,
1702 5236 1796 5301 καὶ

200 5318 458 5391 φιλικοὺς
509 5322 837 5394 ἀσπασμοὺς
863 5325 1273 5381 ἀποδεδιιῦκασι⁸
1323 5328 1693 5401 κατεφίλησάν
1733 5345 1794 5381 τε

195 5411 344 5483 ὁμοῦ
366 5412 467 5483 τὴν
499 5414 848 5490 δικαιοσύνην
870 5419 964 5473 καὶ
994 5418 1094 5491 τὴν
1129 5421 1355 5493 εἰρήνην
1383 5423 1417 5491 ή
1446 5421 1674 5493 ἀλήθεια
1701 5422 1798 5485 καὶ

196 5501 267 5559 τὸ
294 5501 463 5566 ἔλεος,
504 5498 674 5561 Πόθεν
704 5507 762 5562 δὲ
784 5508 1119 5583 ἀφικόμεναι
1144 5510 1403 5584 ἀλλήλαις
1432 5513 1793 5586 συνήντησαν,

202 5595 374 5650 πάλιν
402 5596 609 5663 ὑποϐὰς
638 5600 881 5656 διδάσκει
900 5602 1104 5673 λέγων’
1148 5603 1418 5673 Ἀλήθεια
1450 5605 1521 5660 ἐκ
1546 5606 1659 5676 τῆς
1683 5606 1797 5679 γῆς

199 5688 499 5756 ἀνέτειλε,
526 5692 624 5747 καὶ
663 5694 1017 5767 δικαιοσύνη
1060 5698 1128 5753 ἐκ
1162 5699 1269 5755 τοῦ
1311 5699 1573 5768 οὐρανοῦ
1598 5700 1795 5761 διέκυ-

275 5872 323 5902 δθ
364 5870 495 5929 Luc.
535 5890 610 5942 ιι,
647 5875 849 5942 29,50.
927 5879 969 5912 ⁸¹
1016 5878 1206 5935 Matth.
1247 5896 1377 5949 xm,
1416 5882 1502 5937 ΓΙ.

1898 4712 2005 4765 pax
2038 4696 2291 4750 osculata:
2335 4706 2478 4750 sunt.
2529 4694 2626 4750 His
2675 4709 2842 4765 porro
2874 4694 3033 4749 binas
3064 4692 3483 4763 conjugationes

1898 4785 2173 4841 coaluisse
2202 4785 2384 4853 docet,
2416 4801 2649 4855 quarum
2683 4785 2859 4855 prima
2893 4791 2979 4839 est
3012 4781 3405 4838 misericordia
3426 4790 3483 4837 et

1898 4878 2179 4944 veritatis;
2213 4878 2456 4934 secunda
2481 4894 2631 4945 vero,
2659 4878 2889 4948 justitia
2917 4886 2972 4933 et
3013 4875 3190 4949 pacis.
3214 4875 3483 4932 Occurre—

1898 4976 2051 5037 runt,
2088 4969 2289 5040 inquit,
2332 4978 2546 5037 mutuo,
2583 4970 2902 5041 amicasque
2945 4969 3307 5026 salutationes
3347 4984 3483 5025 con-

1898 5062 2145 5118 tulerunt
2191 5082 2205 5119 :
2247 5061 2437 5119 oscula
2474 5063 2746 5120 dederunt
2783 5064 2949 5121 simul
2995 5064 3226 5136 iustitia
3262 5070 3317 5119 et
3358 5062 3480 5134 paci

1898 5151 2105 5210 veritas
2130 5160 2185 5208 et
2213 5154 2613 5211 misericordia.
2643 5154 2803 5212 Unde
2840 5171 2971 5212 vero
3002 5155 3260 5226 profecta
3287 5161 3480 5210 mutuo
3504 5162 3505 5165 ‘

1899 5246 2269 5313 occurrerint,
2320 5248 2624 5304 secundum
2673 5250 2790 5304 bac
2831 5248 3076 5305 declarat
3121 5247 3208 5304 his
3246 5246 3476 5303 verbis:

1898 5369 1969 5379 —-
1991 5337 2158 5395 Vens.
2193 5341 2283 5395 12.
2328 5340 2534 5396 Veritas
2564 5340 2628 5396 de
2656 5351 2796 5396 terra
2819 5350 2939 5397 orta
2967 5349 3065 5407 est,
3097 5349 3147 5396 et
3167 5340 3387 5410 justitia
3415 5338 3481 5396 de

1901 5431 2028 5487 calo
2048 5434 2340 5503 prospexit.
2360 5432 2559 5504 Utpote
2581 5434 2746 5507 igitur
2766 5450 2834 5491 ex
2852 5449 3050 5506 magna
3071 5431 3481 5504 intercapedine

1900 5532 2094 5581 mutuo
2124 5536 2539 5593 concurrentes,
2578 5543 2700 5584 sese
2736 5527 2971 5583 invicem
3010 5527 3274 5597 amplexa
3303 5533 3358 5581 et
3389 5540 3481 5582 os-

1899 5617 2097 5673 culata
2126 5626 2277 5684 sunt,
2312 5618 2443 5675 hinc
2480 5618 2702 5689 justitia
2730 5636 2853 5691 qua
2894 5618 2963 5675 de
3006 5619 3148 5675 coelo
3186 5619 3240 5674 in
3274 5625 3480 5674 terram

1900 5710 2205 5783 prospexit,
2246 5711 2372 5769 inde
2411 5712 2617 5771 veritas
2662 5728 2785 5785 qua
2830 5711 2899 5768 de
2943 5711 3055 5768 imo
3082 5710 3199 5768 sive
3232 5710 3299 5768 de
3333 5718 3481 5767 terra
