4004 6482
511 401 654 458 1023

1223 396 1500 454 EUSEBII
1537 391 2014 452 CAESARIENSIS
2049 390 2201 449 OPP.
2242 389 2423 446 PARS
2460 387 2550 444 Ill.
2589 419 2659 431 -—
2698 386 3106 444 EXEGETICA.

3645 390 3786 446 1024

511 530 637 580 orla
665 527 770 577 est.
810 517 908 576 His
939 524 1344 588 consequenter
1373 515 1699 586 adjiciemus
1722 522 1776 569 et
1809 512 2106 584 subjunge-

2216 515 2346 580 ψεν.
2391 510 2478 573 Ὡς
2510 511 2574 562 ὲκ
2616 507 2826 580 μακροῦ
2867 505 3158 577 τοιγαροῦν
3193 507 3566 579 διαστήματος
3601 523 3794 562 συντυ-

511 629 637 669 mus
668 627 732 667 ea
767 624 892 680 quae
921 609 976 662 in
1008 607 1282 679 principio
1315 605 1511 677 psalmi
1533 605 1714 676 posita
1756 611 1910 668 sunt,
1939 610 1994 660 et
2022 603 2105 658 sic

517 704 723 759 habent
750 699 1133 765 :Benedixisti,
1166 697 1413 764 Domine,
1440 707 1638 752 terram
1670 707 1835 764 tuam,
1867 694 2106 751 avertisti

513 796 879 865 captivitatem
907 791 1097 847 Iacob.
1129 790 1402 845 Remisisti
1432 790 1762 860 iniquitatem
1788 787 1951 856 plebis
1977 795 2102 850 ture,

517 887 775 958 aperuisti
807 887 987 940 omnia
1030 893 1246 955 peccata
1277 898 1480 938 eorum.
1526 881 1653 936 Haec
1680 881 1881 951 quippe
1920 877 2106 933 omnia

509 988 627 1041 tum
663 978 848 1034 futura
880 977 1406 1047 przenuntiabantur,
1449 987 1574 1028 cum
1629 971 1872 1027 salutare
1903 967 2000 1023 Dei
2041 967 2099 1023 in

511 1080 662 1129 terra
688 1070 866 1124 visum
891 1076 1059 1124 esset.
1095 1066 1378 1138 Siquidem
1398 1080 1508 1120 una
1536 1078 1664 1118 cum
1703 1061 1930 1115 salutari
1955 1059 2100 1115 veri-

514 1171 604 1218 tas
641 1161 712 1218 de
742 1170 886 1216 terra
915 1168 1055 1226 orta,
1087 1175 1151 1215 ac
1178 1159 1398 1229 justitia
1434 1172 1555 1227 quae
1586 1155 1656 1210 de
1696 1154 1839 1208 caelo
1886 1151 2105 1222 prospi-

511 1255 666 1310 ciens
718 1254 821 1324 ipsi
867 1252 1136 1315 occurrit,
1192 1248 1290 1306 Dei
1341 1249 1579 1321 gratiam
1625 1262 1694 1302 ex
1739 1260 1897 1315 atquo
1927 1259 2104 1314 exque

513 1360 774 1417 suprema
829 1344 968 1416 justi
1017 1343 1234 1398 ratione
1278 1341 1336 1396 in
1387 1355 1581 1396 omnes
1631 1337 1882 1393 homines
1930 1334 2106 1391 eﬂun—

518 1440 625 1495 dit.

2203 602 2396 673 χοῦσαι
2435 599 2724 671 ἀλλήλαις,
2769 598 3199 670 περιεπτύξαντο
3240 599 3336 651 καὶ
3386 597 3787 668 κατεφίλησεν

2202 691 2410 746 ἄνωθεν
2442 690 2542 762 μὲν
2565 689 2624 755 ἐξ
2653 689 2882 762 ούρανοῦ
2907 688 3215 759 διακύψασα
3248 691 3340 742 ἐπὶ
3366 690 3468 761 τὴν
3509 689 3621 758 γῆν
3650 692 3684 759 η
3713 688 3794 740 διο

2203 781 2488 852 καιοσύνη,
2542 779 2788 838 κάτωθεν
2835 780 2893 833 δὲ
2940 780 3052 833 ἀπὸ
3091 779 3193 850 τῆς
3241 779 3348 850 γῆς
3399 778 3793 848 ἀνατείλασαή

2205 874 2452 946 ἀλήθεια.
2477 872 2700 937 Τούτοις
2738 872 3046 936 ἀκολούθως
3075 871 3202 942 ἑξῆς
3235 868 3676 942 παραθησόμεθα
3705 869 3796 920 καὶ

2208 967 2520 1036 συνάψομεν
2547 965 2617 1020 τὰ
2663 964 2857 1036 πρῶτα
2889 963 2984 1017 τοῦ
3022 961 3241 1034 ψαλμοῦ
3261 1003 3275 1026 ,
3307 965 3367 1015 ὲν
3410 955 3494 1024 οἷς
3538 959 3793 1027 ἐλέγετο·

2204 1060 2584 1128 Εὐδόκησας,
2608 1060 2804 1128 Κύριε,
2830 1056 2944 1126 τὴν
2964 1056 3084 1127 γῆν
3102 1071 3240 1120 σου,
3261 1053 3658 1122 ὰπέστρεψας
3685 1050 3796 1116 τὴν

2205 1153 2626 1223 αἰχμαλωσίαν
2679 1149 2892 1204 Ἰακώϐ.
2944 1147 3202 1218 Ὰφῆκας
3247 1145 3362 1215 τὴν
3390 1147 3656 1214 ἀνομίαν
3692 1142 3794 1197 τοῦ

2207 1243 2361 1298 λαοῦ
2387 1258 2526 1307 σου,
2546 1241 2856 1308 exsiluerit;
2892 1238 3095 1306 πάσας
3115 1237 3222 1305 τὰς
3248 1236 3539 1306 ἁμαρτίας
3577 1233 3791 1287 αὐτῶν.

2208 1335 2395 1390 Ταῦτα
2420 1333 2529 1405 γὰρ
2560 1332 2736 1387 πάντα
2761 1331 2974 1403 μέλλειν
3006 1330 3225 1384 ἔσεσθαι
3255 1325 3793 1400 προεφητεύετο,τοῦ

2217 1425 2487 1498 σωτηρίου
2520 1425 2613 1484 τοῦ
2655 1424 2790 1477 Θεοῦ
2815 1425 2908 1476 ἐπὶ
2940 1422 3046 1492 γῆς
3105 1420 3381 1490 ὀφθέντος.
3417 1419 3575 1471 Ἐπεὶ
3599 1419 3696 1469 σὺν
3723 1415 3795 1485 τῷ

512 1527 777 1600 Σωτηρίῳ
823 1525 1052 1598 ἀλήθεια
1081 1526 1147 1577 ὲκ
1179 1524 1277 1594 τῆς
1307 1523 1411 1592 γῆς
1447 1520 1797 1583 ἀνατείλασα,
1838 1518 2014 1592 ταύτῃ
2082 1533 2142 1571 τε
2184 1518 2566 1589 συναντήσασα
2604 1517 2637 1587 ἡ
2689 1518 2754 1570 ὲκ
2797 1514 2892 1568 τοῦ
2933 1510 3164 1584 ούρανοῦ
3233 1509 3547 1579 διακύψασα
3598 1509 3796 1562 δικαιο-

515 1622 649 1693 σύνη
672 1661 687 1686 ,
723 1623 804 1684 είς
853 1621 1064 1683 πάντας
1096 1616 1418 1689 ἀνθρώπους
1464 1613 1526 1680 ιξ
1569 1614 1685 1666 ἴσου
1725 1615 1820 1666 καί⁸
1869 1612 2010 1666 κατὰ
2043 1611 2104 1665 τὸ
2142 1612 2482 1666 δικαιότατον
2507 1611 2607 1682 τὴν
2636 1609 2729 1662 τοῦ
2753 1608 2890 1662 Θεοῦ
2916 1608 3076 1680 χάριν
3105 1607 3403 1678 ὲξήπλωσε.

591 1738 690 1794 His
728 1753 896 1808 porro
946 1737 1167 1793 divinus
1227 1735 1443 1790 Domini
1477 1742 1531 1790 et
1567 1731 1881 1790 Servatoris
1929 1733 2105 1790 nostri

2284 1732 2479 1801 Σαφῶς
2513 1732 2569 1785 δὲ
2598 1729 2685 1784 διὰ
2724 1730 2928 1788 τούτων
2955 1732 2988 1801 ἡ
3021 1728 3306 1798 θεοφάνεια
3328 1725 3420 1780 τοῦ
3453 1727 3662 1798 Κυρίου
3709 1729 3797 1778 καὶ

511 1828 641 1886 Iesu
674 1829 888 1885 Christi
953 1829 1219 1883 adventus
1261 1827 1552 1899 perspicue
1606 1825 1967 1892 enuntiatur;
2013 1840 2110 1895 per

2216 1828 2461 1899 Σωτῆρος
2508 1824 2666 1898 ἡμῶν
2709 1822 2883 1896 Ἰησοῦ
2935 1822 3172 1894 Χριστοῦ
3225 1821 3588 1892 παρίσταται·
3648 1819 3716 1873 δι’
3739 1816 3793 1873 ὦ

515 1937 682 1992 quem
727 1922 904 1976 solum
941 1920 1145 1977 veritas
1193 1919 1261 1975 de
1307 1927 1452 1973 terra
1491 1923 1612 1971 orta
1645 1925 1730 1972 est
1764 1933 1780 1972 :
1815 1917 1945 1988 quia
1992 1916 2112 1987 ipse

509 2014 718 2069 veritas
757 2021 898 2078 erat,
935 2027 996 2067 ac
1041 2011 1308 2067 doctrinm
1353 2010 1476 2080 ejus
1519 2010 1848 2080 evangelica:
1897 2025 2104 2076 sermo,

511 2121 624 2162 non
647 2113 708 2159 ιιι
733 2106 861 2159 olim
889 2105 943 2160 in
986 2104 1177 2175 ﬁguris
1220 2111 1274 2157 et
1315 2102 1603 2174 symbolis,
1638 2101 1735 2157 sed
1791 2117 1885 2172 per
1933 2102 2110 2171 ipsam

512 2198 804 2267 veritatem
864 2197 1207 2252 tradebatur.
1259 2193 1388 2250 Ideo
1437 2195 1644 2249 dictum
1691 2203 1778 2249 est
1827 2211 1841 2247 :
1880 2192 1992 2247 Lex
2019 2209 2112 2261 per

514 2288 758 2360 Moysem
788 2289 921 2348 data
962 2298 1062 2352 est,
1091 2289 1268 2359 gratia
1301 2297 1351 2342 et
1381 2288 1574 2342 veritas
1613 2301 1704 2355 per
1736 2285 1923 2340 Iesum
1955 2285 2112 2341 Chri-

511 2390 654 2434 stum
681 2380 828 2447 facta
855 2380 997 2434 est"
1021 2379 1044 2441 τ
1093 2378 1362 2438 Universa
1401 2387 1582 2434 autem
1618 2392 1785 2447 opera
1814 2376 1935 2446 ejus
1962 2377 2110 2432 veri-

511 2480 598 2526 tas
626 2478 805 2534 erant,
837 2485 1052 2525 necnon
1081 2479 1239 2524 ortus
1265 2471 1406 2540 ejus,
1439 2469 1626 2540 passio
1655 2476 1709 2524 et
1737 2476 1957 2534 caetera,
1990 2483 2112 2539 quae

511 2562 698 2632 specie
729 2563 910 2617 solum
943 2569 997 2617 et
1025 2562 1319 2632 phantasia
1345 2569 1498 2633 gesta
1531 2561 1705 2619 fuisse
1743 2562 2112 2632 opinabantur

517 2655 664 2708 athei
703 2654 972 2711 haeretici.
1007 2655 1164 2724 Quod
1199 2658 1246 2710 si
1291 2658 1472 2713 omnis
1505 2657 1671 2712 homo
1705 2655 1964 2720 mendax,
1996 2668 2114 2710 mee-

515 2746 630 2801 rito
661 2747 782 2817 ipse
813 2748 987 2812 solus,
1025 2749 1119 2818 qui
1156 2749 1358 2804 veritas
1387 2755 1495 2814 est,
1545 2749 1613 2805 de
1645 2756 1794 2805 terra
1823 2757 1980 2805 ortus
2003 2757 2109 2813 est,

512 2840 863 2910 peregrinum
893 2842 1174 2912 quidpiam
1207 2849 1262 2896 et
1304 2842 1590 2909 insolens;
1628 2851 1772 2898 terra
1792 2844 1953 2913 quale
1977 2859 2114 2897 nun-

517 2945 686 3001 quam
723 2933 924 2988 tulerat
953 2933 1158 2992 bonum
1191 2933 1525 3004 proferente,
1553 2938 1607 2989 in
1635 2952 1747 3006 quo
1775 2935 1996 3005 justitia
2020 2936 2110 2989 illa

517 3023 588 3079 de
613 3025 756 3078 coelo
794 3026 1140 3096 prospiciens
1183 3027 1473 3097 requievit.
1523 3027 1744 3083 Justilia
1793 3044 1945 3094 vero,
1992 3044 2113 3098 quae

515 3117 577 3173 in
609 3119 844 3174 veritate
877 3119 1167 3190 requievit,
1199 3137 1450 3191 quaenam
1475 3123 1580 3176 alia
1613 3122 1801 3186 fuerit,
1849 3122 1957 3177 nisi
1995 3122 2110 3192 ipse

516 3206 666 3264 Deus
699 3206 940 3264 Verbum
973 3210 1040 3265 de
1069 3224 1181 3279 quo
1217 3210 1424 3265 dictum
1463 3220 1548 3267 cst
1604 3231 1618 3268 :
1676 3213 1778 3279 Qui
1819 3213 1992 3281 factus
2031 3223 2108 3268 est

516 3299 674 3353 nobis
705 3299 969 3367 sapientia
999 3315 1031 3352 a
1067 3297 1200 3362 Deo,
1225 3298 1447 3368 justitia
1485 3310 1536 3355 et
1568 3303 1923 3371 sanctiﬁcatio
1950 3313 2002 3357 et
2028 3319 2111 3356 re-

515 3389 750 3458 demptio
800 3389 886 3443 “‘3
933 3388 1034 3445 Hic
1086 3405 1326 3462 namque
1370 3407 1437 3447 ex
1480 3392 1638 3447 caelis
1679 3393 2020 3450 descendens
2055 3394 2109 3448 in

517 3481 774 3545 veritate,
807 3497 928 3552 quae
963 3483 1031 3537 de
1067 3493 1214 3538 terra
1247 3491 1369 3539 orta
1411 3492 1516 3548 est,
1563 3485 1851 3555 requievit,
1899 3486 2113 3558 ipsique

516 3570 870 3642 conjunctus,
904 3588 1007 3628 ceu
1040 3574 1297 3630 dilectam
1327 3575 1638 3631 amabiliter
1667 3591 1789 3631 eam
1820 3578 2113 3648 amplexa-

524 3669 618 3716 tus
642 3671 748 3719 est.
785 3662 1019 3720 Veritati
1059 3682 1228 3738 porro
1284 3667 1352 3722 de
1407 3674 1551 3722 terra
1592 3677 1727 3723 ortm
1768 3685 2112 3739 praecurrens

521 3755 715 3810 aderat
741 3757 1120 3813 misericordia
1145 3776 1160 3812 :
1185 3775 1282 3830 per
1303 3760 1742 3815 misericordiam
1767 3763 1970 3834 quippe
1993 3763 2110 3828 Dei,

523 3855 640 3903 tota
671 3852 920 3907 veritatis
961 3852 1304 3922 dispensatio
1347 3853 1490 3907 facta
1523 3861 1629 3909 est.
1660 3852 1944 3910 Justitiam
1983 3870 2114 3911 vero

519 3941 592 3996 de
624 3942 765 3997 coelo
800 3943 1080 4014 delapsam
1116 3959 1218 4015 pax
1253 3947 1620 4014 sequebatur;
1645 3956 1702 4001 ut
1731 3947 1983 4003 homines
2005 3956 2116 4003 ter-

519 4049 642 4090 ram
673 4035 1004 4101 incolentes,
1045 4053 1154 4092 non
1186 4038 1362 4093 solum
1398 4039 1773 4094 misericordia
1805 4039 1898 4095 Dei
1934 4047 1988 4094 et
2021 4057 2113 4096 ve-

519 4127 711 4192 ritate,
748 4129 843 4183 sed
871 4129 1038 4183 etiam
1070 4129 1164 4183 illa
1195 4130 1409 4188 caelesti
1449 4131 1669 4201 justitia
1700 4140 1754 4188 et
1790 4132 1910 4202 ejus
1938 4131 2114 4188 amica

523 4231 663 4288 pace
711 4215 1046 4273 fruerentur.
1080 4217 1216 4273 Nam
1247 4221 1374 4274 olim
1422 4221 1642 4291 quidem
1674 4221 1902 4292 justitia:
1932 4229 1987 4278 et
2019 4211 2116 4292 pa-

521 4307 606 4362 cis
635 4306 976 4363 domicilium
1009 4310 1210 4364 cmlum
1255 4321 1414 4378 erat;
1453 4329 1598 4368 nunc
1638 4330 1770 4369 vero
1810 4321 1954 4368 terra
1989 4330 2112 4369 cum

525 4400 909 4455 misericordia
936 4399 1028 4456 Dei
1053 4402 1107 4455 in
1134 4409 1280 4458 terra
1313 4404 1575 4458 substitit.
1598 4401 1734 4457 Nam
1766 4404 1879 4459 haec
1908 4404 2116 4459 subse-

521 4491 812 4562 quentium
841 4507 1011 4549 causa
1046 4493 1150 4549 fuit

521 4583 818 4638 ricordiam
851 4586 1059 4656 reliqua
1083 4588 1268 4643 omnia
1303 4597 1492 4645 secuta
1525 4595 1655 4643 sunt
1683 4608 1697 4644 :
1731 4595 1855 4659 post
1889 4590 2114 4645 miseri-

522 4676 770 4731 cordiam
803 4677 1004 4748 quippe
1031 4679 1256 4742 veritas,
1286 4679 1414 4734 hinc
1439 4679 1677 4749 justitia,
1709 4679 1945 4751 denique
1979 4697 2110 4752 pax.

521 4768 602 4825 De
639 4768 935 4827 Servatore
971 4779 1122 4826 certe
1154 4780 1346 4826 nostro
1378 4772 1584 4829 diserte
1621 4772 1884 4827 scribitur
1920 4793 1931 4827 :
1974 4773 2115 4839 Quia

521 4861 636 4928 ipse
665 4869 744 4912 est
769 4875 877 4927 pax
908 4871 1114 4925 nostra,
1148 4863 1238 4932 qui
1281 4862 1404 4931 fecit
1440 4873 1663 4932 utraque
1705 4879 1867 4916 unum
1904 4864 1979 4932 “;
2013 4873 2067 4919 et
2099 4887 2111 4921 :

524 4949 831 5020 Paciﬁcans
858 4967 950 5020 per
974 4970 1026 5007 se
1055 4955 1161 5008 sive
1188 4971 1306 5024 qua:
1328 4956 1382 5008 in
1409 4956 1575 5017 caelis,
1610 4955 1716 5010 sive
1744 4973 1862 5028 qua:
1893 4958 1946 5012 in
1974 4969 2117 5014 terra

525 5052 651 5096 sunt
674 5043 753 5108 ";
777 5057 841 5098 ac
869 5059 1091 5099 rursum
1126 5065 1138 5101 :
1182 5045 1404 5101 Veniens
1437 5035 1814 5118 evangelizavit
1841 5065 2023 5120 pacem
2048 5053 2115 5107 iis

526 5136 618 5206 qui
649 5135 820 5207 longe,
856 5146 908 5191 et
949 5139 1016 5192 iis
1075 5139 1166 5209 qui
1195 5154 1354 5208 prope
1407 5150 1532 5196 sunt
1563 5142 1629 5195 ".
1689 5140 1821 5197 Jure
1873 5159 2004 5214 ergo
2059 5145 2114 5199 in

525 5226 746 5283 Psalmo
785 5229 992 5285 dicitur
1019 5231 1157 5285 illud
1195 5251 1207 5286 :
1257 5231 1632 5288 Verumtamen
1669 5250 1828 5304 prope
1873 5237 2112 5291 timentes

526 5337 646 5374 eum
704 5321 946 5376 salutare
979 5321 1169 5391 ipsius,
1192 5331 1248 5375 ut
1275 5324 1527 5378 inhabitet
1558 5325 1730 5395 gloria
1762 5327 1814 5380 in
1848 5335 1988 5380 terra
2022 5345 2116 5381 no-

527 5422 664 5469 stra.
699 5413 866 5468 Multa
889 5416 1091 5486 quippe
1121 5429 1424 5486 magnaque
1447 5418 1627 5488 gloria
1661 5418 1712 5471 in
1739 5427 1884 5473 terra
1903 5427 2115 5486 nostra,

529 5506 787 5563 videlicet
808 5507 866 5561 in
893 5508 1046 5573 orbe,
1077 5522 1174 5576 per
1197 5509 1606 5578 prophetiarnm
1630 5520 1884 5566 eventura
1907 5511 2119 5566 consti-

529 5599 617 5663 tit.
645 5600 709 5654 Et
729 5600 845 5671 qui,
860 5615 1067 5670 quasso,
1087 5613 1197 5655 non
1221 5601 1534 5657 habitatura
1555 5612 1674 5657 erat
1695 5604 1865 5671 gloria
1888 5605 1943 5658 in
1973 5611 2120 5658 terra

533 5699 745 5759 nostra,
771 5690 992 5761 quando
1025 5692 1272 5747 salutare
1299 5693 1495 5762 ipsius,
1527 5693 1782 5749 Christus
1804 5692 1922 5756 Dei,
1946 5702 2002 5749 et
2025 5693 2118 5748 illa

607 5845 652 5886 σε
679 5843 839 5908 Joan.
877 5861 930 5910 I,
973 5845 1055 5902 l7.

2216 1920 2376 1992 μόνου
2421 1917 2710 1990 ὴάλήθεια
2756 1917 2820 1970 ὲκ
2851 1915 2950 1986 τῆς
2999 1914 3102 1985 γῆς
3145 1912 3453 1967 ἀνέτειλενο
3498 1911 3794 1981 ἐπειδήπερ

2211 2014 2376 2077 αὐτὸς
2421 2009 2489 2086 ἦν
2527 2013 2562 2084 ὴ
2602 2009 2852 2082 ἀλήθεια,
2905 2010 2932 2062 ὅ
2980 2026 3037 2062 τε
3072 2007 3172 2077 τῆς
3219 2005 3591 2074 εύαγγελικῆς
3634 2004 3794 2057 αὑτοῦ

2210 2105 2559 2169 διδασκαλίας
2591 2105 2750 2172 λόγος
2789 2103 2889 2156 οὐκ
2921 2101 2996 2154 ἔθ’
3033 2100 3108 2164 ὼς
3139 2101 3199 2152 τὸ
3234 2099 3463 2156 παλαιὸν
3513 2100 3574 2150 ὲν
3613 2097 3794 2158 τύποις

2212 2200 2307 2254 καὶ
2337 2199 2427 2254 διὰ
2460 2196 2747 2269 συμϐόλων
2793 2194 3144 2266 παραδέδοτο,
3177 2191 3311 2246 ἀλλὰ
3361 2191 3430 2244 δι’
3459 2191 3634 2260 αὐτῆς
3672 2189 3795 2258 ἀλῃ-

2213 2292 2383 2354 θείας.
2409 2289 2500 2342 Διὸ
2521 2289 2733 2360 εἴρηται
2756 2305 2767 2316 ”
2808 2287 2863 2338 Ὁ
2892 2287 3077 2354 νόμος
3108 2283 3205 2337 διὰ
3218 2282 3518 2348 Μωῦσέως
3541 2281 3794 2347 sectam-rt

2213 2383 2384 2457 χάρις
2419 2382 2519 2436 καὶ
2546 2381 2585 2448 ἠ
2614 2379 2869 2450 ἀλήθεια
2895 2377 2991 2432 διὰ
3027 2376 3220 2443 Ἰησοῦ
3247 2373 3509 2444 Χριστοῦ
3539 2374 3794 2442 ἐγένετο.

2211 2475 2329 2536 Καὶ,
2353 2476 2523 2527 πᾶσαι
2552 2471 2609 2524 δὲ
2637 2468 2802 2528 αὑτοῦ
2829 2470 2884 2523 αἰ
2935 2466 3161 2540 πράξεις
3200 2467 3427 2539 ἀλήθεια
3460 2462 3624 2537 ἦσαν,
3662 2466 3698 2534 ἦ
3743 2478 3795 2518 τε

2212 2567 2428 2637 γένεσις
2461 2565 2627 2619 αὑτοῦ
2661 2565 2756 2622 καί.
2779 2564 2840 2616 τὸ
2869 2561 3040 2626 πάθος
3072 2562 3166 2615 καὶ
3186 2561 3256 2617 τὰ
3287 2559 3474 2623 λοιπὰ,
3497 2560 3532 2612 ἀ
3564 2559 3632 2630 δὴ
3660 2558 3796 2611 ξφτὲ

2211 2661 2435 2731 δόκησιν
2467 2658 2561 2712 καὶ
2609 2655 2913 2727 φαντασίαν
2951 2653 3218 2708 ὑπέλαϐον
3245 2651 3527 2721 γεγονέναι
3564 2653 3615 2703 οἰ
3656 2650 3798 2704 ἄθεοι

2213 2749 2552 2823 αἰρεσιῶται.
2593 2749 2658 2802 Εἰ
2678 2747 2734 2802 δὲ
2773 2746 2868 2800 καὶ
2893 2747 3000 2809 πᾶς
3034 2745 3319 2816 ἄνθρωπος
3347 2743 3615 2812 ψεύστης,
3645 2741 3796 2811 μόνος

2215 2843 2281 2898 ἂν
2309 2843 2471 2906 αὐτὸς
2495 2841 2739 2906 εἰκότως,
2766 2840 2990 2914 ἀλήθεια
3017 2838 3114 2902 ὢν,
3141 2837 3251 2890 ἀπὸ
3275 2837 3375 2907 τῆς
3404 2837 3511 2905 γῆς
3539 2835 3795 2898 ἀνέτειλε,

2217 2933 2368 3002 ξένον
2398 2952 2448 2988 τι
2472 2934 2660 3006 χρῆμα
2695 2933 2792 3005 τῆς
2830 2935 2967 3004 γῆς,
3017 2931 3111 2985 καὶ
3144 2925 3256 2983 οἷον
3295 2928 3647 2983 οὐδεπώποτε
3677 2941 3799 2998 np-

2215 3027 2485 3104 ηνέγκατο
2515 3025 2741 3095 ἀγαθὸν,
2764 3025 3104 3097 ἀποδούσης·
3141 3025 3228 3092 ἐφ’
3261 3024 3318 3077 ὃν
3346 3023 3442 3077 καὶ
3473 3025 3506 3094 ἡ
3545 3021 3607 3086 ἐξ
3641 3023 3796 3091 0'39:-

2216 3121 2310 3176 νοῦ
2339 3119 2649 3192 διακύψασα
2672 3118 2985 3191 δικαιοσύνη
3019 3117 3381 3173 ἀνεπαύσατο.
3410 3116 3508 3180 Τίς
3542 3116 3588 3168 δ’
3625 3115 3686 3169 ἂν
3720 3117 3796 3184 εἴη

2214 3215 2584 3287 ήδικαιοσύνη
2605 3217 2636 3286 ἡ
2661 3214 3098 3286 ἀναπαυσαμένη
3124 3213 3216 3266 ἐπὶ
3236 3213 3335 3284 τὴν
3358 3211 3622 3282 ἀλήθειαν
3645 3210 3797 3279 ἀλλ’ἢ

2213 3309 2375 3372 αὐτὸς
2411 3309 2438 3361 ό
2473 3308 2604 3370 Θεὸς
2646 3306 2818 3375 Λόγος
2840 3345 2853 3366 ,
2889 3306 3017 3376 περὶ
3045 3299 3105 3358 οῦ
3134 3303 3374 3377 εἴρηται,
3411 3305 3512 3370 Ὃς
3551 3303 3798 3372 ἐγενήθη

2212 3401 2358 3472 ἡμῖν
2403 3399 2591 3469 σοφία
2634 3397 2752 3452 ἀπὸ
2788 3396 2960 3462 Θεοῦ,
2993 3395 3350 3462 δικαιοσύνη
3394 3412 3458 3449 τε
3509 3395 3616 3450 καὶ
3648 3395 3802 3462 ἁγια-

2213 3492 2370 3563 σμός
2413 3491 2510 3544 καὶ
2559 3489 3014 3556 ἀπολύτρωσις;
3059 3482 3224 3550 Οὗτος
3263 3487 3402 3556 γὰρ,
3439 3486 3502 3550 ἐξ
3553 3486 3799 3557 οὐρανῶν

2215 3584 2479 3646 καταϐὰς,
2511 3581 2928 3638 ὲπανεπαύσατο
2957 3583 3022 3652 τῇ
3064 3580 3170 3633 ἀπὺ
3199 3580 3297 3650 τῆς
3327 3579 3431 3648 γῆς
3473 3577 3802 3646 ἀνατειλάτῃ

2216 3676 2462 3750 ἀληθείᾳ,
2492 3675 2676 3748 ὴνώθη
2714 3693 2772 3728 τε
2821 3675 2998 3745 αὐτῇ,
3031 3674 3127 3727 καὶ
3173 3673 3248 3735 ὡς
3293 3672 3421 3742 φίλῃ
3469 3669 3804 3742 περιπλοκὰς

2216 3771 2384 3826 ἔδωκε
2416 3769 2659 3841 φιλικὰς.
2688 3769 2862 3840 Συνῆν
2891 3770 2948 3822 δὲ
2988 3771 3055 3840 τῇ
3091 3766 3190 3838 μὲν
3225 3767 3332 3821 ἀπὸ
3379 3765 3480 3836 τῆς
3527 3764 3642 3834 γῆς
3678 3765 3803 3817 ἀνι-

2215 3861 2440 3936 τειλάσῃ
2469 3859 2699 3932 ἀληθείᾳ
2726 3859 2788 3913 τὸ
2825 3858 2975 3921 ἔλεος
3010 3857 3309 3929 προτρέχον
3351 3855 3518 3925 αὐτῆς
3543 3873 3557 3887 ⁸
3590 3855 3681 3908 διά
3707 3853 3806 3920 γὰρ

2215 3953 2277 4005 τὸ
2303 3951 2395 4005 τοῦ
2424 3951 2558 4004 Θεοῦ
2593 3949 2743 4013 ἔλεος
2765 3950 2800 4022 ἡ
2834 3948 2987 4001 πᾶσα
3011 3945 3113 4018 τῆς
3134 3945 3389 4016 ἀληθείας
3413 3943 3648 4012 γέγονεν
3674 3945 3809 3994 οἱκο-

2215 4045 2409 4116 νομία·
2463 4043 2625 4115 τῇδὲ
2678 4041 2738 4106 ἐξ
2775 4040 3019 4113 οὐρανῶν
3084 4035 3417 4108 κατελθθύσῃ
3483 4033 3806 4106 δικαιοσύνη

2217 4139 2456 4208 sinerem
2478 4137 2690 4208 εἰρήνη,
2718 4135 2866 4197 ὅπως
2887 4133 3057 4203 ebeni.
3089 4132 3193 4202 γῆς
3219 4128 3500 4190 οἰκοῦντες
3529 4126 3808 4198 ἄνθρωποι

2222 4230 2297 4301 μὴ
2342 4228 2500 4300 μόνον
2554 4228 2704 4281 ἐλέου
2743 4225 2878 4279 Θεοῦ
2927 4224 3021 4278 καὶ
3074 4222 3330 4293 ἀληθείας
3385 4219 3804 4280 ἀπολαύσωσιν,

2218 4322 2358 4376 ἀλλὰ
2382 4323 2474 4376 καί
2515 4321 2615 4392 τῆς
2648 4319 2705 4386 ἐξ
2738 4317 2984 4392 οὐρανῶν
3023 4314 3393 4387 δικαιοσύνης,
3433 4315 3554 4384 ἅμα
3585 4313 3683 4365 καὶ
3716 4311 3806 4379 τῆς

2219 4413 2424 4486 ταύτης
2475 4413 2636 4485 φίλης
2687 4412 2933 4483 εἰρήνης.
2983 4408 3160 4466 Πάλαι
3211 4407 3310 4477 μὲν
3342 4406 3452 4476 γὰρ
3497 4406 3806 4475 οἰκητήριον

1201 4513 1215 4559 ι
1263 4495 1534 4566 siquidem
1571 4506 1794 4567 pr0pter
1822 4495 1918 4550 Dei
1954 4497 2111 4555 mise-

2221 4503 2483 4575 ἐτύγχανε
2513 4501 2611 4572 τῆς
2637 4498 2981 4569 δικαιοσύνης
3011 4498 3106 4551 καὶ
3132 4496 3233 4566 τῆς
3276 4496 3502 4566 εἰρήνης
3544 4492 3803 4563 ούρανό;’

2222 4593 2313 4649 νῦν
2343 4594 2398 4646 δὲ
2427 4594 2519 4646 καὶ
2545 4596 2577 4663 ὴ
2604 4593 2697 4664 γῆ,
2726 4593 2812 4646 ὅτε
2845 4591 2936 4644 ἐπὶ
2958 4591 3057 4661 τῆς
3088 4590 3191 4661 γῆς
3213 4588 3421 4658 ὑπέστη
3452 4587 3513 4639 τὸ
3545 4585 3696 4647 ἔλεος
3719 4582 3803 4634 τοῦ

2219 4681 2550 4747 ΘεοῢΤοῦτο
2565 4683 2634 4752 γὰ
2643 4701 2672 4755 ρ
2688 4678 2752 4755 ἦν
2772 4683 2863 4735 καὶ
2877 4681 2985 4760 ¹τῶν
3003 4679 3127 4752 ἑξῆς
3146 4679 3336 4734 αἴτιον·
3350 4678 3438 4731 διὰ
3459 4677 3572 4747 γὰρ
3587 4677 3648 4729 τὺ
3668 4676 3805 4736 ἔλεος

2221 4776 2315 4829 τοῦ
2341 4776 2478 4830 Θεοῦ
2522 4777 2617 4829 καὶ
2653 4775 2720 4827 τὰ
2765 4773 2931 4826 λοιπὰ
2962 4773 3139 4826 πάντα
3197 4767 3642 4842 ἐπηκολούθησε·
3676 4765 3804 4837 μετὰ

2221 4869 2332 4940 γὰρ
2365 4869 2423 4921 τὸ
2452 4867 2595 4931 ἔλεος
2633 4870 2665 4938 ἡ
2693 4866 2937 4938 ἀλήθεια,
2967 4865 3156 4918 ἔπειτα
3178 4865 3210 4936 ἡ
3230 4861 3570 4932 δικαιοσύνη,
3596 4859 3687 4913 καὶ
3721 4859 3803 4910 ἐπὶ

2219 4965 2386 5016 ’πᾶσιν
2403 4964 2436 5032 ἡ
2463 4959 2993 5033 εἰρήνη.Γέγραπται
3016 4958 3073 5012 δὲ
3098 4956 3280 5026 σαφῶς
3303 4953 3545 5025 περὶτοῦ
3564 4953 3800 5022 Σωτῆρος

2216 5057 2249 5127 ἡ
2260 5053 2396 5126 μῶν,
2433 5054 2552 5104 Ὅτι
2579 5052 2761 5118 αὑτός
2789 5051 2959 5103 ἐστιν
3002 5049 3041 5116 ἠ
3074 5047 3280 5117 εἰρήνη
3313 5045 3508 5116 ἡμῶν,
3550 5044 3801 5108 ποιήσας

2219 5147 2293 5201 τὰ
2317 5147 2618 5216 ἀμφότερα
2642 5142 2712 5196 ἓν
2731 5159 2744 5172 '
2778 5142 2892 5206 καὶ,
2917 5137 3398 5210 Εἰρηνοποιήσας
3417 5136 3495 5189 δι’
3523 5136 3705 5190 αὑτοῦ
3738 5135 3802 5185 τὰ

2221 5238 2291 5292 ἐν
2317 5236 2442 5303 τοῖς
2478 5235 2757 5304 οὐρανοῖς
2791 5235 2888 5288 καί
2930 5233 3003 5288 τὰ
3039 5232 3136 5286 ἐπὶ
3168 5231 3277 5298 τῆς
3312 5229 3425 5300 γῆς
3448 5247 3462 5260 ·
3491 5231 3588 5282 καὶ
3616 5227 3792 5280 πάλιν·

2234 5327 2456 5382 Ἐλθὼν
2507 5327 2947 5396 εὐηγγελίσατο
2986 5324 3233 5393 εἰρήνην
3278 5320 3403 5387 τοῖς
3424 5321 3664 5390 μακρὰν
3707 5315 3798 5368 καὶ

2223 5417 2348 5486 τοῖς
2379 5419 2579 5488 ἐγγύς.
2609 5416 2850 5481 Εἰκότως
2896 5412 2989 5470 οῦν
3040 5415 3127 5468 διὰ
3149 5413 3325 5467 ταῦτα
3373 5417 3431 5467 ὲν
3483 5414 3560 5485 τῷ
3612 5405 3798 5480 ψαλμῷ

2223 5509 2439 5581 εἴρηται
2463 5508 2544 5574 τὸ,
2573 5507 2748 5576 Πλὴν
2773 5507 2956 5578 ἐγγὺς
2977 5506 3097 5560 τῶν
3119 5504 3508 5574 φοϐουμένων
3534 5501 3710 5557 αὐτὸν
3736 5497 3796 5550 τὸ

2222 5601 2522 5668 σωτήριον
2571 5596 2790 5662 αὑτοῦ,
2849 5599 2958 5652 τοῦ
2997 5596 3461 5664 κατασκηνῶσαι
3509 5595 3690 5659 δόξαν
3735 5591 3796 5645 ἐν

2223 5692 2300 5763 τῇ
2325 5691 2411 5767 τῇ,
2642 5689 2956 5763 Πολλὴγᾲρ
2981 5691 3074 5745 καὶ
3102 5689 3312 5761 μεγάλη
3341 5689 3468 5757 δόξα
3495 5690 3553 5743 ὲν
3584 5691 3646 5760 τῇ
3671 5686 3793 5756 quso.

1158 5847 1204 5881 ⁸³
1242 5846 1263 5902 1
1303 5848 1430 5905 Cor.
1469 5864 1520 5915 ι,
1557 5847 1646 5905 '50.
1724 5848 1770 5881 “
1809 5845 2008 5924 Ephes.
2049 5865 2111 5915 ιι,

2216 5847 2246 5906 i.
2321 5850 2367 5882 ⁸⁵
2405 5847 2526 5905 Col.
2566 5863 2620 5914 I,
2652 5847 2742 5903 20.
2820 5847 2865 5878 ³³
2907 5843 3104 5921 Ephcs.
3144 5859 3182 5903 ll
3207 5887 3220 5911 ,
3263 5843 3348 5902 ΓΙ.
