4004 6544
211 397 355 451 1025

1385 386 1885 455 COMMENTARIA
1928 400 1997 455 IN
2036 397 2377 461 PSALMOS.

3337 412 3476 472 {026

204 516 343 591 τέρᾳ
368 517 462 588 γῇ,
502 516 646 586 λέγω
671 516 726 569 δὲ
756 519 820 588 τῇ
869 515 976 569 τῶν
1008 516 1322 589 ἀνθρώπων
1352 520 1668 593 οἰκουμένῃ,
1708 521 1771 575 διε

1901 523 1977 577 de
1999 524 2140 579 coelo
2172 523 2390 595 justitia
2420 523 2489 579 ad
2518 538 2637 579 eam
2664 525 2923 583 ac'cedcre
2945 514 3165 597 dignata
3185 536 3270 585 est
3292 530 3316 584 ?
3338 530 3478 587 Cum

202 612 304 682 τῆς
349 609 457 662 τῶν
502 611 994 681 προφητεύομένων
1051 609 1331 675 ἐκϐάσεως
1373 613 1627 683 συνέστη.
1682 614 1791 667 Καὶ

203 702 325 766 πῶς
366 701 477 773 γὰρ
514 701 615 755 οὐκ
666 703 867 773 ἤμελλε
914 702 1288 774 κατασκηνοῦν
1335 703 1463 771 δόξα
1505 705 1563 758 ὲν
1606 708 1671 777 τῇ
1718 708 1790 777 γῇ

200 795 384 866 ήμῶν,
412 796 501 847 ὅτε
531 793 707 848 καὶτὸ
745 798 1010 867 σωτήριον
1036 794 1130 848 τοῦ
1176 794 1367 862 αὐτοῦ,
1396 796 1557 859 αὐτὸς
1593 798 1622 850 ὁ
1652 799 1792 869 Χρι-

201 887 328 949 στος
350 885 539 950 αὐτοῦ,
562 888 656 940 καὶ
682 887 714 957 ἡ
741 884 799 951 ἐξ
821 886 1052 958 οὐρανοῦ
1076 886 1414 958 δικαιοσύνη,
1443 886 1646 958 ταύτης
1672 889 1791 941 ἐπι-

199 977 363 1048 ϐῆναι
397 974 738 1049 κατηξίωσε;
781 978 966 1032 Ταῦτα
1005 979 1062 1031 δὲ
1109 978 1287 1032 πάντα
1335 980 1645 1045 ἐπακούσας
1692 980 1788 1035 τοῦ

194 1068 334 1122 Θεοῦ
366 1070 757 1140 προορίσαντος
782 1071 877 1123 καὶ
918 1069 1356 1142 προλαλήσαντος
1388 1072 1482 1124 ἐπὶ
1534 1072 1625 1126 τὸν
1659 1072 1788 1128 λαὸν

200 1160 396 1226 αὐτοῦ,
422 1160 667 1225 θεσπίζει
694 1161 832 1233 μετά
858 1161 956 1234 τὴν
983 1162 1170 1234 εὐχὴν,
1200 1163 1397 1217 εἰπών’
1438 1166 1788 1236 Ἁκούσομαι

198 1251 260 1304 τί
287 1253 553 1322 λαλήσει
576 1255 791 1323 Κύριος
811 1257 844 1307 ὀ
869 1256 1015 1321 Θεός
1032 1272 1045 1285 ·
1073 1255 1153 1308 διὸ
1173 1255 1454 1328 ἐπήγαγεν
1485 1257 1638 1329 ἑξῆς·
1666 1259 1788 1312 Ὅτι

194 1342 464 1411 λαλήσει
492 1346 742 1414 εἰρήνην
760 1346 859 1400 ἐπὶ
882 1347 994 1401 τὸν
1024 1347 1180 1401 λαὸν
1213 1348 1419 1403 αὑτοῦ.
1463 1348 1611 1420 Αὕτη
1663 1350 1720 1404 δὲ
1751 1352 1785 1422 ἠ

194 1434 394 1505 εἰρήνη
420 1435 611 1504 γέγονε
633 1436 709 1507 τῷ
732 1437 868 1508 λαῷ,
891 1439 979 1491 ὅτε
998 1438 1059 1492 τὸ
1075 1438 1222 1503 ἕλεος
1242 1442 1384 1511 καὶὴ
1412 1441 1635 1514 ἀλήθεια
1659 1460 1784 1496 συν-

196 1528 463 1599 ήντησαν,
497 1530 531 1600 ἥ
569 1547 628 1582 τε
655 1530 967 1603 δικαιοσύνη
995 1533 1089 1585 καὶ
1115 1535 1148 1604 ή
1171 1535 1362 1605 εἰρήνη
1393 1534 1779 1607 κατεφίλησαν.

190 1612 299 1673 Ὧν
316 1620 487 1685 οὕτως
514 1622 766 1693 ἐχόντων,
799 1625 895 1677 xui
915 1624 985 1677 τὰ
1022 1625 1317 1697 τῆς-εὐχῆς
1343 1627 1659 1682 ἀποδέδοται
1686 1627 1780 1680 τοῦ

186 1713 505 1785 Προφήτου,
546 1717 641 1769 καὶ
665 1716 733 1769 τὰ
769 1710 875 1789 πρὸ
902 1718 1002 1788 τῆς
1030 1718 1196 1788 εὐχῆς
1218 1719 1501 1789 εἰρημένα.
1540 1720 1650 1773 Καὶ
1672 1720 1781 1791 γὰρ

1894 613 2009 668 haec
2030 622 2211 669 autem
2242 616 2426 669 omnia
2449 630 2481 670 a
2510 613 2621 672 Deo
2643 616 2869 672 deﬁnita
2903 628 2957 673 et
2987 621 3349 689 praznuntiata
3374 638 3474 677 au-

1892 702 2088 771 disset,
2147 711 2272 775 post
2312 704 2515 759 editam
2564 706 2868 762 orationem
2909 711 3023 763 haec
3072 710 3405 765 vaticinatur
3456 730 3473 768 :

1890 794 2125 850 Audiam
2149 798 2274 869 quid
2301 797 2543 867 loquetur
2562 799 2617 852 in
2640 815 2722 853 me
2748 798 3007 855 Dominus
3031 800 3176 857 Deus
3198 819 3219 867 ;
3245 804 3479 874 ideoque

1892 889 2090 960 pergit,
2113 891 2360 960 quoniam
2383 891 2622 961 loquetur
2643 908 2823 959 pacem
2846 893 2899 947 in
2926 893 3125 963 plebem
3147 912 3325 952 suam.
3348 896 3476 953 Haec

1890 996 2021 1036 vero
2051 997 2156 1052 pax
2187 990 2302 1036 tum
2341 983 2543 1053 populo
2581 999 2845 1041 concessa
2874 994 2980 1049 est,
3017 1001 3141 1041 cum
3174 991 3478 1046 misericor-

1889 1071 1982 1126 dia
2012 1081 2062 1127 et
2090 1076 2281 1128 veritas
2312 1075 2647 1129 obviaverunt
2679 1077 2802 1142 sibi,
2832 1077 3048 1147 justitia
3089 1088 3139 1133 et
3184 1096 3290 1148 pas:
3323 1100 3479 1138 oscuc

1891 1164 2015 1219 latin
2043 1177 2186 1220 sunt.
2231 1166 2364 1233 Quas
2414 1183 2541 1223 cum
2584 1168 2659 1222 ita
2698 1185 2758 1225 se
2793 1170 3050 1236 habeant,
3098 1188 3222 1227 cum
3259 1190 3323 1229 ea
3354 1191 3477 1246 quae

1890 1254 2168 1326 Propheta
2200 1266 2457 1328 precatus
2487 1258 2686 1327 fuerat,
2720 1268 2836 1316 tum
2859 1276 2921 1317 ea
2955 1279 3076 1333 quae
3107 1273 3233 1318 ante
3268 1268 3475 1321 oratio-

1887 1361 2015 1401 nem
2044 1347 2277 1415 dixerat,
2306 1364 2571 1406 concessa
2604 1349 2779 1407 fuere.
2814 1349 2951 1406 Nam
2972 1353 3250 1408 benedixit
3277 1354 3462 1410 Domi-

1886 1452 1992 1493 nus
2032 1446 2236 1494 terram
2279 1454 2462 1507 suam,
2495 1441 2875 1497 misericordia
2903 1451 2959 1497 et
2994 1444 3218 1499 veritate
3252 1460 3315 1499 ac
3345 1445 3474 1500 reli-

1886 1531 2010 1601 quis
2037 1531 2296 1601 dignatus
2330 1548 2473 1601 eam;
2495 1534 2631 1604 quin
2666 1535 2828 1589 etiam
2864 1536 3167 1589 animarum
3202 1536 3471 1591 humana-

1885 1638 2005 1675 rum
2041 1624 2413 1692 captivitatem
2446 1625 2665 1692 avertit,
2703 1626 2883 1681 soluto
2927 1626 3068 1679 bello
3099 1627 3364 1696 quolibet,
3404 1642 3470 1683 ac

1885 1716 2239 1770 reconciliata
2281 1731 2434 1786 pace,
2469 1716 2766 1789 fractisque
2800 1720 3037 1774 vinculis
3084 1734 3147 1773 ac
3188 1720 3468 1790 compedi-

184 1803 454 1876 εὐδόκησε
495 1806 700 1878 Κύριος
725 1808 821 1878 τὴν
856 1809 960 1879 γῆν
996 1810 1186 1873 αὐτοῦ,
1235 1811 1581 1876 καταξιώσας
1608 1814 1771 1884 αὐτὴν

1888 1807 1994 1862 bus
2019 1823 2113 1878 per
2138 1818 2425 1878 peccatum
2453 1810 2712 1865 inductis.
2739 1809 3102 1875 Quamobrem
3127 1811 3255 1866 huic
3277 1812 3423 1867 dicto
3447 1830 3463 1867 :

183 1896 379 1960 ἐλέους
406 1898 500 1951 καὶ
532 1899 790 1970 ἀληθείας
827 1902 1049 1954 καὶτῶν
1072 1901 1279 1957 λοιπῶν
1297 1919 1313 1932 ·
1346 1904 1482 1957 ἀλλὰ
1508 1906 1602 1959 καὶ
1642 1906 1771 1964 ἀπέ-

1883 1901 2140 1954 Avertisti
2165 1901 2524 1969 captivitatem
2545 1900 2735 1965 Jacob,
2766 1902 2911 1957 istud
2936 1902 3287 1973 subjungitur
3317 1921 3331 1957 :
3366 1901 3467 1956 Re-

185 1990 393 2060 στρεψε
439 1991 535 2064 τήν
590 1993 968 2063 αἰχμαλωσίαν
998 1994 1108 2049 τῶν
1161 1995 1518 2068 ἀνθρωπίνων
1570 1997 1777 2068 ψυχῶν,

181 2080 359 2146 λύσας
398 2083 495 2154 μὲν
526 2085 705 2138 πάντα
746 2085 1001 2156 πόλεμον,
1032 2087 1399 2160 χαρισάμενος
1431 2088 1488 2142 δὲ
1513 2088 1611 2161 τὴν
1630 2091 1783 2161 εἰρή-

179 2191 309 2245 νην,
347 2174 441 2229 καί⁹
470 2177 769 2250 διαρρήξας
806 2179 933 2243 τοὺς
967 2180 1222 2251 δεσμοὺς,
1252 2181 1348 2236 καὶ
1395 2182 1524 2246 τοὺς
1564 2182 1780 2246 κλοιοὺς

179 2268 314 2331 τούς
351 2266 461 2322 ἀπὸ
487 2270 587 2340 τῆς
626 2270 901 2342 ἁμαρτίας
939 2273 1350 2342 ὲγγενομένους.
1379 2273 1470 2325 Διὸ
1515 2273 1610 2326 καὶ
1654 2286 1781 2327 συν-

180 2359 359 2430 ἧπται
384 2358 482 2430 τῷ,
521 2360 928 2430 Ἀπέστρεψας
957 2361 1073 2430 τὴν
1102 2362 1525 2431 αἰχμαλωσίαν
1558 2363 1774 2429 Ἰακὼϐ,

180 2452 267 2515 τὸ,
326 2449 580 2520 Ἀερῆκας
648 2452 755 2518 τὰς
789 2453 1042 2522 ἀνομίας
1081 2452 1162 2518 τῷ
1195 2452 1323 2518 λαῷ
1368 2469 1523 2517 σου,
1567 2455 1773 2519 καὶτὸ,

192 2539 543 2609 Ἐκάαυψας
575 2540 780 2608 πάσας
821 2546 929 2609 τὰς
965 2543 1256 2613 ἁμαρτίας
1312 2543 1529 2598 αὐτῶν.
1574 2545 1638 2597 Ἠ
1666 2546 1774 2618 γὰρ

174 2632 487 2704 ἐπιστροφὴ
530 2632 631 2703 τῆς
665 2633 1043 2704 αἰχμαλωσίας
1084 2635 1183 2687 οὐκ
1213 2634 1389 2699 ἄλλως
1432 2635 1771 2709 ἀπετελέσθη

173 2722 213 2794 ἢ
243 2724 311 2777 δι’
341 2723 590 2793 ἀφέσεως
620 2724 729 2779 τῶν
749 2725 1055 2798 ἁμαρτιῶν.
1088 2726 1211 2780 Ὅτι
1239 2727 1295 2779 δὲ
1342 2728 1436 2781 καὶ
1473 2728 1647 2782 ταῦτα
1684 2730 1774 2785 διὰ

175 2820 281 2889 τῆς
324 2816 418 2870 τοῦ
464 2818 714 2889 Σωτῆρος
760 2817 921 2888 ήμῶν
968 2817 1293 2887 ἐπιφανείας
1334 2819 1523 2882 τέλους
1558 2820 1768 2891 ἔτυχεν,

176 2908 343 2970 αὐτὸς
371 2907 610 2974 ἐδίδαξεν
650 2912 707 2962 ὲν
738 2912 851 2972 τοῖς
884 2909 1258 2976 Εὐαγγελίοις,
1292 2911 1403 2973 ὅτε,
1450 2910 1629 2963 λαϐὼν
1673 2912 1772 2980 τὴν

178 2997 367 3067 βίϐλον
396 2998 491 3051 τοῦ
525 3000 769 3063 Ἡσαΐου,
806 3000 902 3052 καὶ
952 2999 1219 3067 ἀναγνοὺς
1250 2999 1331 3065 τὸ,
1373 2998 1615 3069 Πνεῦμα
1650 3005 1769 3054 Κυ-

167 3096 310 3162 ρίου
346 3095 438 3147 ἐπ’
468 3093 593 3163 ἐμὲ,
628 3089 700 3150 οὗ
742 3094 976 3147 εἵνεκεν
1012 3090 1220 3160 ἕχρισέ
1252 3108 1348 3160 με,
1378 3091 1771 3159 εὐαγγελίσα-

1882 1992 2082 2045 misisti
2137 1993 2445 2063 iniquitates
2477 1993 2613 2062 plebi
2671 2002 2808 2057 tute;
2851 2004 2903 2048 et
2953 1994 3085 2048 illud
3132 2010 3146 2045 :
3199 1994 3465 2063 Operuisti

1882 2085 2059 2138 omnia
2090 2093 2307 2153 peccata
2332 2102 2535 2141 eorum.
2575 2085 2711 2139 Nam
2770 2086 2980 2140 reditus
3011 2101 3079 2142 ex
3123 2087 3462 2157 captivitate,

1880 2191 1991 2230 non
2023 2176 2131 2232 alio
2155 2193 2319 2249 quam
2341 2193 2440 2249 per
2490 2178 2878 2235 remissionem
2926 2186 3269 2249 peccatorum
3301 2179 3464 2233 modo

1880 2276 2071 2338 partus
2095 2276 2202 2324 est.
2231 2266 2388 2336 Quod
2429 2276 2613 2325 autem
2660 2268 2776 2324 hac
2810 2283 2908 2339 per
2939 2269 3234 2325 adventum
3266 2268 3464 2325 Serva-

1878 2362 2016 2415 toris
2046 2361 2221 2415 nostri
2249 2361 2319 2417 'ad
2340 2361 2590 2417 effectum
2613 2361 2847 2417 deducta
2881 2362 3013 2427 sint,
3042 2363 3159 2432 ipse
3194 2363 3251 2416 in
3282 2364 3462 2419 Evan-

1877 2451 2033 2521 geliis
2066 2452 2272 2518 docuit,
2337 2468 2461 2506 cum
2512 2460 2740 2523 accepto
2778 2452 2930 2507 Isaiae
2973 2453 3131 2517 libro,
3170 2461 3460 2525 postquam

1878 2543 2098 2612 legisset
2134 2543 2268 2598 illud
2302 2562 2314 2597 :
2349 2541 2579 2614 Spiritus
2632 2544 2841 2599 Domini
2884 2562 3041 2615 super
3090 2562 3191 2610 me,
3222 2563 3280 2600 eo
3321 2546 3459 2615 quod

1875 2636 2086 2688 unxerit
2118 2653 2219 2701 me,
2254 2636 2615 2706 evangelizare
2643 2636 2965 2705 pauperibus
3004 2637 3151 2691 misit
3191 2654 3291 2703 me,
3320 2652 3460 2705 pra:-

1874 2727 2054 2782 dicare
2083 2730 2304 2797 captivis
2328 2730 2689 2784 dimissionem
2720 2732 2787 2796 ⁸⁷,
2813 2738 2866 2786 et
2895 2738 3125 2798 caetera;
3162 2731 3346 2785 intulit
3371 2731 3457 2786 his

1870 2820 2054 2875 verbis
2085 2839 2097 2875 :
2137 2821 2308 2875 Hodie
2333 2823 2547 2891 impleta
2575 2830 2656 2876 est
2688 2822 2797 2876 hare
2841 2821 3119 2892 Scriptura
3147 2823 3202 2875 in
3235 2820 3454 2877 auribus

1872 2911 2057 2963 vestris
2089 2910 2155 2965 ⁸⁸.
2192 2909 2290 2965 His
2320 2914 2367 2966 si
2404 2912 2529 2980 quis
2564 2912 2807 2966 animum
2835 2911 3113 2979 adhibeat,
3148 2913 3296 2967 dicat
3322 2927 3455 2968 sane

1872 3018 2044 3073 genus
2073 3002 2356 3057 hominum
2390 3006 2521 3059 olim
2556 3004 2926 3074 captivitatem
2962 3020 3182 3075 passum
3229 3019 3353 3061 esse
3384 3006 3456 3060 ab

1871 3094 2238 3150 invisibilibus
2259 3095 2519 3160 inimicis,
2554 3112 2681 3151 vere
2714 3096 2809 3151 Dei
2855 3096 3129 3162 hostibus,
3176 3097 3230 3150 in
3276 3096 3454 3150 idolo-

174 3189 321 3242 σθαι
342 3187 600 3255 πτωχοῖς
621 3186 971 3240 ἀπέσταλκέ
982 3201 1079 3253 με,
1097 3182 1348 3251 κηρῦξαι
1370 3181 1769 3279 αἰχμαλώτοις

1875 3184 2087 3239 Iatriam
2148 3193 2202 3240 et
2231 3187 2287 3240 in
2317 3186 2493 3255 turpia
2520 3187 2705 3241 omnia
2741 3184 3058 3256 nefariaque
3090 3202 3255 3258 opera
3284 3187 3454 3257 pelle-

173 3277 421 3347 ἄφεσιν,
456 3280 549 3331 καὶ
582 3279 651 3330 τά
709 3278 870 3348 ἑξῆς,
921 3277 1224 3346 ἐπήνεγκεν
1256 3268 1425 3328 εἰπών
1450 3290 1464 3303 ·
1497 3273 1768 3342 Σήμερον

1875 3282 2052 3343 ctum;
2089 3291 2264 3346 neque
2298 3285 2586 3332 cunctetur
2623 3294 2743 3333 eam
2770 3294 2989 3349 gravem
3014 3280 3321 3333 animarum
3349 3294 3448 3333 ca-

171 3368 557 3435 πεπλήρωται
584 3368 623 3435 ὴ
655 3367 866 3437 Γραφὴ
909 3368 1063 3435 αὕτη
1098 3367 1169 3419 ἐν
1214 3365 1340 3434 τοῖς
1377 3365 1529 3419 ὠσὶν
1570 3365 1758 3435 ὑμῶν.

172 3461 239 3513 Εἰ
269 3460 313 3512 δ’
343 3456 437 3512 οὖν
466 3459 735 3530 ὲννοήσειέ
761 3476 865 3524 τις,
889 3458 1033 3511 εἴποι
1062 3457 1128 3512 ἂν
1149 3458 1210 3511 τὸ
1240 3459 1397 3527 γένος
1415 3457 1524 3511 τῶν
1553 3455 1763 3529 ἀνθρώ-

173 3568 296 3604 πων
326 3550 494 3604 πάλαι
525 3551 789 3622 πρότερον
810 3549 1187 3621 αἰχμαλωσίαν
1228 3548 1333 3601 ὐπὸ
1364 3547 1472 3601 τῶν
1511 3547 1760 3618 ἀοράτων

171 3642 474 3712 πολεμίων,
498 3642 608 3695 τῶν
634 3641 850 3713 ἀληθῶς
872 3640 1080 3714 ἐχθρῶν
1104 3639 1198 3694 τοῦ
1215 3639 1371 3705 Θεοῦ,
1395 3638 1760 3693 καθελκυσθὲν

170 3735 253 3798 εἰς
284 3732 750 3803 εἰδωλολατρείας,
787 3734 883 3787 καὶ
925 3732 1104 3795 πάσας
1148 3730 1375 3802 πράξεις
1406 3729 1636 3801 αἰσχρὰς
1667 3729 1759 3782 καὶ

173 3826 492 3896 ἀθεμίτους,
523 3827 624 3879 οὐκ
656 3826 720 3879 ἂν
747 3826 967 3897 ὀκνήσει
1004 3823 1184 3894 δεινὴν
1213 3822 1419 3893 ταύτην
1458 3823 1621 3890 φάναι
1656 3820 1759 3891 ψυ-

170 3918 286 3989 χῶν
339 3913 717 3989 αἰχμαλωσίαν
745 3956 760 3981 ,
810 3912 881 3988 ἦς
939 3913 1255 3978 ἀπαλλάξας
1305 3914 1399 3966 xui.
1446 3911 1763 3983 ἐλευθέρους

167 4012 657 4083 καταστησάμενος
702 4011 851 4081 ἡμᾶς
888 4010 917 4062 ὀ
960 4006 1153 4078 Σωτὴρ
1184 4006 1279 4060 καὶ
1320 4004 1526 4077 Κύριος
1562 4005 1717 4075 ἡμῶν
1740 4045 1757 4071 ,

166 4103 365 4173 ἄφεσίν
401 4120 460 4156 τε
483 4103 572 4157 διὰ
590 4100 819 4174 λουτροῦ
848 4100 1267 4169 παλιγγενεσίας
1300 4098 1546 4152 παλαιῶν
1575 4099 1757 4171 πλημ-

1870 3371 2173 3440 ptivitatem
2210 3372 2589 3443 pronuntiare,
2633 3388 2741 3442 qua
2777 3387 2903 3427 cum
2934 3386 3036 3427 nos
3065 3372 3358 3442 eripuisset
3394 3370 3454 3425 li-

1868 3459 2140 3533 berosque
2174 3463 2554 3518 constituisset
2589 3462 2843 3519 Salvator
2871 3472 2925 3518 et
2948 3463 3211 3520 Dominus
3236 3471 3449 3531 noster,

1868 3564 2129 3606 concessa
2162 3567 2258 3622 per
2299 3553 2578 3607 lavacrum
2621 3555 3054 3624 regenerationis
3090 3555 3451 3625 pristinorum

1868 3639 2135 3694 scelerum
2161 3648 2215 3695 et
2238 3641 2577 3711 impietaium
2605 3644 2761 3697 venia
2789 3659 2853 3697 ac
2879 3644 3227 3710 remissione,
3258 3655 3453 3701 auctor

1865 3731 2025 3786 nobis
2059 3731 2164 3786 fuit
2220 3734 2520 3803 gratiarum
2566 3735 2800 3791 actionis
2850 3735 2907 3789 in
2974 3736 3186 3806 psalmo
3234 3738 3450 3808 positae,

1862 3827 1940 3881 ita
1974 3835 2032 3881 ut
2070 3844 2172 3883 nos
2220 3844 2439 3899 quoque
2495 3830 2679 3884 dicere
2721 3830 3001 3885 valeamus
3041 3849 3054 3885 :
3099 3830 3447 3898 Benedixisti,

1873 3920 2123 3986 Domine,
2160 3930 2356 3976 terram
2400 3932 2544 3975 tuam
2568 3962 2582 3985 ,
2616 3923 2852 3975 avertisti
2879 3922 3234 3991 captivitatem
3257 3921 3445 3980 Iacob.

1864 4012 2147 4068 Remisisti
2208 4014 2515 4085 iniquitates
2564 4012 2729 4084 plebis
2774 4023 2899 4080 tute,
2963 4014 3217 4083 aperuisti
3268 4016 3447 4069 omnia

1862 4112 2077 4171 ρεοοαια
2116 4118 2319 4159 eorum.

171 4194 501 4266 μελημάτων
533 4193 629 4249 καὶ
663 4193 816 4246 λύσιν
886 4193 1170 4265 προτέρων
1204 4192 1569 4263 ἀσεϐημάτων
1606 4192 1925 4264 παρασχὼν,
1997 4197 2170 4262 αἴτιος
2212 4199 2345 4270 ήμῖν
2382 4197 2615 4271 κατέστη
2660 4200 2759 4270 τῆς
2820 4200 2879 4253 ὲν
2914 4200 2994 4271 τῷ
3058 4198 3257 4272 ψαλμῷ
3289 4197 3449 4270 εὐχα-

169 4287 405 4355 ριστίας,
433 4288 508 4351 ὡς
543 4286 802 4340 δύνασθαι
848 4286 949 4339 καὶ
995 4287 1149 4357 ἡμᾶς
1180 4286 1393 4354 λέγειν·
1433 4285 1813 4355 Εὐδόκησας,
1862 4292 2062 4360 Κύριε,
2099 4291 2215 4362 τὴν
2263 4291 2381 4363 γῆν
2432 4307 2570 4358 σου,
2625 4294 3011 4363 ἀπέστρεψας
3069 4292 3185 4363 τὴν
3237 4295 3447 4363 αἰχμα-

168 4379 406 4435 λωσίαν
445 4378 658 4436 Ἰακώϐ.
699 4379 953 4449 Ἀερῆκας
998 4378 1105 4446 τὰς
1134 4379 1387 4449 ἀνομίας
1432 4380 1540 4434 τοῦ
1588 4382 1743 4437 λαοῦ
1780 4395 1919 4451 σου,
1942 4386 2261 4457 ἐκάλυψας
2282 4387 2485 4455 πάσας
2511 4389 2618 4455 τὰς
2652 4389 2943 4459 ἁμαρτίας
2971 4387 3190 4444 αὐτῶν.

240 4490 350 4545 Καὶ
389 4493 499 4560 γὰρ
536 4494 569 4545 ό
596 4492 810 4561 Κύριος
837 4492 1017 4546 δώσει
1048 4495 1450 4562 χρηστότητα,
1483 4494 1582 4549 καί
1606 4493 1645 4563 ἡ
1674 4494 1753 4567 γῆ

164 4582 339 4654 ἡμῶν
366 4581 544 4637 δώσει
575 4582 684 4637 τὸν
723 4584 957 4654 καρπὸν
1002 4588 1212 4656 αὐτης.
1288 4587 1462 4641 Πάλαι
1499 4589 1618 4659 μὲν,
1665 4589 1757 4643 ὅτε

1932 4500 2097 4559 Vatis.
2134 4504 2221 4559 15.
2257 4503 2468 4559 Etenim
2507 4504 2761 4560 Dominus
2792 4505 2940 4559 dabit
2980 4505 3372 4576 benignitatem,
3395 4514 3445 4559 et

1860 4606 2006 4652 terra
2040 4607 2223 4653 nostra
2248 4599 2397 4654 dabit
2427 4602 2661 4669 fructum
2691 4618 2863 4655 suum.
2889 4600 3031 4656 Olim
3062 4602 3283 4672 quidem
3315 4618 3440 4657 cum

167 4676 272 4729 ὐπὸ
300 4674 549 4749 κατάραν
585 4670 654 4747 ἦν
683 4677 716 4747 ἡ
744 4675 840 4745 γῆ,
883 4677 1125 4743 ἀκάνθας
1158 4678 1253 4733 καὶ
1282 4680 1561 4751 τριϐόλους
1599 4682 1753 4753 ἔφυε,

1875 4687 1965 4741 sub
1987 4687 2280 4743 maledicto
2303 4700 2445 4745 terra
2477 4700 2643 4755 esset,
2678 4692 2866 4759 spinas
2895 4706 2958 4746 ac
2982 4670 3217 4747 tribulos
3246 4693 3443 4762 germi—

165 4766 309 4820 κατά
353 4764 415 4818 τὸ
472 4767 779 4838 εἰρημένον·
842 4768 1304 4840 Ἐπικατάρατος
1339 4774 1380 4841 ἡ
1418 4774 1495 4845 γῆ
1535 4775 1607 4829 ἐν
1633 4775 1760 4844 τοῖς

162 4859 363 4929 ἔργοις
392 4873 529 4922 σου,
555 4860 826 4928 ἀκάνθας
856 4862 954 4915 καί
977 4866 1292 4932 τριϐόλους
1323 4866 1613 4923 (trareer
1634 4884 1757 4925 σοι·

161 4955 258 5008 νῦν
289 4954 336 5007 δ’
364 4954 716 5022 ὅτετοιαῦτα
758 4956 940 5025 ἀγαθὰ
980 4959 1062 5019 εἰς
1100 4957 1271 5030 αὐτὴν
1316 4960 1594 5031 ἐλήλυθεν,
1628 4963 1761 5015 ἀκο-

157 5047 371 5112 λούθως
399 5048 495 5101 καὶ
519 5048 657 5120 αὐτὴ
686 5048 778 5103 τὸν
810 5050 1157 5121 προσήκοντα
1197 5053 1408 5123 καρπὸν
1447 5054 1757 5107 ἀποδιδόναι

156 5141 408 5211 λέγεται,
439 5142 536 5195 ἆτε
565 5142 628 5214 δὴ
671 5142 911 5213 τυχοῦσα
942 5143 1041 5214 τῆς
1070 5144 1221 5215 παρὰ
1248 5143 1343 5197 τοῦ
1378 5145 1584 5215 Κυρίου
1618 5162 1755 5216 χρη-

158 5236 443 5307 στότητος.
477 5236 707 5308 Καρπός
737 5237 794 5290 δὲ
833 5236 1055 5301 ἐπάξιος
1092 5236 1228 5291 Θεοῦ
1259 5237 1359 5291 οὐκ
1389 5237 1621 5292 ἄκανθαι
1655 5239 1750 5292 καὶ

152 5328 424 5402 τρίϐολοι,
458 5328 595 5382 ἀλλὰ
629 5330 848 5392 πάντως
874 5343 976 5382 που
999 5329 1171 5383 ταῦτα
1201 5330 1268 5383 δι’
1297 5324 1373 5383 ὧν
1401 5330 1750 5397 καταξιοῦται

155 5422 415 5488 εὐλογίας
442 5422 540 5491 τῆς
570 5422 720 5494 παρά
747 5421 841 5475 τοῦ
870 5421 1024 5476 Θεοῦ.
1057 5423 1132 5493 Γῆ
1165 5421 1223 5475 δὲ
1252 5424 1287 5495 ή
1322 5422 1520 5475 πιοῦσα
1547 5422 1637 5476 τὸν
1661 5424 1749 5477 ἐπ’

155 5510 337 5580 αὐτῆς
366 5512 658 5583 ἐρχόμενον
696 5513 955 5578 πολλάκις
1000 5514 1176 5581 ὑετὸν,
1210 5514 1454 5587 φέρουσά
1490 5532 1549 5567 τε
1588 5514 1749 5586 βοτά-

1860 4778 2051 4842 nabat,
2085 4782 2386 4836 secundum
2424 4782 2554 4835 illud
2592 4781 2917 4837 :Matediela
2946 4794 3084 4837 terra
3119 4785 3173 4837 in
3202 4785 3441 4854 operibus

1860 4870 1986 4934 tuis,
2016 4871 2196 4938 spinas
2236 4881 2285 4926 et
2327 4871 2550 4927 tribulos
2583 4874 2898 4943 germinabit
2927 4875 3024 4928 tibi
3051 4876 3095 4906 δ’
3126 4893 3140 4931 :
3167 4890 3313 4931 nunc
3343 4891 3439 4928 au-

1855 4968 1988 5029 tem,
2016 4978 2142 5018 cum
2177 4964 2234 5018 in
2254 4980 2317 5021 ea
2349 4965 2539 5020 talium
2574 4967 2842 5022 bonorum
2873 4968 3118 5024 accessio
3150 4968 3292 5023 facta
3331 4975 3435 5031 est,

1859 5071 1890 5112 e
1917 5071 1977 5111 re
2010 5067 2403 5129 congruentem
2437 5061 2638 5116 dicitur
2672 5059 2917 5132 proferre
2948 5059 3183 5115 fructum
3211 5078 3225 5125 ;
3254 5068 3439 5130 utpote

1859 5167 1981 5222 quae
2032 5151 2244 5207 Domini
2287 5154 2677 5225 benignitatem
2732 5162 3028 5208 consecuta
3062 5152 3152 5207 sit.
3201 5150 3437 5207 Fructus

1858 5253 2054 5302 autem.
2079 5244 2191 5301 Deo
2219 5244 2417 5316 dignus
2448 5263 2556 5301 non
2600 5249 2772 5318 spina:
2805 5255 2859 5302 et
2891 5245 3076 5301 tribuli
3111 5252 3239 5300 sunt
3266 5263 3282 5309 ;
3340 5242 3436 5298 sed

1857 5350 1921 5390 ea
1970 5337 2130 5405 plane
2170 5339 2372 5409 quibus
2427 5337 2524 5395 Dei
2578 5340 3013 5396 benedictionem
3068 5340 3262 5394 sortita
3326 5345 3433 5390 est.

1857 5427 2026 5483 Terra
2062 5447 2190 5487 vero
2232 5447 2353 5502 quae
2391 5432 2731 5489 decidentem
2783 5433 3020 5504 pluviam
3056 5432 3255 5501 sazpius
3283 5429 3434 5484 exci-

1855 5520 1935 5591 pit
1958 5531 2011 5576 et
2044 5522 2199 5587 bibit,
2227 5538 2291 5578 ac
2319 5524 2626 5581 cultoribus
2652 5526 2767 5581 suis
2786 5533 3178 5595 congruentem
3208 5522 3433 5576 herbam

154 5621 258 5675 νην
279 5601 503 5657 εὔθετον
536 5605 783 5670 ἐκείνοις,
826 5607 893 5659 δι’
919 5606 1014 5671 οὒς
1053 5607 1150 5662 καὶ
1178 5611 1528 5680 γεωργεῖται,
1575 5626 1746 5679 μετα-

1875 5613 2083 5682 )τοίετι,
2113 5631 2176 5670 ea
2207 5616 2604 5674 benedictionis
2633 5635 2664 5673 a
2696 5617 2806 5673 Deo
2831 5618 2973 5672 datas
3017 5615 3288 5686 particeps
3326 5621 3430 5668 est.

156 5696 432 5768 λαμϐάνει
456 5696 706 5767 εὐλογίας
740 5699 837 5770 τῆς
872 5700 1023 5771 παρὰ
1058 5701 1154 5753 τοῦ
1195 5699 1353 5758 Θεοῦ.
1388 5702 1626 5766 Εἰκότως
1651 5697 1745 5759 οὗν

1875 5715 1982 5763 »ιιι-ε
2015 5722 2146 5780 ergo
2178 5724 2318 5767 nova
2347 5712 2563 5768 cantica
2590 5712 2752 5767 edere
2788 5719 2936 5766 terra
2968 5709 3215 5781 jubetur,
3248 5713 3434 5777 utpote

231 5854 278 5885 ⁸⁷
319 5856 425 5908 lsa.
464 5870 587 5922 LXI,
622 5855 671 5910 1.
750 5856 793 5887 ⁵⁸
834 5854 968 5921 Luc,
1003 5872 1074 5922 iv,
1120 5856 1204 5913 13.
1282 5857 1327 5893 "
1366 5856 1501 5915 Gen.
1542 5871 1625 5928 tu,
1662 5857 1855 5926 17,18.
