4004 6548
611 378 752 441 1027

1358 379 1631 437 EUSEBII
1669 377 2320 436 CAESARIENSIS‘OPP.
2357 377 2539 435 PARS
2568 378 2658 436 lli.
2686 398 2759 421 -δ-
2792 379 2939 436 EXEt

2173 378 2320 436 DPP.
2357 377 2539 435 PARS
2568 378 2658 436 lli.
2686 398 2759 421 -δ-
2792 379 3204 441 ΕΧΕΩΕΤΙΟΑ.
3663 393 3754 453 Im

613 517 737 574 quae
773 501 886 573 jam
919 498 1175 556 indicatis
1204 498 1362 554 bonis
1386 498 1614 570 dignata
1647 498 1741 565 sit,
1784 514 1909 554 cum
1953 498 2189 570 Spiritus

2177 517 2189 556 ς
2217 504 2266 563 Α
2291 499 2360 553 τά
2396 497 2556 553 καινὰ
2608 499 2831 571 ᾅσματα
2859 497 3007 569 ᾅδειν
3034 495 3423 570 προστάττεται
3449 500 3481 570 η
3519 501 3596 573 γῆ,
3631 504 3687 568 ὡς
3716 509 3758 561 ᾖν

616 605 843 651 sanctus
875 592 981 665 ipsi
1011 593 1225 647 accinat
1248 601 1303 647 et
1333 591 1514 663 dicatl;
1541 591 1767 647 Cantate
1798 592 2047 658 Domino,
2079 609 2191 647 om-

615 687 699 740 nis
754 694 917 754 terra,
945 693 1156 738 cantate
1204 683 1429 737 Domino
1464 684 1728 738 canticum
1783 700 1973 739 nouum
2004 684 2080 748 ‘°;
2113 690 2188 749 et,

618 776 880 831 Dominus
934 776 1193 845 regnavit,
1243 774 1530 829 exsultabit
1571 784 1710 829 terra
1744 775 1809 840 ⁶¹,
1856 775 2060 851 et’alia
2106 774 2191 830 his

617 868 842 926 similia.
880 897 951 907 —
980 865 1146 922 Vens.
1190 866 1277 921 M.
1310 865 1538 920 Iustitia
1566 876 1688 921 ante
1715 883 1832 921 eum
1875 866 2187 933 ambulabit,

615 972 666 1018 et
695 970 850 1033 ponet
878 962 933 1016 in
963 962 1049 1015 via
1076 977 1284 1032 gressus
1316 964 1450 1031 ejus.
1494 960 1671 1031 Hujus
1700 962 1833 1017 dicti
1866 962 2192 1018 sententiam

616 1055 883 1126 liquidius
932 1053 1164 1109 efferunt
1211 1054 1407 1124 reliqui
1458 1055 1807 1124 interpretes,
1846 1054 2191 1123 maximeque

617 1147 980 1220 Symmachus
1009 1149 1101 1219 qui
1157 1148 1240 1204 sic
1268 1148 1432 1204 habet
1475 1165 1490 1203 :
1524 1146 1753 1202 Iustitia
1780 1146 2191 1216 uniuscujusque

613 1240 870 1310 praecedet
919 1242 1112 1311 ipsum,
1144 1248 1193 1295 et
1226 1252 1378 1311 ponet
1413 1243 1467 1314 in
1497 1244 1584 1296 via
1608 1242 1762 1312 pedes
1799 1242 1935 1311 ejus.
1965 1239 2192 1297 Collatis

621 1347 862 1402 namque
878 1340 1043 1386 terra:
1066 1331 1247 1396 bonis,
1277 1332 1529 1403 quisquis
1550 1341 1751 1388 terram
1777 1331 1986 1397 incolit,
2006 1338 2193 1405 utpote

615 1424 707 1495 qui
729 1424 959 1494 justitiae
986 1424 1053 1478 de
1086 1425 1232 1479 coelo
1264 1425 1648 1495 prospicientis
1679 1439 1909 1481 consors
1938 1423 2029 1489 sit,
2066 1437 2194 1494 pro-

613 1516 788 1586 priam
813 1516 919 1571 sibi
936 1516 1203 1586 justitiam
1228 1516 1505 1581 obtinens,
1525 1532 1644 1572 eam
1670 1516 1727 1570 in
1745 1517 1828 1570 via
1861 1515 1930 1571 ad
1956 1530 2194 1587 superna

615 1601 832 1666 ducem,
864 1615 929 1657 ac
950 1618 1174 1673 gressus
1203 1621 1334 1663 suos
1365 1605 1687 1676 dirigentem
1718 1604 1975 1672 habebit;
2011 1614 2068 1659 ut
2089 1604 2192 1679 iter

615 1692 686 1747 ad
722 1694 893 1751 caelos
923 1710 1199 1765 emensus,
1235 1699 1640 1769 roboratusque
1668 1706 1722 1752 et
1752 1713 1783 1751 a
1822 1705 2194 1768 praecurrente

611 1786 827 1857 justitia
860 1802 959 1844 sua
987 1802 1150 1842 manu
1167 1789 1384 1857 ductus,
1408 1806 1643 1860 superna
1674 1791 1947 1861 promissa
1989 1790 2187 1844 nanci-

2294 591 2550 645 τοιούτων
2604 591 2806 663 ἀρτίως
2856 589 3245 661 δεδηλωμένων
3300 590 3661 666 κατηξιωμένη,
3695 600 3758 653 το]

2291 685 2447 755 ἁγίου
2483 686 2801 757 Πνεύματος
2839 684 3237 753 ἐπιφωνοῦντος
3284 684 3414 756 αὐτῇ
3448 687 3531 739 καὶ
3564 687 3758 756 λέγοντος·

2296 780 2523 849 ’ᾼσατε
2553 778 2636 845 τῷ
2676 778 2873 846 Κυρίῳ
2915 776 3085 832 πᾶσα
3122 776 3162 844 ἠ
3208 775 3305 845 τῆ,
3331 776 3503 844 ᾷσατε
3528 778 3594 843 τῷ
3628 785 3762 849 Κιῳίῳ

2290 864 2457 939 ᾆσμα
2487 872 2716 924 καινόν’
2748 869 2861 937 καὶ,
2892 870 3109 939 Κύριος
3131 869 3531 935 ἐϐασίλευσεν,
3557 873 3763 941 ἀγαλλιά-

2291 975 2462 1017 σεται
2505 963 2545 1030 ἡ
2588 962 2688 1033 γῆ,
2738 962 2832 1017 καὶ
2867 963 2968 1015 ὅσα
3010 962 3219 1026 τούτοις
3255 963 3412 1034 ὃμοια
3445 965 3672 1033 τυγχάνει,
3707 968 3764 1018 Δι-

2291 1054 2587 1122 καιοσύνη
2642 1054 2921 1109 ἐναντίον
2978 1053 3167 1108 αὐτοῦ
3224 1057 3664 1124 προπορεύσεται,
3702 1060 3766 1111 καὶ

2292 1146 2467 1215 θήσει
2500 1149 2588 1213 εὶς
2618 1147 2763 1202 ὁδὸν
2799 1147 2872 1202 τὰ
2907 1148 3237 1218 διαδήματα
3281 1148 3477 1202 αὐτοῦ.
3518 1149 3677 1201 Τούτου
3702 1150 3766 1220 τὴν

2290 1239 2529 1293 διάνοιαν
2559 1240 2895 1313 σαφέστερον
2925 1241 3282 1295 ἐκδεδὼκασιν
3318 1242 3368 1293 οἱ
3396 1242 3554 1294 λοιποὶ
3580 1242 3767 1311 ἑρμηνευδ

2289 1330 2401 1394 ταὶ,
2432 1330 2539 1392 Δκαὶ⁵
2578 1330 2812 1401 μάλιστα
2861 1333 2889 1384 ὁ
2933 1331 3229 1403 Σύμμαχος
3273 1331 3452 1385 είπώνο
3501 1334 3766 1398 Δικαιοσύνη

2291 1420 2552 1477 ἑκάστου
2579 1426 3007 1493 προελεύσεται
3037 1425 3244 1491 αὐτὸν,
3276 1424 3374 1478 καὶ
3404 1426 3557 1492 θήσει
3586 1427 3651 1490 είς
3675 1425 3769 1478 ὁδὸν

2291 1513 2432 1580 τοὺς
2461 1516 2653 1582 πόδας
2678 1518 2885 1575 αὑτοῦ.
2914 1519 3069 1573 Μετὰ
3087 1517 3194 1591 γὰρ
3215 1517 3284 1572 τά
3306 1522 3374 1590 τῇ
3399 1523 3464 1590 γῇ
3492 1520 3770 1589 κεχαρισμένα

2291 1604 2472 1673 ἀγαθά
2496 1604 2725 1669 ἕκαστος
2744 1605 2853 1659 τῶν
2879 1607 2975 1679 τὴν
3002 1609 3106 1678 γῆν
3137 1609 3544 1670 κατοικούντων,
3566 1607 3625 1671 ὡς
3643 1606 3691 1659 ἂν
3708 1606 3769 1675 τῆς

2292 1694 2352 1759 ἐξ
2388 1696 2634 1767 οὐρανῶν
2675 1698 3019 1770 διακυψάσης
3065 1699 3407 1769 δικαιοσύνης
3439 1697 3688 1770 μετασχὼν,
3712 1698 3771 1748 ui

2296 1787 2459 1851 αὐτὸς
2490 1787 2624 1842 ἰδίαν
2656 1791 2998 1861 κτησάμενος
3025 1790 3389 1862 δικαιοσύνην,
3418 1789 3520 1854 ἕξει
3544 1786 3675 1859 αὐτὴν
3692 1805 3773 1857 πρι-

620 1886 811 1933 scatur
841 1898 853 1934 :
896 1896 1017 1950 quae
1052 1879 1304 1937 Salvator
1328 1889 1382 1936 et
1410 1880 1675 1936 Dominus
1720 1889 1909 1937 noster
1938 1881 2193 1935 omnibus

2189 1901 2193 1932 ι
2222 1909 2265 1963 Β
2294 1877 2533 1948 ἀγουσαν
2566 1878 2727 1933 αὐτὸν
2768 1882 2849 1945 είς
2890 1880 2988 1951 τὴν
3028 1882 3141 1935 ἀνω
3185 1882 3449 1951 φέρουσαν
3478 1880 3598 1943 ὁδὸν,
3632 1879 3700 1930 καί
3728 1877 3770 1928 τὰ

616 1967 931 2027 hominibus
961 1971 1304 2026 annuntiavit
1335 1971 1523 2027 dicens
1554 1991 1568 2027 :
1601 1972 2051 2043 Appropinquavit
2101 1988 2190 2027 re-

613 2076 775 2131 gnum
829 2061 1079 2117 cwlorum
1108 2064 1188 2131 ⁶¹;
1252 2071 1307 2119 et
1358 2062 1516 2117 Beati
1577 2062 1882 2132 hujusmodi
1924 2062 2190 2129 homines,

614 2152 864 2223 quoniam
892 2156 1129 2224 ipsorum
1151 2162 1232 2210 est
1265 2170 1485 2224 regnum
1513 2155 1763 2210 caelorum
1802 2155 1868 2211 “.

2295 1970 2608 2042 διαδήματα
2638 1973 2808 2043 αὐτῆς
2844 1974 3307 2028 κατατάττουσαν·
3351 1975 3491 2037 ὅπως
3521 1971 3696 2033 ὁδεύσας
3711 1971 3771 2039 τὴν

2296 2066 2377 2129 είς
2401 2066 2665 2136 οὐρανοὺς
2696 2067 2987 2139 φέρουσαν,
3018 2068 3495 2140 ἐπιστηριζόμενός
3524 2083 3575 2119 τε
3607 2064 3678 2117 καὶ
3700 2079 3771 2130 χει-

2298 2158 2716 2229 ραγωγούμενος
2748 2159 2853 2214 ὑπὸ
2893 2160 2995 2231 τῆς
3040 2160 3389 2234 προαγούσης
3420 2160 3565 2213 αὑτὸν
3582 2153 3773 2209 δικαιοσῶ

614 2262 713 2318 νης
744 2242 930 2313 αὐτοῦ,
960 2246 1111 2318 τύχοι
1144 2247 1253 2301 τῶν
1295 2248 1633 2319 ἐπουρανίων
1667 2249 2029 2318 ἐπαγγελιῶν,
2068 2248 2136 2313 ἃς
2164 2250 2192 2301 ὁ
2230 2249 2421 2324 Σωτὴρ
2484 2252 2577 2305 καὶ
2605 2250 2809 2323 Κύριος
2839 2252 2999 2323 ἡμῶν
3035 2255 3304 2326 ἐκήρυττε
3346 2256 3502 2308 πᾶσιν
3548 2248 3773 2321 ἀνθρώποις

615 2339 809 2410 λέγων·
837 2345 1112 2414 Ἤγγικεν
1136 2343 1174 2411 ἡ
1198 2343 1489 2408 ,βασιλεία
1510 2344 1630 2398 τῶν
1651 2343 1945 2413 οὐρανῶν
1973 2345 2088 2412 καὶ,
2120 2346 2412 2417 Μακάριοι
2439 2352 2496 2403 οἱ
2554 2347 2797 2415 τοιοίδε,
2827 2347 2916 2402 ὅτι
2944 2347 3142 2404 αὐτῶν
3163 2350 3337 2403 ἐστιν
3357 2349 3396 2417 ἡ
3429 2345 3672 2413 βασιλεία
3698 2339 3775 2395 τῶν⁹

615 2439 688 2491 οὐ
712 2437 904 2492 κινῶν.

902 2597 1162 2655 ORATIO
1201 2596 1335 2654 lNSl
1371 2598 1601 2658 DAVID.
1644 2600 1906 2658 LXXXV.

689 2738 857 2795 Vens.
889 2737 943 2793 l.
977 2736 1211 2805 Inciina,
1238 2736 1483 2803 Domine,
1533 2756 1715 2793 aurem
1746 2749 1892 2793 tuam
1918 2748 1968 2794 et
1997 2741 2192 2795 exaudi

617 2850 721 2900 me,
755 2832 1004 2904 quoniam
1049 2830 1198 2897 inops
1248 2841 1297 2885 et
1332 2847 1532 2900 pauper
1562 2848 1681 2885 sum
1712 2848 1823 2903 ego.
1852 2831 1989 2887 Cum
2019 2832 2106 2887 his
2133 2832 2191 2887 in

618 2925 757 2981 locis
786 2932 1022 2996 quatuor
1049 2924 1246 2994 psalmi
1275 2924 1511 2994 ﬁliorum
1546 2922 1680 2979 Core
1716 2923 1965 2995 inscripti
1998 2939 2193 2981 conse-

618 3022 850 3088 quenter
877 3023 1171 3087 ponantur,
1203 3030 1434 3086 quorum
1464 3015 1674 3085 primus
1715 3023 1800 3072 est
1831 3028 2063 3081 ιιι-χιιι,
2105 3031 2191 3071 se—
2234 3042 2239 3047 ι

617 3111 833 3167 cundus
855 3125 1079 3174 uxxrv,
1109 3110 1306 3165 tertius
1339 3123 1559 3174 Lxxxvt,
1592 3117 1904 3179 postremus
1929 3124 2151 3164 Lxxxvn
2172 3149 2187 3174 ,

616 3213 921 3273 opportune
940 3209 1149 3272 quarrat
1180 3201 1377 3271 aliquis
1402 3201 1535 3271 quid
1565 3215 1747 3256 causa:
1782 3201 1875 3264 sit,
1902 3202 2045 3270 quod
2070 3216 2192 3285 ora-

2613 2603 2985 2656 ΠΡΟΣΕΥΧΗ
3029 2604 3116 2674 Tt)
3167 2603 3391 2657 ΔΑΥΙΔ.
3420 2602 3536 2657 ΠΕ’.

2364 2730 2608 2796 Κλῒνον,
2640 2731 2837 2799 Κύριε,
2864 2729 2932 2783 τὸ
2954 2723 3065 2797 οὖς
3085 2747 3222 2795 σου,
3245 2732 3349 2785 καὶ
3370 2729 3672 2785 ἑπάκουσέν
3683 2747 3775 2800 μιν,

2294 2824 2382 2879 ὅτι
2414 2825 2649 2895 πτωχὸς
2677 2824 2776 2877 καὶ
2824 2826 3014 2892 πένης
3049 2825 3165 2895 εἰμὶ
3200 2825 3335 2896 ἐγώ,
3378 2826 3638 2897 Τεσσάρων
3666 2826 3775 2877 ὄντων

2294 2918 2491 2989 ἐφεξῆς
2540 2917 2773 2988 ψαλμῶν
2822 2918 2931 2973 τῶν
2986 2919 3483 2990 ἐπιγεγραμμένων
3529 2918 3648 2974 υίῶν
3673 2916 3773 2985 Κορέ

2296 3011 2437 3064 κατὰ
2485 3013 2612 3075 τοὺς
2650 3010 2926 3081 παρόντας
2972 3011 3191 3075 τόπους,
3235 3011 3454 3083 πρώτου
3499 3013 3585 3082 μὲν
3606 3011 3677 3064 τοῦ
3704 3017 3774 3075 af,

2295 3100 2485 3155 ἔπειτα
2525 3100 2619 3153 τοῦ
2662 3100 2766 3167 πδθ,
2801 3101 2896 3155 καί⁵
2933 3103 3118 3174 τρίτου
3152 3103 3247 3155 τοῦ
3281 3111 3402 3170 κεῖς’,
3434 3105 3521 3158 καὶ
3557 3102 3775 3157 τελευταία)

2295 3196 2388 3248 τοῦ
2426 3194 2533 3259 ni’,
2578 3194 2694 3258 πῶς
2722 3198 2756 3267 ὴ
2779 3198 3051 3268 προσευχὴ
3087 3197 3178 3250 τοῦ
3214 3198 3381 3251 Δαυῒδ
3408 3198 3641 3270 ἀκαίρως,
3664 3197 3717 3258 ὡς
3738 3195 3777 3247 ἄν

617 3294 696 3349 tio
742 3292 962 3349 Davidis
1010 3294 1411 3362 intempestive,
1446 3300 1506 3346 ut
1553 3294 1821 3363 quispiam
1875 3294 2093 3359 dixerit,
2134 3294 2189 3348 in

2217 3303 2259 3363 α
2292 3288 2432 3340 εἴποι
2468 3304 2572 3354 τις,
2616 3287 3062 3358 παρεμϐέόληται
3106 3288 3267 3360 μέση,
3309 3289 3540 3358 εὐλόγως
3575 3289 3627 3342 ἀν
3648 3284 3778 3349 τες-ἐξ.

619 3384 802 3441 medio
832 3399 1024 3439 eorum
1055 3384 1231 3438 locata
1264 3386 1449 3439 fuerit.
1484 3385 1721 3441 jEstimo
1754 3386 1921 3456 igitur
1940 3401 2048 3441 non
2074 3386 2194 3441 sine

619 3491 823 3544 causa,
876 3476 972 3533 sed
1013 3478 1480 3547 opportunissime
1530 3478 1809 3533 vaticiniis
1854 3478 1921 3534 de
1971 3479 2193 3534 Christo

620 3566 923 3621 immistam
952 3566 1096 3621 hanc
1121 3567 1424 3623 orationem
1454 3568 1645 3623 fuisse.
1675 3568 1815 3634 Quia
1842 3569 1988 3624 enim
2022 3569 2194 3625 bono-

617 3671 743 3712 rum
781 3656 1071 3727 promissa,
1101 3658 1316 3713 veniam
1364 3668 1735 3730 peccatorum,
1770 3660 1866 3717 Dei
1900 3662 1968 3716 ad
2011 3662 2193 3718 homi-

617 3765 717 3807 nes
767 3750 1082 3817 adventum,
1117 3750 1322 3808 Christi
1372 3753 1734 3823 redemptoris
1777 3768 1842 3809 ac
1886 3753 2193 3811 Servatoris

617 3842 901 3898 hominum
931 3844 1458 3915 peregrinationem,
1496 3846 1659 3915 primi
1708 3847 1905 3917 psalmi
1956 3848 2194 3917 ﬁliorum

617 3935 751 3990 Core
809 3937 1059 4007 inscripti
1094 3936 1556 4001 vaticinabantur,
1592 3938 1847 3995 videlicet
1896 3954 2105 3994 Lxxxtu
2140 3949 2195 3997 et

616 4045 838 4096 Lxxxtv,
869 4030 980 4084 imo
1005 4030 1169 4085 etiam
1196 4030 1291 4102 qui
1339 4040 1525 4100 postea
1558 4031 1796 4100 ﬁliorum
1832 4029 1967 4087 Core
1995 4034 2194 4089 inscri-

616 4123 841 4188 buntur,
877 4122 1116 4193 gentium
1150 4122 1515 4189 vocationem,
1552 4122 1757 4180 Christi
1800 4132 2007 4192 ortum,
2045 4141 2194 4181 mor-

617 4221 725 4268 tem
757 4213 825 4268 ab
848 4228 914 4268 eo
944 4227 1043 4283 pro
1072 4212 1388 4268 hominibus
1419 4223 1751 4285 susceptam,
1783 4214 2188 4286 praedicabant;

615 4305 857 4359 arbitror
876 4304 933 4359 in
960 4304 1141 4360 medio
1166 4305 1464 4376 prophetiae
1492 4305 1656 4363 hasce
1699 4322 1790 4364 res
1820 4308 2191 4379 praenuntian-

615 4401 688 4457 tis
725 4401 1042 4457 necessario
1092 4401 1327 4472 positam
1366 4400 1538 4458 fuisse
1590 4400 1815 4459 Davidis
1862 4404 2188 4470 orationem,

613 4509 721 4564 qua
753 4494 1023 4565 supplicat
1053 4494 1196 4549 bona
1220 4510 1317 4565 per
1342 4492 1677 4551 Salvatorem
1708 4496 1981 4554 universis
2013 4495 2193 4552 homi-

2293 3378 2553 3432 ετάσειεν.
2591 3377 2863 3450 Ἠγοῦμαι
2889 3378 3068 3433 τοίνυν
3092 3380 3192 3432 οὐκ
3213 3379 3447 3449 ἀλόγως,
3478 3380 3580 3434 ἀλλ’
3608 3377 3779 3445 εὐκαιρό-

2292 3486 2430 3522 τατα
2469 3471 2590 3533 ταῖς
2632 3470 2760 3541 περὶ
2798 3468 2895 3523 τοῦ
2940 3470 3177 3542 Χριστοῦ
3228 3473 3576 3545 προφητείαις
3602 3486 3776 3539 παραμε-

2296 3559 2485 3630 μῖχθαι
2510 3561 2612 3633 τὴν
2645 3563 3008 3635 προκειμένην
3043 3566 3227 3637 εὐχήν.
3276 3566 3491 3637 Ἐπειδὴ
3518 3565 3610 3636 γὰρ
3630 3560 3779 3629 ἀγαθῶν

2293 3652 2626 3721 ἐπαγγελίας
2658 3655 2753 3708 καὶ
2794 3657 3015 3725 ἀφέσεις
3060 3658 3493 3729 ἁμαρτημάτων,
3527 3656 3640 3709 Θεοῦ
3665 3670 3707 3705 τε
3731 3654 3779 3709 εἰς

2293 3743 2615 3815 ἀνθρώπους
2641 3749 2942 3819 παρουσίαν
2984 3748 3079 3802 καὶ
3116 3749 3357 3820 Χριστοῦ
3397 3749 3567 3819 ἄφιξιν
3588 3740 3779 3815 λυτρωτῡῦ

2293 3837 2389 3891 καὶ
2416 3838 2666 3910 Σωτῆρος
2711 3838 3033 3910 ἀνθρώπων,
3069 3842 3116 3893 οί
3157 3840 3368 3911 πρῶτοι
3400 3840 3504 3893 τῶν
3530 3842 3778 3905 ἐπιγεγραμ-

2297 3931 2472 4000 μένων
2522 3932 2668 3986 υἱῶν
2698 3934 2849 4001 Κορὲ
2902 3938 3297 4006 προεφήτευον,
3359 3936 3449 3988 ὅτε
3486 3940 3569 4001 πγ¹
3608 3930 3681 3983 καὶ
3715 3923 3778 3976 τε.

2307 4022 2467 4077 Ἀλλά
2503 4024 2596 4078 καὶ
2632 4026 2682 4078 οἱ
2715 4026 2841 4097 ἑξῆς
2870 4027 3243 4098 ἐπιλεγόμενοι
3275 4028 3390 4081 τῶν
3422 4026 3557 4082 υἱῶν
3573 4016 3780 4090 Remi!)-

2292 4117 2446 4169 αὐτοὶ
2472 4116 2644 4171 ἐθνῶν
2678 4117 2871 4190 κλῆσιν
2893 4119 3328 4192 εὐηγγελίζοντο,
3358 4121 3451 4174 καὶ
3474 4113 3674 4189 Χριστοῦ
3689 4110 3780 4177 γένε-

2295 4225 2399 4274 σιν,
2431 4211 2526 4263 καὶ
2553 4210 2644 4264 τὸν
2686 4211 2827 4283 ὑπὲρ
2864 4211 3167 4285 ἀνθρώπων
3212 4213 3379 4267 αὐτοῦ
3422 4213 3640 4265 θάνατον⁹
3672 4206 3781 4265 ἀντ·

2292 4302 2463 4367 καίως
2493 4301 2732 4376 ἡγοῦμαι
2768 4305 2870 4375 τῆς
2919 4306 3047 4378 περὶ
3084 4305 3289 4359 τούτων
3330 4302 3640 4375 προφητείας
3669 4295 3781 4368 μέσην

2292 4396 2781 4468 παρεμδεδλῆσθαι
2806 4398 2908 4468 τὴν
2931 4398 3240 4470 προσευχὴν
3262 4399 3358 4453 τοῦ
3383 4399 3554 4461 Δαυῖδ,
3574 4397 3628 4449 δι’
3644 4389 3694 4463 ἧς
3710 4393 3780 4440 ῐκεο

2289 4486 2439 4540 τεύει
2471 4490 2656 4559 τυχεῖν
2697 4490 2791 4544 καὶ
2830 4490 2993 4555 αὐτὸς
3032 4491 3139 4545 τῶν
3171 4490 3260 4544 διὰ
3290 4491 3387 4544 τοῦ
3430 4479 3652 4559 Σωτῆρος
3675 4481 3780 4535 πᾶπῑν

613 4587 779 4643 nibus
810 4586 1175 4658 procuranda,
1208 4587 1311 4643 sibi
1335 4603 1554 4660 quoque
1586 4588 1868 4655 conferri;
1896 4598 1957 4646 ut
1998 4599 2053 4647 et
2071 4592 2190 4665 ipse

2220 4662 2247 4665 _
2291 4578 2598 4652 ἀνθρώποις
2623 4581 3063 4654 προξενουμένων
3090 4582 3331 4652 ἀγαθῶν·
3359 4584 3435 4646 ὡς
3470 4583 3549 4647 ἂν,
3576 4578 3653 4632 καὶ
3676 4570 3779 4665 αὖτᾷ

614 4679 882 4734 bonorum
906 4694 1027 4750 qum
1049 4680 1101 4734 in
1126 4679 1412 4750 prophetia
1439 4679 1797 4735 enuntiantur
1819 4696 2070 4748 consors,
2093 4662 2189 4738 ve-

2219 4662 2264 4718 1)
2292 4674 2584 4745 γενόμενος
2612 4676 2868 4739 κοινωνὸς
2899 4675 3010 4729 τῶν
3044 4676 3552 4749 προφητεύομένων,
3578 4670 3697 4741 τύχοι
3722 4663 3781 4733 μὲν

614 4773 761 4827 niam
794 4780 1147 4842 peccatorum
1204 4779 1595 4841 consequatur,
1639 4788 1949 4845 magnoque
1984 4774 2078 4831 illo
2125 4790 2191 4829 ac

2296 4766 2543 4835 ἀφέσεως
2579 4768 2882 4840 ἁμαρτιῶν,
2924 4769 3219 4823 ἀπολαύσοι
3252 4770 3309 4824 δὲ
3339 4772 3440 4842 τῆς
3478 4763 3704 4836 σωτηρίου
3724 4772 3781 4825 με·

615 4864 840 4917 salutari
877 4865 1021 4919 bono
1050 4864 1284 4931 fruatur,
1314 4865 1457 4936 quod
1491 4867 1748 4923 omnibus
1780 4868 2035 4939 gentibus
2063 4884 2191 4939 pro-

613 4955 869 5010 mittitur.
906 4957 963 5010 ln
994 4956 1097 5011 hac
1136 4956 1322 5027 itaque
1365 4958 1614 5013 oratione
1658 4957 1828 5015 David
1870 4959 2096 5016 effusam
2134 4962 2191 5016 in

613 5063 803 5103 omnes
832 5055 1021 5117 gentes
1059 5048 1290 5118 gratiam
1327 5056 1615 5113 memorat,
1646 5065 1808 5119 quam
1839 5049 2097 5105 demirari
2128 5065 2188 5106 se

612 5150 667 5197 et
722 5153 944 5211 stupere
992 5142 1282 5211 proﬁtetur
1328 5140 1412 5197 his
1444 5141 1629 5196 verbis
1666 5160 1681 5195 :
1715 5141 1838 5194 Non
1878 5150 1955 5195 est
1992 5142 2185 5196 similis

612 5233 693 5286 tui
719 5232 774 5285 in
803 5231 928 5296 diis,
966 5229 1203 5295 Domine,
1232 5240 1281 5283 et
1312 5246 1415 5283 non
1446 5238 1523 5283 est
1569 5231 1850 5285 secundum
1882 5246 2039 5299 opera
2071 5239 2182 5284 tua.

616 5324 808 5379 Omnes
837 5334 1008 5394 gentes
1040 5337 1373 5391 quascunque
1396 5320 1569 5389 fecisti
1594 5322 1793 5375 uenient
1815 5331 1863 5375 et
1887 5320 2185 5374 adorabunt

611 5434 792 5470 coram
824 5427 886 5470 te.
923 5415 1063 5482 Quia
1094 5414 1262 5484 igitur
1290 5414 1406 5482 ipse
1435 5427 1653 5482 quoque
1691 5413 1842 5482 paria
1873 5414 2015 5467 bona
2053 5427 2186 5467 con--

613 5510 764 5581 sequi
795 5510 1142 5580 precabatur,
1174 5507 1479 5560 orationem
1521 5521 1676 5561 suam
1708 5506 1763 5561 in
1814 5504 1992 5559 medio
2040 5505 2187 5574 psal-

612 5617 825 5656 morum
850 5599 1288 5670 evangelicorum
1316 5606 1682 5668 congruenter
1712 5598 1934 5653 locavit.
1968 5596 2093 5651 Haec
2120 5596 2186 5652 de

612 5688 890 5758 proposita
925 5687 1225 5757 quaestione
1260 5685 1407 5740 dicta
1457 5687 1590 5741 sint.
1636 5685 1748 5743 Nec
1796 5686 2182 5759 ignorandum,

2295 4860 2634 4933 γαλοδωρεᾶς
2675 4862 2776 4931 τῆς
2821 4863 2955 4916 πᾶσι
2992 4867 3104 4928 τοίς
3141 4863 3318 4917 ἔθνεσι
3360 4850 3779 4930 εὐαγγελιζομένηῦ

2295 4954 2638 5026 Μνημονεύει
2672 4954 2802 5024 γοῦν
2832 4957 2889 5010 ἐν
2928 4959 2992 5028 τῇ
3026 4956 3189 5010 αὐτοῦ
3222 4958 3496 5028 προσευχῇ
3522 4955 3548 5004 ὁ
3571 4944 3701 5003 Δαυῖδ
3720 4939 3781 5002 τῆς

2292 5048 2372 5111 εἰς
2403 5046 2473 5100 τὰ
2500 5047 2624 5119 ἔθνη
2655 5047 2911 5119 χυθείσης
2947 5048 3040 5101 τοῦ
3083 5049 3215 5102 Θεοῦ
3265 5048 3504 5120 χάριτος,
3544 5029 3780 5101 ἀποθαυμά-

2294 5139 2401 5205 ζων
2432 5140 2525 5194 καὶ
2558 5142 2989 5213 ἐκπληττόμενος
3013 5143 3109 5213 τὴν
3135 5142 3314 5214 χάριν,
3343 5141 3409 5193 δι’
3437 5133 3509 5192 ὧν
3536 5126 3781 5205 φησινυθῠκ

2291 5231 2463 5284 ἐστιν
2492 5230 2693 5300 ὅμοιός
2729 5248 2827 5285 σοι
2880 5232 2951 5285 ἐν
2988 5231 3162 5297 θεοῖς,
3210 5232 3406 5299 Κύριε,
3453 5227 3543 5280 καὶ
3588 5223 3675 5274 οὐχ
3696 5214 3780 5265 ἐστι

2292 5327 2441 5375 κατά
2468 5325 2539 5376 τὰ
2573 5324 2715 5392 ἔργα
2747 5341 2886 5377 σου.
2920 5323 3122 5377 Πάντα
3152 5324 3223 5377 τὰ
3252 5324 3396 5389 ἔθνη
3432 5320 3542 5373 ὅσα
3567 5310 3781 5400 excierat”

2293 5411 2514 5478 ἥξουσι
2539 5415 2637 5467 καὶ
2668 5415 3209 5482 προσκυνήσουσιν
3252 5411 3501 5467 ἐνώπιόν
3526 5422 3643 5460 σου.
3680 5396 3781 5447 Ἔτει

2290 5504 2470 5557 τοίνυν
2511 5506 2606 5557 καὶ
2654 5506 2816 5569 αὐτὸς
2860 5505 3055 5577 ηύχετο
3097 5505 3192 5558 τοῦ
3238 5506 3361 5557 ἴσων
3403 5498 3606 5569 ἀγαθῶν
3636 5498 3780 5583 “nam

2292 5597 2515 5659 εἰκότως
2547 5598 2645 5667 τὴν
2680 5597 2873 5650 ἐαυτοῦ
2908 5598 3214 5669 προσευχὴν
3248 5597 3414 5667 μέσην
3442 5592 3541 5645 τῶν
3572 5587 3779 5675 εύαγγειξι·

2293 5688 2403 5741 κῶν
2443 5688 2672 5760 ψαλμῶν
2721 5689 3116 5761 παρεμϐάλλει.
3163 5689 3342 5743 Ταῦτα
3398 5685 3495 5757 μὲν
3526 5676 3605 5733 οὖν
3631 5675 3693 5733 εις
3717 5680 3779 5733 τεν

683 5841 727 5872 ⁸⁸
766 5839 909 5896 Psal.
948 5855 1070 5909 xcv,
1107 5839 1159 5895 1.
1238 5842 1279 5873 ⁸⁸
1320 5838 1467 5897 Psal.
1505 5856 1660 5910 xcvi,
1700 5844 1749 5896 1.
1829 5844 1881 5917 ⁶¹ς
1912 5841 2105 5900 Matth.
2141 5860 2237 5911 ιη,

1389 5841 1467 5897 .al.
1505 5856 1660 5910 xcvi,
1700 5844 1749 5896 1.
1829 5844 1881 5917 ⁶¹ς
1912 5841 2105 5900 Matth.
2141 5860 2237 5911 ιη,
2271 5843 2324 5899 2.
2404 5846 2448 5875 ⁸³
2489 5843 2675 5900 Matth.
2706 5864 2760 5910 v,
2791 5844 2844 5909 5,
2886 5845 2970 5901 10.
