4004 6540
243 380 382 437 1029

1359 364 1880 432 tOMMEN'l‘ARiA
1912 370 1985 429 iN
2026 351 2378 432 aestuosi

3368 372 3505 431 1050

239 495 523 568 λεχθεῖσαν
550 491 812 564 πρότασιν
838 489 1094 563 εἰρήσθω.
1122 489 1243 563 Χρὴ
1274 490 1330 544 δὲ
1366 490 1440 561 μὴ
1471 490 1704 559 ἀγνοεῖν,
1737 490 1812 543 ὅτι

1924 489 2063 545 alios
2084 489 2376 559 plerosque
2401 487 2642 561 psalmos
2670 502 2793 545 esse
2813 487 2928 560 qui,
2950 486 3163 552 Oratio,
3186 484 3505 543 inscribun-

239 589 335 643 καὶ
369 586 516 642 ἄλλοι
561 584 776 646 πλείους
817 583 924 636 εἰσὶ
953 581 1309 651 Προσευχῆς
1358 583 1823 654 ἐπιγεγραμμένοι

236 676 462 747 ψαλμοί·
486 675 600 728 ἀλλ’
628 668 780 737 οὗτος
810 675 947 744 μετὰ
980 672 1315 743 προσθήκης,
1357 673 1467 727 τοῦ
1502 675 1702 739 Δαυῒδ,
1742 675 1822 728 εἰ-

240 782 423 836 ρηται·
445 765 630 837 ἓτερος
654 764 710 817 δὲ
737 764 1165 834 ἐπιγέγραπται,
1192 764 1508 834 Προσευχὴ
1530 764 1636 819 τοῦ
1656 768 1824 820 Μωῦ-

235 856 319 924 om"
350 856 661 925 ἀνθρώπου
691 855 795 909 τοῦ
833 856 1000 909 Θεοῦ·
1037 857 1127 908 καὶ
1154 854 1330 919 ἄλλος,
1370 857 1686 926 Προσευχὴ
1716 858 1822 913 τοῦ

236 950 499 1019 πτωχοῦ,
526 949 674 1003 ὅταν
696 948 997 1017 ἀκηδιάσῃ
1030 947 1125 1001 καί
1164 949 1441 1003 ἐναντίον
1466 951 1573 1005 τοῦ
1600 952 1823 1020 Κυρίου

234 1043 422 1112 ἐκχέῃ
452 1042 567 1108 τὴν
593 1040 808 1109 δέησιν
832 1040 1037 1095 αὑτοῦ.
1085 1041 1223 1093 Ἀλλ’
1246 1042 1319 1105 ὡς
1352 1043 1822 1115 ὲπαναϐεϐηκότες

231 1135 333 1199 τὰς
366 1136 423 1187 ὲν
450 1136 515 1205 τῇ
548 1133 758 1203 Παλαιᾷ
785 1133 972 1203 Γραφῇ
1009 1134 1335 1204 προσευχὰς,
1368 1135 1417 1187 οἱ
1450 1134 1541 1187 τοῦ
1573 1136 1823 1207 Σωτῆρος

233 1224 394 1296 ἡμῶν
442 1225 745 1282 ἀπόστολοιξ
774 1224 1162 1295 προσελθόντες
1194 1226 1379 1295 ἠξίουν
1416 1227 1578 1280 αύτὸν
1616 1228 1823 1296 διδάξαι

230 1318 431 1381 αὐτοὺς
473 1315 905 1387 προσεύχεσθαι·
952 1317 981 1369 ό
1013 1318 1070 1371 δὲ
1102 1317 1364 1385 διδάσκει,
1417 1320 1599 1391 μόνοις
1637 1323 1821 1389 αὐτοῖς

232 1410 330 1463 καὶ
358 1411 469 1472 τοῖς
499 1409 706 1480 ὁμοίοις
752 1408 1084 1481 κατάλληλον
1116 1411 1444 1483 παραδιδοὺς
1489 1417 1817 1488 προσευχήν.

230 1501 325 1555 Διό
367 1520 500 1572 φησι
548 1502 684 1573 πρὸς
734 1501 951 1564 αύτούς·
1005 1502 1201 1569 Οὕτως
1249 1502 1362 1557 οὖν
1409 1507 1822 1577 προσεύχεσθε

230 1593 420 1663 ὑμεῖς·
454 1572 645 1662 Πάτερ
674 1593 844 1663 ἡμῶν
871 1597 904 1648 ό
923 1594 993 1648 ἐν
1014 1594 1137 1660 τοῖς
1156 1572 1459 1662 οὐρανοῖς,
1482 1572 1821 1668 άτιαονθήτω

231 1686 300 1738 τὸ
339 1684 526 1754 ὄνομά
557 1702 695 1751 σου,
738 1687 830 1740 καὶ
872 1686 941 1739 τὰ
987 1687 1135 1757 ἑξῆς.
1186 1690 1456 1753 Ἕκαστος
1491 1686 1585 1743 οὖν
1631 1692 1820 1745 ἑαυτὸν

228 1777 592 1850 δοκιμαζέτω,
633 1780 743 1832 εἴτε
773 1779 923 1845 ἄξιός
958 1780 1126 1845 ἐστιν,
1160 1782 1237 1845 ὡς
1273 1782 1373 1855 ἤδη
1418 1783 1532 1847 υίὸς
1557 1784 1689 1838 Θεοῦ
1729 1802 1820 1854 γε-

1926 590 2054 648 tur;
2087 582 2183 637 sed
2212 582 2302 635 hic
2331 596 2459 636 cum
2502 582 2607 637 hoc
2658 583 3053 649 additamento,
3086 582 3327 647 Davidis,
3377 600 3506 654 pro-

1926 673 2139 741 fertur;
2174 674 2313 729 alius
2363 673 2409 705 “
2462 689 2593 729 vero
2624 675 2944 731 inscribitur
2990 694 3003 731 :
3054 675 3241 730 Oratio
3299 674 3501 747 Hoysis

1925 764 2149 819 hominis
2182 764 2313 831 Dei;
2336 764 2477 821 alius
2508 766 2574 832 ⁵⁸,
2614 765 2802 821 Oratio
2836 769 3106 836 pauperis,
3145 784 3265 821 cum
3308 768 3502 823 anxius

1923 858 2119 927 fuerit,
2166 867 2217 912 et
2268 859 2322 911 in
2371 868 2649 927 conspectu
2705 859 2915 913 Domini
3004 859 3249 929 effuderit
3300 876 3503 929 precem

1924 968 2098 1007 suam.
2124 950 2231 1006 Sed
2286 953 2746 1022 quemadmodum
2804 954 3035 1023 apostoli
3073 952 3375 1010 Salvatoris
3410 970 3505 1009 no-

1925 1044 2065 1107 stri,
2114 1042 2329 1099 Veteris
2410 1042 2710 1113 Scriptura:
2779 1045 3125 1100 orationibus
3190 1046 3505 1117 superiores

1923 1132 2136 1199 eli‘ecti,
2195 1135 2517 1191 accedentes
2567 1136 2836 1207 rogabant
2890 1152 3055 1201 eum,
3098 1146 3157 1191 ut
3202 1152 3261 1193 se
3310 1138 3504 1191 orandi

1922 1224 2144 1279 modum
2178 1224 2462 1292 edoceret;
2510 1225 2602 1281 ille
2644 1241 2775 1281 vero
2824 1226 2960 1297 ipsis
3003 1227 3136 1282 solis
3195 1236 3249 1282 et
3304 1228 3507 1282 simili-

1922 1317 2026 1374 bus
2106 1318 2350 1387 ipsorum
2421 1328 2815 1389 congruentem
2881 1319 3104 1375 tradidit
3159 1319 3501 1384 orationem,
3559 1380 3565 1386 ,

1923 1424 2048 1464 cum
2082 1408 2221 1463 dixit
2250 1410 2378 1473 illis,
2424 1408 2512 1463 Sic
2564 1426 2652 1464 vos
2712 1419 2861 1465 orate
2903 1428 2923 1465 .'
2957 1411 3121 1467 Pater
3185 1422 3381 1480 noster,
3414 1414 3505 1484 qui

1921 1517 1975 1555 es
2038 1502 2091 1553 in
2125 1501 2290 1564 caelis,
2354 1500 2721 1570 sanctiﬁcetur
2788 1518 2976 1556 nomen
3035 1504 3278 1568 tuum“,
3314 1512 3368 1558 et
3398 1518 3503 1557 cae—

1920 1600 2069 1659 tera;
2110 1593 2293 1662 itaque
2338 1592 2580 1664 seipsum
2618 1594 2854 1665 quisque
2883 1595 3097 1665 probet,
3136 1611 3269 1649 num
3300 1594 3501 1666 dignus

1922 1686 2016 1752 sit,
2052 1694 2237 1756 utpote
2272 1685 2386 1755 jam
2422 1686 2567 1742 ﬁlius
2608 1686 2700 1741 Dei
2738 1686 2989 1751 effectus,
3025 1687 3243 1744 Patrem
3289 1689 3387 1760 qui
3442 1690 3500 1745 in

1921 1777 2077 1832 caelis
2103 1786 2184 1831 est
2221 1776 2498 1843 invocare,
2532 1792 2597 1832 ac
2626 1778 2760 1833 illud
2784 1778 3054 1849 proferre,
3100 1778 3265 1835 Pater
3289 1788 3489 1849 noster,

228 1871 425 1940 γονὼς,
467 1870 559 1925 τὸν
598 1874 655 1925 ἐν
702 1875 816 1937 τοῖς
856 1873 1105 1945 οὐρανοῖς
1148 1874 1526 1930 ἐπικαλεῖσθαι
1572 1878 1812 1950 Πατέρα,

1920 1871 2011 1939 qui
2039 1887 2093 1925 es
2136 1872 2189 1925 in
2218 1871 2384 1936 cwlis,
2432 1878 2541 1927 etc.
2583 1871 2740 1937 Quod
2794 1873 2838 1927 si
2881 1872 3007 1927 talis
3056 1889 3164 1929 non
3198 1874 3293 1941 sit,
3344 1880 3499 1930 curet

228 1964 326 2018 καὶ
356 1963 537 2034 λέγειν
561 1965 643 2029 τὸ,
672 1965 863 2035 Πάτερ
892 1967 1061 2035 ἡμῶν
1092 1970 1125 2021 ὀ
1152 1967 1222 2021 ἐν
1248 1968 1374 2036 τοῖς
1396 1970 1697 2039 οὐρανοῖς,
1723 1973 1818 2026 καὶ

224 2056 298 2108 τὰ
331 2055 483 2127 ἑξῆς.
537 2058 601 2110 Εἰ
649 2058 723 2129 μὴ
771 2058 1024 2122 τοσοῦτος
1071 2061 1177 2131 εἴη,
1226 2062 1585 2132 ἀναλέγεσθαι
1640 2066 1818 2138 ἐαυτῷ

227 2150 581 2215 σπουδαζέτω
626 2151 724 2225 τὴν
773 2153 1120 2225 ἁρμόζουσαν
1174 2158 1239 2226 τῇ
1282 2155 1448 2209 αὑτοῦ
1486 2158 1818 2213 καταστάσει

224 2243 540 2315 προσευχὴν
568 2244 675 2299 ἀπό
704 2263 763 2299 τε
790 2247 890 2317 τῆς
921 2246 1104 2317 βίϐλου
1137 2248 1246 2303 τῶν
1270 2248 1519 2322 Ψαλμῶν
1570 2253 1664 2306 καὶ
1709 2252 1819 2306 ἀπὸ

223 2336 336 2387 τῶν
371 2337 727 2408 προφητικῶν
765 2340 977 2409 φωνῶν.
1036 2341 1101 2394 Ἦ
1134 2341 1318 2412 μέντοι
1351 2344 1602 2415 παροῦσα
1648 2363 1817 2417 προσ-

223 2430 361 2501 ευχὴ
383 2429 477 2483 τοῦ
497 2430 659 2485 Δαυῒδ
683 2427 817 2486 οὖσα
837 2432 1116 2503 τυγχάνει·
1143 2432 1317 2498 οὕτως
1343 2434 1451 2507 γὰρ
1470 2437 1816 2508 ἡρμήνευσεν

222 2519 254 2571 ὃ
276 2536 337 2572 τε
380 2520 606 2586 Ἀκύλας
644 2523 739 2575 καὶ
769 2524 798 2575 ὁ
830 2522 1143 2595 Σύμμαχος,
1176 2526 1298 2579 ἀντὶ
1329 2525 1445 2590 τοῦ,
1492 2527 1572 2593 τῷ
1613 2528 1812 2593 Δαυῒδ,

221 2612 332 2666 τοῦ
382 2613 582 2681 Δαυῒδ,
617 2615 918 2687 εἰρηκότες.
967 2618 1126 2671 Δοκεῖ
1171 2618 1226 2671 δὲ
1278 2620 1307 2673 ό
1357 2619 1521 2674 Δαυῖδ
1563 2620 1642 2691 τῷ
1685 2621 1816 2694 θείῳ

222 2704 506 2776 Πνεύματι
546 2707 619 2779 μὴ
653 2708 984 2781 ἠγνοηκέναι
1014 2710 1106 2764 τὸν
1144 2712 1273 2783 περὶ
1306 2712 1416 2766 τῶν
1447 2713 1680 2784 πτωχῶν
1709 2715 1815 2768 ὑπὸ

220 2796 319 2851 τοῦ
348 2800 599 2872 Σωτῆρος
637 2801 794 2873 ἡμῶν
823 2803 1114 2874 εἰρημένον
1150 2806 1521 2876 μακαρισμόν·
1556 2806 1636 2859 διὸ
1665 2824 1813 2859 πτω-

221 2890 318 2962 χὸν
343 2892 532 2947 ἑαυτὸν
555 2894 648 2947 καὶ
680 2895 887 2967 πένητα
918 2896 1186 2966 ὑπάρχειν
1211 2897 1484 2967 ὁμολογεῖ,
1520 2899 1615 2951 καὶ
1641 2899 1815 2953 ταῦτα

222 2983 477 3053 βασιλεὺς
510 2986 588 3039 ὢν
616 2988 711 3040 καὶ
742 2986 954 3058 πλούτῳ
981 2988 1161 3059 πολλῷ
1191 2990 1634 3062 περιρῤεόμενος.
1674 2990 1814 3045 Ἀλλ’

221 3078 410 3149 ἐπειδὴ
439 3079 517 3150 τῷ
550 3079 825 3151 πνεύματι
850 3080 1088 3145 τοιοῦτος
1108 3076 1197 3152 ἦν,
1236 3081 1375 3135 κατά
1408 3081 1490 3148 τὸ,
1522 3081 1813 3150 Μακάριοι

219 3173 278 3225 οὶ
308 3174 531 3241 πτωχοὶ
567 3172 646 3238 τῷ
689 3174 1003 3244 πνεύματι,
1035 3174 1260 3238 εἰκότως
1300 3174 1357 3228 ἐν
1399 3176 1466 3245 τῇ
1511 3177 1810 3247 προσευχῇ,

218 3264 299 3327 ὼς
347 3265 549 3337 ἀρετὰς
598 3266 794 3321 ἑαυτοῦ
865 3267 959 3321 καὶ
1002 3266 1071 3320 τὰ
1115 3266 1517 3339 κατορθώματα
1574 3268 1811 3339 προϐάλ-

218 3355 371 3411 λεται
420 3358 520 3429 τὴν
579 3359 851 3429 πτωχείαν
921 3360 1018 3413 καὶ
1082 3360 1291 3413 πενίαν.
1354 3361 1464 3413 Καὶ
1524 3360 1698 3424 ἄλλως
1751 3362 1809 3415 δὲ

217 3449 388 3520 ἐρεῖς,
435 3450 536 3514 ὅτι,
582 3450 771 3522 ῶσπερ
815 3452 1075 3523 Μωῦσῆς,
1132 3452 1316 3524 φωνῆς
1363 3451 1603 3518 ἀκούσας
1650 3454 1807 3519 Θεοῦ,

221 3540 551 3611 ἰσχνόφωνον
584 3543 777 3598 ἑαυτὸν
805 3539 944 3598 εἶναι
977 3543 1266 3614 ὡμολόγει,
1317 3546 1460 3599 κατά
1505 3546 1808 3617 παράθεσιν

214 3635 318 3706 τῆς
351 3635 503 3701 θείας
536 3638 720 3709 φωνῆς
761 3638 920 3693 τοῦτο
961 3640 1157 3711 φήσας·
1196 3640 1339 3694 οῦτω
1371 3642 1463 3694 καὶ
1488 3644 1515 3695 ό
1544 3642 1725 3707 Δαυῒδ,
1761 3645 1810 3698 εἰ

215 3726 314 3780 καί⁵
361 3727 534 3799 μέγας
577 3724 645 3801 ἦν
698 3731 792 3783 καὶ⁹
839 3730 1094 3796 πλούσιος
1146 3733 1240 3787 καὶ
1293 3732 1455 3803 σοφὸς
1503 3734 1809 3805 ἀνθρώποις

216 3822 667 3893 συγκρινόμενος,
705 3824 823 3877 ἀλλ’
854 3825 1141 3890 ἀνατείνας
1190 3826 1329 3898 πρὸς
1375 3827 1467 3880 τὸν
1514 3826 1647 3879 Θεὸν
1682 3829 1809 3893 τοὺς

211 3914 547 3987 ὀφθαλμοὺς,
579 3918 681 3989 όρᾷ
708 3918 897 3971 ἑαυτὸν
921 3918 982 3971 τὸ
1006 3918 1171 3988 μηδὲν
1195 3918 1342 3973 ὄντα·
1374 3919 1467 3972 καὶ
1494 3919 1615 3972 ἐπεὶ
1641 3920 1713 3990 μή
1724 3938 1808 3973 πω

210 4001 283 4076 ἦν
302 4007 527 4072 δυνατὸς
556 4010 773 4082 πατέρα
795 4010 886 4064 τὸν
914 4011 1045 4063 Θεὸν
1065 4011 1376 4082 ὀνομάζειν,
1410 4011 1615 4083 Κύριον
1644 4012 1805 4065 αὑτὸν

213 4096 394 4163 καλεῖ,
422 4099 609 4154 δούλου
646 4101 831 4174 χώραν
867 4103 1060 4159 ἑαυτὸν
1102 4104 1321 4175 ἐπέχειν
1364 4104 1664 4177 σημαίνων.
1692 4102 1806 4157 Εἶθ’

212 4190 293 4255 ὡς
320 4192 483 4256 αὐτὸς
516 4194 691 4264 μένων
720 4196 871 4250 κάτω
904 4214 1007 4250 που
1040 4198 1135 4252 καὶ
1159 4198 1218 4251 ὲν
1260 4196 1428 4268 βυθῷ,
1464 4196 1559 4251 τοῦ
1588 4197 1643 4250 δὲ
1670 4196 1805 4250 Θεοῦ

211 4282 366 4348 ὄντος
389 4286 447 4337 ὲν
470 4284 613 4355 ὕψει,
646 4288 822 4343 κλῖναι
849 4289 939 4343 τὸν
968 4290 1101 4343 Θεὸν
1128 4289 1360 4343 ἱκετεύει
1386 4290 1446 4343 τὸ
1469 4285 1563 4353 οῦς
1584 4287 1800 4343 ἑαυτοῦ·

212 4373 309 4427 ἅτε
359 4377 433 4448 μὴ
481 4378 739 4435 τοσοῦτον
795 4381 923 4453 βοᾷν
970 4383 1271 4454 δυνάμενος
1317 4382 1403 4437 διὰ
1458 4383 1555 4455 τὴν
1598 4382 1805 4438 οἰκείαν

1920 1964 2085 2019 statui
2110 1979 2211 2020 suo
2232 1972 2622 2036 congruentem
2646 1966 2948 2022 orationem
2978 1962 3234 2035 deligere,
3261 1982 3328 2022 ex
3356 1966 3499 2022 libro

1918 2055 2264 2112 Psalmorum
2298 2064 2353 2113 et
2380 2073 2447 2113 ex
2481 2058 2818 2129 propheticis
2865 2060 3095 2115 vocibus
3128 2059 3499 2130 desumptam.

1918 2148 2047 2203 Haec
2074 2150 2241 2220 igitur
2266 2150 2445 2204 oratio
2477 2148 2699 2205 Davidis
2731 2159 2817 2207 est
2843 2173 2858 2206 :
2882 2166 3009 2205 nam
3038 2152 3118 2207 sic
3151 2152 3499 2223 explicarunt

1918 2241 2117 2312 Aquila
2146 2248 2199 2295 et
2236 2238 2619 2312 Symmachus,
2649 2241 2743 2311 qui
2778 2256 2877 2312 pro
2908 2242 3025 2303 illo.
3058 2233 3276 2309 Davidi,
3319 2243 3498 2298 inter-

1917 2335 2114 2406 pretati
2147 2344 2295 2396 sunt,
2336 2333 2573 2391 Davidis.
2628 2334 2858 2391 Videtur
2886 2350 3052 2406 porro
3084 2334 3278 2401 David,
3309 2335 3497 2392 divino

1919 2425 2130 2482 amatus
2162 2425 2392 2497 Spiritu,
2428 2428 2829 2485 beatitudinem
2876 2430 3025 2483 illam
3058 2428 3125 2484 de
3156 2429 3495 2499 pauperibus

1918 2530 1949 2569 a
1984 2515 2265 2573 Salvatore
2292 2528 2483 2574 nostro
2518 2521 2786 2590 prolatam
2818 2537 2929 2575 non
2972 2521 3259 2591 ignorasse
3286 2543 3298 2575 ;
3326 2536 3497 2591 quare

1917 2623 1978 2663 se
2004 2623 2300 2678 pauperem
2328 2620 2382 2663 et
2413 2610 2631 2681 inopem
2661 2626 2784 2667 esse
2814 2610 3038 2675 fatetur,
3063 2612 3278 2667 etiamsi
3310 2627 3404 2666 rex
3432 2626 3499 2666 ac

1916 2698 2121 2754 divitiis
2170 2699 2475 2755 instructus
2528 2701 2717 2756 multis
2750 2709 2918 2757 esset.
2973 2701 3078 2756 Sed
3120 2702 3248 2772 quia
3297 2702 3496 2772 spiritu

1917 2790 2040 2846 talis
2068 2798 2187 2845 erat
2212 2790 2516 2847 secundum
2554 2790 2712 2858 illud,
2743 2791 2899 2845 Beati
2926 2807 3179 2860 pauperes
3207 2792 3399 2860 spiritu
3415 2792 3495 2860 ‘7;

1916 2885 2115 2937 merito
2154 2891 2535 2954 paupertatem
2576 2892 2631 2939 et
2684 2885 2927 2954 inopiam
2974 2884 3119 2938 inter
3168 2884 3401 2939 virtutes
3438 2893 3496 2939 et

1916 2984 2066 3031 recte
2120 2975 2264 3030 facta
2310 2991 2410 3032 sua
2455 2978 2511 3030 in
2561 2978 2812 3032 oratione
2864 2984 3137 3034 recenset.
3196 2976 3319 3031 Alio
3365 2977 3495 3033 item

1916 3069 2080 3125 modo
2117 3070 2357 3137 dixeris;
2402 3070 2543 3125 sicut
2591 3069 2826 3141 Moyses,
2862 3069 3047 3124 audita
3095 3068 3190 3124 Dei
3239 3085 3391 3135 voce,
3436 3086 3497 3126 se

1914 3184 2307 3241 balbutientem
2338 3198 2463 3241 esse
2509 3183 2807 3249 fatebatur,
2843 3184 3008 3254 idque
3050 3183 3266 3241 dicebat
3304 3200 3493 3240 vocem

1919 3295 2074 3336 suam
2135 3294 2259 3334 cum
2323 3277 2509 3333 divina
2572 3277 2975 3349 comparando;
3034 3277 3109 3331 ita
3173 3284 3229 3332 et
3292 3275 3495 3344 David,

1918 3372 2134 3427 etiamsi
2174 3387 2427 3443 magnus,
2460 3372 2615 3427 dives
2657 3381 2711 3426 et
2748 3372 2991 3441 sapiens,
3024 3386 3148 3425 cum
3182 3370 3495 3426 hominibus

1917 3471 2269 3535 comparatus
2327 3472 2501 3530 esset;
2536 3470 2592 3517 at
2620 3463 2850 3518 elevatis
2888 3462 2956 3516 ad
2999 3461 3168 3518 Deum
3199 3463 3396 3527 oculis,
3434 3478 3494 3517 se

1915 3557 2055 3612 nihil
2088 3573 2211 3613 esse
2242 3557 2378 3612 vidit
2404 3578 2416 3612 :
2449 3564 2503 3612 et
2526 3557 2654 3625 quia
2696 3554 2939 3609 nondum
2969 3563 3154 3625 posset
3185 3554 3353 3609 Deum
3396 3568 3493 3624 pa-

1916 3658 2055 3705 trem
2096 3664 2315 3714 vocare,
2347 3649 2640 3703 Dominum
2672 3664 2797 3703 eum
2844 3647 3154 3718 appellavit,
3206 3662 3266 3702 se
3304 3644 3493 3701 famuli

1916 3744 2097 3797 locum
2130 3749 2319 3798 tenere
2358 3742 2696 3811 significans.
2732 3740 2958 3803 Deinde,
2992 3747 3180 3809 utpote
3203 3738 3295 3809 qui
3326 3739 3380 3792 in
3412 3740 3494 3793 iu-

1915 3833 2060 3889 fimis
2091 3841 2147 3888 et
2202 3833 2257 3887 in
2300 3831 2574 3903 profundo
2621 3838 2860 3893 maneat,
2911 3842 3036 3882 cum
3088 3826 3231 3881 Deus
3281 3826 3336 3880 in
3382 3828 3493 3881 alto

1914 3926 2184 3988 exsistat,l
2216 3932 2375 3993 rogat
2415 3930 2475 3977 ut
2512 3921 2739 3976 inclinet
2758 3936 2945 3975 aurem
2978 3933 3159 3983 suam,
3194 3918 3342 3988 quod
3376 3918 3492 3987 ipse

1913 4032 2026 4087 pm
2065 4014 2382 4069 infirmitate
2428 4020 2641 4067 tantum
2675 4009 2838 4065 edere
2885 4010 3182 4064 clamorem
3218 4022 3328 4062 non
3368 4023 3494 4078 pos-

1912 4107 2007 4171 sit,
2048 4106 2142 4177 qui
2176 4104 2232 4160 in
2259 4104 2431 4159 altum
2461 4102 2766 4173 perveniat,
2798 4107 2854 4157 et
2888 4099 2957 4155 ad
2990 4098 3161 4155 Deum
3195 4100 3488 4169 pertingat.

1910 4196 2277 4264 Quamobrem
2346 4194 2620 4265 supplicat
2677 4200 2738 4246 ut
2802 4190 2948 4247 Deus
3004 4190 3232 4245 inclinet
3302 4205 3489 4245 aurem

1908 4305 2086 4353 suam,
2119 4295 2174 4345 et
2204 4295 2265 4343 ut
2288 4287 2511 4343 divinus
2550 4283 2774 4341 auditus
2804 4284 3108 4339 humilitati
3146 4298 3259 4339 sua:
3295 4289 3492 4338 atteni-

1907 4392 2148 4451 peretur.

213 4465 518 4533 ἀσθένειαν,
543 4470 618 4534 ὡς
644 4472 987 4544 ἀναπέμπειν
1020 4476 1099 4539 εἰς
1124 4474 1257 4545 ὕψος
1287 4476 1381 4529 καὶ
1419 4476 1615 4529 τείνειν
1650 4474 1787 4547 πρὸς
1814 4472 1907 4526 τὸν
1930 4473 2061 4527 Θεὸν
2087 4472 2185 4544 τὴν
2212 4470 2408 4525 ἑαυτοῦ
2444 4472 2648 4542 φωνήν.
2683 4469 2774 4524 Διὸ
2800 4469 2968 4524 δεῖται
3000 4468 3177 4523 κλῖναι
3208 4465 3401 4520 ἑαυτοῦ
3430 4464 3491 4518 τὸ

211 4552 307 4621 οῦς
334 4558 427 4612 τὸν
451 4561 604 4627 Θεὸν,
626 4566 719 4618 καὶ
736 4569 801 4636 τῇ
836 4567 1030 4621 ἑαυτοῦ
1099 4568 1447 4639 ταπεινότητι
1516 4566 1927 4637 συγκαταϐῆναι
1956 4567 2055 4636 τὴν
2085 4564 2236 4617 θείαν
2260 4564 2451 4635 ἀκοήν.

287 4679 571 4744 Φύλαξων·
593 4681 707 4750 τὴν
729 4684 942 4753 ψυχήν
968 4702 1110 4754 μου,
1135 4686 1222 4739 ὅτι
1244 4685 1415 4751 ὅσιός
1436 4688 1572 4757 εἰμι·
1601 4686 1811 4741 σῶσον

1982 4683 2150 4739 Vens.
2192 4685 2247 4739 2.
2290 4680 2512 4737 Custodi
2553 4680 2789 4732 animam
2831 4693 3023 4741 meam,
3068 4673 3320 4746 quoniam
3364 4688 3491 4726 san-

210 4774 320 4826 τὸν
349 4773 579 4828 δοῦλόν
616 4793 754 4841 σου,
797 4781 829 4831 ό
875 4779 1040 4845 Θεὸς,
1081 4778 1189 4833 τὸν
1218 4780 1537 4841 ἐλπίζοντα
1575 4782 1671 4835 ἐπὶ
1705 4780 1799 4836 σέ.

224 4866 314 4919 Ἐν
334 4862 416 4931 οἷς
438 4863 526 4939 ἦν,
556 4872 613 4922 ὲν
640 4871 850 4935 τούτοις
878 4872 1213 4944 φυλαχθῆναι
1240 4874 1382 4938 ἀξιοῖ
1403 4875 1508 4928 ὑπὸ
1526 4875 1621 4928 τοῦ
1643 4873 1801 4941 Θεοῦ,

206 4959 285 5024 ὡς
315 4960 382 5014 ἂν
426 4960 501 5033 μὴ
533 4962 789 5037 συληθείη
824 4964 991 5020 αὑτοῦ
1025 4967 1058 5036 ὴ
1087 4966 1232 5037 ψυχὴ
1274 4960 1348 5019 ὧν
1379 4968 1643 5039 ἐκέκτητο
1676 4968 1803 5039 ἀρε-

205 5052 342 5107 τῶν·
386 5056 451 5119 ἂς
496 5056 732 5128 ἐδήλωσε
783 5057 1001 5129 πρῶτον
1047 5057 1239 5121 εἰπὼν,
1282 5060 1402 5112 Ὅτι
1440 5058 1674 5128 πτωχὸς
1703 5058 1801 5112 καὶ

206 5143 403 5213 πένης
429 5146 545 5216 εἱμί
578 5147 713 5217 ἐγώ·
742 5148 1017 5219 δεύτερον,
1060 5149 1179 5201 Ὅτι
1218 5148 1389 5215 ὅσιός
1428 5150 1565 5218 εἰμι·
1597 5149 1678 5202 διὸ
1705 5148 1801 5202 καὶ

206 5236 450 5308 ἀλλαχοῦ
472 5240 689 5309 φάσκει·
720 5240 815 5309 Μὴ
834 5241 1055 5295 ἐλθέτω
1071 5260 1173 5311 μοι
1196 5242 1349 5308 ποῦς
1367 5242 1801 5310 ὑπερηφανίας.

217 5320 377 5384 Ἐπεὶ
402 5331 458 5385 δὲ
490 5334 700 5405 συνῄδει
720 5334 897 5405 ἐαυτῷ
922 5335 1149 5405 μηδέπω
1164 5334 1277 5387 ὄντι
1294 5334 1414 5406 υἱῷ,
1438 5334 1657 5398 εἰκότως
1677 5333 1802 5387 δοῦ-

205 5423 299 5475 λου
346 5426 536 5478 ἑαυτὸν
576 5428 827 5498 ὁμολογεῖ
871 5428 962 5481 καί
1012 5444 1165 5500 φησι·
1199 5426 1412 5481 Σῶσον
1448 5427 1555 5481 τὸν
1578 5426 1804 5480 δοῦλόν

206 5532 352 5577 σου,
397 5520 429 5568 ό
477 5520 643 5587 Θεὸς,
694 5519 804 5573 τὸν
854 5519 1175 5581 ἐλπίζοντα
1219 5519 1316 5573 ἐπὶ
1362 5518 1457 5575 σέ.
1506 5518 1704 5582 Δοῦλος
1746 5518 1803 5571 δὲ

206 5606 350 5661 Θεοῦ
379 5610 527 5663 ἐστιν
551 5612 580 5663 ὁ
614 5614 687 5682 μὴ
726 5613 992 5667 δουλεύων
1034 5613 1300 5685 ἁμαρτίᾳ,
1340 5612 1475 5684 μηδέ
1508 5630 1611 5665 τινι
1643 5610 1803 5665 πάθει

208 5702 764 5775 ὑποκείμενος,]μόνῳ
790 5705 845 5758 δὲ
875 5706 1010 5759 Θεοῦ
1032 5706 1192 5777 Λόγῳ
1213 5704 1673 5775 ύποτεταγμένος,
1709 5704 1806 5757 καὶ

1907 4786 2022 4831 ctus
2052 4775 2443 4830 sum:salvum
2488 4775 2574 4844 fac
2608 4788 2813 4826 servum
2860 4779 3029 4834 tuum,
3069 4766 3231 4829 Deus,
3279 4780 3491 4834 speran-

1910 4876 2012 4922 tem
2046 4867 2098 4920 in
2146 4875 2212 4919 le.
2248 4864 2307 4918 ln
2341 4878 2452 4933 quo
2490 4869 2638 4917 statu
2679 4868 2799 4915 erat
2836 4874 2897 4914 se
2955 4855 3275 4912 conservari
3305 4870 3334 4908 a
3376 4853 3489 4908 Deo

1906 4960 2167 5031 postulat,
2209 4966 2272 5013 ut
2296 4972 2365 5013 ne
2410 4956 2593 5011 anima
2643 4968 2743 5011 sua
2774 4950 3072 5008 virtutibus
3104 4964 3242 5020 quas
3270 4947 3487 5003 obtine-
3557 5021 3564 5032 ι

1907 5055 2000 5109 bat
2050 5053 2426 5122 spoliaretur:
2475 5063 2614 5119 quas
2668 5047 2923 5109 virtutes,
2988 5044 3074 5098 his
3135 5041 3485 5106 declarabat,

1904 5146 2083 5215 primo
2117 5160 2239 5199 cum
2272 5143 2499 5206 diceret,
2554 5139 2818 5206 Quoniam
2860 5138 3007 5204 inops
3042 5144 3092 5189 et
3134 5149 3332 5203 pauper
3371 5149 3487 5186 sum

1904 5254 2028 5309 ego;
2082 5235 2323 5291 secundo
2355 5274 2370 5298 ,
2422 5233 2688 5301 Quoniam
2736 5239 2951 5285 sanctus
2986 5231 3134 5292 sum';
3160 5241 3331 5297 quare
3357 5225 3485 5278 alibi

1904 5333 2056 5394 dicit,
2086 5329 2209 5383 Non
2242 5330 2414 5384 ueniat
2458 5326 2584 5380 mihi
2617 5342 2703 5395 pes
2744 5323 3003 5393 superbia:
3025 5323 3089 5376 ⁸⁸.
3135 5321 3272 5375 Cum
3306 5324 3485 5372 autem

1906 5442 1965 5481 se
1995 5425 2237 5480 nondum
2280 5423 2448 5478 filium
2482 5435 2607 5477 esse
2643 5426 2817 5490 putet,
2851 5432 2910 5473 se
2939 5416 3063 5487 jure
3104 5426 3322 5471 servum
3354 5424 3489 5465 con-

1904 5517 2089 5573 ﬁtetur
2129 5524 2181 5571 et
2210 5515 2307 5577 ait,
2344 5514 2563 5569 Salvum
2594 5511 2679 5580 fac
2710 5525 2917 5564 seruum
2952 5516 3123 5567 tuum,
3179 5503 3339 5568 Deus,
3372 5515 3487 5569 spe—

1904 5620 2108 5664 rantem
2158 5608 2213 5661 in
2254 5616 2319 5660 te.
2374 5604 2578 5661 Servus
2619 5618 2784 5672 porro
2840 5599 2932 5653 Dei
2979 5605 3084 5660 est,
3121 5597 3213 5666 qui
3262 5602 3486 5664 peccato

1905 5718 2016 5757 non
2051 5700 2245 5766 servit,
2298 5698 2542 5769 nullique
2572 5696 2787 5751 aﬂ‘ectui
2832 5690 3086 5748 subditus
3132 5698 3234 5754 est,
3270 5686 3365 5743 sed
3396 5685 3487 5741 uni

283 5860 331 5891 “
365 5858 510 5917 Psal.
546 5877 784 5931 unus,
820 5864 872 5920 1.
933 5866 993 5943 ,⁸⁸
1035 5864 1179 5923 Psal.
1215 5881 1303 5932 tu,
1342 5865 1391 5919 l.
1471 5865 1513 5895 ⁸⁵
1555 5860 1743 5919 Matth.
1783 5875 1873 5928 vt,
1910 5858 1964 5915 9.
2030 5860 2087 5938 “7
2129 5855 2323 5914 Matth.
2366 5853 2503 5928 v,_5.
2556 5853 2631 5931 g"
2670 5848 2815 5907 Psal.
2855 5861 3021 5911 XXXV.
3058 5842 3145 5899 12.
