4004 6548
315 378 340 434 l
351 378 454 434 0'53

1467 372 1971 430 COMMENTARIA
2010 373 2076 427 IN
2116 374 2455 431 PSALMOS.

3403 382 3542 440 lost
3614 466 3617 469 Α

310 496 416 560 σὺ,
465 494 562 549 καὶ
600 493 783 547 ποιῶν
820 491 1140 561 θαυμάσια,
1174 493 1252 546 σὺ
1284 489 1342 545 εἴ
1372 492 1513 557 Θεὸς
1532 496 1738 561 μόνος.
1770 493 1873 543 Καὶ

1980 501 2028 544 et
2052 493 2249 559 faciens
2268 491 2554 552 mirabilia.
2588 501 2639 544 tu
2661 508 2713 545 es
2743 490 2878 545 Deus
2902 492 3066 549 solus.
3102 494 3302 551 Omnes
3323 500 3546 569 quidem

311 589 481 640 πᾶσαι
510 586 608 656 μέν
636 584 897 656 ὠφέλιμοι
931 585 1024 636 καὶ
1056 585 1346 651 ἀναγκαῖαι
1374 583 1429 633 αξ
1455 581 1561 633 τῶν
1588 581 1757 649 ἁγίων
1784 579 1878 631 τοῦ

306 677 445 732 Θεοῦ
478 677 792 750 προσευχαί·
837 676 1040 746 νομίζω
1082 677 1174 729 καὶ
1219 676 1292 746 μὴ
1335 676 1511 738 πάσας
1549 674 1878 745 γεγράφθαι,

310 769 425 822 ἀλλ’
453 770 485 839 ἢ
519 769 685 839 μόνας
718 768 932 831 ἐκείνας
962 771 1018 821 ἐν
1051 763 1138 832 αἷς
1169 767 1592 839 προσευχόμενοι
1631 769 1693 819 ἐκ
1737 765 1878 819 θείου

310 859 623 931 Πνεύματος
655 860 1001 931 ἐκινήθησαν,
1034 861 1108 923 ὡς
1151 862 1245 912 καὶ
1289 860 1632 931 προφητικὰς
1667 861 1881 927 ἀφεῖναι

310 951 511 1018 φωνάς.
552 949 712 1017 Ἡγοῦ
722 968 817 1020 μαι
838 950 880 1001 δ’
908 945 999 1003 οὖν
1022 951 1115 1003 καὶ
1135 950 1224 1002 τὸν
1244 948 1404 1002 Δαυῒδ
1432 949 1733 1021 προσευχὰς
1758 951 1882 1003 πολ-

306 1041 403 1105 λὰς
437 1041 751 1112 ἀναπέμψαι
793 1040 869 1112 τῷ
898 1040 1035 1112 Θεῷ,
1074 1036 1147 1094 ῶν
1181 1041 1405 1111 οὐδεμία
1434 1043 1615 1112 γραφῇ
1656 1040 1878 1111 ἠξιώθη,

304 1130 422 1183 ἀλλ’
468 1132 525 1184 αἱ
578 1131 899 1201 μετέχουσαι
948 1130 1363 1201 προγνωπικῆς
1404 1131 1497 1184 καὶ
1540 1132 1882 1203 πρῳητικῆς

303 1222 602 1294 δυνάμεως.
632 1224 829 1295 Διόπερ
863 1225 955 1276 καὶ
981 1226 1014 1296 ή
1044 1224 1292 1295 παροῦσα
1321 1223 1592 1297 προσευχὴ
1614 1228 1679 1296 τῇ
1716 1225 1882 1297 βίϐλῳ

304 1313 412 1366 τῶν
438 1314 679 1385 Ψαλμῶν
699 1314 1042 1387 παρελήφθη,
1062 1315 1156 1368 καὶ
1183 1314 1322 1387 μέση
1344 1315 1453 1369 τῶν
1476 1317 1602 1388 περὶ
1628 1317 1722 1371 τοῦ
1745 1319 1883 1388 Χρι-

307 1405 432 1459 στοῦ
467 1408 810 1478 προφητειῶν
852 1407 1319 1479 παρεμϐέὸληται,
1360 1409 1436 1471 ὡς
1469 1409 1882 1481 ἁνακεκραμένη

304 1502 658 1570 προφητικοῖς
703 1499 900 1568 λόγοις,
952 1500 1046 1552 καὶ
1089 1499 1278 1569 κλῆσιν
1321 1500 1488 1553 ἐθνῶν
1534 1501 1877 1571 περιέχουσα.

307 1588 595 1661 Ἀντικρυς
650 1588 780 1658 γοῦν
828 1589 1020 1660 κλῆσις
1065 1590 1173 1641 τῶν
1218 1589 1386 1643 ἐθνῶν
1421 1591 1512 1644 καὶ
1563 1591 1650 1644 διὰ
1680 1591 1881 1646 τούτων

303 1678 636 1744 θεσπίζεται.
678 1681 896 1752 Ἐπειδὴ
915 1680 1023 1753 γὰρ
1048 1680 1113 1735 τὰ
1149 1682 1317 1736 πολλὰ
1351 1684 1479 1755 περὶ
1504 1682 1693 1737 ἑαυτοῦ
1719 1685 1879 1754 μόνου

301 1773 524 1847 ηὔξατο,
566 1774 946 1830 Ἐπάκουσόν
956 1794 1098 1845 μου,
1126 1775 1316 1839 εἰπὼν,
1338 1778 1450 1840 καὶ,
1476 1776 1755 1841 Φύλαξον
1768 1777 1880 1845 τὴν

300 1864 511 1934 ψυχήν
532 1885 674 1936 μου,
713 1868 828 1930 καὶ,
861 1867 1070 1922 Σῶσον
1098 1866 1204 1920 τόν
1240 1866 1466 1921 δοῦλόν
1496 1885 1633 1931 σου,
1668 1872 1700 1921 ό
1738 1871 1878 1933 Θεός

290 1978 432 2029 μου.
449 1959 543 2013 καὶ
560 1960 640 2027 τὸ,
659 1960 945 2029 Ἐλέησόν
959 1976 1057 2029 με,
1073 1959 1186 2023 καὶ,
1213 1960 1528 2028 Εὐφρανον
1547 1960 1879 2029 τὴνψυχὴν

297 2050 405 2104 τοῦ
427 2049 648 2105 δούλου
668 2066 783 2106 σου
800 2067 811 2080 ·
846 2051 966 2104 ἐπεὶ
986 2050 1167 2104 τοίνυν
1187 2049 1253 2103 τὰ
1275 2050 1509 2103 τοσαῦτα
1537 2068 1603 2103 πε
1614 2053 1664 2123 pi.
1686 2052 1876 2125 ἑαυτοῦ

294 2139 520 2212 ηὔξατο,
550 2144 578 2195 ό
610 2141 859 2205 πλούσιος
890 2141 983 2195 καὶ
1020 2140 1395 2212 μεγαλόδωρος
1441 2142 1576 2205 Θεὸς
1607 2143 1878 2196 δείκνυσιν

295 2231 467 2301 αὐτῷ,
486 2232 565 2284 ὅτι
588 2233 661 2303 μὴ
688 2232 836 2303 αὐτῴ
867 2233 1012 2303 μόνῳ
1036 2232 1103 2285 τὰ
1124 2233 1225 2303 τῆς
1247 2233 1556 2304 προσευχῆς
1578 2234 1878 2304 αἰτουμένῳ

294 2321 541 2390 παρέξει,
573 2321 951 2392 ἀπλωθήσεται
981 2322 1092 2392 δέἠ
1120 2320 1240 2376 θεία
1269 2323 1429 2397 χάρις
1463 2323 1555 2374 καὶ
1582 2324 1660 2387 εἰς
1702 2325 1878 2378 πάντα

293 2411 361 2465 τὰ
383 2412 531 2485 ἔθνη,
567 2413 643 2477 ὡς
676 2414 768 2466 καλ⁸
789 2412 966 2466 αὐτῶν
999 2413 1301 2483 μελλόντων
1326 2414 1619 2467 ἀπολαύειν
1651 2416 1874 2479 τούτων,

291 2495 369 2557 ὧν
391 2506 418 2557 ό
444 2503 609 2557 Δαυῒδ
633 2507 813 2575 τυχεῖν
842 2503 1203 2574 ὴξίου.“”Οθεν
1223 2504 1300 2575 τῷ
1328 2505 1603 2576 Πνεύματι
1633 2506 1712 2577 τῷ
1737 2508 1876 2577 ἁγίῳ

292 2595 580 2664 φωτισθεὶς
615 2596 707 2649 καὶ
742 2596 802 2649 τὸ
838 2595 1027 2666 μέλλον
1055 2595 1408 2667 θεασάμενος,
1439 2597 1877 2671 ὑπερεκπλήττε-

288 2702 379 2740 ται
420 2686 521 2757 τῆς
563 2687 655 2740 τοῦ
718 2686 852 2741 Θεοῦ
903 2687 1126 2758 χάριτος
1175 2688 1274 2759 τὴν
1318 2689 1740 2762 μεγαλοδωρίαν,
1782 2690 1875 2745 καί

291 2795 424 2849 φησι
456 2778 523 2833 τὰ
563 2779 952 2851 προλεγόμενα.
989 2780 1155 2843 Θεοὺς
1196 2780 1253 2833 δὲ
1307 2780 1539 2835 ἐνταῦθα
1570 2782 1822 2851 λέγεσθαι
1848 2786 1877 2838 ό

292 2869 391 2941 μέν
411 2888 494 2934 τις
516 2870 775 2942 ἡγήσεται
798 2872 925 2933 τοὺς
955 2872 1012 2924 ὲν
1041 2872 1349 2944 ἀνθρώποις
1381 2875 1621 2938 δικαίους
1644 2876 1739 2929 καὶ
1762 2876 1877 2931 θεο-

289 2958 464 3030 φιλεῖς
486 2960 704 3034 ἄνδρας,
731 2962 818 3015 διὰ
844 2962 906 3016 τὸ
934 2963 1090 3032 λέγον
1112 2981 1127 2995 ·
1163 2965 1303 3034 Ἐγὼ
1331 2959 1522 3032 εἷπον,
1560 2967 1691 3020 Θεοί
1712 2967 1873 3034 ἐστε,

287 3052 389 3106 καὶ
428 3053 549 3107 υἱοὶ
597 3054 887 3122 Ὑψίστου
921 3054 1179 3121 πάντες·
1214 3059 1242 3110 ὁ
1281 3055 1336 3109 δὲ
1366 3055 1465 3119 τὰς
1508 3056 1627 3109 κατ’
1652 3058 1877 3129 οὐρανὸν

287 3143 439 3208 Θείας
460 3144 738 3215 δυνάμεις,
775 3145 863 3199 διὰ
894 3147 954 3199 τὸ
983 3148 1214 3217 φάσκειν
1251 3152 1343 3202 τὸν
1384 3149 1701 3203 Ἀπόστολον
1722 3168 1735 3180 ·
1762 3151 1871 3204 Kal
1900 3181 1942 3237 ο

284 3238 397 3307 γὰρ
441 3238 610 3306 εῖπερ
659 3238 777 3292 εισι
819 3240 1128 3309 λεγόμενοι
1178 3239 1319 3301 θεοὶ,
1351 3240 1471 3294 εἴτε
1509 3240 1579 3293 ἐν
1619 3242 1870 3309 οὐρανῷ,

284 3331 406 3385 εἴτε
433 3330 531 3384 ἐπὶ
554 3329 682 3401 γῆς,
718 3330 940 3403 (ὥσπερ
969 3332 1089 3385 εἰσὶ
1120 3331 1241 3385 θεοὶ
1270 3333 1515 3397 πολλοὶ,
1547 3334 1646 3386 καὶ
1680 3336 1872 3404 κύριοι

284 3424 508 3477 πολλοί
523 3423 560 3493 -)
593 3423 737 3492 ἡμῖν
761 3418 850 3489 εἷς
878 3422 1024 3488 Θεὸς
1049 3425 1082 3476 ὁ
1111 3423 1335 3491 Πατήρ.
1374 3424 1524 3478 Ἐπεὶ
1550 3425 1730 3479 τοίνυν
1748 3425 1870 3480 οὔτε

283 3517 532 3586 ἀγγέλων
564 3534 669 3579 τις,
702 3515 825 3569 οὕτε
857 3516 1154 3587 προφητῶν
1189 3517 1288 3586 τὴν
1320 3517 1429 3570 τῶν
1475 3517 1644 3570 ἐθνῶν
1679 3519 1870 3588 κλῆσιν

286 3607 599 3679 ἐποιήσατο,
634 3608 857 3673 εἰκότως
889 3610 971 3672 εἰς
1014 3608 1304 3680 πρόσωπον
1346 3608 1585 3681 ἡγοῦμαι
1610 3610 1704 3663 τοῦ
1737 3612 1871 3681 Χρι⁴

286 3698 415 3751 ατοῦ
461 3699 709 3769 λέγεσθαι
741 3701 822 3765 τὸ,
867 3703 988 3755 Οὐκ
1029 3701 1200 3754 ἐστιν
1241 3700 1444 3771 ὅμοιός
1470 3716 1569 3756 σοι
1597 3704 1665 3757 ἐν
1692 3703 1865 3769 θεοῖς,

285 3788 485 3855 Κύριε.
521 3792 713 3855 ΙἌλλος
741 3792 797 3845 δέ
840 3810 922 3855 τις
965 3793 1152 3864 φήσει,
1188 3792 1274 3846 διὰ
1298 3793 1359 3846 τὸ
1399 3794 1609 3863 ψευδῶς
1654 3794 1750 3865 μὲν
1778 3795 1870 3849 καὶ

284 3879 716 3950 πεπλανημένως
745 3885 895 3956 παρὰ
918 3888 1031 3947 τοῖς
1060 3884 1273 3948 πολλοῖς
1305 3885 1413 3938 τῶν
1441 3885 1745 3957 ἀνθρώπων
1777 3904 1867 3940 νο-

288 3970 543 4042 μίζεσθαι
586 3968 723 4027 εἶναι
771 3974 945 4040 θεοὺς,
994 3978 1087 4031 καὶ
1137 3977 1289 4049 παρὰ
1332 3980 1463 4032 πᾶσι
1510 3982 1621 4043 τοίς
1662 3978 1867 4033 ἔθνεσιν

281 4063 441 4119 ἄλλον
469 4064 697 4135 ἀλλαχοῦ
724 4066 1105 4133 θεοποιεῖσθαι,
1134 4070 1291 4141 μόνον
1318 4071 1374 4124 δὲ
1405 4070 1497 4124 τὸν
1518 4071 1748 4143 Σωτῆρα
1774 4072 1867 4125 καὶ

284 4155 489 4227 Κύριον
516 4158 671 4229 ἡμῶν
711 4159 833 4213 καθ’
859 4161 987 4232 ὅλης
1012 4163 1110 4233 τῆς
1139 4164 1461 4234 οἰκουμένης
1493 4163 1625 4216 Θεὸν
1663 4164 1865 4232 ιὶινηγο⁴

283 4248 532 4320 ρεῦσθαι,
562 4249 622 4314 ἐξ
662 4252 914 4305 ἁπάντων
941 4271 999 4306 τε
1028 4254 1135 4307 τῶν
1173 4254 1341 4309 ἐθνῶν
1374 4255 1538 4319 λαοὺς
1563 4255 1741 4326 ἐαυτῷ
1768 4273 1863 4309 πε-

283 4342 669 4413 ριπεποιῆσθαι
689 4359 702 4373 ·
739 4344 928 4398 τούτου
959 4346 1121 4418 χάριν
1150 4346 1502 4418 προφητικῶς
1534 4347 1614 4409 είς
1649 4346 1863 4418 πρόσω-

277 4452 383 4489 πον
414 4436 577 4490 αὐτοῦ
609 4436 707 4500 τὰς
738 4439 1105 4510 προκειμένας
1138 4438 1537 4508 ἀναφωνεῖσθαι
1563 4438 1859 4508 θεολογίας.

1982 583 2257 639 orationes
2288 598 2317 635 a
2346 582 2556 638 sanctis
2583 582 2675 637 Dei
2705 585 2937 647 emissas,
2968 587 3125 640 utiles
3147 595 3200 641 et
3224 594 3550 649 necessaria:

1983 681 2139 727 sunt:
2161 675 2370 729 aestimo
2394 681 2574 728 tamen
2608 689 2713 728 non
2747 689 2937 732 omnes
2966 678 3169 747 scripto
3201 682 3551 753 consignatas

1983 763 2174 823 fuisse,
2200 766 2293 819 sed
2324 780 2419 819 eas
2440 767 2613 819 solum
2646 781 2783 835 quas
2815 766 3017 837 Spiritu
3036 778 3227 825 sancto
3257 775 3389 827 moti
3416 779 3553 831 emi-

1984 864 2208 922 serunt,
2253 857 2325 911 ita
2358 866 2415 911 ut
2450 859 2797 927 propheticas
2818 861 3042 915 ederent
3066 878 3247 919 voces.
3278 864 3419 923 Puto
3451 868 3551 940 igi-

1981 954 2074 1001 tur
2104 947 2358 1004 Davidem
2392 950 2591 1005 multas
2628 950 2736 1005 Deo
2773 952 3024 1008 emisisse
3058 956 3372 1021 orationes,
3413 976 3552 1030 qua-

1982 1054 2102 1092 rum
2126 1041 2276 1094 nulla
2303 1045 2509 1110 scripto
2536 1043 2855 1112 consignata
2888 1042 3008 1109 fuit,
3036 1049 3278 1116 exceptis
3319 1050 3387 1105 iis
3430 1068 3551 1122 qua:

1934 1192 1939 1207 κ
1984 1130 2036 1182 vi
2080 1131 2447 1200 prospiciendi
2481 1139 2535 1186 et
2583 1133 2913 1188 vaticinandi
2946 1135 3184 1204 praedita:
3213 1148 3389 1194 erant.
3425 1142 3551 1198 Ideo

1984 1220 2098 1276 haec
2122 1224 2298 1277 oratio
2318 1224 2372 1277 in
2412 1225 2551 1279 libro
2576 1226 2915 1282 Psalmorum
2938 1231 3137 1299 posita,
3159 1240 3213 1286 et
3234 1233 3286 1286 in
3311 1234 3550 1290 medium

1982 1313 2383 1384 prophetiamm
2418 1316 2485 1372 de
2514 1317 2735 1373 Christo
2764 1320 2969 1375 inserta
3014 1320 3156 1387 fuit,
3201 1330 3384 1394 utpote
3431 1343 3552 1397 quas

1982 1405 2316 1475 propheticis
2358 1408 2520 1464 dictis
2551 1411 2768 1464 condita
2820 1412 2913 1475 sit,
2944 1424 2995 1468 et
3028 1416 3367 1471 vocationem
3419 1435 3553 1489 gen-

1982 1494 2119 1547 tium
2186 1498 2599 1566 complectatur.
2662 1499 2759 1555 His
2816 1500 2997 1572 itaque
3046 1506 3256 1560 vocatio
3305 1509 3550 1578 gentium

1980 1586 2269 1642 manifeste
2293 1591 2706 1658 prmnuntiatur.
2741 1589 3035 1662 Postquam
3065 1596 3209 1649 enim
3237 1597 3407 1651 multa
3443 1597 3551 1653 sibi

1982 1678 2085 1733 soli
2116 1690 2371 1749 precatus
2404 1690 2570 1745 esset,
2602 1684 2812 1752 (licens,
2838 1684 3052 1738 Exaudi
3081 1703 3182 1752 me,
3219 1694 3294 1753 et,
3330 1687 3553 1743 Custodi

1984 1770 2217 1823 animam
2248 1788 2438 1835 meam,
2469 1781 2544 1838 et,
2576 1771 2791 1827 Salvum
2832 1775 2917 1843 fac
2959 1792 3163 1830 servum
3194 1789 3341 1831 tuum
3362 1818 3375 1841 ,
3408 1778 3549 1834 Deus

1980 1879 2146 1923 meus,
2172 1872 2249 1927 et,
2285 1862 2537 1919 Miserere
2574 1868 2708 1929 mei,
2747 1876 2834 1932 et,
2868 1868 3109 1938 Lwtiﬁca
3146 1873 3384 1925 animam
3415 1874 3551 1928 servi

1982 1954 2099 2016 tui;
2124 1969 2271 2019 cum,
2308 1955 2714 2025 inquam,la|ia
2755 1974 2854 2028 pro
2882 1960 3065 2029 seipso
3096 1972 3350 2031 precatus
3381 1971 3548 2027 esset,

1979 2047 2132 2101 dives
2158 2047 2246 2103 ille
2275 2055 2328 2103 et
2361 2048 2651 2102 muniﬁcus
2674 2047 2816 2105 Deus
2845 2052 3084 2105 ostendit
3137 2053 3250 2117 illi,
3286 2070 3394 2111 non
3443 2054 3547 2124 ipsi

1979 2139 2083 2193 soli
2114 2139 2399 2209 precanti,
2433 2156 2555 2210 qua:
2594 2140 2648 2194 in
2683 2142 2931 2196 oratione
2984 2142 3319 2208 ferebantur,
3348 2145 3447 2201 abs
3491 2161 3551 2201 se

1978 2231 2363 2297 concedenda;
2444 2232 2537 2286 sed
2617 2232 2857 2287 divinam
2923 2236 3155 2303 gratiam
3227 2236 3281 2289 in
3354 2250 3546 2291 omnes

1979 2332 2168 2393 gentes
2200 2320 2579 2377 eﬂ‘undendam
2636 2338 2797 2378 esse:
2829 2323 2957 2393 quia
3011 2325 3249 2379 futurum
3297 2336 3442 2381 esset
3484 2333 3547 2380 ut

1978 2415 2084 2467 illa:
2114 2429 2332 2483 quoque
2365 2413 2433 2468 iis
2462 2413 2793 2473 fruerentur,
2824 2430 2946 2483 qum
2973 2414 3137 2469 David
3173 2416 3433 2485 consequi
3458 2431 3547 2471 ro-

1976 2508 2159 2578 gabat.
2194 2505 2373 2573 Quare
2409 2506 2611 2576 Spiritu
2659 2517 2850 2562 sancto
2899 2509 3239 2574 illustratus,
3271 2518 3325 2564 ct
3364 2509 3550 2563 futura

1976 2600 2341 2671 prospiciens,
2372 2615 2628 2670 magnum
2647 2599 2738 2654 Dei
2763 2602 2951 2670 gratiae
2969 2601 3171 2655 donum
3195 2617 3545 2672 summopere

1977 2692 2227 2755 miratur,
2256 2700 2311 2746 et
2343 2707 2508 2761 supra
2556 2692 2704 2746 dicta
2742 2694 2903 2747 verba
2935 2692 3160 2762 profert.
3214 2692 3375 2748 Putet
3418 2708 3545 2748 vero

1978 2784 2249 2853 qmspiam
2276 2782 2366 2837 hic
2385 2784 2516 2837 deos
2535 2782 2720 2837 vocari
2741 2783 2924 2851 justos
2951 2783 3345 2851 religiOSOSque
3374 2784 3542 2844 viros.

1976 2875 2103 2944 quia
2124 2875 2329 2928 dictum
2362 2880 2480 2937 est,
2520 2871 2630 2943 Ego
2659 2872 2774 2925 dixi
2796 2891 2815 2925 .-
2844 2872 2934 2925 Dii
2965 2874 3111 2934 estis,
3140 2882 3191 2925 et
3222 2872 3322 2941 ﬁlii
3374 2873 3546 2928 Altis-

1976 2967 2097 3019 simi
2125 2982 2300 3018 omnes
2329 2964 2574 3030 °';alius
2622 2979 2751 3020 vero
2799 2979 2913 3029 eas,
2944 2980 3064 3033 quae
3092 2966 3146 3019 in
3185 2966 3325 3019 etelo
3382 2974 3541 3032 sunt,

1977 3057 2191 3112 divinas
2242 3057 2512 3120 virtutes,
2562 3057 2688 3127 quia
2742 3056 3036 3125 Apostolus
3088 3045 3207 3113 ait:
3245 3056 3386 3112 Nam
3444 3060 3543 3114 etsi

1976 3161 2097 3205 sunt
2137 3151 2227 3222 qui
2274 3149 2525 3203 dicantur
2568 3149 2677 3214 dii,
2727 3151 2833 3203 sive
2863 3149 2917 3203 in
2956 3149 3113 3214 corio,
3156 3150 3261 3205 sire
3292 3152 3343 3203 in
3402 3161 3543 3206 terra

1976 3242 2134 3314 (sicut
2170 3253 2291 3297 sunt
2317 3243 2392 3296 dii
2424 3243 2596 3303 multi,
2629 3251 2678 3295 et
2713 3240 2915 3294 domini
2948 3240 3146 3307 multi),
3189 3242 3337 3296 nobis
3369 3253 3543 3297 tamen

1972 3351 2106 3388 unus
2132 3333 2294 3395 Deus,
2320 3332 2481 3386 Pater
2516 3333 2582 3387 7°.
2614 3331 2881 3399 Quoniam
2915 3332 3079 3402 igitur
3116 3349 3292 3403 neque
3322 3334 3543 3403 angelo-

1972 3440 2116 3490 rum,
2146 3440 2321 3495 neque
2351 3424 2735 3495 prophetarum
2765 3424 3059 3495 quispiam,
3086 3426 3386 3481 vocationis
3408 3441 3541 3496 gen-

1973 3517 2106 3569 tium
2132 3527 2322 3571 auctor
2357 3516 2458 3570 fuit
2481 3555 2496 3578 ,
2538 3516 2663 3585 jure
2686 3516 2926 3571 arbitror
2957 3518 3025 3572 de
3067 3531 3303 3587 persona
3333 3515 3541 3573 Christi

1971 3607 2178 3663 dictum
2210 3608 2398 3669 fuisse,
2420 3605 2544 3660 Non
2566 3616 2645 3660 est
2667 3607 2860 3661 similis
2893 3608 2971 3661 tui
3006 3608 3061 3661 in
3104 3608 3207 3660 diis
3233 3648 3249 3674 ,
3295 3606 3540 3661 Domine.

1969 3697 2125 3751 Alius
2147 3697 2311 3761 dicet,
2340 3697 2465 3769 quia
2499 3711 2529 3751 a
2563 3696 2750 3750 multis
2802 3695 3113 3751 hominibus
3141 3711 3330 3751 errore
3359 3695 3541 3749 ductis

1969 3788 2042 3844 dii
2073 3803 2196 3845 esse
2226 3787 2366 3842 falso
2396 3786 2801 3849 existimantur,
2825 3794 2878 3841 et
2912 3785 3053 3855 apud
3086 3801 3277 3840 omnes
3307 3792 3497 3854 gentes
3522 3824 3538 3849 ,

1970 3880 2111 3933 alius
2138 3880 2244 3931 alio
2274 3878 2327 3931 in
2358 3877 2479 3929 loco
2508 3876 2645 3930 deus
2680 3874 2911 3930 habetur
2934 3916 2948 3941 ,
3000 3875 3258 3943 solusque
3293 3872 3543 3929 Salvator

1967 3981 2022 4026 et
2046 3970 2306 4024 Dominus
2345 3977 2531 4024 uoster
2558 3982 2653 4037 per
2681 3973 2853 4020 totum
2881 3966 3068 4020 orbem
3100 3964 3243 4021 Deus
3273 3962 3538 4035 praedica-

1967 4070 2077 4124 tur,
2111 4070 2166 4117 et
2197 4077 2261 4116 ex
2297 4061 2552 4117 omnibus
2580 4059 2832 4132 gentibus
2883 4058 3142 4128 populum
3171 4057 3275 4111 sibi
3313 4064 3540 4126 coopta-

1966 4155 2082 4222 vit;
2144 4154 2266 4208 idco
2303 4153 2442 4207 hanc
2488 4151 2818 4221 theologiam
2877 4149 3192 4220 prophetice
3247 4146 3314 4202 de
3369 4146 3539 4217 ipsius

1966 4262 2201 4318 persona
2236 4244 2488 4316 proferri.
2521 4243 2720 4299 Deinde
2756 4243 2882 4313 quia
2924 4249 3051 4296 ante
3074 4240 3410 4294 Salvatorem
3441 4252 3543 4291 uo-

1966 4348 2139 4395 strum
2172 4339 2448 4409 prephetae
2469 4336 2626 4390 multi
2660 4333 2991 4389 mirabilium
3024 4347 3247 4402 operum
3286 4336 3540 4384 auctores

1967 4432 2225 4496 fuerunt;
2267 4446 2444 4501 neque
2472 4436 2656 4483 tamen
2684 4428 2830 4483 ullus
2878 4426 3007 4480 talia
3059 4423 3302 4479 edidisse
3333 4420 3537 4475 scribi-

274 4524 391 4581 Εἶτ’
438 4527 732 4600 ἐπειδήπερ
773 4531 957 4584 πολλοὶ
1001 4533 1277 4604 προφῆται
1325 4533 1433 4605 πρὸ
1474 4531 1567 4585 τοῦ
1612 4533 1862 4603 Σωτῆρος

1972 4534 2076 4590 tur,
2099 4525 2282 4595 qualia
2331 4524 2386 4577 in
2444 4520 2753 4591 Evangeliis
2801 4517 3050 4572 Salvator
3097 4525 3282 4569 noster
3341 4511 3539 4568 iecisse

274 4619 434 4692 ἡμῶν
465 4621 779 4692 παραδόξων
829 4623 1005 4695 ἔργων
1031 4625 1287 4694 γεγόνασι
1319 4625 1563 4696 ποιηταὶ,
1601 4625 1771 4687 οὐδεὶς
1808 4624 1863 4676 δὲ

273 4711 497 4766 πώποτε
528 4715 750 4768 τοιαῦτα
783 4716 992 4786 πράξας
1028 4718 1461 4788 ἀναγέγραπται,
1493 4720 1650 4771 ὁποῖα
1671 4719 1727 4770 ἐν
1750 4719 1862 4777 τοῖς

273 4805 626 4873 Εὐαγγελίοις
653 4806 746 4859 τοῦ
778 4808 1030 4879 Σωτῆρος
1062 4810 1219 4880 ἡμῶν
1252 4811 1568 4882 ἐμφέρεται,
1594 4811 1688 4863 καὶ
1706 4811 1863 4861 όποῖα

272 4896 544 4951 δέδεικται
584 4897 671 4951 διὰ
698 4902 799 4970 τῆς
840 4899 948 4952 τῶν
983 4900 1150 4953 ἐθνῶν
1188 4901 1444 4955 ἁπάντων
1489 4900 1857 4972 ἐπιστροφῆς·

275 4982 366 5034 διὰ
389 4988 545 5042 τοῦτο
566 4990 818 5058 λέγεσθαι
859 4992 952 5044 καὶ
980 4993 1063 5055 τὸ,
1104 4996 1225 5047 Οὐκ
1260 4996 1393 5048 ἐστι
1424 4992 1574 5047 κατὰ
1616 4996 1688 5047 τὰ
1716 4993 1862 5062 ἔργα

275 5088 419 5127 σου.
454 5074 564 5125 Καῖι
590 5084 715 5134 ποῖα
746 5082 882 5152 ἔργα
909 5083 1151 5137 διδάσκει
1178 5084 1350 5152 λέγων
1379 5083 1504 5153 ἑξῆς
1526 5100 1539 5113 ·
1562 5082 1767 5136 Πάντα
1788 5081 1861 5135 τὰ

274 5167 423 5233 ἔθνη
452 5164 529 5218 ὅσ
530 5182 568 5217 α
591 5166 878 5233 ἐποίησας
923 5174 1144 5242 ἥξουσι
1184 5175 1282 5227 καὶ
1319 5172 1860 5242 προσκυνήσουσιν

273 5257 535 5311 ἐνώπιόν
568 5274 702 5312 σου.
749 5258 875 5310 Ἐὰν
917 5258 974 5310 δὲ
1024 5266 1345 5329 ἐπιφέρηται
1378 5266 1459 5331 τὸ,
1502 5265 1586 5319 Σὺ
1615 5261 1673 5318 εἷ
1714 5264 1859 5329 Θεὸς

268 5350 480 5418 μόνος,
522 5347 615 5401 καὶ
652 5346 811 5400 τοῦτο
842 5348 1173 5419 ὲφαρμόσεις
1199 5349 1277 5419 τῷ
1316 5351 1546 5423 Σωτῆρι,
1591 5354 1858 5425 παραθεὶς

270 5441 357 5506 τὸ,
397 5443 520 5494 Οὐκ
550 5440 719 5493 ἐστιν
753 5440 952 5510 ὅμοιός
984 5455 1084 5493 σοι
1126 5441 1195 5492 ἐν
1222 5442 1396 5508 θεοῖς,
1426 5446 1634 5512 Κύριε·
1667 5446 1855 5517 ὥσπερ
1900 5478 1903 5479 ν

272 5536 386 5607 γὰρ
410 5535 502 5586 ἐπὶ
540 5533 818 5605 συγκρίσει
854 5531 962 5585 τῶν
992 5532 1360 5586 ἁποδοθέντων
1389 5535 1526 5588 θεῶν
1571 5539 1669 5590 οὐκ
1710 5538 1856 5590 ἔστιν

271 5626 459 5699 ὅμοιός
494 5642 593 5689 σοι,
622 5624 790 5687 οὕτως
812 5625 871 5676 ἐν
894 5622 1189 5694 παραθέσει
1219 5624 1325 5676 τῶν
1359 5625 1533 5679 αὐτῶν
1561 5628 1623 5681 σὺ
1652 5622 1703 5681 εἴ
1724 5628 1855 5692 Θεὸς

350 5809 393 5839 θ’
434 5806 580 5862 Psal.
614 5822 797 5867 Lxxn,
834 5805 886 5861 6.
963 5806 1006 5837 '°
1049 5804 1065 5857 l
1098 5804 1221 5859 Cor.
1261 5821 1359 5857 vm
1383 5845 1397 5869 ,
1427 5806 1479 5870 5,
1507 5804 1555 5858 6.

720 5903 986 5963 Ριιτιιοι.
1031 5900 1147 5961 Gn.
1196 5900 1249 5959 Χ
1268 5901 1310 5959 Χ
1331 5900 1430 5960 ΙΙΙ.

1963 4620 2445 4673 commemoratur,
2465 4618 2519 4665 et
2543 4609 2725 4680 qualia
2749 4623 2843 4677 per
2863 4603 3103 4677 gentium
3125 4601 3539 4657 conversionem

1962 4707 2322 4770 exhibentur;
2372 4704 2580 4758 idcirco
2623 4698 2757 4754 illud
2790 4700 2953 4753 etiam
3003 4695 3208 4750 dictum
3246 4692 3438 4760 fuisse,
3467 4691 3538 4745 Et

1963 4815 2067 4851 non
2087 4806 2164 4850 est
2190 4793 2478 4850 secundum
2522 4806 2680 4860 opera
2718 4802 2830 4843 tua.
2863 4788 3121 4854 Quaenam
3147 4785 3258 4839 sint
3291 4784 3382 4838 illa
3410 4798 3539 4853 ope—

1962 4900 2045 4947 ra.
2075 4885 2179 4941 sub
2212 4884 2328 4937 haec
2359 4882 2520 4936 docet
2546 4880 2632 4935 his
2665 4867 2889 4933 verbis:
2925 4875 3116 4933 Omnes
3165 4882 3341 4945 gentes
3370 4889 3537 4944 quas-

1961 4992 2161 5048 cunque
2194 4976 2369 5044 fecisti
2414 4974 2636 5033 venient,
2668 4981 2717 5024 et
2743 4968 3041 5023 adorabunt
3066 4984 3247 5022 coram
3284 4976 3352 5024 te.
3380 4964 3537 5032 Quod

1961 5069 2010 5123 si
2060 5067 2193 5122 illud
2236 5066 2547 5135 adjiciatur,
2593 5062 2669 5116 Tu
2699 5079 2752 5117 es
2784 5061 2920 5116 Deus
2951 5060 3131 5124 solus;
3186 5060 3239 5116 id
3293 5060 3534 5130 applices

1962 5161 2257 5224 Salvatori,
2283 5162 2387 5214 hoc
2418 5159 2540 5211 item
2566 5170 2862 5226 apponens,
2903 5151 3027 5207 Non
3050 5163 3127 5207 est
3153 5152 3342 5207 similis
3371 5151 3447 5203 tui
3476 5149 3532 5200 in

1956 5254 2085 5317 diis,
2119 5254 2341 5307 Domine
2368 5268 2386 5304 :
2415 5250 2558 5306 sicut
2585 5250 2729 5304 enim
2758 5249 2803 5303 si
2835 5255 2888 5302 te
2918 5261 3043 5301 cum
3085 5242 3394 5300 memoratis
3426 5239 3530 5294 diis

1958 5360 2362 5416 comparemus,
2397 5357 2504 5396 non
2540 5348 2623 5396 est
2646 5339 2840 5396 similis
2873 5339 2948 5392 tui
2976 5356 2991 5406 ;
3023 5340 3101 5392 sic
3126 5336 3171 5391 si
3202 5345 3255 5388 te
3276 5334 3530 5389 confera-

1958 5453 2081 5492 mus
2105 5452 2228 5490 cum
2261 5434 2475 5496 iisdem,
2510 5438 2569 5485 tu
2624 5445 2683 5485 es
2718 5428 2862 5484 Deus
2914 5429 3086 5483 solus.
3129 5424 3407 5494 Siquidem
3438 5438 3531 5477 so-

1957 5530 2043 5583 lus
2072 5528 2321 5581 Salvator
2347 5532 2401 5580 et
2436 5523 2700 5579 Dominus
2748 5528 2937 5575 noster
2986 5518 3037 5572 in
3071 5515 3336 5588 principio
3364 5524 3481 5569 erat
3510 5552 3525 5577 ,

1956 5620 2049 5679 Dei
2085 5619 2318 5677 Verbum
2352 5626 2492 5684 erat,
2529 5614 2672 5687 apud
2704 5613 2878 5668 Deum
2923 5619 3061 5678 erat,
3094 5618 3146 5665 et
3198 5607 3339 5663 Deus
3369 5616 3489 5679 erat
3509 5623 3523 5641 ’

3216 5878 3291 5937 33
