4004 6526
592 336 623 390 1
634 334 741 389 055

592 454 949 527 quamobrem
982 470 1087 509 non
1139 464 1223 512 est
1272 458 1469 512 similis
1502 458 1602 529 ipsi
1654 460 1708 513 in
1742 460 1869 523 diis,
1903 474 1965 513 ac
2018 461 2169 515 solus

582 550 716 618 ipse
739 549 894 616 quasi
924 548 977 602 in
1014 549 1120 603 diis
1152 549 1292 604 Deus
1317 550 1505 615 fuerit;
1558 568 1681 605 cum
1712 553 1893 607 nullus
1926 568 1989 606 ex
2027 554 2160 605 mul-

592 640 670 695 tis
704 640 833 702 illis,
865 642 954 709 qui
991 641 1065 695 dii
1101 652 1395 705 vocantur,
1443 646 1848 713 comparatione
1881 645 1989 700 illis
2030 645 2169 699 Deus

596 734 701 788 dici
726 734 917 802 possit.
940 733 1094 788 Alius
1111 749 1257 798 vero,
1281 734 1403 803 quia
1420 736 1718 789 secundum
1746 737 1857 790 haec
1877 739 2057 790 omnia
2083 737 2173 790 ad-

592 825 763 893 ditur,
793 825 835 880 T
838 842 869 879 ιι
895 842 947 879 es
972 826 1108 881 Deus
1132 828 1295 888 solus,
1336 827 1532 881 dixerit
1574 828 1638 881 ad
1670 829 1885 883 Patrem
1916 838 1969 883 et
2002 827 2167 882 Deutn

596 916 971 981 universorum
991 916 1104 971 haec
1125 919 1305 971 omnia
1321 918 1373 972 in
1387 919 1634 974 oratione
1651 922 1933 975 enuntiata
1954 919 2163 975 referri:

595 1022 720 1061 nam
747 1023 839 1079 per
867 1008 987 1078 ejus
1007 1008 1208 1063 donum
1235 1016 1289 1064 et
1319 1011 1547 1080 gratiam
1569 1012 1783 1067 vacatio
1809 1015 2049 1083 gentium
2072 1027 2167 1081 per

592 1097 789 1153 Filium
813 1100 933 1170 ejus
952 1100 1093 1154 facta
1122 1108 1237 1156 est:
1271 1110 1325 1155 et
1355 1102 1472 1171 ipse
1520 1101 1624 1156 fuit
1658 1104 1897 1157 omnium
1928 1111 2163 1167 creator,

590 1192 844 1247 conditor
867 1200 919 1248 et
937 1193 1140 1263 opifex,
1166 1193 1256 1263 qui
1285 1209 1378 1263 per
1397 1192 1593 1249 Filium
1610 1196 1874 1258 condidit,
1900 1204 2012 1249 tum
2044 1210 2165 1266 qua:

592 1286 645 1339 in
690 1284 853 1348 ccelo,
889 1292 1002 1339 tum
1032 1286 1231 1354 quagin
1263 1298 1408 1340 terra
1461 1298 1626 1341 sunt:
1662 1287 1776 1356 ipse
1816 1303 2034 1358 quoque
2069 1304 2165 1359 per

593 1376 788 1430 Filium
821 1376 1089 1431 mirabilia
1138 1377 1321 1431 omnia
1372 1376 1499 1433 fecit
1525 1419 1540 1439 ,
1582 1387 1694 1433 tum
1738 1396 1858 1449 qua:
1897 1380 1950 1435 in
1988 1379 2161 1436 Veteri

587 1466 942 1523 Testamento
975 1477 1336 1533 enarrantur,
1381 1478 1495 1523 tum
1525 1487 1646 1541 qua:
1690 1472 1742 1526 iu
1774 1472 1922 1528 Novo
1949 1472 2161 1527 descri-

590 1558 826 1625 buntur;
857 1558 1088 1629 ideoque
1110 1560 1242 1625 dici,
1272 1591 1341 1600 —
1374 1560 1539 1617 Vens.
1593 1563 1679 1617 10.
1721 1562 1843 1618 Νοη
1870 1574 1946 1618 est
1984 1582 2163 1619 secun-

566 1652 713 1703 dum
748 1666 946 1717 opera;
977 1664 1052 1715 et,
1095 1651 1323 1723 Magnus
1352 1670 1406 1708 es
1448 1664 1525 1719 tu,
1552 1665 1603 1708 et
1623 1655 1822 1724 faciens
1858 1656 2157 1720 mirabilia,

588 1754 645 1797 tu
675 1761 729 1798 es
766 1744 901 1798 Deus
931 1746 1098 1801 solus.
1128 1744 1259 1799 Illud
1293 1754 1472 1801 autem
1498 1786 1515 1812 ,
1560 1762 1705 1801 satus
1730 1788 1744 1810 ,
1795 1763 1823 1800 a
1876 1746 2159 1805 Srtlvatore

586 1851 804 1905 quoque
832 1847 1021 1890 nostro
1047 1836 1113 1889 ad
1137 1835 1353 1892 Patrem
1382 1837 1589 1891 dictum
1643 1838 1743 1891 fuit
1789 1836 1849 1893 in
1893 1841 1985 1893 illo
2005 1880 2019 1903 ,
2090 1840 2157 1894 Ut

564 1938 901 1999 cognoscant
930 1939 976 1983 te
1008 1929 1179 1982 solum
1214 1945 1390 1983 verum
1414 1928 1581 1983 Deum
1609 1931 1674 1983 ⁷¹.
1725 1929 1991 1997 Quoniam
2029 1948 2159 1987 vero

584 2034 826 2094 paterna:
858 2024 1076 2080 deitatis
1112 2025 1385 2095 particeps
1406 2030 1491 2079 est
1521 2022 1716 2087 Filius,
1752 2040 1876 2078 cum
1908 2025 1978 2079 sit
2008 2024 2156 2094 ejus-

583 2117 707 2171 dem
738 2119 890 2189 regni
920 2133 1176 2183 consors,
1209 2125 1395 2187 utpote
1453 2116 1768 2187 unigenitus
1799 2116 1971 2171 Filius
1994 2156 2010 2179 ,
2063 2116 2155 2172 Dei

585 2206 855 2272 Verbum,
898 2218 951 2264 et
992 2208 1083 2265 Dei
1116 2210 1420 2280 sapientia;
1483 2210 1607 2279 jure
1649 2217 1701 2262 et
1756 2210 1874 2279 ipse
1906 2211 2157 2278 praesenti

583 2302 865 2372 theologia:
896 2310 1251 2357 aeceuseatur
1268 2318 1375 2373 qua
1400 2302 1514 2357 hate
1543 2303 1823 2364 docemur,
1851 2302 1992 2355 inter
2020 2301 2155 2356 mul-

584 2396 670 2445 tos
702 2391 827 2446 illos
852 2391 945 2461 qui
983 2390 1055 2444 dii
1091 2400 1357 2445 vocantur
1402 2406 1511 2445 non
1568 2406 1690 2447 esse
1730 2388 2037 2461 quempiam
2080 2392 2155 2447 si-

582 2480 768 2535 milem
811 2479 922 2535 Deo
951 2481 1369 2537 universorum:
1407 2497 1534 2535 nam
1579 2482 1632 2535 in
1663 2496 1772 2535 uno
1812 2482 1930 2536 solo
1962 2483 2153 2551 unige-

579 2571 701 2625 nito
729 2570 849 2640 ejus
882 2571 1057 2626 Verbo
1080 2612 1095 2636 ,
1124 2571 1302 2628 Patris
1331 2570 1630 2627 similitudo
1672 2579 1942 2627 servatur.
1970 2572 2151 2639 Quare

579 2659 761 2731 imago
782 2661 875 2718 Dei
900 2674 1146 2733 vocatur,
1169 2669 1243 2725 et,
1269 2661 1409 2717 Deus
1438 2673 1551 2717 erat
1590 2662 1811 2716 Verbum
1839 2664 1917 2727 7’;
1970 2664 2041 2718 ita
2090 2671 2149 2717 ut

576 2753 636 2807 in
685 2755 804 2824 ipso
856 2756 974 2811 solo
1026 2756 1201 2811 Patris
1252 2756 1552 2810 similitudo
1600 2766 1993 2821 conservetur,
2054 2757 2148 2811 sed

576 2857 688 2896 non
717 2844 767 2897 in
805 2845 912 2899 illis
945 2846 1128 2901 multis
1151 2846 1277 2900 diis.

556 2936 750 3000 ηζεται.
786 2940 878 2992 Διὸ
924 2940 1019 2993 καὶ
1062 2938 1224 2994 εἰκὼν
1276 2939 1601 3011 χρηματίζει
1650 2940 1805 3004 Θεοῦ,
1851 2942 1966 3006 καὶ,
2015 2939 2157 3006 Θεὸς

573 3028 790 3100 Πατρὺς
838 3028 1115 3095 ὁμοίωσιν,
1173 3029 1355 3082 οὐκέτι
1408 3030 1465 3082 δὲ
1526 3032 1620 3084 καί
1663 3031 1720 3084 ὲν
1774 3034 1887 3096 τοῖς
1930 3032 2146 3095 πολλοῖς

647 3141 810 3197 Vens.
838 3142 919 3195 Η.
943 3140 1118 3197 Dednc
1145 3159 1244 3205 me,
1280 3143 1522 3207 Domine,
1558 3148 1612 3199 in
1641 3148 1723 3201 via
1745 3159 1857 3215 tua,
1898 3160 1947 3204 et
1981 3151 2147 3219 ingre-

572 3228 697 3284 diar
737 3232 790 3283 in
832 3233 1050 3285 veritate
1094 3243 1222 3296 tua.
1268 3241 1476 3290 la'lt'tur
1525 3254 1618 3292 cor
1667 3254 1836 3295 meum
1872 3252 1928 3296 ut
1967 3242 2146 3296 timeat

575 3337 761 3374 nomen
783 3331 949 3376 tuum.
999 3321 1075 3378 Ne
1100 3324 1417 3381 aberremus
1458 3344 1487 3382 a
1518 3331 1745 3387 veritate
1774 3333 1888 3399 Dei,
1922 3334 2149 3391 ductore

570 3423 799 3480 egemus
824 3430 837 3463 :
877 3426 1046 3481 quare
1075 3412 1269 3483 Aquila
1290 3455 1306 3479 ,
1339 3413 1619 3480 litamina,
1648 3418 1847 3489 inquit,
1883 3437 1963 3474 me
1984 3422 2038 3474 in
2062 3423 2147 3475 via

574 3508 687 3566 tua,
714 3499 955 3561 Domine,
990 3503 1273 3558 ambulabo
1307 3507 1360 3559 in
1382 3508 1600 3563 veritate
1622 3520 1751 3574 tua;
1785 3511 2146 3583 Symmachus

571 3606 723 3653 vero,
754 3590 980 3646 Ostende
1021 3595 1182 3658 mihi,
1232 3594 1491 3663 Domine,
1530 3599 1668 3653 viam
1701 3610 1879 3663 tuam,
1939 3612 1996 3655 nt
2044 3604 2146 3657 iter

570 3680 768 3751 faciam
797 3683 849 3736 in
880 3684 1095 3739 veritate
1128 3694 1239 3741 tua.
1274 3686 1514 3743 Rursum
1546 3690 1672 3744 item
1698 3706 1798 3761 pro
1826 3692 1939 3756 illo,
1978 3693 2145 3748 Litte—

570 3782 660 3833 tur
692 3788 775 3828 cor
819 3792 1011 3840 meum,
1045 3786 1101 3829 ut
1120 3778 1312 3833 timeat
1340 3797 1527 3834 nomen
1556 3791 1703 3836 tuum
1726 3823 1740 3847 ,
1764 3783 1961 3854 Aquila
1987 3786 2140 3850 dicit,

568 3865 886 3921 Solitariam
912 3869 993 3937 fac
1020 3886 1110 3923 cor
1154 3888 1349 3937 meum,
1381 3883 1440 3926 ut
1488 3875 1668 3929 timeat
1723 3894 1909 3932 nomen
1956 3889 2141 3943 tuum;

570 3954 931 4026 Symmachus
961 3973 1090 4012 vero
1111 3998 1127 4021 ,
1164 3958 1324 4013 Unito
1355 3977 1447 4013 cor
1480 3978 1650 4015 meum
1687 3964 1740 4017 in
1773 3966 2013 4020 timorem
2046 3983 2142 4020 no-

566 4040 723 4092 minis
754 4042 848 4095 tui.
878 4070 947 4079 -—
977 4039 1141 4096 Vsus.
1202 4042 1290 4099 12.
1355 4044 1657 4114 Conﬁtebor
1704 4049 1840 4117 tibi,
1888 4051 2136 4117 Domine,

567 4127 704 4182 Deus
736 4147 900 4193 meus,
931 4131 986 4184 in
1012 4141 1119 4185 toto
1153 4134 1307 4189 corde
1343 4153 1478 4203 meo,
1507 4147 1557 4192 et
1601 4140 1909 4211 gloriﬁcabo
1951 4160 2139 4198 nomen

564 4230 713 4273 mum
766 4223 818 4275 in
876 4232 1151 4278 mternum.
1190 4225 1327 4280 Cum
1376 4230 1546 4284 multa
1598 4233 1651 4285 in
1705 4234 2137 4302 praecedentibus

561 4311 705 4366 bona
736 4313 984 4378 dixisset,
1034 4318 1435 4373 confessionem
1466 4324 1675 4391 peccati
1708 4326 1793 4380 sui
1824 4329 2136 4383 necessario

560 4409 784 4455 revocat
839 4403 896 4456 in
958 4406 1312 4473 memoriam,
1358 4416 1419 4461 ut
1470 4424 1539 4464 ne
1578 4426 1653 4465 ex
1712 4426 1975 4469 concessa
2029 4415 2133 4470 sibi

557 4494 752 4559 venia,
805 4502 859 4549 et
891 4510 956 4549 ex
987 4497 1198 4553 collatis
1228 4499 1332 4553 sibi
1384 4509 1506 4570 post
1557 4504 1939 4560 remissionem
2007 4524 2132 4562 mu-

556 4587 820 4651 neribus,
883 4590 1102 4645 mollius
1160 4594 1492 4663 segniusque
1553 4598 1761 4652 versari
1828 4599 2129 4656 videretur.

555 4676 690 4734 Sese
742 4680 911 4750 igitur
940 4682 1057 4751 ipse
1087 4685 1249 4737 vertit
1281 4694 1334 4739 et
1383 4698 1725 4754 commovet,
1784 4708 1850 4745 ac
1918 4694 2129 4764 peccati

526 4767 641 4820 "sui
703 4770 1023 4823 memoriam
1086 4774 1337 4842 repetit;
1411 4786 1469 4830 ut
1531 4778 1658 4833 hinc
1727 4783 1935 4848 majore
1998 4799 2127 4854 erga

482 4854 723 4909 Deum
757 4860 1053 4927 gratiarum
1105 4864 1319 4927 actione
1367 4876 1566 4922 utatur.
1616 4868 1990 4935 Quamobrem
2025 4875 2122 4938 ait,

544 4944 856 5015 Conﬁtebor
885 4950 1018 5015 tibi;
1050 4967 1113 5006 ac
1162 4957 1404 5025 subjicit,
1437 4958 1642 5015 Emisti
1676 4964 1912 5017 animam
1957 4982 2127 5019 meam

541 5051 617 5089 ex
654 5039 860 5107 inferno
905 5042 1164 5111 inferiari.
1219 5046 1353 5101 Nam
1410 5061 1695 5120 peccatum
1746 5056 1979 5111 mortale
2020 5057 2128 5110 hu—

542 5123 789 5193 iusmodi
840 5140 924 5186 est
949 5172 964 5195 ,
988 5142 1056 5187 aut
1091 5137 1143 5189 in
1176 5129 1664 5207 profundissimum
1712 5144 1911 5201 inferni
1944 5147 2128 5201 detra-

554 5220 668 5277 hat.
702 5222 838 5276 Cum
899 5228 1042 5281 enim
1102 5233 1270 5286 multa
1324 5234 1437 5289 sint
1488 5246 1837 5306 peccatorum
1893 5256 2116 5310 genera,

551 5311 804 5378 videntur
829 5317 932 5371 alia
958 5320 1024 5373 ad
1054 5325 1397 5392 superficiem
1431 5328 1627 5384 inferni
1659 5331 1896 5396 deferre,
1921 5334 2025 5387 alia
2045 5335 2123 5389 ad

551 5403 816 5471 infimum,
854 5411 990 5475 sive,
1032 5420 1091 5466 ut
1124 5417 1248 5485 quis
1278 5418 1495 5483 dixerit,
1548 5423 1615 5477 ad
1663 5424 1841 5494 ipsum
1891 5426 2123 5495 profun-

548 5496 699 5560 dum,
735 5499 802 5554 de
851 5518 961 5571 quo
1016 5504 1224 5563 fertur:
1289 5510 1396 5565 Via:
1426 5513 1526 5566 viri
1569 5531 1686 5584 ante
1735 5515 1977 5571 videntur
2009 5534 2123 5572 esse

548 5599 724 5655 rectm,
752 5601 1016 5659 postrema
1046 5607 1221 5652 autem
1254 5617 1438 5655 earum
1478 5606 1762 5674 respiciunt
1811 5608 1864 5661 in
1894 5610 2117 5679 profun-

616 5747 657 5777 "
696 5745 855 5803 Joan.
896 5766 1037 5823 xvu,
1078 5754 1131 5809 5.
1215 5757 1258 5789 "
1293 5756 1448 5814 Joan.
1491 5777 1534 5827 ι,
1576 5763 1620 5819 Ι.

1289 339 1555 395 EUSEBII
1595 338 2071 394 CASSARIENSIS
2109 338 2259 393 OPP.
2304 337 2483 392 PARS
2517 337 2602 393 Ill.
2648 368 2716 376 -—
2752 336 3169 392 EXEGETICA.

3679 339 3788 395 ίθὸὕ

2199 467 2240 523 Α
2274 460 2451 530 μόνος.
2506 460 2831 530 Ἐπειδήπερ
2866 439 3020 529 μόνος
3050 461 3078 517 ὁ
3102 459 3250 528 Σωτὴ
3258 477 3289 529 ρ
3323 459 3411 511 καὶ
3454 458 3640 529 Κύριος
3666 463 3794 533 ἡμῶν

2273 551 2329 602 ἐν
2354 551 2490 621 ἀρχῇ
2520 546 2607 620 ἦν,
2636 550 2729 601 καὶ
2749 548 2884 601 θεοῦ
2912 549 3080 617 Λόγος
3100 546 3187 620 ἦν,
3210 550 3303 603 καὶ
3325 550 3455 621 πρὸς
3481 551 3568 603 τὸν
3586 551 3703 604 Θεὸν
3723 550 3792 625 ἦν.

2272 642 2364 695 καὶ
2395 640 2525 704 Θεὸς
2553 636 2620 711 ἦν
2639 658 2653 671 ο
2687 640 2874 711 διόπερ
2898 641 2995 694 ούκ
3026 640 3170 694 ἔστιν
3198 643 3377 712 ὅμοιος
3404 641 3549 711 αύτῷ
3580 643 3631 694 ὲν
3661 643 3791 709 050a,”,

2272 734 2364 787 καὶ
2397 733 2554 804 μόνος
2582 735 2743 797 αὐτὸς
2770 734 2845 797 ὡς
2864 736 2920 786 ὲν
2949 734 3089 799 θεοῖς
3118 736 3201 805 εἴη
3226 735 3289 788 ἀν
3319 734 3467 800 Θεὸς,
3495 736 3688 799 οὐδενὸς
3710 738 3795 791 τῶν

2269 822 2573 893 λεγομένων
2596 824 2803 877 πολλῶν
2831 824 2966 878 Θεῶν
2991 826 3047 879 ὲν
3075 828 3142 896 τῇ
3179 824 3340 877 αὑτοῦ
3366 824 3650 897 παραθέσει
3670 827 3795 880 δυνα-

2272 916 2435 983 μένου
2475 914 2830 985 χρηματίζειν
2859 914 3016 969 Θεοῦ.
3052 915 3242 978 Ἀλλος
3264 915 3321 968 δὲ
3357 915 3441 968 διὰ
3476 915 3536 969 τὸ
3579 918 3792 986 ἐπιφέρε-

2270 1008 2392 1063 σθαι
2422 1010 2554 1063 πᾶσι
2593 1008 2802 1073 τούτοις
2832 1009 2912 1072 τὺ,
2946 1010 3025 1063 ὅτι
3059 1010 3143 1063 Σὺ
3176 1009 3233 1063 εἷ
3264 1008 3406 1077 Θεὸς
3437 1011 3640 1079 μόνος,
3679 1010 3793 1063 εἴποι

2269 1101 2334 1154 ἂν
2364 1102 2496 1173 πρὸς
2518 1101 2605 1155 τὸν
2630 1101 2845 1173 Πατέρα
2867 1102 2957 1155 καὶ
2973 1102 3101 1155 Θεὸν
3129 1101 3235 1155 τῶν
3260 1101 3392 1155 ὅλων
3416 1100 3486 1153 τά
3509 1101 3794 1172 προκείμενα

2268 1192 2443 1246 πάντα
2476 1193 2564 1246 διὰ
2606 1193 2706 1263 τῆς
2737 1193 2899 1265 εὐχῆς
2944 1192 3392 1263 ἀναπέμπεσθαιο
3423 1196 3490 1263 τῇ
3532 1192 3634 1262 γὰρ
3664 1192 3793 1245 αὑτοῦ

2264 1285 2441 1356 δωρεᾷ
2456 1285 2547 1338 καὶ
2563 1285 2744 1357 χάριτι
2772 1288 2804 1356 ἡ
2834 1285 3025 1354 κλῆσις
3042 1285 3148 1337 τῶν
3175 1284 3342 1338 ἐθνῶν
3368 1284 3457 1337 διὰ
3475 1284 3568 1336 τοῦ
3593 1284 3707 1337 Υἰού
3728 1285 3795 1336 αἱ·

2262 1375 2357 1429 τοῦ
2384 1375 2571 1444 γέγονε
2593 1393 2607 1406 ’
2635 1376 2730 1429 καὶ
2752 1375 2911 1437 αὐτὸς
2937 1370 3003 1446 ἦν
3032 1376 3059 1427 ὁ
3083 1374 3191 1427 τῶν
3215 1374 3349 1430 ὅλων
3382 1373 3601 1443 κτίστης
3631 1375 3710 1426 καὶ
3724 1373 3795 1442 δη-

2265 1470 2522 1540 μιουργὸς
2551 1470 2644 1522 καὶ
2667 1468 2894 1539 ποιητὴς
2923 1467 3011 1523 διὰ
3044 1470 3136 1521 τοῦ
3170 1466 3295 1520 Υίοῦ
3327 1469 3395 1522 τὰ
3428 1466 3601 1521 πάντα
3632 1484 3791 1536 συστη-

2264 1562 2513 1631 σάμενος,
2549 1562 2617 1615 τά
2640 1577 2699 1613 τε
2746 1561 2803 1613 ὲν
2831 1560 3042 1632 οὐρανῷ
3080 1560 3171 1614 καὶ
3204 1560 3273 1613 τά
3313 1561 3405 1613 ἐπὶ
3436 1561 3536 1631 τῆς
3566 1560 3661 1629 γῆς
3680 1577 3692 1589 ·
3722 1562 3792 1612 καὶ

2261 1655 2422 1717 αὐτὸς
2453 1650 2518 1725 ἦν
2547 1655 2575 1707 ὁ
2608 1654 2783 1707 πάντα
2817 1652 3308 1724 θαυματουργήσας
3347 1651 3437 1705 διὰ
3468 1651 3559 1705 τοῦ
3590 1651 3719 1714 Υίοῦ,
3741 1652 3791 1704 τά

2258 1764 2318 1799 τε
2349 1747 2490 1800 κατὰ
2516 1746 2613 1817 τὴν
2646 1744 2887 1799 Παλαιὰν
2922 1744 3195 1816 Διαθήκην
3246 1743 3617 1816 ἱστορούμενα,
3643 1745 3785 1795 καὶτᾶ

2193 1809 2231 1861 Β
2261 1842 2318 1893 ὲν
2342 1842 2408 1910 τῇ
2428 1809 2599 1911 Καινῇ
2624 1809 3110 1910 ἀναγεγραμμένα·
3136 1809 3215 1891 διὸ
3243 1809 3519 1906 λέγε-σθαι,
3552 1838 3661 1890 Οὐκ
3688 1835 3787 1889 ἔστι

2262 1930 2412 1984 κατὰ
2453 1930 2526 1983 τὰ
2559 1931 2703 2000 ἔργα
2731 1946 2877 1984 σου·
2907 1931 3022 1992 καὶ,
3065 1928 3266 1997 Μέγας
3298 1929 3355 1982 ετ
3378 1928 3483 1993 σὺ,
3513 1928 3605 1981 καὶ
3643 1925 3788 1979 ποιῶν

2262 2021 2578 2090 θαυμάσια,
2609 2022 2691 2075 σὺ
2712 2018 2769 2075 εἷ
2788 2024 2820 2075 d
2853 2021 2995 2087 Θεὸς
3010 2022 3214 2090 μόνος.
3247 2020 3319 2073 Τὸ
3348 2021 3425 2083 δὲ,
3458 2021 3650 2088 μόνος,
3674 2017 3787 2089 εἴρη-

2259 2129 2348 2166 ται
2382 2113 2473 2165 καὶ
2507 2112 2609 2166 ὑπὸ
2640 2112 2732 2167 τοῦ
2762 2113 3012 2185 Σωτῆρος
3041 2113 3197 2185 ἡμῶν
3228 2113 3365 2184 πρὸς
3413 2112 3503 2166 τὸν
3536 2111 3725 2182 Πατέρα
3746 2111 3785 2159 ἐν

2258 2202 2358 2273 τῷ,
2394 2204 2525 2257 Ἵνα
2549 2202 2887 2273 γινώσκωσι
2910 2220 2983 2258 σε
3013 2206 3118 2257 τὸν
3135 2205 3326 2272 μόνον
3351 2202 3636 2270 ἀληθινὸν
3653 2201 3783 2253 Θεόν.

2273 2295 2422 2348 Ἐπεὶ
2453 2296 2511 2348 δὲ
2543 2294 2640 2364 τῆς
2672 2295 2764 2349 τοῦ
2788 2297 2998 2366 Πατρὸς
3030 2295 3280 2365 θεότητος
3312 2295 3568 2354 κοινωνὸς
3598 2292 3783 2359 {animi

2258 2388 2287 2439 ὁ
2316 2387 2460 2451 Υἱὸς,
2494 2389 2593 2457 τῆς
2622 2386 2789 2457 αὐτῆς
2843 2386 3067 2457 μέτοχος
3110 2386 3185 2438 ῶν
3218 2386 3513 2455 βασιλείας,
3546 2384 3632 2437 ἆτε
3659 2398 3780 2453 μονο-

2257 2480 2419 2551 γενὴς
2448 2479 2573 2543 Υἱὸς
2600 2478 2674 2532 ὢν
2704 2479 2795 2533 καὶ
2820 2478 2955 2533 Θεοῦ
2988 2480 3182 2547 Λόγος,
3209 2479 3303 2531 καὶ
3323 2478 3462 2531 Θεοῦ
3491 2478 3654 2545 σοφία,
3675 2476 3781 2527 εἰκό-

2256 2588 2363 2634 τως
2385 2570 2449 2624 ἆν
2482 2571 2830 2639 καταλέγοιτο
2867 2573 2959 2626 καὶ
2986 2571 3147 2634 αὐτὸς
3184 2574 3249 2641 τῇ
3290 2570 3542 2642 παρούσῃ
3582 2566 3777 2635 θεολογέι

2255 2662 2597 2737 διδασκούσῃ,
2633 2665 2710 2717 ὅτι
2742 2665 2838 2717 ούκ
2860 2664 3003 2719 ἐστιν
3034 2665 3216 2735 ὅμοιος
3246 2664 3324 2732 τῷ
3349 2663 3446 2716 ἐπὶ
3472 2663 3668 2715 πάντων
3691 2656 3778 2726 Θεῷ

2256 2756 2314 2807 ὲν
2342 2758 2453 2819 τοῖς
2473 2755 2683 2819 πολλοῖς
2710 2756 3125 2828 ὀνομαζομένοις
3152 2755 3290 2819 θεοῖς
3308 2773 3322 2783 ⁸
3350 2759 3411 2809 ὲν
3440 2756 3521 2811 ἑνὶ
3548 2756 3645 2825 γὰρ
3670 2752 3776 2824 μόνῳ

2254 2844 2331 2916 τῷ
2353 2849 2627 2916 μονογενεῖ
2643 2846 2805 2900 αὑτοῦ
2832 2847 2989 2918 Λόγῳ
3023 2849 3056 2919 ἡ
3088 2847 3180 2900 τοῦ
3206 2848 3420 2919 Πατρὸς
3449 2847 3679 2919 ὁμοιότης
3702 2844 3775 2895 σά-

2192 2936 2270 3011 ἦν
2303 2942 2513 3012 Λόγος.
2580 2942 2656 3005 ὼς
2694 2943 2751 2995 ὲν
2782 2941 2927 3013 αὒτῷ
2959 2942 3056 3012 μὲν
3104 2942 3371 3007 σώζεσθαι
3424 2943 3567 3015 μόνῳ
3587 2941 3667 3011 τὴν
3705 2936 3772 2991 τοῦ

2180 3030 2340 3095 θεοῖς.

2173 3163 2215 3217 c
2330 3147 2669 3219 Ὀδήγησόν
2687 3167 2781 3219 με,
2817 3153 3010 3220 Κύριε,
3041 3154 3111 3205 ἐν
3165 3151 3240 3220 τῇ
3277 3150 3398 3217 ὁδῷ
3429 3167 3563 3215 σου.
3590 3150 3673 3204 καὶ
3696 3164 3773 3199 αο-

2240 3239 2532 3307 ρεύσομαι
2568 3238 2641 3307 τῇ
2682 3241 2933 3308 ἀληθείᾳ
2965 3256 3102 3304 σου,
3124 3240 3513 3309 εὐφρανθήτω
3547 3240 3582 3307 ἡ
3610 3236 3770 3305 καρδία

2240 3348 2359 3401 μου
2387 3330 2494 3384 τοῦ
2530 3330 2833 3399 φοϐεῖσθαι
2865 3332 2931 3385 τὸ
2974 3331 3160 3401 ὄνομὰ
3197 3348 3335 3385 σου.
3368 3332 3463 3391 Εἰς
3491 3332 3548 3385 τὸ
3579 3333 3641 3403 μὴ
3670 3331 3767 3383 ἀπο-

2249 3423 2515 3495 σφαλῆναι
2539 3424 2635 3496 τῆς
2662 3424 2919 3496 ἀληθείας
2960 3423 3116 3486 Θεοῦ,
3158 3424 3399 3495 ποδηγοῦ
3426 3424 3667 3495 δεόμεθαυ
3692 3420 3767 3473 διό-

2247 3533 2352 3587 περ
2398 3517 2426 3569 ό
2462 3519 2558 3588 μὲν
2603 3518 2853 3582 Ἀκύλας,
2896 3516 3163 3570 Φώτισόν
3186 3534 3280 3586 με,
3317 3520 3478 3589 φησὶ,
3509 3520 3681 3584 Κύριε.
3713 3510 3763 3575 τῦ

2245 3607 2363 3673 ὀδῷ
2395 3625 2531 3673 σου,
2568 3610 2951 3679 περιπατήσω
2987 3611 3058 3662 ἐν
3083 3612 3331 3679 ἀληθείᾳ
3358 3629 3476 3665 σου
3495 3630 3507 3643 υ
3541 3613 3567 3664 ὁ
3594 3610 3641 3662 δὲ
3664 3605 3763 3669 Σῦμ·

2248 3716 2438 3769 μαχος,
2485 3700 2832 3763 ’Υπόδειεόν
2866 3720 2987 3772 μοι,
3020 3704 3214 3769 Κύριε,
3244 3702 3362 3771 τὴν
3397 3704 3538 3757 ὀδόν
3560 3695 3761 3760 cretum

2244 3790 2474 3845 ὀδεύσω
2507 3790 2581 3860 τῇ
2609 3794 2858 3862 ἀληθείᾳ
2899 3810 3035 3849 σου.
3067 3794 3171 3849 Καὶ
3200 3794 3367 3849 πάλιν
3408 3795 3527 3849 ἀντὶ
3558 3790 3653 3847 τοῦ,
3677 3785 3757 3837 εὖ·

2241 3881 2555 3951 φρανθῆτω
2600 3884 2638 3950 ἢ
2669 3884 2883 3951 καρδία
2906 3904 3024 3955 μου
3054 3884 3158 3939 τοῦ
3184 3886 3494 3955 φοϐεῖσθαι
3527 3880 3586 3933 τὸ
3621 3872 3755 3941 ὄνομιὶ

2241 3994 2377 4043 σου,
2401 3980 2430 4032 ὁ
2461 3980 2559 4050 μὲν
2591 3980 2820 4045 Ἀκύλας
2842 3982 2973 4052 φησί
2993 3999 3005 4011 ο
3037 3981 3413 4050 Μονάχωσον
3433 3977 3544 4045 τὴν
3565 3970 3755 4038 καρδίαν

2235 4088 2354 4141 μου
2383 4070 2490 4125 τοῦ
2520 4073 2825 4141 φοϐεῖσθαι
2860 4074 2924 4126 τὸ
2960 4073 3143 4144 ὄνομά
3174 4090 3290 4127 σου
3309 4090 3322 4101 ·
3359 4073 3388 4123 ὁ
3418 4071 3475 4123 δὲ
3502 4068 3751 4137 Σύμμαχος.

2242 4162 2516 4214 "Er-(odor
2535 4161 2648 4229 τὴν
2669 4163 2920 4231 καρδίαν
2938 4182 3055 4233 μου
3078 4167 3165 4229 είς
3190 4163 3379 4231 φόϐον
3404 4160 3507 4218 τοῦ
3526 4154 3753 4224 ὀνόματός

2237 4268 2374 4309 σου.
2406 4252 2954 4325 Ἐξομολογήσομαί
2983 4272 3101 4316 σοι,
3125 4257 3317 4323 Κύριε,
3348 4258 3381 4309 ὁ
3410 4254 3549 4318 Θεός
3572 4266 3684 4319 μου,
3704 4245 3751 4296 ἐν

2237 4346 2351 4415 ὅλῃ
2384 4346 2458 4415 τῇ
2490 4347 2699 4416 καρδίᾳ
2726 4366 2865 4418 μου,
2898 4349 2992 4401 καὶ
3016 4347 3255 4411 δοξάσω
3285 4347 3353 4401 τὸ
3380 4344 3558 4415 ὄνομά
3584 4359 3677 4396 σου
3692 4338 3750 4399 είς

2236 4436 2343 4487 τὸν
2374 4436 2577 4491 αἰῶνα.
2620 4438 2797 4491 Πολλὰ
2838 4438 3048 4509 χρηστα
3082 4440 3141 4490 ὲν
3169 4440 3277 4500 τοῖς
3317 4436 3611 4509 ἔμπροσθεν
3641 4432 3748 4496 εἰρη-

2167 4526 2210 4581 D
2236 4526 2369 4590 κὼς,
2404 4528 2717 4597 ἀναγκαίως
2765 4530 3027 4601 ἀναφέρει
3060 4534 3125 4602 τῇ
3176 4532 3365 4601 μνήμῃ
3404 4532 3501 4599 τὴν
3541 4526 3647 4596 περὶ
3678 4520 3747 4587 τῆς

2240 4618 2513 4688 ἁμαρτίας
2536 4616 2604 4692 ἦς
2635 4622 2882 4692 ἥμαρτεν
2904 4622 3311 4693 ἐξομολόγησιν,
3339 4623 3414 4685 ὡς
3437 4622 3500 4675 ἀν
3529 4620 3594 4689 μὴ
3613 4611 3743 4673 δοκῡέη

2236 4702 2323 4756 διὰ
2356 4706 2455 4776 τῆς
2488 4708 2928 4781 παρασχεθείσης
2964 4712 3113 4781 αὐτῷ
3144 4714 3539 4782 συγχωρήσεως
3574 4701 3743 4762 mittit:

2238 4792 2376 4861 μετά
2403 4795 2575 4849 ταῦτα
2598 4798 2984 4869 ὑπαρχθέντων
3013 4799 3158 4869 αύτῷ
3176 4839 3189 4859 ,
3221 4800 3559 4869 χαυνοῦσθαι,
3580 4794 3654 4847 καὶ
3682 4793 3743 4859 ti;-

2235 4882 2531 4957 θνμότερον
2578 4890 2958 4962 ἀναστρέφειν.
3022 4892 3365 4963 Ἐπιστρέιρει
3419 4892 3583 4943 τοέννν
3624 4882 3741 4938 αὐτὸς

2235 4976 2446 5041 ἑαυτὸν,
2473 4979 2566 5033 καὶ
2597 4983 2813 5053 μνήμην
2836 4986 3068 5037 ποιεῖται
3096 4984 3193 5054 τῆς
3216 4985 3378 5038 αὑτοῦ
3405 4981 3659 5054 ἁμαρτίας,
3678 4976 3734 5017 '4“

2228 5067 2439 5133 μείζων
2471 5070 2692 5141 γένηται
2718 5076 2750 5143 ἠ
2776 5075 2910 5146 apo;
2939 5076 3030 5129 τὸν
3063 5076 3192 5129 Θεὸν
3222 5077 3554 5146 εὐχαριστίι⁶
3579 5063 3645 5115 διά
3666 5076 3735 5125 ἓῖ⁰

2236 5174 2352 5209 σινιδ
2396 5159 2945 5231 Ἐξομολογήσομαί
2988 5181 3117 5217 σοι·
3152 5166 3245 5217 καὶ
3275 5167 3491 5222 Emi/3'3
3533 5151 3732 5218 ἐίίέσίδ

2230 5248 2348 5317 τὴν
2373 5252 2584 5321 ψυχήν
2605 5272 2724 5322 μου
2770 5256 2837 5317 ἐξ
2873 5256 3018 5313 ὁδου
3048 5250 3399 5301 κατωτάτου,
3438 5246 3495 5298 ’Π
3522 5235 3613 5311 γὰρ

2234 5340 2462 5394 θάνατον
2495 5344 2736 5411 ἁμαρτία
2764 5338 2984 5409 τοιαύτη
3026 5341 3301 5409 τυγχάνει,
3329 5342 3407 5400 εἰς
3434 5339 3517 5391 τὸν
3545 5330 3728 5388 κατώτα-

2232 5449 2322 5485 τον
2347 5432 2479 5503 ᾇδην
2506 5430 2863 5485 κατασπῶσα.
2896 5431 3111 5483 Πολλῶν
3140 5432 3246 5503 γὰρ
3273 5431 3444 5485 ούσῶν
3486 5419 3723 5496 ἁμαρτιῶν.

2229 5524 2468 5577 ἐοίκασιν
2498 5525 2553 5577 αἱ
2583 5524 2681 5593 μὲν
2711 5521 2805 5575 τοῦ
2836 5524 2961 5593 ᾆδον
2988 5526 3067 5586 είς
3094 5525 3160 5577 τὰ
3191 5524 3467 5578 ἐπιπόλαιοι
3488 5520 3659 5587 δείρειν.
3685 5506 3721 5557 αἱ

2226 5613 2281 5670 δὲ
2312 5616 2392 5680 εἰς
2422 5614 2489 5669 τὰ
2520 5613 2826 5677 κατώτατα,
2858 5616 2973 5680 καὶ,
3014 5616 3089 5683 ὡς
3126 5616 3190 5671 ἂν
3219 5618 3354 5672 εῖπω
3388 5632 3484 5678 τις.
3512 5613 3579 5673 είς
3607 5599 3721 5658 “3,75,
