4004 6538
346 320 371 372 1
384 316 488 374 05.7

340 521 554 574 κοῦσαι
615 521 778 588 ὀρθαὶ
809 517 979 580 εἶναι,
1022 521 1092 572 τὰ
1129 519 1331 588 μέντοι
1366 520 1673 573 τελευταῖα
1710 517 1909 572 αὐτῶν

337 613 551 679 βλέπει
600 615 688 677 εΙς
720 612 989 680 πυθμένα
1040 610 1207 677 ᾅδου.
1262 611 1398 663 Ἀλλ’
1443 610 1672 677 ἐκεῖθεν,
1725 611 1907 681 φησὶν,

338 705 553 779 ὲρῤύσω
593 722 679 775 με,
721 703 926 771 ἐπειδὴ
968 704 1174 774 γέγονε
1204 702 1270 755 τὸ
1301 704 1470 770 ἔλεός
1501 719 1617 758 σου
1645 703 1796 772 μέγα
1817 702 1907 754 ἐπ’

336 798 460 868 ἐμέ.
503 797 810 866 Εὑξάμενος
847 796 954 866 γὰρ
987 795 1223 866 μεγάλου
1253 798 1434 865 τυχεῖν
1475 796 1654 859 ἐλέους
1682 798 1739 848 ὲν
1765 794 1842 864 τῷ
1866 799 1910 848 ν’

336 888 556 960 ψαλμῷ,
598 890 659 942 ὲν
693 882 738 957 ᾧ
770 890 1012 960 εἴρηκεν,
1066 885 1359 953 Ἐλέησόν
1376 904 1452 957 με
1479 887 1626 940 κατά
1663 887 1728 939 τὸ
1757 885 1911 956 μέγα

337 981 512 1046 ἔλεός
539 994 677 1044 σου,
719 982 776 1034 ὲν
806 979 1010 1042 τούτοις
1055 979 1390 1049 ὁμολογεῖται
1431 979 1783 1050 τετυχηκέναι
1812 978 1909 1048 τῆς

337 1071 538 1142 εὐχῆς-⁸
565 1071 647 1126 διὸ
675 1071 768 1125 καὶ
793 1069 1195 1140 ἐξομολογεῦται
1233 1070 1331 1140 οὐχ
1360 1069 1563 1136 ἁπλῶς,
1595 1070 1710 1124 ἀλλ’
1738 1071 1794 1122 ὲν
1814 1069 1908 1138 ὅλῃ

336 1164 500 1218 αὐτοῦ
530 1167 595 1235 τῇ
651 1162 866 1234 καρδίᾳ.
912 1161 964 1214 Ὁ
1000 1159 1164 1227 θεὸς,
1204 1160 1532 1231 παράνομοι
1577 1161 1908 1229 ἐπανέστη-

312 1270 458 1309 σαν
492 1257 582 1308 ἐπ’
617 1255 753 1325 ἐμὲ,
807 1253 903 1308 καὶ
955 1252 1274 1322 συναγωγὴ
1320 1252 1612 1321 κραταιῶν
1663 1251 1910 1321 ἐζήτησε

334 1343 450 1412 τὴν
481 1344 693 1414 ψυχήν
726 1361 865 1413 μου,
897 1342 996 1396 και
1034 1345 1107 1397 οὺ
1132 1343 1410 1411 προέθετο
1430 1360 1504 1398 σε
1529 1345 1785 1398 ἐνώπιον
1807 1344 1911 1396 αὑ-

334 1435 471 1490 τῶν.
513 1437 618 1490 Καὶ
651 1436 753 1498 σὺ,
787 1437 964 1504 Κύριε
995 1439 1027 1489 ὁ
1067 1435 1231 1502 Θεὸς,
1262 1436 1575 1504 οἰκτίρμων
1603 1435 1699 1491 καὶ
1739 1435 1906 1501 eam}.

331 1545 478 1597 μων,
523 1527 902 1598 μακρόθυμος
949 1527 1046 1580 καὶ
1095 1526 1424 1593 πολυέλεος
1471 1526 1570 1580 καὶ
1604 1527 1906 1594 ἀληθινός.

333 1618 667 1674 Μεταὸαλὼν
705 1617 813 1672 ἀπὸ
849 1619 947 1690 τῆς
991 1619 1295 1690 προσευχῆς
1333 1619 1412 1681 εἰς
1439 1618 1536 1689 τὴν
1584 1619 1909 1691 ἐξομολόγη-

335 1729 438 1774 σιν,
476 1711 569 1765 καὶ
596 1710 935 1782 ὁμολογήσας
967 1709 1044 1781 τῷ
1075 1709 1192 1780 Θεῷ
1214 1710 1310 1780 τὴν
1336 1710 1514 1782 χάριν,
1542 1709 1622 1762 ὅτι
1644 1709 1910 1784 ἐρρύσατο

331 1804 430 1872 τὴν
451 1802 627 1873 ψυχὴν
655 1801 818 1855 αὑτοῦ
840 1803 900 1867 ἐξ
925 1802 1049 1874 ᾅδου
1075 1802 1408 1863 κατωτάτου,
1443 1801 1788 1870 ἀπολογεῖται
1809 1805 1907 1876 τὴν

332 1894 510 1948 αἰτίαν
539 1891 874 1962 ἐξαγορεύων
911 1893 974 1946 δι’
1006 1893 1072 1964 ἢν
1114 1893 1352 1964 ἥμαρτε,
1379 1892 1472 1946 καί
1518 1910 1701 1963 φησιν,
1735 1894 1814 1949 ὅτι
1850 1895 1908 1961 ἐξ

330 1981 623 2052 ἐπιϐουλῆς
657 1980 868 2036 πολλῶν
915 1983 1162 2054 ἀοράτων
1189 1980 1400 2054 ἐχθρῶν
1443 1982 1604 2038 τοῦτο
1650 1984 1906 2050 πέπονθε,

331 2073 712 2144 φθονησάντων
759 2073 921 2128 αὐτοῦ
942 2077 1006 2146 τῇ
1034 2073 1175 2129 κατὰ
1211 2073 1343 2126 Θεὸν
1386 2077 1653 2148 προκοπῇ.
1689 2076 1779 2128 Διό
1810 2094 1910 2149 φη-

333 2181 446 2217 σιν·
491 2166 553 2217 '0
599 2166 762 2232 Θεὸς,
809 2165 1135 2234 παράνομοι
1175 2167 1602 2234 ἐπανέστησαν
1651 2168 1743 2220 ἐπ’
1784 2168 1905 2236 ἐμέ.

329 2257 395 2309 οι
421 2257 477 2308 δὲ
510 2255 684 2310 λοιποὶ
725 2257 922 2321 πάντες
968 2257 1316 2328 ὲρμηνευταὶ,
1348 2258 1738 2326 ὑπερήφανοι,
1763 2261 1911 2331 εἰρή-

330 2363 479 2410 κασι,
511 2346 611 2408 τὰς
653 2349 916 2418 ἁοράτους
951 2349 1044 2401 καὶ
1074 2348 1455 2419 ὑπερηφάνους
1490 2349 1746 2420 δυνάμεις
1773 2353 1911 2403 αἰνι-

331 2435 570 2507 ξάμενοι.
609 2439 828 2490 Ὀποεαν
857 2439 912 2491 δὲ
944 2438 1065 2508 βίαν
1099 2437 1365 2492 πέπονθεν
1392 2440 1424 2510 ή
1452 2439 1543 2492 τοῦ
1576 2440 1734 2493 Δαυῒδ
1764 2442 1908 2514 ψυχὴ

328 2530 428 2600 οὐχ
450 2530 553 2583 ὑπὸ
589 2532 716 2600 μιᾶς
746 2530 1047 2599 δυνάμεως,
1083 2531 1195 2583 ἀλλ’
1224 2531 1328 2584 ὑπὸ
1360 2531 1640 2596 πλειόνων,
1672 2531 1908 2587 διδάσκει

327 2620 535 2690 λέγων*
571 2623 679 2676 Καὶ
716 2620 1033 2692 συναγωγὴ
1062 2622 1352 2690 κραταιῶν
1373 2639 1386 2652 ⁸
1419 2623 1452 2694 ἢ
1487 2623 1563 2688 ῶς
1585 2627 1613 2678 ὁ
1659 2625 1905 2691 Ἀκύλας,

329 2713 440 2767 Καὶ
465 2713 782 2785 συναγωγὴ
825 2713 1450 2783 κατισχυρευομένων·
1485 2715 1518 2786 ἢ
1557 2717 1632 2780 ὡς
1677 2717 1905 2788 Σύμμα-

330 2819 444 2873 χος,
477 2803 584 2855 Καὶ
636 2800 955 2871 συναγωγὴ
1011 2801 1450 2856 άνυποστάτων
1501 2803 1750 2872 ἐζήτησε
1793 2806 1908 2874 τὴν

327 2894 542 2962 ψυχήν
563 2911 703 2963 μου.
745 2893 881 2948 Ἀλλ’
911 2895 945 2964 ὴ
978 2895 1074 2964 μὲν
1106 2893 1213 2950 τῶν
1236 2893 1445 2966 ἐχθρῶν
1478 2895 1768 2968 συναγωγὴ
1789 2896 1907 2968 ἐζή-

326 3002 460 3056 τησε
488 2985 585 3056 τὴν
617 2985 794 3056 ψυχήν
829 3003 950 3055 μου,
991 2986 1064 3056 μὴ
1095 2985 1334 3057 θεμένων
1364 2985 1470 3057 πρὸ
1497 2985 1787 3056 ὀφθαλμῶν
1815 2986 1905 3040 τὸν

325 3077 481 3142 Θεὸν,
523 3078 587 3130 σὺ
617 3078 695 3142 δὲ,
737 3078 927 3150 Κύριε,
969 3080 1154 3150 φησιν,
1201 3079 1344 3152 άπερ
1393 3081 1585 3131 ἐκεῖνοι
1624 3079 1698 3150 μὴ
1734 3092 1903 3150 προσ·
1931 3104 1974 3163 C

327 3170 610 3241 εδόκησαν,
643 3170 1023 3241 συνεχώρησας
1054 3173 1146 3224 καὶ
1165 3170 1438 3242 ἐδωρήσω,
1464 3171 1764 3242 ρυσάμενός
1798 3186 1900 3241 μου

326 3261 425 3332 τὴν
443 3260 617 3331 ψυχὴν
640 3261 701 3325 ἐξ
719 3260 846 3334 ᾅδου
882 3261 1190 3314 κατωτάτου
1211 3277 1222 3290 ·
1259 3263 1352 3314 καὶ
1371 3261 1513 3315 τοῦτ’
1543 3261 1802 3333 ἔπραξαςε
1829 3261 1903 3326 ὡς

325 3351 624 3423 οἰκτίρμων
672 3351 767 3405 καὶ
797 3351 1042 3423 ἐλεήμων
1083 3355 1176 3405 καὶ
1206 3352 1555 3425 μακρόθυμος
1586 3353 1679 3406 καὶ
1712 3353 1904 3406 πολυέ-

325 3441 466 3506 λεος,
494 3443 587 3496 καὶ
614 3444 671 3495 ἐν
705 3444 837 3495 πᾶσι
869 3443 1076 3507 τούτοις
1103 3443 1353 3515 ἀληθινὸς
1392 3444 1672 3516 ὑπάρχων.

412 3560 776 3629 Ἐπίϐλεψον
822 3562 914 3614 ἐπ’
959 3560 1063 3630 ἐμὲ
1099 3561 1195 3614 καὶ
1243 3558 1507 3626 ἐλέησόν
1540 3573 1650 3628 με’
1681 3558 1787 3624 δὸς
1836 3556 1904 3610 τὸ

325 3649 544 3716 κράτος
572 3651 652 3717 τῷ
702 3652 868 3706 παιδί
899 3668 1035 3715 σου,
1087 3651 1185 3705 καὶ
1235 3650 1440 3704 σῶσον
1466 3651 1574 3704 τὸν
1620 3652 1754 3704 υἱὸν
1798 3648 1905 3717 τῆς

325 3741 648 3810 παιδίσκης
667 3759 800 3798 σου.
821 3745 990 3815 Ὁρῶν
1007 3762 1094 3815 με,
1119 3745 1302 3816 φησιν,
1320 3743 1536 3813 ἐλέησόν
1556 3743 1904 3813 με.Δείκνυσι

323 3829 381 3882 δὲ
411 3832 602 3887 ἑαυτοῦ
628 3837 656 3888 ὁ
687 3835 848 3888 Δαυῗδ
874 3836 971 3907 τὴν
1000 3836 1326 3890 ταπείνωσιν
1356 3835 1450 3887 καὶ
1483 3836 1580 3905 τῆς
1607 3834 1784 3905 ψυχῆς
1806 3833 1906 3906 τὴν

324 3921 590 3987 κάκωσιν,
619 3923 686 3995 ἢν
720 3926 957 3996 παρίστη
1001 3927 1096 3980 καὶ
1129 3925 1427 3996 ἀρχόμενος
1450 3923 1551 3995 τῆς
1599 3923 1906 3995 προσευχῆς

322 4014 384 4066 ὲν
411 4007 492 4076 οἷς
521 4013 671 4084 ἔλεγε
689 4033 701 4045 ·
742 4016 981 4084 Πτωχὸς
1009 4016 1107 4069 καὶ
1138 4015 1326 4082 πένης
1357 4013 1471 4084 ἐγὼ
1505 4015 1640 4082 εἰμι.
1683 4014 1824 4066 ’Λντὶ
1845 4012 1904 4066 δὲ

322 4104 440 4168 τοῦ,
470 4104 581 4172 Δὸς
626 4106 690 4158 τὸ
727 4106 941 4175 κράτος
981 4106 1061 4172 τῷ
1106 4107 1271 4161 παιδί
1316 4123 1454 4169 σου,
1507 4104 1838 4176 σαφέστερον
1875 4106 1904 4158 ὁ

322 4195 617 4267 Σύμμαχος
642 4199 984 4269 ἡρμήνευσεν
1017 4197 1204 4262 εἰπὼν,
1239 4199 1348 4264 Δὸς
1383 4196 1566 4267 ἰσχὺν
1597 4197 1758 4263 παρὰ
1786 4195 1902 4248 σοῦ

319 4287 404 4353 τῷ
432 4287 628 4357 δούλῳ
653 4304 788 4344 σου.
825 4291 940 4343 ’Ἵνα
979 4291 1087 4364 γὰρ
1123 4292 1194 4362 μὴ
1215 4278 1587 4360 λὲξασθενήσας
1609 4287 1898 4358 ὀλισθήσω,

325 4381 465 4451 μετὰ
509 4381 618 4434 τῶν
656 4382 828 4435 ἄλλων
873 4377 946 4436 ὧν
978 4384 1270 4455 παρέσχου,
1317 4381 1693 4453 δυναμωθῆναι
1740 4379 1895 4445 ἀξιῶ,

1499 312 2004 373 ΕΟΜΜΕΝΤΑΒΙᾹ
2045 313 2111 370 ΙΝ
2150 315 2484 374 PSALMOS.

341 431 430 486 τὸν
464 427 733 499 πυθμένα,
770 428 894 500 περὶ⁵
923 421 982 482 οὗ
1012 427 1251 500 εἴρηταιο
1295 427 1446 482 ὀδοὶ
1476 429 1693 498 ἀνδρὸς
1724 432 1782 482 αι
1813 428 1906 481 δο-

2009 429 2134 482 dum
2167 432 2359 500 inferni
2393 435 2458 488 ⁷³.
2487 432 2680 490 Verum
2711 435 2854 498 inde,
2885 434 2982 497 ait,
3013 448 3100 488 me
3131 433 3346 491 eruisti.
3375 433 3564 503 (Vens.
3667 464 3678 473 -

3427 318 3562 374 1058

2013 523 2098 589 15)
2129 526 2379 592 quoniam
2413 526 2617 580 miseria
2653 527 2769 579 rdia
2802 539 2893 581 tua
2927 544 3116 597 magna
3158 536 3236 580 est
3278 542 3433 594 super
3465 543 3563 581 me.

2010 612 2144 666 Cum
2210 613 2354 667 enim
2410 617 2840 670 miscricordiam
2907 631 3151 687 magnam
3198 616 3458 686 consequi
3511 616 3569 674 in

2011 703 2459 774 quinquagesimo
2505 708 2712 775 psalmo
2756 717 3005 777 precatus
3053 708 3143 770 sit,
3180 707 3235 760 in
3276 721 3384 776 quo
3423 706 3569 760 dice-

2011 797 2122 859 bat.
2157 796 2408 852 Miserere
2435 800 2534 852 mei
2563 800 2843 853 secundum
2878 817 3122 870 magnam
3148 799 3568 854 misericordiam

2011 896 2180 950 tuam,
2229 889 2320 944 hic
2345 904 2404 944 se
2455 898 2576 944 vota
2609 898 2916 946 assecutum
2960 891 3232 958 declarat;
3260 906 3427 962 quare
3461 907 3567 946 non

2010 979 2349 1048 simpliciter,
2380 981 2474 1034 sed
2525 980 2577 1034 in
2619 989 2733 1035 toto
2765 982 2929 1036 corde
2957 981 3266 1036 confitetur.
3299 1013 3370 1021 —
3401 980 3566 1039 Vens.

2012 1069 2098 1134 Η,
2140 1071 2227 1126 15.
2264 1070 2424 1137 Deus,
2453 1073 2624 1143 iniqui
2675 1075 3071 1128 insurrexerunt
3105 1090 3258 1143 super
3284 1091 3383 1141 me,
3413 1084 3461 1129 et
3483 1093 3571 1144 sy-

2010 1175 2211 1231 nagoga
2236 1165 2530 1230 potentium
2559 1165 2882 1234 qucesierunt
2905 1165 3138 1218 animum
3171 1183 3359 1230 meam,
3382 1175 3430 1222 et
3466 1183 3570 1222 non

2008 1263 2386 1321 proposuerunt
2411 1263 2458 1308 te
2481 1255 2533 1308 in
2555 1260 2830 1320 conspectu
2853 1272 2968 1310 suo.
3000 1255 3068 1310 Et
3086 1267 3166 1320 tu,
3200 1256 3416 1312 Domine
3431 1257 3572 1312 Deus

2010 1345 2289 1398 miseralor
2316 1356 2362 1399 et
2395 1346 2711 1409 misericors,
2736 1347 2940 1414 patiens
2969 1355 3018 1400 et
3060 1349 3238 1402 multa:
3277 1350 3571 1403 misericor-

2009 1435 2112 1489 diw
2163 1446 2216 1490 et
2260 1453 2440 1492 uerax.
2470 1439 2607 1494 Cum
2645 1454 2711 1493 ex
2742 1438 2990 1494 oratione
3046 1439 3113 1493 ad
3171 1439 3566 1496 confessionem

2009 1541 2307 1584 conversus
2329 1537 2497 1592 esset,
2526 1528 2706 1584 fassus
2729 1545 2786 1584 se
2811 1527 2919 1584 Deo
2949 1531 3177 1600 gratiam
3204 1532 3422 1595 habere,
3442 1533 3569 1602 quia

2009 1618 2297 1688 eripuisset
2327 1621 2559 1673 animam
2585 1636 2738 1675 suam
2769 1637 2836 1676 ex
2869 1623 3081 1676 inferno
3112 1620 3352 1677 infcriori
3375 1641 3388 1688 ;
3415 1625 3570 1693 quasi

2011 1710 2078 1764 ad
2110 1710 2483 1765 defensionem
2529 1727 2704 1775 suam,
2739 1728 2960 1768 causam
2997 1714 3153 1768 nﬂert
3181 1729 3281 1769 cur
3310 1731 3574 1784 peccave-

2011 1801 2102 1867 rit,
2134 1802 2497 1872 complurium
2529 1803 2886 1858 invisibilium
2928 1806 3298 1870 inimicorum,
3339 1807 3431 1877 qui
3471 1823 3572 1862 suo

2010 1891 2305 1946 secundum
2337 1892 2504 1947 Deum
2540 1893 2804 1962 profecturi
2831 1896 3154 1962 inviderent,
3186 1897 3399 1954 insidiis
3423 1898 3474 1953 id
3508 1916 3573 1955 se

2010 1993 2352 2054 perpessum
2380 1984 2675 2042 aﬂirmans.
2711 1986 2891 2053 Quare
2919 1987 2995 2041 ait
3028 2008 3050 2057 ς,
3079 1989 3215 2044 Deus
3242 2031 3256 2055 ,
3287 1991 3452 2063 iniqui
3484 1993 3570 2046 in-

2009 2084 2353 2128 surrexerunt
2397 2092 2552 2143 super
2599 2093 2697 2130 me.
2734 2076 2945 2148 Reliqui
2988 2095 3116 2134 vero
3157 2095 3349 2136 omnes
3405 2082 3572 2136 inter-

2010 2175 2211 2234 pretes,
2266 2167 2496 2232 superbi,
2539 2167 2812 2231 dixerunt,
2845 2170 3146 2226 invisibiles
3203 2181 3256 2226 et
3309 2175 3570 2242 superbas

2009 2257 2237 2312 virtutes
2271 2258 2705 2314 subindicantes.
2734 2259 2905 2324 Quam
2947 2276 3111 2330 porro
3160 2263 3265 2316 vim
3315 2279 3569 2333 perpessa

2010 2347 2082 2401 sit
2113 2346 2336 2404 Davidis
2367 2351 2574 2412 anima,
2609 2367 2714 2404 non
2760 2351 2828 2405 ab
2863 2367 2969 2407 una
3001 2353 3220 2416 virtute,
3251 2355 3346 2408 sed
3379 2372 3407 2408 a
3451 2355 3566 2425 plu-

2009 2436 2182 2499 ribus,
2217 2437 2334 2509 ipse
2377 2435 2534 2493 docet
2570 2439 2654 2493 his
2705 2440 2926 2496 verbis:
2961 2439 3029 2494 Et
3078 2458 3344 2514 synagoga
3392 2453 3573 2514 palen-

2009 2528 2312 2590 tium;sive
2334 2539 2392 2582 ut
2413 2529 2630 2599 Aquila,
2664 2528 2728 2584 Et
2754 2547 3020 2602 synagoga
3055 2531 3453 2596 roboratorum;
3479 2543 3573 2590 aut

2008 2627 2067 2672 ut
2099 2618 2478 2692 Symmachus,
2509 2621 2574 2675 Et
2609 2639 2871 2694 synagoga
2895 2623 3306 2678 intolerabilium
3335 2627 3573 2697 quaesivit

2007 2712 2240 2765 animam
2280 2730 2469 2768 meam.
2509 2711 2710 2770 Verum
2742 2731 3012 2788 synagoga
3067 2717 3283 2787 quidem
3322 2719 3569 2777 inimico-

2006 2817 2126 2855 rum
2161 2804 2410 2872 qumsivit
2449 2805 2682 2859 animam
2725 2821 2918 2869 meam,
2969 2809 3062 2878 qui
3104 2824 3210 2864 non
3269 2818 3569 2879 posuerunt

2006 2893 2174 2950 Deum
2230 2905 2355 2951 ante
2409 2898 2596 2952 oculos
2648 2913 2776 2952 suos
2815 2917 2826 2950 :
2859 2905 2916 2952 tu
2966 2907 3166 2965 autem,
3224 2899 3467 2966 Domine,
3507 2917 3572 2960 ea

2005 2988 2349 3054 concessisti,
2374 3004 2437 3044 ea
2472 2989 2668 3044 dedisti
2693 3029 2708 3053 ,
2736 3005 2856 3059 qua:
2889 2990 2989 3061 ipsi
3026 3007 3133 3046 non
3157 2993 3564 3062 exspectabant.

2007 3093 2131 3131 cum
2184 3077 2421 3132 animam
2448 3094 2620 3132 meam
2652 3079 2894 3134 liberasti
2934 3097 2996 3136 ex
3033 3081 3244 3137 inferno
3291 3081 3559 3141 inferiori.

2005 3166 2172 3239 quue
2203 3169 2527 3238 praestitisti,
2566 3179 2753 3240 utpote
2790 3173 3121 3238 misericors,
3163 3175 3470 3241 miserator,
3509 3183 3563 3232 et

2005 3263 2216 3333 patiens
2238 3270 2291 3318 et
2316 3264 2498 3318 multa:
2530 3264 2916 3320 misericordia:
2947 3282 2961 3321 :
2994 3267 3048 3322 in
3081 3267 3444 3341 omnibusque
3501 3269 3570 3325 iis

2006 3369 2170 3409 verax
2205 3354 2379 3411 fuisti.

2075 3549 2243 3608 Vens.
2290 3553 2376 3607 16.
2413 3551 2625 3623 Respice
2667 3554 2719 3609 in
2747 3571 2826 3609 me
2853 3565 2903 3609 et
2934 3556 3176 3611 miserere
3207 3557 3306 3611 mei
3336 3557 3447 3621 ;da
3475 3556 3574 3611 ima

2004 3644 2207 3711 perium
2228 3660 2389 3711 puero
2425 3654 2535 3709 tuo,
2564 3655 2613 3697 et
2645 3645 2846 3698 salvum
2876 3645 2964 3714 fac
2996 3647 3168 3716 ﬁlium
3194 3648 3403 3700 ancilla:
3441 3656 3568 3703 tum.

2006 3736 2350 3805 Respiciens,
2388 3737 2583 3806 inquit,
2627 3752 2732 3802 me,
2791 3739 3048 3794 miserere
3087 3739 3214 3793 mei.
3250 3737 3348 3792 ilic
3407 3753 3574 3808 porro

2010 3824 2177 3880 David
2214 3826 2576 3881 humilitatem
2611 3842 2764 3881 suam
2796 3835 2852 3882 et
2900 3828 3067 3882 animi
3098 3828 3444 3884 aﬂlictionem
3477 3845 3572 3884 ex—

2005 3918 2179 3984 hibet,
2212 3933 2375 3990 quatn
2415 3920 2542 3972 item
2585 3919 2639 3973 in
2669 3919 2936 3976 orationis
2980 3919 3206 3976 exordio
3252 3920 3570 3988 declaravit,

2005 4026 2130 4068 cum
2155 4009 2381 4074 diceret,
2416 4007 2577 4079 Inops
2609 4020 2658 4066 et
2683 4026 2883 4081 pauper
2920 4027 3036 4066 sum
3073 4029 3186 4083 ego.
3213 4010 3319 4065 Pro
3348 4011 3442 4066 illo
3473 4027 3572 4064 au-

2004 4111 2135 4165 tem,
2165 4101 2251 4156 Da
2275 4100 2552 4171 imperium
2593 4119 2754 4173 puero
2789 4113 2899 4170 tuo,
2930 4105 3171 4169 apertius
3212 4102 3574 4174 Symmachus

2005 4193 2394 4263 interpretatus
2423 4199 2508 4248 est
2558 4193 2646 4249 bis
2677 4193 2858 4249 verbis
2890 4211 2905 4249 :
2955 4193 3038 4248 Da
3077 4194 3240 4249 robur
3275 4211 3309 4248 a
3349 4203 3398 4248 te
3426 4210 3573 4248 servo

2005 4293 2115 4338 tuo.
2144 4282 2425 4354 Siquidem
2474 4298 2544 4338 ne
2572 4298 2639 4337 ex
2685 4283 3000 4340 infirmitate
3037 4301 3276 4357 peream,
3301 4300 3424 4340 cum
3449 4285 3574 4339 aliis

2003 4392 2124 4447 qua:
2150 4376 2380 4448 largitus
2409 4393 2491 4441 es,
2520 4377 2684 4432 etiam
2724 4377 2972 4432 roborari
3003 4394 3089 4432 me
3118 4377 3369 4448 postulo,
3408 4385 3466 4431 ut
3506 4393 3576 4430 ne

320 4474 460 4544 πρὸς
503 4473 563 4526 τὸ
605 4472 678 4545 μὴ
712 4472 868 4539 αὖθις
914 4475 1425 4545 καταπαλαισθῆναι
1467 4474 1571 4528 ὑπὸ
1601 4475 1698 4546 τῆς
1738 4491 1900 4526 συνα-

2007 4469 2201 4521 iterum
2228 4469 2512 4539 impugner
2543 4485 2573 4522 a
2597 4484 2868 4540 synagoga
2897 4469 3218 4537 potentium.
3258 4466 3352 4522 Sic
3380 4468 3575 4522 robore

318 4562 510 4632 γωγῆς
551 4563 660 4615 τῶν
711 4565 1004 4634 κραταιῶν.
1067 4564 1222 4617 Οὕτω
1263 4563 1320 4616 δέ
1372 4582 1438 4636 με
1485 4564 1903 4635 ἰσχυροποιήσας

320 4651 538 4717 σώσεις,
566 4654 641 4718 ὡς
674 4654 737 4709 ἄν
765 4672 857 4708 σου
880 4655 1063 4708 δοῦλον
1089 4656 1397 4726 γενόμενον,
1427 4655 1540 4708 υἱὸν
1571 4653 1626 4709 δὲ
1651 4654 1749 4725 τῆς
1778 4671 1904 4710 παι-

317 4743 511 4814 δίσκης
547 4759 661 4809 σου,
695 4745 812 4814 ῆτοι
867 4746 965 4816 τῆς
1003 4745 1326 4818 Ἑκκλησίας
1357 4764 1472 4810 σου,
1503 4746 1536 4822 ἥ
1583 4747 1676 4801 καὶ
1707 4745 1806 4817 τῆς
1845 4745 1904 4798 ὲν

318 4837 386 4906 τῇ
406 4834 548 4888 κατὰ
566 4836 698 4890 Θεὸν
716 4837 931 4910 παιδεία
945 4837 1288 4912 θρεψαμένης
1304 4838 1463 4892 αὑτὸν
1487 4837 1712 4911 μητρός.
1735 4835 1906 4902 Ποιή-

318 4943 440 4981 σον
458 4929 585 4998 μετ’
623 4930 768 4998 ἐμοῦ
800 4929 1050 5000 σημεῖον
1084 4932 1171 4998 εὶς
1196 4930 1441 4999 ἀγαθὸν,
1480 4930 1576 4983 καὶ
1613 4927 1904 4982 ἰδέτωσαν

323 5019 381 5070 οἱ
415 5023 738 5090 μισοῦντές
771 5041 870 5093 με,
931 5023 1029 5076 καὶ
1078 5022 1604 5093 αὶσχυνθήτωσαν,
1662 5019 1751 5073 ὅτι
1796 5017 1901 5081 σὺ,

323 5112 539 5178 Κύριε,
594 5117 930 5187 tamtam-dc
985 5133 1107 5186 μοι,
1173 5115 1271 5174 καὶ
1329 5111 1752 5187 παρεκάλεσάς
1805 5125 1903 5179 με.

326 5203 541 5275 Ὠσπερ
570 5203 650 5256 τῶ
677 5205 815 5259 Κάῖν
859 5210 1082 5277 σημεῖον
1123 5207 1273 5260 ἔθετο
1302 5207 1330 5263 ὀ
1354 5207 1485 5269 Θεὸς
1512 5205 1611 5274 τῆς
1641 5203 1902 5276 πονηρίας

325 5294 494 5348 αὑτοῦ
513 5295 825 5365 δηλωτικὸν,
850 5297 986 5368 ὅπερ
1005 5301 1225 5366 σημεῖον
1248 5298 1296 5350 οἱ
1316 5294 1643 5369 θεωροῦντες
1660 5295 1903 5367 εἴργοντο

324 5387 421 5443 τοῦ
449 5387 653 5441 ἀνελεῖν
686 5388 866 5450 αὐτὸν,
896 5388 983 5441 διὰ
1012 5390 1071 5442 τὸ
1095 5393 1269 5460 κρῖναι
1301 5388 1392 5442 τὸν
1417 5389 1548 5445 Θεὸν
1583 5387 1786 5443 στένειν
1808 5389 1904 5440 καὶ

325 5477 548 5549 τρέμειν
587 5477 748 5530 αὑτὸν
781 5478 872 5532 ἐπὶ
903 5479 1040 5548 γῆς’
1076 5479 1218 5532 οὕτω
1265 5479 1358 5532 καὶ
1399 5482 1511 5541 τοῖς
1554 5477 1777 5540 τελείοις
1803 5478 1902 5530 αύ-

324 5568 422 5622 τοῦ
452 5570 672 5640 σημεῖον
697 5570 774 5632 εἰς
802 5569 1003 5638 ἀγαθὸν
1024 5562 1255 5636 δίδωσιν,
1277 5573 1413 5641 ὅπερ
1444 5571 1696 5644 ὁρῶντες,
1725 5571 1774 5623 oi
1803 5570 1899 5642 μὲν

400 5735 448 5764 ’⁸
476 5732 629 5790 Prov.
660 5746 770 5796 xvi,
799 5729 890 5786 25.
968 5732 1011 5763 τι
1053 5731 1187 5787 Gen.
1224 5748 1294 5800 tv,
1339 5732 1418 5796 l5.

2006 4560 2192 4614 addito
2224 4578 2308 4614 ine
2335 4561 2601 4625 servabis,
2621 4568 2808 4631 utpote
2840 4575 3058 4614 servum
3092 4568 3266 4625 tuum;
3289 4559 3454 4613 lilium
3483 4576 3576 4613 an-

2005 4652 2145 4709 cilla:
2198 4659 2335 4714 tute,
2379 4653 2493 4707 sive
2540 4650 2798 4706 Ecclesia:
2846 4656 2987 4715 tuae;
3021 4651 3103 4704 vel
3147 4649 3338 4705 matris
3371 4665 3492 4720 qua:
3519 4650 3575 4704 in

2006 4751 2158 4796 recto
2185 4743 2487 4798 secundum
2521 4743 2693 4797 Deum
2733 4743 2988 4797 instituto
3021 4741 3198 4812 ipsum
3229 4740 3577 4796 educavit.—

2007 4835 2174 4892 Vsus.
2212 4835 2300 4892 ΓΙ.
2340 4833 2453 4892 Fac
2487 4850 2688 4890 meeum
2718 4835 2928 4905 signum
2958 4835 3016 4889 in
3043 4836 3258 4903 bonum,
3281 4844 3331 4888 et
3363 4835 3575 4891 videant

2001 4930 2094 5002 qui
2131 4928 2352 4982 oderunt
2375 4944 2476 4993 me,
2511 4936 2560 4982 et
2611 4924 3027 4996 confundantur,
3058 4927 3308 4996 quoniam
3349 4935 3428 4989 tu,
3469 4925 3572 4981 Do-

2006 5021 2162 5086 mine,
2181 5019 2433 5091 adjuvisti
2457 5035 2535 5073 me
2561 5027 2611 5072 et
2638 5017 2942 5072 consolatus
2967 5033 3020 5072 es
3061 5033 3162 5074 me.
3210 5017 3578 5086 Quemadmo-

2005 5112 2135 5168 dum
2189 5110 2360 5168 Caino
2400 5111 2619 5180 signum
2680 5112 2865 5179 posuit
2913 5107 3078 5172 Deus,
3121 5109 3377 5178 nequitiae
3427 5108 3574 5161 illius

2005 5200 2291 5263 indicium,
2324 5199 2467 5270 quod
2497 5199 2714 5268 signum
2753 5197 2848 5268 qui
2882 5196 3156 5262 videbant,
3180 5197 3248 5252 ab
3274 5211 3340 5251 eo
3367 5195 3574 5250 interiio

2004 5293 2199 5348 ciendo
2224 5294 2555 5347 arcebantur
2576 5293 2643 5356 ⁷⁸,
2665 5294 2791 5364 quia
2822 5291 2965 5347 Dens
2994 5291 3311 5347 decreverat
3339 5296 3398 5342 ut
3425 5289 3572 5359 inge-

2003 5387 2258 5442 misceret
2287 5393 2341 5441 et
2381 5394 2638 5442 tremeret
2667 5401 2832 5457 super
2862 5396 3061 5440 terram
3099 5403 3113 5438 :
3146 5383 3226 5437 sic
3263 5381 3425 5438 etiam
3453 5396 3571 5450 pcr-

2004 5477 2161 5533 fcctis
2214 5477 2327 5532 suis
2367 5477 2581 5548 signum
2613 5479 2706 5536 dat
2752 5477 2807 5530 in
2837 5477 3063 5538 bonum,
3096 5471 3242 5542 quod
3281 5477 3572 5527 cernentes

2002 5569 2159 5624 amici
2205 5568 2479 5640 gaudent;
2522 5567 2731 5624 inimici
2761 5582 2893 5624 vero
2939 5574 2992 5622 et
3018 5562 3111 5637 qui
3152 5563 3384 5618 oderunt
3420 5573 3574 5629 eum.
