4004 6536
453 348 610 406 1039
1182 334 1449 395 EUSEBII
1486 324 1961 391 C/ESARIENSiS
1995 326 2145 385 OPP.
2188 318 2367 381 PARS
2403 320 2491 378 lll.
2534 350 2604 360 —-
2635 312 3057 371 EXEGE’I’ICA.
3557 309 3674 367 toto

376 486 383 491 ·
476 462 683 534 pudore
741 456 1064 517 afﬁciuntur,
1123 470 1150 508 a
1208 455 1363 525 signo
1409 451 1671 506 indicium
1727 449 2074 510 habentes”

2178 442 2275 494 ίλοι
2302 438 2602 511 χαίρουσιν,
2635 431 2682 484 οἱ
2713 429 2769 482 δὲ
2800 428 2985 499 ἐχθροὶ
3016 423 3110 477 καὶ
3138 422 3187 475 οἱ
3227 419 3502 491 μισοῦντες
3523 420 3679 491 αἰσχὺ-

475 558 655 626 ipsum
706 552 759 605 in
812 547 1077 618 ejusmodi
1132 560 1262 601 casu
1313 544 1518 599 auxilio
1559 553 1611 597 et
1664 539 2037 596 consolatione

475 638 697 700 muniri.
728 643 789 695 Et
827 642 1052 695 fortasse
1083 639 1314 693 inimica:
1353 638 1599 699 virtutes,
1633 636 1846 705 signum
1868 631 2039 684 Caino

476 736 790 806 impositum
817 741 1123 796 cernentes,
1164 730 1492 802 gaudebant,
1530 727 1677 798 quod
1735 727 1945 781 soleant
1973 723 2040 778 de

479 827 671 883 alienis
716 826 883 880 ltetari
922 824 1111 889 malis;
1145 822 1320 892 angeli
1352 836 1481 875 vero
1508 818 1602 873 Dei
1637 818 1703 871 de
1738 817 1831 870 illo
1860 828 2041 885 gente-

478 919 631 983 bant,
667 933 732 971 ex
755 917 911 986 signo
944 914 1341 984 impendentem
1392 912 1468 966 illi
1500 926 1529 964 a
1564 909 1674 963 Deo
1703 909 1838 962 iram
1879 921 2043 976 agno-

480 1020 715 1068 scentes.
748 1009 815 1062 At
842 1009 893 1062 in
931 1009 1185 1078 religiosa
1222 1006 1403 1061 anima
1440 1003 1774 1058 contrarium
1808 999 2039 1062 accidit;

479 1102 712 1157 inimica:
737 1102 938 1169 quippe
960 1100 1185 1151 virtutes
1220 1093 1647 1154 confunduntur,
1679 1093 1880 1145 bonum
1912 1089 2042 1142 illud

477 1197 693 1264 signum
725 1193 779 1245 in
810 1191 926 1262 ipsa
958 1190 1192 1260 positum
1216 1187 1646 1257 wnSpicientes;
1675 1184 1840 1237 divini
1866 1189 2043 1235 autem

475 1296 528 1338 et
572 1285 700 1338 boni
758 1284 932 1352 angeli
970 1282 1207 1353 gaudent
1236 1287 1287 1333 ct
1318 1278 1664 1348 gratulantur
1699 1275 1769 1329 ei.
1806 1273 2044 1342 ldipsum

476 1378 666 1428 docuit
699 1373 950 1428 Salvator
980 1380 1164 1427 noster
1187 1371 1394 1434 dicens,
1420 1368 1675 1439 gaudium
1702 1381 1822 1421 esse
1856 1365 1909 1418 in
1937 1379 2048 1419 cu:-

480 1468 547 1520 lis
581 1480 749 1536 super
791 1478 901 1517 uno
934 1474 1218 1534 peccatore
1242 1460 1618 1530 paenitentiam
1649 1464 1843 1527 agente
1868 1456 1934 1508 ⁷⁵.

661 1750 711 1804 1.
740 1746 937 1803 FlLllS
964 1745 1169 1810 CORE,
1201 1742 1521 1799 PS.\LMUS
1560 1740 1853 1797 CANTICI.

1119 1838 1402 1893 LXXXVI.

556 1936 725 1991 Vens.
762 1936 881 1989 9.-4.
916 1933 1285 1987 Fundamenta
1316 1932 1426 2002 ejus
1450 1932 1500 1985 in
1532 1932 1792 1985 montibus
1815 1931 2052 1984 sanctis:

486 2029 659 2100 diligit
688 2028 945 2081 Dominus
970 2035 1149 2095 portas
1170 2024 1296 2079 Sion
1329 2041 1486 2094 super
1514 2025 1694 2077 omnia
1717 2022 2059 2076 tabernacula

486 2120 675 2176 Iacob.
718 2120 960 2174 Gloriosa
984 2118 1129 2172 dicta
1148 2128 1268 2171 sunt
1293 2119 1354 2170 de
1383 2127 1450 2177 te,
1484 2117 1669 2170 civitas
1706 2114 1824 2169 Dei.
1860 2115 2062 2169 Memo-

488 2214 618 2267 rabo
637 2212 817 2265 lia/tab
846 2222 894 2265 et
916 2211 1256 2281 Babylonem,
1278 2209 1559 2263 scientibus
1587 2226 1686 2262 me.
1715 2207 1820 2261 Pro
1839 2208 1953 2269 illo,
1978 2206 2065 2260 Fi-

490 2308 575 2360 liis
593 2306 742 2369 Core,
762 2304 954 2373 Aquila
972 2318 1022 2358 et
1041 2302 1419 2373 Symmachus,
1440 2301 1699 2355 Filiorum
1717 2300 1867 2364 Core,
1888 2300 2065 2353 edide-

490 2406 638 2461 runt,
658 2398 810 2468 quasi
831 2396 1153 2465 psalmusab
1170 2395 1234 2449 iis
1249 2394 1582 2464 compositus
1602 2394 1691 2457 sit,
1709 2394 1792 2447 vel
1815 2394 1881 2446 ab
1898 2383 1964 2447 iis
1983 2408 2067 2446 rc-

490 2492 712 2551 citatns,
738 2505 844 2542 non
870 2489 1161 2541 modocum
1192 2487 1467 2557 psalterio,
1498 2487 1589 2541 sed
1612 2488 1772 2540 etiam
1793 2502 1915 2540 cum
1940 2502 2067 2541 can-

493 2583 622 2634 tico.
652 2580 786 2636 Cum
822 2591 1002 2633 autem
1047 2595 1256 2633 mecum
1294 2588 1602 2649 reputarem
1636 2593 1742 2648 qua
1794 2577 1861 2633 de
1901 2594 2069 2633 causa

494 2675 684 2745 psalmi
705 2673 798 2746 qui
822 2673 1085 2727 Filiorum
1111 2671 1504 2743 Coreinscripti
1526 2680 1653 2725 sunt
1679 2688 1783 2727 non
1808 2688 1914 2725 una
1937 2687 2072 2725 con-

491 2768 665 2837 juncti
690 2768 818 2830 sint,
836 2767 927 2822 sed
952 2768 1124 2836 primo
1139 2766 1426 2835 separatim
1450 2766 1611 2835 positi
1633 2780 1661 2817 a
1680 2781 1765 2817 xu
1779 2781 1861 2827 ,ac
1882 2779 2071 2818 rursus

496 2858 603 2912 duo
620 2859 848 2913 seorsim
876 2858 1062 2920 locati,
1086 2872 1277 2927 nempe
1304 2871 1510 2911 Lxxxm
1532 2865 1582 2911 et
1602 2871 1819 2919 Lxxxtv,
1846 2858 2071 2908 iterum-

498 2965 605 3019 que
630 2949 718 3002 alii
746 2950 875 3014 duo,
909 2950 1119 3004 scilicet
1141 2949 1229 3001 hic
1263 2964 1425 3016 quem
1458 2956 1761 3001 tractamus
1796 2955 1850 2999 et
1884 2948 2075 3000 subse-

499 3056 703 3111 quens;
735 3050 788 3095 et
826 3056 926 3096 cur
950 3041 1002 3093 in
1044 3040 1226 3094 medio
1256 3039 1485 3094 istorum
1520 3039 1731 3109 positus
1769 3038 1839 3092 sit
1869 3052 2070 3096 Lxxxv,

2138 549 2337 594 νονται,
2365 528 2648 598 γνώρισμα
2690 521 2947 582 λαϐόντες
2979 518 3066 570 διὰ
3097 514 3189 568 τοῦ
3223 513 3467 585 σημείου,
3508 513 3582 564 ὅτι
3610 514 3681 580 βει

2139 626 2398 697 ϐοήθηται
2424 621 2516 674 καὶ
2545 613 2957 688 παρακέκληται
2978 609 3069 661 ἐπὶ
3097 605 3173 677 τῷ
3198 603 3572 676 συμϐεϐηκότι.
3592 603 3683 658 Καὶ

2139 695 2278 790 τάχα
2310 717 2403 769 ἐπὶ
2451 713 2548 785 μὲν
2573 709 2667 765 τοῦ
2712 707 2854 761 Κάῖν
2884 705 2940 757 αἱ
2987 700 3178 773 ἐχθραὶ
3206 697 3480 790 δυνάμεις,
3508 695 3687 790 δρῶσαι

2140 788 2488 867 τὺῂὲπιτεθὲν
2520 802 2669 874 αὐτῷ
2719 800 2943 871 σημεῖον
2974 795 3079 849 ὑπὸ
3105 791 3199 846 τοῦ
3241 789 3396 853 Θεοῦ,
3432 788 3688 857 ἐπέχαιρον

2141 904 2308 976 αὐτῷ,
2348 903 2443 957 ἆτε
2492 892 2969 967 ὲπιχαιρησίκακοι
3012 883 3201 940 οὖσαι·
3247 884 3295 935 oi
3340 881 3399 933 δὲ
3442 879 3530 932 τοῦ
3577 878 3688 931 Θεοῦ

2142 973 2358 1067 ἄγγελοι
2391 991 2678 1046 ὲπέστενον
2709 982 2857 1053 αὐτῷ
2879 980 2966 1034 διὰ
2990 979 3085 1032 τοῦ
3118 977 3340 1048 σημείου
3365 974 3465 1044 τὴν
3486 973 3691 1043 tm;pr

2148 1064 2315 1160 μένην
2344 1084 2492 1153 αὐτῷ
2535 1083 2599 1134 ὲκ
2642 1076 2778 1132 Θεοῦ
2806 1074 2974 1147 ὀργὴν
3013 1068 3481 1139 ἐπιγινώσκοντες.
3516 1064 3693 1118 Ἐπὶδὶ

2144 1157 2244 1253 τῆς
2271 1157 2553 1247 θεοφιλοῦς
2585 1171 2764 1243 ψυχῆς
2785 1164 3112 1229 τούναντίον,
3139 1165 3195 1217 αἱ
3228 1162 3323 1232 μὲν
3351 1158 3538 1230 ἐχθραὶ
3566 1157 3695 1209 δυνάο

2151 1250 2269 1347 μεις
2306 1267 2756 1340 καταισχύνονται
2788 1261 2850 1315 τὸ
2882 1258 3081 1328 ἀγαθὸν
3119 1257 3342 1326 σημεῖον
3389 1250 3697 1347 ἐπικείμενον

2147 1342 2352 1440 δρῶσαι
2377 1364 2513 1433 αὐτῇ
2533 1378 2545 1389 ’
2574 1358 2623 1411 οἱ
2651 1357 2709 1409 δὲ
2738 1355 2871 1407 θεῖοι
2901 1352 2993 1405 καὶ
3009 1350 3213 1419 ⁸ἁγαθοὶ
3240 1345 3459 1415 ἄγγελοι
3483 1342 3698 1413 χαίρουσι

2148 1436 2241 1514 κάὶ
2268 1452 2741 1526 συνευφραίνονται
2771 1447 2929 1517 αὐτῇ.
2966 1444 3136 1497 Τοῦτο
3180 1441 3273 1494 καὶ
3301 1442 3330 1493 6
3353 1437 3540 1507 Σωτὴρ
3570 1436 3700 1526 ἡμῶν

2150 1548 2386 1612 ἐδίδαξεν
2421 1523 2611 1605 εἰπὼν,
2644 1539 2818 1611 χαρὰν
2842 1535 3122 1606 γίγνεσθαι
3157 1535 3215 1586 ὲν
3238 1534 3351 1595 τοῖς
3376 1531 3611 1601 οὐρανοῖς
3628 1523 3701 1579 ὲτὶ

2152 1644 2231 1697 ἑνὶ
2258 1636 2562 1714 ἁμαρτωλῷ
2589 1629 2960 1705 μετανοοῦντι.

2330 1749 2483 1802 ΤΟΙΣ
2521 1744 2702 1799 ΥΙΟΙΣ
2740 1740 2942 1803 ΚΟΡΕ,
2982 1737 3273 1791 ΨΑΛΜΟΣ
3311 1733 3505 1806 ῼΔΗΣ.

2567 1878 2577 1889 .
2872 1834 3017 1900 Πεῖι.

2234 1940 2297 1990 Ol
2335 1934 2590 2004 θεμέλιοι
2638 1927 2825 1984 αὑτοῦ
2878 1927 2947 1980 ἐν
2986 1924 3112 1990 τοῖς
3166 1924 3332 1991 ὄρεσι
3380 1920 3500 1986 τοῖς
3520 1920 3704 1990 ἁγίοις·

2160 2027 2361 2100 ἀγαπᾷ
2405 2027 2619 2094 Κύριος
2649 2024 2753 2089 τὰς
2779 2021 2977 2084 πύλας
3028 2016 3183 2072 Σιὼν
3230 2013 3388 2082 ὑπὲρ
3434 2012 3615 2066 πάντα
3653 2010 3707 2063 τὰ

2162 2122 2522 2192 σκηνώματα
2569 2117 2791 2173 Ἰακώϐ.
2845 2110 3262 2182 Δεδοξασμένα
3304 2107 3565 2175 ἐλαλήθη
3603 2107 3709 2172 περὶ

2163 2220 2302 2281 σοῦ,
2347 2217 2384 2283 ἡ
2421 2216 2596 2280 πόλις
2622 2211 2728 2266 τοῦ
2762 2208 2932 2264 Θεοῦ.
2967 2206 3411 2274 Μνησθήσομαι
3447 2204 3613 2257 Ῥαὰϐ
3634 2200 3709 2253 καὶ

2168 2304 2520 2374 Βαϐυλῶνος
2560 2305 2684 2371 τοῖς
2732 2300 3100 2374 γινώσκουσί
3138 2315 3233 2368 με.
3274 2296 3423 2349 Ἀνῗῖ
3465 2294 3574 2359 τοῦ,
3610 2291 3711 2356 Τοῖς

2166 2404 2319 2470 υἱοῖς
2370 2406 2541 2469 Κορὲ,
2576 2400 2605 2451 6
2642 2396 2872 2460 ’Λκύλας
2923 2396 3016 2448 καὶ
3065 2393 3386 2464 Σύμμαχος,
3442 2388 3557 2444 Τῶν
3596 2385 3713 2441 υἱῶν

2168 2497 2338 2563 Κορὲ,
2394 2492 2774 2553 ὲκδεδώκασιν,
2814 2489 2889 2552 ὡς
2932 2487 3023 2541 ὑπ’
3062 2486 3241 2541 αὐτῶν
3292 2480 3711 2553 πεποιημένου,ἤ

2168 2589 2257 2642 διὰ
2288 2586 2490 2641 τούτων
2525 2583 2813 2655 εἰρημένου
2846 2580 2941 2634 τοῦ
2984 2576 3201 2650 ψαλμοῦ
3235 2578 3331 2630 καὶ
3361 2575 3643 2647 λεχθέντος,
3667 2571 3713 2624 οὐ

2181 2676 2340 2747 μόνον
2371 2673 2457 2727 διὰ
2477 2671 2798 2743 ψαλτηρίου,
2831 2669 2965 2723 ἀλλὰ
3002 2669 3095 2723 καὶ
3132 2670 3249 2739 μετ’
3285 2666 3454 2737 ᾠδῆς.
3483 2664 3647 2735 Ζητῶν
3671 2660 3713 2714 δὲ

2175 2771 2305 2841 παρ’
2339 2765 2581 2839 ἐμαυτῷ,
2610 2764 2717 2817 τίνι
2734 2763 2875 2834 λόγῳ
2909 2764 2982 2834 μὴ
3008 2763 3207 2823 πάντες
3234 2756 3379 2831 ἦσαν
3413 2758 3495 2828 ἐφ’
3528 2758 3599 2811 ἑνὶ
3620 2773 3715 2808 συν-

2174 2880 2208 2933 η
2218 2860 2411 2933 μμένοι
2432 2859 2480 2912 οἱ
2503 2856 2969 2929 ἐπιγεγραμμένοι
2996 2854 3119 2909 Τῶν
3144 2852 3288 2908 υἱῶν
3302 2848 3715 2922 Κορὲ,ἀλλ⁹οὖτω

2180 2954 2278 3024 μὲν
2299 2952 2441 3015 ἰδίως
2464 2950 2735 3021 πρῶτοιοὶ
2763 2949 2870 3002 ἀπὸ
2895 2946 2988 3001 τοῦ
3011 2954 3121 3017 μα’·
3152 2946 3248 3000 κα)⁸
3268 2945 3433 2999 πάλιν
3459 2944 3590 3007 ἰδίως
3607 2943 3717 3009 ἀφω-

2182 3046 2424 3117 ρισμένοι
2451 3044 2543 3097 δύο
2569 3046 2597 3095 6
2622 3048 2731 3112 κγ’,
2756 3040 2841 3095 ὁδ’
2857 3042 2950 3095 καὶ
2970 3047 3021 3093 π’
3048 3056 3062 3070 ⁸
3083 3040 3176 3093 καὶ
3208 3038 3371 3091 πάλιν
3393 3039 3561 3108 ἕτεροι
3589 3032 3717 3099 δύο,ὀ

501 3136 826 3205 inscriptus,
880 3133 1069 3189 Oratio
1111 3132 1331 3188 Davidis
1363 3149 1380 3185 :
1413 3148 1517 3201 qua
1569 3130 1636 3186 de.
1677 3148 1734 3185 re
1778 3147 1900 3201 qlae
1958 3138 2072 3183 tum

2182 3138 2320 3209 μετὰ
2344 3140 2529 3211 χεῖρας
2552 3137 2646 3190 καὶ
2665 3138 2693 3189 6
2717 3135 2841 3206 ὲξῆς
2858 3133 3023 3205 αὐτῷ’
3053 3132 3215 3204 μέσος
3238 3132 3293 3185 δὲ
3314 3128 3717 3203 παρεμϐεϐληται

502 3226 919 3291 succurrebant,
950 3226 1003 3280 in
1056 3233 1453 3295 postremorum
1500 3222 1864 3292 evplicatione
1912 3236 1941 3273 a
1990 3235 2075 3273 me

499 3318 610 3388 jam
649 3318 848 3371 tradita
871 3323 1019 3370 sunt.
1056 3313 1229 3369 Sccus
1255 3315 1487 3368 fortasse
1528 3313 1799 3382 quispiam
1833 3311 2075 3373 dixerit;

504 3425 696 3478 nempe
726 3423 918 3461 omnes
955 3407 1044 3477 qui
1083 3407 1135 3460 in
1184 3407 1321 3460 libro
1350 3404 1691 3458 Psalmorum
1725 3404 1995 3464 feruntur,
2046 3418 2076 3455 a

506 3502 747 3557 diversis
772 3501 902 3555 viris
944 3499 1262 3570 prophetico
1296 3496 1506 3567 Spiritu
1540 3498 1731 3551 alllatis
1758 3497 2082 3566 pronuntia-

505 3602 613 3657 tos,
646 3593 936 3662 separatim
973 3594 1183 3661 positos
1219 3589 1410 3657 fuisse,
1448 3598 1561 3643 tum
1596 3590 1722 3659 quia
1754 3606 1861 3644 non
1885 3588 2077 3643 eodem

510 3695 753 3754 tempore
782 3683 935 3747 dicti,
967 3693 1080 3736 tum
1129 3682 1261 3753 quia
1288 3698 1397 3736 non
1430 3683 1498 3736 ab
1540 3682 1731 3736 iisdem
1762 3682 2081 3751 prophetico

506 3775 839 3845 pronuntiati
901 3774 1136 3828 fuerant.
1198 3774 1242 3828 A
1291 3774 1561 3845 principio
1618 3775 1802 3844 itaque
1856 3773 2079 3843 quidam

508 3864 675 3920 Mosis
728 3866 1026 3934 inscriptus
1068 3864 1210 3931 fuit,
1266 3866 1357 3919 alii
1415 3865 1643 3935 Asaphi,
1697 3864 1787 3917 alii
1834 3864 2080 3927 Davidis,

508 3972 652 4011 unus
697 3954 1028 4019 Salomonis,
1066 3956 1283 4011 Etbam
1334 3957 1601 4011 Esdraita:
1640 3969 1858 4025 quoque
1905 3955 2084 4019 alius;

510 4048 667 4101 multi
704 4063 828 4102 vero
863 4057 1057 4117 praeter
1088 4049 1252 4101 hosce
1279 4048 1639 4117 inscriptione
1662 4052 1850 4100 carent
1876 4086 1891 4109 ,
1929 4045 2001 4098 ita
2029 4053 2086 4098 ut

510 4138 798 4206 cuiusnam
846 4138 955 4192 sint
994 4139 1136 4193 scire
1185 4152 1540 4207 nequeamus.
1571 4135 1708 4190 Cum
1757 4151 1889 4205 ergo
1932 4137 2085 4191 varie

513 4231 725 4284 recitati
760 4230 1011 4291 fuissent,
1049 4231 1283 4301 sparsim
1315 4230 1480 4302 positi
1528 4243 1557 4282 a
1605 4229 1868 4284 studiosis
1892 4229 2086 4282 harum

2182 3231 2389 3285 τούτων
2412 3234 2440 3285 6
2458 3237 2541 3285 πε⁹
2567 3226 3046 3300 ἐπιγεγραμμένος
3068 3224 3392 3295 Προσευχὴ
3430 3222 3531 3277 τοῦ
3554 3217 3716 3275 Δαυΐὸ·

2181 3324 2249 3377 τὰ
2278 3325 2375 3395 μὲν
2402 3324 2526 3394 ἐμοὶ
2549 3322 2904 3395 παραστάντα
2925 3322 3004 3383 είς
3027 3320 3125 3390 τὴν
3154 3319 3261 3373 τῶν
3284 3316 3596 3371 τελευταίων
3618 3313 3720 3367 θεω-

2184 3416 2306 3488 ρίαν
2357 3415 2445 3468 διὰ
2490 3414 2598 3467 τῶν
2639 3413 2943 3485 εἰρημένων
3141 3412 3408 3483 πρότερον
3454 3409 3717 3479 δεδήλωται.

2182 3508 2341 3561 Εἴποι
2373 3507 2418 3560 δ’
2445 3506 2511 3560 ἄν
2535 3522 2619 3570 τις
2649 3507 2742 3559 καὶ
2775 3505 2966 3570 ἄλλως,
2989 3505 3069 3558 ὅτι
3103 3505 3302 3567 πάντες
3327 3506 3379 3557 οἱ
3409 3505 3465 3557 ὲν
3502 3504 3562 3571 τῇ
3591 3496 3721 3570 βίϐλῳ

2182 3600 2290 3655 τῶν
2318 3598 2563 3671 Ψαλμῶν
2603 3599 2892 3670 φερόμενοι
2920 3597 3088 3667 λόγοι,
3126 3598 3232 3651 ὑπὸ
3257 3597 3527 3668 διαφόρων
3557 3590 3720 3663 ἀνδρῶν

2186 3691 2509 3764 προφητικῷ
2550 3690 2828 3762 Πνεύματι
2870 3689 3241 3761 λελαλημένοι,
3285 3689 3567 3753 ἰδιάζοντες
3597 3680 3721 3755 ἦσανν

2183 3783 2259 3848 ὡς
2290 3784 2353 3837 ἂν
2382 3784 2518 3856 μήτε
2554 3785 2641 3852 ὑφ’
2673 3784 2767 3836 ἕνα
2799 3784 2988 3855 καιρὸν
3025 3782 3327 3852 λεχθέντες,
3368 3784 3501 3852 μήτε
3531 3778 3620 3831 ὑπὸ
3644 3772 3722 3823 τῶν

2187 3878 2365 3930 αὐτῶν
2408 3876 2899 3948 προφητευθέντες.
2953 3875 3161 3929 Αὐτίκα
3190 3874 3324 3943 γοῦν
3374 3860 3722 3940 ἐπιγέγραπταί

2187 3986 2271 4033 τις
2317 3970 2613 4033 Μωῦσὲως,
2644 3968 2739 4022 καὶ
2786 3968 2961 4039 ’ἑτεροι
3002 3966 3096 4020 τοῦ
3142 3966 3335 4035 Ἀσὰφ,
3368 3966 3459 4018 καὶ
3481 3960 3568 4015 τοῦ
3600 3952 3724 4012 Δαυῗῖ

2189 4060 2348 4114 πάλιν
2383 4060 2579 4130 ἕτεροι,
2608 4060 2702 4112 καὶ
2731 4058 2759 4110 6
2792 4058 3133 4128 Σολομῶντος
3162 4056 3340 4120 ἄλλος,
3383 4057 3474 4109 καὶ
3504 4052 3641 4106 πάλιν
3660 4047 3725 4099 Ai-

2191 4150 2289 4205 θὰν
2315 4150 2408 4204 τοῦ
2447 4148 2759 4221 Ἑσδραῖτου
2784 4167 2798 4180 ο
2828 4149 2922 4202 καὶ
2950 4148 3127 4221 ἕτεροι
3149 4148 3203 4201 δὲ
3225 4147 3469 4200 πλεῖστοι
3487 4148 3587 4199 ὅσοι
3610 4136 3725 4208 περὶ

2189 4242 2408 4306 τούτους
2443 4241 2698 4313 φέρονται
2747 4239 3131 4313 ἀνεπίγραφοι,
3165 4240 3225 4293 οὺ
3278 4238 3578 4309 δυναμένων
3605 4229 3723 4302 ἡμῶν

514 4338 697 4377 rerum
734 4324 866 4379 viris
898 4324 1200 4391 antiquitus
1255 4323 1634 4377 servabantur.
1697 4320 1902 4376 Deinde
1961 4337 2074 4375 veri

2192 4334 2388 4387 εἰδέναι
2416 4333 2559 4397 τίνος
2584 4335 2672 4405 ἄρ’
2695 4329 2824 4386 εἶεν.
2850 4334 3132 4404 Διαφόρως
3154 4326 3247 4385 οὖν
3271 4331 3562 4403 εἰρημένων
3586 4325 3725 4378 16m-

517 4414 741 4487 [dixerit
776 4413 963 4486 idem],
989 4429 1054 4469 cr.
1090 4414 1332 4485 psalmos
1357 4430 1523 4468 unum
1558 4415 1613 4468 in
1646 4414 1843 4467 librum
1870 4424 2091 4469 coactos

2193 4426 2342 4479 λαιὸν
2373 4426 2644 4499 σποράδην
2674 4425 2887 4497 ὑπῆρχε
2935 4424 3086 4494 παρὰ
3119 4426 3230 4486 τοῖς
3262 4424 3392 4492 περὶ
3410 4421 3569 4474 ταῦτα
3600 4432 3725 4469 σπου·

518 4508 708 4563 fuisse.
736 4508 811 4561 Ac
844 4507 1074 4563 fortasse
1103 4507 1193 4577 qui
1220 4507 1459 4577 collegit,
1480 4508 1594 4564 sive
1616 4508 1662 4562 is
1688 4507 1888 4563 Esdras
1908 4507 2071 4564 fuerit

2201 4517 2261 4570 δα
2273 4518 2369 4581 ίοις
2401 4516 2833 4587 πεφυλαγμένον.
2864 4511 2977 4567 Εἶθ’
3024 4513 3250 4584 ὕστερον
3294 4511 3607 4583 συναχθῆναι
3633 4504 3726 4564 τοῦς

521 4609 579 4655 ut
601 4602 753 4655 aiunt
785 4599 1017 4664 Hebraei,
1046 4601 1159 4655 sive
1177 4600 1317 4656 alius
1346 4600 1640 4671 quispiam,
1677 4617 1772 4657 eos
1799 4603 1890 4673 qui
1922 4603 2095 4672 primo

520 4692 589 4747 ad
636 4708 857 4746 manum
910 4704 1197 4754 venerunt,
1240 4693 1447 4762 primos
1479 4693 1531 4746 in
1588 4693 1733 4747 libro
1786 4693 2093 4747 constituit.

520 4784 655 4839 Nam
690 4801 813 4839 cum
837 4802 945 4839 non
978 4800 1167 4840 omnes
1193 4800 1301 4839 uno
1335 4784 1635 4855 eodemque
1670 4794 1911 4856 tempore
1941 4802 2099 4857 repe-

524 4880 679 4939 rerit.
703 4878 1017 4933 necessario
1049 4893 1143 4933 eos
1175 4878 1268 4947 qui
1310 4893 1441 4932 casn
1472 4879 1526 4932 in
1559 4895 1756 4934 manus
1789 4880 2101 4933 inciderunt

526 4974 704 5039 primo
737 4969 973 5039 repertis
1005 4969 1273 5037 adjunxit.
1310 4970 1674 5036 Quamobrem
1701 4988 1821 5027 cum
1846 4980 1970 5025 octo
1993 4972 2105 5041 pri-

530 5075 649 5115 mos
673 5059 931 5114 Filiorum
974 5058 1134 5121 Core,
1157 5067 1213 5112 ut
1238 5062 1535 5115 verisimile
1562 5071 1664 5125 est,
1700 5077 1807 5115 una
1835 5061 1995 5115 simul
2021 5076 2104 5115 re-

531 5158 735 5220 pertos,
756 5152 810 5205 in
839 5152 979 5207 libro
1007 5154 1171 5207 simul
1206 5154 1500 5221 posuisset,
1522 5153 1588 5207 iis
1614 5161 1796 5221 postea
1822 5152 2106 5221 subjunxit

528 5261 625 5301 eos
664 5245 757 5315 qui
790 5246 891 5301 sub
927 5246 1041 5301 haec
1089 5263 1209 5302 sese
1236 5248 1574 5299 obtulerunt.
1608 5245 1811 5299 Deinde
1840 5261 1961 5298 cum
1987 5245 2108 5313 plu—

533 5352 625 5392 res
648 5338 740 5391 alii
767 5339 965 5406 reperti
996 5347 1049 5393 et
1077 5340 1131 5393 in
1162 5340 1301 5392 libro
1328 5336 1675 5390 Psalmorum
1710 5337 1932 5407 repositi
1972 5335 2110 5389 fuis-

2205 4618 2279 4683 pv
2315 4609 2420 4663 ὑπὸ
2471 4611 2597 4681 μίαν
2627 4610 2825 4681 βίϐλον.
2859 4609 3072 4680 Μήποτ⁸
3104 4605 3198 4662 οὖν
3234 4610 3262 4661 6
3312 4604 3630 4675 συναγαγὼν,
3654 4593 3728 4652 εἶτ’

2207 4703 2441 4775 Ἔσδρας
2473 4698 2626 4766 οὗτος
2672 4698 2759 4774 ἦν,
2804 4700 2879 4766 ὦς
2924 4720 3085 4772 φασιν
3127 4700 3394 4773 Ἐϐραίων
3426 4698 3612 4758 παῖδες,
3647 4692 3728 4744 εἴτε

2203 4812 2288 4858 τις
2316 4794 2501 4866 ἕτερος
2524 4793 2673 4865 παρᾶ
2697 4794 2905 4859 τοῦτον,
2942 4794 3069 4856 τοὺς
3102 4791 3350 4865 πρώτους
3379 4793 3455 4854 είς
3482 4788 3623 4842 αὐτὸν
3640 4785 3728 4851 ἐχθα

2212 4888 2403 4959 μένους
2429 4887 2677 4958 πρώτους
2697 4886 2754 4939 ὲν
2781 4889 2845 4957 τῇ
2878 4885 3042 4956 βίϐλῳ
3070 4885 3417 4938 κατέταττεν.
3442 4881 3545 4936 Οὐκ
3567 4875 3731 4947 ἁθρόως

2209 4980 2317 5050 γὰρ
2348 4979 2473 5042 τοὺς
2506 4979 2715 5044 πάντας
2753 4978 2840 5047 ὑφ’
2868 4978 2963 5031 ἕνα
3010 4976 3202 5048 καιρὸν
3231 4974 3426 5046 εὑρὼν,
3455 4972 3509 5037 ἐξ
3540 4968 3727 5027 ἀνάγτῆς

2209 5073 2334 5133 τοὺς
2371 5070 2505 5141 πρὸς
2530 5072 2685 5140 χεῖρα
2708 5070 3195 5141 παρεμπίπτοντας
3216 5067 3450 5137 συνῆπτε
3467 5066 3567 5117 τοῖς
3588 5063 3728 5141 πρωί

2211 5160 2426 5230 ληφόσι.
2462 5160 2661 5232 Διόπερ
2696 5160 2789 5213 καὶ
2825 5162 2949 5223 τοὺς
2977 5159 3225 5232 πρώτους
3253 5164 3304 5223 η’
3336 5156 3451 5205 Τῶν
3477 5146 3592 5200 υἱῶν
3618 5136 3726 5207 Κορὲ

2208 5254 2354 5316 είκδς
2396 5252 2515 5305 τότε
2558 5252 2875 5317 κατατάξαι,
2909 5254 2995 5306 ὅτε
3046 5251 3135 5303 καὶ
3186 5246 3395 5317 ἀθρόως
3422 5239 3545 5312 ὁμοῦ
3576 5236 3727 5289 eam;

2212 5343 2469 5415 εὕρηνται
2489 5359 2503 5372 ·
2542 5344 2658 5413 μετ’
2693 5343 2937 5404 ἐκείνους
2964 5339 3021 5393 δὲ
3052 5336 3282 5406 συνάψαι
3303 5336 3425 5397 τοὺς
3452 5328 3573 5403 μετὰ
3596 5320 3725 5375 ταῦτα

534 5439 654 5485 sent
675 5440 798 5502 post
819 5446 1002 5485 Luxu
1030 5433 1321 5501 psalmum,
1344 5432 1503 5486 binos
1526 5432 1663 5484 alios
1687 5430 1944 5485 Filiorum
1971 5429 2074 5485 Cor

2212 5436 2291 5499 εἰς
2319 5434 2480 5488 αὑτὸν
2507 5434 2777 5497 ἐλθόντας.
2812 5429 2942 5486 Εἶτα
2971 5429 3177 5484 πολλῶν
3207 5430 3262 5481 ὲν
3287 5427 3362 5497 τῷ
3386 5420 3571 5496 μεταξὺ
3601 5414 3720 5482 εὑρη·

533 5523 924 5593 deprehensos,
954 5526 1148 5595 nem’pe
1170 5534 1443 5577 Lxxxntct
1466 5539 1692 5585 Lxxxw,
1713 5532 2112 5593 consequenter

534 5617 751 5673 locavit.
784 5616 923 5671 Tum
953 5627 1075 5686 post
1119 5617 1363 5685 elapsum
1398 5609 1663 5687 temporis
1716 5616 1949 5687 Spatium
1981 5632 2105 5670 cum

608 5773 653 5804 ⁷³
693 5771 827 5827 Luc.
865 5788 956 5837 xv,
998 5772 1055 5830 7.

2218 5526 2415 5598 μένων,
2444 5528 2538 5580 καὶ
2565 5528 2643 5590 εἱς
2659 5526 2757 5598 τὴν
2782 5525 2964 5596 βίϐλον
2984 5522 3090 5576 τῶν
3106 5520 3349 5590 ιΓοιλμῶν
3376 5506 3724 5598 ἁναληφθέντιῖνθ

2218 5592 2355 5688 μετὰ
2380 5618 2470 5671 τὸν
2499 5617 2588 5673 116‘
2608 5592 2841 5689 ψαλμὸν,
2865 5613 3126 5685 εὑρῆσθαι
3148 5610 3308 5664 πάλιν
3337 5607 3513 5667 ἄλλους
3544 5600 3618 5654 δύο
3636 5592 3723 5647 Τῶν
