4004 6552
310 484 463 542 ’1οη

1498 463 1998 537 COMMENTABIA
2039 483 2100 538 IN
2140 480 2480 540 PSALMOS’.

3407 477 3410 480 ’
3434 473 3568 529 1042

323 600 456 654 υίῶν
478 597 642 671 Κρρὲ,
685 595 776 660 οὓς
807 595 901 650 καὶ
929 595 1235 658 ἀκολούθως
1276 595 1510 666 συνάψας
1538 597 1596 648 ὲν
1633 595 1711 666 τῷ
1738 595 1891 667 τρίτιι.

2009 598 2196 652 Oratio
2223 597 2442 654 Davidis
2469 604 2680 667 reperta
2703 595 2916 662 fuisset,
2949 609 3068 649 eam
3097 601 3217 664 post
3242 608 3438 647 Lxxxtv
3477 609 3568 648 rc-

324 691 420 744 καὶ
452 695 504 741 π’
536 688 630 741 καὶ
651 687 727 758 τῷ
751 686 828 738 τπδ’
861 684 1172 750 κατέταξεν.
1201 681 1331 740 Εἶτα
1358 685 1558 756 μεταξὺ
1585 684 1678 738 τοῦ
1708 687 1898 758 χρόνου

323 781 421 852 τῆς
453 778 546 847 τοῦ
576 777 736 830 Δαυῖδ
782 776 1098 848 Προσευχῆς
1149 775 1485 848 εὑρεθείσης,
1541 776 1773 830 ἐνθεῖναι
1805 777 1900 830 καὶ

323 873 526 942 ταύτην
567 871 706 943 μετὰ
731 871 822 923 τὸν
847 870 952 926 πδ’.
976 870 1086 923 Καὶ
1115 870 1275 924 πάλιν
1307 869 1447 941 μετὰ
1467 871 1566 942 τὴν
1588 869 1900 942 Προσευχὴν

322 966 418 1020 τοῦ
442 963 623 1026 Δαυῒδ,
648 967 705 1016 ὲν
729 969 810 1016 πε⁹
840 963 990 1033 τόπῳ
1012 961 1456 1032 καταλεχθεῖσαν,
1481 961 1768 1034 εὑρεθῆναι
1794 961 1904 1015 ἐτέ-

324 1075 452 1130 ρους
501 1055 593 1109 δύο
622 1056 742 1109 Τῶν
775 1055 907 1109 υἱῶν
935 1055 1100 1126 Κορὲ,
1145 1053 1236 1112 τὸν
1271 1054 1409 1126 μετὰ
1447 1058 1636 1127 χεῖρας
1675 1056 1768 1108 καὶ
1811 1054 1902 1108 τὸν

297 1150 521 1222 εὲφεξῆς
553 1149 700 1220 αὑτῷ
720 1166 732 1177 ’
759 1149 819 1216 ἐξ
863 1148 1106 1219 ἀνάγκης
1133 1163 1192 1200 τε
1220 1148 1314 1201 καὶ
1340 1148 1536 1212 αὑτοὺς
1580 1146 1905 1218 συναχθῆναι

2005 692 2206 760 posuit.
2243 694 2322 745 Ac
2372 705 2589 745 rursum
2650 697 2772 760 post
2820 687 3133 743 Orationem
3182 687 3571 760 Davidis,qu:n

2005 800 2186 840 Lxxxv
2219 801 2449 840 numero
2503 786 2678 855 posita
2716 783 2913 847 fuerat,
2938 756 3200 838 inventos
3228 780 3396 835 fuisse
3429 781 3572 837 dicet

2006 875 2144 929 duos
2174 876 2310 930 alios
2338 874 2602 929 Filiorum
2619 875 2781 941 Core,
2816 876 2962 929 hunc
2989 889 3148 943 quem
3177 880 3495 933 tractamus.
3517 878 3573 926 et

2007 979 2322 1038 sequentem
2378 987 2392 1022 :
2441 983 2506 1022 ac
2556 968 2636 1024 sic
2691 967 3006 1024 necessario
3049 965 3295 1022 Orationi
3351 963 3574 1018 Davidis

2007 1058 2331 1128 coniunctos
2371 1057 2566 1114 fuisse.
2617 1057 2854 1128 ldipsum
2905 1071 3070 1126 porro
3098 1053 3296 1110 dixerit
3340 1052 3484 1107 idem
3515 1051 3573 1106 in

2007 1149 2345 1219 reliquorum
2377 1148 2711 1218 psalmorum
2745 1147 3085 1202 ordinatione
3111 1146 3428 1215 contigisse.

321 1248 389 1315 τῇ
421 1245 702 1316 Προσευχῇ
725 1242 819 1297 τοῦ
841 1242 1024 1298 Δαυῒδ.
1046 1243 1149 1296 Τὸν
1169 1242 1330 1296 αὑτὸν
1360 1242 1416 1297 δὲ
1439 1242 1596 1313 λόγον
1620 1243 1887 1315 ὑπάρχειν
1923 1245 1952 1297 ό
1974 1243 2137 1308 αὑτὸς
2162 1243 2307 1299 εῐποι
2327 1243 2392 1299 ἂν
2421 1244 2516 1298 καὶ
2535 1245 2627 1298 ἐπὶ
2653 1247 2753 1316 τῆς
2774 1244 2882 1297 τῶν
2908 1244 3109 1298 λοιπῶν
3168 1242 3398 1314 ψαλμῶν
3451 1257 3573 1293 συνε-

323 1335 544 1402 θέσεως.

393 1456 731 1512 Πιστώσεται
754 1457 814 1512 δὲ
837 1457 898 1512 τὸ
924 1457 1248 1529 λελεγμένον
1271 1459 1379 1514 ἀπὸ
1397 1459 1747 1530 προφητικῶν
1769 1460 1901 1513 ἀπο-

317 1548 567 1614 δείξεων·
605 1550 727 1602 ἐπεὶ
748 1549 858 1622 γὰρ
898 1550 956 1603 ἐν
985 1551 1104 1612 ταῖς
1141 1553 1506 1620 προφητικῶς
1535 1549 1735 1621 βίῦλοις
1768 1550 1900 1604 πολ-

319 1640 479 1704 λάκις
507 1642 653 1695 ἐστὶν
687 1643 865 1714 εὑρεῖν
891 1642 962 1697 τά
985 1641 1063 1713 τῷ
1085 1642 1258 1714 χρόνῳ
1285 1643 1646 1714 προλεχθέντα
1673 1643 1901 1716 δεύτερα

295 1721 298 1723 ’
319 1735 548 1806 κείμενα
569 1737 635 1806 τῇ
666 1735 836 1802 τάξει,
865 1735 959 1789 καὶ
985 1734 1054 1788 τὰ
1079 1734 1522 1806 προφητευθέντα
1543 1734 1745 1808 ὕστερα
1765 1753 1899 1808 προ-

317 1825 628 1896 στεταγμένα
649 1824 758 1879 τῶν
792 1824 1140 1897 προαγόντων
1167 1827 1277 1888 τοῖς
1307 1824 1537 1894 χρόνοις.
1555 1825 1613 1879 'O
1645 1824 1776 1893 γοῦν
1808 1824 1904 1878 Ἰε-

2074 1456 2198 1511 llzec
2236 1469 2362 1510 vero
2392 1453 2658 1510 sententia
2704 1452 3035 1522 propheticis
3082 1453 3343 1524 exemplis
3371 1454 3570 1509 contir-

2003 1559 2183 1602 matur
2213 1565 2228 1601 :
2264 1561 2390 1599 nam
2422 1545 2476 1599 in
2510 1545 2844 1615 propheticis
2881 1545 3033 1600 libris
3074 1544 3387 1615 frequenter
3420 1562 3572 1616 repe-

1999 1639 2112 1694 rire
2140 1645 2224 1693 est
2253 1652 2336 1699 ea,
2365 1652 2485 1707 qua:
2510 1637 2662 1706 prius
2693 1636 2838 1689 dicta
2870 1645 3017 1699 sunt,
3050 1637 3290 1692 secundo
3318 1638 3440 1692 loco
3474 1653 3572 1708 po-

2001 1731 2128 1796 sita,
2181 1735 2234 1783 et
2285 1744 2405 1799 qua:
2451 1737 2727 1800 postremo
2775 1729 3131 1798 praenuntiata
3178 1739 3324 1794 sunt,
3353 1729 3421 1785 iis
3451 1746 3572 1800 qua:

2003 1829 2396 1894 przecesserant
2419 1822 2722 1892 praemissa.
2753 1821 2884 1875 Nam
2916 1820 3180 1877 Jeremias
3204 1821 3414 1875 initium
3446 1838 3571 1893 pro.

318 1917 521 1990 ρεμίας
553 1915 917 1990 προφητεύειν
951 1917 1048 1988 μὲν
1072 1916 1300 1987 ἄρχεται
1347 1916 1439 1969 ἐπὶ
1470 1917 1694 1980 Ἰωσίου,
1723 1933 1891 1988 παρα-

2007 1914 2261 1984 phetandi
2291 1913 2442 1968 ducit
2472 1927 2502 1966 a
2532 1923 2774 1983 tempore
2799 1911 2994 1977 Josim;
3023 1920 3077 1966 et
3107 1927 3279 1982 usque
3306 1912 3373 1965 ad
3404 1911 3568 1968 Sede-

314 2007 482 2061 τείνει
509 2007 564 2062 δὲ
599 2007 758 2079 μέχρι
787 2007 1033 2061 Σεδεκίου
1064 2006 1156 2061 καὶ
1184 2007 1280 2077 τῆς
1308 2005 1682 2077 αἰχμαλωσίας
1700 2023 1714 2036 ο
1740 2005 1892 2058 Σεδε-

317 2101 448 2165 κίας
479 2101 522 2154 δ’
549 2096 616 2173 ἦν
646 2101 902 2172 τέταρτος
934 2099 1041 2154 ἀπὸ
1075 2099 1278 2153 Ἰωσίου
1315 2099 1584 2168 βασιλεύς.
1609 2099 1764 2153 Μετὰ
1789 2102 1895 2171 γὰρ

329 2191 542 2245 Ἰωσίαν
571 2192 818 2263 δεύτερος
849 2193 1104 2263 Ἰωακεὶμ
1135 2192 1248 2255 υίὸς
1279 2190 1442 2244 αὑτοῦ
1472 2191 1765 2262 διαδέχεται
1797 2191 1895 2264 τὴν

309 2283 496 2354 ἀρχήν
515 2301 529 2314 ·
570 2283 689 2355 μεθ’
717 2283 775 2336 ὃν
801 2283 981 2356 τρίτος
1015 2283 1286 2354 Ἰεχωνίας
1318 2285 1432 2348 υίὸς
1459 2284 1744 2355 Ἰωακείμ·
1778 2282 1895 2355 μεθ’

309 2375 376 2430 δν
423 2377 680 2448 τέταρτος
731 2377 986 2441 Σεδεκίας
1038 2377 1262 2447 ἀδελφὸς
1308 2377 1594 2448 Ἰωακείμ-
1638 2377 1760 2430 καθ’
1801 2377 1894 2441 οὓς

314 2465 562 2528 ἅπαντας
593 2465 688 2520 τοῦ
721 2466 985 2538 Ἰερεμίου
1013 2466 1508 2537 προφητεύσαντος,
1539 2467 1570 2537 ἡ
1610 2466 1895 2536 ἐπώνυμος

313 2555 484 2609 αὑτοῦ
515 2557 701 2630 γραφῇ
721 2557 945 2630 ἄρχεται
973 2559 1069 2630 μὲν
1091 2558 1199 2611 ἀπὸ
1231 2557 1459 2611 Ἰωσίουο
1493 2553 1610 2611 εἶτα
1632 2559 1894 2629 προϊοῦσα

312 2646 595 2717 μέμνηται
623 2626 882 2718 Ἰεχωνίου
906 2648 998 2700 τοῦ
1015 2649 1196 2718 τρίτου
1223 2648 1330 2701 ἀπὸ
1364 2647 1565 2700 Ἰωσίου
1581 2665 1593 2678 ’
1618 2643 1735 2701 εἶτα
1757 2666 1894 2720 προ.

277 2737 282 2741 ’
313 2737 542 2807 φητεύει
567 2739 636 2792 τὰ
661 2739 754 2791 ἐπὶ
783 2739 1049 2804 Σεδεκίου,
1080 2740 1138 2804 ὃς
1166 2735 1233 2811 ἦν
1252 2739 1508 2810 τέταρτος
1527 2739 1634 2792 ἀπὸ
1667 2739 1890 2792 Ἰωσίου·

306 2825 398 2892 οἷς
430 2829 557 2899 ἑξῆς
587 2831 768 2902 τίθησι
797 2832 865 2885 τὰ
898 2835 956 2884 ἐν
979 2831 1056 2902 τῷ
1085 2831 1330 2903 τετάρτῳ
1358 2833 1449 2886 ἐπὶ
1483 2833 1736 2903 Ἰωακεὶμ
1761 2849 1894 2904 προσ

309 2920 676 2992 φητευθέντα,
711 2922 770 2986 ὃς
800 2919 868 2993 ἦν
896 2922 1143 2994 δεύτερος
1191 2923 1326 2993 μετὰ
1358 2923 1585 2975 Ἰωσίαν.
1619 2921 1729 2975 Εἶθ’
1769 2923 1894 2994 ἑξῆς

311 3009 513 3078 ἐπάγει
540 3011 608 3065 τὰ
631 3013 689 3068 ὲν
720 3014 861 3082 ἀρχῇ
889 3012 983 3066 τοῦ
1017 3012 1182 3066 αὑτοῦ
1218 3013 1500 3083 Ἰωακείμ·
1532 3009 1650 3066 εἶτα
1690 3011 1760 3065 τὰ
1803 3015 1894 3067 ἐπὶ

308 3103 588 3170 Σεδεκίου,
621 3106 715 3159 καὶ
741 3107 903 3159 πάλιν
928 3106 996 3159 τὰ
1027 3109 1118 3160 ἐπὶ
1151 3108 1422 3178 Ἰωακείμ.
1456 3101 1586 3160 Εἶτα
1623 3109 1894 3179 μέμνηται

273 3199 280 3207 ’
305 3193 416 3262 τῆς
448 3194 824 3265 αἰχμαλωσίας
856 3195 953 3266 τῆς
981 3196 1060 3258 είς
1084 3196 1397 3258 Βαϐυλῶνα,
1420 3196 1514 3249 καὶ
1535 3195 1610 3260 ὡς
1641 3198 1776 3267 μετὰ
1799 3198 1894 3248 Σε-

1998 2008 2137 2062 ciam
2162 2014 2216 2060 et
2245 2005 2613 2074 captivitatem
2637 2005 2896 2074 pertingit
2929 2024 2941 2058 :
2974 2002 3230 2059 Sedecias
3257 2017 3384 2060 vero
3407 2019 3574 2074 quar-

1996 2107 2085 2154 tus
2115 2106 2233 2153 erat
2272 2113 2303 2152 a
2349 2096 2497 2152 Josia
2533 2113 2648 2152 rex.
2682 2097 2812 2152 Post
2852 2096 3058 2151 .losiam
3103 2097 3248 2152 enim
3297 2097 3574 2155 secundus

1995 2206 2223 2261 regnum
2253 2189 2454 2260 excipit
2479 2187 2725 2244 Joachim
2759 2187 2900 2244 ﬁlius
2925 2189 3066 2257 ejus,
3099 2190 3202 2243 sub
3236 2190 3350 2244 haec
3379 2191 3571 2246 tertius

1994 2281 2286 2337 Jechonias
2311 2281 2454 2336 ﬁlius
2479 2279 2749 2344 Joachim,
2781 2289 2834 2335 ct
2864 2289 2985 2350 post
3008 2296 3129 2334 eum
3155 2288 3383 2350 quartus
3404 2279 3572 2335 Sede-

1996 2375 2108 2429 cias
2141 2374 2308 2427 frater
2335 2371 2581 2428 Joachim
2613 2392 2626 2427 :
2662 2389 2725 2426 ac
2757 2389 2879 2426 cum
2907 2370 3171 2427 Jeremias
3203 2372 3288 2427 his
3315 2371 3572 2426 omnibus

1995 2466 2351 2535 regnantibus
2388 2465 2816 2536 prophetaverit,
2861 2465 2981 2534 ejus
3027 2463 3310 2535 Scriptura
3341 2480 3371 2517 a
3419 2461 3570 2518 Josia

1995 2557 2127 2622 init;
2163 2557 2265 2611 sub
2306 2558 2419 2612 haec
2469 2556 2762 2620 Jechoniae,
2795 2555 2885 2625 qui
2931 2555 3128 2610 tertius
3176 2570 3205 2608 a
3246 2553 3395 2610 Josia
3431 2562 3566 2617 erat,

1995 2649 2243 2703 meminit
2268 2668 2282 2716 ;
2310 2661 2422 2703 tum
2451 2666 2512 2704 ea
2544 2665 2667 2720 qua:
2706 2649 2809 2703 sub
2844 2646 3070 2703 Sedccia
3098 2648 3450 2710 vaticinatur,
3474 2647 3570 2717 qui

1995 2749 2223 2811 quartus
2249 2749 2366 2796 erat
2394 2757 2423 2795 a
2453 2740 2602 2796 Josia
2643 2761 2655 2796 :
2694 2742 2778 2796 his
2809 2750 3004 2812 quarto
3033 2742 3154 2795 loco
3197 2741 3479 2810 subjungit
3503 2755 3569 2795 ea

1993 2849 2113 2902 qua:
2141 2833 2504 2900 praenuntiata
2556 2840 2683 2888 sunt
2723 2833 2825 2887 sub
2853 2831 3122 2899 Joachirn,
3155 2834 3249 2904 qni
3293 2831 3568 2886 secundus

1995 2930 2118 2992 post
2150 2921 2354 2976 Josiam
2386 2932 2522 2977 erat.
2556 2923 2758 2993 Adjicit
2811 2931 2996 2993 postea
3051 2940 3174 2994 quae
3206 2923 3259 2976 in
3299 2923 3567 2992 principio

1995 3012 2170 3082 ipsius
2205 3011 2449 3066 Joachim
2479 3013 2624 3068 dicta
2653 3022 2780 3068 sunt
2807 3031 2821 3080 ;
2863 3015 2989 3068 hinc
3017 3030 3137 3084 quae
3169 2999 3272 3068 sub
3305 3011 3566 3080 Sedccia;

1995 3121 2212 3159 rursum
2244 3121 2307 3159 ea
2333 3120 2452 3175 quae
2481 3105 2584 3160 sub
2623 3103 2890 3160 Joachim.
2939 3105 3143 3160 Deinde
3193 3102 3564 3174 captivitatem

1995 3198 2050 3251 in
2082 3195 2410 3268 Babylonem
2446 3189 2714 3261 memi'nit,
2742 3206 2796 3254 et
2822 3198 3096 3269 quomodo
3128 3208 3248 3269 post
3283 3198 3566 3258 Sedeciam

261 3313 265 3317 -
304 3282 498 3337 δεκίαν
527 3284 763 3355 κατέστη
794 3286 1095 3356 ἡγούμενος
1127 3280 1236 3340 τῶν
1267 3285 1703 3354 ἀπολειφθέντων
1742 3288 1891 3340 Γοδο-

1998 3289 2201 3344 residui
2235 3290 2419 3358 populi
2459 3289 2568 3344 dux
2602 3289 2860 3346 Godolias
2893 3293 3224 3346 constitutus
3257 3291 3346 3355 sit,
3377 3299 3431 3345 et
3457 3306 3566 3360 quo

304 3375 454 3439 λίας,
487 3378 581 3430 καὶ
624 3377 699 3440 ὡς
733 3377 954 3448 Ἰσμαὴλ
998 3379 1208 3450 ἀναιρεῖ
1250 3378 1342 3430 τὸν
1388 3379 1656 3442 Γοδολίαν,
1693 3379 1810 3450 μεθ’
1835 3379 1893 3432 ὃν

274 3450 285 3459 ’
319 3466 548 3520 Ἰωανάν
579 3468 692 3532 υίὸς
721 3468 894 3539 Καριὲ
919 3471 1151 3536 ἡγεῖται.
1183 3470 1291 3522 Καὶ
1324 3470 1462 3539 μετὰ
1482 3469 1701 3534 τούτους
1722 3469 1894 3523 ἅπαν⁴

303 3577 410 3624 τας
444 3560 570 3632 ἑξῆς
593 3561 788 3628 ἐπάγει
815 3561 914 3624 τὰς
946 3563 1003 3613 ἐν
1025 3560 1101 3628 τῷ
1127 3559 1169 3613 δ’
1191 3560 1298 3614 ἕτει
1329 3562 1582 3633 Ἰωακεὶμ
1611 3562 1893 3633 λεχθείσας

306 3652 670 3723 προφητείας,
711 3652 804 3704 καὶ
839 3652 998 3705 πάλιν
1030 3652 1128 3716 τὰς
1163 3655 1220 3705 ἐν
1253 3654 1392 3725 ἀρχῇ
1435 3654 1710 3724 βασιλείας
1733 3655 1890 3708 Σεδε-

269 3743 272 3745 ’
305 3744 448 3820 κίουρ
471 3743 785 3816 εἰρημένας.
816 3745 1010 3814 Εύροις
1041 3745 1085 3800 δ’
1121 3746 1186 3800 ἂν
1217 3749 1310 3800 καὶ
1344 3747 1496 3817 παρὰ
1537 3747 1612 3818 τῷ
1644 3746 1892 3820 Ἑζεκιὴλ

301 3835 380 3890 τὰ
426 3837 797 3909 παραπλήσια.
825 3839 977 3892 Ἐπεὶ
1010 3839 1103 3891 καὶ
1133 3840 1191 3892 ὲν
1229 3843 1294 3910 τῇ
1338 3839 1524 3892 τούτου
1568 3844 1752 3912 γραφῇ
1795 3842 1892 3912 οὑχ

303 3926 439 3996 ἑξῆς
464 3931 575 3991 τοῖς
609 3929 819 3999 χρόνοις
855 3929 1165 3998 σύγκεινται
1193 3933 1250 3985 αἱ
1277 3934 1600 4003 προφητεῖαι
1619 3949 1632 3962 ο
1663 3931 1776 3986 ἀλλ’
1812 3935 1890 3985 εἰ-

304 4015 399 4068 σὶν
431 4017 486 4069 αί
524 4015 622 4087 μὲν
656 4018 796 4072 κατὰ
820 4018 880 4070 τὸ
909 4018 989 4082 κζ’
1018 4019 1136 4084 ἔτος
1173 4021 1270 4091 τῆς
1298 4022 1669 4092 αἰχμαλωσίας
1697 4040 1893 4094 προτε-

299 4105 582 4175 ταγμέναι
622 4106 699 4177 τῷ
744 4114 811 4160 ια’
844 4108 943 4179 τῆς
986 4110 1359 4179 αἰχμαλωσίας
1400 4112 1706 4182 εἰρημένῳυ
1751 4113 1889 4183 μετὰ

300 4193 419 4266 γάρ
453 4195 552 4259 τὰς
581 4198 640 4251 ἐν
679 4196 757 4268 τῷ
796 4197 879 4261 κζ’
909 4197 1018 4252 έτει
1051 4199 1306 4270 φέρονται
1335 4201 1389 4253 αί
1415 4200 1685 4272 λεχθεῖσαι
1728 4204 1785 4255 ἐν
1812 4201 1890 4273 τῷ

302 4295 381 4342 ια’
414 4289 515 4358 τῆς
539 4291 914 4360 αἰχμαλωσίας
949 4293 1058 4345 ἔτει
1079 4309 1090 4322 ·
1129 4294 1223 4346 καὶ
1250 4294 1410 4347 πάλιν
1442 4295 1578 4365 μετὰ
1599 4295 1696 4358 τὰς
1720 4298 1777 4349 ὲν
1809 4296 1886 4367 τῷ

303 4387 380 4434 ια’
409 4381 562 4434 ἄλλαι
599 4383 851 4454 φέρονται
895 4389 952 4439 ἐν
988 4385 1064 4457 τῷ
1100 4394 1128 4440 ι’
1162 4387 1271 4440 έτει
1304 4388 1609 4460 εἰρημέναι,
1639 4389 1730 4441 καὶ
1763 4389 1886 4460 ἑξῆς

297 4475 364 4527 αἱ
391 4475 449 4526 ἐν
479 4474 557 4544 τῷ
589 4483 664 4528 κε’
691 4476 820 4531 ἔτει.
857 4479 966 4532 Καὶ
1006 4479 1208 4534 τούτων
1241 4483 1494 4535 ἁπάντων
1539 4482 1682 4536 εἴποι
1713 4483 1778 4536 ἄν
1806 4502 1889 4549 τις

298 4561 406 4634 τὴν
445 4563 622 4620 αἰτίαν
669 4567 768 4619 οὑκ
809 4567 972 4640 ἄλλην
998 4565 1139 4623 εἶναι
1166 4572 1263 4642 τῆς
1296 4571 1710 4643 ἀποδεδομένης.
1747 4575 1885 4627 Σπο-

1996 3388 2157 3451 pacto
2187 3381 2381 3434 lsmael
2413 3378 2694 3434 Godoliam
2717 3380 3002 3446 occiderit,
3029 3392 3149 3452 post
3171 3397 3328 3452 quem
3355 3380 3566 3435 Joanan

1959 3461 1962 3464 ’
1996 3475 2138 3528 ﬁlius
2169 3473 2327 3529 Carie
2371 3473 2480 3527 dux
2516 3473 2637 3528 fuit.
2666 3471 2798 3528 Post
2839 3474 2940 3529 hos
2981 3484 3157 3528 autem
3189 3488 3379 3528 omnes
3411 3472 3568 3528 aﬂ‘ert

1994 3566 2190 3620 deinde
2221 3565 2536 3634 pmphetias
2565 3581 2710 3618 anno
2741 3575 2938 3634 quarto
2966 3565 3214 3619 Joachim
3247 3565 3567 3635 pronuntia-

1994 3663 2114 3722 tas;
2153 3655 2256 3710 sub
2295 3655 2410 3709 haec
2446 3655 2568 3710 illas
2602 3671 2724 3725 qua:
2754 3655 2911 3709 initio
2941 3657 3090 3724 regni
3121 3653 3362 3710 Sedeeiee
3404 3655 3567 3710 dicta:

1993 3754 2143 3802 sunt.
2179 3747 2391 3800 Similia
2433 3763 2649 3818 quoque
2688 3748 2745 3801 in
2798 3746 3080 3801 Ezechiele
3125 3761 3387 3817 repertas.
3429 3745 3566 3799 Nam

1993 3839 2046 3892 in
2082 3839 2244 3908 hujus
2289 3854 2505 3909 quoque
2551 3840 2822 3910 scriptura
2871 3840 3168 3910 prophetiae
3213 3855 3322 3894 non
3352 3837 3567 3894 ordine

1993 3932 2256 4002 temporis
2280 3932 2498 4002 jacent;
2531 3932 2626 3988 sed
2651 3949 2772 4004 quae
2796 3931 3116 3988 vicesimum
3149 3933 3438 4002 septimum
3470 3945 3566 3985 ca-

1967 4023 1974 4026 ”
1991 4024 2262 4094 ptivilatis
2291 4040 2493 4079 annum
2523 4035 2792 4096 spectant,
2820 4025 3225 4096 prtemittuntur
3253 4025 3320 4080 iis
3346 4037 3466 4093 qua:
3490 4021 3560 4077 de

1992 4114 2280 4170 undecimo
2322 4115 2654 4186 captivitatis
2702 4127 2847 4170 anno
2876 4117 3020 4171 dicta
3055 4124 3183 4171 sunt
3215 4135 3227 4171 :
3262 4123 3384 4185 post
3428 4115 3550 4168 illas

1991 4206 2135 4261 enim
2166 4205 2414 4260 vicesimi
2445 4205 2658 4276 septimi
2703 4206 2830 4259 anni
2861 4206 3196 4276 prophetias,
3224 4219 3345 4276 qua:
3389 4204 3562 4259 unde—

1990 4299 2133 4353 cimo
2168 4315 2311 4352 anno
2345 4297 2504 4352 dictae
2542 4307 2690 4361 sunt,
2725 4297 2975 4353 feruntur
3008 4318 3020 4352 :
3057 4298 3252 4354 deinde
3280 4314 3411 4353 vero
3440 4306 3564 4368 post

1970 4390 2112 4443 'illas
2135 4389 2406 4444 undecimi
2437 4390 2588 4452 anni,
2613 4389 2859 4460 quwdam
2889 4389 3157 4443 habentur
3179 4389 3392 4443 decimo
3418 4404 3563 4443 anno

1966 4475 2169 4540 'dictze,
2193 4476 2318 4531 hinc
2339 4493 2460 4548 quae
2485 4478 2615 4532 anni
2641 4477 2888 4533 vicesimi
2917 4479 3093 4548 quinti
3127 4487 3275 4532 sunt.
3314 4479 3562 4545 Quorum

1965 4567 2238 4620 omnium
2267 4584 2377 4623 non
2413 4569 2574 4622 aliam
2605 4584 2828 4623 causam
2861 4571 2984 4638 quis
3010 4568 3199 4625 all’erat
3230 4571 3563 4640 praeterjam

302 4651 478 4726 ράδην
510 4655 639 4727 γάρ,
660 4658 736 4721 ὡς
763 4661 928 4725 εἰκὸς,
951 4661 1059 4714 τῶν
1083 4663 1225 4715 κατὰ
1246 4664 1468 4732 χρόνους
1495 4664 1586 4718 καὶ
1615 4663 1737 4717 καθ’
1757 4665 1886 4718 ἕκα-

1990 4658 2268 4729 traditam.
2314 4658 2448 4713 Nam
2481 4675 2604 4713 cum
2636 4661 2892 4729 sparsim,
2934 4669 2992 4714 ut
3017 4661 3312 4716 verisimile
3332 4672 3437 4724 est,
3470 4677 3560 4714 va-

303 4761 433 4798 στον
467 4745 691 4816 βασιλέα
722 4748 960 4819 μερικῶς
993 4753 1542 4822 προπεφητευμένων,
1566 4754 1626 4807 τό
1659 4754 1885 4808 παλαιὸν

264 4852 267 4854 ·
303 4832 460 4905 παρά
486 4838 601 4899 τοῖς
630 4837 940 4900 σπουδαίοις
979 4836 1322 4910 σωζομένων,
1351 4843 1468 4912 ἦτοι
1510 4843 1601 4895 τὸν
1628 4845 1882 4916 Ἔσδραν,

298 4925 339 4996 ἢ
375 4925 471 4980 καί
503 4943 655 4991 τινας
688 4929 930 5000 ἐτέρους,
960 4930 1064 4982 ὑπὸ
1094 4930 1219 5001 μίαν
1251 4935 1594 5005 περιγραφὴν
1629 4936 1886 5004 συνάγον-

264 5013 268 5018 ’
302 5031 406 5078 τας
437 5017 506 5071 τά
537 5019 753 5090 ἑκάστῳ
787 5021 896 5075 τῶν
933 5023 1227 5094 προφητῶν
1269 5024 1410 5077 κατὰ
1441 5027 1663 5096 χρόνους
1698 5027 1884 5095 διαφό-

305 5123 437 5179 ρους
470 5107 749 5178 λεχθέντα,
777 5115 902 5179 τοὺς
943 5113 1193 5185 πρώτους
1233 5117 1652 5187 εὑρισκομένους
1695 5118 1914 5188 λόγους

304 5197 670 5250 κατατάσσειν
694 5200 942 5271 πρώτους
963 5220 976 5233 ·
1005 5200 1104 5257 εἷθ’
1128 5205 1254 5276 ἑξῆς
1281 5205 1572 5259 συνάπτειν
1592 5209 1717 5272 τοὺς
1747 5209 1883 5279 μετὰ

303 5286 480 5341 ταῦτα
515 5289 953 5362 εὑρισκομένους,
981 5294 1028 5349 εί
1059 5297 1152 5349 καὶ
1179 5299 1418 5368 προῆγον
1448 5298 1526 5369 τῷ
1553 5302 1746 5372 χρόνῳ.
1780 5303 1883 5355 Τὸν

299 5375 351 5429 δ’
369 5377 537 5431 αὑτὸν
563 5374 699 5432 εἶναι
718 5380 876 5449 λόγον
901 5383 994 5436 καὶ
1018 5385 1108 5436 ἐπὶ
1136 5384 1236 5455 τῆς
1260 5383 1466 5450 τάξεως⁹
1488 5385 1594 5439 τῶν
1616 5386 1880 5458 Ψαλμῶν,

304 5468 534 5523 καθόλου
572 5472 669 5542 μὲν
701 5474 972 5539 ἁπάντων,
1010 5475 1154 5540 ἰδίως
1183 5476 1240 5529 δὲ
1275 5479 1369 5530 καὶ
1395 5478 1502 5531 τῶν
1534 5477 1670 5549 μετὰ
1695 5481 1882 5551 χεῖρας

304 5565 439 5635 ἡμῖν
485 5563 918 5636 ἐξεταζομένων·
963 5568 1012 5620 εί
1064 5567 1138 5639 μὴ
1173 5569 1279 5640 ἄρα
1322 5587 1408 5634 τις
1442 5570 1734 5643 βαθύτερος
1759 5572 1884 5637 νοῦς

277 5659 280 5662 ’
302 5652 582 5708 λανθάνων
620 5657 764 5726 ἡμᾶς
804 5657 1022 5729 ἐτέρους
1048 5659 1200 5723 τινάς
1227 5659 1518 5733 λογισμοὺς
1541 5665 1880 5735 παραστήσει

300 5746 402 5814 τῆς
427 5746 534 5799 τῶν
567 5747 916 5819 ὲζητημένων
948 5750 1128 5815 αἰτίας
1186 5752 1268 5806 Τά
1307 5770 1370 5821 γε
1431 5755 1538 5823 μὴν
1571 5757 1702 5825 ἡμῖν
1746 5756 1878 5808 ὑπο-

303 5839 540 5892 πεσόντα
581 5840 662 5902 εἷς
709 5857 768 5893 τε
814 5859 912 5912 την
945 5843 1097 5909 τάξιν
1124 5844 1243 5899 Τῶν
1280 5845 1412 5900 υἱῶν
1446 5847 1612 5919 Κορὲ,
1637 5850 1880 5920 καὶπερὶ

305 5928 405 6001 τῆς
448 5931 760 6004 Προσευχῆς
809 5934 901 5988 τοῦ
945 5937 1108 5992 Δαυῒδ
1136 5938 1235 6009 τῆς
1265 5939 1367 6012 πρὸ
1397 5938 1490 5993 τοῦ
1521 5938 1663 6012 μετὰ
1695 5944 1880 6014 χεῖρας

1987 4751 2084 4804 riis
2111 4751 2466 4820 temporibus,
2499 4759 2553 4806 et
2600 4752 2702 4806 sub
2741 4753 2971 4822 singulis
3019 4753 3236 4824 regibus
3267 4755 3560 4824 separatim

1985 4840 2143 4895 editae
2164 4842 2479 4910 prophetia},
2505 4859 2534 4895 a
2566 4841 2829 4898 studiosis
2848 4845 3150 4913 antiquitus
3174 4853 3399 4899 servata:
3426 4845 3562 4900 fuis-

1987 4935 2142 4991 sent,
2199 4929 2313 4984 sive
2361 4929 2584 4995 Esdras,
2632 4931 2746 4986 sive
2803 4933 3021 5001 quidam
3053 4934 3166 4998 alii,
3216 4935 3558 5005 singulorum

1987 5019 2374 5088 prOphetarum
2403 5020 2570 5088 dicta,
2604 5023 2772 5076 variis
2801 5023 3139 5091 temporibus
3187 5027 3417 5093 prolata,
3450 5042 3559 5078 uno

1987 5112 2263 5166 volumine
2302 5112 2842 5172 circumscribentes.
2875 5130 2937 5168 ea
2973 5132 3094 5185 qua:
3123 5117 3298 5185 primo
3349 5128 3558 5186 reperta

1987 5203 2224 5267 fuerant,
2258 5205 2433 5275 primo
2470 5205 2590 5259 loco
2620 5216 2938 5276 posuerunt,
2970 5208 3167 5262 deinde
3205 5224 3266 5262 ea
3305 5226 3425 5279 qua:
3459 5226 3556 5279 po—

1985 5303 2100 5349 stea
2159 5297 2228 5350 ad
2297 5311 2518 5350 manum
2577 5309 2876 5358 venerunt.
2931 5299 3282 5368 subjunxere,
3340 5299 3557 5355 etiamsi

1986 5394 2227 5457 tempore
2255 5389 2530 5459 przeirent.
2559 5389 2760 5446 Eadem
2793 5407 2922 5446 vero
2950 5393 3160 5447 ratione
3183 5391 3384 5447 Psalmi
3414 5393 3556 5462 dige—

1984 5480 2053 5534 sti
2087 5489 2234 5547 sunt,
2267 5483 2382 5538 sive
2419 5497 2609 5538 omnes
2639 5499 2746 5538 una
2776 5492 3116 5556 Spectentur,
3159 5486 3273 5539 sive
3323 5485 3358 5538 ii
3405 5500 3556 5539 seor-

1983 5571 2083 5628 sim
2108 5589 2247 5645 quos
2275 5575 2387 5644 jam
2429 5583 2752 5633 tractamus.
2795 5575 2908 5631 Nisi
2957 5574 3190 5630 fortasse
3232 5576 3558 5646 profundior

1982 5664 2162 5735 aliqua
2194 5666 2527 5736 intelligendi
2569 5671 2729 5734 ratio,
2765 5670 2926 5723 nobis
2959 5669 3196 5728 occulta,
3232 5669 3392 5722 aliam
3423 5684 3555 5722 cau-

1983 5775 2096 5814 sam
2127 5759 2194 5814 ad
2221 5762 2552 5829 quaestiones
2575 5763 2897 5818 solutionem
2933 5761 3138 5816 atterat.
3173 5760 3245 5813 Ea
3279 5777 3406 5816 vero
3433 5777 3555 5830 quae

1981 5850 2047 5906 de
2079 5852 2269 5908 ordine
2292 5853 2624 5922 psalmorum
2649 5852 2910 5907 Filiorum
2933 5854 3092 5919 Core,
3123 5863 3178 5908 et
3209 5853 3274 5907 de
3296 5852 3556 5908 Oratione

1983 5943 2199 6001 Davidis
2229 5963 2348 6018 quae
2383 5954 2509 6003 ante
2531 5948 2676 6003 hunc
2705 5949 2973 6018 psalmum
3015 5949 3190 6019 posita
3246 5955 3300 6003 et
3347 5946 3402 6000 in
3435 5958 3552 5999 mo-
