3974 6516
343 362 479 419 1945

1531 370 2033 432 COMMENTARIA
2073 376 2138 433 IN
2180 377 2518 435 PSALMOSL

3449 364 3583 427 Ιαϐ
3624 370 3631 373 ’

408 480 520 552 Τῆς
542 479 635 536 οὖν
662 482 923 558 μεγίστης
948 485 1149 557 ταύτης
1176 490 1266 541 καὶ
1303 488 1636 560 θεοπρεποῦς
1676 492 1875 557 πόλεως

2078 495 2250 566 Hujus
2279 497 2461 566 itaque
2495 494 2743 548 maximae
2765 501 2827 546 ct’
2846 492 2952 546 Dco
2979 491 3155 561 dignm
3188 488 3449 551 civitatis,
3472 489 3583 589 sci-

333 570 475 642 λέγω
501 574 558 627 δὲ
580 578 677 645 τῆς
702 576 794 629 τοῦ
821 577 957 631 Θεοῦ
998 578 1340 650 Ἑκκλησίας,
1361 582 1453 634 καὶ
1479 582 1570 635 τοῦ
1598 587 1716 636 κατ’
1738 586 1875 657 αὐτὴ

2010 588 2132 642 licet
2184 588 2439 642 Ecclesiae
2498 586 2617 649 Dei,
2645 594 2693 640 ct
2731 585 2802 654 pii
2858 583 3091 638 instituti
3119 582 3173 635 in
3231 597 3295 635 ea
3355 580 3579 642 servati,

334 666 726 737 ἑμφαινομένου
778 669 1060 737 θεοσεϐοῦς
1112 675 1522 747 πολιτεύματος,
1569 680 1616 730 oi
1666 678 1903 749 θεμέλιοι

332 760 690 828 τυγχάνουσιν
719 763 776 814 ἐν
808 766 921 827 τοῖς
961 764 1114 835 ὄρεσι
1139 771 1251 832 τοῖς
1275 769 1468 837 ἁγίοις.
1487 772 1805 844 Ἐρμηνεύει
1847 774 1903 826 δὲ

330 848 420 901 τὸν
472 848 627 917 λόγον
672 854 699 904 ὁ
736 853 1053 918 Ἀπόστολος
1088 858 1343 925 φάσκων·
1390 860 1905 933 Ἐποικοδομηθέν-

329 958 426 1007 τες
460 942 557 994 ἐπὶ
586 942 665 1008 τῷ
694 946 943 1012 θεμελίῳ
983 947 1101 1000 τῶν
1146 949 1506 1006 ἀποστόλων
1534 954 1631 1007 καὶ
1678 972 1903 1025 προφη-

324 1031 463 1097 τῶν,
506 1035 677 1102 ὄντος
710 1037 1139 1106 ἀκρογωνιαίου
1168 1044 1354 1097 αὑτοῦ
1390 1046 1587 1113 Ἰησοῦ
1620 1051 1899 1116 Χριστοῦ.

325 1127 433 1179 Καὶ
486 1128 660 1193 ἄλλως
705 1132 761 1185 δὲ
804 1133 855 1186 οἱ
900 1132 1136 1205 θεμέλιοι
1175 1137 1337 1190 αὐτοῦ
1364 1140 1463 1193 οὐκ
1490 1141 1725 1195 ἐνταῦθα
1752 1144 1901 1197 κάτω

324 1218 417 1269 καὶ
444 1220 574 1290 παρ’
601 1223 746 1292 ἡμᾶς
775 1226 1151 1295 τυγχάνουσιν,
1176 1228 1289 1281 ἀλλ’
1316 1229 1428 1284 ἀνω
1451 1248 1556 1285 που
1587 1235 1677 1287 καὶ
1709 1236 1764 1286 ἐν
1788 1240 1900 1301 τοῖς

324 1305 676 1377 καλουμένοις
714 1312 890 1379 ἁγίοις
917 1313 1089 1385 ὄρεσι.
1124 1316 1214 1369 Διὸ
1240 1315 1486 1373 λέλεκται
1505 1335 1519 1350 ·
1552 1323 1615 1373 οι
1643 1322 1897 1391 θεμέλιοι

318 1397 505 1451 αὑτοῦ
547 1400 616 1451 ἐν
658 1400 781 1468 τοῖς
808 1402 971 1471 ὄρεσι
998 1405 1121 1472 τοῖς
1152 1407 1360 1476 ἁγίοις.
1397 1406 1520 1463 Εἶεν
1557 1414 1586 1465 δ
1633 1412 1698 1465 ἂν
1725 1414 1898 1469 ταῦτα

319 1486 387 1539 τὰ
413 1488 513 1559 ὅρη
541 1490 589 1542 οἱ
619 1491 837 1563 οὐρανοὶ
868 1495 976 1549 τῶν
1006 1496 1270 1567 οὐρανῶν,
1304 1498 1432 1553 ἔνθα
1469 1500 1525 1553 τὸ
1568 1502 1708 1573 μέγα
1742 1506 1895 1559 πολί-

316 1594 493 1648 τευμα
517 1576 614 1649 τῆς
645 1583 966 1654 ἐπουρανίου
992 1586 1151 1650 Σιὼν,
1180 1590 1272 1643 καὶ
1296 1590 1397 1660 τῆς
1419 1592 1631 1665 ἀληθῶς
1658 1596 1896 1667 μεγάλης

310 1670 412 1723 τοῦ
437 1670 571 1725 Θεοῦ
603 1672 810 1739 πόλεως
842 1678 1189 1750 συνέστηκεν.
1220 1683 1333 1736 Οὐκ
1355 1683 1484 1754 ἐμὸς
1510 1685 1568 1738 δὲ
1595 1681 1746 1751 οὗτος
1764 1689 1793 1740 ὁ
1812 1689 1895 1743 λό-

313 1776 430 1829 γος,
462 1761 597 1815 ἀλλὰ
630 1764 721 1817 καὶ
754 1766 913 1830 αὐτὸς
949 1769 1042 1821 τοῦ
1079 1772 1345 1841 φήσαντος
1361 1774 1709 1829 Ἀποστόλουσ
1729 1778 1805 1833 ,Ἡ
1829 1778 1897 1833 δὲ

2009 680 2358 733 fundamenta
2379 687 2505 732 sunt
2530 680 2587 732 in
2616 677 2890 751 montibus
2919 674 3144 730 sanctis.
3170 673 3372 727 Locum
3400 679 3579 725 autem

2005 770 2239 839 explicat
2273 768 2565 838 Apostolus
2595 767 2679 821 his
2720 767 2944 820 verbis:
2972 760 3393 833 Supera’diﬁcati
3422 773 3578 828 super

2005 861 2405 929 fundamentum
2432 860 2791 929 apostolorum
2819 870 2867 912 et
2884 857 3276 927 prophetarum,
3297 855 3408 923 ipso
3429 867 3577 905 sum-

2006 952 2372 1022 mo.angnlari
2419 950 2592 1019 lapide
2633 949 2764 1005 Iesu
2796 950 3006 1004 Christo
3029 950 3096 1001 7°.
3130 946 3194 999 Et
3230 961 3358 1000 vero
3382 944 3578 998 funda-

2006 1058 2184 1099 menta
2219 1047 2340 1114 ejus
2376 1060 2486 1099 non
2521 1044 2750 1097 interius
2786 1044 2963 1111 posita
2993 1050 3045 1095 et
3077 1054 3244 1110 penes
3276 1053 3378 1093 nos
3417 1043 3573 1103 sunt;

2002 1136 2096 1189 sed
2140 1150 2385 1201 sursum,
2411 1144 2464 1189 et
2493 1135 2547 1188 in
2582 1134 2650 1188 iis
2682 1134 2774 1203 qui
2810 1140 3025 1186 montes
3069 1130 3242 1184 sancti
3284 1137 3572 1182 vocantur.

2000 1226 2182 1292 Quare
2228 1227 2454 1290 dicitur,
2493 1225 2868 1279 Fundamenta
2912 1223 3027 1293 ejus
3062 1224 3116 1275 in
3150 1219 3417 1274 montibus
3445 1236 3574 1273 san-

1999 1319 2120 1371 ctis.
2168 1317 2249 1370 Illi
2298 1333 2461 1387 porro
2493 1326 2714 1388 montes
2744 1316 2940 1378 sancti,
2973 1320 3102 1367 sunt
3132 1312 3256 1366 caeli
3281 1311 3571 1369 caelorum.

2000 1410 2092 1463 ubi
2142 1425 2395 1480 maguum
2446 1408 2576 1463 illud
2617 1409 2927 1463 institutum
2978 1404 3219 1459 cmlestis
3282 1401 3465 1461 Sionis
3517 1409 3573 1453 et

1998 1516 2128 1555 vere
2153 1516 2363 1571 magna:
2392 1500 2487 1555 Dei
2509 1499 2748 1555 civitatis
2788 1498 3059 1553 consistit.
3084 1496 3270 1564 Neque
3294 1508 3449 1548 incus
3482 1492 3573 1546 bic

1998 1608 2179 1649 sermo
2210 1600 2315 1657 est,
2331 1592 2426 1649 sed
2458 1592 2705 1663 ejusdem
2733 1590 2978 1661 Apostoli
3011 1589 3245 1645 dicentis
3272 1606 3284 1641 :
3315 1586 3426 1640 Illa
3451 1600 3570 1640 vero

1996 1701 2113 1756 quin
2158 1702 2370 1740 sursum
2427 1694 2507 1740 est
2560 1683 2879 1746 Jerusalem,
2938 1682 3103 1735 libera
3160 1689 3273 1742 est,
3323 1694 3439 1749 qua:
3489 1683 3570 1731 est

1999 1788 2168 1831 mater
2196 1788 2379 1832 nostra
2407 1779 2482 1841 3°;
2510 1785 2585 1841 et,
2611 1777 2922 1831 Accessistis
2974 1774 3043 1827 ad
3075 1772 3205 1828 Sion
3242 1780 3490 1835 montem,
3515 1774 3569 1822 et

310 1850 437 1905 ἀνω
476 1854 860 1924 Ἰερουσαλὴμ
891 1860 1171 1930 ἐλευθέρα
1212 1865 1403 1929 ἐστίν,
1442 1866 1574 1935 ἣτις
1604 1870 1734 1923 ἐστὶ
1779 1872 1875 1940 μή·

1998 1868 2260 1921 civitatem
2303 1866 2401 1920 Dei
2444 1867 2683 1929 viventis,
2720 1864 3021 1919 Jerusalem
3047 1863 3324 1927 cwlestem,
3354 1870 3404 1914 et
3432 1858 3567 1912 mul-

312 1958 424 2009 ττιρ
482 1944 669 2013 ἡμῶν,
715 1949 841 2001 καί’
880 1954 1376 2021 Προσε.1ηλύθατε
1431 1961 1584 2011 Siwr
1630 1960 1749 2027 ὄρει
1793 1964 1891 2019 καὶ
1928 1944 1968 1953 ν
1996 1968 2169 2028 eorum
2198 1955 2427 2009 millium
2460 1955 2766 2027 angelorum
2794 1955 3166 2025 frequentiam,
3191 1962 3239 2007 et
3272 1950 3566 2004 Ecclesium

313 2035 486 2088 πόλει
530 2037 678 2090 θεοῦ
716 2038 1354 2115 ζῶντος,Ἰερουσαλ-ὴμ
1393 2048 1744 2118 ἐπουρανίῳ,
1792 2055 1889 2107 καὶ

303 2126 597 2193 μυριάσιν
609 2129 880 2199 ἀγγέλων
897 2138 1247 2205 πανηγύρει,
1269 2138 1367 2191 καί
1402 2139 1724 2209 Ἐκκλησία
1746 2160 1892 2211 πρω-

308 2218 573 2304 τοτόκων
625 2222 1164 2294 ἀπογεγραμμένων
1214 2228 1284 2281 ἐν
1335 2232 1631 2299 (λίτρανοῑς.
1665 2220 1889 2304 ’Ταύτης

301 2302 403 2361 οῦν
432 2311 533 2379 τῆς
569 2312 810 2382 μεγάλης
840 2316 1043 2381 πόλεως
1074 2318 1167 2371 τοῦ
1201 2320 1337 2373 Θεοῦ
1378 2322 1542 2377 εἰκὼν
1578 2326 1677 2395 μὲν
1704 2342 1788 2397 ειη
1821 2302 1887 2381 ἂν

302 2399 343 2471 ή
388 2401 479 2452 ἐπὶ
527 2403 630 2472 γῆς
668 2404 959 2478 Ἐκκλησία
992 2410 1085 2463 τοῦ
1120 2412 1288 2464 Θεοῦ’
1333 2413 1403 2467 τὰ
1440 2415 1496 2467 δὲ
1541 2417 1885 2488 στηρίγματα

301 2492 475 2564 αὐτῆς
526 2497 619 2548 καὶ
669 2496 924 2567 θεμέλιοι,
956 2503 1004 2553 οἱ
1054 2503 1112 2555 ἐν
1158 2507 1267 2567 τοῖς
1312 2506 1720 2579 ἀποδεδομένας
1751 2513 1884 2582 ἡμῖν

298 2585 482 2654 ἁγίοις
510 2587 691 2659 ὄρεσιν
714 2590 1099 2663 ὑφεστήκασιν·
1130 2598 1184 2650 αἱ
1214 2599 1269 2652 δὲ
1296 2600 1492 2654 εἴσοδοι
1525 2603 1619 2656 καὶ
1647 2605 1703 2656 αἱ
1730 2604 1881 2674 πρῶ-

300 2693 395 2729 ται
443 2680 809 2749 στοιχειώσεις
863 2685 1033 2757 αὐτῆς
1082 2688 1295 2761 ἐκείνης
1336 2692 1438 2762 τῆς
1478 2693 1882 2765 οὐρανοπόλεως

300 2766 539 2820 ἐνταῦθα
570 2772 895 2840 τυγχάνουσι
947 2778 1075 2849 παρ’
1101 2779 1473 2855 ἡμῖν.”Ασπερ
1520 2785 1757 2849 εἰσόδους
1789 2788 1882 2839 καὶ

296 2860 612 2928 εἰσαγωγὰς
641 2863 735 2916 τοῦ
768 2864 1053 2932 θεοσεϐοῦς
1084 2871 1476 2943 πολιτεύματος
1529 2876 1702 2940 πύλας
1750 2878 1881 2931 ὠνό-

304 2965 447 3017 μασε
470 2951 607 3005 Σιὼν
631 2953 826 3023 ὁλόγος
866 2957 1090 3026 φάσκων
1107 2977 1120 2993 ο
1170 2962 1384 3031 Ἀγιιπᾷ
1406 2966 1622 3033 Κύριος
1650 2967 1756 3033 τὰς
1774 2970 1881 3022 πύ-

296 3044 418 3107 λας
475 3043 631 3097 Σιὼν
699 3047 851 3114 ὑπὲρ
905 3049 1101 3104 πάντα
1153 3053 1224 3106 τὰ
1271 3054 1629 3125 σκηνώματα
1663 3060 1874 3116 Ἰακώϐ.

302 3130 647 3203 Σκηνώματα
671 3135 728 3188 δὲ
766 3138 958 3191 Ἰακὼϐ
986 3142 1041 3193 αἱ
1078 3142 1362 3197 Ἰουδαικαὶ
1406 3149 1750 3219 παραδόσεις,
1783 3154 1875 3205 καὶ

1988 2048 2377 2117 primitivarum
2427 2048 2517 2118 qui
2568 2047 2821 2116 descripti
2867 2056 2990 2101 sunt
3030 2046 3084 2100 in
3125 2045 3266 2099 caelis
3289 2042 3355 2098 ⁸⁸.
3388 2041 3565 2112 Hujus

1988 2150 2173 2210 itaque
2220 2155 2432 2210 magna;
2479 2139 2573 2194 Dei
2630 2140 2867 2195 civitatis
2897 2138 3077 2208 imago
3122 2135 3284 2191 fuerit
3320 2132 3564 2188 Ecclesia

1992 2231 2106 2299 Dei,
2141 2248 2264 2302 quae
2290 2240 2376 2289 est
2403 2233 2457 2286 in
2488 2238 2667 2299 terra;
2711 2231 2883 2286 fulcra
2911 2238 3089 2285 autem
3113 2236 3168 2283 et
3206 2226 3562 2281 fundamenta

1985 2325 2106 2392 ejus
2135 2342 2199 2379 ea
2246 2332 2399 2388 sunt,
2424 2340 2547 2394 quae
2587 2328 2841 2397 superius
2872 2342 2966 2397 per
2998 2331 3211 2381 montes
3243 2327 3464 2379 sanctos
3492 2320 3563 2374 si-

1983 2414 2229 2484 gniﬁcari
2268 2414 2631 2484 tradidimus;
2666 2417 2946 2488 ingressus
2972 2425 3151 2470 autem
3173 2421 3227 2471 et
3252 2412 3409 2485 primi
3443 2412 3559 2466 adi-

1984 2514 2074 2561 tus
2104 2506 2347 2561 ccelestis
2380 2506 2530 2561 illius
2559 2509 2797 2563 civitatis
2846 2509 2989 2578 apud
3021 2524 3123 2564 nos
3156 2514 3304 2563 sunt.
3341 2506 3444 2572 Qui
3476 2505 3560 2558 ius

1980 2612 2205 2669 gressus
2230 2608 2285 2653 et
2312 2598 2494 2654 aditus
2518 2599 2586 2654 ad
2612 2601 2927 2671 religiosum
2961 2601 3092 2655 illud
3115 2600 3447 2660 institutum,
3469 2598 3560 2652 hic

1982 2698 2153 2761 portae
2184 2690 2318 2745 Sion
2341 2701 2630 2757 vocantur,
2661 2708 2788 2748 cum
2806 2692 3007 2747 dicitur
3035 2712 3048 2747 :
3081 2692 3267 2763 Diligit
3295 2691 3558 2745 Dominus

1980 2790 2163 2850 portas
2212 2782 2343 2839 Sion
2394 2801 2553 2854 super
2602 2786 2782 2838 omnia
2839 2784 3182 2839 tabernacula
3233 2782 3421 2838 Iacob.
3453 2781 3557 2836 Hic

1980 2885 2163 2929 autem
2188 2875 2319 2929 mihi
2354 2892 2447 2944 per
2480 2876 2570 2930 illa
2595 2876 2945 2931 tabernacula
2976 2874 3421 2941 JacobJudaica:
3441 2883 3554 2929 tra-

1980 2965 2215 3022 ditiones
2245 2974 2297 3022 et
2328 2966 2553 3022 Mosaici
2585 2968 2899 3037 corporales
2934 2969 3117 3024 cultus
3146 2967 3442 3038 signiﬁcari
3470 2968 3554 3023 vi«

1980 3058 2179 3115 dentur
2223 3078 2238 3114 :
2284 3062 2485 3132 quibus
2544 3064 2952 3133 praestantiores
3002 3064 3146 3134 apud
3200 3063 3368 3119 Deum
3424 3073 3555 3121 sunt

1981 3161 2148 3220 porta:
2183 3150 2336 3216 Sion,
2385 3152 2437 3206 id
2472 3160 2576 3217 est,
2608 3154 2890 3224 ingressus
2928 3162 2983 3209 et
3012 3154 3194 3209 aditus
3221 3154 3287 3208 ad
3323 3170 3549 3224 regnum

294 3220 358 3272 αί
388 3224 528 3274 κατὰ
559 3224 835 3289 Μωύσέως
869 3232 1177 3298 σωματικαὶ
1210 3232 1491 3304 θρησκεῖαι
1524 3239 1758 3295 ἐνταῦθά
1789 3259 1875 3313 μοι

1980 3243 2225 3307 εωὶεειο,
2267 3244 2321 3299 in
2380 3243 2620 3300 Ecclesia
2664 3245 2913 3301 stabiliti.
2950 3245 3007 3301 In
3040 3262 3104 3301 ea
3145 3262 3381 3317 namque
3433 3246 3553 3301 sola

290 3312 512 3367 δοκοῦσι
540 3314 789 3384 λέγεσθαι
806 3337 818 3349 ’
846 3314 921 3373 ὧν
950 3325 1337 3397 προτιμότεραι
1364 3331 1686 3400 τυγχάνουσι
1720 3312 1871 3406 παρὰ

289 3402 377 3471 τῷ
404 3402 524 3475 Θεῷ
565 3406 622 3459 αί
656 3407 819 3461 πύλαι
846 3410 945 3481 τῆς
971 3411 1129 3475 Σιὼν,
1161 3416 1435 3469 τουτέστιν
1464 3421 1518 3472 al
1548 3421 1740 3475 εἴσοδοι
1778 3402 1872 3477 καὶ

288 3498 597 3584 είσαγωγαὶ
625 3499 723 3568 τῆς
745 3501 1067 3572 ἐπουρανίου
1101 3506 1373 3575 βασιλείας
1405 3512 1498 3564 ἐπὶ
1521 3514 1619 3584 τῆς
1652 3515 1870 3583 Ἐκκλη⁹

293 3570 432 3647 ala?
444 3586 743 3658 ἱδρυμέναι.
764 3590 849 3642 Ἐν
874 3570 1009 3665 μόνῃ
1027 3570 1135 3665 γὰρ
1156 3596 1325 3668 ταύτῃ
1351 3570 1731 3674 κηρύσσέταιὴ
1762 3570 1871 3659 τῶν

285 3674 538 3745 οὐρανῶν
568 3677 843 3748 βασιλεία,
875 3684 969 3735 καὶ
1017 3684 1110 3737 τοῦ
1157 3690 1423 3759 σωτηρίου
1449 3708 1511 3759 γε
1540 3693 1867 3763 Εὐαγγελίου

288 3764 325 3815 ὁ
368 3768 475 3828 πᾶς
517 3770 714 3834 σκοπὸς
742 3772 917 3823 ἐκεῖσε
954 3772 1330 3842 βλέπει.Ὲπεὶ
1365 3782 1458 3834 καὶ
1505 3785 1559 3835 αί
1613 3788 1868 3857 σωτήριοι

286 3858 638 3927 ἐπαγγελίαι,
680 3865 773 3916 καὶ
800 3864 859 3917 τὸ
882 3866 1232 3933 εὐαγγελικδν
1258 3871 1538 3942 κήρυγμα,
1574 3876 1667 3929 καὶ
1696 3878 1727 3947 ἡ
1759 3882 1865 3932 πά-

290 3964 364 4001 σα
397 3950 550 4014 ἐλπὶς
576 3952 671 4005 τοῦ
706 3955 845 4008 κατά
870 3958 1101 4028 Χριστὸν
1135 3960 1547 4033 πολιτεύματος,
1570 3969 1668 4039 τὴν
1715 3970 1866 4040 βασι-

284 4035 439 4091 λείαν
462 4039 568 4092 τῶν
587 4043 831 4113 οὐρανῶν
854 4048 975 4117 ὁρᾷ.
996 4048 1308 4121 Γέγραπται
1332 4053 1482 4121 γοῦν,
1502 4057 1581 4110 ὅτι
1606 4035 1865 4131 ἐκήρυξεν

285 4130 319 4181 ὁ
363 4130 549 4204 Σωτὴρ
580 4133 752 4202 λέγων
772 4149 789 4167 ⁸
822 4137 1096 4207 ’Ήγγικεν
1126 4143 1163 4209 ἡ
1198 4143 1489 4206 ,ϐασιλειά
1527 4148 1644 4202 τῶν
1688 4130 1863 4221 οἱφα-

284 4220 428 4275 νῶν.
449 4223 780 4297 Ἐμακάριζέ
821 4245 880 4282 τε
926 4232 1051 4294 τοὺς
1082 4232 1263 4299 ἀξίους
1290 4236 1398 4289 τῶν
1441 4240 1655 4295 οἰκείων
1682 4261 1862 4315 μακα-

282 4312 522 4382 ρισμῶν,
563 4316 1027 4391 ἐπαγγελλόμενος
1072 4324 1254 4390 αὐτοῖς
1280 4327 1553 4396 βασιλείαν
1579 4312 1821 4405 οὐρανῶν
1844 4355 1857 4366 ·

282 4401 421 4455 ἀλλὰ
451 4405 542 4456 καὶ
568 4405 845 4462 ἐδίδασκεν
872 4408 1125 4482 εὔχεσθαι
1151 4418 1278 4481 τοὺς
1304 4420 1469 4473 αὐτοῦ
1496 4401 1740 4496 μαθητὰς
1767 4430 1859 4481 καὶ

1973 3333 2302 3403 praedicatur
2357 3352 2582 3406 regnum
2642 3338 2906 3391 coalorum
2947 3347 3248 3409 :totusque
3290 3339 3557 3394 salutaris:

1973 3424 2250 3497 Evangelii
2309 3443 2508 3497 scopus
2551 3442 2621 3482 eo
2664 3429 2906 3499 respicit.
2962 3428 3239 3499 Siquidem
3284 3431 3547 3485 salutaria

1970 3515 2264 3583 promissa,
2302 3518 2613 3587 evangelica
2642 3520 2981 3590 praedicatio.
3001 3528 3224 3592 totaque
3248 3520 3551 3578 Christiani

1972 3606 2210 3661 instituti
2233 3624 2380 3679 spes,
2411 3626 2637 3680 regnum
2667 3612 2930 3667 cmlorum
2965 3622 3233 3682 spectant.
3269 3613 3547 3685 Scriptum

1968 3714 2054 3753 est
2103 3700 2250 3754 enim
2301 3701 2414 3755 haec
2464 3703 2791 3770 praedicasse
2831 3704 3167 3759 Salvatorem
3199 3722 3213 3757 :
3245 3705 3546 3775 Appropin—

1967 3790 2145 3859 quauit
2160 3806 2373 3859 regnum
2397 3792 2643 3846 caelorum
2661 3797 2741 3861 ⁸²;
2773 3797 2995 3866 ipseque
3024 3796 3211 3853 beatos
3234 3799 3546 3867 praedicavit

1967 3898 2063 3937 eos
2102 3884 2197 3952 qui
2242 3886 2462 3955 propria
2503 3887 2607 3941 sibi
2642 3888 2982 3944 beatitudine
3016 3889 3167 3960 digni
3202 3898 3352 3957 sunt,
3378 3890 3545 3961 ipsis-

1966 3989 2072 4043 que
2109 3987 2335 4044 regnum
2371 3979 2635 4031 coalorum
2666 3980 2943 4048 pollicitus
2979 3991 3062 4037 est
3085 3998 3099 4047 ;
3123 3982 3236 4036 imo
3264 3981 3428 4037 etiam
3459 3981 3547 4037 di-

1966 4065 2207 4135 scipulos
2241 4083 2373 4122 suos
2396 4069 2655 4138 precandi
2688 4078 2743 4126 et
2773 4088 2999 4142 regnum
3031 4074 3293 4129 etelorum
3324 4074 3547 4143 petendi

1965 4156 2186 4210 modum
2228 4157 2470 4225 edocuit,
2502 4161 2644 4215 hanc
2683 4164 2951 4219 orationis
2999 4164 3229 4220 formam
3274 4166 3537 4220 tradens:

1965 4243 2093 4299 Fiat
2136 4247 2379 4302 voluntas
2433 4258 2543 4313 tua,
2595 4249 2840 4306 adveniat
2885 4270 3102 4324 regnum
3144 4264 3292 4308 tuum
3310 4257 3375 4310 ⁸³.
3408 4253 3545 4310 Jure

1960 4353 2091 4408 ergo
2126 4339 2238 4395 hinc
2273 4342 2453 4395 omnia
2484 4352 2655 4412 porta:
2683 4344 2835 4416 regni
2875 4346 3139 4400 caelorum
3167 4355 3357 4402 vocata
3389 4360 3538 4413 sunt,

1962 4438 2147 4498 utpote
2182 4432 2465 4502 ingressus
2487 4434 2779 4505 aditusque
2814 4436 3031 4492 itineris
3066 4437 3159 4491 illo
3191 4438 3537 4493 instituendi.

279 4494 385 4564 τὴν
414 4494 519 4548 τῶν
550 4497 793 4564 οὐρανῶν
824 4501 1096 4571 βασιλείαν
1122 4502 1448 4571 ἐξαιτεῖσθαι
1477 4494 1777 4581 φάσκοντας
1800 4520 1858 4572 ἐν

1978 4494 2149 4591 Di—ligit
2198 4494 2328 4594 ergo
2368 4524 2635 4581 Dominus
2690 4494 2798 4582 has
2850 4528 3094 4584 coalestis
3124 4528 3307 4585 Sionis
3351 4538 3559 4598 portas

280 4585 348 4653 τῇ
377 4590 683 4659 προσευχῇ·
712 4592 1027 4659 Γενηθήτω
1050 4594 1118 4649 τὸ
1152 4598 1379 4669 θέλημά
1403 4617 1542 4665 σου,
1572 4604 1789 4659 ἐλθέτω
1818 4609 1855 4677 ἠ

1978 4612 2086 4667 )lus
2140 4628 2307 4682 quam
2366 4628 2559 4670 omnes
2598 4615 2800 4681 legales
2832 4624 2888 4670 et
2920 4615 3180 4673 Judaicas
3209 4634 3535 4689 synagogas,

268 4677 564 4739 ,ϐασιλειά
593 4696 730 4736 σου.
756 4682 990 4749 Εἰκότως
1013 4687 1190 4741 τοίνυν
1212 4691 1388 4745 πάντα
1411 4694 1481 4747 τὰ
1510 4696 1733 4753 τοιαῦτα
1755 4698 1857 4752 πύ-

276 4767 370 4822 λαι
397 4770 497 4839 τῆς
520 4770 629 4824 τῶν
653 4774 895 4844 οὐρανῶν
929 4777 1201 4845 βασιλείας
1219 4782 1633 4857 ὠνομάσθησαν,
1660 4790 1855 4844 είσοδοί

275 4877 425 4924 τινες
459 4863 551 4916 καὶ
568 4865 869 4934 είσαγωγαὶ
894 4871 1255 4939 τυγχάνουσαι
1275 4875 1373 4945 τῆς
1399 4878 1576 4931 ἐκεῖσε
1606 4882 1849 4951 πορείας.

290 4952 505 5026 ’ᾼγαπᾷ
551 4957 731 5010 τοίνυν
780 4959 983 5025 ταύτας
1033 4961 1132 5027 τὰς
1182 4965 1355 5028 πύλας
1396 4969 1494 5038 τῆς
1526 4971 1846 5042 ἐπουρανίου

274 5044 416 5101 Σιων
450 5046 591 5117 ὑπὲρ
637 5047 736 5113 τὰς
779 5050 1010 5121 νομικὰς
1042 5054 1132 5107 καὶ
1168 5056 1465 5122 Ἰουδαῖκὰς
1503 5061 1845 5131 συναγωγὰς,

276 5136 459 5208 ἇσπερ
485 5138 733 5209 ὠνόμασε
760 5141 1088 5214 σκηνώματα
1123 5146 1337 5203 Ἰακώϐ.
1368 5150 1534 5203 Οὐδὲν
1562 5151 1691 5220 γοῦν
1716 5156 1846 5226 παρ’

274 5228 507 5291 ἐκείνοις
534 5230 661 5300 περὶ
696 5231 793 5301 τῆς
832 5233 1156 5306 ἐπουρανίου
1191 5237 1396 5301 πόλεως
1434 5241 1527 5294 τοῦ
1552 5243 1684 5296 Θεοῦ
1716 5262 1847 5316 μνη-

274 5319 580 5391 μονεύεται,
609 5322 729 5375 οὐδέ
754 5342 836 5388 τις
861 5326 1042 5390 αὐτοῖς
1074 5329 1272 5395 σκοπὸς
1308 5332 1433 5404 περὶ
1461 5333 1737 5403 βασιλείας
1765 5337 1848 5390 οὐ-

276 5413 455 5483 ρανῶν
497 5413 858 5482 ἐνεστι,κάτω
887 5419 943 5472 δὲ
982 5420 1050 5473 δι’
1078 5420 1198 5475 ὅλου
1232 5424 1539 5489 νενευκότες
1569 5427 1665 5490 τὰς
1693 5428 1846 5481 ἐλπί-

266 5505 365 5569 δας
394 5507 485 5559 ἐπὶ
508 5508 608 5577 γῆς
633 5509 811 5579 ἔχουσι
832 5552 847 5575 ,
881 5514 972 5566 καὶ
1012 5515 1107 5578 τὰς
1133 5516 1462 5585 ἐπαγγελίας
1482 5519 1716 5573 ἐνταῦθά
1738 5538 1840 5574 που

1959 4718 2097 4772 quas
2148 4704 2506 4759 tabernacula
2552 4704 2723 4761 Jacob
2767 4708 3081 4777 appellavit.
3117 4708 3274 4779 Apud
3316 4708 3537 4766 Judzeos

1956 4797 2104 4847 enim
2145 4794 2388 4849 ccelestis
2426 4794 2515 4848 illa
2554 4795 2648 4852 Dei
2679 4797 2873 4852 civitas
2906 4799 3222 4855 nullatenus
3260 4816 3534 4857 memora,-

1956 4890 2067 4945 tur,
2092 4898 2270 4953 neque
2291 4900 2389 4954 pro
2417 4901 2585 4957 scopo
2613 4887 2815 4944 habent
2839 4889 2943 4959 ipsi
2976 4905 3200 4961 regnum
3229 4893 3494 4947 caelorum
3514 4913 3543 4959 επ

1954 4975 2051 5031 sed
2079 4977 2335 5032 deorsum
2381 4981 2561 5049 proni,
2591 4981 2645 5035 in
2681 4988 2828 5036 terra
2874 4998 3025 5051 spem
3060 4983 3282 5049 habent,
3317 4995 3371 5040 et
3402 5001 3532 5056 pro-

1955 5070 2125 5125 missa
2180 5071 2287 5126 sibi
2336 5070 2464 5127 data
2508 5074 2599 5128 hic
2631 5083 2953 5144 exspectant
2983 5095 2996 5130 :
3029 5092 3198 5146 quare
3226 5085 3395 5147 μοι-ιω
3427 5078 3534 5133 illae

1954 5160 2195 5214 caelestis
2236 5159 2389 5223 Sion,
2420 5178 2557 5232 quas
2587 5180 2749 5233 supra
2785 5164 3208 5230 declaravimus,
3237 5166 3441 5234 majore
3472 5167 3528 5221 in

1955 5252 2130 5320 pretio
2178 5252 2321 5322 apud
2376 5254 2546 5309 Deum
2625 5255 2915 5322 habentur,
2954 5274 3116 5328 quam
3177 5260 3528 5315 tabernacula

1950 5337 2139 5394 Jacob.
2160 5340 2329 5411 Cujus
2353 5343 2538 5400 Sionis
2561 5346 2917 5403 fundamenta
2951 5365 3057 5404 non
3088 5350 3176 5403 hic
3199 5351 3342 5404 etin
3355 5357 3523 5414 terra,

1951 5431 2141 5485 humili
2190 5433 2308 5487 loco
2349 5436 2523 5503 posita
2552 5446 2714 5504 sunt,
2749 5438 2842 5494 sed
2876 5440 2930 5494 in
2964 5441 3244 5495 montibus
3289 5440 3520 5505 sanctis,

1948 5523 2024 5576 uti
2053 5540 2217 5585 supra
2256 5528 2672 5597 explicavimus.

269 5600 618 5667 προσδωκῶσι
642 5617 653 5629 ·
692 5601 768 5656 διὸ
798 5607 1182 5678 προτιμότεραι
1216 5609 1366 5680 παρὰ
1389 5610 1465 5681 τῷ
1497 5611 1613 5683 Θεῴ
1644 5613 1964 5683 τυγχάνουσι
1993 5618 2099 5669 τῶν
2152 5617 2520 5690 σκηνωμάτων
2553 5622 2743 5675 Ἰακὼϐ
2794 5623 2848 5675 αί
2910 5621 3331 5692 προδηλωοεῖσαι
3390 5623 3525 5692 ἡμῖν

336 5753 381 5783 τ’
424 5751 621 5823 Ephes.
662 5773 730 5821 ιι,
765 5758 851 5812 ‘20.
928 5758 974 5793 '°
1015 5761 1133 5817 Gal.
1176 5779 1247 5829 ιν,
1282 5763 1372 5819 26.
1452 5766 1491 5797 ⁸¹
1536 5764 1697 5825 Hebr.
1736 5784 1875 5836 xu,‘

1978 5771 2103 5834 ,‘25.
2182 5777 2225 5808 ³³
2268 5773 2458 5830 Matth.
2496 5792 2526 5829 χ
2555 5817 2569 5841 ,
2610 5776 2659 5831 T.
2740 5778 2782 5808 ’⁵³
2823 5776 3012 5831 Matth.
3049 5794 3133 5845 γι,
3176 5778 3273 5833 10.-
