3974 6508
221 372 358 431 1049

1379 379 1890 437 communem
1930 381 1996 439 IN
2024 358 2346 470 pSALuos'

3319 387 3458 444 1050

211 488 399 576 τέχθαι
431 486 834 558 ἐκεῐιφάσκων,
869 485 1163 560 παρίστησι
1193 489 1293 563 τὴν
1322 492 1378 545 ὲν
1405 492 1483 564 τῷ
1515 493 1768 566 ἀνθριὺπη

1890 495 1999 550 illic
2032 505 2212 548 natum
2241 496 2393 559 dicit,
2425 496 2516 551 Dei
2552 495 2709 552 Verti
2736 497 2788 551 in
2815 497 3034 552 homine
3065 497 3453 552 habitationem

209 580 301 633 τοῦ
337 578 474 632 Θεοῦ
502 579 676 648 Λόγου
708 579 1042 651 κατοίκησιν.
1082 582 1292 655 Ὥσπερ
1312 583 1470 657 γὰρὴ
1504 585 1660 646 Σιὼν,
1689 588 1784 641 πό-

182 669 293 733 ,λις
327 665 462 724 οὖσα
488 667 582 724 τοῦ
615 671 748 724 Θεοῦ
768 711 783 736 ,
822 669 974 744 χώρα
999 671 1252 742 τυγχάνει
1283 674 1376 727 τοῦ
1409 675 1690 747 τεχθέντος
1726 680 1783 731 ὲν

207 765 345 834 αὐτῇ
380 762 603 835 ἀνδρὸς,
637 764 778 818 οὕτω
827 766 922 829 καὶ
965 766 1126 831 αὐτὸς
1159 768 1188 819 6
1225 767 1362 840 ἀνὴρ
1393 767 1543 840 χώρα
1577 769 1783 838 γίνεται

210 859 304 910 καὶ
337 857 539 927 δοχεῖον
569 856 663 911 τοῦ
688 859 746 912 ὲν
773 857 920 930 αὐτῷ
944 860 1292 932 γεννηθέντος
1315 861 1450 915 Θεοῦ
1483 862 1682 931 Λόγου,
1707 861 1784 926 ὡς

208 948 268 1001 ὲν
293 947 424 1019 ἱερῷ
454 947 593 1018 ἁγίῳ
616 950 708 1002 καὶ
733 949 865 1020 ναῷ,
897 949 1095 1021 μᾶλλον
1123 952 1180 1006 δὲ
1203 950 1278 1016 ὡς
1311 954 1368 1006 ἐν
1389 953 1661 1024 ἀγάλματι
1689 953 1784 1007 καὶ

205 1039 398 1112 δοχείῳ
421 1040 519 1112 τῆς
537 1039 698 1095 αὐτοῦ
720 1041 970 1113 θεότητος
987 1043 1046 1096 ὲν
1069 1043 1217 1114 αύτῷ
1242 1046 1642 1116 κατῳκηκότος.
1672 1045 1782 1100 Καὶ

185 1132 386 1202 ,ταῦτα
413 1133 471 1186 δὲ
495 1133 804 1202 ἀναγκαίως
829 1134 858 1186 6
875 1133 1046 1202 Λόγος
1077 1135 1312 1202 ἐδίδαξεν
1337 1138 1414 1199 εἰς
1446 1136 1506 1189 τὸ
1537 1134 1782 1207 γνωσθῆ-

208 1240 301 1277 ναι
335 1225 452 1288 πῶς
479 1224 761 1294 ἀλλόφυλοι
787 1225 883 1278 καὶ
910 1225 1084 1298 Τύρος
1112 1228 1203 1280 καὶ
1222 1227 1349 1291 λαὸς
1377 1228 1648 1282 Αἰθιόπων
1669 1228 1784 1296 ἐγε-

205 1317 447 1388 νήθησαν
467 1319 524 1371 ὲν
545 1320 610 1388 τῇ
631 1317 724 1371 τοῦ
745 1318 879 1380 Θεοῦ
904 1318 1076 1385 πόλει,
1099 1319 1193 1373 καὶ
1211 1320 1498 1390 γεγόνασιν
1520 1322 1626 1375 υἱοὶ
1645 1320 1778 1374 Θεοῦ

176 1409 294 1468 ,διὰ
317 1411 416 1482 τῆς
438 1415 569 1483 παρ’
592 1410 740 1484 αὐτῷ
760 1413 1380 1484 ἀναγεννήσεως.”οπως
1398 1413 1506 1484 γὰρ
1525 1414 1619 1468 καὶ
1642 1413 1781 1466 κατὰ

198 1505 328 1561 τίνα
369 1507 568 1578 τρόπον
606 1507 640 1578 ὴ
668 1505 902 1578 τοσαύτη
933 1508 1014 1570 είς
1052 1505 1311 1578 οὐρανοὺς
1340 1507 1563 1580 ἐξεχύθη
1598 1510 1776 1580 χάρις,

178 1597 550 1670 ,παρέστησεν
581 1598 750 1653 εἰπὼν
775 1599 844 1653 τὰ
877 1599 1017 1653 κατὰ
1042 1599 1130 1652 τὸν
1161 1600 1328 1672 ἄνδρα
1343 1599 1433 1654 τὸν
1448 1601 1779 1672 γεννηθέντα

179 1685 348 1750 ἐκεῖ,
386 1687 478 1741 καὶ
507 1686 598 1740 τὸν
632 1688 690 1741 ὲν
714 1686 792 1759 τῷ
821 1687 977 1760 ἀνδρὶ
1006 1688 1168 1743 πάλιν
1193 1688 1521 1761 γεννηθέντα
1553 1689 1774 1761 Κύριον.

191 1777 298 1843 Οἷς
317 1780 518 1834 ἅπασιν
541 1780 779 1850 ἐπιλέγει
807 1779 890 1849 τὸ,
923 1781 1016 1847 Ὠς
1040 1781 1517 1852 εὐφραινομένων
1535 1781 1778 1837 πάντων

1883 586 2142 639 declarat.
2175 585 2644 652 Quemadmodum
2692 589 2834 642 enim
2888 586 3058 652 Sion,
3093 604 3211 657 qua:
3261 589 3456 643 civitas

1885 673 1979 729 Dci
2018 684 2122 740 est,
2155 677 2305 732 locus
2328 687 2410 732 est
2438 679 2535 731 viri
2567 680 2620 732 in
2651 693 2714 733 ea
2740 679 2882 744 nati;
2940 680 3012 732 ita
3045 679 3159 748 ipse
3189 679 3272 732 vir
3304 680 3457 734 locus

1881 764 2113 818 ellicitur
2141 777 2194 820 et
2229 770 2631 836 receptaculum
2663 767 2752 823 Dei
2784 766 2946 822 Verbi
2983 769 3037 822 in
3065 785 3124 824 se
3159 770 3267 823 nati
3291 811 3305 834 ,
3359 771 3454 840 qui

1882 860 2039 928 quasi
2071 860 2126 914 in
2155 861 2273 914 loco
2298 876 2458 916 sacro
2495 869 2551 916 et
2585 862 2638 914 in
2681 861 2907 931 templo,
2944 861 3052 915 imo
3088 863 3269 932 potius
3299 866 3461 934 quasi

1882 951 1936 1005 in
1972 959 2149 1006 statua
2178 960 2234 1006 et
2269 953 2616 1023 receptaculo
2655 952 2875 1009 deitatis
2902 968 3035 1018 suae,
3068 954 3122 1008 in
3149 956 3268 1025 ipso
3299 955 3458 1010 habi-

1881 1052 1978 1099 tat.
2011 1045 2076 1099 Et
2114 1046 2229 1101 hasc
2272 1048 2584 1102 necessario
2643 1045 2802 1102 docet
2862 1047 2978 1102 haac
3019 1045 3303 1118 Scriptura
3327 1088 3343 1112 ,
3396 1054 3461 1103 ut:

1881 1147 2068 1192 notum
2115 1139 2185 1192 sit
2231 1155 2337 1209 qua
2373 1139 2584 1194 ratione
2625 1139 2943 1209 alienigena:
2977 1148 3030 1194 et
3064 1139 3242 1212 Tyrus
3271 1153 3324 1197 et
3351 1156 3456 1212 po-

1881 1230 2042 1298 pulus
2075 1227 2388 1300 Etliiopum
2426 1230 2479 1284 in
2515 1230 2734 1286 civitate
2791 1229 2885 1286 Dei
2936 1231 3062 1287 facti
3117 1233 3338 1296 fuerint.
3401 1241 3459 1289 et

1882 1315 1976 1370 ﬁlii
2011 1314 2105 1370 Dei
2162 1332 2260 1386 per
2299 1317 2765 1384 regenerationem
2802 1317 2878 1372 ibi
2923 1326 3199 1388 acceptam
3235 1320 3345 1375 sint
3384 1319 3463 1375 ef-

1881 1406 2026 1464 fecti.
2056 1407 2189 1464 Nam
2219 1426 2325 1480 qua
2359 1410 2569 1465 ratione
2597 1417 2750 1465 tanta
2793 1410 2846 1465 En
2881 1411 3041 1485 caelis
3074 1412 3247 1482 gratia
3283 1412 3456 1468 elfusa

1880 1503 1969 1568 sit,
2007 1502 2187 1559 allatis
2220 1504 2285 1558 iis
2319 1519 2438 1574 quae
2469 1502 2535 1556 ad
2570 1504 2745 1558 virum
2789 1520 2855 1560 eo
2882 1505 2936 1558 in
2973 1505 3090 1558 loco
3122 1505 3360 1567 editum,
3404 1513 3460 1558 et

1879 1594 1944 1648 ad
1979 1593 2265 1650 Dominum
2299 1597 2424 1652 item
2475 1597 2529 1650 in
2578 1596 2892 1668 hnjusmodi
2923 1599 3039 1652 viro
3069 1608 3256 1652 natum
3289 1596 3459 1668 perti-

1879 1695 2030 1748 nent,
2061 1673 2542 1757 aperte'dcclarat.
2603 1688 2817 1756 Quibus
2853 1691 3110 1745 omnibus
3162 1688 3348 1744 subdit
3400 1688 3460 1742 il-

1881 1779 1993 1835 lud.
2025 1810 2093 1821 -—
2124 1779 2290 1838 Vens.
2319 1781 2372 1838 7.
2409 1781 2559 1836 Sicut
2600 1785 2894 1838 lwtantium
2926 1786 3159 1839 omnium
3198 1785 3458 1839 habitatio

187 1867 235 1936 ἡ
282 1870 552 1924 κατοικία
585 1871 656 1925 ἐν
689 1871 822 1925 σοί·
878 1869 994 1924 ἀνθ’
1028 1864 1088 1925 οὗ
1123 1872 1152 1924 6
1196 1871 1292 1942 μὲν
1339 1871 1569 1934 Ἀκύλας
1619 1870 1768 1942 φησὶ¹

1877 1880 1955 1926 est
1977 1870 2031 1922 in
2063 1878 2147 1935 te;
2184 1887 2285 1941 pro
2317 1887 2424 1942 quo
2452 1872 2647 1943 Aquila
2682 1874 2848 1940 dicit,
2902 1874 2969 1929 Et
3010 1863 3258 1930 canentes.
3302 1875 3459 1946 quasi

184 1960 307 2014 Καὶ
347 1961 597 2029 ᾄδοντες
640 1963 722 2030 ὠς
757 1960 922 2032 χοροὶ
965 1961 1153 2017 πᾶσαι
1177 1961 1358 2032 πηγαὶ
1390 1962 1461 2016 ἐν
1493 1963 1592 2018 σοί
1612 1978 1629 1996 ο
1656 1963 1684 2015 6
1716 1963 1774 2016 δὲ

183 2050 527 2123 Σύμμαχος,
576 2053 683 2108 Καὶ
719 2053 1074 2108 αὶνέσουσιν
1118 2055 1199 2121 ὡς
1229 2055 1298 2108 ἐν
1333 2055 1544 2122 αὐλοῖς
1587 2055 1776 2110 πᾶσαι

179 2145 253 2196 a1
291 2145 475 2214 πηγαὶ
496 2142 564 2198 ἐν
592 2147 710 2200 σοί.
741 2142 907 2216 Οἶμαι
935 2145 993 2200 δὲ
1026 2146 1384 2218 σημαίνεσθαι
1419 2148 1512 2201 καὶ
1539 2146 1628 2200 διὰ
1656 2147 1778 2200 τού-

177 2253 302 2291 των
326 2239 426 2310 τὴν
458 2239 568 2292 τῶν
599 2237 804 2292 πιστῶν
826 2238 1099 2302 ἁπάντων,
1128 2237 1236 2291 τῶν
1263 2237 1326 2310 δὴ
1357 2236 1458 2310 τῆς
1487 2238 1651 2308 ἁγίας
1678 2238 1773 2293 τοῦ

177 2330 330 2383 Θεοῦ
360 2331 572 2394 πόλεως
587 2329 1164 2400 καταξιωθησομένων,
1199 2329 1617 2401 ἐπισυναγωγὴν
1638 2370 1654 2396 ,
1676 2330 1774 2384 καὶ

178 2423 290 2493 τὴν
323 2424 403 2488 είς
433 2423 528 2476 ἕνα
559 2423 717 2495 χορὸν
741 2421 1198 2476 ἀποκατάστασιν.
1248 2423 1338 2493 Τῷ
1363 2423 1470 2494 γὰρ
1494 2421 1770 2490 λέγεσθαι,

175 2512 265 2578 ,ἐν
290 2513 393 2568 σοί
409 2554 425 2580 ,
459 2513 551 2567 τὸν
577 2513 742 2567 τόπον
773 2513 933 2567 πάλιν
967 2511 1251 2583 σημαίνειν
1284 2511 1651 2583 ύπολαμόάνω
1675 2512 1774 2583 τῆς

181 2602 286 2657 τοῦ
319 2603 454 2658 Θεοῦ
479 2603 683 2667 πόλεως
699 2620 713 2633 ’
735 2598 804 2676 ἦς
827 2605 874 2658 ol
905 2601 1002 2673 μὲν
1028 2601 1264 2673 θεμέλιοι
1289 2598 1430 2674 ἦσαν
1452 2605 1510 2658 ἐν
1529 2605 1640 2666 τοῖς
1659 2603 1774 2674 δρε-

177 2711 251 2761 ,σι
278 2697 392 2759 τοῖς
420 2694 628 2764 ἁγίοις,
664 2698 720 2750 αἱ
752 2696 809 2751 δὲ
852 2696 1015 2750 πύλαι
1048 2696 1142 2751 καὶ
1173 2699 1228 2750 αἱ
1267 2697 1458 2752 εἴσοδοι
1489 2697 1640 2752 κάτω
1667 2714 1770 2751 που

184 2785 291 2841 καὶ
326 2791 456 2859 παρ’
484 2789 616 2860 ἡμῖν
633 2808 648 2820 ·
674 2792 733 2844 ὲν
758 2792 898 2866 μέσῃ
930 2793 986 2846 δὲ
1007 2793 1142 2864 αὐτῇ
1175 2790 1375 2854 πάντες
1401 2791 1476 2854 ὡς
1506 2791 1562 2844 ὲν
1583 2791 1773 2863 χορείᾳ

179 2879 284 2940 ,καὶ
309 2879 543 2952 ἁρμονία
571 2879 690 2953 θείᾳ
715 2883 830 2953 μετ’
859 2881 1194 2953 εὐφροσύνης
1217 2879 1572 2957 συναγόμενοι
1597 2897 1772 2934 κατοι-

181 2972 380 3043 κήσειν
409 2973 860 3044 προφητεύονται.
899 2973 1039 3046 Ὅρα
1070 2973 1128 3026 δὲ
1158 2972 1278 3026 τίνα
1297 2972 1496 3044 τρόπον
1522 2974 1550 3025 6
1583 2971 1770 3044 παρὼν

180 3061 426 3135 ψαλμδς,
455 3063 589 3118 Θεοῦ
619 3064 832 3134 γένεσιν
865 3064 1138 3130 θεσπίζων
1170 3063 1310 3120 κατὰ
1333 3066 1433 3136 τὴν
1464 3063 1771 3134 ἀνάγνωσιν

181 3153 292 3224 τῆς
305 3154 414 3208 τῶν
430 3154 827 3229 Ἐὁδομήκον-τα
849 3157 1164 3232 ἑρμηνείας,
1183 3155 1459 3229 ὲπέκρυψε
1483 3155 1543 3210 τὸ
1562 3158 1769 3230 μυστή-

181 3261 327 3322 ριον.
390 3247 464 3301 Τὸ
493 3248 639 3320 γὰρ,
685 3249 904 3318 Κύριος
935 3248 1248 3320 ἀριθμήσει
1279 3247 1520 3320 γράφων
1540 3250 1759 3316 λαούς·

178 3335 382 3408 οὗτος
410 3340 623 3412 ἐτέχθη
647 3341 804 3408 ἐκεῖ,
834 3341 971 3396 κατὰ
1002 3342 1329 3414 Σύμμαχον·
1361 3342 1393 3414 ἢ
1427 3343 1570 3398 κατὰ
1611 3342 1768 3397 Ἀκύ-

177 3431 285 3485 λαν
308 3473 324 3497 ,
373 3433 586 3501 Κύριος
623 3432 972 3503 διηγήσεται
1019 3435 1092 3489 ἐν
1133 3433 1214 3500 τῷ
1247 3433 1495 3505 τράφειν
1539 3435 1762 3501 λαούς·

182 3519 382 3590 Οὗτος
404 3522 614 3594 ἐτέχθη
643 3525 796 3579 ἐκεῖ*
825 3526 858 3598 ἢ
891 3527 1033 3595 κατὰ
1051 3527 1140 3580 τὸν
1169 3527 1518 3593 Θεοδοτίωνα,
1552 3529 1766 3596 Κύριος

177 3615 535 3686 διηγήσεται
553 3619 624 3672 ἐν
654 3615 850 3688 ῃοαερῇ
878 3617 1070 3673 λαῶν’
1095 3615 1285 3686 Οὗτος
1303 3619 1594 3690 ἐγεννήθη
1617 3619 1763 3684 ἐκεῖ,

176 3706 245 3764 οὐ
287 3705 475 3761 τοῦτον
513 3710 852 3780 ἡρμήνευται
891 3711 1044 3782 παρὰ
1079 3713 1192 3774 τοῖς
1233 3709 1632 3781 Ἐὁδομήκοντα
1674 3709 1764 3764 τὸν

173 3799 387 3871 τρόπον
405 3816 419 3830 ·
449 3799 566 3854 ἀλλ’
598 3802 832 3873 εἴρηται,
867 3803 1085 3870 Κύριος
1102 3801 1451 3873 διηγήσεται
1481 3802 1550 3855 ἐν
1569 3801 1765 3871 γραφῇ

173 3888 350 3946 λαῶν
384 3891 484 3944 καὶ
515 3891 825 3962 ἀρχόντων
854 3895 1079 3948 τούτων
1113 3893 1234 3948 τῶν
1265 3891 1676 3965 γεγενημένων
1695 3894 1766 3948 ἐν

175 3981 338 4050 αὐτῇ
357 3999 371 4013 ·
399 3983 819 4056 ἐπικρυψάντων
842 4024 856 4050 ,
897 3985 976 4049 ὡς
1022 3981 1176 4058 οἶμαι
1198 4025 1214 4049 ,
1247 3986 1346 4057 τὴν
1381 3985 1616 4040 διάνοιαν
1656 3985 1764 4039 τῶν

173 4073 282 4146 τὴν
309 4074 604 4146 ἑρμηνείαν
639 4077 1019 4148 πεποιημένων
1036 4116 1052 4141 ,
1078 4077 1166 4131 διὰ
1200 4077 1262 4131 τὸ
1289 4077 1497 4132 ἔθνεσιν
1528 4077 1761 4146 ἀλλοφύ-

174 4164 296 4230 λοις
321 4165 537 4237 μέλλειν
558 4167 856 4222 ἐκδίδοσθαι
883 4169 982 4239 τὴν
1008 4169 1230 4242 Γραφὴν
1254 4168 1394 4224 κατὰ
1417 4169 1544 4234 τοὺς
1567 4169 1764 4222 Πτολε-

178 4258 350 4329 μαίου
382 4259 628 4332 χρόνους,
654 4259 805 4314 οὔπω
832 4261 925 4316 τοῦ
956 4262 1208 4334 Σωτῆρος
1233 4262 1392 4334 ἡμῶν
1417 4262 1760 4334 ἐπιλάμψαν-

172 4368 272 4414 τος
311 4351 388 4423 τῷ
432 4351 551 4424 βίῳ.
594 4353 704 4406 Καὶ
737 4355 766 4407 6
799 4355 906 4417 πᾶς
934 4353 992 4407 δὲ
1023 4353 1235 4424 ψαλμὸς
1270 4353 1474 4426 σφόδρα
1505 4357 1758 4426 αἰνιγμα-

172 4441 355 4513 τώδης
379 4445 475 4498 καὶ
501 4444 790 4508 σκοτεινῶς
815 4445 1103 4517 εἰρημένος
1125 4446 1380 4516 τυγχάνει
1399 4485 1415 4510 ,
1447 4447 1759 4516 θεμελίους

1878 1963 2024 2019 chori
2073 1981 2250 2020 omnes
2303 1965 2470 2035 fontes
2507 1968 2559 2020 in
2610 1979 2692 2030 te;
2751 1965 3115 2036 Symmachus
3165 1983 3330 2032 vero,
3387 1965 3456 2020 Et

1877 2056 2172 2111 laudabunt
2214 2059 2370 2128 quasi
2416 2060 2469 2112 in
2523 2059 2666 2112 tibiis
2698 2074 2875 2112 omnes
2922 2056 3093 2126 fontes
3133 2059 3186 2111 in
3233 2068 3301 2112 te.
3355 2055 3455 2112 His

1875 2167 2038 2223 porro
2094 2151 2387 2221 signiticari
2441 2151 2679 2206 arbitror
2730 2140 2970 2206 ﬁdelium
3009 2151 3298 2212 omnium,
3360 2151 3454 2220 qui

1875 2253 2065 2300 sancta
2090 2243 2185 2298 Dei
2208 2242 2426 2298 civitate
2454 2241 2692 2300 donandi
2743 2250 2892 2306 sunt,
2923 2251 3407 2311 congregationem
3433 2281 3456 2306 ,

1867 2345 2036 2406 atque
2059 2336 2114 2390 in
2147 2335 2375 2392 chorum
2408 2350 2576 2388 unum
2609 2333 3007 2389 reductionem.
3042 2331 3176 2386 Nam
3209 2347 3333 2386 cum
3369 2332 3456 2386 di.-

1871 2427 2035 2494 citur,
2059 2427 2118 2480 in
2151 2436 2219 2491 te,
2258 2427 2491 2481 indicari
2541 2427 2792 2496 suspicor
2823 2424 3065 2478 civitatis
3099 2423 3194 2478 Dei
3228 2423 3406 2478 locum
3435 2462 3452 2488 ,

1870 2519 2031 2589 cujus
2089 2519 2437 2574 fundamenta
2496 2518 2714 2590 quidem
2771 2518 2832 2572 in
2900 2517 3182 2572 montibus
3247 2517 3457 2573 sanctis

1869 2621 2052 2674 erant,
2081 2623 2251 2682 porta:
2277 2625 2406 2665 vero
2444 2621 2497 2664 et
2526 2609 2710 2664 aditus
2741 2609 2927 2662 intimo
2977 2608 3032 2662 in
3069 2608 3192 2662 loco
3219 2614 3273 2663 et
3307 2606 3454 2676 apud

1869 2718 1971 2758 nos
1993 2703 2083 2758 siti
2112 2710 2232 2758 sunt
2269 2721 2283 2758 :
2315 2703 2372 2758 in
2403 2701 2581 2756 medio
2611 2688 2790 2754 autem
2826 2700 2994 2763 illius,
3033 2700 3190 2770 quasi
3231 2699 3285 2753 in
3319 2699 3454 2754 cho-

1868 2810 1960 2849 rea
2000 2806 2054 2850 et
2095 2803 2364 2849 concentu
2401 2793 2606 2855 divino,
2644 2793 2956 2863 congregati
3015 2791 3095 2845 illi
3152 2791 3450 2868 habitaturi

1868 2901 1991 2942 esse
2017 2887 2473 2956 prtenuntiantur.
2505 2884 2889 2942 Animadverte
2922 2898 3086 2953 porro
3105 2898 3208 2952 qua
3233 2883 3450 2937 ratione

1871 2977 1960 3032 hic
1991 2977 2258 3048 psalmus,
2291 2974 2383 3031 Dei
2410 2976 2817 3046 generationem
2873 2959 3180 3029 secundum
3214 2963 3448 3042 Septua-

1867 3069 2019 3142 ginta
2058 3067 2420 3139 lnterprctum
2454 3069 2741 3123 lectionem
2767 3067 3094 3131 vaticinans,
3126 3065 3447 3138 mysterium

1869 3149 2178 3218 occultarit.
2207 3157 2300 3213 Ilia
2329 3159 2473 3214 enim
2517 3156 2815 3214 secundum
2850 3156 3238 3229 Symmachum
3273 3156 3450 3226 expli-

1793 3231 1836 3293 ο
1867 3253 2032 3320 catio,
2056 3244 2315 3307 Dominus
2347 3251 2647 3306 numerabit
2681 3251 2913 3305 scribens
2951 3249 3201 3319 populea,
3231 3247 3331 3301 llic
3351 3263 3451 3303 na-

1869 3355 1952 3400 tus
1975 3337 2056 3400 est
2089 3344 2200 3409 ibi;
2230 3344 2314 3399 vel
2341 3343 2639 3399 secundum
2666 3343 2941 3413 Aquilam,
2964 3336 3224 3396 Dominus
3254 3357 3450 3396 narra-

1869 3435 1939 3490 bit
1976 3438 2031 3490 in
2058 3436 2332 3500 scribendo
2356 3436 2597 3506 populos,
2635 3434 2738 3488 Hic
2769 3445 2924 3489 natus
2977 3444 3056 3488 est
3104 3434 3209 3498 ibi;
3248 3433 3332 3489 vel
3362 3447 3448 3489 se-

1867 3526 2105 3580 cundum
2137 3526 2564 3582 Theodotionem
2591 3565 2606 3592 ,
2636 3525 2894 3579 Dominus
2941 3524 3182 3579 narrabit
3220 3525 3272 3577 in
3312 3525 3448 3579 acri»

1863 3629 2022 3686 ptum
2049 3618 2382 3687 populorum,
2408 3616 2506 3670 llic
2522 3627 2679 3670 natus
2702 3626 2777 3670 est
2803 3617 2914 3681 tibi,
2946 3632 3054 3670 non
3085 3616 3272 3670 eadem
3301 3615 3448 3686 apud

1866 3711 2008 3766 LXX
2030 3713 2334 3782 reperitur;
2388 3711 2482 3766 sed
2534 3711 2769 3772 dicitur,
2818 3709 3048 3764 Domino
3107 3707 3349 3760 narrabit
3391 3709 3446 3761 in

1865 3807 2130 3874 scriptura
2177 3806 2494 3874 pabulorum
2535 3813 2583 3858 et
2637 3803 2931 3874 principum
2986 3803 3169 3855 horum
3191 3801 3283 3870 qui
3333 3799 3449 3868 fue-

1866 3907 1989 3958 runt
2025 3899 2079 3952 in
2118 3914 2213 3964 ea;
2257 3899 2383 3968 quia
2409 3937 2424 3961 ,
2478 3904 2539 3951 ut
2586 3897 2844 3958 arbitror,
2896 3895 3224 3965 interpretes
3257 3906 3444 3948 veram

1865 3990 2193 4046 sententiam
2223 3989 2593 4052 occultarum,
2625 3988 2772 4059 quod
2797 3987 2990 4042 alienis
3012 3985 3286 4057 gentibus,
3307 3993 3445 4038 tem-

1864 4097 1995 4154 pore
2017 4081 2289 4137 Ptolemaei
2312 4121 2327 4143 ,
2381 4080 2721 4158 Scripturam
2780 4077 3190 4149 interpretatnri
3215 4084 3405 4154 essent
3427 4118 3444 4144 ,

1862 4191 1986 4239 cum
2028 4176 2269 4230 nondum
2307 4175 2564 4230 Servatur
2593 4183 2781 4230 noster
2819 4176 2872 4227 in
2918 4172 3123 4228 mundo
3160 4173 3450 4245 apparuit-

1863 4275 1965 4323 set.
2021 4266 2302 4337 Totusque
2334 4268 2579 4337 psalmus
2627 4265 2922 4320 admodum
2962 4260 3344 4337 :etﬁgmaticus
3391 4269 3448 4319 ut

1859 4358 2132 4414 obscurus
2161 4371 2244 4413 est
2273 4377 2285 4412 :
2320 4359 2519 4428 quippe
2549 4357 2642 4428 qui
2689 4357 3038 4426 fundamenta
3066 4358 3179 4426 ejus
3203 4357 3369 4421 dicat,
3393 4371 3448 4410 et

1859 4453 1983 4524 quis
2008 4452 2077 4505 sit
2108 4451 2154 4506 is
2180 4450 2247 4505 de
2277 4466 2385 4520 quo
2410 4451 2653 4521 loquitur
2683 4456 2887 4516 taceat,
2905 4465 3008 4506 nec
3039 4451 3240 4504 indicet
3264 4449 3440 4513 illum;

169 4529 366 4584 αὐτοῦ
392 4529 565 4600 λέγων
597 4533 1048 4604 σεσιωπημένως,
1076 4537 1218 4601 τίνος
1241 4535 1287 4590 δ’
1333 4535 1500 4590 αὐτοῦ
1535 4535 1609 4608 μὴ
1637 4535 1756 4590 δια-

1868 4560 1927 4599 ac
1951 4560 2169 4600 rursum
2204 4553 2419 4598 montes
2455 4553 2678 4596 sanctos
2719 4550 3003 4609 memoret,
3027 4551 3321 4612 portasque
3355 4549 3442 4594 ta-

173 4619 398 4689 σαφῶψ
451 4622 548 4676 καὶ
593 4623 752 4677 πάλιν
793 4624 894 4696 ὅρη
937 4626 1067 4694 ἅγια
1097 4626 1376 4698 ὀνομάζων
1394 4667 1408 4690 ,
1460 4627 1552 4681 καὶ
1585 4626 1758 4691 πύλας

173 4709 320 4763 Σιὼν
362 4713 785 4784 προτιμωμένας
822 4715 926 4769 ὑπὸ
949 4717 1043 4770 τοῦ
1084 4719 1287 4790 Κυρίου
1320 4717 1432 4771 τῶν
1470 4719 1758 4790 σκηνωμά-

170 4819 285 4855 των
330 4803 554 4869 ἰακὼ6,
589 4807 683 4860 καὶ
714 4806 866 4860 πόλιν
899 4807 1032 4861 Θεοῦ
1066 4809 1466 4882 δεδοξασμένως
1495 4809 1758 4880 λαλουμέ-

170 4910 306 4965 νην·
340 4897 434 4949 καὶ
461 4897 556 4950 ἐπὶ
588 4899 719 4961 πᾶν,
755 4900 814 4953 ἐν
837 4903 904 4972 τῇ
938 4900 1124 4963 πόλει,
1159 4903 1219 4954 ού
1253 4902 1345 4954 τὸν
1386 4901 1632 4973 Ἰσραὴλ,
1660 4901 1755 4953 ού·-

170 4985 232 5040 δὲ
269 4985 330 5039 τὺ
373 4987 640 5044 Ἰουδαίων
677 4990 859 5056 ἔθνος,
890 4991 1026 5046 ἀλλὰ
1064 4993 1233 5046 Ῥαὰϐ
1262 4995 1361 5066 τήν
1393 5011 1522 5047 ποτε
1551 4992 1758 5064 πόρνην

173 5082 272 5134 καὶ
301 5081 630 5146 Βαϐυλῶνα,
661 5085 893 5156 Τυρίους
942 5102 1000 5138 τε
1045 5086 1138 5138 καὶ
1179 5085 1442 5150 Αἰθίοπας
1475 5085 1570 5139 καὶ
1598 5085 1752 5139 ἁλλο-

171 5169 396 5234 ωύλους.
432 5171 666 5236 Τούτους
690 5173 798 5244 γὰρ
838 5175 1044 5239 πάντας
1075 5173 1432 5246 τεχθήσεσθαι
1464 5177 1522 5228 ὲν
1554 5176 1620 5245 τῇ
1655 5175 1753 5228 πό-

173 5276 257 5316 Αει
299 5262 393 5316 τοῦ
431 5262 568 5317 Θεοῦ
600 5264 687 5318 διὰ
718 5265 878 5318 ποίαν
907 5265 1084 5319 αἰτίαν
1112 5266 1213 5318 οὐκ
1242 5265 1307 5321 ἂν
1343 5264 1456 5336 ἔχοι
1479 5283 1563 5330 τις
1585 5265 1750 5337 ἄλλην

170 5355 400 5428 είπεῖνῆ
422 5355 511 5410 διὰ
531 5356 628 5428 τὴν
651 5357 861 5426 γένεσιν
882 5357 975 5410 τοῦ
997 5359 1054 5411 ὲν
1075 5358 1212 5429 αὐτῇ
1235 5357 1517 5430 τεχθέντος
1535 5358 1748 5430 ἀνδρὸς,

171 5447 270 5500 καὶ
303 5447 396 5500 τοῦ
430 5449 634 5522 Κυρίου
684 5448 964 5520 τεχθέντος
1000 5451 1147 5513 ἐκεῖ,
1178 5450 1377 5523 δηλαδὴ
1408 5453 1467 5505 ἐν
1496 5452 1645 5524 αὐτῷ
1673 5451 1753 5523 τῷ

173 5540 524 5612 προλεχθέντι
560 5540 710 5613 ἀνδρί
729 5559 744 5573 ο
777 5543 862 5612 ἐφ’
886 5539 967 5605 οἷς
1000 5544 1178 5596 πᾶσαν
1207 5543 1545 5616 εὐφροσύνην
1568 5545 1750 5616 κοινὴν

173 5635 270 5686 καὶ
295 5632 533 5703 χορείας,
566 5632 707 5704 ᾠδάς
739 5651 798 5686 τε
827 5635 921 5687 καὶ
953 5632 1134 5697 αῖνους
1156 5636 1248 5690 καὶ
1273 5639 1456 5708 πηγὰς
1476 5637 1635 5691 θείων
1657 5638 1752 5690 καὶ

175 5723 338 5794 ἱερῶν
359 5723 531 5791 λόγων
563 5725 652 5778 ἔ.πῖ
684 5725 825 5779 τέλει
844 5727 938 5780 τοῦ
959 5728 1173 5800 ψαλμοῦ
1199 5728 1458 5792 θεσπίζει.
1502 5728 1670 5782 Ἐπὰν
1694 5729 1750 5782 δὲ

173 5815 314 5890 λέγῃ
340 5817 398 5871 ὲν
421 5819 602 5890 γραφῇ
631 5815 774 5874 λαῶν
798 5819 967 5875 ταῦτα
997 5839 1170 5879 παντα
1198 5821 1441 5888 ἔσεσθαι,
1471 5823 1748 5895 σημαίνειν
1779 5900 1815 5910 ω

1861 4636 2170 4692 bernaculis
2215 4633 2386 4690 Jacob
2419 4649 2450 4689 a
2485 4633 2715 4690 Domino
2744 4635 3045 4701 antelatas;
3094 4635 3334 4704 itemque
3362 4634 3442 4687 ci-

1859 4731 2082 4785 vitatem
2140 4728 2234 4784 Dei
2296 4728 2533 4799 gloriose
2591 4728 2922 4782 celebratam
2961 4745 2975 4780 :
3013 4727 3081 4780 ad
3142 4727 3258 4781 iure
3309 4741 3441 4781 vero

1861 4819 2064 4886 Omnia,
2096 4817 2152 4873 in
2183 4819 2424 4880 civitate,
2457 4834 2570 4872 non
2601 4818 2878 4882 lsraelem,
2914 4834 3091 4887 neque
3147 4817 3436 4874 Judaicam

1859 4914 2071 4979 gentem
2099 4925 2115 4976 ;
2148 4906 2244 4963 sed
2299 4906 2486 4960 Rahab
2515 4905 2644 4960 olim
2675 4906 3038 4973 meretricem,
3070 4905 3396 4977 Babylonem
3417 4943 3436 4969 ,

1859 4996 2054 5070 'lyrias
2089 5037 2106 5065 ,
2162 4997 2493 5068 Ethiopas,
2556 4997 3000 5068 alienigenasqne
3065 4998 3328 5052 nominet.
3370 4995 3434 5051 lli

1857 5091 2059 5162 quippe
2091 5104 2282 5146 omnes
2313 5105 2413 5145 cur
2445 5091 2501 5144 in
2533 5089 2754 5145 civitate
2779 5088 2874 5145 Dei
2904 5089 3167 5144 nascituri
3197 5104 3318 5143 esse
3351 5090 3436 5141 di-

1861 5195 2077 5247 cantur,
2101 5200 2210 5238 non
2246 5183 2406 5236 aliam
2443 5198 2666 5238 causam
2699 5182 2824 5252 quis
2851 5182 3112 5252 proferat,
3136 5182 3242 5236 nisi
3269 5196 3433 5250 gene-

1859 5277 2126 5330 rationem
2150 5274 2250 5328 viri
2274 5274 2368 5343 qui
2402 5274 2456 5328 in
2502 5274 2592 5326 illa
2625 5285 2788 5328 natus
2821 5281 2924 5338 est,
2953 5283 3006 5328 et
3038 5272 3251 5326 Domini
3298 5271 3430 5344 item

1856 5368 1914 5422 in
1943 5367 2033 5421 illa
2067 5365 2202 5428 nati,
2235 5364 2484 5420 videlicet
2523 5365 2577 5418 in
2622 5364 2741 5419 viro
2778 5380 2938 5434 quem
2998 5363 3107 5432 jam
3165 5361 3427 5416 diximus.

1856 5459 2196 5528 Quapropter
2252 5456 2620 5512 omnimodam
2675 5469 3127 5524 communemque
3165 5452 3426 5519 laetitiam,

1856 5550 2108 5612 choreas,
2141 5549 2382 5611 cantica,
2416 5546 2604 5601 laudes
2626 5586 2640 5610 ,
2697 5545 3006 5599 divinorum
3040 5558 3430 5611 sacrorumque

1854 5641 2194 5710 eloquiomm
2245 5641 2419 5695 fontes
2450 5639 2506 5692 in
2539 5640 2643 5694 line
2677 5637 2871 5708 psalmi
2907 5636 3252 5695 vaticinatur.
3288 5633 3425 5688 Cum

1855 5747 2037 5786 autem
2068 5732 2223 5793 dicit,
2256 5733 2308 5785 in
2342 5732 2616 5802 scriptura
2664 5731 2986 5801 populorum
3033 5729 3216 5784 omnia
3270 5744 3427 5797 repo-

1854 5824 2032 5881 nenda
2053 5841 2190 5893 esse,
2220 5825 2454 5882 arbitror
2479 5839 2601 5883 cum
2629 5831 2844 5894 tempus
2864 5824 3252 5896 descriptionis
3282 5838 3423 5895 gen-
