3974 6530
587 418 713 474 1051

1265 412 1532 470 EUSEBII
1561 412 2038 469 CIESARIENSIS
2074 409 2224 472 OPP.
2266 410 2447 466 PARS
2484 409 2572 466 Ill.
2608 441 2676 451 —
2715 408 3126 467 EXEGETICA.

3687 412 3813 468 {053

579 535 713 587 tium
741 573 756 598 ,
794 548 916 603 qua:
964 532 1016 586 in
1062 539 1183 586 ortu
1228 530 1527 587 Salvatoris
1564 530 1737 586 nostri
1783 529 1911 585 Jesu
1940 528 2122 585 Christ

2250 527 2486 599 ἠγοῦμαι
2521 527 2610 579 τὸν
2639 541 2827 596 καιρον
2858 525 2956 595 τῆς
2980 525 3307 595 ἀπογραφῆς
3335 526 3443 578 τῶν
3472 525 3644 578 ἐθνῶν
3663 568 3677 591 ,
3706 528 3814 597 ἥτις

581 627 721 681 iacta
744 632 849 689 est,
871 626 1143 679 indicare:
1171 633 1300 678 tunc
1323 626 1467 678 enim
1494 625 1621 677 exiit
1639 626 1862 678 edictum
1885 641 1915 677 a
1939 622 2121 678 Caesar

2249 617 2551 689 ἐπληροῦτο
2577 618 2668 670 ἐπὶ
2686 617 2785 687 τῆς
2808 616 2899 670 τοῦ
2922 617 3172 688 Σωτῆρος
3200 618 3354 688 ἡμῶν
3390 617 3567 689 Ἰησοῦ
3592 620 3814 689 Χριστοῦ

578 717 839 786 Augusto,
869 724 925 768 ut
960 715 1342 769 dcscriberetur
1394 716 1665 769 universus
1716 714 1859 768 orbis
1894 714 1972 780 ⁸⁵;
2021 729 2146 767 cum

577 810 843 880 Cyrenius
871 809 925 863 in
969 806 1211 863 Judmam
1253 808 1475 864 veniens
1500 823 1727 863 censum
1772 808 1959 862 edidit.
1992 806 2146 873 Quod

578 903 847 973 signiﬁcat
879 901 1211 971 evangelista
1266 898 1456 955 dicens
1494 918 1507 954 :
1562 898 1691 954 Hazc
1719 900 1997 968 descriptio
2031 899 2144 969 pri-

579 1012 665 1048 ma
694 995 738 1026 ⁸⁸
767 1011 782 1061 ;
815 995 886 1048 ita
909 1002 967 1047 ut
998 1002 1211 1063 tempus
1256 990 1385 1045 illud
1418 992 1474 1045 in
1519 990 1624 1045 hoc
1653 993 1860 1061 psalmo
1893 999 2145 1046 accurate

576 1086 931 1157 signiﬁcetur.
966 1083 1103 1138 Num
1141 1084 1278 1139 forte
1330 1083 1452 1138 ideo
1500 1084 1738 1154 psalmus
1773 1084 1875 1138 iste
1904 1097 2147 1155 segrega-

576 1187 684 1241 tus,
721 1179 982 1249 longeque
1014 1177 1081 1231 ab
1115 1176 1235 1230 aliis
1258 1175 1351 1245 qui
1384 1172 1643 1229 Filiorum
1663 1174 1800 1230 Core
1829 1176 2142 1230 inscribun-

575 1275 665 1321 tur
704 1268 806 1322 hoc
858 1266 1091 1321 consilio
1138 1267 1347 1336 positus
1395 1273 1501 1327 est,
1536 1273 1593 1319 ut
1651 1266 1907 1336 mysteria
1963 1264 2037 1320 ibi
2076 1264 2143 1321 de

570 1358 779 1414 Christi
820 1370 942 1414 ortu
974 1359 1254 1413 enuntiata
1301 1358 1742 1423 occultarentur;
1801 1357 1875 1411 ita
1921 1366 1981 1412 ut
2037 1357 2141 1413 ista

570 1468 788 1521 quoque
819 1451 958 1505 ratio
988 1458 1041 1505 et
1092 1448 1378 1518 responsio
1410 1447 1589 1502 all'erri
1629 1448 1799 1519 possit
1822 1448 1886 1502 ad
1913 1447 2138 1518 quaesita

570 1553 759 1599 nostra
792 1542 948 1597 initio
980 1541 1248 1597 sermonis
1300 1542 1601 1613 proposita.
1656 1538 1893 1610 ldipsum
1922 1554 2139 1609 quoque

568 1635 721 1691 dicas
750 1634 816 1689 de
854 1648 1094 1696 Lxxxvn,
1127 1633 1219 1702 qui
1271 1633 1416 1687 hunc
1453 1635 1699 1702 sequitur
1728 1674 1741 1694 ,
1793 1640 1846 1687 et
1874 1630 2136 1685 Filiorum

567 1726 704 1780 Core
755 1725 957 1795 pariter
1009 1723 1305 1799 inscriptus
1355 1730 1457 1779 est.
1516 1723 1654 1789 Quia
1690 1723 1784 1777 ille
1832 1722 2137 1779 Sen'atoris

568 1817 741 1872 nostri
767 1824 994 1871 mortem
1024 1815 1374 1879 vaticinatur,
1399 1825 1795 1888 consequenter
1817 1814 1904 1878 ,ad
1949 1814 2093 1870 hunc
2117 1854 2133 1881 ,

565 1910 657 1979 qui
690 1918 868 1964 ortum
901 1909 1021 1978 ejus
1059 1908 1403 1979 praedixerat.

2247 710 2512 780 γενέσεως
2530 727 2542 740 ·
2579 708 2698 761 τότε
2734 707 2843 779 γὰρ
2876 708 3097 777 ἐξῆλθε
3125 708 3312 778 δόγμα
3339 710 3503 778 παρὰ
3529 712 3814 778 Καίσαρες

2247 803 2596 872 Αὐγούστου
2612 801 3056 870 ἀπογράφεσθαι
3072 798 3279 853 πᾶσαν
3296 799 3410 868 τὴν
3425 802 3810 871 οἰκουμένην·

2245 892 2332 946 ὅτε
2380 893 2646 963 Κυρήνιος
2690 892 2916 964 ἐπιστὰς
2957 895 3022 963 τῇ
3083 891 3308 962 Ἰουδαία
3352 892 3449 954 τὰς
3499 894 3815 962 ἀποτρασέις

2245 986 2494 1037 ἐποιεῖτο.
2530 984 2720 1055 Ἐπιση
2730 984 2977 1053 μαίνεται
3002 982 3132 1052 γοῦν
3151 985 3179 1036 6
3203 984 3597 1054 εὐαγγελιστης
3618 984 3811 1053 λέγων·

2242 1075 2403 1143 Αὕτη
2451 1077 2487 1143 ἡ
2538 1073 2855 1144 ἀπογραφὴ
2904 1074 3133 1144 πρώτη·
3186 1075 3325 1129 ὥστε
3360 1077 3454 1130 καὶ
3497 1076 3590 1128 τὸν
3640 1077 3815 1147 καιρὸι

2242 1166 2403 1220 αὑτὸν
2434 1167 2672 1239 ἀκριϐῶς
2695 1167 2783 1222 διὰ
2813 1167 2905 1220 τοῦ
2944 1167 3209 1239 παρόντος
3256 1168 3472 1239 ψαλμοῦ
3507 1168 3810 1240 δηλοῦσθαι.

2241 1260 2468 1331 Μήποτε
2506 1260 2563 1314 δέ
2606 1261 2701 1313 καὶ
2742 1260 2829 1314 διὰ
2858 1260 3014 1332 τοῦτο
3053 1258 3356 1330 ἀφώρισται
3387 1263 3415 1313 6
3440 1261 3666 1331 ψαλμὸς
3686 1302 3700 1321 ,
3733 1264 3814 1315 καὶ

2244 1352 2459 1423 μακρὰν
2485 1352 2888 1424 ἀπεσχοίνισται
2922 1352 3029 1406 τῶν
3054 1353 3252 1406 λοιπῶν
3275 1354 3383 1406 τῶν
3405 1354 3813 1424 ἐπιγεγραμμέ-

2239 1464 2343 1499 νων
2366 1446 2496 1500 υἱῶν
2522 1448 2685 1517 Κορὲ,
2714 1446 2899 1517 ἐπειδὴ
2919 1445 3255 1514 κρύπτεσθαι
3284 1449 3313 1499 6
3344 1447 3504 1515 λόγος
3535 1447 3605 1499 τὰ
3641 1448 3813 1518 619.65-

2241 1555 2377 1610 μενα
2418 1541 2475 1593 ἐν
2518 1539 2666 1609 αὐτῷ
2702 1540 2977 1611 μυστήρια
3009 1541 3136 1611 περὶ
3173 1540 3274 1611 τῆς
3304 1540 3399 1594 τοῦ
3428 1542 3643 1613 Κυρίου
3678 1543 3815 1609 γενέ-

2239 1646 2377 1694 σεως
2402 1630 2681 1683 ἐϐούλετο’
2729 1629 2869 1684 ὥστε
2897 1633 2990 1685 καὶ
3016 1632 3217 1701 ταύτην
3242 1632 3433 1704 ἑτέραν
3465 1629 3612 1686 εἶναι
3648 1635 3814 1687 αξτίαν

2222 1720 2343 1776 τῶν
2367 1724 2712 1794 ἐζητημένων
2748 1726 2876 1794 ἡμῖν
2906 1727 3047 1778 κατὰ
3073 1723 3167 1794 τὴν
3197 1724 3367 1796 ἀρχὴν
3388 1724 3497 1776 τῶν
3521 1725 3813 1795 προκειμὲ

2236 1832 2359 1869 νων.
2393 1815 2466 1869 Τὸ
2489 1816 2618 1869 αὐτὸ
2645 1818 2688 1870 δ’
2714 1817 2780 1870 ἂν
2811 1818 2985 1879 εἴποις
3020 1816 3115 1869 καὶ
3144 1816 3233 1868 ἐπὶ
3250 1816 3338 1869 τοῦ
3358 1816 3432 1879 πζ
3444 1824 3456 1844 '
3487 1816 3625 1885 ἑξῆς
3652 1817 3814 1885 τούτῳ

2162 1897 2204 1953 Β
2232 1906 2633 1978 ἐπιλεγομένου,
2657 1898 3133 1981 ἐπιγεγραμμένου
3160 1926 3219 1961 τε
3240 1909 3331 1962 καὶ
3350 1909 3516 1961 αὐτοῦ
3553 1909 3673 1961 τῶν
3694 1908 3812 1960 υἱῶν

565 2002 708 2073 Κορέ
728 2020 739 2031 ·
770 2004 891 2055 ἐπεὶ
918 2003 1012 2055 καὶ
1042 2002 1199 2065 αὐτὸς
1221 2002 1311 2055 τὸν
1339 2000 1566 2055 Θάνατον
1594 2000 1687 2055 τοῦ
1709 1999 1960 2073 Σωτῆρος
1979 2001 2010 2071 ή
2021 1997 2136 2070 μῶν
2174 2001 2506 2073 προφητεύει
2543 2002 2849 2066 ἀκολούθως
2906 2002 2983 2073 τῷ
3054 2002 3190 2074 μετὰ
3230 2005 3416 2074 χεῖρας
3454 2003 3555 2074 τὴν
3608 2004 3812 2071 γένεσιν

562 2095 726 2149 αὑτοῦ
761 2094 1087 2167 περιέχοντι.

561 2268 1243 2345 εΑῌδξΤμζιξιι--ιέεᾼμιιι,
1276 2273 1496 2345 FILIIS
1546 2276 1748 2336 CORE.
1794 2277 1859 2330 IN
1901 2274 2129 2345 FINEM,

635 2339 768 2393 PRO
806 2340 1180 2395 MAHELETH
1222 2344 1312 2396 AD
1388 2346 1975 2406 RESPONDENDUM.
2041 2339 2133 2402 IN;

632 2409 1031 2466 TELLECTUS
1075 2412 1291 2468 ΑΞΜΑΝ
1331 2414 1715 2473 ΕὸῡΒΑΙΤΑΞ.
1761 2417 2059 2473 LXXXVII.

632 2547 798 2605 Vens.
843 2551 897 2607 2.
945 2551 1165 2607 Domine
1212 2553 1351 2608 Deus
1381 2556 1568 2610 salutis
1612 2573 1757 2621 mea',
1795 2559 1850 2611 in
1890 2559 1973 2613 die
2014 2560 2126 2614 cla-

558 2643 719 2706 mavi,
742 2652 791 2696 et
823 2656 969 2698 nocte
1012 2663 1191 2699 coram
1225 2658 1291 2701 te.
1333 2647 1581 2704 Praesens
1611 2666 1826 2720 quoque
1860 2654 2122 2721 psalmus,

560 2739 619 2783 ut
651 2733 983 2800 praecedens,
1020 2733 1280 2791 Filiorum
1325 2738 1464 2794 Core
1505 2747 1609 2796 est.
1651 2740 1755 2795 Sed
1790 2742 1879 2797 ille
1906 2743 2123 2812 quidem

556 2819 763 2875 Christi
813 2832 993 2878 ortum
1041 2827 1422 2882 subindicahat
1474 2829 1560 2885 his
1609 2830 1836 2886 verbis:
1879 2832 1942 2885 Et
1977 2832 2126 2887 Sioni

554 2916 777 2986 dicetur,
824 2918 917 2973 Vir
942 2929 992 2975 et
1038 2924 1115 2976 vir
1146 2933 1300 2979 natus
1327 2936 1403 2979 εει
1434 2926 1489 2980 in
1531 2943 1614 2993 ea,
1646 2936 1696 2981 et
1741 2929 1852 2997 ipse
1892 2927 2127 2997 firmabit

551 3026 689 3073 eam,
723 3018 783 3064 ut
824 3012 1016 3084 Aquila
1067 3015 1451 3087 interpretatur
1494 3037 1507 3072 :
1541 3026 1753 3089 tempus
1779 3019 1940 3075 etiam
1971 3029 2125 3075 ortus

554 3104 798 3171 przeilicti
847 3106 951 3159 viri
1006 3108 1277 3177 significat
1311 3110 1366 3165 in
1417 3112 1772 3183 sequentibus
1800 3110 2008 3177 dicens,
2057 3111 2123 3167 In

551 3195 827 3250 scribendo
856 3201 1095 3265 populos.
1124 3201 1206 3254 hic
1238 3212 1393 3257 natus
1426 3214 1503 3257 est
1530 3204 1620 3257 ibi.
1648 3204 1822 3272 Hujus
1851 3221 2016 3276 porro
2039 3206 2123 3261 di-

2237 2271 2369 2345 ῼΔΗ
2407 2271 2708 2327 ΨΑΛΜΟΥ
2745 2273 2899 2327 ΤΟῘΣ
2935 2276 3118 2331 ΥῙΟῐΣ
3156 2275 3369 2339 KOPE,
3411 2277 3522 2329 ΕΙΣ
3572 2279 3669 2330 ἹὈ
3707 2279 3811 2331 τε.

2303 2345 2465 2407 ΛυΣ,
2526 2344 2708 2397 ΥΠΕΡ
2758 2346 3069 2414 ΜΑΕΛΕΘ,
3109 2347 3247 2399 ΤΟΥ
3281 2348 3807 2414 auoxmem'm,

2303 2414 2651 2468 ΣΥΝΕΣΕΩΣ
2687 2416 2907 2469 ΑΙΜΔΝ
2945 2418 3031 2489 Τῼ
3056 2410 3403 2489 ἘΣΔΡΑῘἸᾘ
3442 2420 3543 2489 (1).
3602 2420 3746 2475 IlZ'.

2301 2552 2476 2622 Κύριε
2505 2556 2539 2609 ὁ
2570 2554 2713 2620 Θεὸς
2754 2554 2863 2624 τῆς
2898 2558 3187 2625 σωτηρίας
3216 2575 3356 2627 μου,
3394 2556 3622 2626 ἡμέρας
3682 2559 3807 2613 ἐκέ-

2230 2646 2421 2715 κραξα
2446 2646 2542 2700 καὶ
2581 2647 2653 2701 ἐν
2680 2648 2849 2701 νυκτὶ
2888 2649 3167 2703 ἐναντίον
3189 2649 3327 2703 σοῦ.
3386 2650 3498 2703 Καὶ
3545 2652 3575 2703 6
3622 2652 3803 2721 παρὼν

2228 2734 2439 2809 ψαλμὸς
2466 2737 2587 2791 Τῶν
2620 2738 2748 2793 υἱῶν
2776 2740 2939 2811 Κορὲ,
2971 2742 3047 2805 ὠς
3076 2742 3169 2794 καὶ
3196 2742 3224 2794 6
3258 2741 3365 2813 πρὸ
3385 2741 3574 2804 αὐτοῦ,
3606 2746 3802 2812 τυγχά-

2230 2844 2329 2882 νει.
2372 2827 2507 2881 Ἀλλ’
2537 2832 2565 2882 6
2594 2828 2693 2899 μὲν
2717 2830 2820 2901 πρὸ
2853 2831 3039 2894 αὐτοῦ,
3068 2833 3302 2905 Χριστοῦ
3329 2834 3542 2901 γένεσιν
3564 2834 3801 2905 ᾐνίττετο

2233 2919 2483 2989 φάσκων·
2505 2918 2613 2974 Καὶ
2634 2919 2707 2988 τῇ
2726 2920 2877 2975 Σιὼν
2901 2922 3259 2992 λεχθήσεται
3277 2942 3290 2953 ·
3330 2924 3510 2993 Ἀνὴρ
3530 2926 3628 2979 καὶ
3652 2927 3797 2994 ἀνὴρ

2230 3010 2440 3080 ἐτέχθη
2470 3011 2539 3063 ἐν
2573 3009 2753 3080 αὐτῇ,
2807 3012 2905 3065 καὶ
2938 3013 3119 3081 αὐτὸς
3150 3013 3386 3082 ἐδράσει
3411 3016 3614 3083 αὐτὴν
3633 3057 3648 3079 ,
3676 3017 3750 3080 ὡς
3772 3019 3798 3069 6

2243 3100 2471 3165 Ἀκύλας
2492 3102 2831 3173 ἡρμήνευσεο
2862 3104 2957 3157 καὶ
2981 3104 3072 3157 τὸν
3104 3105 3294 3176 καιρόν
3323 3123 3385 3174 γε
3418 3105 3681 3177 σημαίνει
3707 3108 3796 3177 τῆς

2227 3193 2491 3263 γενέσεως
2514 3194 2606 3247 τοῦ
2630 3195 2917 3267 εἰρημένου
2943 3196 3153 3268 ἀνδρὸς,
3180 3198 3384 3269 προῖὼν
3406 3199 3535 3269 ἑξῆς
3554 3216 3567 3229 ’
3600 3200 3792 3268 ἒςασκε

549 3286 623 3337 cli
678 3290 1004 3343 sententiam
1058 3293 1300 3361 apertius
1356 3295 1548 3349 extulit
1586 3294 1777 3365 quinta
1825 3296 2012 3361 editio,
2066 3297 2119 3350 in

2228 3285 2383 3354 γοῦν
2428 3287 2523 3339 Ἐν
2557 3286 2636 3353 τῷ
2662 3286 2908 3357 γράφειν
2946 3289 3166 3356 λαοὺς,
3197 3286 3375 3357 οὗτος
3402 3292 3622 3360 ἐτέχθη
3663 3292 3792 3345 ἐκεῖ.

549 3393 656 3444 qua
706 3377 914 3435 dictum
962 3391 1064 3446 est,
1122 3382 1186 3437 In
1237 3386 1583 3451 descriptione
1631 3387 1979 3454 populorum,
2037 3389 2121 3443 hic

551 3478 796 3521 nascetur
828 3470 919 3526 ibi.
968 3473 1410 3532 Manifestissime
1456 3479 1657 3547 quippe
1698 3479 2119 3549 descriptionem

551 3560 890 3623 memoravit,
937 3562 1096 3631 cujus
1147 3572 1392 3636 tempore
1444 3565 1694 3621 Salvator
1756 3578 1809 3624 et
1857 3568 2120 3625 Dominus

549 3656 739 3703 noster
770 3661 931 3706 natus
964 3664 1065 3713 est.
1102 3655 1245 3709 sicut
1276 3666 1499 3712 enarrat
1519 3660 1847 3729 evangelista
1875 3680 1886 3714 :
1916 3660 1981 3714 In
2009 3661 2119 3716 die-

550 3736 645 3792 bus
679 3738 811 3805 illis,
839 3743 965 3797 exiit
992 3744 1219 3799 edictum
1251 3766 1283 3801 a
1313 3746 1525 3804 Casare
1549 3750 1803 3821 Augusto,
1840 3762 1894 3805 ut
1921 3752 2119 3807 descri-

550 3829 756 3884 berctur
784 3834 1053 3889 universus
1084 3838 1246 3895 orbis.
1285 3838 1409 3894 Πανί
1442 3842 1723 3910 descriptio
1764 3846 1938 3912 prima
1972 3846 2116 3913 facta

444 3974 447 3977 ,
546 3930 646 3983 est,
686 3924 908 3988 pra'side
958 3926 1129 3996 Syria:
1180 3929 1405 3999 Cyrenio
1430 3933 1496 3987 ⁸⁸.
1531 3931 1729 3987 Verum
1774 3934 1863 3990 ille
1896 3936 2114 4005 quidem

548 4011 791 4077 psalmus
822 4022 1000 4069 ortum
1034 4018 1151 4083 ejus
1184 4022 1559 4089 srgniticabat;
1593 4023 1680 4077 hic
1703 4040 1832 4079 vero
1861 4032 2113 4080 mortem.

546 4101 681 4155 Illud
712 4114 911 4169 autem,
930 4121 1022 4173 pro
1048 4106 1331 4184 Mabelet/i,
1362 4110 1740 4182 Symmachus.
1764 4132 1854 4184 per
1878 4115 2114 4184 oliorum,

547 4192 939 4263 interpretatus
969 4210 1090 4265 est;
1123 4179 1315 4271 A'quila
1347 4221 1495 4269 vero,
1543 4224 1698 4276 super
1726 4209 1987 4263 choreum.
2022 4210 2117 4265 Vi-

544 4280 814 4353 deturque
860 4288 990 4342 mihi
1040 4290 1126 4345 hic
1152 4292 1355 4349 Christi
1390 4298 1647 4366 populum
1678 4308 1731 4353 et
1768 4298 2113 4356 Ecclesiasti-

543 4390 663 4428 cam
704 4377 959 4434 choreum
990 4382 1328 4449 adumbrari,
1376 4386 1428 4440 in
1465 4405 1569 4457 qua
1612 4406 1759 4446 mors
1804 4391 2111 4451 Servatoris

543 4465 718 4519 nostri
748 4466 968 4556 hymnis
1000 4472 1328 4529 celebratur.
1362 4477 1498 4543 Quia
1527 4496 1656 4534 vero
1686 4489 1840 4538 ortus
1873 4484 1992 4552 ejus
2017 4501 2113 4555 per

541 4554 683 4610 hanc
736 4554 990 4614 choreum
1034 4564 1271 4630 canitur,
1318 4567 1443 4636 jure
1491 4571 1803 4638 praecedens
1844 4554 2107 4643 psalmus,

2223 3375 2424 3429 Τούτου
2447 3375 2504 3428 δὲ
2527 3375 2622 3447 τὴν
2642 3376 2877 3431 διάνοιαν
2898 3378 3227 3451 σαφέστερον
3254 3380 3595 3434 ἀποδέδωκεν
3618 3385 3652 3453 ἡ
3676 3384 3794 3451 πέμ-

2223 3482 2329 3535 πτη
2375 3463 2614 3531 ἔκδοσις,
2655 3460 2778 3539 ἐνῇ
2825 3466 3072 3538 εἴρηταιο
3118 3470 3219 3525 Ἐν
3248 3470 3574 3540 ἀποπγαρῇ
3616 3472 3790 3531 λαῶν,

2220 3551 2397 3623 οὗτος
2420 3557 2855 3628 γεννηθήσεται
2881 3558 3021 3611 ἐκεῖ.
3053 3560 3369 3629 Σαςέστατα
3400 3562 3511 3634 γὰρ
3540 3563 3645 3632 τῆς
3673 3564 3789 3616 ἀπο-

2220 3649 2437 3719 γραφῆς
2484 3651 2887 3721 ἐμνημόνευσε,
2923 3652 3043 3706 καθ’
3077 3653 3143 3724 ῆν
3170 3656 3197 3707 6
3237 3655 3427 3725 Σωτὴρ
3471 3655 3569 3707 καὶ
3599 3656 3789 3727 Κύρικ

2218 3741 2250 3810 ἡ
2261 3740 2376 3809 μῶν
2404 3742 2662 3814 ἐγεννήθη
2688 3784 2701 3807 ,
2724 3744 2909 3816 ὥσπερ
2941 3740 3032 3799 οὖν
3071 3744 3217 3815 δηλοῖ
3246 3743 3418 3813 λέγων
3450 3748 3479 3798 6
3514 3746 3787 3814 εὐαγγελι-

2221 3833 2370 3903 στῆς·
2389 3832 2491 3886 Ἐν
2505 3834 2633 3900 ταῖς
2647 3834 2891 3903 ἡμέραις
2909 3836 3166 3903 ἐκείναις
3184 3835 3403 3903 ἐξῆλθε
3424 3828 3620 3906 ὃὸττμα
3643 3838 3786 3903 gara

2219 3924 2516 3991 Καίσαρος
2551 3927 2898 3996 Αὐγούστου
2946 3927 3393 3997 ἀπογράφεσθαι
3431 3927 3649 3981 πᾶσαν
3689 3930 3786 3995 τὴν

2218 4014 2589 4083 οἰκουμένην.
2618 4018 2779 4085 Αὕτη
2801 4020 2838 4085 ἡ
2855 4018 3167 4088 ἀπογραφὴ
3192 4020 3389 4089 πρώτη
3404 4020 3647 4089 ἐγένετο
3672 4023 3785 4089 ἠγε-

2211 4106 2619 4175 μονεύσαντος
2653 4105 2761 4174 τῆς
2794 4110 3010 4177 Σηρίας
3035 4111 3349 4179 Κυρηνίου.
3417 4110 3562 4162 Ἀλλ’
3590 4114 3783 4173 ἐκεῖνος

2220 4198 2318 4269 μὲν
2346 4200 2441 4271 τὴν
2464 4202 2677 4268 γένεσιν
2696 4202 2965 4271 ἐσήμανεν
2987 4202 3170 4265 αὑτοῦ,
3192 4205 3219 4255 6
3239 4202 3294 4255 δὲ
3322 4203 3459 4272 μετὰ
3486 4206 3679 4275 χεῖρας
3705 4204 3783 4256 τὸν

2217 4289 2467 4345 θάνατον.
2497 4291 2570 4344 T6
2598 4292 2653 4344 δὲ
2675 4331 2689 4355 ,
2744 4292 2895 4361 ὑπὲρ
2921 4294 3155 4347 Μαελὲθ
3177 4333 3191 4355 ,
3227 4293 3322 4346 διὰ
3350 4295 3569 4362 χοροῦ,
3608 4296 3779 4366 ἡρμή-

2215 4399 2399 4435 νευσεν
2426 4384 2453 4436 6
2486 4381 2778 4453 Σύμμαχος
2797 4400 2811 4414 ο
2839 4385 2867 4435 6
2895 4384 2952 4436 δέ
2987 4383 3237 4447 Ἀκύλας,
3261 4385 3357 4437 ἐπὶ
3387 4386 3650 4452 χορείας.
3682 4386 3779 4439 Καὲ

2218 4491 2305 4543 μοι
2328 4473 2476 4527 δοκεῖ
2491 4473 2582 4527 τὸν
2606 4474 2840 4546 Χριστοῦ
2863 4474 2989 4528 λαὸν
3010 4475 3335 4529 αἰνίττεσθαι
3364 4476 3457 4529 καὶ
3479 4478 3580 4548 τὴν
3602 4479 3779 4547 ἐκκλησ

2216 4564 2494 4636 σιαστικὴν
2524 4566 2772 4639 χορείαν,
2814 4567 2872 4618 ἐν
2966 4566 3060 4619 τοῦ
3096 4567 3346 4637 Σωτῆρος
3377 4567 3537 4637 ἡμῶν
3564 4571 3593 4623 6
3628 4569 3777 4623 θανα-

538 4648 631 4717 qui
659 4658 840 4705 ortum
876 4653 995 4723 ejus
1027 4658 1447 4724 vaticinabatur,
1481 4660 1597 4717 haec
1624 4663 1781 4730 dixit,
1820 4662 1887 4717 Et
1920 4682 2112 4721 canen-

2228 4672 2303 4719 τος
2328 4656 2664 4728 ἁνυμνεῖται.
2710 4658 2860 4711 Ἑπεὶ
2895 4658 2949 4711 δὲ
2976 4659 3068 4713 καὶ
3092 4662 3124 4730 ἡ
3160 4659 3369 4728 γένεσις
3391 4660 3556 4713 αὐτοῦ
3580 4661 3668 4713 διὰ
3689 4662 3777 4729 τῆς

539 4745 614 4791 tes
635 4741 771 4794 sicut
801 4743 946 4798 chon
976 4763 1151 4801 omnes
1180 4749 1349 4817 fontes
1382 4751 1433 4804 in
1459 4762 1506 4806 te
1527 4769 1547 4806 :
1573 4752 1730 4823 queis
1760 4754 2110 4811 declarantur

536 4823 741 4882 Christi
780 4832 934 4887 chori
974 4836 1028 4888 in
1066 4836 1308 4893 Ecclesia
1348 4850 1609 4903 canentes
1649 4852 1702 4898 et
1738 4845 1954 4913 hymnis
1986 4864 2105 4919 my-

538 4917 703 4971 steria
756 4920 877 4988 ejus
928 4927 1285 4985 celebrantes.
1349 4929 1546 4987 Eman
1605 4951 1735 4989 vero
1784 4917 2102 5003 Esdrailen,

536 5020 706 5061 unum
736 5025 800 5064 ex
838 5012 963 5069 [iliis
996 5016 1147 5072 Zarze
1179 5020 1271 5074 lilii
1301 5019 1441 5075 Juda
1470 5039 1591 5078 esse
1620 5026 1791 5088 aiunt,
1824 5037 2105 5082 vocatum-

536 5112 642 5164 que
684 5101 827 5169 apud
877 5102 1134 5162 Hebraeos
1167 5113 1539 5181 patronymice
1584 5113 1836 5171 Zaraiten
1864 5131 1878 5170 :
1908 5117 2102 5172 fuisse-

536 5204 642 5257 que
687 5191 824 5247 ﬁlios
878 5195 1029 5250 Zarze
1083 5215 1312 5256 numero
1364 5204 1623 5275 quinque,
1673 5214 1731 5259 ut
1783 5208 2104 5265 testificatur

536 5282 747 5350 primus
773 5283 1222 5357 Paralipomenon
1252 5293 1387 5348 liber
1417 5294 1501 5351 his
1525 5298 1707 5354 verbis
1732 5318 1743 5350 :
1776 5298 1904 5353 Filii
1932 5299 2098 5365 Iuda.

538 5368 737 5425 Phares
769 5383 818 5427 et
856 5373 1000 5429 Zara
1029 5394 1045 5430 :
1070 5376 1201 5432 Filii
1236 5380 1411 5445 Zarw,
1446 5382 1683 5450 Zambri,
1714 5399 1762 5440 et
1793 5387 2015 5442 .IEt/mm
2052 5401 2101 5444 et

535 5457 735 5516 .Emau
753 5473 803 5518 et
821 5464 1078 5521 Chalcltal
1103 5479 1152 5523 et
1182 5469 1387 5535 Darda,
1414 5490 1628 5527 munero
1655 5476 1879 5547 quinque
1899 5480 1964 5532 ⁸⁷.
1995 5478 2101 5537 llos

605 5643 649 5674 “
687 5643 819 5701 Luc.
862 5661 899 5700 ιι
925 5686 938 5710 ,
980 5647 1027 5699 1.
1106 5648 1151 5679 ⁸⁸
1191 5648 1320 5703 ibid.
1357 5648 1410 5703 2.

604 5820 680 5889 (Ι)
717 5820 774 5875 in
809 5824 953 5879 cusis
982 5824 1166 5883 Bibliis
1203 5826 1310 5882 τῶν
1344 5832 1418 5893 0',
1484 5830 1843 5900 Ἰσραηλίτῃ.
1882 5833 2037 5889 male.

2214 4748 2429 4819 χορείας
2452 4748 2654 4821 ταύτης
2681 4750 2880 4821 ᾅδεται,
2914 4751 3134 4815 εἰκότως
3156 4750 3247 4804 καὶ
3267 4753 3295 4804 6
3319 4751 3421 4822 πρὸ
3443 4752 3640 4807 τούτου
3657 4752 3777 4821 ea}-

2214 4842 2312 4911 μος
2334 4843 2432 4913 τὴν
2458 4843 2668 4911 γένεσιν
2690 4845 2850 4899 αὐτοῦ
2880 4844 3139 4909 θεσπίσας
3159 4846 3405 4916 ἐπήγαγε
3436 4846 3613 4915 λέγων
3634 4865 3648 4877 ο
3672 4846 3770 4898 Καὶ

2207 4932 2453 5000 ᾄδοντες
2467 4935 2545 5000 ὠς
2560 4936 2721 5005 χοροὶ
2740 4935 2925 4990 πᾶσαι
2941 4936 3121 5007 πηγαὶ
3136 4938 3205 4992 ἐν
3220 4937 3338 5001 σοὶ,
3358 4938 3482 5001 τοὺς
3505 4941 3561 4991 ἐν
3580 4941 3647 5009 τῇ
3662 4938 3772 4990 Ἐκο

2211 5024 2407 5096 κλησὶᾳ
2438 5026 2673 5096 Χριστοῦ
2704 5028 2895 5097 χοροὺς
2918 5026 3135 5098 ᾄδοντας
3159 5029 3321 5082 αὑτοῦ
3357 5028 3448 5081 καὶ
3482 5027 3768 5099 ἀνυμνοῦν-

2208 5132 2305 5179 τας
2329 5116 2399 5168 τὰ
2440 5117 2710 5187 μυστήρια
2738 5117 3002 5188 δηλώσας.
3066 5118 3169 5172 Τὸν
3197 5118 3253 5171 δὲ
3286 5119 3571 5187 λεγόμενον
3600 5118 3768 5188 Αὶμὰν

2205 5206 2297 5259 τὸν
2338 5207 2652 5280 Ἐσδραῒτην
2694 5209 2855 5277 φασὶν
2900 5205 3037 5262 εἶναι
3071 5210 3165 5262 ἕνα
3198 5210 3306 5263 τῶν
3338 5210 3467 5263 υἱῶν
3492 5211 3641 5280 Ζαρὰ
3680 5209 3764 5261 τοῦ

2207 5297 2320 5350 υἱοῦ
2357 5298 2546 5365 Ἰούδα,
2600 5299 2895 5365 κεκλῆσθαί
2923 5318 2981 5353 τε
3009 5301 3170 5354 αὐτὸν
3202 5302 3331 5373 παρ’
3377 5301 3644 5372 Ἑϐραίοις
3669 5319 3762 5355 mo

2205 5391 2559 5462 τρωνυμικῶς
2594 5394 2862 5464 Ζαραῖτην
2883 5412 2896 5424 υ
2930 5388 3067 5447 εἶναι
3107 5394 3164 5447 δὲ
3194 5395 3351 5447 πέντε
3381 5396 3505 5457 τοὺς
3535 5395 3759 5454 πάντας*

2211 5486 2504 5555 μαρτυρεῖν
2535 5484 2589 5537 δὲ
2620 5485 2697 5557 τῷ
2717 5485 2856 5556 λόγῳ
2884 5485 2979 5557 τὴν
3008 5485 3227 5559 πρώτην
3249 5486 3352 5539 τῶν
3376 5484 3762 5557 Παραλειπομέ-

1488 5651 1533 5683 ⁸⁸
1570 5650 1706 5706 Luc.
1746 5669 1813 5713 ιι.
1852 5654 1916 5717 1,
1953 5655 2005 5707 2.
2084 5657 2127 5688 ⁸⁷
2170 5656 2187 5711 Ι
2227 5656 2348 5715 Par.
2386 5674 2461 5727 tt,
2498 5663 2552 5718 6.
