3974 6520
222 447 356 511 MSS

1343 427 1846 503 COMMENTARIA
1886 447 1952 502 IN
1981 445 2319 502 psamos.

3311 434 3450 490 {055

216 583 351 627 νων,
383 563 571 620 τοῦτον
611 564 967 638 περιέχουσαν
1000 567 1091 624 τὸν
1131 567 1330 642 τρόπον
1356 587 1368 599 ο
1437 571 1556 624 Υἱοὶ
1597 571 1776 625 Ἰούδα

1887 570 2143 625 Hebrazus
2170 569 2246 623 ait
2271 569 2325 622 in
2357 565 2590 638 Egypto
2622 573 2750 620 ante
2787 562 2988 636 Moysis
3016 569 3225 617 atatem
3253 558 3448 612 vatici-

214 657 402 725 Φαρὲς
427 657 525 713 καί
555 659 719 728 Ζαρὰ
737 678 748 689 ·
779 661 876 714 καὶ
919 662 1035 715 υἱοὶ
1062 663 1220 730 Ζαρὰ
1240 703 1254 724 ,
1284 662 1532 731 Ζίιμόρὶ,
1565 663 1660 716 καὶ
1688 664 1785 716 Αι-

211 749 328 817 θὰμ
360 748 457 802 καί
499 750 687 818 Αίμὰν
725 752 821 804 καὶ
855 752 1101 820 Χαλχὰλ
1149 753 1248 807 καὶ
1293 752 1515 821 Δαρδά·
1565 752 1786 820 πάντες

210 840 408 895 πέντε.
452 841 684 907 Τούτους
720 843 901 912 ἔλεγεν
933 847 962 898 6
1001 841 1247 916 Έὸραίος
1279 845 1336 897 ἐν
1364 844 1620 916 Αἰγύπτῳ
1648 858 1781 916 προ-

208 934 479 1004 φητεῦσαι
499 974 514 998 ,
541 932 646 1006 πρὸ
674 937 950 1000 Μωῦσέως
972 936 1316 1007 γενομένους,
1345 936 1524 989 αὐτῶν
1555 953 1620 989 τε
1647 931 1787 990 εἶναι

207 1023 336 1087 τοὺς
353 1022 601 1094 ψαλμοὺς
614 1026 736 1088 τοὺς
756 1027 832 1090 εἰς
847 1025 1018 1096 ὄνομα
1038 1027 1215 1080 αὐτῶν
1233 1025 1752 1097 προγεγραμμένους
1767 1042 1781 1056 ⁸

204 1108 321 1168 οἷον
358 1115 448 1169 τὸν
484 1113 622 1186 μετά
654 1116 872 1186 χεῖρας,
909 1111 1116 1173 καὶτὸν
1142 1118 1270 1189 ἑξῆς
1296 1118 1473 1189 αὐτῷ,
1499 1119 1591 1172 καὶ
1625 1114 1785 1172 αὑτὸν

206 1205 705 1277 ἐπιγεγραμμένον,
726 1207 908 1277 Αίθὰμ
931 1208 1010 1275 τῷ
1039 1210 1352 1281 Ἐσδραττῃ
1370 1228 1384 1241 ο
1409 1210 1546 1264 ἀλλά
1570 1207 1662 1264 καὶ
1689 1227 1786 1264 πε-

210 1295 265 1364 ρὶ
294 1295 473 1350 αὐτῶν
495 1296 742 1368 λελέχθαι
769 1299 828 1351 ὲν
869 1299 934 1369 τῇ
964 1299 1122 1372 τρίτῃ
1153 1301 1260 1354 τῶν
1291 1301 1584 1355 Βασιλειῶν
1602 1319 1616 1332 ⁸
1673 1301 1784 1357 Καὶ

199 1387 537 1457 ἐσοφίσατο
567 1388 851 1459 Σολομὼν
877 1388 1028 1460 ὑπὲρ
1065 1393 1248 1448 Αιθὰν
1269 1392 1374 1447 τὸν
1410 1394 1782 1463 Ἐσόραΐτην,

201 1483 306 1535 καὶ
331 1482 542 1552 Αίμὰν,
572 1484 668 1536 καὶ
692 1484 798 1537 τὸν
821 1484 1070 1551 Χαλχὰλ
1094 1484 1191 1537 καὶ
1223 1483 1330 1538 τὸν
1353 1483 1605 1553 Δαρδάν.
1636 1482 1781 1537 Ταῦ-

198 1585 274 1624 τα
305 1571 404 1641 μὲν
432 1567 525 1625 οὖν
548 1570 628 1636 είς
658 1573 756 1644 τὴν
789 1572 1033 1645 ἱστορίαν
1061 1573 1321 1644 εἰρήσθω.
1380 1575 1443 1627 Ei
1472 1575 1527 1628 δέ
1561 1590 1612 1627 τι
1642 1591 1780 1645 συμ-

198 1659 490 1717 ϐάλλονται
518 1666 583 1736 τῇ
618 1663 710 1716 τοῦ
742 1663 959 1735 ψαλμοῦ
991 1664 1194 1736 θεωρίᾳ
1221 1665 1278 1717 αί
1311 1664 1512 1720 τούτων
1540 1665 1648 1718 τῶν
1670 1665 1784 1719 ὀνο-

201 1750 394 1820 μάτων
428 1752 732 1824 ἑρμηνεῖαι,
767 1755 857 1807 καὶ
889 1754 1050 1817 αὐτὸς
1076 1756 1408 1826 ἐπιστήσεις.
1430 1756 1694 1819 Ὑστατος
1724 1754 1782 1809 δὲ

189 1837 278 1895 ὢν
318 1845 347 1896 6
390 1845 578 1916 παρὼν
607 1845 716 1898 τῶν
761 1846 1256 1917 ἐπιγεγραμμένων
1299 1847 1442 1900 Υίῶν
1477 1845 1650 1918 Κορὲ,
1685 1846 1783 1917 τὴν

1892 671 2048 717 natos
2091 676 2232 724 esse,
2285 665 2644 727 auctoresque
2676 673 2798 712 esse
2837 657 3167 728 psalmorum
3217 658 3309 727 qui
3356 670 3454 711 no-

1891 754 2036 807 mine
2079 767 2181 806 suo
2220 751 2467 820 inscripti
2505 756 2632 803 sunt
2658 766 2674 803 τ
2705 749 2882 818 qualis
2914 756 2997 802 est
3041 747 3129 801 hic
3158 763 3316 817 quem
3341 755 3454 801 tra-

1891 848 2100 896 ctamus
2154 848 2209 895 et
2235 841 2592 909 subsequens,
2630 838 2720 908 qui
2761 837 3056 907 inscriptus
3089 846 3192 900 est,
3228 836 3450 890 ΑΞιΙιοηι

1891 931 2298 990 Εεάναὶῑαιειιο
2345 935 2455 988 illis
2495 947 2711 1002 quoque
2747 932 2860 986 haec
2891 931 2943 984 in
2975 931 3133 985 tertio
3173 931 3311 983 libro
3351 929 3456 984 Be-

1889 1042 2015 1097 gnm
2045 1026 2190 1080 dicta
2235 1041 2355 1082 esse
2387 1032 2540 1097 putat
2571 1043 2584 1079 :
2621 1021 2688 1076 Et
2719 1024 3012 1090 sapientior
3043 1032 3156 1076 erat
3199 1021 3454 1077 Salomon

1857 1179 1863 1186 ι
1891 1115 1964 1170 ,Ε
1971 1117 2094 1170 than
2141 1115 2421 1180 Ezdraila,
2449 1114 2652 1169 Αῑηιαη
2680 1124 2729 1168 et
2761 1111 3019 1170 Chalcltal
3060 1121 3111 1167 el
3147 1112 3363 1166 Dardan
3383 1112 3454 1166 ⁸⁸.

1890 1208 2015 1264 Hrec
2053 1207 2121 1263 de
2145 1208 2372 1263 historia
2407 1207 2551 1261 dicta
2579 1214 2761 1262 sunto.
2791 1206 2872 1259 An
2889 1220 3017 1259 vero
3051 1205 3241 1258 borum
3275 1202 3455 1257 nomi-

1890 1315 2018 1354 num
2054 1297 2487 1368 signilicationes
2516 1297 2584 1351 ad
2618 1295 2813 1366 psalmi
2855 1296 3280 1366 speculationem
3319 1310 3456 1349 con-

1891 1389 2088 1454 ferant,
2127 1399 2181 1443 tu
2224 1389 2340 1458 ipse
2383 1386 2698 1444 consideres
2751 1387 2933 1441 velim.
2965 1387 3098 1440 Cum
3143 1393 3323 1441 autem
3365 1385 3454 1439 hic

1893 1481 2136 1552 psalmus
2175 1488 2484 1550 postremus
2526 1480 2597 1535 sit
2627 1494 2840 1541 eorum,
2873 1477 2965 1547 qui
3004 1475 3265 1530 Filiorum
3315 1474 3458 1531 Core

1891 1572 2138 1642 inscripti
2177 1580 2328 1634 sunt,
2355 1571 2658 1626 Salvatoris
2692 1569 2866 1624 nostri
2893 1569 2957 1623 ad
2997 1568 3200 1622 inferos
3229 1568 3458 1623 descen-

1890 1679 2010 1720 sum
2043 1664 2455 1734 complectitur;
2489 1665 2562 1718 ita
2607 1671 2666 1718 ut
2695 1660 2852 1731 quasi
2878 1661 2944 1715 de
2976 1659 3245 1714 industria
3281 1658 3457 1728 provi-

1890 1772 2009 1810 sum
2032 1756 2122 1818 sit,
2163 1764 2219 1808 ut
2253 1756 2442 1810 mortis
2482 1754 2602 1824 ejus
2643 1753 2961 1824 mysterium
2998 1751 3050 1804 in
3077 1749 3181 1804 line
3211 1749 3456 1803 omnium

1891 1845 2214 1900 traderetur.
2246 1842 2622 1914 Videnturque
2668 1843 2800 1896 mihi
2831 1842 2887 1896 hi
2934 1847 3166 1910 quatuor
3194 1836 3455 1892 Filiorum

188 1931 428 1988 κάθοδον
455 1936 552 2007 τὴν
581 1938 661 2000 είς
691 1936 780 1990 τὸν
812 1936 944 2007 ᾅδην
973 1936 1067 1989 τοῦ
1095 1937 1344 2010 Σωτῆρος
1381 1935 1536 2008 ἡμῶν
1571 1936 1776 2009 περιεί-

1882 1935 2021 1992 Core
2072 1937 2289 2007 psalmi,
2337 1951 2533 2006 nempe
2581 1950 2814 2000 Lxxxm,
2869 1947 3088 1995 Lxxxw,
3149 1945 3346 1984 Lxxxvt
3403 1934 3457 1983 et

183 2021 372 2096 ληφεν
397 2065 412 2090 ,
446 2026 634 2099 ῶσπερ
664 2027 976 2098 ἐξεπίτηδες
1007 2029 1445 2099 ταμιευσαμένου
1487 2027 1581 2082 τοῦ
1622 2029 1780 2097 λόγου

182 2116 259 2171 ’τὸ
293 2121 587 2190 μυστήριον
607 2120 700 2174 τοῦ
725 2121 954 2175 Θανάτου
981 2121 1071 2174 ἐπὶ
1093 2121 1238 2173 τέλει
1259 2120 1356 2173 τοῦ
1382 2121 1584 2184 παντὸς
1605 2138 1784 2192 παρα-

182 2207 399 2264 δοῦναι.
433 2211 542 2264 Καί
573 2229 664 2282 μοι
687 2212 934 2267 δοκοῦσιν
965 2215 1013 2266 οἱ
1036 2213 1084 2266 δ’
1119 2207 1264 2266 οὗτοι
1297 2213 1418 2265 Τῶν
1455 2212 1585 2266 υἱῶν
1616 2211 1780 2284 Κορὲ,

184 2297 342 2368 λέγω
362 2300 417 2353 δὲ
435 2302 462 2354 6
489 2302 670 2372 τρίτος
691 2305 783 2357 καὶ
812 2310 894 2369 π’,
923 2304 1016 2358 καὶ
1039 2304 1067 2358 6
1090 2304 1144 2357 δ’
1170 2305 1266 2358 καὶ
1297 2323 1339 2357 π
1357 2310 1390 2371 ’,
1421 2305 1450 2357 ὃ
1475 2321 1534 2358 τε
1562 2310 1669 2368 πς⁹
1695 2303 1790 2357 καὶ

182 2392 222 2445 ὁ
244 2390 320 2454 πζ
333 2391 346 2410 ⁹
367 2391 511 2462 ἔχειν
536 2392 655 2446 τινὰ
673 2394 808 2465 πρὸς
822 2393 1083 2466 ἀλλήλους
1103 2395 1441 2449 ἀκολουθίαν.
1475 2395 1532 2448 '0
1552 2393 1650 2465 μὲν
1671 2393 1778 2463 γὰρ

184 2481 302 2549 σῖγ’
334 2481 520 2550 σαφῶς
552 2482 686 2536 Θεοῦ
719 2485 1017 2557 παρουσίαν
1050 2486 1128 2549 εἰς
1158 2483 1480 2558 ἀνθρώπους
1512 2485 1604 2538 καὶ
1643 2485 1779 2554 Χρι-

187 2572 325 2626 ατοῦ
357 2571 691 2646 προφητείαν
718 2577 973 2648 ὀνομαστὶ
1003 2579 1303 2649 περιεῖχεν*
1339 2577 1366 2630 ὁ
1398 2576 1455 2631 δὲ
1479 2575 1606 2647 sane
1632 2574 1783 2646 αὐτῷ

186 2661 226 2740 ᾖ
274 2666 436 2738 τάχος
468 2670 751 2741 ἐπιστῆναι
805 2669 875 2724 τά
903 2669 1305 2742 τεθεσπισμένα
1355 2668 1587 2742 ηΰχετο·
1642 2670 1670 2721 ὁ
1721 2668 1779 2721 δὲ

1878 2037 2098 2078 Lxxxvu
2131 2024 2338 2094 aliquid
2383 2024 2742 2081 connexionis
2776 2023 2920 2077 inter
2965 2038 3024 2076 se
3065 2021 3286 2075 habere.
3320 2017 3455 2072 Nam

1881 2130 2087 2171 uuln
2133 2115 2227 2171 Dei
2263 2118 2556 2171 adventum
2603 2116 2669 2170 ad
2711 2116 2965 2170 homines
3003 2122 3057 2169 et
3088 2113 3292 2169 Christi
3326 2127 3459 2182 pro-

1883 2209 2119 2279 phetiam
2157 2206 2444 2263 manifeste
2497 2208 2911 2277 complectitur;
2949 2220 3184 2275 sequens
3231 2219 3359 2258 vero
3393 2217 3459 2258 ea

1885 2314 2006 2370 qua:
2037 2299 2092 2352 in
2127 2297 2382 2352 vaticinio
2409 2296 2726 2351 ferebantur
2759 2297 3160 2364 quamprimum
3198 2294 3462 2348 accedere

1885 2389 2213 2460 precabatur
2255 2405 2268 2442 :
2304 2386 2616 2456 praecedens
2679 2395 2860 2442 autem
2922 2387 3165 2456 psalmus
3219 2385 3340 2454 ejus
3400 2384 3460 2438 in

1887 2495 2052 2535 carne
2095 2487 2274 2533 ortum
2324 2478 2438 2550 jam
2483 2479 2900 2545 subindicabat;
2957 2478 3044 2532 hic
3083 2493 3210 2532 vero
3259 2491 3460 2531 consc-

1887 2579 2121 2643 quenler
2148 2569 2216 2624 ad
2242 2585 2337 2626 eos
2366 2585 2556 2626 omnes
2596 2579 2826 2624 mortem
2849 2568 2992 2639 ejus,
3031 2582 3194 2639 quam
3223 2583 3321 2637 pro
3353 2566 3454 2621 ho-

1890 2666 2130 2721 minibus
2156 2663 2422 2734 suscepit,
2457 2663 2812 2733 praenuntiat.

187 2757 304 2829 πρδ
325 2757 419 2812 τοῦ
452 2759 588 2831 μετά
609 2763 797 2832 χεῖρας
825 2762 924 2833 ἤδη
951 2762 1049 2834 τὴν
1075 2761 1334 2834 ἔνσαρκον
1361 2756 1526 2815 αὑτοῦ
1555 2759 1770 2829 γένεσιν
1802 2753 2048 2829 ᾐνίττετο
2068 2773 2080 2786 ·
2113 2753 2321 2818 τούτοις
2343 2753 2400 2807 δὲ
2436 2754 2602 2808 πᾶσιν
2667 2751 2976 2816 ἀκολούθως
3011 2753 3041 2806 ὁ
3102 2749 3463 2824 προκείμενος

184 2851 282 2906 τὸν
310 2852 534 2907 θάνατον
553 2896 568 2921 ,
598 2853 656 2907 ὃν
691 2856 828 2928 ὑπὲρ
856 2855 952 2910 ἀνθ
963 2855 1158 2928 ρώπων
1181 2856 1467 2921 ἀνεδέξατο
1487 2896 1502 2921 ,
1528 2854 1928 2926 προαναφωνετ.

263 2970 440 3036 Κύριε
459 2971 492 3023 ὁ
518 2969 662 3036 Θεὸς
682 2969 790 3038 τῆς
817 2973 1114 3040 σωτηρίας
1128 2989 1268 3045 μου,
1292 2971 1515 3041 ἡμέρας
1532 2971 1774 3039 ἐκέκρα-

185 3058 269 3124 ξα
288 3101 303 3125 ,
332 3061 427 3114 καὶ
463 3061 535 3114 ἐν
557 3061 732 3115 νυκτὶ
760 3063 1040 3118 ἐναντίον
1069 3079 1206 3118 σου.
1242 3061 1576 3118 Εἰσελθέτω
1607 3063 1774 3116 ἐναν-

1954 2967 2172 3020 Domine
2202 2964 2343 3020 Deus
2371 2964 2561 3018 salutis
2596 2978 2744 3026 mete,
2777 2961 2830 3014 in
2860 2959 2946 3014 die
2975 2958 3202 3012 clamavi
3229 2968 3278 3012 et
3311 2964 3461 3009 nocte

1878 3075 2058 3113 coram
2100 3067 2167 3112 te.
2204 3087 2276 3097 —-—
2301 3054 2467 3110 Vens.
2502 3057 2555 3110 5.
2603 3053 2773 3108 Intret
2811 3053 2866 3105 in
2889 3059 3162 3119 conspectu
3216 3059 3303 3102 tuo
3335 3063 3459 3101 ora-

185 3153 326 3206 τίον
351 3167 468 3206 σου
497 3155 536 3222 ἡ
571 3155 882 3225 προσευχὴ
907 3173 1046 3225 μου,
1076 3157 1290 3210 κλῖνον
1315 3156 1380 3210 τὸ
1407 3151 1516 3222 οὖς
1544 3169 1661 3210 σου
1686 3156 1774 3221 εις

1882 3152 1955 3204 tio
1987 3166 2100 3202 mea
2123 3165 2140 3204 :
2167 3149 2366 3202 inclina
2399 3165 2580 3202 aurem
2629 3158 2775 3201 tuam
2819 3143 2892 3198 ad
2919 3158 3118 3212 precem
3170 3157 3362 3195 meam.
3398 3140 3459 3194 In

188 3241 308 3312 τὴν
325 3241 540 3312 δέησίν
559 3261 699 3313 μου.
735 3245 822 3298 Ἐν
846 3245 924 3315 τῷ
947 3249 1044 3298 κα¹
1068 3245 1268 3316 ψαλμῷ
1289 3247 1380 3300 καὶ
1402 3243 1552 3315 αὑτῷ
1578 3245 1660 3307 εἰς
1687 3243 1778 3298 τὸν

185 3333 429 3408 Χριστὸν
450 3334 856 3408 ἀναφερομένῳ,
877 3335 971 3391 καὶ
990 3336 1049 3390 τὸ
1071 3337 1238 3400 πάθος
1259 3336 1421 3390 αὑτοῦ
1445 3334 1632 3404 σαφῶς
1653 3351 1778 3407 προ-

185 3423 514 3495 φητεύοντι,
544 3423 680 3496 ὅπερ
721 3423 810 3479 διὰ
852 3424 950 3496 τῆς
976 3424 1150 3497 ἀρχῆς
1187 3425 1516 3498 παρίστησιν
1547 3427 1576 3479 6
1621 3424 1778 3495 λόγος

184 3516 448 3587 φάσκωνε
477 3517 541 3571 '0
567 3515 732 3583 Θεὸς,
760 3519 793 3570 ό
829 3517 972 3584 Θεός
998 3536 1139 3587 μου,
1163 3519 1428 3587 προσ-χες
1451 3535 1574 3588 μοι,
1596 3518 1697 3572 ἵνα
1720 3518 1778 3570 τι

181 3606 576 3677 ἐγκατέλιπές
619 3625 733 3678 με;
777 3608 805 3662 ὃ
854 3609 947 3663 καὶ
983 3609 1406 3681 μεμαρτύρηται
1455 3607 1600 3662 κατά
1631 3607 1776 3673 λέξιν

183 3699 286 3752 ἐπὶ
312 3699 403 3751 τοῦ
435 3698 641 3763 πάθους
661 3700 690 3752 6
712 3701 904 3772 Σωτὴρ
921 3700 1078 3772 ἡμῶν
1100 3699 1357 3773 εἰρηκὼς,
1391 3700 1528 3772 μετά
1555 3699 1652 3772 τὴν
1678 3701 1777 3773 ἀρ-

184 3790 296 3860 χὴν
323 3785 451 3858 ἑξῆς
479 3788 784 3858 ἐπιλέγεται
806 3807 818 3820 ·
917 3771 1062 3857 Θὲός
1083 3771 1222 3860 μου,
1251 3771 1774 3860 κεκράξομαινήμέ-

178 3895 322 3946 ρας,
343 3877 442 3932 καὶ
475 3880 584 3932 οὐκ
609 3881 942 3949 είσακούσῃ
960 3919 974 3943 ,
1009 3880 1106 3934 καὶ
1139 3880 1360 3946 νυκτὸς
1379 3920 1394 3944 ,
1424 3880 1522 3934 καὶ
1554 3882 1664 3934 οὐκ
1688 3882 1774 3946 εις

183 3971 409 4024 ἄνοιαν
437 3971 587 4040 ἐμοί.
637 3973 747 4026 Καὶ
775 3974 804 4025 6
826 3971 1016 4044 παρὼν
1045 3973 1103 4026 δὲ
1134 3973 1347 4043 ψαλμός
1376 3989 1537 4044 φησιν
1557 3989 1571 4003 ·
1616 3972 1774 4041 Ἡμέ-

178 4078 300 4129 ρας
322 4061 636 4130 ἐκέκραξα,
669 4063 763 4116 καὶ
783 4064 853 4118 ἐν
875 4063 1047 4117 νυκτὶ
1072 4065 1350 4117 ἐναντίον
1368 4077 1506 4118 σου.
1542 4062 1652 4116 Καί
1683 4079 1772 4133 μοι

179 4149 414 4203 δοκεῖτὸ
438 4149 616 4218 λόγιον
641 4151 732 4205 τὸν
762 4151 876 4222 βίον
921 4153 1022 4223 τῆς
1046 4151 1510 4224 ἐνανθρωπήσεως
1536 4151 1631 4204 τοῦ
1661 4152 1773 4204 Σω-

181 4243 352 4313 τῆρος
389 4242 547 4312 ήμῶν
588 4245 924 4316 ὑπογράφειν
945 4245 1034 4298 διὰ
1066 4245 1248 4316 πάσης
1275 4245 1338 4298 οὐ
1372 4245 1532 4316 μόνον
1557 4245 1773 4316 ἡμέρας

181 4330 328 4385 ἀλλά
372 4332 464 4384 καὶ
491 4333 682 4394 νυκτὸς
713 4333 1072 4404 ἀνακειμένου
1102 4333 1180 4404 τῷ
1213 4333 1350 4404 Θεῷ.
1412 4334 1566 4403 Ἔχει
1589 4332 1647 4386 δὲ
1678 4334 1770 4386 καὶ

183 4425 248 4476 ἐν
295 4425 407 4487 τοῖς
455 4425 804 4494 Εὑαγγελίοις
853 4426 1000 4490 ὅπως
1049 4429 1169 4490 ταῖς
1219 4427 1406 4497 εὐχαῖς
1448 4425 1535 4478 διὰ
1572 4425 1772 4488 παντὸς

1881 3243 2146 3299 vicesimo
2191 3242 2366 3313 primo
2417 3242 2645 3312 psalmo,
2691 3240 2786 3312 qui
2835 3238 3020 3294 itidem
3071 3235 3138 3290 ad
3182 3235 3461 3290 Christum

1880 3333 2140 3401 refertur,
2177 3333 2407 3403 ejusque
2441 3334 2752 3402 passionem
2797 3339 2980 3400 aperte
3003 3327 3356 3390 vaticinatur,
3397 3332 3459 3379 ut

1879 3425 1948 3480 ab
1983 3426 2136 3480 initio
2165 3425 2476 3480 declaratur
2505 3425 2589 3480 his
2608 3423 2810 3486 verbis,
2841 3421 2979 3475 Deus
3014 3419 3152 3474 Deus
3182 3435 3346 3481 meus,
3376 3434 3459 3471 re-

1877 3517 2016 3586 spice
2041 3517 2095 3570 in
2123 3533 2224 3580 me,
2257 3532 2418 3586 quare
2460 3532 2540 3569 me
2574 3514 2901 3584 dereliquiin
2924 3511 3050 3564 “'1’
3081 3510 3227 3581 quod
3265 3506 3459 3563 Salva-

1877 3615 2053 3662 torem
2077 3608 2145 3661 ad
2177 3608 2402 3662 verbum
2425 3607 2481 3661 in
2513 3606 2769 3675 passione
2798 3604 3007 3658 dixisse
3040 3609 3326 3665 narratur;
3352 3606 3458 3652 sta-

1880 3699 1974 3751 tim
2018 3708 2138 3767 post
2163 3698 2379 3752 initium
2429 3696 2670 3760 additur,
2721 3694 2862 3750 Deus
2896 3708 3040 3746 meus
3083 3689 3325 3745 clamabo
3367 3703 3459 3756 per

1877 3787 2011 3842 diem
2040 3796 2088 3841 et
2114 3803 2217 3841 non
2245 3786 2517 3851 exaudies,
2546 3795 2596 3839 et
2627 3793 2774 3839 nocte
2793 3794 2841 3837 et
2873 3798 2977 3836 non
3001 3779 3069 3834 ad
3097 3777 3458 3847 insipientiam

1879 3878 2028 3934 mihi.
2070 3878 2318 3933 Praesens
2346 3879 2474 3932 item
2507 3876 2749 3947 psalmus
2791 3875 2887 3937 ait,
2921 3871 2986 3926 In
3020 3869 3104 3925 die
3139 3869 3368 3924 clamavi
3403 3876 3457 3922 et

1877 3980 2028 4025 nocte
2054 3987 2234 4025 coram
2260 3982 2326 4026 te.
2353 3970 2687 4040 Videturque
2716 3968 2848 4022 mihi
2868 3968 2954 4024 his
2981 3965 3334 4022 subiudicare
3369 3972 3455 4016 to-

1878 4068 1990 4115 tam
2019 4062 2285 4117 incarnati
2323 4062 2624 4118 Salvatoris
2658 4059 2831 4115 nostri
2863 4060 3052 4120 vitam,
3083 4071 3204 4127 quae
3233 4069 3343 4109 non
3375 4068 3464 4108 so-

1877 4156 1988 4210 lum
2026 4155 2113 4210 die
2161 4156 2256 4211 sed
2291 4155 2456 4210 etiam
2511 4162 2672 4209 nocte
2717 4151 2828 4207 Deo
2873 4155 3195 4206 consecrata
3244 4146 3365 4202 fuit.
3401 4146 3458 4199 In

1873 4243 2183 4315 Evangeliis
2235 4261 2398 4316 porro
2445 4243 2649 4298 dicitur
2681 4257 2807 4298 eum
2859 4254 3073 4309 semper
3116 4235 3459 4294 orationibus

1873 4352 2119 4392 vacasse.
2157 4336 2214 4392 ln
2247 4337 2500 4408 praesenti
2525 4351 2655 4391 vero
2678 4335 2893 4389 Patrem
2928 4332 3184 4387 obsecrat
3213 4337 3269 4385 et
3300 4335 3458 4398 rogat

1873 4437 1935 4482 ut
1968 4430 2194 4485 inclinet
2229 4445 2418 4484 aurem
2447 4429 2512 4484 ad
2542 4443 2760 4499 precem
2801 4441 2993 4491 suam;
3033 4423 3086 4478 id
3119 4429 3225 4485 est,
3255 4428 3316 4475 ut
3358 4436 3460 4473 an-

183 4515 499 4587 ἐσχόλαξεν.
552 4518 677 4570 Ἐπὶ
721 4518 777 4571 δὲ
796 4517 890 4571 τοῦ
931 4519 1196 4590 παρόντος
1219 4519 1398 4572 δέεται
1437 4518 1531 4572 τοῦ
1555 4518 1767 4590 Πατρὸς

1882 4532 2013 4578 nuat
2055 4526 2410 4594 petitionibus
2455 4525 2594 4579 suis.
2633 4523 2804 4594 ldque
2839 4529 3096 4592 precatur
3131 4526 3318 4587 utpote
3360 4518 3455 4586 qui

181 4606 287 4662 καὶ
330 4608 472 4675 ἀξιοί
521 4608 698 4662 κλῖναι
731 4610 790 4662 τὸ
843 4604 938 4674 οὖς
996 4610 1130 4682 πρὸς
1178 4611 1278 4680 τὴν
1328 4611 1511 4679 δέησιν
1563 4609 1764 4663 αὐτοῦ’

181 4701 464 4753 τουτέστιν
493 4699 775 4754 ἐπινεῦσαι
817 4703 928 4764 τοῖς
963 4702 1256 4772 αἰτήμασιν
1286 4703 1468 4756 αὑτοῦ.
1499 4703 1604 4756 Καὶ
1625 4701 1766 4755 τοῦτ’

181 4792 427 4862 εὔχεται,
451 4792 526 4857 ὡς
556 4792 622 4846 ἂν
647 4793 853 4862 μέλλων
882 4791 1023 4863 ὑπὲρ
1044 4795 1298 4848 ἁπάντων
1323 4794 1434 4847 τῶν
1454 4795 1643 4856 ἐθνῶν,
1671 4794 1768 4847 αὐ-

182 4885 277 4948 τὸς
301 4886 493 4938 ἐαυτὸν
512 4884 587 4955 τῷ
610 4886 782 4956 Πατρὶ
805 4889 1132 4957 προσφέρειν
1159 4887 1366 4940 θυσίαν.
1391 4887 1567 4941 Πολλά
1589 4889 1645 4940 δὲ
1671 4905 1770 4940 πε-

185 4977 244 5050 ρὶ
271 4974 367 5030 τοῦ
403 4976 534 5030 ἰδίου
565 4977 796 5031 θανάτου
831 4977 1038 5047 μέλλων
1069 4977 1196 5048 ἐξῆς
1225 4978 1512 5045 διεξιέναι,
1543 4981 1684 5051 ὀρῶν
1707 4999 1767 5035 τε

181 5066 284 5139 τὴν
310 5068 449 5138 μετὰ
472 5065 698 5122 θάνατον
721 5067 1101 5139 διαδεξομένην
1121 5068 1284 5121 αὐτὸν
1311 5070 1606 5140 σωτηρίαν,
1625 5072 1768 5125 εἰκό-

185 5176 296 5222 τως
317 5156 418 5230 τὴν
448 5159 705 5231 ἀπαρχὴν
733 5159 827 5214 τοῦ
848 5160 1064 5230 ψαλμοῦ
1083 5163 1150 5232 τῇ
1179 5159 1621 5233 αὐτοῦ’σωτηρία
1636 5180 1769 5234 προ-

181 5247 370 5304 λαῦὼν
399 5249 713 5320 ἀνατίθησι·
744 5251 822 5303 διό
857 5269 1010 5322 φησι,
1037 5254 1211 5320 Κύριε
1234 5255 1265 5305 ό
1288 5254 1433 5318 Θεὸς
1453 5253 1563 5321 τῆς
1586 5269 1770 5322 σωτη-

174 5341 318 5408 ρίας
340 5358 482 5408 μου.
517 5344 644 5396 Ὀτι
670 5343 948 5410 ἐπλήσοη
977 5343 1179 5397 κακῶν
1209 5345 1246 5411 ή
1286 5346 1458 5414 ψυχή
1481 5364 1628 5414 μου,
1671 5347 1770 5400 καὶ

181 5431 219 5498 ἡ
253 5431 366 5497 ζωή
393 5449 513 5502 μου
551 5433 631 5498 τῷ
663 5434 777 5503 ᾄδῃ
811 5434 1055 5504 ἥγγισε,
1091 5438 1579 5505 προσε.ῑογίσθην
1614 5441 1764 5507 μετὰ

181 5523 304 5580 τῶν
333 5525 810 5578 καταϐαινόντων
840 5529 925 5591 εἰς
949 5524 1202 5579 λάκκον.
1233 5527 1424 5594 Σαφῶς
1446 5528 1535 5580 διὰ
1564 5529 1765 5583 τούτων

177 5615 282 5687 τὴν
328 5616 407 5679 εἰς
439 5616 531 5669 τὸν
573 5617 707 5688 ᾅδην
741 5618 962 5670 κάθοδον
996 5618 1159 5672 αὐτοῦ
1201 5619 1534 5689 παρίστησι,
1574 5622 1668 5674 καὶ
1700 5623 1768 5676 τὰ

178 5707 335 5761 κακὰ
378 5700 453 5760 ὧν
499 5709 888 5779 πεπληρῶσθαι
936 5710 1130 5763 ἑαυτοῦ
1175 5710 1379 5779 ἔφασκε
1426 5711 1522 5783 τὴν
1569 5713 1764 5787 ψυχήν.

259 5858 308 5891 ⁸⁸
349 5857 411 5911 lll
451 5859 577 5930 εἶρε.
619 5878 687 5926 iv,
726 5861 810 5915 3|.
891 5861 954 5894 ""
997 5860 1122 5917 Psal
1179 5861 1391 5919 SX'.'2.

1880 4629 1980 4684 pro
2009 4617 2268 4670 omnibus
2297 4617 2551 4687 gentibus
2583 4616 2701 4686 ipse
2742 4629 2802 4669 se
2833 4612 2980 4666 Patri
3017 4612 3073 4664 in
3122 4608 3455 4665 sacriﬁcium

1874 4707 2160 4762 oblaturus
2193 4718 2360 4764 esset.
2401 4706 2537 4761 Cum
2574 4715 2752 4760 autem
2811 4703 2979 4756 multa
3020 4702 3088 4756 de
3134 4707 3309 4753 morte
3355 4709 3455 4752 sua

1875 4798 2135 4868 deinceps
2165 4810 2512 4861 narraturus,
2557 4796 2898 4869 prospiceret
2932 4809 3051 4848 eam
3083 4807 3205 4862 qua:
3245 4806 3303 4845 se
3331 4795 3455 4859 post

1876 4903 2106 4945 mortem
2137 4903 2427 4962 exceptura
2456 4896 2574 4944 erat
2610 4888 2868 4946 salutem,
2899 4883 3113 4938 initium
3143 4879 3333 4952 psalmi
3361 4893 3454 4933 sa-

1877 4987 1975 5041 luti
2024 5001 2137 5040 sua:
2199 4990 2564 5052 congruenter
2615 4977 2852 5048 applicat
2905 4989 3031 5029 cum
3084 4973 3204 5026 ait:
3236 4970 3454 5023 Domine

1877 5081 2016 5135 Deus
2068 5078 2259 5132 salutis
2304 5091 2453 5130 mere.
2486 5071 2743 5127 -—VEns.
2774 5069 2829 5134 4,
2866 5069 2917 5123 5.
2957 5068 3096 5133 Quia
3143 5065 3342 5134 repleta
3375 5071 3451 5114 est

1876 5174 2033 5228 malis
2061 5172 2243 5226 anima
2280 5186 2414 5232 mea,
2452 5179 2503 5222 et
2536 5167 2641 5222 vita
2682 5182 2798 5220 mea
2826 5163 3032 5232 inferno
3059 5157 3450 5228 appropinqua-

1875 5266 1982 5328 vit,
2027 5263 2323 5317 restimalus
2381 5276 2497 5314 sum
2544 5274 2662 5312 cum
2709 5250 3138 5309 descendentibus
3168 5249 3220 5300 in
3253 5246 3447 5298 lacum.

1877 5355 1972 5410 llis
1993 5354 2321 5409 descensum
2344 5351 2409 5405 ad
2441 5350 2648 5405 inferos
2674 5362 2835 5403 suum
2860 5343 3150 5398 manifeste
3182 5336 3448 5396 declarat,

1872 5462 2086 5503 necnon
2113 5448 2251 5500 mala
2285 5446 2372 5500 illa
2392 5444 2548 5514 queis
2567 5443 2817 5497 alllictam
2845 5437 3082 5491 animam
3106 5444 3258 5487 suam
3282 5427 3450 5480 fuisse

1874 5539 2217 5593 testificatur.
2297 5537 2434 5590 Mala
2491 5549 2659 5596 vero,
2743 5525 3084 5586 calamitates
3147 5517 3442 5589 appellat:

1877 5644 2001 5683 nam
2055 5629 2182 5682 mali
2236 5643 2432 5682 nomen
2479 5625 2644 5679 latius
2705 5616 3066 5687 intelligitur;
3119 5611 3233 5664 είνθ
3279 5607 3446 5661 etiam

1879 5719 1964 5775 his
1995 5721 2195 5776 indicat
2226 5720 2504 5775 hominum
2541 5715 2824 5775 malitiam,
2863 5722 2968 5778 qua
3004 5703 3262 5772 repletam
3309 5695 3449 5755 dixit
