3974 6510
563 427 569 434 ·
596 401 737 461 1053

1302 402 1574 459 EUSEBII
1611 403 2088 461 CAESABIENSIS
2126 404 2275 462 OPP.
2319 402 2497 460 PARS
2535 402 2624 460 111.
2664 387 2734 446 ξ-
2780 403 3192 462 EXEGETICA.

3693 405 3815 465 1056

591 524 828 580 animam
853 539 1006 581 suam
1027 541 1041 588 ;
1075 523 1184 580 imo
1205 525 1367 580 etiam
1393 533 1620 596 peccata.
1635 534 1843 583 nostra.
1867 541 1989 598 qua:
2011 526 2064 580 in
2095 543 2131 582 St

2257 527 2416 581 Κακὰ
2446 528 2503 582 δὲ
2527 529 2644 599 ἦτοι
2692 527 2788 590 τὰς
2827 527 3172 600 περιστάσεις
3205 523 3459 595 ὀνομάζει
3479 565 3496 586 ,
3524 524 3815 596 κοινότερον

591 617 706 686 ipse
729 616 992 686 suscepit,
1021 631 1087 671 ac
1117 632 1350 688 quorum
1379 634 1545 674 causa
1577 618 1753 674 factus
1786 627 1869 674 est
1914 635 2011 689 pro
2049 634 2152 672 no-~

586 704 673 760 bis
717 705 1086 772 maledictum,
1128 709 1428 765 secundum
1477 711 1790 774 Apostolum
1834 712 2147 767 dicentem:

2255 618 2640 689 ὲξακουομένου
2666 618 2758 674 τοῦ
2781 619 2888 673 τῶν
2909 619 3093 672 κακῶν
3112 617 3196 670 ὀνὸ
3203 634 3391 688 ματος.
3419 618 3451 689 ἦ
3482 617 3582 669 καὶ
3602 616 3700 686 τὴν
3719 615 3815 668 τῶν

2252 709 2551 784 ἀνθρώπων
2584 711 2800 775 κακίαν,
2827 705 2894 782 ἦς
2918 710 3301 782 πεπληρῶσθαι
3325 708 3424 780 τὴν
3453 708 3639 779 ψυχὴν
3667 705 3816 763 abiit

584 791 843 847 Dominus
880 809 976 864 pro
1024 798 1172 851 nobis
1215 807 1454 852 mortuus
1494 808 1591 864 est,
1641 799 1814 869 factus
1855 815 1950 866 pro
2002 797 2131 855 nobie

2251 802 2461 872 ἔλεγεν·
2489 801 2626 857 ἀλλὰ
2645 803 2739 857 καὶ
2766 803 2864 866 τὰς
2893 802 3164 874 ἁμαρτίας
3191 802 3288 867 τὰς
3309 801 3626 872 ἡμετέρας,
3661 799 3724 861 ἃς
3745 799 3814 860 εἰς

547 951 550 954 ,
583 886 947 949 maledictum.
995 893 1120 961 quia
1161 894 1414 960 scriptum
1463 903 1541 949 est
1572 910 1590 948 :
1621 894 1936 950 Maledictus
1980 895 2149 950 omnis

581 978 679 1066 (μιὶο
699 978 884 1045 pendet
911 980 963 1034 in
995 980 1136 1052 ligno
1157 983 1223 1038 ⁸³.
1256 984 1437 1050 Quare
1460 1025 1474 1047 ,
1511 994 1567 1040 ut
1607 987 1660 1040 in
1708 987 1914 1056 psalmo
1953 985 2147 1052 fertur,

551 1067 789 1151 ‘repleta
827 1076 911 1124 est
955 1071 1114 1126 malis
1156 1072 1337 1126 anima
1384 1074 1526 1143 ejus,
1557 1082 1613 1130 et
1638 1080 1747 1130 vita
1785 1076 1902 1146 ejus
1932 1077 2147 1132 inferno

580 1160 1061 1231 appropinquavit,
1120 1162 1265 1232 quod
1315 1165 1494 1235 ipsum
1548 1151 1873 1222 descensum
1919 1169 2038 1236 ejus
2089 1169 2146 1224 in

549 1314 552 1316 ι
580 1255 812 1304 mortem
843 1252 989 1307 clare
1017 1251 1308 1322 signiﬁcat.
1344 1253 1468 1310 ideo
1502 1255 1691 1326 Aquila
1728 1257 1807 1312 sic
1834 1257 2003 1313 edidit
2032 1277 2046 1313 :
2077 1257 2145 1312 Et

578 1339 687 1392 vita
718 1357 831 1395 mea
851 1342 903 1396 in
933 1343 1196 1412 infernum
1211 1345 1460 1410 elevavit;
1484 1345 1842 1417 Symmachus
1876 1364 2004 1403 vero
2029 1365 2041 1400 :
2069 1347 2140 1402 Et

579 1431 685 1487 vita
720 1450 838 1488 mea
901 1435 1165 1498 infernum
1205 1439 1400 1509 attigit.
1439 1437 1506 1492 Ut
1548 1447 1727 1494 autem
1769 1440 1894 1494 alibi
1937 1441 2141 1495 dictum

575 1533 662 1584 est
702 1541 715 1577 :
760 1525 895 1580 Cum
938 1529 1130 1598 iniquis
1166 1541 1435 1600 reputatus
1471 1540 1589 1596 est;
1634 1533 1714 1587 sic
1751 1541 1803 1587 et
1841 1533 1944 1587 hoc
1977 1533 2138 1588 loco:

579 1613 900 1670 «Estimatus
931 1633 1068 1684 sum,
1110 1619 1305 1690 inquit,
1343 1636 1460 1673 cum
1490 1619 1913 1675 descendentibus
1957 1621 2011 1675 in
2061 1621 2142 1676 Ia-

574 1721 713 1760 cum.
752 1705 858 1762 Pro
903 1724 1012 1779 quo
1062 1709 1422 1782 Symmachus
1454 1713 1623 1766 edidit
1657 1731 1670 1768 :
1707 1712 1996 1782 Reputatus
2024 1729 2140 1766 sum

573 1815 695 1852 cum
727 1799 962 1856 deductis
1002 1803 1058 1857 in
1086 1803 1281 1857 locum.
1319 1801 1598 1874 Siquidem
1649 1819 1836 1860 omnes
1891 1803 2138 1858 homines

2249 892 2436 945 ἑαυτὸν
2455 892 2708 964 ἀνείληφε
2723 934 2736 958 ,
2753 891 2819 945 δι’
2835 891 2900 956 ἃς
2919 895 3014 946 καὶ
3030 892 3249 962 γέγονεν
3273 891 3413 962 ὑπὲρ
3430 893 3464 961 ἡ
3475 889 3596 958 μῶν
3614 887 3813 956 κατάρα

2248 984 2390 1040 κατὰ
2429 985 2519 1039 τὸν
2575 985 2891 1039 Ἀπόστολον
2915 1025 2930 1049 ,
2956 985 3016 1050 ὃς
3045 985 3146 1056 ἔφη
3167 1002 3182 1017 ⁸
3213 986 3428 1051 Κύριος
3449 982 3620 1048 ὑπὲρ
3658 981 3812 1050 ἡμῶν

2245 1074 2524 1141 ἀπέθανε,
2549 1075 2865 1145 γενόμενος
2878 1075 3026 1143 ὑπὲρ
3040 1075 3208 1144 ἡμῶν
3227 1073 3450 1142 κατάρα
3469 1091 3485 1104 ·
3515 1072 3606 1126 ὅτι
3633 1071 3816 1141 Temo-

2221 1234 2223 1236 η
2246 1182 2384 1220 πται
2400 1184 2414 1198 ·
2450 1166 2902 1235 Ἐπικατάρατος
2921 1165 3038 1233 πᾶς
3058 1170 3090 1221 ό
3105 1165 3468 1236 κρεμάμενος
3487 1165 3592 1218 ἐπὶ
3611 1165 3808 1227 ξύλου.

2245 1257 2334 1311 Διὸ
2349 1258 2594 1312 καὶκατὰ
2609 1257 2699 1312 τὸν
2714 1257 2946 1328 ψαλμὸν,
2961 1258 3096 1330 ὲπλή
3106 1258 3203 1330 σθη
3222 1258 3404 1318 κακῶν
3420 1260 3452 1329 ἡ
3466 1258 3622 1329 ψυχὴ
3637 1257 3808 1320 αὑτοῦ,

2245 1347 2336 1403 καὶ
2358 1351 2391 1422 ἡ
2415 1350 2526 1421 ζωὴ
2544 1349 2705 1402 αὐτοῦ
2722 1348 2798 1421 τῷ
2825 1348 2925 1423 ᾄδῃ
2948 1350 3192 1422 ήγγισεν·
3223 1349 3252 1402 ὃ
3283 1348 3344 1420 δὴ
3369 1349 3466 1402 καὶ
3483 1347 3622 1401 αὐτὸ
3641 1346 3812 1416 σαφῶς

2241 1438 2338 1510 τὴν
2362 1441 2440 1503 εἰς
2459 1440 2549 1493 τὸν
2573 1439 2800 1494 θάνατον
2822 1440 3043 1493 κάθοδον
3061 1440 3223 1494 αὐτοῦ
3245 1441 3411 1509 δηλοῖ.
3441 1440 3657 1510 Διόπερ
3681 1442 3710 1492 6
3727 1440 3813 1509 μὲν

2255 1529 2482 1592 ’Λκύλας
2519 1528 2779 1596 ἐξέδωκεν
2814 1528 2980 1582 είπὼν
2999 1571 3015 1594 ,
3041 1531 3150 1584 Καὶ
3186 1531 3223 1596 ή
3254 1529 3362 1596 ζωή
3398 1549 3522 1600 μου
3553 1532 3650 1596 εις
3675 1530 3813 1596 ᾅδην

2242 1618 2647 1687 κατήντηκενο
2678 1621 2706 1672 6
2731 1620 2788 1672 δὲ
2818 1619 3132 1691 Σύμμαχος,
3163 1621 3270 1676 Καὶ
3301 1622 3336 1689 ἡ
3377 1620 3489 1687 ζωή
3535 1639 3668 1690 μου
3711 1619 3811 1688 ᾄδῃ

2242 1711 2458 1779 ἥψατο.
2480 1713 2686 1784 ’Ὠσπερ
2713 1712 2769 1766 δὲ
2796 1714 3007 1784 εἴρηται
3033 1713 3264 1784 ἀλλαχοῦ
3289 1714 3368 1778 τὺ,
3396 1715 3560 1768 Μετὰ
3579 1715 3814 1783 ἀνόμων

2238 1803 2548 1872 eleg-[0011'
2583 1802 2739 1856 Οὖτω
2770 1806 2863 1857 καὶ
2885 1805 3135 1869 ἐνταῦθα,
3158 1809 3685 1875 Προσελογ-ίσθην,
3726 1825 3812 1878 φη-

575 1889 632 1946 in
663 1891 840 1946 locum
870 1893 1084 1959 mortis,
1115 1895 1206 1964 qui
1236 1895 1349 1964 jam
1388 1895 1530 1948 lacui
1562 1902 1932 1962 comparatur,
1957 1893 2131 1948 detra-

2241 1893 2292 1946 a't
2311 1933 2328 1959 ,
2370 1894 2519 1964 μετὰ
2546 1895 2666 1949 τῶν
2689 1900 3162 1952 καταϐαινόντων
3186 1902 3275 1967 εἰς
3299 1899 3535 1954 λάκκον
3557 1918 3570 1930 ·
3613 1900 3736 1954 ἀνθ’
3759 1895 3810 1954 οὗ

572 1979 780 2038 buntur
805 1990 859 2038 et
887 1983 1233 2039 deducuntur
1265 2003 1279 2041 :
1314 1985 1494 2055 itaque
1523 1985 1650 2038 illuc
1677 1993 1894 2054 propter
1915 1993 2138 2054 peet-ata

565 2085 693 2136 Sua,
726 2074 828 2128 ista
856 2076 1075 2146 regione
1107 2075 1252 2147 digni
1278 2075 1526 2146 judicati,
1549 2076 1907 2130 descendunt.
1947 2075 2011 2130 Et
2038 2091 2138 2146 ego

571 2177 788 2232 quoque
814 2163 868 2218 in
901 2180 1088 2220 eorum
1115 2181 1342 2221 numero
1364 2174 1708 2240 compntatus
1734 2181 1874 2228 smn,
1901 2165 2003 2220 etsi
2032 2182 2136 2220 non

566 2253 624 2312 id
661 2257 1006 2324 promeritus.
1061 2257 1157 2313 sed
1202 2257 1347 2311 Patri
1392 2258 1698 2327 obsequens
1735 2255 1930 2311 fuerim
1963 2271 2138 2326 usque

567 2345 638 2401 ad
670 2356 919 2405 mortem.
950 2348 1049 2406 llic
1077 2351 1258 2421 itaque
1287 2351 1393 2404 vita
1417 2367 1550 2413 mea,
1584 2350 1781 2420 inquit,
1813 2332 2016 2418 inferno
2043 2365 2138 2417 ap-

561 2440 951 2510 propinquavit,
980 2447 1056 2508 et,
1074 2440 1398 2496 Estimatus
1418 2458 1533 2495 sum
1563 2457 1679 2494 cum
1705 2439 2134 2495 descendentibus

566 2534 622 2587 in
655 2533 849 2587 lacum.
877 2532 938 2588 ln
968 2535 1078 2590 alio
1114 2536 1240 2590 item
1271 2535 1479 2605 psalmo
1508 2535 1621 2589 hrec
1647 2534 1764 2604 ipsa
1801 2548 2132 2588 commemo-

564 2639 716 2685 rans.
741 2625 971 2681 reditum
990 2625 1114 2682 inde
1135 2628 1404 2698 signiﬁcat
1419 2627 1504 2682 his
1520 2626 1728 2681 verbis:
1751 2625 1990 2687 Domine,
2011 2625 2135 2678 edu-

560 2717 692 2771 xisti
706 2718 770 2771 ab
787 2719 991 2788 inferno
1006 2720 1237 2774 animum
1251 2736 1442 2784 meam,
1458 2719 1541 2782 sal
1547 2718 1678 2772 vasti
1693 2734 1770 2771 me
1783 2734 1815 2770 a
1827 2715 2133 2771 descenden-

564 2807 703 2862 tibus
717 2810 771 2863 in
791 2810 964 2864 lacum
979 2811 1026 2844 ⁹⁰
1046 2830 1060 2878 ;
1081 2827 1146 2866 ac
1179 2829 1398 2868 rursum
1430 2813 1556 2866 alibi
1585 2831 1596 2866 :
1621 2809 1943 2879 Exspectans
1957 2825 2136 2878 exspe-

561 2901 701 2954 ctavi
717 2901 1021 2964 Dominum.
1040 2913 1088 2958 et
1107 2904 1327 2959 intendit
1344 2904 1472 2957 mihi
1489 2919 1506 2956 :
1523 2914 1571 2957 et
1601 2902 1867 2957 exaudivit
1889 2901 2132 2970 depreca-

565 2991 760 3045 tionem
785 3010 974 3059 meam,
995 3003 1043 3048 et
1063 2993 1241 3048 eduxit
1261 3012 1339 3049 me
1359 2997 1420 3048 de
1438 2995 1554 3048 lacu
1573 2995 1816 3048 miseriae.
1847 2991 1912 3044 Et
1940 2993 2130 3046 statuit

558 3098 720 3152 supra
742 3093 943 3153 petram
965 3085 1116 3154 pedes
1137 3104 1274 3141 meos
1300 3088 1368 3154 ⁹¹;
1394 3097 1446 3142 et
1469 3086 1522 3139 in
1540 3087 1751 3140 decimo
1767 3084 1959 3155 quinto
1985 3085 2131 3152 psal-

557 3190 648 3228 mo
673 3175 876 3232 dictum
908 3188 1017 3232 est:
1038 3177 1161 3233 Non
1182 3179 1508 3249 deretinques
1525 3179 1759 3232 animam
1783 3194 1951 3231 meam
1969 3178 2022 3230 in
2044 3178 2127 3230 in-

2239 1982 2499 2049 ὲξέδωκεν
2527 1985 2555 2037 6
2586 1984 2900 2056 Σύμμαχος,
2946 1989 3301 2058 Ἐλογίσθιην
3348 1991 3501 2059 μετὰ
3537 1989 3667 2043 τῶν
3694 2008 3814 2045 κατ·

2236 2073 2542 2144 αγομένων
2570 2079 2656 2142 εἰς
2680 2076 3008 2132 λάκκον.οί
3043 2081 3139 2151 μὲν
3172 2082 3279 2152 γὰρ
3311 2082 3510 2144 πάντες
3537 2081 3811 2150 ἄνθρωποι

2238 2166 2590 2222 καθέλκονται
2628 2170 2720 2223 καὶ
2750 2173 3070 2240 κατάγονται
3097 2175 3176 2238 εἰς
3208 2175 3267 2228 τὸ
3297 2175 3498 2248 χωρίον
3523 2175 3622 2228 τοῦ
3656 2176 3809 2230 θανά·

2236 2275 2328 2312 του
2345 2301 2360 2326 ,
2386 2260 2446 2313 τὸ
2473 2260 2566 2314 νῦν
2592 2261 2778 2333 λάκκῳ
2802 2266 3302 2337 παραϐαλλόμενονο
3332 2269 3426 2321 καὶ
3450 2269 3812 2321 καταϐαίνου-

2237 2367 2321 2404 σιν
2352 2353 2467 2406 ὲκεῖ
2487 2353 2575 2407 διὰ
2606 2354 2704 2418 τὰς
2734 2357 2940 2411 ἑαυτῶν
2966 2359 3260 2431 ἁμαρτίας,
3286 2361 3385 2429 τῆς
3407 2360 3600 2414 αὐτόθι
3635 2361 3810 2432 χώρας

2236 2444 2374 2510 ἄξιοι
2403 2441 2539 2499 εἶναι
2568 2447 2861 2519 κριθέντες.
2901 2447 3070 2518 Κάγὼ
3097 2450 3151 2504 δὲ
3179 2453 3236 2505 ὲν
3264 2451 3472 2514 τούτοις
3501 2452 3807 2522 ἐλογίσθην,

2231 2536 2332 2589 οὐκ
2363 2535 2437 2589 ὢν
2468 2537 2616 2601 ἄξιος
2635 2577 2650 2600 ,
2675 2539 2788 2594 ἀλλ’
2828 2542 3068 2614 ὑπήκοος
3097 2543 3384 2612 γενόμενος
3407 2542 3485 2614 τῷ
3510 2545 3698 2615 lla-cpi.
3723 2544 3807 2614 μέ-

2233 2643 2324 2697 χρι
2353 2626 2602 2682 θανάτου.
2647 2630 2862 2684 Ἐνθάδε
2895 2632 2991 2702 μὲν
3012 2628 3106 2685 οὖν
3143 2635 3180 2702 ἡ
3217 2632 3328 2702 ζωή
3353 2650 3496 2702 μου,
3540 2635 3706 2704 φησὶ,
3737 2631 3809 2698 τῷ

2233 2717 2346 2788 ᾅδῃ
2377 2717 2610 2789 ἤγγικε·
2641 2721 2756 2785 καὶ,
2791 2725 3302 2793 Προσελογίσθην,
3336 2726 3491 2794 φησὶ,
3511 2728 3674 2794 μετὰ
3702 2723 3808 2778 τῶν

2233 2812 2708 2865 καταϐαινόντων
2743 2814 2831 2880 εἷς
2861 2813 3124 2868 λάκκονο
3157 2816 3215 2869 ὲν
3257 2816 3428 2887 ἑτέρῳ
3476 2816 3536 2869 δὲ
3582 2816 3804 2886 ψαλμῷ,

2232 2900 2433 2954 τούτων
2451 2901 2627 2955 αὐτῶν
2647 2903 3017 2974 μνημονεύων,
3045 2906 3142 2976 τὴν
3168 2906 3376 2959 ἐκεῖθεν
3398 2905 3586 2959 ἄνοδον
3616 2905 3804 2976 σημαέο

2231 3007 2311 3045 νει
2339 2993 2561 3062 φάσκων
2579 3010 2593 3025 ο
2617 2995 2812 3063 Κύριε,
2836 2995 3133 3066 ἀνήγαγες
3163 2997 3232 3063 ἐξ
3268 2999 3418 3065 ᾅδου
3444 2997 3564 3066 τὴν
3596 3000 3804 3067 ψυχήν

2223 3078 2364 3153 μου,
2393 3084 2633 3150 ἔσωσας
2658 3104 2735 3155 με
2757 3089 2874 3141 ἀπὸ
2899 3089 3016 3142 τῶν
3037 3092 3518 3145 καταϐαινόντων
3550 3094 3640 3157 εἰς
3673 3091 3803 3144 ,ζάιο

2231 3191 2376 3229 κονο
2423 3177 2534 3230 Καὶ
2577 3177 2740 3230 πάλιν
2790 3178 3022 3249 ἀλλαχοῦ
3047 3197 3060 3210 ο
3128 3181 3472 3251 Ύπομένων
3516 3183 3802 3252 ὑπέμεινα

556 3266 728 3336 ferno,
746 3285 837 3321 nec
853 3268 1003 3322 dabis
1016 3281 1252 3323 sanctum
1271 3280 1417 3323 tuum
1435 3269 1604 3324 videre
1627 3270 2014 3338 corruptionem
2027 3270 2119 3323 "'.

2233 3269 2331 3322 τὸν
2347 3270 2584 3336 Κύριον,
2612 3270 2710 3323 καὶ
2735 3270 3039 3342 προσέσχε
3060 3291 3160 3343 μοι
3180 3289 3196 3305 ο
3220 3274 3320 3329 καὶ
3343 3273 3680 3342 εἰσήκουσε
3702 3275 3801 3342 τῆς

553 3360 819 3432 δεήσεώς
842 3382 962 3434 μου
985 3406 999 3430 ,
1030 3364 1128 3418 καὶ
1164 3366 1429 3436 ἀνήγαγέ
1455 3384 1531 3436 με
1563 3368 1632 3420 ἐκ
1663 3367 1891 3421 λάκκου
1926 3366 2341 3440 ταλαιπωρίας.
2373 3366 2480 3420 Καὶ
2509 3366 2734 3436 ἔστησε
2756 3367 2853 3421 ἐπὶ
2910 3369 3133 3437 πέτραν
3183 3371 3332 3436 τοὺς
3394 3370 3590 3438 πόδας
3654 3388 3797 3441 μου·

555 3459 650 3511 καὶ
681 3461 737 3511 ὲν
778 3459 855 3530 τῷ
891 3466 962 3513 ιε’
998 3459 1200 3532 ψαλμῷ
1240 3461 1488 3533 εἴρηταιο
1524 3463 1644 3517 Οὐκ
1677 3461 2129 3533 ἐγκαταλείψεις
2163 3461 2278 3530 τὴν
2302 3461 2521 3532 ’ψυχήν
2543 3479 2664 3531 μου
2702 3465 2790 3529 εὶς
2856 3462 2963 3516 τὸν
3028 3463 3212 3532 ᾅδην,
3257 3465 3399 3519 οὐδὲ
3441 3463 3665 3531 δώσεις
3704 3464 3800 3516 τὸν

555 3552 729 3608 ὅσιόν
756 3570 871 3610 σου
903 3555 1052 3610 ἰδεῖν
1083 3556 1429 3627 διαφθοράν.

625 3675 794 3734 Vsus.
827 3678 878 3732 6.
907 3677 1107 3734 Factus
1131 3680 1414 3736 sum'sicut
1445 3680 1509 3734 Ito
1534 3696 1598 3733 so
1620 3680 1732 3753 sine
1754 3679 2021 3749 adjutorio
2043 3679 2126 3732 in-

2303 3673 2623 3743 Ἐγενήθην
2641 3672 2780 3726 ὡσεὶ
2801 3672 3108 3741 ἅνθρωπος
3131 3673 3460 3739 ἀϐοήθητος
3478 3673 3552 3726 ἐν
3576 3674 3796 3744 νεκροῖς

556 3778 637 3822 ter
665 3777 901 3824 mortuos
926 3769 1056 3824 liber
1088 3785 1106 3823 :
1135 3771 1270 3825 sicut
1314 3771 1576 3827 vulnerati
1603 3771 1916 3826 dormientes
1960 3773 2014 3825 in
2044 3788 2126 3826 se-

2233 3765 2550 3835 ἐλεύθεροςο
2571 3765 2712 3819 ὡσεί
2739 3767 3083 3835 τραυματίαι
3103 3765 3494 3830 καθεύδοντες
3520 3768 3592 3820 ἐν
3619 3767 3791 3837 τάξι-φ,

559 3859 766 3926 pulcro,
797 3877 1019 3931 quorum
1052 3878 1154 3918 non
1195 3872 1272 3917 est
1311 3880 1508 3918 memor
1538 3865 1783 3931 amplius.
1827 3874 1876 3918 et
1924 3865 2026 3932 ipsi
2063 3865 2128 3920 de

2233 3848 2308 3907 ὧν
2332 3857 2442 3908 οὐκ
2467 3854 2772 3922 ἐμνήσθης
2798 3854 2905 3916 ἔτι,
2932 3855 3028 3906 καὶ
3057 3855 3224 3908 αὐτοὶ
3247 3855 3314 3908 ἐκ
3334 3856 3444 3922 τῆς
3468 3860 3666 3926 χειρός
3694 3874 3793 3912 σου

553 3965 715 4006 manu
749 3957 843 4005 tua
871 3951 1069 4019 repulsi
1109 3963 1254 4008 sunt.
1291 3952 1394 4018 Qui
1431 3970 1555 4010 vere
1579 3955 1697 4010 sine
1725 3954 1999 4023 adjutorio
2025 3954 2128 4009 sub

2233 3944 2644 4013 ἀπεὼσθησαν.
2669 3947 2731 3999 Οἱ
2762 3945 2974 4016 ἀληθῶς
3003 3947 3292 4018 ἁϐοήθητοι
3320 3948 3423 4000 ὑπὸ
3445 3949 3543 4001 τοῦ
3571 3949 3792 4003 θανάτου

553 4039 744 4096 mortis
775 4040 1002 4110 imperio
1035 4040 1258 4112 degunt.
1283 4043 1352 4096 ab
1379 4044 1500 4113 ipsa
1528 4043 1848 4099 deferuntur
1873 4049 1927 4097 et
1958 4041 2125 4096 abdu-

2233 4038 2617 4109 κυριευόμενοι,
2650 4039 2979 4107 κατάγονται
3025 4041 3118 4094 καὶ
3149 4040 3450 4108 ἀπάγονται
3493 4041 3588 4094 ὑπ’
3614 4040 3787 4097 αὑτοῦ.

551 4138 772 4185 cuntur.
813 4129 976 4185 Solus
1017 4137 1197 4186 autem
1243 4130 1500 4188 Servator
1533 4142 1587 4190 et
1638 4133 1898 4188 Dominus
1937 4141 2124 4188 noster

2233 4128 2400 4192 Μόνος
2432 4129 2489 4182 δὲ
2522 4131 2550 4183 6
2580 4127 2768 4200 Σωτὴρ
2801 4131 2895 4183 καὶ
2921 4129 3124 4201 Κύριος
3148 4131 3306 4200 ἡμῶν
3338 4131 3530 4184 ἑαυτὸν
3567 4132 3792 4185 ὲκένωοι

547 4223 792 4292 seipsum
819 4222 1120 4277 exinanivit
1140 4231 1196 4278 et
1222 4223 1529 4280 humiliavit
1557 4241 1730 4295 usque
1753 4225 1821 4279 ad
1850 4235 2077 4281 mortem
2103 4243 2118 4280 :

2233 4223 2314 4275 καὶ
2347 4221 2535 4275 ἑαυτὸν
2583 4221 2911 4274 ἐταπείνωσε
2962 4223 3121 4293 μέχρι
3166 4223 3413 4276 θανάτοιν
3466 4224 3562 4278 καὶ
3611 4225 3792 4293 ὥσπερ

549 4321 604 4370 et
642 4313 787 4370 sicut
816 4313 994 4370 iactus
1024 4321 1112 4370 est
1149 4315 1204 4370 in
1238 4316 1649 4372 similitudinem
1679 4317 1863 4374 carnis
1891 4318 2120 4388 peccati,

2233 4312 2439 4380 γέγονεν
2461 4314 2518 4364 ἐν
2536 4310 2840 4382 ὁμοιώματι
2869 4314 3069 4384 σαρκὴς
3093 4315 3383 4383 ἁμαρτίας,
3406 4314 3582 4377 οὕτως
3610 4319 3790 4386 ἐγενῄ

551 4407 628 4461 ita
658 4405 837 4462 factus
859 4413 944 4462 est
968 4407 1112 4462 sicut
1140 4424 1283 4464 unus
1307 4424 1375 4463 ex
1407 4409 1717 4464 hominibus
1753 4410 1873 4466 sine
1904 4410 2122 4480 adjuto-

2233 4402 2291 4472 θη
2326 4404 2400 4466 ὡς
2433 4398 2512 4465 εἷς
2538 4401 2646 4456 τῶν
2688 4403 3005 4476 ἁϐοηθήτων
3037 4403 3350 4476 ἀνθρώπων.
3401 4407 3539 4459 Ἀλλ’
3569 4409 3694 4460 ἐπεὶ
3725 4409 3790 4478 μὴ

549 4498 650 4554 rio.
680 4496 749 4553 At
769 4499 896 4569 quia
930 4515 1041 4554 non
1073 4515 1195 4555 vere
1233 4508 1287 4554 et
1329 4501 1509 4571 reipsa
1546 4503 1599 4554 in
1645 4501 1992 4557 multitudine
2026 4503 2117 4556 illa

2233 4494 2437 4565 ἱληθῶς
2462 4488 2540 4558 εἷς
2568 4491 2634 4566 ἦν
2661 4495 2769 4549 τῶν
2791 4495 3020 4557 πολλῶν,
3051 4497 3207 4566 μόνος
3234 4499 3288 4548 ἐν
3313 4501 3526 4568 νεκροῖς
3553 4494 3622 4568 ἧν
3652 4499 3790 4554 ἐλεύ-

547 4592 958 4656 numerabatur,
1008 4591 1158 4646 solus
1189 4591 1330 4645 inter
1387 4598 1633 4647 mortuos
1666 4592 1802 4647 liber
1846 4601 1986 4657 erat,
2018 4608 2118 4648 nec

2233 4586 2396 4656 3590c,
2429 4586 2725 4650 ἀδούλωτος
2769 4585 2846 4657 τῷ
2894 4586 3108 4658 Θανάτῳ
3159 4588 3363 4657 μείνας.
3423 4589 3568 4642 ’Δντὶ¹
3595 4589 3656 4642 δὲ
3683 4589 3788 4650 τοῦ,

546 4681 652 4736 sub
695 4683 889 4737 mortis
941 4681 1206 4737 servitute
1268 4682 1556 4737 remansit.
1611 4682 1716 4736 Pro
1757 4683 1851 4736 illo
1889 4692 2112 4738 autem:

2235 4677 2336 4728 Ἐν
2371 4675 2602 4743 νεκροῖς
2629 4676 2960 4742 ἐλεύθερος.
2993 4679 3022 4728 6
3049 4675 3294 4740 Ἀκύλας,
3315 4678 3407 4728 Ἑν
3435 4679 3789 4743 τεθνηκόσιν

547 4770 696 4830 Inter
720 4783 954 4830 mortuos
987 4776 1138 4840 liber,
1162 4774 1379 4845 Aquila,
1416 4775 1480 4831 In
1502 4777 1721 4830 mortuis
1746 4775 1894 4841 liber,
1915 4776 2112 4843 edidit;

2233 4766 2550 4834 ἐλεύθερος,
2577 4765 2852 4830 ὲξέδωκεψ
2870 4767 2898 4818 6
2925 4767 2981 4819 δὲ
3015 4767 3323 4837 Σύμμαχος,
3341 4767 3546 4832 Ἐντὸς
3573 4767 3788 4835 νεκρῶν

549 4863 910 4934 Symmachus
961 4881 1128 4932 vero,
1189 4866 1340 4922 Inter
1379 4876 1614 4922 mortuos
1659 4866 1912 4922 dimissus
1959 4867 2110 4922 liber.

547 4951 675 5007 llsec
711 4968 875 5023 porro
901 4970 1026 5009 cum
1055 4956 1408 5013 distinctione
1450 4959 1632 5028 legas;
1679 4959 1752 5011 ita
1782 4965 1840 5012 ut
1872 4957 2058 5012 istliaec
2095 4975 2111 5012 :

549 5041 749 5097 Factus
777 5060 894 5098 sum
923 5047 1057 5100 sicut
1082 5046 1235 5103 homo
1259 5049 1368 5103 sine
1395 5048 1661 5118 adjutorio
1691 5049 1826 5103 inter
1853 5060 2110 5114 mortuos,

547 5131 834 5203 sejungas;
868 5132 1063 5188 deinde
1089 5149 1220 5190 vero
1255 5137 1439 5190 addita
1465 5143 1587 5206 post
1623 5135 1777 5202 illud,
1811 5136 1947 5189 inter
1970 5151 2112 5188 mor-

549 5235 686 5287 tuos,
713 5223 1172 5294 interpunctlone,
1199 5226 1356 5295 quasi
1405 5226 1650 5296 negative
1688 5227 1918 5299 adjicias
1960 5225 2112 5289 illud,

548 5315 710 5370 liber:
742 5322 802 5369 ut
846 5315 960 5370 haec
1005 5315 1078 5396 sit
1111 5316 1240 5372 dicti
1276 5318 1547 5372 sententia
1585 5337 1598 5373 :
1642 5317 1752 5388 Ego
1773 5319 1865 5387 qui
1883 5307 2040 5372 'liber'
2062 5324 2116 5372 ct

543 5405 698 5461 solus
721 5421 848 5460 vere
877 5405 1118 5460 omnium
1152 5404 1414 5461 Dominus
1447 5422 1591 5470 sum,
1623 5406 1796 5461 factus
1824 5422 1944 5460 sum
1973 5405 2116 5468 sicut

547 5493 711 5549 homo
735 5495 855 5552 sine
880 5496 1151 5563 adjutorio
1194 5496 1336 5550 inter
1365 5505 1650 5563 mortuos;
1695 5512 1803 5551 non
1835 5513 1957 5552 vere
1991 5497 2114 5566 qui-

544 5585 670 5642 dem
702 5587 819 5643 sine
853 5587 1148 5656 adjutorio,
1172 5588 1266 5644 sed
1299 5588 1456 5657 quasi
1494 5587 1612 5642 sine
1657 5587 1945 5658 adjutorio.
1988 5586 2112 5642 llazc

545 5684 726 5733 autem
760 5679 906 5734 dicta
945 5679 1036 5735 alii
1080 5679 1282 5736 nemini
1325 5686 1634 5750 competere
1665 5694 1841 5749 posse,
1868 5695 2030 5748 quam
2062 5680 2112 5734 ei

2219 4858 2393 4928 ἀφεὶς
2430 4859 2760 4927 ἐλεύθερος.
2826 4857 3137 4929 Ἀναγνώσῃ
3184 4858 3238 4911 δὲ
3279 4859 3372 4910 καὶ
3407 4859 3545 4927 μετὰ
3577 4860 3787 4912 ὑποδια-

2219 4948 2432 5018 στολῆς,
2470 4947 2611 5011 ἰδίως
2648 4949 2744 5018 μὲν
2776 4949 3038 5019 ἀφορίσας
3064 4949 3145 5011 τὸ,
3165 4949 3495 5016 Ἑγενήθην
3519 4949 3664 5002 ὡσεὶ
3694 4950 3787 5001 ἇν-

2217 5045 2446 5109 θρωπος
2483 5041 2813 5108 ἀϐοήθητος
2848 5041 2918 5093 ἐν
2945 5040 3192 5109 νεκροῖς·
3226 5035 3342 5092 εἶτα
3384 5040 3677 5105 ὑποστίξας
3713 5041 3783 5102 είς

2216 5132 2296 5196 τὸ,
2329 5131 2400 5184 ἐν
2425 5131 2678 5199 νεκροῖς,
2717 5131 3070 5200 ἁποφατικῶς
3098 5131 3315 5198 ἐπάξεις
3343 5132 3423 5194 τὸ,
3453 5132 3779 5199 ἐλεύθερος·

2219 5223 2316 5292 τῆς
2343 5223 2589 5285 διανοίας
2609 5223 2768 5276 τοῦτο
2813 5222 3096 5294 δηλούσης,
3127 5224 3208 5276 ὅτι
3253 5221 3392 5289 Ἐγὼ
3430 5225 3460 5275 6
3513 5222 3780 5291 ἐλεύθερος

2220 5315 2313 5368 καὶ
2343 5314 2500 5384 μόνος
2527 5314 2740 5384 ἀληθῶς
2780 5315 3033 5369 ἁπάντων
3076 5313 3275 5385 Κύριος
3311 5314 3508 5382 γέγονα
3540 5314 3670 5366 ὡσεὶ
3699 5315 3779 5365 ἄν·

2218 5404 2432 5476 Θρωπος
2460 5404 2760 5476 ἀϐοήθητος
2789 5407 2845 5458 ὲν
2866 5408 3095 5477 νεκροῖς·
3123 5405 3233 5458 ἀλλ’
3262 5404 3364 5457 οὐκ
3392 5404 3604 5472 ἀληθῶς
3626 5403 3776 5470 ἀϐοή-

2218 5495 2398 5568 θητος,
2429 5496 2542 5551 ἀλλ’
2574 5496 2649 5561 ὡς
2677 5496 2993 5567 ἀϐοήθητος.
3035 5496 3218 5550 Ταῦτα
3248 5495 3302 5548 δὲ
3331 5496 3411 5548 ὅτι
3459 5495 3642 5564 μηδενὶ
3670 5492 3775 5544 ὲτέ-

2220 5605 2298 5658 ρῳ
2325 5587 2500 5656 λέγειν
2528 5588 2757 5658 ἁρμόζει
2788 5589 2820 5658 ἢ
2853 5588 2930 5658 τῷ
2971 5588 3230 5657 ἁψαμένῳ
3282 5586 3380 5657 μὲν
3412 5585 3505 5639 τοῦ
3534 5587 3770 5642 Θανάτου.

2219 5679 2312 5734 καὶ
2355 5682 2434 5744 εἰς
2480 5678 2610 5750 ᾅδην
2657 5679 3070 5750 καταϐεϐηκότι,
3108 5677 3183 5750 μὴ
3233 5677 3681 5738 καταδουλωθέντι
3718 5673 3768 5726 δὲ

653 5833 696 5869 ⁸⁸
737 5833 850 5889 Gal.
893 5849 983 5901 ιιι,
1023 5835 1121 5898 l3;
1161 5833 1318 5892 Deut,
1355 5851 1468 5899 xxi,
1502 5833 1591 5890 25.
1671 5836 1715 5870 '°
1754 5835 1894 5892 Psal.
1932 5852 2094 5902 nn,

2261 5837 2304 5870 ’⁸
2347 5836 2488 5892 Psal.
2529 5851 2714 5900 xxxix,
2750 5834 2807 5901 2,
2836 5835 2889 5893 3.
2963 5825 3206 5894 "‘Psal.
3247 5851 3334 5900 xv,
3377 5834 3459 5892 l0.
