3974 6526
161 281 308 343 £057

1290 283 1798 342 COMMENTARIA
1833 285 1902 341 IN
1937 285 2278 345 PSALMOS.

3272 291 3418 350 1058

159 403 316 477 αὐτῷ
337 441 356 470 ,
405 401 568 458 παντί
597 417 677 476 τῳ
724 399 876 477 οἶμαι
921 404 1151 477 φανερὸν
1191 407 1497 476 τυγχάνειν·
1546 406 1623 470 ὡς
1670 406 1727 476 μὶ

1847 407 1939 478 qui
1973 415 2200 462 mortem
2225 405 2442 477 quidem
2475 405 2676 478 attigit,
2707 414 2761 462 et
2787 404 2854 461 ad
2878 403 3085 462 inferos
3109 406 3410 472 descendit,

145 498 425 554 δύνασθαι
471 499 557 568 ἐφ’
594 499 780 570 ἕτερον
815 497 1097 570 ἄνθρωπον
1122 498 1448 570 ἐφαρμόζειν
1477 499 1546 553 τὰ
1582 501 1640 552 ἐν
1665 498 1744 570 τῷ

155 589 362 662 ψαλμῷ
395 591 661 662 λεγόμενα
691 575 845 663 ﬁsa-:1
879 592 1040 662 μόνον
1078 592 1173 645 τὸν
1199 592 1464 663 ἡμέτερον
1493 589 1740 664 Σοηῆρα.

155 675 377 754 ⁶Ωσπερ
399 683 456 736 δὲ
496 681 718 753 γέγονεν
745 684 875 736 ὡσεὶ
907 684 1191 754 ἄνθρωπος
1226 685 1558 756 ἀϐοήθητος,
1604 684 1746 738 οὕτω

155 774 260 826 καὶ
303 775 447 828 ὡσεὶ
494 776 839 844 τραυματίαι
889 775 1282 841 καθεύδοντες
1325 776 1395 828 ἐν
1433 775 1617 845 τάφῳ,
1657 772 1746 829 ὧν

149 869 274 921 οὐκ
304 865 610 935 ἐμνήσθης
645 867 752 920 ἔτι.
779 865 876 919 Διὰ
903 867 960 919 δὲ
989 865 1193 920 τούτων
1222 867 1316 919 καλ⁵
1346 868 1378 938 ὴ
1405 866 1548 938 ταφὴ
1579 866 1742 920 αὐτοῦ

153 957 506 1028 σημαίνεται,
557 953 625 1029 ἧς
667 958 762 1010 καὶ
812 960 840 1011 6
883 956 1024 1021 θεῖος
1047 957 1363 1022 Ἀπόστολος
1419 958 1744 1030 μνημονεύει

151 1052 391 1120 γράφων
428 1033 754 1121 Κορινθίοις,
785 1051 975 1120 λέγων·
1020 1051 1336 1119 Παρέδωκα
1367 1052 1485 1122 γὰρ,
1508 1052 1651 1121 ὑμῖν
1675 1052 1744 1105 ἐν

150 1141 431 1210 πρώτοις,
461 1141 491 1196 ὃ
522 1142 616 1195 καὶ
645 1142 1004 1211 παρέλαϐον’
1035 1143 1124 1196 ὅτι
1165 1144 1417 1212 Χριστὸς
1445 1144 1744 1198 ἀπέθανεν

147 1234 312 1302 ὑπὲρ
346 1235 464 1288 τῶν
503 1235 801 1304 ἁμαρτιῶν
833 1235 1000 1304 ἡμῶν
1032 1235 1180 1290 κατὰ
1205 1236 1310 1302 τὰς
1340 1235 1606 1305 Γραφὰς,
1642 1236 1739 1289 καὶ

148 1325 248 1379 ὅτι
271 1325 479 1395 ἐτάφη.
516 1329 624 1380 Καὶ
665 1327 888 1390 Ἡσαΐας
914 1327 971 1380 δὲ
1001 1327 1101 1396 τῆς
1129 1329 1304 1398 ταφῆς
1329 1327 1493 1382 αύτοῦ
1533 1328 1742 1399 μέμνη-

145 1429 246 1468 ται
301 1415 494 1484 λέγων·
547 1417 644 1468 Ἐν
683 1417 894 1486 εἰρήνῃ
953 1417 991 1486 ἠ
1027 1418 1184 1486 ταφὴ
1239 1419 1422 1473 αὐτοῦ
1460 1414 1737 1490 ἦρταιέκ

137 1502 367 1571 μέσου.
412 1505 555 1558 ’Δντὶ
587 1505 642 1558 δὲ
669 1505 955 1570 τοῦ,Ὡσεὶ
991 1508 1358 1578 τραυματίαι.
1394 1511 1422 1562 6
1454 1511 1550 1580 μὲν
1577 1509 1739 1563 ’Λκύ-

143 1591 251 1656 λας
302 1594 486 1665 φησίν,
507 1596 744 1664 Ὅμοιος
795 1596 1208 1665 ἀνῃρημένοις⁸
1252 1599 1280 1650 6
1327 1598 1383 1651 δὲ
1425 1599 1734 1670 Σύμμαχος,

155 1685 323 1738 Ὠσεὶ
351 1688 718 1756 τετρωμένον
751 1690 844 1742 καὶ
874 1689 1041 1759 σαφές
1064 1707 1186 1743 τινα
1221 1691 1421 1761 τρόπον
1458 1693 1735 1748 καὶτοῦτο

1847 515 2022 570 neque
2063 507 2244 553 tamen
2280 502 2333 552 in
2376 499 2689 553 servitutem
2717 497 2836 568 ejus
2870 499 3124 555 redactus
3153 507 3258 562 est,
3295 499 3415 552 cui-

1844 592 1929 647 vis
1974 599 2105 662 puto
2134 590 2480 648 manifestum
2514 606 2667 658 esse;
2713 590 2785 644 ita
2833 599 2892 645 ut
2925 591 3056 644 nulli
3097 591 3188 644 alii
3236 590 3413 643 homi-

1843 699 1976 738 num
2004 684 2197 754 psalmi
2229 683 2390 737 verha
2421 682 2631 751 possint
2662 680 2858 751 aptari,
2903 690 3257 750 prmierquam
3293 677 3413 732 Sal-

1843 775 2016 829 vatori
2041 783 2245 829 nostro.
2279 771 2744 840 Quemadmodum
2780 782 2958 826 autem
2979 772 3154 827 factus
3182 781 3265 827 est
3293 773 3412 826 sic-

1845 877 1904 923 ut
1947 868 2108 921 homo
2143 867 2261 922 sine
2305 867 2608 934 adjutoriu;
2658 868 2730 921 ita
2778 868 2938 923 etiam
2973 868 3107 920 sicut
3149 865 3411 920 vulnerati

1843 961 2162 1015 dormientes
2199 961 2254 1013 in
2282 960 2540 1030 sepulcro,
2571 976 2791 1030 quorum
2823 977 2923 1012 non
2957 976 3010 1012 es
3060 975 3258 1013 memor
3294 975 3414 1010 amo

1842 1052 2002 1119 plius.
2032 1050 2126 1105 His
2154 1050 2316 1104 ctiam
2350 1052 2625 1120 sepultura
2653 1051 2772 1119 ejus
2805 1051 3092 1111 indicatur,
3135 1063 3296 1118 quam
3325 1049 3409 1103 di-

1843 1145 2002 1198 vinus
2035 1143 2330 1212 Apostolus
2355 1142 2419 1195 ad
2450 1141 2762 1196 Corinthius
2793 1142 3038 1196 scribens
3068 1141 3152 1196 his
3177 1157 3410 1196 commas

1841 1244 2019 1292 moral
2043 1255 2058 1292 :
2081 1234 2303 1289 Tradidi
2327 1235 2464 1288 enim
2487 1234 2628 1287 vobis
2657 1235 2709 1287 in
2739 1235 2925 1301 primis
2945 1235 3083 1304 quod
3109 1243 3160 1286 et
3191 1235 3408 1302 accepi:

1841 1326 2086 1395 quoniam
2123 1323 2364 1378 Christus
2402 1331 2638 1376 mortuus
2686 1333 2764 1377 est
2798 1340 2892 1392 pro
2936 1325 3164 1391 peccatis
3211 1325 3412 1378 nostris

1841 1419 2127 1472 secundum
2162 1417 2488 1484 Scripturas,
2524 1425 2573 1469 et
2609 1417 2736 1486 quia
2764 1416 2996 1484 sepultus
3028 1426 3104 1470 est
3134 1418 3201 1469 ".
3238 1417 3409 1471 Isaias

1840 1524 2057 1578 quoque
2117 1507 2451 1576 sepulturam
2485 1499 2620 1573 ejus
2675 1517 2939 1560 memorat
2974 1507 3058 1560 his
3090 1507 3311 1562 verbis:
3342 1505 3410 1562 In

1837 1613 1966 1667 pace
1991 1597 2260 1667 sepultura
2286 1599 2399 1665 ejus
2435 1595 2648 1649 sublata
2676 1604 2753 1649 est
2781 1611 2846 1649 ea:
2879 1594 3050 1649 medio
3077 1596 3144 1650 9‘.
3179 1599 3283 1651 Pro
3311 1597 3411 1652 illo

1840 1697 2044 1749 autent,
2075 1688 2223 1744 Sicut
2247 1688 2530 1752 vulnerati,
2574 1686 2767 1758 Aquila
2813 1687 3081 1742 :Perinde
3119 1696 3275 1758 atque
3313 1703 3412 1744 oc-

139 1774 478 1855 ἐπληροῦτο,
510 1779 747 1849 ὁπηνίκα
772 1781 799 1832 6
829 1781 1162 1852 στρατιώτης
1190 1781 1355 1854 λόγχῃ
1385 1783 1618 1855 ἔτρωσεν
1649 1786 1727 1838 αύ-

1839 1783 1966 1846 cisi;
2011 1781 2373 1853 Symmachus
2427 1795 2557 1835 vero
2612 1799 2627 1834 :
2677 1780 2846 1845 Quasi
2897 1782 3157 1835 vulnerati
3188 1798 3208 1838 :
3243 1780 3409 1853 idque

137 1852 240 1921 τᾶὖ
267 1867 370 1939 τὴν
402 1868 661 1941 πλευράν.
712 1869 850 1923 Ἀλλ’
901 1873 982 1924 ὅτι
1024 1873 1122 1942 μὲν
1161 1852 1500 1945 τραύματίας
1546 1877 1735 1946 γέγονε

137 1958 240 2009 καὶ
279 1960 338 2012 ἐν
369 1960 546 2031 τάφῳ,
577 1960 761 2029 σαφῶς
789 1962 1134 2034 παρίσταταιο
1172 1965 1310 2036 πλὴν
1338 1968 1385 2018 εἰ
1411 1965 1555 2035 λέγοι
1579 1983 1737 2036 γεγο-

136 2049 303 2102 νέναι
335 2050 466 2104 ὡσεὶ
491 2054 850 2124 τραυματίας,
877 2055 969 2107 καὶ
1009 2055 1192 2126 ὅμοιος
1233 2059 1344 2120 τοῖς
1388 2057 1734 2113 καθεύδουσιν

133 2137 196 2193 ἐν
223 2142 410 2213 τάφῳ,
444 2143 560 2196 ἀλλ’
592 2145 651 2197 οὐ
688 2145 849 2217 μέχρι
890 2147 1079 2199 τούτου
1109 2148 1342 2202 ἵσταται·
1377 2150 1495 2204 ελον
1521 2151 1578 2204 δὲ
1619 2169 1737 2205 συν-

128 2230 314 2300 άψας,
344 2233 464 2301 ὕψει
497 2235 595 2305 τὴν
634 2235 873 2290 διάνοιαν
903 2238 998 2291 τοῦ
1023 2238 1200 2308 λόγου.
1235 2239 1465 2310 Γέγονα
1495 2243 1601 2313 γάρ
1631 2260 1734 2314 φη-

135 2339 252 2385 σιν,
308 2325 450 2377 ὡσεὶ
499 2328 872 2396 τραυματίαι,
917 2323 1005 2382 ὧν
1042 2333 1152 2384 οὐκ
1180 2329 1488 2400 ἐμνήσθης
1514 2332 1621 2386 ἔτι.
1669 2331 1733 2386 Οἱ

135 2417 242 2486 μὲν
287 2415 396 2488 γὰρ
432 2417 630 2481 λοιποὶ,
677 2419 814 2490 μετὰ
853 2421 944 2472 τὸν
995 2420 1224 2474 θάνατον
1275 2424 1334 2475 ὲν
1385 2425 1498 2486 τοῖς
1540 2422 1732 2492 τάφοις

131 2506 461 2577 γενόμενοι,
518 2509 942 2581 ἀπελείφθησαν,
1001 2513 1096 2566 καὶ
1153 2514 1451 2583 ἀπέμειναν
1511 2515 1580 2585 γῆ
1637 2513 1730 2568 καὶ

132 2600 316 2664 κόνις,
354 2602 550 2672 μηκέτι
583 2602 718 2672 μετὰ
755 2604 846 2656 τὸν
885 2604 1112 2657 θάνατον
1141 2621 1243 2675 μνη
1254 2603 1608 2675 μονεύσαντος
1634 2608 1731 2659 αὑ-

129 2691 248 2744 τῶν
283 2693 375 2745 τοῦ
403 2692 560 2746 Θεοῦο
592 2693 702 2762 ἐγὼ
729 2694 784 2747 δὲ
811 2695 1074 2766 ἐγενήθην
1100 2695 1174 2760 ὡς
1213 2691 1292 2760 εἷς
1317 2697 1423 2750 τῶν
1451 2697 1726 2762 τοιούτων,

133 2784 212 2856 μὴ
241 2782 324 2837 ὣν
347 2787 530 2856 ὅμοιος
560 2788 764 2851 αὐτοῖς’
796 2787 931 2858 ἐμοῦ
960 2788 1066 2859 γὰρ
1101 2789 1237 2859 μετὰ
1278 2789 1379 2861 τὴν
1408 2789 1607 2862 τρῶσιν
1636 2793 1728 2845 καὶ

136 2878 291 2946 μετὰ
313 2877 404 2930 τὸν
429 2877 656 2931 θάνατον
682 2879 774 2931 καὶ
800 2878 935 2950 μετὰ
961 2879 1058 2950 τὴν
1083 2882 1142 2933 ὲν
1164 2879 1240 2950 τῷ
1266 2881 1418 2952 τάσῳ
1440 2881 1728 2936 κατάθεσιν

129 2966 442 3040 ἐμνήσθης,
478 2970 623 3040 ζωῆς
657 2973 794 3042 μετὰ
841 2971 1016 3026 ταῦτὰ
1064 2989 1130 3042 με
1174 2973 1268 3025 καὶ
1314 2973 1586 3045 σωτηρίας
1628 2977 1728 3046 τῆς

128 3059 294 3131 παρὰ
327 3061 409 3113 σοὶ
438 3060 784 3127 καταξιώσας
855 3064 941 3118 Διὸ
984 3065 1076 3116 καὶ
1105 3063 1403 3135 ἀρχόμενος
1451 3067 1544 3118 καὶ
1571 3066 1728 3136 εὐχα-

131 3153 422 3224 ριστήριον
449 3154 764 3225 ἀνέπεμπεν
782 3155 811 3208 ὓ
820 3173 968 3226 μνον.
987 3155 1178 3225 λέγων·
1205 3158 1381 3224 Κύριε
1401 3160 1433 3211 ό
1451 3159 1594 3224 Θεὸς
1614 3157 1724 3227 τῆς

127 3245 438 3311 σωτηρίας
462 3264 595 3314 μου,
624 3246 848 3315 ἡμέρας
870 3248 1162 3316 ἐκέκραξα
1197 3251 1293 3304 καὶ
1327 3250 1396 3303 ἐν
1425 3250 1598 3304 νυκτὶ
1629 3252 1725 3304 ὲν-

127 3335 352 3389 ιιντίον
371 3353 505 3389 σου.
531 3339 639 3390 Καὶ
668 3339 736 3391 τὰ
767 3339 864 3410 μὲν
890 3342 1010 3392 κατ’
1038 3341 1138 3411 ἐμὲ
1160 3341 1382 3395 τοιαῦτα
1410 3337 1496 3413 ἦν.
1536 3343 1724 3413 Ὅμως

128 3426 174 3479 δ’
203 3423 307 3480 οὖν
330 3427 530 3496 γέγονα
558 3431 741 3503 ὅμοιος
769 3435 882 3495 τοῖς
908 3432 1122 3497 πολλοῖς
1146 3435 1257 3498 τοῖς
1291 3437 1348 3487 ὲν
1381 3435 1536 3505 τάφῳ
1566 3451 1721 3503 γενο-

133 3515 342 3584 μένοις,
378 3517 471 3568 καὶ
505 3517 698 3596 μηκέτι
733 3518 832 3587 τῆς
884 3523 980 3590 σῆς
1017 3521 1440 3591 κατηξιω;.ιένοις
1483 3524 1720 3595 μνήμης,

127 3605 218 3686 διὰ
251 3607 316 3658 τὸ
347 3607 454 3661 ἀπὺ
486 3609 582 3678 τῆς
610 3610 708 3679 σῆς
736 3611 916 3682 χειρὸς
943 3612 1241 3665 ἁπεῶσθαι.
1285 3613 1431 3666 Ἀντὶ
1463 3615 1570 3686 γὰρ
1603 3614 1720 3678 τοῦ,

128 3685 248 3748 ’Ὧν
291 3698 401 3749 οὐκ
443 3696 752 3766 ἐμνήσθης
781 3699 888 3762 ἔτι,
929 3699 1026 3753 καὶ
1063 3700 1233 3753 αὐτοὶ
1282 3700 1350 3754 ἐκ
1381 3699 1488 3769 τῆς
1525 3685 1723 3770 χειρός

128 3803 253 3842 σου
300 3789 723 3856 ἀπεώσθησαν,
776 3792 804 3843 6
849 3791 947 3861 μὲν
1008 3790 1238 3854 Ἀκύλας
1281 3791 1560 3856 ἐξέδωκεν,
1612 3786 1723 3843 Ὦν

131 3881 244 3932 οὐκ
269 3878 577 3948 ἐμνήσθης
600 3879 799 3933 αὐτῶν
821 3882 929 3942 ἐτι,
958 3879 1056 3933 καὶ
1089 3881 1258 3934 αὐτοὶ
1291 3881 1358 3934 ἐκ
1391 3879 1500 3948 τῆς
1527 3881 1722 3949 χειρός

131 3984 252 4024 σου
301 3969 756 4040 ἀπετμήθησαν
792 3974 821 4025 6
859 3971 916 4025 δὲ
948 3970 1244 4042 Σύμμαχος
1289 3989 1474 4043 φησιν,
1503 3966 1614 4025 Ὧν
1648 3974 1720 4026 οὐ

130 4065 566 4131 μνημονεύσεις
621 4065 732 4129 ἔτι,
786 4065 1004 4130 οἵτινες
1046 4065 1166 4119 ὑπὸ
1208 4064 1318 4134 τῆς
1355 4065 1555 4134 χειρός
1603 4080 1719 4118 σου

133 4153 541 4222 ἑξεκόπησαν.

203 4250 454 4302 Ἕθεντό
484 4267 561 4318 με
586 4250 656 4303 ἐν
678 4249 882 4316 λάκκῳ
905 4247 1236 4311 κατωτάτῳ,
1263 4249 1332 4302 ἐν
1363 4247 1717 4314 σκοτεινοῖς,

133 4340 227 4393 καὶ
279 4341 351 4393 ἐν
385 4340 530 4407 σκιᾷ
554 4341 831 4396 θανάτου.
877 4343 1022 4395 Ἀντὶ
1053 4341 1427 4402 τοῦ,Ἔθεντό
1443 4356 1539 4408 με,
1565 4341 1593 4394 6
1621 4340 1718 4410 μὲν

1837 1875 1982 1930 clare
2039 1873 2442 1944 quodammodo
2494 1873 2772 1943 impletum
2808 1883 2912 1938 est,
2972 1875 3192 1944 quando
3247 1876 3409 1932 miles

1836 1967 2026 2020 lancea
2063 1966 2205 2020 latus
2238 1964 2358 2035 ejus
2385 1964 2689 2019 vulneravit
2715 1983 2728 2018 :
2753 1965 2898 2035 quod
2925 1978 3104 2020 autem
3135 1966 3188 2020 in
3224 1969 3406 2037 sepul-

1835 2072 1930 2111 cro
1961 2057 2123 2111 etiam
2155 2056 2472 2111 vulneratus
2510 2055 2768 2124 jacuerit,
2817 2055 3094 2126 propalam
3143 2067 3246 2112 est.
3289 2057 3406 2113 Cae-

1837 2157 2012 2203 terum
2043 2164 2167 2202 cum
2195 2148 2328 2203 dicit
2371 2163 2431 2202 se
2464 2149 2665 2202 factum
2708 2164 2830 2204 esse
2860 2149 3005 2203 sicut
3035 2150 3403 2214 vulneratum,

1832 2253 1886 2298 et
1913 2243 2143 2297 similem
2169 2241 2562 2296 dormientibus
2600 2241 2652 2295 in
2681 2243 2953 2311 sepulcro,
2987 2243 3074 2297 hic
3101 2245 3272 2299 series
3292 2260 3405 2300 non

1831 2330 2195 2396 terminatur;
2226 2331 2318 2384 sed
2349 2331 2392 2383 si
2420 2337 2590 2382 totum
2611 2340 2902 2386 connectas
2923 2332 3049 2386 dicti
3075 2334 3402 2388 sententiam

1831 2420 2204 2489 deprehendes
2239 2439 2252 2475 ε
2286 2419 2487 2475 Factus
2519 2438 2660 2484 sum,
2694 2422 2888 2491 inquit,
2934 2424 3071 2476 sicut
3117 2425 3399 2487 uulnerati,

1829 2526 2050 2580 quorum
2072 2528 2174 2564 non
2205 2528 2258 2565 es
2289 2527 2488 2566 memor
2511 2512 2756 2581 amplius.
2787 2513 2977 2567 (ἐπιετί
3011 2529 3244 2585 namque
3279 2525 3402 2585 post

1829 2612 2058 2658 mortem
2109 2605 2162 2657 in
2203 2605 2468 2674 sepulcris
2495 2605 2749 2675 depositi,
2781 2607 2951 2662 relicti
2975 2615 3124 2670 sunt,
3167 2623 3230 2662 ac
3253 2619 3401 2664 terra

1825 2703 1882 2751 et
1921 2698 2099 2766 pulvis
2141 2709 2545 2762 remanserunt,
2598 2697 2710 2754 Deo
2744 2708 2870 2769 post
2921 2709 3148 2754 mortem
3193 2701 3400 2756 nullam

1827 2803 2016 2842 eorum
2066 2790 2380 2842 memoriam
2413 2792 2718 2845 retinente:
2753 2804 2853 2860 ego
2894 2805 3022 2844 vero
3058 2790 3234 2844 fartus
3276 2805 3401 2845 sum

1828 2879 1972 2935 sicut
2002 2896 2143 2934 unus
2168 2893 2380 2944 eorum,
2416 2881 2542 2934 licet
2592 2896 2700 2934 non
2725 2882 2832 2936 illis
2879 2881 3072 2936 similis
3112 2883 3245 2948 sim;
3272 2897 3400 2936 nam

1825 2973 1934 3027 mei
1965 2978 2089 3042 post
2125 2971 2386 3026 inllictum
2409 2973 2630 3039 vulnus,
2665 2981 2788 3042 post
2821 2980 3050 3026 mortem
3075 2982 3127 3026 et
3156 2983 3279 3044 post
3303 2975 3400 3028 de-

1827 3064 2148 3133 positionem
2194 3065 2248 3117 in
2292 3065 2567 3133 sepulcro,
2615 3077 2825 3118 memor
2864 3062 3037 3128 fuisti,
3075 3079 3140 3117 ac
3186 3064 3293 3118 vita
3342 3074 3398 3120 et

1829 3156 2024 3218 salute,
2057 3171 2176 3225 qua:
2205 3171 2371 3226 penes
2402 3163 2453 3209 te
2483 3163 2588 3211 est.
2619 3156 2872 3227 dignatus
2899 3170 2983 3209 me
3019 3170 3098 3210 es.
3117 3154 3300 3222 Quare
3329 3155 3402 3210 ab

1826 3244 1983 3303 initio
2001 3248 2295 3316 gratiarum
2321 3246 2552 3302 actionis
2576 3246 2832 3318 hymnum
2853 3245 3030 3302 emisit
3062 3247 3148 3301 his
3173 3246 3353 3301 verbis
3379 3268 3393 3302 :

1825 3339 2049 3394 Domine
2094 3339 2234 3394 Deus
2264 3340 2453 3394 salutis
2492 3354 2640 3400 meta,
2683 3339 2738 3391 in
2770 3339 2856 3392 die
2902 3337 3129 3392 clamavi
3155 3347 3205 3392 et
3247 3351 3400 3393 nocte

1824 3449 2004 3487 coram
2035 3440 2101 3486 te.
2130 3431 2262 3498 Quae
2291 3447 2376 3487 me
2401 3431 2720 3500 spectabant
2763 3430 2892 3485 talia
2929 3438 3108 3485 erant.
3139 3432 3395 3486 Attamen

1827 3523 2002 3577 factus
2033 3537 2153 3577 sum
2211 3522 2397 3576 multis
2426 3523 2481 3574 in
2531 3520 2783 3590 sepulcro
2817 3519 3125 3589 jacentibus
3169 3519 3396 3581 similia,

1823 3613 1917 3684 qui
1942 3628 2048 3666 non
2079 3612 2313 3682 amplius
2353 3611 2614 3665 memoria
2643 3619 2734 3664 tua
2757 3609 2908 3679 digni
2937 3610 3229 3674 habentur,
3262 3610 3394 3679 quia

1824 3703 1891 3759 de
1920 3719 2082 3757 manu
2119 3712 2211 3758 tua
2260 3703 2462 3773 repulsi
2509 3709 2658 3757 sunt.
2689 3701 2826 3755 Nam
2858 3702 3006 3757 illius
3049 3701 3171 3757 loco
3201 3719 3220 3757 :
3251 3703 3398 3767 Que-

1823 3811 1940 3849 rum
1964 3812 2065 3849 non
2086 3811 2140 3848 es
2167 3809 2366 3848 memor
2390 3794 2636 3862 amplius,
2660 3802 2709 3847 et
2749 3794 2851 3863 ipsi
2877 3796 2941 3847 de
2978 3809 3139 3846 manu
3175 3802 3268 3846 tua
3317 3809 3399 3847 re-

1820 3888 1961 3958 pulsi
1983 3897 2126 3948 sunt,
2154 3886 2347 3956 Aquila
2369 3884 2537 3939 edidit
2567 3903 2580 3939 :
2609 3885 2846 3950 Quorum
2875 3900 2978 3937 non
3008 3883 3319 3938 recordatus
3341 3899 3397 3937 es

1821 3977 1988 4037 ultra,
2011 3986 2060 4030 et
2080 3975 2180 4044 ipsi
2205 3990 2270 4029 ea:
2300 3989 2460 4027 manu
2489 3981 2579 4027 tua
2597 3973 2822 4027 abscissi
2841 3985 2965 4027 sunt
2990 3988 3010 4036 ;
3033 3971 3398 4044 Symmachus

1821 4076 2002 4124 autem
2037 4086 2050 4121 :
2089 4066 2326 4132 Quorum
2357 4081 2458 4119 non
2487 4063 2849 4120 recordaberis
2872 4064 3039 4130 ultra,
3061 4063 3204 4134 quia
3233 4075 3398 4116 manu

1823 4167 1914 4211 tua
1945 4158 2109 4210 excisi
2143 4165 2282 4211 sunt.

1891 4242 2058 4298 Vsus.
2101 4243 2150 4295 7.
2193 4241 2492 4297 Posuerunt
2525 4257 2606 4296 me
2631 4241 2686 4296 in
2718 4241 2840 4294 lacu
2883 4239 3144 4310 inferiori,
3173 4241 3228 4293 in
3253 4249 3396 4296 tene-

1821 4333 1990 4388 brosis
2016 4343 2067 4387 ct
2097 4335 2154 4388 in
2196 4333 2384 4386 umbra
2435 4333 2640 4386 mortis.
2685 4330 2831 4387 Loco
2880 4331 3046 4394 illius,
3095 4330 3395 4384 Posuerunt

145 4427 586 4496 Ἀκύλας,”Εθου
612 4450 710 4502 με,
738 4435 767 4486 6
799 4435 856 4487 δὲ
877 4429 1461 4504 Σύμμαχος,Ἐταξάς
1487 4448 1583 4500 με,
1627 4432 1717 4483 ὲκ-

1829 4443 1922 4489 me,
1966 4425 2181 4496 Aquila,
2221 4424 2459 4479 Posuisti
2495 4438 2610 4487 me;
2668 4421 3029 4493 Symmachus
3067 4436 3219 4488 vero,
3273 4421 3399 4474 Sta-

131 4522 417 4578 δεδώκασι.
451 4527 528 4577 Δι’
553 4518 626 4578 ὧν
653 4525 998 4597 παρίστησιν,
1021 4527 1103 4580 ὅτι
1129 4523 1356 4594 νεύματι
1386 4522 1479 4575 τοῦ
1510 4522 1720 4593 [ἰατρὸς

135 4621 223 4672 καὶ
259 4619 445 4690 βουλῇ,
480 4619 578 4689 ούχ
620 4618 806 4680 ἁπλῶς
836 4619 915 4680 εἰς
954 4617 1044 4670 τὸν
1076 4616 1324 4678 θάνατον,
1369 4613 1488 4667 οὐδὲ
1522 4615 1602 4677 είς
1630 4613 1722 4666 τὸν

133 4711 264 4784 ᾅδην
310 4712 405 4766 καὶ
449 4712 539 4764 τὸν
573 4710 902 4780 καλούμενον
927 4709 1129 4764 λάκκον
1160 4704 1541 4778 κατελήλυθεν,
1585 4702 1722 4757 ἀλλὰ

133 4807 222 4857 καὶ
254 4807 336 4868 εἰς
359 4803 429 4856 τὰ
450 4803 727 4875 βαθύτατα
751 4801 844 4854 καὶ
869 4801 938 4854 τὰ
964 4799 1253 4853 κατώτατα
1281 4798 1375 4850 καὶ
1397 4795 1467 4849 τὰ
1495 4796 1716 4865 ἔσχατα,

129 4892 200 4954 ὡς
225 4893 292 4946 ἂν
323 4892 468 4946 εἴποι
496 4910 598 4955 τις,
623 4891 730 4944 τῶν
762 4891 877 4944 ἐκεῖ
906 4889 1138 4960 χωρίων,
1173 4887 1478 4957 Παρίστησι
1503 4885 1558 4938 δὲ
1588 4884 1712 4938 τοῦ-

128 5000 186 5035 το
215 4984 312 5038 καὶ
345 4985 505 5048 αὐτὸς
550 4986 608 5036 ὲν
657 4985 768 5046 τοῖς
802 4980 1153 5049 Εὑαγγελίοις
1190 4979 1432 5047 φάσκων·
1479 4977 1578 5030 Δεῖ
1601 4976 1712 5029 τὸν

138 5077 272 5131 Υιὸν
301 5078 406 5132 τοῦ
432 5076 745 5147 ἀνθρώπου
765 5073 1014 5144 ποιῆσαι
1039 5075 1108 5127 ἐν
1132 5070 1207 5141 τῇ
1222 5070 1432 5139 καρδίᾳ
1460 5069 1570 5137 τῆς
1594 5067 1708 5139 τῆς

131 5168 282 5236 τρεῖς
318 5168 542 5238 ἡμέρας
586 5168 686 5222 καί
721 5166 880 5236 τρεῖς
919 5167 1166 5230 νύκτας.
1214 5163 1360 5216 Ἀντὶ
1390 5161 1446 5215 δὲ
1485 5160 1603 5225 τοῦ,
1635 5163 1706 5214 ἐν

1819 4519 1969 4572 tuisti
2001 4534 2102 4580 mn,
2131 4517 2438 4571 ediderunt.
2480 4514 2646 4581 Qucis
2677 4514 2921 4568 declarat
2971 4529 3030 4569 se
3061 4528 3128 4568 es
3171 4519 3306 4566 nutu
3339 4520 3394 4566 et

1817 4611 2096 4663 voluntate
2138 4606 2341 4672 Patris,
2390 4621 2499 4660 non
2549 4605 2710 4659 modo
2761 4605 2816 4658 in
2867 4613 3132 4666 mortem,
3193 4602 3246 4656 in
3311 4602 3395 4654 iu-

1818 4702 2030 4756 lernum
2091 4707 2146 4755 et
2210 4700 2265 4754 in
2341 4704 2698 4754 memoratum
2752 4697 2927 4750 lacum
2998 4695 3393 4757 descendisse;

1817 4792 1909 4847 sed
1953 4793 2118 4846 etiam
2150 4790 2205 4844 in
2245 4787 2701 4858 profundissima,
2737 4785 2924 4838 intima
2949 4793 3003 4838 et
3032 4791 3302 4845 extrema,
3331 4790 3392 4834 ut

1815 4883 1891 4936 ita
1923 4882 2210 4942 dicam,ibi
2237 4881 2412 4952 posita
2447 4881 2590 4934 loca.
2617 4875 2969 4947 ldipsumque
3000 4877 3053 4931 in
3080 4875 3391 4946 Evangeliis

1816 4978 2004 5026 narrat
2038 4970 2126 5026 his
2151 4971 2374 5025 verbis:
2409 4968 2624 5039 Oportet
2657 4966 2860 5023 Filium
2909 4967 3134 5020 hominis
3181 4981 3396 5020 manere

1813 5065 1870 5117 in
1904 5061 2061 5117 corde
2105 5071 2256 5116 terra:
2302 5061 2472 5116 tribus
2506 5060 2686 5115 diebus
2733 5069 2784 5114 et
2839 5058 3005 5113 tribus
3050 5058 3288 5113 noctibus
3318 5058 3388 5115 “.

1814 5155 1920 5210 Pro
1958 5155 2052 5209 illo
2081 5163 2288 5221 autem,
2319 5155 2374 5208 in
2423 5153 2705 5208 tenebrosis
2739 5161 2788 5206 et
2836 5153 2890 5206 in
2937 5150 3126 5204 umbra
3177 5150 3387 5211 mortis,

129 5260 480 5327 σκοτεινοῖς,
517 5259 618 5314 καὶ
649 5259 719 5313 ἐν
746 5257 890 5326 σκιᾷ
927 5255 1205 5319 θανάτου,
1255 5256 1284 5307 ὁ
1348 5252 1597 5316 Ἀκύλας,
1639 5253 1710 5306 ἐν

1829 5248 2005 5318 lquila
2035 5247 2114 5302 sic
2139 5247 2322 5311 habet,
2349 5246 2404 5300 in
2429 5245 2714 5300 tenebrosis
2735 5255 2785 5299 et
2813 5245 2868 5298 in
2898 5242 3176 5314 profundis
3197 5257 3216 5304 ,°
3237 5239 3390 5310 Synt-

128 5351 494 5418 ouoretroic,!
537 5352 690 5422 φησι,
745 5351 844 5404 καὶ
886 5350 955 5404 ἐν
981 5347 1214 5414 βινθοῖς·
1245 5349 1274 5400 6
1306 5346 1362 5398 δὲ
1391 5345 1708 5415 Σύμμαχος,

129 5441 195 5495 ἐν
213 5445 542 5512 σκοτεινοῖς
571 5442 1044 5510 ἐσκεπασμένονο
1139 5439 1196 5492 δὲ
1224 5437 1446 5508 πέμπτη
1476 5435 1705 5499 ἐκδοσις,

129 5530 197 5582 ἐν
219 5534 574 5601 σκοτεινοῖς,
613 5533 683 5588 ἐν
713 5533 1084 5597 καταδύτοις.
1131 5527 1300 5582 Τοῦτο
1325 5527 1379 5581 δέ
1413 5544 1502 5597 μοι
1531 5543 1706 5597 παρα-

1810 5338 2039 5392 machus
2068 5352 2216 5399 vero,
2244 5337 2298 5390 in
2333 5336 2617 5390 tenebrosis
2650 5335 2946 5397 obtectum;
2977 5333 3166 5402 quinta
3193 5329 3385 5391 editio,

1807 5431 1864 5484 in
1893 5430 2198 5492 tenebrosis,
2242 5431 2295 5483 in
2340 5427 2602 5484 latibulis.
2634 5425 2749 5482 lloc
2778 5433 2961 5480 autem
3003 5421 3316 5478 necessario
3352 5435 3386 5475 a

1810 5537 1898 5578 me
1926 5523 2274 5578 observatam
2317 5529 2424 5588 cst,
2472 5536 2542 5576 nc
2572 5520 2696 5592 quis
2746 5518 3058 5589 suspicetur
3105 5515 3284 5584 ipsum
3322 5513 3381 5568 in

199 5688 244 5723 ”
281 5687 299 5743 Ι
333 5687 458 5748 Cor.
494 5705 583 5754 xv,
618 5688 688 5753 3,
724 5689 777 5743 4.
854 5688 899 5720 ⁸³
939 5685 1040 5744 lsa.
1080 5697 1209 5751 Lm",
1242 5686 1294 5742 8.
1373 5686 1418 5717 ’³
1462 5681 1660 5737 Matth.-
1694 5697 1800 5744 χιι,
1839 5680 1926 5734 40.
