3974 6544
605 273 741 332 1059

1304 273 1571 332 Ευεειιιι
1609 277 2082 335 (ἈίδΑΒΙΕΝΞΙΞ
2104 278 2147 335 Ο

2250 327 2252 334 ι
2296 281 2474 337 PARS
2505 282 2590 339 lli.
2632 316 2683 323 —
2724 285 3133 345 EXEGEM

3694 296 3814 351 1066

600 403 776 447 morte
806 407 912 445 non
946 391 1137 453 fuisse,
1170 393 1301 462 quia
1333 410 1362 447 a
1398 393 1535 447 LXX
1587 394 1982 465 lnterpretibus
2027 398 2149 453 ilici-

2263 402 2555 472 τετήρηται
2588 403 2919 472 αναγκαίως.
2947 406 3022 469 ὡς
3062 407 3128 459 ἂν
3157 409 3239 479 μὴ
3273 425 3356 472 τις
3403 408 3663 485 Μ
3683 414 3757 485 μὴ
3778 419 3825 468 ιν

598 490 706 545 tur,
751 486 803 537 in
853 483 1137 536 tenebrosis
1185 496 1233 537 et
1265 485 1319 536 in
1368 486 1559 537 umbra
1592 489 1795 540 mortis.
1842 487 1975 540 Nam
2016 504 2168 541 com-

598 583 939 629 monstratur
969 591 1093 630 eum
1131 577 1183 628 in
1218 577 1546 643 tenebrosis,
1572 578 1858 649 profundis
1885 587 1938 634 et
1969 582 2167 635 latibu-

597 668 665 721 lis
691 668 864 736 ipsius
898 668 1090 722 mortis
1126 667 1295 723 fuisse
1319 672 1705 739 :quamobrem
1739 687 1913 742 neque
1941 672 2168 727 Hebrai-

592 772 717 812 cum
766 760 1064 828 exemplar,
1096 775 1271 829 neque
1314 762 1508 831 reliqui
1551 762 1892 832 interpretes.
1923 764 2165 818 umbram

591 849 778 901 mortis
822 848 1164 919 interpretati
1215 860 1364 906 sunt.
1415 852 1549 906 Nam
1604 862 1926 923 prirseutem
1974 856 2163 921 vitam,

594 939 843 993 umbram
878 941 1072 995 mortis
1113 944 1434 1015 plerumque
1472 961 1669 1001 vocare
1705 944 1985 1015 Scriptura
2032 962 2165 1001 con-

568 1052 569 1055 η
592 1031 789 1086 suevit.
818 1031 918 1086 llic
936 1049 1063 1087 vero
1097 1034 1370 1102 Salvator,
1389 1039 1445 1092 in
1469 1038 1586 1107 ipsa
1612 1046 1785 1091 morte
1808 1036 2161 1102 constitutus,

589 1129 759 1176 totam
795 1126 1158 1180 mconomiam
1209 1143 1365 1182 suam
1415 1128 1699 1184 describit.
1728 1159 1798 1169 ——
1830 1127 1994 1183 Vens.
2024 1129 2077 1193 8,
2106 1128 2159 1184 9.

589 1215 756 1283 Super
779 1234 860 1271 me
874 1221 1225 1287 con/irritatus
1244 1233 1320 1276 est
1353 1222 1507 1292 furor
1529 1233 1673 1287 titus,
1696 1233 1744 1278 et
1765 1240 1941 1277 omnes
1972 1224 2163 1291 ﬂuctus

589 1314 707 1360 tuos
749 1309 1007 1362 induxisti
1044 1327 1197 1377 super
1225 1328 1325 1366 me.
1377 1312 1712 1381 Diapsalma.
1759 1313 1933 1383 Longe
1992 1313 2164 1382 fecisti

588 1407 740 1451 notos
777 1416 915 1453 meos
950 1418 981 1453 a
1020 1418 1119 1462 nte,
1138 1413 1422 1469 posuerunt
1456 1421 1539 1458 nte
1572 1404 2015 1459 abominationem
2038 1405 2159 1460 sibi.

589 1486 842 1543 Traditus
877 1507 1015 1555 sum,
1053 1500 1102 1544 et
1127 1508 1228 1546 non
1256 1494 1579 1563 egrediebar.
1615 1494 1881 1561 Quoniam
1910 1498 2163 1554 Christus

586 1593 688 1648 pro
716 1580 877 1636 nobis
899 1590 1149 1638 mortuus
1171 1595 1274 1646 est,
1297 1586 1596 1639 secundum
1620 1587 1962 1655 Apostolum,
1986 1590 2162 1646 factus

586 1686 688 1740 pro
741 1673 897 1726 nabis
946 1673 1322 1739 maledictum;
1354 1674 1475 1729 ideo
1525 1685 1805 1761 scrm‘uur,
1845 1676 2162 1733 Maledictus

2269 493 2481 563 θανάτῳ
2508 493 2669 547 αὑτὸν
2713 496 3011 564 γεγονέναι,
3046 496 3132 550 διὰ
3165 499 3226 551 τὸ
3269 500 3527 568 λέγεσθαι
3559 503 3709 573 παρὰ
3732 508 3827 568 τοῖς

2281 585 2706 656 Ἐϐδομήκοντα,
2738 588 2808 638 ἐν
2832 588 3164 653 σκοτεινοῖς
3180 592 3274 643 καὶ
3298 592 3367 643 ἐν
3391 591 3540 658 σκιᾷ
3568 594 3819 648 θανάτου.

2267 675 2543 729 Δέδεικται
2586 678 2714 748 γὰρ,
2746 677 2828 730 ὅτι
2856 679 2914 730 ἐν
2952 680 3355 749 ἐσκοτισμένοις
3395 682 3492 734 καὶ
3542 683 3720 752 βυθοίς
3747 686 3823 737 καὶ

2268 765 2585 829 καταδύτοις
2605 767 2768 819 αὐτοῦ
2802 767 2896 820 τοῦ
2926 767 3156 821 Θανάτου
3179 770 3389 838 γέγονεν
3427 772 3626 843 διόπερ
3650 774 3758 826 οὔτε
3775 777 3823 827 τὸ

2277 854 2582 925 Ἐὅραῖκδν,
2630 854 2751 908 οὔτε
2779 859 2826 909 οἱ
2858 856 3031 910 λοιποὶ
3062 859 3415 929 ἐρμηνευταὶ,
3458 862 3653 914 σκιὰν
3675 865 3823 916 (iani—

2265 962 2392 1010 του,
2434 946 2801 1017 ἡρμήνευσαν.
2833 948 2935 1000 Τὸν
2960 948 3067 1019 γὰρ
3098 950 3339 1020 παρόντα
3367 951 3483 1021 βίον
3516 953 3616 1004 καὶ
3646 952 3735 1023 τὴν
3758 957 3822 1007 ὲν-

2265 1035 2507 1089 εστῶσαν
2536 1036 2702 1107 ζωὴν,
2732 1039 2988 1102 πολλάκις
3025 1042 3053 1093 ό
3085 1040 3239 1108 λόγος
3268 1043 3425 1095 σκιάν
3455 1042 3698 1096 θανάτου
3729 1047 3825 1097 εἰω-

2266 1126 2357 1180 Θεν
2399 1128 2712 1185 ἀποκαλεῖν.
2774 1131 3037 1185 Ἐνταῦθα
3077 1132 3133 1184 δὲ
3165 1135 3193 1185 ό
3222 1134 3431 1204 Σωτὴρ,
3475 1136 3537 1187 ἐν
3582 1137 3734 1207 αὐτῷ
3764 1138 3824 1207 τῷ

2264 1217 2476 1289 θανάτῳ
2500 1218 2755 1288 γεγονὼς,
2786 1223 2963 1274 πᾶσαν
2985 1222 3151 1275 αὐτοῦ
3176 1224 3274 1293 τὴν
3292 1225 3613 1297 οἰκονομίαν
3641 1228 3825 1301 διαγρᾱ-

2264 1327 2373 1378 φει.
2421 1312 2545 1365 Ἐπ’
2575 1312 2679 1380 ἐμὲ
2702 1311 3027 1384 ἐστηρίχθη
3054 1318 3088 1369 ὁ
3116 1316 3298 1384 θυμός
3320 1332 3456 1381 σου,
3486 1320 3588 1371 καὶ
3624 1320 3826 1388 πάντας

2262 1400 2405 1468 τοὺς
2429 1405 2883 1472 ’μετεωρισμούς
2914 1421 3030 1458 σου
3073 1404 3368 1475 ἐπήγαγες
3411 1408 3508 1460 ἐπ’
3556 1409 3693 1479 ἐμὲ.
3730 1413 3829 1465 Διάο

2261 1496 2489 1563 ψαλμα.
2528 1494 2889 1564 Ἐμάκρυνας
2907 1496 3048 1563 τοὺς
3068 1502 3371 1568 γνωτούς
3398 1519 3523 1569 μου
3545 1503 3659 1555 ἀπ’
3686 1505 3824 1573 ἐμοῦ,

2261 1588 2465 1640 ἔθεντο(
2485 1604 2560 1657 με
2591 1588 2905 1659 βδέλυγμα
2934 1590 3185 1657 ἑαυτοῖς.
3215 1594 3583 1661 Παρεδόθην,
3626 1598 3719 1649 καὶ
3741 1602 3826 1651 ci-z

2261 1676 2723 1748 ἐξεπορευόμην.
2758 1680 2973 1752 Ἐπειδὴ
2991 1682 3223 1752 Χριστὸς
3245 1684 3383 1754 ὑπὲρ
3404 1688 3434 1756 ἡ
3442 1686 3564 1756 μῶν
3587 1688 3823 1746 ἀπέθανε,

584 1764 756 1818 omnis
779 1764 868 1835 qui
905 1764 1090 1833 pendet
1114 1766 1171 1818 in
1198 1765 1340 1836 ligno
1364 1766 1412 1798 "
1444 1785 1458 1821 ε
1486 1774 1540 1819 et
1575 1768 1702 1837 quia
1736 1783 1882 1831 eum,
1910 1770 2003 1839 qui
2034 1786 2149 1839 pee-

2258 1770 2398 1823 κατά
2425 1770 2515 1822 τὸν
2560 1770 2897 1835 Ἀπόστολον,
2928 1774 3215 1844 γενόμενος
3252 1776 3390 1846 ὑπὲρ
3416 1778 3582 1848 ἡμῶν
3613 1780 3823 1850 κατάρα·

582 1866 765 1910 catum
804 1872 912 1910 nou
951 1864 1196 1921 noverat,
1229 1857 1372 1913 Deus
1400 1874 1498 1929 pro
1528 1860 1685 1915 nobis
1716 1868 1998 1929 peccaturo
2022 1862 2150 1917 clleo

582 1946 681 2009 cit,
730 1945 1033 2000 secundum
1074 1948 1325 2002 eumdem
1356 1947 1676 2017 Apostolum
1700 1951 1765 2014 “,
1807 1950 1932 2019 jure
1968 1951 2153 2006 immi-

583 2044 804 2091 nentem
839 2039 1019 2104 nobis,
1053 2042 1144 2111 qui
1180 2056 1353 2111 nuper
1392 2042 1543 2112 impii
1571 2050 1626 2096 et
1673 2050 1992 2112 peccatores
2024 2060 2151 2098 era-

583 2145 729 2194 mus,
764 2130 900 2185 iram
931 2131 1052 2197 Dei,
1082 2140 1137 2187 et
1164 2132 1406 2188 furorem
1429 2134 1549 2203 ejus
1584 2134 1879 2191 instantem
1909 2137 2067 2192 nobis
2098 2138 2152 2191 in

582 2239 645 2280 se
678 2226 1021 2294 pertrahens,
1043 2235 1205 2297 atque
1231 2226 1303 2280 ob
1332 2227 1438 2280 vim
1470 2227 1553 2281 sui
1580 2243 1705 2299 erga
1739 2228 1987 2285 homines
2005 2244 2156 2283 amo-

582 2316 682 2378 ris,
724 2317 1049 2386 s'ipplicium
1076 2324 1130 2371 et
1159 2316 1487 2371 destinatam
1520 2318 1678 2374 nobis
1720 2320 1981 2375 ultionem
2019 2321 2072 2374 in
2096 2337 2155 2375 se

554 2406 910 2475 suscipiens,
953 2408 1050 2461 has
1081 2407 1385 2477 proferebat
1408 2424 1569 2463 voces
1596 2428 1610 2472 ;
1633 2416 1821 2478 utpote
1861 2411 1953 2479 qui
1978 2409 2155 2465 factus

581 2504 730 2550 esset
760 2498 944 2567 Agnus
974 2495 1067 2551 Dei
1098 2497 1190 2568 qui
1225 2497 1367 2550 tollit
1403 2506 1691 2567 peccatum
1729 2498 1940 2551 mundi.
1977 2498 2156 2563 Quare

586 2584 699 2638 hzec
747 2585 813 2639 de
842 2586 934 2638 illo
965 2586 1229 2656 propheta
1266 2587 1505 2655 loquitur
1536 2604 1549 2640 :
1590 2587 1691 2639 llic
1718 2596 1931 2654 peccata
1975 2598 2156 2641 nostra

578 2684 780 2745 portat,
809 2686 858 2729 et
886 2693 980 2745 pro
1005 2677 1153 2731 nobis
1186 2679 1454 2730 cruciatur
1484 2691 1502 2729 :
1534 2678 1645 2747 ejus
1672 2678 1829 2731 vibice
1860 2694 1952 2732 nos
1981 2681 2157 2733 sanati

579 2784 785 2831 sumus,
820 2779 868 2821 et
903 2768 1163 2822 Dominus
1198 2768 1420 2821 tradidit
1452 2785 1569 2822 eum
1597 2770 1824 2837 peccatis
1860 2771 2056 2823 nostris
2088 2771 2153 2820 ’7.

581 2856 707 2912 Hinc
737 2860 902 2931 igitur
939 2869 991 2913 et
1023 2860 1139 2932 ipse
1168 2859 1409 2913 declarat
1440 2859 1492 2913 in
1521 2860 1751 2929 psalmo,
1783 2859 1972 2915 dicens
2007 2876 2020 2915 :
2052 2859 2157 2913 Su-

578 2968 669 3021 per
715 2970 797 3007 me
839 2959 1185 3023 conﬁrmatus
1206 2968 1281 3008 est
1311 2954 1461 3024 furor
1488 2966 1629 3012 tuus.
1663 2965 1710 3008 et
1747 2968 1923 3009 omnes
1964 2951 2155 3020 ﬂuctus

582 3055 701 3100 tuos
755 3046 1017 3101 induxisti
1062 3063 1215 3115 super
1240 3064 1339 3101 me.
1373 3046 1479 3101 Pro
1505 3062 1614 3117 quo
1665 3045 2025 3117 Symmachus
2056 3050 2152 3106 ait.

580 3136 749 3205 Super
772 3154 852 3191 me
881 3150 1197 3209 aggravatus
1223 3148 1302 3192 est
1332 3139 1484 3207 [uror
1507 3150 1648 3203 tuus,
1673 3148 1722 3192 et
1748 3139 1991 3207 procellis
2019 3141 2152 3210 aﬂii-

576 3244 738 3286 ctam
782 3250 881 3287 me.
916 3234 1048 3286 Nam
1105 3249 1203 3288 ceu
1262 3234 1480 3304 quidam
1530 3234 1943 3288 amantissimus
1977 3243 2147 3302 pater,

578 3324 923 3393 tempestatis
953 3333 1046 3377 aut
1078 3325 1202 3379 belli
1235 3335 1477 3394 tempore
1505 3325 1772 3397 genuinos
1804 3325 1941 3379 ﬁlios
1966 3334 2149 3393 prote-

578 3430 736 3484 gens,
770 3414 895 3467 illos
927 3415 1149 3484 quidem
1191 3416 1506 3478 occultavit,
1536 3418 1590 3468 in
1615 3416 1757 3468 uiuis
1786 3414 2043 3485 obtegens
2067 3420 2152 3466 at-

575 3520 684 3575 que
706 3505 759 3558 in
787 3514 904 3558 tuto
931 3520 1137 3575 ponens
1158 3524 1172 3571 ;
1192 3521 1313 3561 sese
1350 3523 1480 3561 vero
1513 3508 1768 3577 procellis
1803 3523 1867 3563 ac
1896 3509 2022 3563 telis
2051 3523 2149 3577 pro

572 3596 830 3649 omnibus
859 3596 1081 3663 objecit,
1116 3604 1345 3651 mortem
1375 3612 1530 3652 suam
1561 3612 1659 3666 pro
1698 3598 1937 3651 liliorum
1968 3600 2146 3653 salute

575 3687 631 3741 in
664 3689 1149 3743 commutationem
1183 3688 1427 3752 tradens,
1461 3700 1515 3743 et
1546 3690 1680 3743 iram
1712 3689 1821 3745 illis
1860 3690 2147 3743 imminen-

577 3786 685 3830 tem
724 3776 791 3829 ad
841 3792 905 3831 se
951 3784 1300 3831 convertens.
1327 3776 1691 3842 Quamobrem
1717 3779 1807 3847 qui
1841 3778 2146 3832 benedictio

573 3866 669 3922 Dei
722 3878 863 3932 erat,
905 3868 1083 3924 factus
1115 3876 1202 3923 est
1236 3868 1625 3936 maledictum;
1677 3876 1733 3924 et
1782 3870 1875 3940 qui
1930 3869 2144 3939 justitia

569 3965 713 4020 erat,
743 3958 923 4014 factus
947 3966 1032 4014 est
1079 3967 1363 4028 peccatum
1404 3976 1417 4012 :
1452 3958 1801 4029 furoremque
1830 3960 1923 4014 Dei
1953 3967 2145 4013 contra

569 4048 823 4104 homines
855 4059 1207 4121 aggravatum
1235 4052 1301 4105 ad
1337 4068 1397 4107 se
1432 4052 1780 4120 pertrahens,
1817 4052 1995 4121 ipsum
2023 4053 2143 4121 qui-

571 4143 695 4197 dem
730 4144 827 4199 abs
848 4160 905 4198 se
929 4147 1129 4213 repulit
1153 4164 1166 4212 ;
1200 4145 1273 4199 ita
1309 4154 1367 4198 ut
1398 4160 1573 4214 neque
1599 4161 1658 4199 sc
1694 4161 1867 4214 neque
1896 4146 2031 4199 alios
2060 4146 2142 4198 vel

560 4234 859 4287 minimum
904 4235 1158 4301 laederet;
1205 4237 1355 4289 illum
1391 4252 1520 4295 vero
1544 4246 1729 4304 utpote
1771 4235 2009 4299 Patrem,
2046 4236 2142 4289 ho-

572 4326 781 4379 mitium
808 4329 991 4396 generi
1021 4328 1293 4396 placatum
1349 4327 1612 4381 reddidit.
1645 4327 1930 4393 Quomodo
1961 4333 2139 4379 autem

569 4432 762 4472 omnes
795 4418 1053 4487 discipuli
1085 4420 1204 4488 ejus
1236 4430 1479 4489 tempore
1534 4418 1804 4487 passionis
1835 4417 2010 4486 ipsum
2041 4416 2139 4469 de-

567 4509 876 4575 seruerint;
914 4510 1004 4563 alii
1048 4516 1228 4563 autem
1262 4510 1601 4581 negaverint,
1629 4524 1735 4561 non
1772 4506 2025 4575 estquod
2053 4521 2138 4560 re-

567 4600 828 4663 feramus,
890 4600 1111 4670 quando
1167 4609 1404 4670 quatuor
1441 4598 1784 4669 evangelista:
1845 4596 2006 4651 simul
2056 4595 2138 4648 id-

566 4692 744 4762 ipsum
795 4709 897 4746 nos
939 4692 1193 4746 edocent.
1239 4690 1363 4744 llaec
1396 4692 1563 4759 igitur
1607 4690 1695 4743 ille
1741 4687 2134 4757 praenuntiatus,

566 4784 653 4836 his
684 4784 911 4837 vocibus
941 4783 1292 4845 vaticinatur,
1325 4797 1463 4850 quas
1495 4779 1856 4850 Symmachus
1912 4778 2010 4830 hac
2046 4792 2134 4829 ra-

564 4882 714 4928 tione
764 4874 1151 4942 interpretatus
1179 4882 1283 4936 est,
1309 4872 1482 4942 Longe
1514 4871 1685 4940 jecisti
1726 4878 1873 4922 notos
1908 4884 2045 4921 meos
2101 4886 2134 4921 a

563 4980 647 5017 me
681 4978 700 5015 :
730 4966 951 5031 posuisti
985 4981 1062 5017 me
1109 4964 1511 5018 abominabilem
1548 4965 1699 5032 ipsis,
1730 4960 2047 5015 custoditum
2082 4970 2130 5013 et

562 5068 667 5107 non
694 5053 1129 5120 progredientem.
1166 5051 1321 5106 Tunc
1353 5054 1535 5123 itaque
1561 5054 1737 5122 ipsum
1767 5051 2016 5120 discipuli
2043 5052 2131 5103 ab-

566 5152 854 5212 negarunt,
888 5159 1012 5195 cum
1064 5145 1121 5196 in
1179 5145 1342 5197 domo
1370 5144 1589 5211 Caipltte
1628 5143 1825 5198 somnii
1861 5141 2131 5210 pontiﬁcis

552 5235 621 5288 in
669 5233 920 5287 custodia
969 5234 1326 5288 detineretur.
1360 5264 1431 5274 --
1467 5234 1632 5289 Vens.
1678 5235 1766 5289 10.
1827 5233 1981 5288 Oculi
2033 5232 2133 5285 mei

562 5328 877 5399 languerunt
909 5343 1018 5395 pro:
1053 5328 1249 5395 inopia.
1285 5327 1525 5382 Clamaei
1546 5328 1613 5381 ad
1646 5338 1712 5389 te.
1747 5327 1986 5390 Domine,
2020 5335 2129 5378 tota

559 5420 664 5482 die,
692 5418 918 5488 expendi
948 5419 1015 5471 ad
1053 5428 1100 5470 te
1150 5435 1335 5470 manus
1386 5436 1547 5473 meas.
1602 5418 1723 5473 llaec
1760 5420 1884 5473 item
1926 5418 2127 5472 clarius

561 5509 923 5581 Symmachus
954 5510 1121 5565 edidit
1164 5511 1247 5565 his
1275 5512 1452 5566 verbis
1487 5530 1498 5565 :
1529 5512 1723 5565 Oculus
1761 5528 1901 5566 meus
1931 5511 2125 5581 efﬂuxit

628 5670 672 5700 ”
715 5666 870 5724 Deut.
911 5685 1030 5731 XXI,
1066 5669 1171 5734 9.5;
1216 5666 1331 5720 Gal.
1374 5682 1462 5736 ιιι,
1504 5668 1586 5721 15.
1663 5668 1708 5699 ⁹⁶
1752 5666 1789 5720 ii
1826 5668 1946 5720 Cor.
1989 5683 2040 5731 γ,
2074 5664 2163 5721 2i.

2252 1860 2318 1914 δι’
2345 1860 2374 1913 ὃ
2396 1860 2733 1931 γέγραπται··
2767 1862 3225 1932 Ἐπικατάρατος
3261 1865 3377 1932 πᾶς
3408 1871 3440 1920 ό
3470 1869 3826 1939 κρεμάμενίς

2250 1943 2351 1997 ἐπὶ
2394 1946 2606 2009 ξύλου,
2658 1946 2753 1999 καὶ
2801 1948 2984 2018 ἐπειδὴ
3039 1948 3130 2001 τὸν
3168 1949 3240 2020 μὴ
3272 1952 3469 2018 γνόντα
3512 1955 3823 2025 ἁμαρτίανὸ

2252 2036 2383 2100 Θεὸς
2412 2037 2550 2109 ὑπὲρ
2581 2038 2738 2109 ἡμῶν
2775 2039 3048 2111 ἁμαρτίαν
3076 2041 3322 2111 ἐποίησε,
3356 2042 3500 2095 κατὰ
3527 2043 3628 2097 τὸν
3664 2044 3821 2103 αὑτὸν.

2254 2128 2476 2193 εἰκότως
2503 2128 2598 2199 τὴν
2626 2131 2755 2200 ἡμῖν
2783 2132 2895 2194 τοῖς
2922 2131 3180 2203 πρότερον
3206 2133 3424 2186 ἀσεϐέσι
3451 2135 3553 2187 καὶ
3580 2136 3823 2205 ἁμαρτω-

2254 2220 2362 2284 λοῖς
2396 2220 2748 2291 ἐπικειμένην
2777 2222 2944 2294 ὀργὴν
2976 2224 3067 2276 τοῦ
3097 2225 3252 2285 Θεου,
3287 2226 3378 2277 καὶ
3416 2225 3510 2277 τὸν
3540 2225 3723 2295 θυμὸν
3746 2228 3822 2280 αὐ-

2252 2312 2348 2366 τοῦ
2395 2314 2485 2367 τὸν
2525 2314 2644 2367 καθ’
2689 2314 2845 2385 ἡμῶν
2890 2317 2968 2378 είς
3014 2316 3203 2370 ἑαυτὸν
3250 2316 3731 2387 ἐπισπασάμενος.
3771 2319 3820 2371 δι“

2256 2394 2694 2475 ὑπερῦάλλουσάν
2736 2423 2795 2459 τε
2831 2406 3233 2477 φιλανθρωπίαν
3285 2407 3698 2478 ἀναδεξάμενος
3746 2410 3823 2479 τὴν

2255 2498 2392 2569 ὒπὲρ
2423 2498 2579 2569 ἡμῶν
2606 2499 2874 2571 τιμωρίαν
2903 2516 2964 2552 τε
3006 2499 3099 2551 καὶ
3129 2499 3371 2565 κόλασιν,
3401 2500 3504 2562 τὰς
3540 2501 3823 2571 προκειμέ-

2255 2606 2352 2653 νας
2383 2589 2711 2661 προφέρεται
2737 2590 2937 2659 φωνάς·
2966 2590 3061 2643 ἆτε
3093 2588 3155 2660 δὴ
3187 2590 3477 2660 γενόμενος
3520 2590 3725 2660 Ἀμνὸς
3747 2590 3829 2643 τοῦ

2212 2688 2215 2691 ’
2255 2680 2390 2735 Θεοῦ
2421 2681 2450 2734 ό
2480 2681 2647 2751 αἴρων
2674 2680 2772 2751 τὴν
2801 2681 3069 2753 ἁμαρτίαν
3102 2680 3195 2734 τοῦ
3224 2681 3450 2753 κόσμου.
3493 2684 3587 2735 Διὸ
3626 2686 3825 2753 φησινὸ

2256 2770 2537 2842 προφήτης
2586 2772 2712 2842 περὶ
2756 2771 2937 2824 αὐτοῦ·
2970 2767 3155 2838 Οὗτος
3204 2773 3309 2838 τὰς
3347 2772 3648 2842 ἀμαρτως

2254 2859 2435 2929 φέρει,
2464 2862 2559 2915 καὶ
2588 2862 2719 2930 περὶ
2747 2861 2914 2931 ἡμῶν
2936 2860 3237 2918 ὀδυνᾶταυ
3271 2861 3349 2928 τῷ
3374 2863 3629 2931 μώλωπι
3658 2863 3825 2917 αὑτοῦ

2255 2952 2426 3022 ἡμεῖς
2453 2953 2718 3022 ἱάθημεν,
2753 2953 2852 3006 καὶ
2879 2954 3093 3021 Κύριος
3121 2954 3462 3023 παρέδωκεν
3492 2956 3689 3008 αὑτὸν
3717 2954 3825 3019 ταῖς

2257 3044 2565 3113 ἁμαρτίαις
2596 3044 2780 3113 ἡμῶν.
2818 3044 2985 3096 Τοῦτο
3015 3045 3190 3097 τοίνυν
3229 3048 3320 3099 καὶ
3344 3047 3512 3110 αὐτὸς
3540 3048 3822 3118 παρίστησι

2177 3112 2226 3179 c
2257 3112 2345 3195 διὰ
2383 3134 2476 3191 τοῦ
2513 3134 2612 3209 ψει)
2627 3135 2727 3210 uel")
2759 3135 2999 3209 φάσκων·
3060 3137 3184 3193 Ἐπ’
3224 3136 3323 3209 ἐμὲ
3357 3112 3767 3211 Mean-pilai;
3795 3152 3820 3193 (τ

2257 3235 2441 3302 θυμός
2472 3248 2609 3297 σου,
2647 3242 2744 3283 και
2795 3230 3022 3296 πάντας
3066 3231 3207 3296 τοὺς
3235 3234 3688 3301 μετεωρισμοιίς
3722 3249 3821 3284 σευ

2252 3325 2549 3396 ἐπήγαγες
2573 3325 2665 3377 ἐπ’
2683 3322 2806 3393 ἐμέ.
2825 3323 2963 3375 Ἀνθ⁹
2995 3316 3054 3375 οὗ
3087 3340 3247 3393 φησιν
3279 3326 3306 3376 ό
3332 3324 3658 3394 Σύμμαχος,
3677 3322 3817 3392 Ἐμίὶ

2252 3417 2564 3483 ἐπέὄρισεν
2591 3418 2623 3469 ὀ
2646 3416 2831 3484 θυμός
2860 3420 3011 3478 σου,
3047 3415 3140 3467 καὶ
3171 3413 3297 3480 ταῖς
3323 3417 3675 3483 καταιγίσιν
3698 3413 3818 3467 exd-

2252 3505 2449 3570 κωσάς
2500 3521 2595 3573 με.
2630 3498 2731 3557 Οἷα
2770 3502 2876 3575 γάρ
2903 3520 2983 3566 τις
3016 3502 3363 3573 φιλόστοργος
3401 3503 3592 3574 πατὴρ
3618 3506 3677 3557 ὲν

2252 3595 2569 3667 χειμῶνοςῆ
2596 3593 2852 3664 πολέμου,
2882 3594 3118 3664 γνησίων
3149 3593 3278 3645 υἱῶν
3308 3593 3689 3663 προασπίζων,
3710 3596 3816 3656 τοις

2255 3688 2353 3758 μὲν
2405 3686 2704 3741 ἐκάλυπτεν
2752 3686 3119 3757 ἀποκρύπτων
3173 3685 3266 3738 καὶ
3318 3686 3541 3739 σκέπων
3584 3688 3690 3739 ὑπὸ
3732 3688 3815 3747 τὰς

2254 3781 2390 3844 ἰδίας
2419 3780 2684 3847 ἀγκάλας·
2716 3780 2904 3833 ἑαυτὸν
2925 3779 2981 3831 δὲ
3003 3779 3123 3831 ἀντὶ
3153 3778 3366 3831 πάντων
3396 3781 3523 3841 ταῖς
3550 3779 3812 3846 καταεγὶπ

2249 3871 2344 3923 καὶ
2388 3871 2500 3933 τοῖς
2545 3868 2719 3939 βέλεσι
2764 3870 3010 3939 παρεῖχε,
3047 3868 3143 3938 τῆς
3170 3868 3278 3921 τῶν
3320 3868 3531 3920 παίδων
3557 3870 3811 3940 σωτηρίας

2247 3961 2339 4014 τὸν
2364 3960 2526 4014 αὐτοῦ
2555 3960 2780 4014 θάνατον
2805 3958 3437 4029 ἀντικαταλλασσόμενος,
3470 3960 3564 4013 καὶ
3596 3962 3685 4012 τὸν
3710 3962 3810 4013 κατ’

2249 4053 2469 4106 ἐκείνων
2514 4052 2681 4123 θυμὸν
2724 4053 2802 4113 εἰς
2839 4052 3026 4105 ἑαυτὸν
3059 4052 3432 4122 ἀποστρέφων.
3468 4055 3549 4105 Δι’
3584 4053 3614 4105 ὃ
3642 4054 3809 4121 γέγονε

2248 4146 2480 4216 κατάρα,
2526 4146 2559 4215 ἡ
2600 4143 2816 4210 εὐλογία
2854 4142 2947 4195 τοῦ
2996 4142 3129 4195 Θεοῦ
3162 4144 3319 4207 αὐτὸς
3350 4143 3444 4196 ὧν·
3482 4146 3577 4199 καλ⁵
3606 4146 3814 4211 γέγονεν

2248 4237 2508 4308 ἁμαρτία,
2547 4235 2855 4307 δικαιοσύνη
2888 4236 3188 4306 τυγχάνων,
3232 4235 3324 4287 καὶ
3350 4234 3440 4287 τὸν
3470 4236 3592 4288 κατ’
3620 4234 3812 4305 ἀνθρώ-

2247 4343 2363 4379 πων
2408 4324 2765 4397 ὲπιϐρίσαντα
2810 4323 2979 4394 θυμὸν
3021 4324 3114 4376 τοῦ
3161 4323 3294 4375 Θεοῦ
3329 4326 3409 4387 εἰς
3442 4325 3637 4379 ἑαυτὸν
3670 4342 3811 4395 περι-

2248 4419 2481 4481 σπάσας,
2517 4418 2607 4470 τὸν
2654 4418 2750 4488 μὲν
2789 4416 2847 4480 ἐξ
2879 4416 3072 4469 ἑαυτοῦ
3118 4416 3486 4474 διεσκέδασεν,
3533 4415 3610 4479 ὡς
3660 4416 3809 4487 μηδὲν

2248 4510 2369 4581 μήτ’
2398 4508 2577 4569 αὐτὸν,
2608 4508 2731 4579 μήθ’
2758 4508 2975 4578 ἑτέρους
2998 4506 3264 4577 ἀδικῆσαι·
3301 4506 3391 4558 τὸν
3415 4504 3459 4558 δ’
3486 4500 3572 4558 οἷα
3605 4505 3806 4575 Πατέρα

2242 4597 2400 4648 ῖλεων
2430 4594 2507 4664 τῷ
2538 4594 2646 4646 τῶν
2676 4593 2978 4665 ἀνθρώπων
3023 4595 3392 4663 κατεστήσατο
3430 4594 3589 4658 γένει.
3636 4595 3807 4652 Ὅπως

2241 4687 2296 4740 δὲ
2322 4688 2519 4751 πάντες
2546 4690 2593 4740 οἱ
2626 4686 2862 4757 μαθηταὶ
2887 4686 3333 4740 καταλελοίπασιν
3362 4687 3523 4740 αὑτὸν
3551 4687 3700 4757 παρὰ
3725 4686 3804 4735 τὶν

2239 4779 2427 4849 καιρὸν
2460 4779 2553 4831 τοῦ
2595 4780 2816 4841 πάθους,
2862 4780 2911 4830 οἱ
2959 4777 3011 4831 δὲ
3064 4779 3156 4831 καὶ
3188 4780 3513 4850 ἠρνήσαντο,
3547 4779 3696 4831 οὐδὲν
3732 4778 3803 4828 δεῖ

2236 4870 2433 4938 λέγειν,
2489 4871 2595 4923 τῶν
2643 4870 2922 4941 τεσσάρων
2964 4869 3361 4937 εὐαγγελιστᾶνι
3409 4870 3709 4941 συμφώνως
3741 4867 3800 4918 τὶ

2234 4963 2373 5015 αὐτὰ
2404 4962 2779 5015 διδασκόντων.
2809 4962 2953 5014 Aﬁr);
2978 4960 3040 5032 δὴ
3074 4956 3165 5014 οὖν
3192 4958 3363 5014 ταῦτα
3398 4960 3651 5031 προλέγει
3683 4977 3799 5029 προ-

2233 5054 2481 5123 φητεύων
2514 5054 2575 5106 τὸ
2613 5053 2804 5124 μέλλον
2833 5054 2922 5107 διὰ
2954 5054 3063 5104 τῶν
3110 5052 3481 5123 προκειμένων
3513 5051 3720 5120 φωνῶν,
3741 5049 3799 5109 ἃς

2231 5148 2259 5198 ό
2290 5146 2584 5216 Σύμμαχος
2615 5145 2804 5198 τοῦτον
2830 5146 3139 5217 ἡρμήνευσε
3172 5145 3263 5197 τὸν
3295 5144 3514 5213 τρόπον’
3568 5141 3798 5207 Μακρὸν

2230 5237 2525 5304 ἐποίησας
2562 5239 2705 5304 τοὺς
2751 5238 3058 5302 τνωστοὺς
3093 5254 3211 5305 μου
3247 5235 3347 5289 ἀπ’
3382 5235 3550 5303 ἐμοῦδ
3595 5230 3799 5294 Ermde

2228 5344 2305 5397 με
2327 5327 2672 5391 βδελυκτόν
2698 5326 2922 5392 αὐτοῖς,
2951 5326 3395 5396 φροιιρούμενον
3431 5324 3529 5377 καὶ
3550 5323 3635 5393 μὴ
3665 5338 3799 5387 προ-

2233 5418 2577 5486 ερχόμενον.
2618 5418 2750 5469 Τότε
2781 5416 2911 5486 γοῦν
2958 5416 3108 5468 ιὺτὸν
3148 5416 3242 5469 καὶ
3270 5417 3573 5486 ἠρνήσαντο
3614 5415 3658 5466 oi
3701 5427 3796 5481 μα·

2233 5510 2412 5581 θηται,
2448 5510 2607 5580 ἡνίκα
2634 5511 2944 5583 ἐφρουρεῖτο
2971 5509 3027 5563 ὲν
3059 5511 3128 5580 τῇ
3160 5507 3305 5580 οἰκίᾳ
3338 5508 3558 5577 Καῖάφα
3590 5503 3675 5558 τοῦ
3698 5503 3791 5571 ap-

2242 5667 2283 5698 ”
2328 5664 2427 5721 lsa.
2468 5680 2589 5731 Lllt,
2624 5664 2740 5718 5-5.
