3974 6546
217 284 359 343 1064

1384 287 1900 345 COMMENTABIA-
1925 280 1991 345 ΙΝ
2027 282 2367 345 PSAMIOS.

3333 298 3489 356 ίωελ

213 406 466 478 χιερέως.
507 408 570 460 Οἱ
613 407 905 476 ὀφθαλμοί
951 426 1071 477 μου
1108 408 1463 476 ήσθένησιιν
1490 410 1606 464 ἀπὸ
1647 423 1779 462 πτω·

1902 418 2110 479 propter
2141 415 2468 465 vexationem
2508 428 2526 464 :
2562 413 2803 467 inuocaui
2827 423 2878 468 te
2898 415 3121 485 singulis
3146 416 3349 477 diebus.
3371 436 3467 473 e1:-

186 520 189 525 ·
211 501 409 568 χειας.
449 499 771 567 Ἐκέκραξα
821 500 970 568 πρὸς
990 501 1084 566 σὲ,
1111 502 1305 569 Κύριε,
1333 501 1486 569 ὅλην
1511 502 1626 568 τὴν
1656 501 1796 570 ἠμέ-

200 604 351 657 ραν,
384 588 704 643 ὃιεπέτασα
730 589 881 657 πρὸς
908 590 983 643 σὲ
1004 592 1111 657 τὰς
1138 590 1341 660 χεῖράς
1362 610 1501 660 μου.
1528 593 1797 659 Σαφέστε-

213 698 314 752 ρον
345 679 637 735 καὶταῦτα
674 683 701 734 ὁ
736 681 1030 752 Σύμμαχος
1074 683 1335 747 ἐξέδωκεν
1375 684 1563 736 εἰπών·
1604 684 1659 736 '0
1694 685 1798 751 659-

210 774 442 842 and;qu
470 789 588 841 μου
618 772 977 841 ἐξέρῤευσεν
1006 774 1122 828 ἀπὸ
1154 772 1265 839 τῆς
1298 773 1631 839 κακώσεως·
1660 774 1795 826 ἐπε-

207 862 572 932 καλεσὰμην
614 878 689 916 σε
721 862 1142 931 καθ’-ἑκάστην
1185 864 1434 932 ἡμέραν,
1472 864 1799 919 διεπέτασα

206 953 367 1022 πρὸς
400 952 475 1006 σὲ
512 953 617 1019 τὰς
662 952 863 1022 χεῖράς
887 971 1026 1022 μου.
1081 953 1407 1026 Ἀπεκλᾴετο
1447 954 1559 1025 γάρ
1586 956 1674 1009 ἀεὶ
1700 956 1799 1021 τάς

202 1046 322 1097 τῶν
369 1043 670 1116 ἀνθρώπων
724 1044 1117 1116 ταλαιπωρίας,
1170 1046 1262 1098 καὶ
1316 1046 1442 1110 τοὺς
1482 1045 1796 1118 ὀφθαλμοὺς

205 1137 406 1190 ἑαυτοῦ
432 1136 735 1190 κατεπόνει.
764 1135 991 1207 δάκρυσι
1023 1135 1234 1189 πενθῶν
1260 1136 1365 1208 τὴν
1390 1135 1663 1191 ἀπώλειαν
1687 1138 1795 1191 τῶν

209 1227 292 1298 μὴ
327 1226 775 1297 καταδεξαμένων
804 1227 985 1280 αὐτόν.
1035 1227 1146 1279 Καὶ
1189 1226 1263 1290 ὡς
1295 1227 1399 1299 τὴν
1443 1228 1795 1301 Ἰερουσαλὴμ

203 1318 613 1381 ἀπεκλαύσατο,
646 1317 817 1380 οὕτως
861 1318 1002 1382 εἰκὸς
1044 1313 1114 1388 ἦν
1146 1318 1242 1370 καὶ
1276 1318 1368 1371 τοῦ
1402 1320 1794 1391 προδεδωκότος

201 1409 374 1461 αὑτὸν
405 1408 701 1462 ἀποστόλου
726 1408 824 1478 τὴν
846 1408 1161 1461 ἀπόπτωσιν
1192 1408 1284 1462 καὶ
1306 1409 1399 1462 τοῦ
1427 1410 1626 1473 παντὸς
1662 1412 1793 1463 Ἰου-

198 1500 377 1555 δαίων
415 1500 600 1563 ἐθνους
645 1501 744 1570 τὴν
788 1499 1089 1570 ἀποϐολὴν,
1138 1501 1232 1553 καὶ
1282 1500 1390 1553 τῶν
1434 1501 1636 1554 λοιπῶν
1683 1501 1791 1555 τῶν

196 1592 593 1663 ἀπολλυμένων
622 1592 712 1645 τὸν
738 1591 975 1663 ὀλεθρον,
1018 1586 1104 1644 οἷα
1134 1591 1510 1665 φιλάνθρωπον
1540 1594 1634 1646 καὶ
1651 1608 1789 1647 παν-

195 1683 413 1752 αγάθου
439 1684 649 1755 [ἰατρὸς
692 1684 808 1736 υἱὸν
841 1682 1309 1737 ἀποκλαύσασθαι·
1343 1684 1411 1737 δι’
1456 1677 1517 1737 οὗ
1566 1685 1659 1739 καὶ
1688 1684 1788 1748 τὰς

1898 501 2059 570 pandi
2088 502 2158 554 ad
2185 512 2233 555 te
2255 519 2442 555 manus
2467 516 2634 556 meas.
2665 502 2734 555 At
2753 506 2899 559 enim
2945 522 3159 576 semper
3186 508 3469 563 hominum

1899 593 2151 647 miserias
2183 593 2436 656 deﬂebat,
2470 595 2772 665 oculosque
2802 596 3071 666 atﬁigebat
3097 614 3249 659 suos,
3276 614 3466 653 eorum

1897 682 1990 751 qui
2021 698 2083 737 se
2106 697 2213 737 non
2240 696 2601 755 susceperant
2624 688 2919 757 perniciem
2945 689 3254 757 deplorans.
3292 691 3472 762 Atque

1899 780 1960 825 ut
2002 770 2429 845 Hierosolymam
2462 777 2716 848 lacrymis
2751 779 3210 848 prosequebatur;
3258 780 3333 834 ita
3373 798 3469 849 par

1896 872 2018 919 erat
2041 880 2164 921 eum
2196 875 2381 936 utpote
2411 866 2690 922 hominum
2724 877 3018 932 amantem,
3037 872 3333 941 optimique
3364 873 3468 925 Pa-

1898 955 1999 1009 tris
2030 955 2220 1020 ﬁlium,
2255 956 2550 1026 proditoris
2581 958 2810 1026 apostoli
2847 973 3058 1025 casum,
3083 962 3250 1015 totius
3272 959 3465 1015 Judai-

1896 1060 1973 1099 ea:
1996 1046 2177 1117 gentis
2211 1046 2599 1115 abjectiouem,
2631 1062 2696 1101 ac
2723 1049 3058 1119 reliquorum
3087 1051 3180 1120 qui
3214 1053 3467 1122 peribant

1895 1137 2109 1191 ruinam
2140 1137 2373 1193 deﬂere:
2403 1153 2508 1208 qua
2530 1138 2596 1193 de
2624 1154 2788 1195 causa
2819 1132 3012 1195 manus
3034 1144 3373 1212 expandebat
3399 1160 3463 1199 ac

1894 1226 2313 1291 vociferabantur,
2351 1229 2403 1283 in
2440 1230 2777 1287 orationibus
2814 1231 2879 1285 ad
2922 1230 3151 1287 Patrem‘
3196 1236 3462 1302 clamans,

1893 1318 2189 1389 gemitibus
2215 1320 2676 1377 inenarrabilibus
2698 1323 2841 1392 apud
2858 1322 3072 1377 Patrem
3098 1326 3459 1382 intercedens.

1892 1413 2015 1466 Alio
2042 1412 2167 1467 item
2200 1412 2363 1467 modo
2391 1414 2634 1478 oculum,
2670 1415 2785 1469 sive
2811 1416 3001 1470 oculos
3034 1417 3154 1485 ejus
3184 1416 3463 1473 inﬁrman-

1893 1511 1998 1568 tes,
2024 1506 2340 1576 neutiquam
2371 1507 2594 1563 aberres
2630 1508 2675 1563 si
2706 1508 2859 1563 dicas
2885 1512 3163 1579 apostolos
3185 1526 3305 1566 esse
3333 1529 3347 1576 ;
3387 1514 3461 1565 si-

1891 1597 2110 1668 quidem
2141 1615 2341 1669 corpus
2372 1600 2513 1670 ejus,
2540 1608 2686 1654 totus
2730 1602 2963 1671 populus
2991 1602 3111 1672 ejus
3143 1610 3248 1667 est,
3283 1612 3341 1657 ut
3363 1604 3462 1658 do-

1891 1699 1976 1744 cet
2004 1689 2051 1744 is
2078 1690 2171 1759 qui
2202 1690 2340 1745 dixit
2370 1706 2382 1741 :
2427 1690 2527 1745 Vos
2555 1700 2926 1746 autem-omnes
2960 1709 3147 1762 corpus
3172 1692 3392 1757 Christi,
3411 1703 3462 1749 et

196 1777 397 1845 χεῖρας
430 1774 660 1843 ἐξήπλου
691 1777 783 1828 καὶ
826 1775 1008 1844 φωνὰς
1042 1776 1347 1846 ἀνέπεμπε,
1397 1775 1534 1846 βοῶν
1560 1778 1616 1829 ἐν
1670 1779 1779 1839 ταῖς

1892 1780 2125 1833 membra
2154 1795 2218 1833 ea:
2260 1780 2498 1847 parte";
2534 1795 2730 1834 manus
2760 1788 2938 1835 autem
2970 1797 3121 1845 suas,
3154 1796 3317 1851 opera
3355 1782 3462 1837 sci-

194 1865 346 1935 πρὸς
374 1865 465 1919 τὸν
493 1865 709 1936 Πατέρα
748 1869 1100 1937 προσευχαῖς,
1144 1870 1466 1937 στεναγμοῖς
1502 1867 1779 1937 ἀλαλήτοις

1890 1872 2018 1927 licet
2065 1871 2131 1925 ad
2170 1869 2349 1925 Patris
2384 1872 2611 1942 gloriam
2653 1871 2817 1936 edita,
2860 1874 3221 1943 expandebat,
3255 1876 3304 1929 ei
3367 1874 3461 1945 qui

194 1956 690 2028 ὑπερεντυγχάνων
731 1957 809 2027 τῷ
838 1957 1033 2028 Πατρί.
1084 1958 1193 2009 Καὶ
1218 1957 1390 2020 ἄλλως
1416 1958 1472 2011 δὲ
1509 1957 1779 2029 ὀφθαλμὸν

1890 1962 2042 2017 solus
2077 1961 2227 2031 ipsas
2257 1960 2441 2016 videre
2463 1970 2675 2031 poterat
2701 1963 3005 2019 obtendens
3028 1983 3041 2019 :
3064 1966 3173 2019 imo
3206 1966 3368 2020 etiam
3398 1965 3461 2020 in

182 2047 434 2119 αὑτοῦἦ
482 2048 793 2118 ὀφθαλμοὺς
826 2047 1232 2120 ἀσθενήσαντας
1273 2049 1373 2100 οὐκ
1416 2049 1483 2102 ἂν
1520 2050 1779 2121 ἁμάρτοις

1889 2051 2269 2121 frequentibus
2302 2053 2642 2108 orationibus
2676 2060 2731 2107 ct
2766 2053 2820 2107 in
2851 2056 3106 2123 passione
3132 2072 3229 2111 sua
3262 2071 3461 2111 manus

180 2133 347 2191 εἶναι
379 2138 546 2193 εἰπὼν
578 2142 702 2203 τοὺς
734 2140 1083 2203 ἀποστόλους,
1128 2141 1177 2192 εἰ
1206 2140 1270 2211 δὴ
1300 2140 1457 2211 σῶμα
1481 2140 1644 2193 αὐτοῦ
1674 2143 1779 2205 πᾶς

1887 2160 1985 2215 pro
2020 2145 2243 2207 mundo,
2274 2144 2433 2212 cujus
2462 2153 2743 2215 peccatum
2767 2146 3068 2212 auferebat,
3093 2149 3372 2219 expandit,
3398 2153 3460 2199 ut

181 2232 224 2285 ὁ
244 2232 381 2294 λαὸς
405 2232 569 2286 αὐτοῦ
599 2234 875 2303 τυγχάνει,
919 2234 996 2299 ὡς
1025 2235 1259 2301 ἐδίδαξεν
1288 2236 1318 2286 ὁ
1352 2232 1539 2287 εἰπών·
1595 2234 1779 2304 Ὑμεῖς

1888 2234 2103 2290 Patrem
2138 2235 2402 2305 placaret.

182 2325 263 2377 δὲ
308 2326 528 2392 πάντες
567 2326 737 2395 σῶμα
776 2327 1065 2395 Χριστοῦ,
1117 2329 1215 2381 καὶ
1244 2329 1401 2397 μέλη
1430 2328 1499 2381 ἐκ
1541 2328 1780 2397 μέρους·
1823 2332 2009 2398 χεῖρας
2056 2328 2114 2380 δέ
2150 2328 2334 2392 αὑτοῦ,
2365 2328 2463 2393 τὰς
2519 2330 2747 2400 πράξεις
2790 2332 2857 2395 ἃς
2921 2332 3138 2402 ἐνήργει
3178 2330 3257 2392 είς
3300 2329 3459 2395 δόξαν

182 2418 292 2472 τοῦ
344 2418 576 2490 Πατρὸς,
624 2419 1019 2482 διεπετάννυεν,
1086 2419 1330 2483 ἐξαπλῶν
1362 2420 1531 2482 αὐτάς
1566 2418 1645 2487 τῷ
1682 2420 1826 2490 μόνῳ
1865 2418 2159 2472 θεάσασθαι
2198 2419 2367 2482 αὐτὰς
2412 2419 2712 2491 δυναμένῳ·
2753 2422 2889 2475 ἀλλά
2934 2424 3027 2475 καὶ
3074 2424 3131 2475 ἐν
3172 2424 3290 2485 ταῖς
3334 2439 3459 2474 συν-

183 2511 381 2582 εχέσιν
403 2512 585 2581 εὐχαῖς
610 2512 665 2565 έν
710 2529 769 2565 τε
816 2511 893 2582 τῷ
926 2512 1087 2565 πάθει
1115 2513 1213 2576 τὰς
1248 2516 1436 2585 χεῖρας
1459 2513 1779 2567 διεπέτασεν
1819 2515 1961 2585 ὑπὲρ
1986 2512 2080 2566 τοῦ
2104 2513 2334 2585 κόσμου,
2357 2507 2418 2567 οὗ
2446 2514 2693 2587 περιῄρει
2723 2516 2822 2588 τὴν
2876 2516 3168 2589 ἁμαρτίαν,
3198 2516 3288 2569 τὸν
3349 2515 3456 2569 Πα-

181 2603 335 2675 τέρα
366 2603 735 2675 ἱλασκόμενος.

267 2718 404 2771 Τίνα
431 2718 486 2771 δέ
514 2715 581 2790 ἦν
607 2718 749 2791 ἅπερ
778 2719 875 2783 τάς
902 2723 1089 2792 χεῖρας
1114 2720 1361 2786 ἐξαπλῶν
1386 2721 1523 2793 πρὸς
1546 2722 1636 2777 τὸν
1665 2722 1781 2775 Πα-

183 2807 338 2878 τέρα
388 2807 745 2879 προσηύχετο,
783 2810 875 2861 καὶ
905 2811 1024 2862 κατ’
1058 2809 1269 2882 ἐκείνην
1306 2812 1404 2881 τὴν
1454 2811 1783 2882 δηλουμένην

188 2899 418 2970 ἡμέραν
466 2901 614 2971 αὑτῴ
664 2901 799 2971 πρὸς
852 2901 942 2954 τὸν
992 2902 1208 2973 Πατέρα
1260 2902 1423 2956 αὐτοῦ
1460 2903 1780 2975 βεὸοημένα,

192 2990 412 3063 προῖὼν
442 2993 681 3048 διδάσκει
719 2996 776 3046 ἐν
803 2992 1033 3058 τούτοις·
1071 2994 1166 3063 Μὴ
1199 2995 1325 3060 τοῖς
1350 2996 1583 3064 νεκροῖς
1614 2995 1785 3066 ποιή-

1949 2719 2208 2786 Οιιιρηαιη
2244 2728 2428 2775 autem
2463 2719 2722 2789 expansis
2754 2718 3009 2773 manibus
3043 2716 3257 2772 Patrem
3292 2732 3454 2787 roga-

1878 2812 2038 2875 verit,
2084 2820 2137 2867 et
2180 2827 2427 2881 quamam
2474 2818 2773 2865 memorata
2805 2810 2893 2864 die
2922 2810 2990 2863 ad
3024 2809 3237 2863 Patrem
3289 2824 3449 2864 eumn

1878 2903 2216 2966 clamaverit,
2242 2904 2359 2972 ipse
2376 2917 2499 2956 mox
2524 2903 2699 2971 aperit
2728 2902 2917 2956 dic-ens
2950 2898 3224 2955 ε-νειε.
3256 2900 3448 2953 1145.

1882 2991 2135 3063 Nunquid
2172 2992 2395 3046 mortuis
2417 2991 2575 3059 [acies
2599 2990 2885 3050 mirabilia,
2913 2998 3004 3042 aut
3023 2987 3209 3041 medici
3225 2988 3449 3041 suscita-

188 3101 337 3150 σεις
361 3084 679 3154 θαυμάσια,
732 3084 770 3153 ἢ
814 3086 996 3154 ἰατροὶ
1047 3086 1469 3153 ἁναστήσουσι
1511 3086 1609 3140 καὶ
1647 3087 1779 3149 ἐξο-

1882 3080 2030 3142 bunt,
2081 3092 2131 3135 et
2195 3080 2581 3149 conﬁtebuntur
2623 3080 2761 3135 tibi?
2814 3079 3145 3148 Diapsalma.
3193 3076 3447 3147 Nunquid

181 3174 651 3245 μολογήσονταί
676 3192 807 3240 σοι;
838 3177 1168 3248 Mdg-adjici.
1193 3178 1290 3246 Μὴ
1307 3178 1663 3248 διηγήσεταί
1691 3196 1780 3245 τις

186 3269 269 3323 ἐν
303 3268 468 3337 τάφῳ
495 3268 561 3322 τὸ
600 3269 774 3336 ἔλεός
814 3285 930 3325 σου
970 3269 1067 3324 καὶ
1114 3271 1227 3339 τὴν
1269 3271 1557 3339 ἀλήθειαν
1594 3273 1664 3325 ἐν
1704 3270 1778 3341 τῇ

184 3360 499 3427 dxi-uela;
546 3364 604 3415 Μ
609 3359 641 3428 ὴ
672 3361 1079 3431 γνωσθήσεται
1111 3361 1180 3415 ἐν
1202 3360 1282 3428 τῷ
1302 3363 1503 3415 σκότει
1531 3363 1602 3416 τὰ
1635 3365 1775 3416 θαυ-

178 3450 384 3521 μάσιὰ
425 3468 561 3516 σου,
608 3454 706 3506 καὶ
743 3455 780 3522 ὴ
827 3453 1177 3521 δικαιοσύνη
1217 3470 1331 3508 σου
1374 3454 1444 3507 ἐν
1480 3453 1557 3524 γῇ
1581 3455 1777 3508 ἐπιλε-

187 3541 473 3612 λησμένῃ
497 3558 517 3607 ;
557 3544 701 3595 Ἀντὶ
720 3543 835 3609 τοῦ,
863 3543 959 3612 Μὴ
982 3545 1051 3596 ἐν
1077 3544 1313 3612 νεκροῖς
1339 3544 1609 3612 ποιήσεις
1636 3547 1775 3599 θαυ-

181 3631 417 3702 μάσιαξ
462 3635 625 3703 φησὶν
661 3635 690 3686 ό
719 3634 1031 3705 Σύμμαχος,
1062 3630 1214 3702 ’Λρα
1240 3634 1474 3703 νεκροῖς
1504 3636 1776 3702 ποιήσεις

189 3723 511 3791 τεράστια;
558 3726 669 3777 Καὶ
701 3726 767 3779 δι’
804 3726 940 3779 ὅλων
982 3726 1091 3779 τῶν
1131 3723 1277 3797 ἑξῆς,
1321 3728 1378 3779 ἐν
1422 3721 1503 3791 οἷς
1536 3727 1772 3796 λέγεται,

187 3816 295 3883 Μὴ
322 3815 673 3885 διηγήσεταί
708 3835 798 3883 τις
827 3817 896 3870 ἐν
928 3817 1126 3888 scisso);
1160 3820 1252 3872 καὶ
1275 3819 1454 3883 πάλιν,
1492 3819 1586 3888 Μὴ
1626 3838 1775 3890 τνω-

185 3906 483 3973 σθήσεται
509 3908 578 3960 ἐν
605 3907 682 3973 τῷ
705 3911 938 3972 σκότειξ
970 3912 999 3963 ό
1036 3910 1348 3981 Σύμμαχος,
1388 3913 1463 3966 ’Ἡ
1498 3910 1775 3981 διηγήσε-

172 4009 310 4062 ται,
344 3998 384 4067 ἢ
433 3999 887 4068 τνωσθήσεται;
937 4000 1217 4066 ἐξέδωκεν.
1255 4003 1329 4055 Οὐ
1353 4002 1461 4075 γάρ
1506 4004 1776 4073 ἀπογινώ-

190 4107 344 4143 σκων
366 4091 434 4145 τὰ
463 4091 748 4163 λεγόμενα,
784 4092 985 4156 ταύτας
1010 4094 1274 4165 προέφερε
1308 4094 1403 4157 τὰς
1426 4096 1628 4163 φωνάς,
1653 4098 1773 4149 κατ’

187 4181 410 4252 ἐκείνην
434 4181 533 4253 τὴν
560 4182 768 4254 ἡμέραν
790 4181 988 4253 δηλαδὴ
1008 4182 1105 4253 τὴν
1134 4181 1228 4234 τοῦ
1255 4182 1478 4246 πάθους·
1502 4182 1579 4253 τῷ
1600 4183 1773 4253 Πατρὶ

186 4275 249 4329 δὲ
275 4274 421 4345 μόνῳ
448 4274 665 4329 δύναται
691 4271 828 4328 εἶναι
854 4276 1024 4330 ταῦτα
1052 4276 1435 4346 πεπεισμένος,
1467 4275 1565 4338 τάς
1593 4276 1773 4338 αἰτίας

184 4366 293 4437 τῆς
321 4365 401 4426 εἰς
425 4363 651 4417 θάνατον
674 4364 839 4417 αὐτοῦ
868 4365 1110 4417 ἐδίδασκε
1138 4364 1366 4418 καθόδου
1401 4364 1594 4433 λέγων·
1630 4360 1772 4431 Ἆρα

1880 3175 2120 3228 narrabit
2150 3174 2347 3243 aliquis
2374 3174 2430 3226 in
2460 3178 2700 3244 sepulcro
2728 3170 3145 3225 misericordiam
3190 3179 3355 3234 tuam,
3397 3179 3448 3225 et

1879 3267 2149 3320 ueritatem
2183 3277 2327 3319 tuam
2350 3266 2407 3319 in
2431 3265 2757 3334 perditione?
2801 3262 3053 3334 Nunquid
3074 3271 3450 3333 cognoscentur

1878 3358 1932 3409 in
1963 3356 2185 3409 tenebris
2212 3355 2479 3409 mirabilia
2503 3364 2610 3417 tua,
2636 3365 2684 3409 et
2711 3354 2926 3423 justitia
2953 3362 3044 3407 tua
3073 3355 3126 3406 in
3149 3362 3290 3406 terra
3315 3351 3450 3405 obti-

1877 3449 2088 3505 vionis?
2116 3448 2224 3503 Pro
2257 3450 2370 3514 illo,
2407 3448 2658 3519 Nunquid
2696 3449 2913 3500 mortuis
2947 3448 3107 3516 [acies
3133 3444 3401 3515 mirabilia
3421 3446 3453 3502 Ρ

1880 3541 2241 3613 Symmachus
2286 3541 2384 3605 ait,
2418 3541 2498 3594 An
2532 3542 2753 3594 mortuis
2782 3540 2945 3610 facies
2966 3540 3259 3609 prodigia?
3285 3548 3339 3593 et
3388 3539 3445 3591 in

1876 3633 2233 3703 sequentibus
2263 3633 2575 3700 ubicunque
2611 3632 2842 3693 dicitur,
2888 3630 3144 3701 Nunquid
3200 3632 3443 3684 narrabit
3487 3691 3489 3695 η

1877 3727 2067 3796 aliquis
2112 3727 2167 3780 in
2214 3726 2494 3795 sepulcro?
2545 3740 2609 3779 ac
2659 3740 2901 3788 rursum,
2957 3722 3213 3794 Nunquid
3253 3740 3448 3793 cogno-

1875 3827 2086 3872 scentur
2115 3819 2170 3871 in
2228 3818 2490 3872 tenebris?
2534 3815 2917 3888 Symmachus,
2960 3817 3041 3870 An
3072 3815 3340 3880 narrabit,
3372 3830 3445 3869 an

1875 3912 2289 3980 cognoscentur?
2306 3908 2494 3963 edidit.
2514 3908 2631 3963 Non
2650 3910 2794 3964 enim
2812 3909 2956 3979 quod
2988 3908 3099 3962 haec
3134 3907 3246 3963 ﬁeri
3280 3921 3444 3978 posse

1874 3998 2210 4067 desperaret,
2259 3998 2333 4052 ita
2380 3999 2595 4052 locutus
2649 4006 2753 4061 est,
2807 3999 2859 4052 in
2912 3998 3002 4052 illa
3060 3998 3269 4053 scilicet
3316 4013 3441 4068 pas-

1874 4091 2046 4145 sionis
2075 4106 2187 4145 sua:
2214 4091 2339 4157 die;
2371 4090 2464 4145 sed
2499 4106 2528 4143 a
2563 4090 2723 4146 Patre
2766 4092 2882 4147 solo
2904 4091 3031 4145 talia
3058 4090 3240 4161 perﬁci
3277 4105 3441 4159 posse

1873 4195 2191 4248 persuasum
2220 4182 2447 4242 habens.
2477 4182 2560 4237 sui
2591 4182 2657 4236 ad
2695 4191 2920 4237 mortem
2964 4183 3263 4238 descensus
3305 4197 3438 4236 cau-

1873 4286 1989 4325 sam
2032 4272 2105 4325 ita
2160 4280 2382 4327 narrat:
2414 4272 2495 4325 An
2538 4275 2759 4329 mortuis
2810 4273 2971 4338 facies
3023 4273 3308 4343 prodigia?
3354 4274 3437 4327 An

1874 4363 2000 4416 talia
2029 4370 2082 4417 et
2119 4363 2247 4416 talia
2292 4365 2568 4432 pati-abis?
2618 4365 2803 4435 Neque
2855 4366 2999 4421 enim
3055 4381 3142 4420 me
3193 4381 3439 4435 eousque

185 4458 428 4527 νεκροῖς
482 4457 754 4526 ποιήσεις
832 4459 1153 4528 τεράστια;
1228 4461 1298 4512 Ἢ
1338 4459 1463 4512 τάδε
1492 4499 1506 4522 ,
1552 4459 1584 4530 ἢ
1640 4458 1767 4511 τάδε

1881 4458 2139 4524 ievenire,
2164 4474 2197 4513 ο
2228 4457 2406 4524 Pater,
2437 4475 2502 4513 ac
2558 4461 2612 4514 in
2666 4470 2837 4515 morte
2873 4467 2926 4515 et
2974 4460 3027 4513 in
3068 4463 3190 4514 lacu
3249 4459 3438 4513 inﬁmo

188 4553 477 4622 ποιήσεις
541 4552 615 4604 Οὐ
675 4552 784 4622 γάρ
842 4553 907 4605 ἂν
954 4552 1128 4614 ἄλλως
1188 4549 1475 4621 ἠθέλησας,
1541 4544 1586 4603 ὦ
1650 4551 1764 4605 Πά-

183 4660 309 4714 τερ,
339 4643 498 4716 μέχρι
528 4643 713 4696 τούτου
748 4660 811 4714 με
848 4643 1149 4714 προελθεῖν,
1182 4644 1275 4695 καὶ
1300 4644 1356 4695 ἐν
1384 4643 1595 4714 θανάτῳ
1616 4644 1766 4714 γενέ-

191 4736 343 4799 σθαι,
385 4737 479 4789 καὶ
507 4738 565 4789 ἐν
589 4735 666 4806 τῷ
697 4735 882 4805 λάκκῳ
916 4735 993 4807 τῷ
1022 4735 1337 4805 κατωτάτῳ,
1368 4736 1414 4787 εί
1446 4735 1520 4806 μὴ
1548 4736 1763 4799 πάντως

188 4844 297 4878 που
318 4826 410 4879 καὶ
436 4827 492 4877 ἐν
510 4828 618 4889 τοῖς
640 4828 851 4896 νεκροῖς
872 4824 1144 4894 θαυμάσια
1168 4825 1421 4895 παρέχειν
1447 4825 1759 4896 ἐϐουλήθης,

190 4918 260 4970 ἶν’
308 4919 451 4989 ἅπερ
502 4919 576 4990 μὴ
629 4918 879 4972 δύνανται
929 4917 1122 4990 ἰατροὶ,
1171 4917 1347 4971 ταῦτα
1375 4921 1407 4989 ἡ
1440 4919 1506 4989 σὴ
1539 4919 1767 4989 δύναμις

188 5010 620 5081 κατεργάσηται·
668 5011 960 5081 τουτέστιν,
1012 5010 1158 5073 ὅπως
1191 5011 1239 5062 οἱ
1289 5012 1344 5061 ἐν
1378 5009 1590 5080 θανάτῳ
1617 5011 1767 5077 γενό-

188 5118 366 5172 μενοι,
402 5102 748 5167 ἀναστάντες,
781 5100 1257 5173 ἐξομολογήσονταί
1286 5118 1387 5154 σοι.
1436 5101 1511 5153 Οὐ
1544 5101 1652 5172 γὰρ
1687 5103 1766 5154 ἱα-

188 5193 339 5265 τρῶν
367 5189 435 5264 ἦν
478 5193 647 5248 ταῦτα
671 5195 930 5249 δύνασθαι
956 5195 1216 5264 ἐνεργεῖν,
1247 5191 1383 5245 ἀλλά
1418 5192 1517 5259 τῆς
1546 5192 1645 5262 σῆς
1680 5194 1766 5245 ὲν-

184 5285 315 5340 θέου
353 5287 764 5358 μεγαλουργίας.
813 5287 939 5359 ’Ἆρ’
967 5282 1059 5339 οὖν
1089 5285 1175 5338 διὰ
1205 5284 1377 5337 ταῦτα
1412 5284 1660 5337 ὑπελθεῖν
1696 5302 1763 5356 με

187 5377 283 5430 τὸν
333 5377 558 5431 θάνατον
608 5377 922 5451 ἐϐουλήθης,
965 5378 1030 5430 ἵν’
1082 5377 1143 5429 ἐν
1195 5376 1295 5446 μὲν
1340 5377 1453 5438 τοῖς
1478 5376 1670 5443 τάφοις
1703 5375 1763 5427 τὸ

187 5467 338 5532 ἔλεός
370 5484 461 5521 σου
497 5467 748 5541 διηγηθῇ,
798 5471 853 5524 ἐν
899 5469 953 5523 δὲ
981 5471 1046 5542 τῇ
1080 5466 1322 5540 ἀπωλείᾳ
1354 5469 1384 5540 ἡ
1416 5466 1640 5538 ἀλήθειά
1670 5484 1760 5522 σου

265 5719 314 5756 ³³
357 5724 370 5778 Ι
409 5722 532 5777 Cur.
571 5738 681 5787 xu,
719 5723 806 5777 9.7.

1870 4548 2063 4619 deponi
2090 4548 2378 4610 voluisses,
2413 4550 2517 4603 nisi
2570 4550 2733 4603 etiam
2786 4549 2841 4601 in
2893 4550 3125 4604 mortuis
3167 4550 3435 4603 mirabilia

1870 4641 2125 4696 exhibere
2157 4641 2213 4694 in
2247 4642 2427 4694 animo
2456 4642 2612 4711 plane
2641 4642 2964 4704 habuisses;
2998 4650 3054 4694 ut
3082 4656 3204 4710 quae
3236 4639 3433 4694 medici

1868 4748 1978 4785 non
2010 4732 2208 4793 valent,
2235 4737 2471 4800 potestas
2517 4740 2611 4784 tua
2640 4741 2989 4801 operaretur;
3027 4732 3077 4785 id
3107 4738 3211 4792 est.
3243 4719 3314 4783 ut'
3339 4731 3432 4799 qui

1870 4825 1926 4879 in
1972 4832 2148 4879 morte
2197 4825 2357 4894 positi
2405 4834 2592 4887 erant,
2640 4832 2987 4895 resurgentes
3044 4823 3437 4878 conﬁterentur

1868 4918 1986 4971 tibi.
2022 4916 2140 4971 Non
2170 4919 2312 4972 enim
2344 4916 2677 4971 medicorum
2701 4926 2783 4972 est
2806 4917 2917 4971 hmo
2941 4916 3194 4981 facultas,
3226 4914 3320 4969 sed
3348 4914 3434 4967 di-

1867 5009 2007 5063 vinae
2033 5007 2445 5077 magniﬁcentiae
2478 5015 2601 5063 tua).
2660 5007 2826 5079 Igitur
2882 5023 2969 5063 me
3025 5014 3256 5061 mortem
3311 5005 3431 5059 ideo

1869 5099 2053 5154 subire
2099 5097 2349 5161 voluisti,
2396 5105 2456 5151 ut
2506 5098 2560 5151 in
2615 5097 2884 5167 sepulcris
2928 5095 3303 5152 misericordia
3338 5103 3430 5147 tua

1848 5196 2206 5253 narraretur,
2232 5197 2286 5243 et
2339 5189 2394 5243 in
2446 5190 2748 5259 perditione
2778 5189 2981 5244 veritas
3016 5196 3105 5241 tua
3134 5200 3432 5257 cognosco-

1869 5288 2045 5346 retur,
2089 5279 2407 5334 intenebris
2446 5279 2713 5333 mirabilia
2740 5286 2832 5332 tua
2873 5278 3334 5348 prmdicarentur,
3374 5274 3429 5327 in

1868 5380 2013 5425 terra
2074 5370 2365 5424 oblivionis
2402 5369 2616 5438 justitia
2673 5377 2765 5423 tua
2812 5376 3230 5423 memoraretur.
3275 5362 3429 5429 Quod

1869 5466 1913 5520 si
1958 5463 2079 5535 quis
2108 5462 2345 5518 animum
2378 5464 2629 5518 adhibeat
2658 5462 2755 5530 iis,
2798 5479 2920 5534 qua:
2967 5469 3157 5518 nostro
3188 5468 3431 5528 tempore
