3974 6516
572 279 713 333 1063

1202 275 1473 331 EUSEBII
1507 272 1985 330 CxESARlENSIS
2021 273 2171 329 OPl’.
2211 273 2393 329 PARS
2428 263 2626 329 IlI/:4
2658 262 3062 329 EXEGETICA;

3666 275 3794 330 106$

565 394 634 448 ad
678 392 985 461 sepulcrum
1027 400 1080 445 et
1127 390 1201 460 (l)
1238 392 1555 461 martyrium
1605 390 1906 444 Salvatoris
1962 392 2131 443 nostri

2240 390 2487 461 γνωσθῇ·
2536 393 2593 443 ἐν
2617 391 2672 443 δὲ
2702 391 2778 462 τῷ
2808 392 2987 445 σκότει
3012 392 3078 445 τά
3104 392 3380 463 θαυμάσιά
3407 409 3502 446 σου
3533 397 3795 467 apum,

565 494 779 555 patrata
810 491 958 543 sunt,
983 482 1344 546 mirabilibus,
1379 484 1424 537 is
1465 498 1595 537 sane
1633 479 1997 552 deprehendet
2027 495 2135 550 quo

564 584 726 648 pacto
771 592 833 631 ea
886 592 1004 645 qua:
1038 576 1392 644 praenuntiata
1444 574 1658 629 fuerant
1685 589 1846 644 opere
1869 573 2135 641 completa

564 669 696 722 sint.
731 652 1112 722 Animadverte
1142 682 1304 737 porro
1330 674 1460 736 quot
1482 666 1711 721 diversis
1742 665 1917 719 modis
1938 664 2026 718 hic
2051 679 2136 718 re-

565 757 779 825 gionem
814 737 1007 811 mortis
1028 756 1278 825 explicet.
1307 755 1440 809 Nam
1472 757 1647 824 primo
1673 763 1917 810 mortuos
1944 762 2133 819 vocat;

563 845 828 909 secundo,
855 846 946 916 qui
978 846 1227 899 habitant
1259 845 1315 898 in
1351 845 1640 913 Sepulcro;
1674 844 1857 907 tertio,
1886 844 1978 913 qui
2008 852 2137 898 sunt

498 934 499 937 “
564 938 620 991 ἰη
650 939 985 1007 perditione;
1041 946 1271 1007 quarto,
1303 937 1395 1005 qui
1435 936 1491 989 in
1527 936 1766 990 tenebris
1804 943 2132 1000 versantur;

563 1030 774 1099 quinto.
796 1030 886 1098 qui
914 1036 1041 1082 sunt
1066 1029 1122 1082 in
1154 1037 1297 1089 terra
1316 1025 1767 1083 oblivionis.Htcc
1793 1027 1991 1097 quippe
2019 1042 2136 1079 om-

563 1136 657 1175 nza
702 1120 769 1175 de
820 1119 1011 1176 iisdem
1044 1120 1324 1186 enuntiat;
1366 1120 1520 1189 queis
1547 1118 1828 1172 hominum
1860 1134 2049 1172 amans
2080 1125 2133 1171 et

564 1213 831 1283 benignus
888 1212 1025 1267 Deus
1075 1212 1342 1267 mirabilia
1376 1211 1717 1267 exbibiturus
1739 1210 1858 1264 erat
1882 1227 1896 1263 :
1917 1210 1952 1263 ii
1982 1210 2134 1264 vide-

566 1304 693 1358 licet
727 1302 1176 1369 misericordiam,
1203 1303 1482 1356 veritatem
1512 1310 1564 1357 et
1590 1302 1859 1371 justitiam
1885 1300 1978 1355 Dei
2004 1316 2135 1354 nar-

568 1395 783 1449 rabunt.
817 1386 1173 1460 Qua'ralione
1202 1402 1381 1447 autem
1430 1393 1544 1448 haec
1584 1393 1832 1448 videlicet
1862 1392 2132 1446 mirabilia

563 1484 682 1550 Dei,
716 1486 1090 1541 misericordia
1111 1525 1126 1546 ,
1176 1486 1480 1541 veritas‘et
1512 1484 1722 1555 justitia
1755 1485 1874 1553 ejus
1909 1482 1975 1536 ad
2009 1484 2131 1539 illos

564 1578 695 1631 olim
730 1587 976 1632 mortuos
1002 1617 1016 1633 .
1050 1577 1117 1631 ad
1169 1579 1416 1648 sepulcra
1442 1617 1457 1641 ,
1512 1576 1580 1631 ad
1612 1577 1969 1646 perditionem
1993 1616 2008 1640 ,
2061 1577 2129 1630 ad

562 1671 818 1725 tenebras
838 1682 892 1724 et
920 1671 984 1725 ad
1017 1680 1215 1725 terram
1244 1670 1537 1725 oblivionis
1572 1670 1949 1740 pervenerint,
1986 1668 2129 1725 scire

2238 482 2295 534 ἐν
2316 499 2375 535 τε
2407 486 2472 552 τῇ
2505 483 2898 553 ἐπιλελησμένῃ
2928 485 2998 554 γῇ
3030 484 3064 553 ἡ
3108 483 3419 553 δικαιοσύνη
3458 500 3553 535 σου
3597 503 3797 555 μνημο-

2234 573 2418 643 νευθῇ.
2448 574 2509 626 El
2553 572 2610 625 δέ
2634 590 2715 635 τις
2748 573 2839 626 τὸν
2878 572 3002 626 νοῦν
3032 576 3339 645 ἐπιστήσειε
3366 578 3482 638 τοῖς
3506 576 3633 627 καθ’
3662 577 3799 645 ἡμᾶς

2240 665 2381 735 ἀμφὶ
2406 666 2466 718 τὸ
2485 666 2689 735 μνῆμα,
2723 666 2813 718 καὶ
2839 663 2898 718 τὺ
2931 664 3226 737 μαρτύριον
3252 665 3346 718 τοῦ
3375 666 3633 737 Σωτῆρος
3651 668 3801 737 ἡμῶν

2236 753 2621 806 ἐπιτελεσθεῖσι
2663 753 3000 823 θαυμασίοις,
3031 754 3243 824 ἀληθῶς
3286 756 3491 808 εἴσεται
3532 756 3686 818 ὅπως
3712 774 3801 811 πε-

2237 845 2515 916 πλήρωται
2544 846 2723 917 ἔργοις
2750 846 2819 898 τὰ
2845 845 3262 915 τεθεσπισμένα.
3306 847 3415 899 Θέα
3447 848 3507 900 δὲ
3552 846 3647 901 διὰ
3689 850 3801 901 τού-

2234 956 2340 991 των
2372 939 2521 1000 ὅπως
2548 937 2645 1007 τὴν
2682 936 2739 988 ἐν
2765 936 2843 1006 τῷ
2881 934 3096 1006 θανάτῳ
3127 936 3309 1007 χώραν
3338 937 3617 1008 διαφόρως
3646 940 3802 1010 ἑρμη-

2234 1028 2395 1081 νεύει.
2412 1027 2633 1099 Πρῶτον
2653 1027 2749 1098 μὲν
2771 1028 2995 1099 νεκροὺς
3018 1027 3202 1095 σαφῶς
3217 1029 3531 1091 ἀποκαλῶν,
3560 1030 3805 1101 δεύτερον

2233 1121 2359 1184 τοὺς
2386 1122 2444 1173 ἐν
2469 1120 2643 1191 τάφῳ,
2664 1119 2846 1190 τρίτον
2876 1120 3002 1182 τοὺς
3027 1121 3083 1172 ἐν
3106 1119 3369 1190 ἀπωλείᾳ,
3396 1121 3667 1191 τέταρτον
3690 1124 3803 1186 τοὺς

2234 1214 2291 1265 ἐν
2339 1210 2548 1281 σκότῳ,
2600 1211 2845 1280 πέμπτον
2894 1211 3019 1273 τοὺς
3059 1212 3117 1263 ἐν
3163 1213 3225 1281 τῇ
3273 1212 3683 1284 ἐπιλελησμένῃ
3718 1217 3799 1283 γῇ.

2232 1302 2417 1355 Ταῦτα
2447 1303 2554 1373 γὰρ
2588 1303 2763 1356 πάντα
2792 1302 2920 1373 περὶ
2955 1302 3064 1355 τῶν
3108 1303 3290 1355 αὐτῶν
3339 1303 3706 1373 διεξέρχεται,
3732 1300 3805 1367 οἷς

2231 1394 2459 1466 ἤμελλεν
2486 1398 2513 1448 ὁ
2541 1394 2913 1466 φιλάνθρωπος
2934 1396 3027 1447 καὶ
3057 1395 3257 1462 ἀγαθὸς
3280 1396 3413 1459 Θεὸς
3438 1396 3723 1449 δεικνύναι
3749 1413 3803 1448 τε

2232 1488 2326 1540 καὶ
2353 1488 2608 1559 παρέχειν
2641 1488 2913 1558 θαυμάσια
2934 1503 2947 1517 ·
2996 1488 3058 1540 τὺ
3092 1488 3236 1551 ἕλεος
3264 1488 3429 1541 αὑτοῦ
3471 1488 3684 1559 δηλαδὴ
3716 1491 3803 1541 καὶ

2230 1579 2327 1649 τὴν
2372 1578 2627 1649 ἀλήθειαν
2670 1581 2764 1633 καὶ
2797 1579 2895 1650 τὴν
2941 1578 3399 1648 δικαιοσύνηντοῦ
3441 1579 3586 1632 Θεοῦ
3617 1578 3802 1648 διηγή-

2233 1689 2433 1725 σονται.
2474 1673 2625 1725 Ἐστι
2647 1672 2703 1725 δὲ
2733 1671 3024 1740 ἐπιγνῶναι
3050 1673 3197 1735 ὅπως
3217 1671 3394 1724 πάντα
3423 1670 3637 1733 ταῦτα,
3672 1670 3804 1737 λέγω

566 1761 774 1827 licebit,
801 1762 847 1817 si
879 1763 1178 1833 cogitemus
1222 1770 1355 1833 quot
1408 1762 1673 1818 bonorum
1706 1762 1865 1816 nobis
1893 1762 2021 1816 olim
2074 1762 2129 1815 in

2240 1763 2286 1815 δὲ
2312 1763 2381 1816 τὰ
2411 1762 2686 1834 θαυμάσια
2728 1763 2823 1816 τοῦ
2855 1762 2990 1816 Θεοῦ
3032 1764 3124 1816 καὶ
3155 1762 3214 1816 τὸ
3248 1762 3394 1825 ἔλεος
3424 1760 3624 1824 αὑτοῦ,
3655 1761 3746 1813 καὶ
3770 1761 3803 1828 η

566 1862 744 1909 morte
776 1853 1143 1915 versantibus,
1179 1862 1368 1909 auctor
1399 1851 1562 1907 fuerit
1601 1851 1848 1907 Salvator
1873 1862 1927 1908 et
1957 1852 2133 1907 Domi-

565 1960 671 2001 nus
698 1952 900 2008 noster,
926 1960 1154 2015 quorum
1187 1946 1358 2015 gratia
1396 1945 1452 1999 in
1478 1944 1567 1998 illa
1595 1946 1713 1999 loca
1741 1943 2041 2007 descendit,
2074 1951 2135 1997 ut

565 2052 676 2091 non
722 2037 861 2091 vivis
892 2036 1075 2101 modo,
1124 2038 1217 2091 sed
1252 2037 1414 2092 etiam
1448 2037 1678 2092 mortuis
1711 2036 2085 2091 dominaretur
2115 2053 2131 2090 :

564 2144 692 2182 nam
728 2144 848 2197 qua:
877 2143 1040 2182 causa
1094 2126 1254 2181 fuerit
1284 2126 1582 2182 descensus
1610 2128 1730 2195 ejus
1780 2128 1835 2181 in
1868 2126 2132 2195 mortemf,

567 2219 655 2273 hic
686 2219 1027 2287 apertissime
1056 2218 1350 2273 declaravit
1378 2239 1390 2274 :
1426 2237 1544 2289 qua:
1570 2219 1869 2274 secundum
1898 2233 2132 2286 evange-

564 2309 722 2363 listas
760 2320 888 2362 tunc
922 2292 1140 2378 impleta
1191 2318 1337 2372 sunt,
1378 2326 1499 2363 cum
1546 2309 1711 2362 multa
1740 2322 1967 2377 corpora
1999 2323 2131 2363 san-

568 2408 812 2463 ctorum,
855 2401 947 2469 qui
996 2400 1367 2463 dormierant,
1432 2409 1874 2463 resurrexerunt,
1908 2406 1960 2455 et
2005 2414 2129 2454 cum

563 2491 686 2559 ipso
725 2488 1004 2545 Salvatore
1035 2491 1091 2545 in
1121 2499 1364 2547 sanctam
1398 2490 1491 2546 Dei
1520 2492 1794 2547 civitatem
1818 2530 1834 2557 ,
1886 2491 2136 2548 videlicet

564 2583 623 2637 in
649 2582 795 2636 illam
825 2583 1124 2645 caelestem,
1155 2584 1388 2653 ingressi
1422 2592 1570 2639 sunt.

2230 1855 2453 1925 ἀλήθεια
2482 1855 2668 1920 αὐτοῦ,
2705 1856 2797 1909 καὶ
2894 1855 3199 1927 δικαιοσύνη
3234 1853 3397 1908 αὖτοῦ
3441 1854 3692 1923 ἔφθασεν
3724 1854 3805 1905 ἐπὶ

2229 1946 2355 2009 τοὺς
2387 1946 2553 2000 πάλαι
2577 1949 2821 2018 νεκροὺς,
2866 1948 2962 2001 καὶ
2996 1949 3054 1999 ὲν
3082 1948 3290 2015 τάφοις,
3320 1946 3415 2000 καὶ
3446 1946 3508 1999 ἐν
3541 1945 3805 2015 ἀπωλείᾳ,

2233 2038 2326 2091 καὶ
2352 2040 2409 2091 ἐν
2444 2039 2637 2109 σκότῳ,
2669 2040 2760 2092 καὶ
2796 2040 2854 2091 ἐν
2878 2042 2947 2110 γῇ
2993 2039 3406 2109 ἐπιλελησμένη,
3448 2039 3503 2090 εί
3543 2039 3807 2108 νοήσομεν

2238 2130 2379 2184 ὅσων
2426 2130 2644 2199 ἀγαθῶν
2682 2131 2849 2195 αἴτιος
2891 2132 3110 2199 γέγονεν
3158 2131 3188 2183 ὁ
3228 2129 3417 2200 Σωτὴρ
3467 2129 3563 2181 καὶ
3615 2128 3806 2200 Κύριος

2240 2220 2394 2290 ήμῶν
2421 2222 2533 2283 τοῖς
2563 2220 2726 2272 πάλαι
2757 2221 2815 2272 ἐν
2838 2219 2916 2289 τῷ
2945 2218 3153 2289 θανάτῳ
3189 2218 3596 2289 γεγενημένοις,
3632 2218 3703 2270 δι’
3728 2216 3809 2278 ὠς

2238 2312 2332 2364 καὶ
2361 2313 2418 2363 ἐν
2452 2310 2677 2375 ἐκείνοις
2707 2310 3057 2382 κατεληλύθει
3106 2312 3215 2373 τοῖς
3245 2309 3449 2372 τόποις,
3483 2310 3573 2361 ἵνα
3614 2311 3695 2380 μὴ
3724 2308 3808 2378 μὸ-

2236 2420 2324 2456 νον
2365 2402 2599 2467 ζώντων,
2633 2404 2769 2458 ἀλλά
2806 2403 2899 2457 καὶ
2922 2402 3129 2474 νεκρῶν
3158 2401 3439 2473 κυριεύσῃ.
3477 2398 3561 2451 Ta
3590 2398 3707 2467 γὰρ
3734 2396 3808 2449 αἱ·

2235 2511 2337 2563 τια,
2371 2496 2470 2565 τῆς
2520 2495 2678 2567 μέχρι
2709 2495 2802 2549 τοῦ
2849 2496 3077 2551 θανάτου
3123 2494 3346 2565 καθόδου
3380 2490 3549 2546 αὑτοῦ
3593 2490 3689 2543 διὰ
3712 2487 3809 2540 τῶν

2237 2587 2609 2658 προκειμένων
2636 2587 2920 2658 τηλαυγῶς
2941 2588 3299 2658 παρέστησεν·
3335 2585 3479 2655 ἅπερ
3510 2580 3809 2653 ἐπληροῦτο

565 2674 704 2728 κατά
735 2676 860 2738 τοὺς
899 2675 1306 2743 εὐαγγελιστάς,
1340 2679 1430 2731 ὅτε
1478 2677 1648 2731 πολλά
1696 2677 1921 2748 σώματα
1965 2679 2379 2751 κεκοιμημένων
2420 2681 2604 2751 άγίων
2630 2682 2959 2753 ἠγέρθησαν,
3022 2682 3117 2737 καὶ
3154 2682 3250 2734 σὺν
3307 2679 3453 2751 αὐτῷ
3488 2678 3568 2749 τῷ
3604 2677 3809 2749 ἃυτῆρι

562 2767 811 2837 εἰσῆλθον
845 2772 922 2835 είς
954 2777 1051 2843 τὴν
1095 2771 1254 2839 ἁγίαν
1301 2771 1455 2824 πόλιν
1481 2770 1576 2823 τοῦ
1614 2770 1768 2833 Θεοῦ,
1810 2770 2010 2842 δηλαδὴ
2037 2770 2136 2841 τὴν
2171 2773 2504 2844 ἐπουράνιον.
3265 2800 3282 2814 ι

634 2864 800 2921 Vsus.
838 2868 922 2921 lt.
962 2866 1023 2919 Et
1065 2883 1157 2937 ego
1190 2867 1258 2919 ad
1296 2876 1343 2920 te
1387 2866 1642 2929 clamavi,
1673 2877 1721 2920 et
1768 2883 1920 2920 mane
1961 2867 2134 2921 oratio

2314 2869 2417 2923 Kal
2447 2868 2561 2939 ἐγὼ
2592 2870 2741 2939 πρὸς
2764 2870 2839 2923 σὲ
2866 2868 3147 2938 κέκραξα,
3176 2864 3352 2920 καὶτὸ
3368 2866 3523 2934 πρωῒ
3552 2866 3593 2931 ἡ
3626 2876 3805 2933 προσ-

566 2976 681 3013 mea
719 2961 992 3027 prteveniet
1043 2969 1110 3013 te.
1145 2958 1614 3025 Quemadmodum
1662 2958 1717 3011 in
1752 2958 1911 3013 titulo
1936 2958 2135 3028 psalmi

2240 2961 2386 3030 ευχή
2409 2980 2527 3031 μου
2551 2960 2878 3030 προρθάσει
2906 2976 2998 3015 σε.
3058 2962 3265 3029 Ὥσπερ
3301 2959 3358 3012 ἐν
3389 2956 3468 3028 τῷ
3500 2956 3590 3010 κα]
3617 2955 3806 3025 ψαλμῷ

567 3071 680 3121 xxi,
716 3056 808 3124 qui
843 3061 1027 3125 aperte
1056 3069 1120 3108 ex
1174 3067 1407 3122 persona
1440 3050 1740 3107 Salvatoris
1791 3054 1964 3109 nostri
2011 3069 2136 3123 pro-

2242 3052 2430 3121 σαφῶς
2463 3054 2528 3105 ἐκ
2570 3051 2857 3123 προσώπου
2903 3052 2996 3104 τοῦ
3044 3052 3291 3121 Σωτῆρος
3330 3048 3488 3118 ἡμῶν
3534 3049 3804 3117 εἰρημένῳ

568 3145 774 3207 fertur,
824 3146 1053 3206 dicitur,
1104 3143 1210 3196 Pro
1246 3145 1569 3211 susceptione
1594 3144 1888 3208 matutina,
1921 3160 2029 3215 quo
2062 3161 2136 3201 τοι

2240 3141 2379 3194 κατὰ
2397 3142 2494 3212 τὴν
2509 3141 2827 3213 προγραφὴν
2842 3142 3079 3206 λέλεκτο,
3105 3141 3281 3209 ’Υπὲρ
3298 3139 3409 3207 τῆς
3428 3138 3801 3207 ἀντιλήψεως

569 3237 837 3290 surrectio
876 3235 1177 3290 Salvatoris
1227 3236 1444 3297 nostri,
1504 3248 1627 3303 quae
1680 3251 1838 3291 mane
1871 3237 2137 3307 contigit,

566 3325 986 3389 subindicatur;
1036 3324 1270 3393 idipsum
1317 3323 1428 3391 jam
1477 3323 1563 3376 his
1614 3324 1907 3393 signiﬁcari
1966 3335 2137 3395 puto,

568 3412 728 3465 Mane
758 3414 929 3465 oratio
958 3429 1071 3464 mea
1105 3413 1378 3480 praeveniet
1417 3421 1507 3466 te:
1547 3428 1656 3481 quo
1681 3414 1974 3481 indicatur,
2014 3431 2140 3470 ora-

566 3508 770 3561 tionem
799 3503 1098 3559 Salvatoris
1129 3518 1235 3558 non
1284 3504 1392 3557 alio
1439 3511 1687 3574 tempore
1717 3505 1965 3559 elTectum
2009 3522 2143 3562 con-

567 3594 811 3651 secutam
844 3611 985 3656 esse.
1022 3596 1126 3649 nisi
1163 3596 1512 3650 illucescente
1542 3609 1738 3649 aurora
1774 3602 1828 3649 et
1859 3597 2141 3653 matutinis

570 3687 743 3751 horis,
775 3702 897 3741 cum
922 3688 1251 3742 resurrectio
1279 3696 1619 3741 mortuorum
1645 3684 1914 3741 accidisse
1946 3699 2139 3740 narra-

567 3788 679 3835 tur.
704 3778 884 3847 Quare
925 3794 1097 3849 neque
1130 3794 1385 3850 vespere,
1426 3793 1603 3849 neque
1643 3779 1910 3842 meridie,
1968 3794 2143 3849 neque

566 3874 676 3928 alio
704 3874 938 3944 quodam
976 3882 1237 3943 tempore,
1269 3875 1364 3928 sed
1416 3870 1614 3944 (Vens.
1647 3872 1739 3943 15)
1780 3887 1931 3929 mane
1971 3872 2141 3925 oratio

568 3983 683 4021 mea
711 3966 983 4034 prwveniet
1013 3975 1079 4019 te.
1126 3964 1347 4035 thuid,
1379 3964 1621 4027 Domine,
1668 3964 1875 4032 repellis
1908 3964 2143 4019 animum

568 4074 761 4119 meam,
795 4057 985 4110 avertis
1022 4056 1210 4124 faciem
1240 4066 1384 4108 tuam
1415 4074 1447 4109 a
1480 4058 1606 4111 me?
1637 4056 1698 4108 In
1724 4055 1980 4111 vicesimo
2007 4070 2145 4125 quo-

567 4163 677 4218 que
712 4127 896 4217 primo.
937 4146 1192 4201 dicebat:
1242 4146 1417 4209 Deus,
1466 4145 1609 4199 Deus
1640 4163 1806 4209 meus,
1840 4148 2034 4215 respice
2086 4146 2143 4200 iit

570 4252 673 4299 me,
703 4251 865 4308 quare
892 4251 973 4289 me
995 4234 1359 4304 dereliquisti?
1397 4234 1494 4288 Hic
1542 4243 1722 4289 autem
1753 4235 1905 4298 dicit,
1933 4232 2140 4304 utquid,

2239 3228 2349 3298 τῆς
2373 3231 2638 3299 ἑωθινῆς,
2684 3231 2778 3285 τοῦ
2811 3232 2967 3299 λόγου
2999 3233 3098 3303 τὴν
3131 3232 3423 3285 ἀνάστασιν
3471 3231 3569 3284 τοῦ
3624 3230 3799 3296 Euri}-

2244 3340 2335 3394 ρος
2376 3323 2530 3393 ἡμῶν
2564 3324 2930 3392 αἰνιττομένου
2972 3323 3112 3376 κατά
3148 3322 3243 3393 τὴν
3287 3321 3518 3392 ἑωθινὴν
3542 3322 3693 3392 ῶραν
3719 3338 3803 3387 γε·

2241 3412 2546 3485 γενημένην
2566 3429 2579 3443 ⁸
2612 3412 2754 3466 οὕτω
2783 3414 2876 3466 καὶ
2907 3411 3002 3466 νῦν
3035 3412 3231 3465 ταύτὸν
3266 3412 3629 3484 σημαίνεσθαι
3662 3408 3797 3478 ἠγοῦ-

2245 3518 2342 3573 μαι
2371 3502 2456 3555 διά
2484 3501 2696 3565 τούτου,
2738 3503 2891 3570 Ιιρωῒ
2919 3503 2957 3569 ἡ
2987 3500 3294 3570 προσευχὴ
3325 3518 3439 3565 μου
3468 3500 3797 3569 προρθὰσει

2240 3609 2335 3658 σε,
2381 3594 2664 3667 δηλοῦντος
2703 3595 2795 3647 τοῦ
2824 3594 3014 3663 λόγου,
3036 3595 3116 3648 ὅτι
3151 3592 3225 3664 μὴ
3258 3593 3399 3664 ἄλλῳ
3424 3592 3606 3664 καιρῷ
3624 3592 3690 3645 τά
3713 3592 3799 3659 τῆς

2243 3688 2548 3759 προσευχῆς
2570 3688 2662 3741 τοῦ
2698 3688 2944 3758 Σωτῆρος
2970 3689 3049 3749 εἰς
3074 3686 3207 3758 ἔργα
3242 3684 3437 3755 ἐχώρει
3466 3686 3501 3757 ἢ
3538 3686 3682 3738 κιτά
3710 3684 3797 3753 τὴν

2242 3780 2316 3833 ἔω
2333 3780 2499 3834 καὶτὸ
2517 3780 2678 3851 πρωῒ,
2707 3780 2795 3832 ὅτε
2828 3780 2921 3832 καὶ
2936 3779 3004 3832 τά
3019 3778 3117 3847 τῆς
3140 3780 3204 3831 ἐκ
3230 3777 3437 3847 νεκρῶν
3459 3778 3800 3836 ἀναστάσεως

2243 3865 2565 3935 γεγενῆσθαι
2596 3866 3028 3939 μεμαρτύρηται.
3070 3868 3147 3918 Δι’
3175 3866 3204 3918 δ
3244 3864 3364 3919 οὔτε
3394 3866 3661 3937 ἑσπέρας,
3688 3864 3798 3917 οὔτε

2246 3957 2607 4028 μεσημϐρίας,
2623 3957 2746 4010 οὔτε
2761 3958 2902 4028 ἄλλῳ
2913 3958 3017 4011 τινὶ
3037 3956 3231 4029 καιρῷ,
3246 3956 3379 4011 ἀλλά
3404 3954 3486 4021 τῷ
3510 3957 3680 4023 πρωΐ,
3710 3973 3800 4027 φη-

2244 4050 2348 4109 σὶν.
2380 4051 2419 4117 ἡ
2447 4050 2754 4120 προσευχὴ
2772 4065 2890 4119 μου
2911 4049 3349 4119 προφθάσεισε.
3393 4049 3591 4109 Ἰνατί,
3616 4050 3797 4116 Κύριε,

2243 4143 2502 4207 ἀπωθεῖς
2524 4142 2639 4209 τὴν
2661 4143 2871 4212 ψυχήν
2884 4162 3002 4213 μου
3022 4184 3036 4208 ,
3064 4142 3458 4212 ἀποστρέφεις
3493 4144 3561 4195 τὸ
3590 4145 3799 4212 πρόσω-

2244 4237 2363 4289 πόν
2396 4251 2511 4289 σου
2557 4235 2657 4289 ἀπ’
2696 4236 2876 4303 eam);
2930 4235 3039 4289 Kal.
3083 4237 3141 4288 ἐν
3172 4235 3250 4305 τῷ
3298 4234 3381 4288 κα⁹
3411 4235 3569 4303 ἔλεγε
3617 4234 3695 4299 τὺ,
3747 4233 3797 4284 '0

570 4325 957 4395 interrogando
976 4340 1082 4395 qua
1106 4324 1171 4379 de
1201 4339 1365 4379 causa
1400 4325 1693 4380 derelictus
1719 4340 1748 4378 a
1777 4324 1939 4379 Patre
1972 4326 2062 4389 sit,
2086 4332 2136 4379 et

2245 4326 2407 4393 Θεὸς,
2431 4330 2463 4379 ό
2486 4329 2630 4392 Θεός
2651 4344 2792 4395 μου,
2810 4327 3075 4394 πρόσχες
3090 4343 3207 4394 μοι,
3227 4326 3382 4379 ινατί
3421 4322 3797 4393 ἐγκατέλιπές

569 4430 742 4485 quare
771 4414 1120 4470 illeanimam
1158 4428 1317 4468 suam
1347 4414 1639 4484 repulerit;
1690 4422 1750 4469 ut
1799 4416 1845 4469 si
1894 4431 1994 4470 nos
2044 4415 2145 4469 ali-

570 4506 790 4576 quando
815 4507 965 4561 dubii
1003 4522 1310 4576 qumramtts
1351 4521 1522 4577 quare
1551 4507 1696 4563 Deus
1726 4506 1863 4561 Filio
1891 4522 1989 4564 suo
2033 4524 2143 4564 non

571 4599 835 4666 pepercit,
861 4598 953 4652 sed
995 4598 1217 4651 tradidit
1248 4613 1371 4653 eum
1396 4639 1414 4663 ,
1442 4599 1629 4654 volens
1660 4599 1938 4652 hominum
1970 4600 2145 4654 mani-

572 4690 676 4745 bus
700 4690 1004 4744 dedititium
1036 4705 1157 4746 esse
1187 4691 1263 4760 (td
1292 4692 1438 4745 enim
1496 4700 1615 4746 erat
1661 4707 1786 4746 eum
1834 4693 2144 4763 relinquere

571 4795 637 4833 ac
664 4781 974 4849 repellere);
1016 4782 1327 4837 ediscamus
1371 4782 1422 4835 id
1456 4782 1629 4838 nostri
1673 4785 1846 4852 gratia
1872 4784 2031 4852 plane
2070 4783 2145 4839 fa-

568 4877 743 4933 ctum,
780 4881 836 4924 ut
872 4871 1055 4925 docuit
1080 4873 1375 4942 Apostolus
1410 4874 1494 4928 his
1520 4874 1703 4928 verbis
1732 4893 1746 4928 :
1779 4873 1879 4929 Sed
1912 4892 2007 4944 pro
2047 4892 2143 4929 no-

570 4962 653 5015 bis
676 4963 967 5016 hominibus
996 4965 1069 5027 ”,
1090 4976 1150 5018 ut
1181 4966 1332 5019 ﬁeret
1348 4982 1522 5036 agnus
1540 4966 1633 5021 Dei
1657 4974 1711 5020 et
1730 4968 1846 5021 ovis
1864 4967 2141 5023 immolata

574 5067 678 5124 pro
722 5054 897 5107 salute
948 5054 1155 5109 mundi.
1209 5054 1574 5120 Quamobrem
1630 5057 1891 5126 propheta
1925 5072 2142 5127 quoque

568 5141 789 5197 dicebat
822 5161 835 5195 :
872 5140 938 5193 Et
968 5142 1223 5195 Dominus
1257 5145 1475 5197 tradidit
1506 5161 1625 5198 eum
1667 5147 1890 5213 peccatis
1920 5146 2138 5201 nostris.

642 5301 686 5334 9’
730 5297 887 5353 Rom.
920 5314 1039 5361 vm.
1073 5298 1162 5353 32.

624 5416 721 5485 Α)
773 5415 989 5469 Scilicet
1026 5413 1258 5468 ecclesia
1292 5413 1359 5467 ad
1389 5413 1696 5485 sepulcrum
1745 5411 1968 5485 Christi,
2008 5426 2129 5481 quae

574 5481 978 5541 ab'Athauasio
1015 5485 1069 5537 in
1105 5487 1330 5553 epistola
1370 5481 1562 5553 synodi
1602 5481 2127 5553 llierosulymitanae,

577 5573 627 5625 ιι.
665 5556 783 5616 199,
828 5554 1118 5627 μαρτύριον
1142 5544 1239 5606 τοῦ
1283 5544 2132 5627 Σωτῆρος,λῃιατιῃνὶιιῖίι-διιίοα-

578 5622 734 5684 toris.
775 5622 919 5693 apud
962 5622 1322 5678 Snzomeuum
1357 5622 1537 5675 autem
1569 5623 1673 5693 lib.
1704 5638 1762 5682 Il,
1797 5622 1961 5693 (3.27,
1992 5622 2146 5690 μέγα

579 5691 893 5759 μαρτύριον,
934 5713 1177 5759 umquam
1220 5696 1534 5757 martyrium
1574 5692 1788 5746 dicitur.
1838 5691 1959 5747 Ha‘c
1990 5708 2133 5745 anno

2240 4432 2317 4484 με
2331 4432 2349 4479 ;
2364 4414 2511 4484 λέγει
2538 4415 2593 4467 δὲ
2611 4416 2667 4467 ἐν
2682 4416 2911 4480 τούτοις,
2940 4417 3039 4469 ἵνα
3065 4417 3142 4477 τί,
3164 4413 3591 4487 ἐρωτηματικῶς
3613 4411 3798 4465 πυνθα-

2245 4507 2466 4577 νόμενος
2496 4508 2561 4560 δι’
2581 4510 2647 4579 ἣν
2680 4508 2856 4562 αἰτίαν
2892 4507 3373 4577 ἐγκαταλέλειπται
3419 4506 3527 4559 ὑπὸ
3567 4505 3660 4558 τοῦ
3694 4502 3795 4556 [Ια-

2245 4599 2389 4670 τρὸς,
2422 4598 2516 4652 καὶ
2555 4600 2694 4652 ἱνατί
2737 4596 2993 4654 ἀπώσατο
3037 4598 3199 4652 αὐτοῦ
3228 4599 3326 4670 τὴν
3377 4598 3592 4669 ψυχήν
3645 4596 3717 4658 ὡς
3741 4594 3795 4647 ἂν

2245 4690 2341 4743 καὶ
2365 4690 2546 4759 ἡμεῖς,
2575 4689 2629 4742 el
2659 4708 2793 4743 ποτε
2830 4691 3176 4762 διαποροῖμεν
3203 4690 3268 4742 δι’
3307 4692 3372 4761 ἣν
3404 4690 3582 4742 αἰτίαν
3618 4690 3648 4741 ὁ
3681 4686 3793 4745 Θεὸς

2243 4781 2337 4834 τοῦ
2370 4782 2497 4835 ἰδίου
2525 4781 2657 4834 Υἱοῦ
2695 4782 2794 4836 οὐκ
2829 4782 3103 4852 ἐφείσατο,
3140 4780 3273 4835 ἀλλά
3311 4781 3628 4851 παρέδωκεν
3654 4778 3791 4832 αὑτὸν

2246 4872 2477 4943 θελήσας
2511 4872 2820 4943 ὑποχείριον
2849 4872 3154 4944 ἀνθρώποις
3183 4870 3436 4941 γενέσθαι
3460 4886 3475 4900 δ
3522 4869 3681 4922 τοῦτο
3702 4866 3794 4937 γὰρ

2242 4959 2312 5034 ἦν
2340 4963 2401 5016 τὸ
2445 4962 2761 5017 καταλιπεῖν
2791 4964 2952 5017 αὐτὸν
2999 4965 3093 5017 καὶ
3138 4961 3492 5016 ἀπώσασθαι·
3529 4960 3795 5031 μανθάνοι-

2248 5070 2367 5125 μεν,
2427 5054 2509 5105 ὅτι
2556 5053 2713 5106 τοῦτο
2776 5055 2915 5125 ὑπὲρ
2960 5054 3116 5124 ἡμῶν
3166 5053 3407 5121 γέγονεν,
3462 5052 3539 5115 ὡς
3578 5048 3791 5109 ἐδίδαξεν

2242 5148 2272 5201 ὁ
2327 5145 2643 5199 Ἀτιόστολοε⁹
2689 5145 2891 5211 εἰπών·
2936 5144 3098 5199 Ἀλλ’
3140 5143 3290 5212 ὑπὲρ
3326 5141 3495 5211 ἡμῶν
3546 5140 3789 5197 πάντων,

2233 5412 2435 5486 ρΙιι-ἰειί
2459 5415 2566 5470 535
2590 5416 2837 5473 dedicata
2876 5423 2981 5478 est,
3011 5415 3155 5471 unde
3184 5414 3691 5486 tempuseditorum
3719 5409 3781 5486 ab

2236 5484 2471 5540 Eusebio
2497 5488 3014 5542 commentariorum
3053 5480 3311 5541 eruimus'
3333 5488 3383 5538 in
3413 5480 3780 5538 Prreliminari—

2237 5556 2532 5681 ξυεςὺριιξιά
2549 5558 2614 5611 de
2645 5575 2700 5613 re
2723 5568 2779 5614 et
2798 5558 2865 5614 de
2889 5558 3230 5611 mirabilibus
3260 5572 3322 5609 ea
3348 5557 3401 5609 iu
3430 5555 3652 5610 ecclesia
3676 5551 3778 5605 edi-

2267 5644 2351 5683 ISI
2401 5645 2414 5680 ι
2448 5645 2497 5682 vn
2540 5645 2580 5683 c.
