3974 6526
281 264 420 322 ίθϐΰ

1441 265 1945 328 COMMENTARIA
1972 265 2042 321 IN
2083 265 2423 322 PSAIMOS.

3387 268 3524 322 1066
3580 352 3582 354 γ

277 382 364 434 ἵνα
394 380 616 451 γένηται
660 381 830 451 ἀμνὸς
878 380 1012 434 Θεοῦ
1065 380 1157 433 καὶ
1207 379 1476 453 πρόδοτον
1530 379 1839 451 ἱερουργού-

1951 378 2019 432 Et
2045 379 2128 433 hic
2159 390 2377 448 peccata
2413 387 2596 432 nostra
2631 387 2829 448 portat,
2857 389 2907 433 et
2935 395 3030 449 pro
3057 378 3204 434 nobis
3236 383 3527 440 cruciatur.

277 489 436 543 μενον
469 473 614 544 ὑπὲρ
653 473 752 544 τῆς
784 473 877 526 τοῦ
927 473 1133 543 κόσμου
1169 476 1463 543 σωτηρίας.
1499 472 1702 543 Διόπερ
1735 471 1848 525 ἐλε-

272 578 336 633 γε
371 564 465 616 καὶ
505 564 534 615 ὁ
561 564 847 636 προφήτης
865 581 878 594 ·
909 564 1018 618 Καὶ
1051 565 1267 632 Κύριος
1294 562 1636 632 παρέδωκεν
1661 563 1848 616 αὑτὸν

274 651 400 719 ταῖς
436 655 746 723 ἁμαρτίαις
791 653 976 723 ἡμῶν.
1033 655 1145 708 Καὶ
1193 651 1372 720 οὗτος
1410 654 1518 720 τὰς
1555 655 1844 723 ἁμαρτίας

272 743 440 812 ἡμῶν
470 745 654 814 ςρὲρει,
683 744 780 798 καὶ
810 745 941 813 περὶ
978 746 1146 814 ἡμῶν
1177 743 1478 799 όδ-υνᾶται.
1521 745 1634 799 Καὶ
1661 745 1844 812 αὐτὸς

270 834 705 903 ἑτραυματίσθη
735 834 833 888 διὰ
862 834 970 900 τὰς
996 835 1282 904 ἁμαρτίας
1312 832 1502 903 ἡμῶν,
1534 835 1630 888 καὶ
1651 851 1839 904 μεμα-

270 923 548 978 λάκισται
585 924 683 978 διὰ
711 924 819 991 τὰς
849 926 1099 994 ἀνομίας
1131 923 1301 994 ἡμῶν
1320 941 1333 954 ·
1355 925 1435 991 τῷ
1449 925 1696 994 μώλωπι
1720 928 1840 980 αὑ-

269 1015 377 1070 τοῦ
413 1015 581 1087 ἡμεῖς
615 1015 882 1086 ίάθημεν.
933 1017 1212 1088 Ἐπιςρὲρει
1242 1017 1300 1070 δὲ
1325 1017 1499 1086 λέγων
1531 1019 1588 1071 ὲν
1619 1015 1703 1071 καί
1730 1033 1744 1048 ’
1787 1019 1842 1072 '0

271 1108 438 1174 Θεὸς,
467 1107 828 1178 κεκράξομαι
879 1107 1141 1178 ⁴ἡμέρας,
1187 1111 1286 1164 καὶ
1331 1112 1443 1164 οὐκ
1485 1111 1842 1180 είσακούσῃ,

267 1206 367 1259 καὶ
400 1206 642 1271 νυκτὸς,
673 1205 771 1260 καὶ
799 1206 909 1258 οὐκ
944 1207 1034 1272 είς
1063 1203 1264 1258 ἄνοιαν
1301 1205 1433 1273 ἐμοί
1455 1222 1468 1232 ·
1516 1205 1613 1258 καὶ
1643 1207 1702 1259 ἐν
1730 1209 1843 1269 τοῖς

267 1295 652 1365 προκειμένοις
681 1310 695 1324 ο
767 1292 1192 1362 Ἀποστρέφεις
1239 1294 1304 1347 τὸ
1349 1295 1676 1362 πρόσωπόν
1726 1307 1843 1348 σου

266 1387 369 1440 ἀπ’
402 1387 566 1456 ἐμοῦ.
601 1387 800 1456 Ὅμοια
830 1386 886 1439 δὲ
910 1384 1150 1455 ἡγοῦμαι
1176 1381 1315 1438 εἶναι
1341 1385 1516 1439 ταῦτα
1545 1388 1660 1449 τοῖς
1687 1386 1744 1439 ὲν
1763 1383 1844 1454 τῷ

268 1479 586 1550 [εὐαγγελίῳ
619 1479 765 1550 ἔργῳ
803 1477 1268 1549 τετελειωμένοις,
1310 1477 1438 1532 ἔνθα
1475 1477 1696 1542 διαστὰς
1733 1477 1842 1531 τῶν

1952 472 2020 526 Et
2049 473 2160 540 ipse
2179 472 2482 527 vulneratus
2519 481 2597 526 est
2647 482 2858 542 propter
2887 481 3103 540 peccata
3139 484 3343 538 nostra,
3377 475 3530 543 inﬁr-

1948 575 2124 616 matus
2171 571 2250 616 est
2306 572 2520 632 propter
2568 563 2874 634 iniquitates
2917 573 3168 620 nostras:
3206 567 3366 620 vibice
3411 567 3528 636 ejus

1943 671 2039 707 nos
2061 654 2244 707 sanati
2281 669 2469 707 sumus
2499 654 2542 707 ‘.
2577 653 2637 706 ln
2673 669 2761 707 XII
2792 661 2971 706 autem
3009 653 3316 723 subjungit,
3346 653 3488 709 Deus
3511 693 3528 718 ,

1940 744 2181 798 clamabo
2213 759 2304 812 per
2325 745 2485 812 diem,
2509 752 2558 798 et
2591 761 2694 798 non
2721 742 2994 809 exaudies;
3015 753 3066 798 et
3087 753 3254 805 nocte.
3272 754 3322 798 et
3342 747 3530 800 nonad

1943 836 2300 905 insipientiam
2360 836 2488 889 mihi
2529 837 2588 900 ²;
2624 836 2678 889 in
2715 837 2964 906 praesenti
3015 852 3163 901 vero,
3199 838 3406 892 Auertis
3445 839 3530 909 {a-

1945 929 2074 982 ciem
2101 938 2244 980 tuam
2269 945 2300 980 a
2331 944 2431 982 me.
2469 926 2593 982 llaec
2619 943 2784 998 porro
2821 928 3022 984 similia
3052 937 3182 998 puto
3206 928 3276 984 iis
3306 941 3426 998 qua“:
3473 927 3526 980 in

1949 1017 2239 1089 Evangelia
2268 1035 2431 1089 opere
2453 1021 2723 1090 completa
2750 1020 3021 1086 feruntur,
3053 1021 3146 1076 ubi
3177 1035 3208 1074 a
3240 1018 3528 1088 discipulis

1953 1121 2229 1177 semotus,
2284 1113 2337 1166 in
2374 1113 2566 1167 faciem
2626 1114 2915 1183 procubuit
2974 1130 3140 1170 orans
3189 1125 3242 1170 et
3293 1113 3522 1168 dicens:

1945 1200 2128 1266 Pater,
2160 1203 2206 1256 si
2240 1203 2490 1272 possibile
2515 1213 2616 1266 est,
2656 1213 2890 1258 transeat
2915 1205 3001 1260 Itic
3025 1206 3168 1259 calix
3209 1222 3242 1259 a
3273 1220 3371 1258 me.
3432 1203 3530 1256 Ve-

1944 1304 2239 1349 rumtamen
2285 1312 2389 1348 non
2436 1296 2572 1350 sicut
2613 1313 2706 1367 ego
2758 1298 2894 1362 uolo,
2946 1298 3036 1352 sed
3094 1299 3232 1352 sicut
3266 1309 3322 1351 tu
3353 1299 3428 1363 ¹”;
3463 1311 3528 1351 ac

1943 1402 2186 1452 rursum,
2217 1386 2402 1454 Pater,
2429 1389 2475 1442 si
2500 1405 2604 1442 non
2630 1399 2798 1458 potest
2827 1389 2911 1444 hic
2937 1393 3186 1457 transire,
3218 1391 3324 1444 nisi
3353 1387 3526 1443 bibam

1943 1478 2117 1544 illum,
2149 1479 2246 1548 ﬁat
2271 1478 2512 1533 uoluntas
2549 1490 2642 1534 tua
2664 1482 2705 1535 ³.

267 1573 544 1643 μαθητῶν,
567 1572 758 1626 ἔπεσεν
786 1573 878 1626 ἐπὶ
902 1573 1188 1644 πρόσωπον
1209 1572 1375 1625 αὑτοῦ
1405 1573 1835 1643 προσευχόμενος
1865 1572 1960 1624 καὶ
1991 1571 2192 1641 λέγων·
2233 1571 2444 1641 Πάτερ,
2489 1577 2543 1627 εί
2579 1561 2862 1642 δυνατὸν,
2900 1574 3244 1643 παρελθέτω
3304 1573 3374 1629 τὸ
3420 1580 3528 1626 πο⁶

264 1667 470 1736 τήριον
502 1666 674 1720 τοῦτο
715 1668 816 1721 ἀπ’
847 1668 1013 1737 ἐμοῦ.
1043 1667 1218 1736 Πλὴν
1247 1670 1359 1736 οὐχ
1393 1669 1474 1734 ὡς
1536 1667 1652 1739 ἐγὼ
1684 1667 1854 1730 θέλω,
1890 1668 2026 1720 ἀλλ’
2051 1668 2131 1733 ὡς
2156 1669 2236 1722 σύ
2257 1686 2270 1698 ·
2295 1670 2390 1722 καὶ
2412 1669 2572 1723 πάλιν
2595 1686 2609 1701 ⁸
2638 1669 2854 1738 Πάτερ,
2874 1673 2928 1724 ει
2953 1671 3025 1725 οὐ
3049 1669 3300 1725 δύναται
3352 1668 3525 1723 τοῦτο

263 1757 601 1826 παρελθεῖν,
662 1756 770 1810 ἐὰν
803 1756 892 1826 μὴ
937 1757 1084 1811 αὑτό
1131 1758 1265 1822 πίω,
1317 1757 1620 1826 γενηθήτω
1675 1759 1742 1810 τὸ
1807 1755 2035 1826 θέλημά
2066 1772 2181 1811 σου

337 1850 576 1918 Πτωχός
597 1851 712 1919 εἰμι
736 1850 850 1918 ἐγὼ
876 1850 972 1904 καὶ
989 1850 1060 1903 ἐν
1079 1851 1289 1916 κόποις
1307 1849 1375 1902 ἐκ
1393 1850 1671 1917 νεότητός
1685 1864 1827 1917 μουο

2005 1846 2168 1904 Vens.
2197 1848 2380 1905 16-19.
2420 1850 2629 1918 Pauper
2678 1868 2795 1904 sum
2841 1868 2932 1922 ego
2967 1860 3017 1906 et
3058 1852 3112 1906 in
3168 1853 3437 1907 laboribus
3491 1869 3525 1907 α

261 1943 525 2010 ὑψωθεὶς
565 1943 632 1994 δὲ
675 1941 1076 2010 ἑταπεινώθην
1113 1943 1213 1996 καὶ
1258 1941 1659 2010 ἐξηπορήθην.
1707 1941 1830 1995 Ἐπ’

259 2033 370 2098 ἐμὲ
399 2032 646 2099 διῆλθον
671 2035 730 2086 al
765 2034 933 2102 ὀργαί
953 2049 1091 2097 σου,
1122 2036 1175 2086 οί
1204 2034 1550 2102 φοϐερισμοί
1585 2047 1701 2086 σου
1745 2031 1836 2096 ἐξ·

258 2123 566 2192 ετὰραξάν
596 2142 695 2194 με.
745 2124 1135 2178 Ἐκύκλωσάν
1162 2141 1239 2194 με
1269 2125 1348 2190 ὼς
1364 2124 1518 2193 ὕδωρ
1540 2123 1695 2192 ὅλην
1720 2124 1836 2191 τὴν

257 2216 515 2284 ἡμέραν,
551 2215 873 2286 περιέσχον
889 2233 968 2286 με
993 2217 1132 2286 ἅμα.
1174 2215 1538 2286 Ἑμάκρυνας
1567 2216 1668 2269 ἀπ’
1688 2214 1834 2283 ἐμοῦ

257 2305 448 2371 φίλον
475 2304 574 2356 καὶ
603 2306 892 2371 πλησίον,
925 2306 1021 2358 καὶ
1058 2305 1199 2371 τοὺς
1236 2306 1548 2374 γνωστούς
1577 2322 1695 2373 μου
1716 2303 1834 2358 ἀπὸ

256 2396 684 2463 ταλαιπωρίας.
739 2396 850 2449 Καὶ
883 2395 1057 2450 ταῦτα
1088 2398 1116 2449 ό
1155 2395 1448 2466 Σύμμαχος
1508 2394 1835 2466 σαφέστερόν

259 2503 382 2546 πως
412 2483 673 2549 ἐξέδωκεν
716 2486 922 2539 εἰπών’
975 2487 1215 2556 Πτωχὸς
1260 2487 1344 2540 ὢν
1394 2485 1492 2539 καὶ
1543 2486 1838 2540 ἐκλείπων

256 2579 383 2634 ἀπὸ
414 2581 716 2647 νεότητος,
769 2581 1070 2635 ἀνέλαϐον
1117 2581 1224 2634 τὸν
1271 2581 1458 2649 φόϐον
1499 2595 1637 2634 σου.
1681 2581 1837 2649 Πρὸς

259 2674 495 2740 τούτοις
517 2674 591 2728 δι’
613 2673 759 2744 ἐμοῦ
785 2674 1180 2743 παρώδευσαν
1210 2679 1270 2730 al
1298 2675 1464 2744 ὀργαί
1490 2688 1626 2738 σου,
1657 2676 1716 2726 al
1742 2674 1838 2727 en-

257 2765 518 2832 πλήξεις
540 2781 657 2819 σου
687 2765 1148 2834 κατεσιώπησαν
1173 2783 1270 2835 με.
1307 2765 1641 2834 Περιῆλθόν
1656 2783 1733 2834 με
1758 2766 1839 2832 ὡς

259 2857 472 2920 ὕδατα,
501 2856 710 2910 πᾶσαν
771 2855 886 2925 τὴν
934 2856 1163 2925 ἡμέραν
1209 2855 1700 2925 περιεκύκλωσάν
1740 2872 1836 2926 με.

261 2952 375 3004 Καὶ
401 2953 429 3004 ὁ
468 2950 718 3014 Ἀκύλας,
748 2949 867 3002 Ἐπ’
899 2949 1024 3019 ἐμὲ,
1071 2949 1224 3020 φησὶ,
1250 2948 1561 3017 παρῆλθον
1587 2951 1646 3002 al
1675 2948 1843 3017 ὀργαί

259 3058 401 3094 σου.
440 3042 626 3104 Ὅπως
661 3041 718 3093 δὲ
749 3041 970 3111 πτωχὸς
998 3039 1064 3113 ἦν
1104 3043 1199 3095 καὶ
1233 3042 1292 3094 ἐν
1318 3041 1510 3106 κόποις
1547 3044 1612 3096 ὲκ
1656 3043 1844 3112 νεότη-

1930 1937 2200 2006 juventute
2255 1956 2369 1992 mea
2391 1956 2411 1992 :
2465 1939 2730 1994 exaltatus
2781 1951 2956 1996 autem
2985 1941 3295 1995 humiliatus
3322 1957 3440 1996 sum
3473 1937 3525 2024 ef

1933 2029 2231 2098 perplexas.
2270 2029 2429 2085 lnme
2477 2033 2797 2086 transierunt
2832 2033 2927 2087 ira:
2971 2043 3072 2086 tua:
3102 2072 3119 2098 ,
3165 2043 3384 2087 terrores
3449 2029 3525 2084 tu'

1935 2120 2372 2174 conturbauerunt
2420 2138 2520 2176 me.
2573 2121 3039 2176 Circumdederunt
3080 2139 3160 2176 me
3196 2123 3334 2176 sicut
3386 2139 3527 2192 aqua

1938 2220 2048 2264 tota
2095 2212 2215 2277 die,
2264 2213 2718 2268 circumdederunt
2770 2231 2851 2268 me
2915 2215 3094 2268 simul.
3168 2213 3447 2285 Elongasti
3490 2231 3523 2267 a

1938 2317 2017 2354 me
2071 2302 2298 2355 amicum
2341 2313 2394 2356 et
2450 2304 2790 2373 proximum,
2846 2313 2895 2358 et
2961 2313 3111 2358 notos
3152 2320 3292 2358 meos
3339 2320 3371 2356 a
3425 2303 3525 2357 mi-

1935 2393 2093 2448 seria.
2151 2393 2275 2448 liaec
2323 2396 2524 2450 clarius
2557 2394 2918 2466 Symmachus
2957 2395 3129 2450 edidit
3162 2396 3245 2451 his
3295 2394 3518 2450 verbis:

1938 2484 2146 2554 Pauper
2175 2503 2292 2540 cum
2321 2487 2422 2540 sim
2467 2498 2516 2541 et
2576 2486 2823 2556 de/iciens
2872 2505 2905 2540 a
2942 2487 3214 2556 juventute
3242 2526 3258 2552 ,
3316 2487 3523 2557 suscepi

1940 2575 2179 2630 timorem
2211 2585 2380 2630 tuum.
2421 2576 2506 2630 Ad
2541 2577 2650 2630 lucc
2702 2592 2795 2646 per
2842 2593 2922 2630 me
2958 2587 3388 2645 pratermearunt
3427 2579 3524 2632 ira:

1939 2675 2042 2721 tua:
2062 2707 2077 2730 ,
2123 2676 2349 2720 terrores
2374 2667 2453 2720 tui
2486 2676 2660 2721 tacere
2675 2683 2756 2721 me
2776 2655 3032 2736 fecerunt.
3055 2668 3522 2724 Circumvenerunt

1939 2775 2020 2812 me
2055 2758 2194 2812 sicut
2222 2775 2395 2830 aquaz,
2440 2767 2550 2812 tota
2578 2760 2663 2812 die
2695 2759 3150 2814 circumdederunt
3180 2777 3278 2814 me.
3327 2761 3522 2830 Aquila

1941 2865 2090 2913 vero,
2117 2849 2287 2920 Super
2310 2868 2412 2916 me,
2445 2849 2641 2922 inquit,
2664 2853 3034 2921 praterierunt
3063 2854 3159 2908 ira:
3207 2864 3331 2907 tute.
3383 2853 3525 2918 ρηο-

1944 2939 2104 2994 modo
2130 2949 2311 2994 autem
2340 2955 2544 3010 pauper
2581 2938 2747 2995 fuerit
2774 2951 2828 2996 et
2856 2942 2912 2996 in
2936 2941 3219 2997 laboribus
3250 2957 3281 2994 a
3324 2942 3523 3011 juven-

1943 3037 2078 3092 tute,
2115 3030 2275 3085 docet
2305 3031 2422 3100 ipse
2479 3031 2533 3086 in
2578 3031 2889 3103 Evangeliis
2938 3033 3006 3087 de
3043 3047 3102 3088 se
3156 3033 3388 3102 loquens
3434 3032 3522 3088 his

259 3147 354 3191 τος
372 3172 386 3194 ,
411 3129 648 3182 διδάσκει
683 3129 844 3194 αὐτὸς
872 3133 928 3182 ὲν
954 3134 1066 3193 τοῖς
1104 3129 1457 3198 Εύαγγελίοις
1493 3131 1618 3201 περὶ
1649 3128 1839 3183 ἑαυτοῦ

1944 3130 2166 3184 verbis:
2211 3129 2413 3184 Discite
2471 3148 2504 3184 a
2555 3148 2636 3186 me
2686 3133 2812 3203 quia
2861 3134 3008 3187 mitis
3039 3149 3157 3187 sum
3209 3141 3259 3186 et
3306 3133 3522 3187 humilis

259 3217 437 3286 λέγων
458 3236 472 3250 ’
511 3218 740 3274 Μάθετε
772 3220 872 3274 ἀπ’
905 3220 1074 3290 ἐμοῦ,
1107 3219 1196 3272 ὅτι
1229 3218 1421 3288 πρᾶός
1457 3222 1575 3290 εἰμι
1609 3223 1708 3274 καὶ
1735 3235 1835 3272 τα-

1943 3221 2098 3275 corde
2137 3221 2179 3272 ⁸.
2212 3221 2506 3290 Apostolus
2531 3222 2662 3278 item
2693 3224 2771 3276 ait
2801 3243 2814 3278 :
2851 3224 2958 3289 Qui
2984 3241 3105 3277 cum
3127 3225 3180 3278 in
3219 3224 3393 3294 forma
3423 3225 3523 3279 Dei

260 3312 469 3378 πεινὸς
514 3311 589 3380 τῇ
627 3312 861 3380 καρδίᾳ.
907 3313 1018 3366 Καὶ
1062 3313 1091 3364 ὁ
1138 3312 1453 3376 Ἀπόστολός
1485 3329 1685 3384 φησιν-ι
1739 3313 1837 3379 Ὃς

1941 3321 2096 3376 esset,
2128 3328 2230 3366 non
2267 3314 2512 3382 rapinam
2549 3313 2845 3368 arbitratus
2892 3324 2970 3369 est
3005 3333 3120 3370 esse
3160 3333 3215 3370 se
3269 3314 3522 3386 aequalem

257 3405 334 3456 ἐν
349 3402 551 3472 μορφῇ
583 3403 729 3457 Θεοῦ
759 3402 1063 3473 ὑπάρχων,
1092 3405 1207 3474 οὺχ
1231 3389 1546 3474 ὃρπαγμόν
1568 3403 1837 3475 ἡγήσατο

1940 3402 2079 3468 Deo,
2119 3405 2210 3458 sed
2231 3405 2566 3474 semetipsum
2594 3407 2880 3460 exinaniuit
2901 3409 2960 3473 ⁵ς
2990 3408 3066 3462 ita
3094 3418 3151 3462 ut
3170 3410 3522 3480 perspicuum

260 3491 417 3548 εἶναι
458 3495 562 3549 ἴσα
587 3494 728 3560 Θεῷ,
756 3495 893 3550 ἀλλ’
919 3496 1138 3549 ἑαυτὸν
1163 3495 1463 3550 ἐκένωσεν
1482 3514 1494 3527 ·
1531 3496 1671 3550 ὥστε
1699 3494 1836 3552 εἶναι

1940 3497 2008 3551 sit
2021 3512 2126 3567 qua
2145 3495 2212 3552 de
2223 3512 2389 3552 causa
2403 3498 2545 3568 apud
2559 3498 2703 3553 LXX
2720 3500 3049 3571 lnterpretes
3065 3501 3524 3573 dicatur,Pauper

266 3588 435 3655 σαφὲς
488 3586 604 3650 πῶς
665 3589 882 3658 εἴρηται
936 3589 1088 3660 παρὰ
1136 3591 1249 3652 τοῖς
1313 3590 1715 3662 Ἐὂδομήκοντα
1755 3593 1835 3658 τὸ,

261 3679 507 3746 Πτωχός
531 3681 647 3748 είμι
677 3678 792 3748 ἐγὼ
816 3680 912 3734 καὶ
943 3681 1013 3732 ἐν
1042 3680 1253 3747 κόποις
1288 3682 1359 3736 ἐκ
1388 3685 1671 3753 νεότητός
1693 3703 1835 3754 μου.

276 3772 415 3825 Ἀλλ’
444 3774 504 3826 ἐν
541 3773 642 3844 μὲν
685 3775 752 3842 τῇ
794 3773 1005 3841 νεότητι
1043 3772 1230 3838 αὐτοῦ,
1269 3774 1364 3827 καὶ
1401 3774 1576 3838 ἄλλως
1609 3777 1714 3830 ὑπὸ
1745 3777 1840 3830 τὸν

261 3863 617 3935 νομιζόμενον
638 3864 850 3934 πατέρα
873 3864 963 3916 τὸν
1000 3864 1218 3935 Ἰωσὴφ,
1247 3866 1342 3919 καὶ
1371 3865 1472 3938 τὴν
1493 3867 1636 3921 κατὰ
1662 3869 1840 3940 σάρκα

261 3957 480 4028 μητέρα
511 3957 866 4029 τρεφόμενος,
892 3957 1106 4028 πτωχὸς
1138 3954 1206 4028 ἦν
1237 3961 1294 4012 ὲν
1319 3963 1556 4030 πτωχοῖς
1580 3977 1593 3991 ·
1627 3961 1723 4014 καὶ
1747 3962 1838 4015 τὸν

259 4050 420 4105 ἄλλον
447 4050 504 4102 δὲ
528 4050 694 4104 αὑτοῦ
733 4051 847 4120 βίον
884 4050 1138 4114 πλούσιος
1165 4050 1260 4116 ὢν,
1289 4051 1357 4105 δι’
1386 4054 1534 4124 ἡμᾶς
1563 4052 1837 4123 ἐπτώχευ-

263 4159 385 4205 σεν,
427 4145 574 4205 ὅπως
610 4145 772 4213 ἡμεῖς
817 4145 883 4213 τῇ
919 4143 1080 4196 αὑτοῦ
1133 4145 1376 4216 πτωχείᾳ
1427 4144 1835 4217 πλουτήσωμεν.

264 4234 396 4286 Ὅτε
438 4233 496 4285 δὲ
552 4234 736 4286 λοιπὸν
779 4232 1222 4306 παραδοξοποιῶν
1266 4237 1360 4290 καὶ
1400 4235 1535 4290 Θεοῦ
1580 4237 1854 4308 δυνάμεις⁵

262 4326 572 4388 ἀποτελῶν,
619 4325 810 4395 ὑψώθη
849 4344 908 4379 τε
978 4329 1070 4380 καὶ
1102 4327 1190 4382 διὰ
1233 4329 1328 4382 τοῦ
1373 4329 1578 4392 πάθους
1607 4329 1840 4399 ὑψωθεὶς

261 4416 622 4488 ἐταπεινώθη.
654 4420 729 4470 Δι’
777 4419 806 4472 ὃ
839 4421 1023 4490 ἔλεγεν
1046 4438 1058 4450 ·
1108 4422 1332 4490 ’Ὠσπερ
1370 4421 1594 4489 Μωσῆς
1629 4423 1839 4491 ὕψωσε

1936 3608 2054 3647 sum
2077 3609 2168 3663 ego
2197 3601 2248 3646 et
2278 3593 2332 3646 in
2363 3593 2633 3648 laboribus
2685 3614 2720 3648 a
2739 3595 3015 3664 juventute
3063 3614 3198 3652 mea.
3235 3598 3434 3653 Verum
3466 3599 3524 3653 in

1933 3682 2220 3753 iuventute
2251 3698 2373 3747 sua,
2407 3699 2533 3738 cum
2569 3685 2813 3755 alioquin
2848 3701 2880 3740 ιι
2908 3686 3170 3758 Josepho,
3234 3691 3327 3758 qui
3369 3695 3525 3759 pater

1937 3774 2057 3844 ejus
2080 3789 2203 3831 esse
2239 3775 2556 3844 putabatur,
2580 3782 2635 3830 et
2665 3792 2697 3830 a
2728 3785 2902 3832 matre
2937 3793 3036 3833 sua
3070 3781 3371 3834 secundum
3401 3795 3524 3833 car-

1939 3881 2084 3929 nem,
2116 3866 2461 3929 educaretur,
2496 3882 2704 3938 pauper
2754 3869 2898 3923 inter
2956 3884 3224 3940 pauperes
3272 3879 3424 3938 erat;
3468 3880 3525 3926 et

1939 3973 2064 4013 cum
2095 3959 2394 4014 secundum
2427 3961 2586 4013 aliam
2614 3961 2778 4013 vitam
2802 3975 2957 4016 suam
2985 3962 3138 4016 dives
3162 3970 3329 4028 esset,
3349 3964 3521 4019 nostri

1939 4064 2107 4104 causa
2150 4050 2308 4120 inops
2337 4051 2563 4106 effectus
2588 4059 2694 4113 est,
2727 4061 2787 4105 ut
2819 4067 2919 4107 nos
2951 4052 3072 4121 ejus
3106 4052 3291 4123 inopia
3323 4054 3522 4110 divites

1939 4156 2207 4197 essemus.
2237 4143 2373 4197 Cum
2403 4158 2568 4213 porro
2601 4141 2821 4196 demum
2865 4143 3110 4214 prodigia
3137 4151 3191 4198 et
3222 4143 3316 4199 Dei
3350 4146 3524 4199 virtu-

1939 4242 2021 4286 tes
2049 4232 2238 4295 edens,
2273 4233 2545 4288 exaltatus
2567 4241 2744 4298 cst,et
2772 4249 2870 4304 per
2891 4233 3203 4302 passionem
3238 4250 3392 4290 suam
3415 4237 3524 4290 ele-

1938 4332 2120 4388 vatus,
2151 4325 2469 4388 humiliatus
2499 4332 2603 4380 est.
2635 4323 2818 4390 Quare
2838 4325 3052 4380 dicebat
3087 4346 3098 4381 :
3133 4326 3282 4381 Sicut
3311 4327 3522 4399 Moyses

1938 4412 2197 4468 exultavit
2247 4425 2538 4484 serpentem
2581 4416 2636 4468 in
2667 4415 2896 4482 deserto,
2930 4419 3009 4470 ita
3058 4419 3289 4472 exaltari
3323 4431 3524 4488 oportet

259 4507 371 4560 τὸν
407 4503 545 4575 ὄφιν
576 4509 646 4560 ἐν
674 4507 746 4576 τῇ
777 4508 993 4579 ἐρήμῳ,
1039 4511 1227 4576 οὕτως
1259 4511 1575 4581 ὑψωθῆναι
1611 4511 1707 4565 δεῖ
1733 4511 1839 4566 τὸν

1943 4499 2143 4555 Filium
2171 4503 2401 4558 hominis
2422 4505 2478 4571 ';
2511 4521 2575 4558 ac
2598 4522 2840 4571 rursum,
2871 4507 3003 4561 Cum
3033 4509 3394 4564 exultaueritis
3429 4510 3524 4564 Fi-

271 4599 410 4651 Υἱὸν
435 4600 540 4653 τοῦ
567 4601 880 4668 ἀνθρώπου
905 4619 918 4632 ο
958 4603 1051 4656 καὶ
1082 4603 1243 4657 πάλιν
1274 4620 1288 4633 ·
1337 4605 1516 4658 Ὅταν
1550 4605 1838 4674 ὑψώσητε

1941 4594 2071 4646 lium
2113 4594 2363 4662 hominis,
2419 4605 2542 4650 tunc
2590 4599 2911 4665 cognoscetis
2961 4601 3088 4668 quia
3120 4616 3212 4670 ego
3236 4602 3418 4667 sum";
3467 4603 3522 4656 in

261 4693 370 4745 τὸν
409 4691 546 4744 Υίὸν
576 4692 684 4746 τοῦ
711 4692 1042 4760 ἀνθρώπου,
1086 4696 1216 4749 τότε
1245 4696 1573 4765 γνώσεσθε,
1605 4697 1695 4750 ὅτι
1726 4697 1839 4766 ἐγώ

1941 4687 2194 4754 praesenti
2227 4702 2356 4741 vero
2384 4689 2479 4752 ait,
2500 4686 2790 4742 Exaltatus
2831 4700 3030 4755 autem,
3057 4691 3373 4746 humiliatus
3403 4711 3524 4748 sum

257 4785 378 4852 ειμι
406 4799 420 4812 ⁸
466 4785 561 4839 καὶ
595 4786 652 4836 ὲν
689 4783 766 4856 τῷ
807 4786 1150 4856 προκειμένῳ
1178 4803 1192 4816 °
1257 4788 1546 4856 Ὑψωθεὶς
1592 4789 1663 4842 δὲ
1702 4789 1836 4843 ἐτα-

1940 4787 1990 4830 et
2031 4781 2327 4848 perplexus.
2375 4780 2514 4834 lllud
2553 4789 2765 4845 autem,
2803 4780 2909 4836 Per
2962 4799 3042 4836 me
3085 4794 3523 4852 prwtermearunt

261 4874 561 4942 πεινώθην
597 4877 696 4928 καὶ
731 4874 1135 4944 ἐξηπορήθην.
1186 4877 1260 4930 Τὸ
1289 4879 1370 4940 δὲ,
1399 4881 1479 4930 Δι’
1517 4880 1664 4949 ἐμοῦ
1688 4894 1838 4948 παρ-

1940 4871 2038 4924 irce
2095 4881 2221 4934 tua’,
2279 4871 2580 4926 secundum
2635 4870 3058 4944 Symmachum;
3091 4878 3175 4932 vel
3218 4880 3521 4934 secundum

258 4967 539 5022 ὡδευσαν
581 4973 639 5022 αὶ
701 4969 871 5038 ὀργαί
906 4984 1056 5030 σου,
1104 4969 1244 5023 κατὰ
1296 4971 1388 5024 τὸν
1443 4971 1758 5042 Σύμμαχον,
1803 4972 1836 5044 ἦ

1940 4961 2213 5031 Aquilam,
2253 4961 2420 5029 Super
2442 4981 2522 5016 me
2541 4965 2908 5032 pra'terierunt
2935 4967 3029 5022 ira:
3055 4979 3182 5034 tuw,
3207 4970 3291 5025 vel
3320 4987 3523 5026 secun-

261 5060 405 5113 κατὰ
441 5061 530 5113 τὸν
585 5061 812 5115 Ἀκύλαν
837 5078 850 5090 ·
901 5061 1025 5114 Ἐπ’
1063 5061 1169 5130 ἐμὲ
1215 5062 1530 5131 παρῆλθον
1555 5067 1616 5117 al
1661 5065 1830 5133 ὀργαί

1940 5052 2068 5106 dum
2102 5051 2263 5117 LXX,
2306 5053 2372 5106 1η
2396 5070 2475 5107 me
2502 5057 2828 5110 transierunt
2862 5059 2959 5112 ira:
2986 5069 3111 5122 tuae,
3142 5061 3288 5116 clare
3311 5062 3526 5117 denun-

260 5168 402 5214 σου,
433 5152 464 5222 ἢ
496 5152 638 5205 κατὰ
668 5154 796 5215 τοὺς
832 5153 1257 5224 Ἐϐδομήκοντα,
1304 5155 1429 5208 Ἐπ’
1449 5156 1554 5224 ἐμὲ
1587 5155 1838 5225 διῆλθον

261 5247 320 5296 at
353 5245 523 5314 ὀργαί
546 5261 686 5307 σου,
726 5246 911 5315 σαφῶς
940 5247 1288 5318 παρίστησιν,
1326 5249 1410 5301 ὅτι
1435 5249 1536 5301 οὐκ
1567 5252 1647 5312 εἰς
1671 5252 1836 5307 αὐτὸν

261 5338 601 5410 ἐπέσκηψαν,
637 5338 774 5392 ἀλλὰ
816 5339 880 5392 δι’
918 5337 1080 5393 αὑτοῦ
1129 5340 1403 5412 παρῆλθον
1428 5360 1442 5373 ·
1495 5344 1590 5399 καὶ
1634 5343 1716 5396 ὅτι
1760 5346 1835 5416 μὴ

259 5429 516 5500 ἔστησαν,
547 5431 683 5485 ἀλλὰ
713 5431 946 5503 διῆλθον.
982 5433 1054 5485 Τὸ
1083 5433 1160 5496 δὲ,
1185 5433 1555 5502 ἐξετάραεάν
1571 5453 1670 5505 με,
1695 5438 1839 5492 κατὰ

259 5527 390 5586 τοὺς
421 5525 841 5595 Ἑϐδομήκοντα,
877 5525 1061 5595 ὅμοιόν
1080 5525 1196 5578 ἐστι
1223 5525 1300 5597 τῷ
1335 5527 1700 5600 εἰρημένῳηέν
1725 5533 1838 5595 τοῖς

336 5669 353 5701 ¹
397 5666 500 5721 lsa.
536 5681 669 5728 Lm,
706 5666 807 5720 5-5
880 5668 898 5696 ³
939 5665 1083 5728 ΡετιΙ,
1123 5681 1246 5725 xxi,
1284 5667 1337 5722 5.

1943 5147 2063 5210 ttat,
2100 5161 2208 5200 non
2255 5146 2310 5200 in
2345 5147 2438 5200 illo
2498 5150 2841 5243 constitisse,
2870 5153 2963 5206 sed
3018 5169 3112 5221 per
3156 5165 3524 5224 eumpraater-

1945 5235 2102 5301 iisse;
2178 5251 2356 5307 neque
2392 5239 2633 5300 stetisse,
2668 5239 2761 5293 sed
2799 5235 3106 5298 transiisse.
3147 5245 3280 5297 Illud
3316 5253 3520 5310 autem,

1942 5328 2382 5383 conturbauerunt
2419 5346 2519 5394 me,
2561 5332 2868 5386 secundum
2914 5332 3080 5397 LXX,
3117 5334 3246 5388 huic
3277 5334 3524 5406 Evange-

1945 5419 2142 5474 Iiorum
2185 5419 2334 5474 dicto
2370 5421 2552 5478 simile
2595 5432 2681 5478 est
2715 5443 2730 5477 :
2759 5423 2916 5478 Nunc
2946 5427 3128 5478 anima
3153 5442 3267 5479 mea
3304 5427 3521 5480 turbata

1943 5523 2019 5567 est
2037 5513 2090 5577 “;
2114 5520 2189 5580 et,
2239 5513 2433 5567 Tristis
2460 5523 2537 5568 est
2562 5517 2742 5569 anima
2763 5534 2875 5570 mea
2901 5533 3062 5587 usque
3084 5517 3152 5570 ad
3176 5525 3419 5572 mortem’
3442 5526 3522 5576 εει

1415 5669 1460 5746 ξ·
1499 5668 1689 5746 Matth.
1731 5689 1832 5726 xxv

1940 5677 2018 5729 59.
2097 5677 2116 5706 ³
2155 5673 2284 5728 ibid.
2325 5673 2415 5728 4‘2.
2494 5675 2514 5705 ’⁸
2555 5675 2746 5733 Matth.
2786 5693 2868 5740 τι,
2904 5676 2995 5732 29.
3073 5677 3094 5708 ⁸
3135 5675 3331 5746 Philip.
3375 5679 3520 5745 1:,6.

262 5737 321 5796 ῗ.
395 5740 416 5771 ⁸
451 5736 611 5793 Joan.
648 5753 744 5799 ιιι,
783 5738 868 5790 M.
943 5738 962 5767 ⁷
999 5735 1155 5789 Joan.
1194 5753 1326 5800 vui,
1359 5737 1448 5792 28.
1525 5741 1546 5771 ⁸
1585 5739 1742 5797 Joan.
1782 5735 1892 5810 xxi,
1927 5747 2016 5800 9.7.
2097 5747 2117 5777 ’
2159 5746 2346 5800 Matth.
2386 5761 2507 5800 sxw
2537 5786 2550 5809 ,
2589 5749 2678 5799 58.

549 5834 814 5892 Parant.
851 5831 965 5892 Gn.
1016 5830 1252 5892 XXIII.

3163 5840 3242 5898 3's
