3974 6524
447 250 588 309 1067

1154 255 1423 313 EUSEBll
1452 256 1936 315 CESARIENSIS
1973 256 2128 314 OPP.
2154 256 2343 317 PARS
2385 260 2472 318 Ill.
2515 294 2583 305 —-
2615 262 3037 322 EXEGETICA.

3573 274 3701 330 1068

446 380 643 428 cetera
692 388 909 444 quoque
957 372 1257 429 secundum
1292 374 1578 431 historiam
1632 377 2006 447 implebantur

2135 380 2486 458 Εὐαγγελίοις
2519 399 2533 412 ·
2574 382 2705 436 Νῦν
2730 383 2769 450 ἡ
2808 384 2982 453 ψυχή
3023 403 3143 454 μου
3182 388 3552 458 τετάρακται,
3595 392 3701 445 nal-

446 483 570 523 cum
604 483 670 523 eo
706 469 896 523 relicto
924 467 1154 537 apostoli
1208 469 1622 533 abscesserunt,
1651 471 1844 527 Petrus
1900 487 2031 527 vero

444 565 531 614 ter
556 562 771 627 negavit
801 574 947 613 eum.
980 557 1046 612 Et
1076 559 1179 614 alia
1208 575 1426 629 quoque
1454 562 1666 617 ratione
1696 562 1815 617 haec
1846 565 2030 619 omnia

445 649 682 713 dicebat,
730 649 960 703 aliorum
1012 649 1153 703 mala
1211 650 1316 705 sibi
1347 654 1663 723 utpropria
1723 655 2027 723 ascribens,

443 740 693 795 videlicet
745 740 1040 810 proditoris
1070 739 1224 796 Iudae
1257 744 1580 812 perniciem,
1614 745 1896 816 totiusque
1932 746 2030 802 Ju-

444 833 614 888 daicte
640 834 819 904 gentis
851 833 1069 889 ruinam
1095 855 1107 889 :
1131 836 1198 891 de
1233 838 1454 906 quibus,
1491 841 1649 910 quasi
1672 840 1739 895 de
1772 841 1897 898 filiis
1927 843 2029 897 im-

442 925 650 997 probis,
680 927 986 996 iniquitatis
1038 943 1152 983 suae
1203 944 1370 984 causa
1420 933 1814 1001 pereuntibus,
1856 935 2029 989 vehe-

442 1018 610 1073 menti
654 1017 1040 1075 miserationis
1070 1028 1125 1075 et
1169 1021 1526 1079 humanitatis
1587 1023 1784 1080 aﬂ‘ectu
1837 1042 2024 1082 eorum

442 1111 585 1165 mala
625 1111 691 1165 ad
730 1126 1023 1182 personam
1069 1112 1349 1183 propriam
1384 1112 1653 1181 referens,
1696 1116 2027 1187 ingemisce-

439 1204 553 1259 bat.
608 1202 666 1258 ιιι
713 1219 879 1274 porro
909 1204 1183 1276 intelligas
1221 1205 1267 1262 si
1299 1206 1386 1262 his
1414 1207 1695 1278 prophetae
1721 1210 1902 1265 verbis
1942 1217 2025 1262 at-

437 1295 630 1350 tendas
660 1294 800 1350 :Hic
827 1305 1043 1367 peccata
1068 1306 1254 1352 nostra
1294 1308 1495 1367 portat,
1526 1310 1575 1353 et
1601 1315 1696 1369 pro
1726 1300 2026 1355 nobis-cru-

437 1389 614 1442 ciatur
633 1390 697 1441 ιο.
718 1387 899 1455 Quare
913 1404 1101 1445 eorum
1116 1391 1289 1460 gratia
1302 1390 1490 1446 dolore
1501 1391 1729 1448 affectus
1751 1394 2022 1448 exclama-

436 1480 530 1536 bat
555 1481 745 1536 dicens
780 1500 793 1535 :
829 1479 895 1534 In
931 1498 1013 1535 me
1057 1482 1384 1551 transierunt
1412 1483 1507 1537 ira:
1533 1491 1657 1544 tute,
1690 1493 1917 1539 terrores
1944 1486 2021 1538 tui

435 1572 876 1628 conturbauerunt
906 1590 1006 1628 me.
1030 1570 1264 1629 Videbat
1294 1574 1440 1628 enim
1468 1589 1578 1629 non
1606 1575 1679 1629 ita
1705 1576 1877 1630 multo
1900 1584 2022 1647 post

434 1657 722 1719 venturam
770 1663 932 1730 iram,
971 1677 1093 1734 quae
1142 1652 1328 1718 Omnia
1364 1663 1473 1719 illis
1505 1672 1739 1734 augusta
1774 1673 1828 1719 et
1859 1681 2022 1721 vene-

2139 456 2477 540 Περίλυπός
2515 474 2689 527 ἐστιν
2711 474 2749 538 ri
2789 476 2954 543 ψυχή
2982 493 3106 544 μου
3138 477 3251 545 ἓως
3284 456 3545 536 θανάτου
3568 497 3582 509 ’
3620 482 3706 535 καὶ

2136 562 2204 615 τὰ
2236 561 2398 615 λοιπὰ
2421 562 2480 615 δὲ
2514 562 2654 616 κατά
2685 564 2784 635 τὴν
2814 564 3054 635 ἱστορίαν
3084 566 3405 639 ἐπληροῦτο.
3428 570 3519 622 ὅτε
3549 587 3706 624 καταο

2136 653 2385 716 λιπόντες
2408 654 2568 706 αὑτὸν
2590 654 2641 706 οἱ
2682 654 2971 708 ἀπόστολοι
3000 655 3207 726 ᾤχοντο
3225 675 3239 688 ο
3263 660 3292 712 ὁ
3312 659 3369 712 δὲ
3400 660 3605 732 Πέτρος
3623 663 3707 715 καὶ

2135 743 2314 814 τρίτον
2351 744 2515 796 αὑτὸν
2560 745 2858 815 ἠρνήσατο.
2905 747 3012 799 Καὶ
3062 747 3237 813 ἄλλως
3278 750 3335 803 δέ
3381 750 3451 803 τά
3495 752 3707 822 προκεί-

2139 852 2277 906 μενα
2319 836 2535 889 ἅπαντα
2589 836 2863 905 ἔφασκεν,
2929 839 3354 911 ίδιοποιούμενος
3394 843 3464 896 τὰ
3515 844 3707 914 ἐτέρων

2136 927 2313 981 κακά’
2352 926 2496 996 λέγω
2532 928 2590 981 δὲ
2628 928 2724 981 τοῦ
2757 930 3019 1001 προδότου
3063 932 3235 985 Ἰούδα
3278 934 3378 1005 τὴν
3413 934 3705 996 ἀπώλειαν.

2135 1016 2342 1071 καὶτοῦ
2365 1018 2566 1081 παντὸς
2603 1019 2870 1074 Ἰουδαίων
2897 1020 3084 1086 ἐθνους
3115 1023 3214 1093 τὴν
3242 1025 3562 1079 ἀπόπτωσιν
3581 1044 3595 1055 ⁸
3633 1029 3709 1098 ἐφ’

2132 1102 2214 1171 οἷς
2244 1107 2311 1159 δι’
2344 1107 2649 1178 ὑπερϐολὴν
2684 1110 3089 1182 εὐσπλαγχνίας
3142 1116 3237 1167 καὶ
3284 1116 3709 1188 φιλανθρωπίας,

2130 1199 2207 1262 ὡς
2228 1200 2312 1268 ἐφ’
2326 1199 2458 1263 υἱοῖς
2476 1203 2750 1271 πονηροῖς,
2769 1201 2858 1255 διὰ
2870 1204 2969 1267 τὰς
2980 1204 3161 1258 αὐτῶν
3186 1207 3386 1270 κακίας
3405 1208 3614 1262 ἀπολλυ
3622 1211 3710 1279 μὲ-

2132 1305 2243 1351 νοις
2249 1312 2271 1352 τ’
2281 1286 2451 1341 ταῦτα
2462 1292 2542 1352 εἰς
2554 1288 2746 1342 ἐαυτοῦ
2762 1292 3052 1362 πρόσωπον
3063 1293 3237 1347 ἀναλα
3244 1294 3487 1365 μϐἀνων,
3502 1298 3711 1353 ἀπωδῇ-

2132 1397 2275 1451 ρετο.
2296 1381 2344 1435 Ν
2347 1384 2409 1454 οή
2417 1399 2474 1435 σε
2484 1400 2531 1446 ις
2544 1382 2601 1435 δὲ
2612 1380 2770 1436 τοῦτο
2795 1384 3095 1456 ἐπιστήσας
3109 1386 3187 1440 τῶ
3201 1387 3415 1457 λέγοντι
3432 1394 3709 1464 προφήτῃσ

2140 1468 2336 1539 Οὗτος
2375 1472 2483 1538 τὰς
2510 1472 2801 1542 ἁμαρτίας
2830 1472 3001 1542 ἡμῶν·
3023 1474 3207 1544 φέρει,
3259 1479 3361 1532 καὶ
3390 1480 3527 1547 περὶ
3549 1481 3714 1551 ἡμῶν

2130 1562 2434 1620 όὸυνᾶται.
2475 1564 2568 1617 Διὸ
2601 1564 2740 1635 ὑπὲρ
2780 1565 2961 1619 αὐτῶν
2996 1567 3332 1639 ὀδυνώμενος
3353 1571 3484 1624 ἐϐόα
3504 1572 3711 1641 λέγων*

2141 1657 2258 1711 Ἐπ’
2286 1656 2391 1727 ἐμὲ
2432 1655 2682 1725 διῆλθον
2733 1660 2793 1713 al
2836 1659 3006 1728 ὀργαί
3042 1674 3158 1714 σου
3190 1702 3205 1727 ,
3262 1662 3316 1714 οἱ
3363 1665 3715 1733 φοϐερισμοί

434 1756 606 1811 randa
645 1756 714 1812 de
745 1756 927 1811 medio
975 1756 1232 1823 sustulit;
1266 1755 1342 1809 ita
1372 1763 1434 1811 ut
1480 1755 1683 1811 Sancta
1709 1763 2011 1812 sanctorun

2130 1768 2247 1807 σου
2302 1750 2670 1820 ἐξετάραξάν
2701 1771 2798 1823 με.
2861 1754 3039 1827 Ἐώρα
3080 1754 3189 1828 γὰρ
3225 1755 3323 1828 τὴν
3362 1757 3463 1811 οὐκ
3492 1760 3575 1822 εἰς
3615 1776 3713 1828 μα-

431 1856 486 1903 ct
524 1850 697 1904 altare
739 1862 770 1901 a
814 1846 1188 1904 fundamentis
1220 1846 1593 1912 diruerent'ur,
1626 1863 1894 1920 regesque
1927 1864 2024 1905 eo-

431 1954 552 1994 rum
605 1938 698 2010 qui
752 1937 1013 1992 diuturna
1060 1945 1345 1993 atavorum
1393 1938 1748 1995 successione
1790 1938 1858 1993 ad
1889 1938 2023 1994 illud

431 2046 608 2101 usque
667 2038 884 2102 tempus
937 2031 1292 2096 devenerant,
1339 2029 1501 2086 finem
1534 2028 1842 2100 imperandi
1873 2028 2023 2086 face-

431 2130 585 2190 rent;
611 2122 704 2192 jus
733 2130 788 2179 et
815 2121 1048 2179 facultas
1072 2124 1164 2178 illa
1194 2124 1312 2181 suis
1338 2122 1559 2178 vivendi
1587 2122 1823 2194 legibus,
1854 2137 1962 2194 qua
1990 2136 2023 2176 a

431 2215 752 2287 longissimo
786 2233 901 2272 aevo
933 2217 1014 2271 usi
1040 2215 1280 2281 fuerant,
1301 2216 1491 2286 legalis
1530 2215 1716 2271 cultus
1744 2231 1869 2271 cum
1901 2215 2023 2286 ipso

429 2310 766 2376 sacerdotio,
793 2325 858 2367 ac
886 2309 1116 2379 reliquis
1142 2310 1384 2365 ducibus
1418 2308 1875 2380 principibusque
1903 2310 2021 2366 suis

427 2410 944 2479 exstinguerentur;
977 2409 1051 2461 ita
1082 2415 1142 2461 ut
1173 2422 1242 2462 ne
1264 2406 1558 2478 vestigium
1580 2406 1800 2478 quidem
1828 2421 2018 2462 eorum

429 2497 500 2554 ad
552 2499 655 2553 hoc
702 2514 879 2569 usque
936 2507 1154 2568 tempus
1210 2496 1494 2554 residuum
1546 2499 1833 2556 manserit.
1888 2498 2021 2566 Quae

340 2592 345 2603 '
428 2587 614 2641 omnia
658 2588 901 2658 perpessi
950 2598 1103 2653 sunt,
1125 2589 1215 2650 ira,
1238 2588 1337 2645 Dei
1367 2605 1481 2644 non
1512 2590 1612 2644 diu
1646 2599 1773 2661 post
1805 2594 2020 2661 passio-

428 2692 552 2732 nem
582 2679 724 2748 ejus,
753 2680 822 2735 ob
851 2680 1092 2736 admissa
1126 2689 1318 2736 contra
1350 2682 1826 2753 ipsum'facinora,
1848 2691 2017 2738 totam

426 2780 618 2821 eorum
655 2776 871 2839 gentem
900 2768 1211 2826 invadente.
1244 2769 1377 2837 Quae
1415 2773 1532 2842 ipse
1564 2772 1910 2844 significabat
1931 2774 2017 2831 his

426 2857 629 2925 verbis,
663 2856 724 2912 In
770 2875 851 2913 me
902 2859 1228 2913 transierunt
1272 2861 1369 2914 ira:
1422 2870 1548 2927 tute,
1583 2877 1648 2917 ac
1691 2862 1738 2918 si
1786 2862 2014 2929 diceret,

432 2946 656 3017 Propter
692 2966 802 3013 me;
842 2952 957 3006 sive
979 2952 1279 3007 secundum
1310 2951 1723 3025 Symmachum,
1759 2955 1866 3010 Per
1896 2972 2010 3017 me;

425 3042 555 3111 quia
614 3044 920 3099 secundum
977 3046 1056 3099 rei
1100 3046 1386 3101 veritatem
1415 3046 1545 3101 talia
1576 3055 1800 3118 propter
1833 3048 2011 3117 ipsum

423 3136 573 3204 passi
614 3143 763 3191 sunt.
798 3135 914 3191 Imo
957 3138 1122 3194 etiam
1168 3139 1386 3193 illorum
1420 3139 1631 3195 cladem
1664 3140 2012 3210 prospiciens

422 3227 658 3292 dicebat,
719 3228 968 3284 Terrores
1016 3232 1091 3285 tui
1139 3232 1582 3285 conturbauerunt
1630 3245 1732 3287 me.
1782 3231 2013 3286 Etiamsi

421 3322 569 3377 enim
605 3330 852 3378 terrores
883 3323 1000 3389 Dei,
1028 3339 1169 3394 quos
1195 3325 1330 3395 ipsis
1362 3326 1642 3395 propheta:
1690 3324 2005 3379 intermina-

420 3413 643 3479 bantur,
661 3431 756 3470 eos
774 3417 843 3471 ob
860 3416 1116 3472 duritiem
1136 3417 1319 3473 cordis
1352 3433 1464 3472 non
1480 3417 1867 3473 conturbarent
1889 3434 1904 3485 ;
1925 3431 2012 3471 me

420 3515 626 3570 tamen,
646 3506 847 3578 inquit,
867 3510 961 3579 qui
979 3500 1309 3565 terribilium
1331 3524 1648 3564 sermonum
1663 3516 1882 3563 tuorum
1896 3508 2011 3563 exi-

419 3607 535 3651 tum
581 3599 981 3669 prospicerem,
1018 3610 1257 3657 terrores
1280 3591 1364 3654 tui
1398 3600 1885 3655 conturbaverunt.
1919 3596 2010 3653 Sic

417 3689 605 3760 itaque
638 3691 709 3745 ob
741 3707 931 3747 eorum
973 3692 1287 3762 impietates
1309 3691 1526 3748 Patrem
1557 3706 1659 3762 pro
1682 3691 1794 3747 illis
1816 3689 2011 3761 depre-

415 3795 573 3847 cans,
610 3784 797 3840 animo
829 3785 985 3840 valde
1008 3794 1263 3849 mmstus,
1297 3785 1657 3856 ipsorumque
1700 3798 1867 3839 causa
1892 3791 2010 3837 tur-

414 3875 597 3941 batus,
627 3879 805 3940 tristis
834 3885 951 3933 erat
976 3890 1151 3948 usque
1179 3877 1247 3932 ad
1283 3886 1512 3933 mortem
1549 3898 1561 3932 :
1596 3878 1724 3947 quia
1754 3877 2002 3932 immine-

413 3970 550 4025 bant
600 3972 707 4028 illis
757 3973 851 4026 irae
898 3972 991 4026 Dei
1025 3974 1164 4038 tela;
1200 3972 1275 4025 ita
1309 3980 1369 4025 ut
1401 3973 1701 4035 orationes,
1735 3986 1873 4041 quas
1909 3985 2009 4040 pro

414 4063 525 4117 illis
576 4064 885 4124 emittebat,
912 4063 1055 4116 nihil
1108 4063 1212 4117 loci
1260 4063 1561 4130 baberent:
1596 4078 1766 4131 quare
1794 4076 1920 4116 cum
1950 4061 2007 4115 in

412 4154 725 4225 Evangeliis
758 4170 967 4224 pronus
995 4162 1049 4209 et
1078 4156 1449 4224 procumbens
1482 4156 1535 4208 in
1569 4155 1760 4209 faciem
1787 4154 2007 4223 iacens—

411 4261 517 4315 que
548 4254 737 4314 preces
781 4246 1075 4311 emilteret,
1120 4247 1344 4315 haecque
1386 4247 1650 4300 clamaret
1678 4262 1694 4299 :
1727 4244 1917 4311 Pater,
1953 4245 2004 4297 si

409 4337 661 4406 possibile
688 4346 786 4402 est,
814 4348 1053 4392 transeat
1077 4356 1109 4393 a
1151 4355 1232 4392 me
1261 4339 1405 4392 calix
1430 4338 1528 4391 iste
1556 4337 1595 4367 “
1618 4354 1634 4402 ;
1664 4336 1881 4399 deinde,
1911 4335 2005 4391 ubi

2124 1845 2260 1916 ηκρὸν
2323 1846 2757 1918 ἐπελευσομένην
2829 1847 3013 1911 αὐτοῖς
3056 1848 3226 1920 ὀργὴν
3252 1888 3268 1913 ,
3333 1850 3459 1919 ἥτις
3536 1854 3714 1906 αὐτῶν

2126 1934 2336 2007 ἀθρόως
2377 1936 2445 1990 τὰ
2498 1936 2673 2006 σεμνά
2720 1937 2899 1992 πάντα
2942 1938 3278 2011 ἐξηφάνισεν
3315 1956 3329 1971 ο
3378 1941 3457 2004 ὡς
3491 1943 3563 1996 τὰ
3620 1944 3713 2014 μὲν

2128 2030 2295 2098 ’Ἀγια
2319 2028 2440 2081 τῶν
2480 2027 2684 2097 ἁγίων,
2732 2031 2826 2081 καὶ
2864 2028 2927 2083 τὸ
2959 2029 3340 2103 θυσιαστήριον
3384 2034 3450 2086 ἐκ
3495 2034 3712 2107 βάθρων

2124 2119 2461 2186 ἀπολέσθαι,
2502 2119 2758 2191 βασιλέας
2803 2121 2862 2175 δὲ
2900 2121 3104 2186 αὐτῶν,
3151 2125 3280 2189 τοὺς
3318 2126 3385 2178 ἐκ
3429 2128 3713 2195 προγόνων

2121 2212 2375 2283 διαδοχῆς
2407 2213 2487 2276 εἰς
2507 2212 2685 2265 ἐκεῖνο
2719 2210 2914 2284 καιροῦ
2934 2212 3365 2285 νδιάρκέσαντας,
3401 2216 3715 2286 καταλυθῆ-

2123 2326 2231 2373 ναι,
2277 2308 2379 2379 τήν
2418 2323 2478 2360 τε
2512 2306 2846 2377 αὐτονομίαν
2884 2307 3108 2379 καθ’νῆν
3142 2307 3203 2375 ἐξ
3248 2308 3445 2372 αἰῶνος
3494 2308 3711 2381 μακροῦ

2121 2402 2533 2465 ἐπολιτεύοντο,
2569 2400 2665 2455 καὶ
2695 2400 2796 2470 τὴν
2843 2402 2986 2456 κατὰ
3031 2402 3228 2473 νόμους
3270 2401 3530 2473 λατρείαν
3570 2403 3708 2473 αὐτῇ

2121 2495 2388 2569 ἱερωσύνῃ
2440 2493 2535 2548 καὶ
2589 2495 2701 2556 τοῖς
2741 2494 2953 2557 λοιποῖς
2997 2494 3233 2565 ἡγεμόσι
3268 2511 3336 2549 τε
3385 2494 3569 2548 αὐτῶν
3620 2495 3710 2548 καὶ.

2119 2588 2375 2661 ἄρχουσιν
2403 2583 2847 2657 ἀποσϐεσθῆναι·
2881 2585 2959 2648 ὡς
2990 2585 3123 2658 μηδὲ
3157 2587 3300 2657 ἴχνος
3323 2585 3506 2639 αὐτῶν
3539 2588 3707 2639 εἰσέτι

2119 2679 2215 2733 νῦν
2254 2678 2687 2751 περιλείπεσθαι.
2723 2678 2790 2730 "A
2813 2676 2878 2749 δὴ
2911 2678 3090 2732 πάντα
3119 2678 3449 2731 πεπόνθασιν
3480 2679 3588 2732 ὑπὸ
3608 2679 3705 2749 τῆς

2118 2773 2286 2845 ὀργῆς
2314 2770 2410 2824 τοῦ
2443 2770 2602 2835 Θεοῦ,
2636 2772 2736 2843 τῆς
2773 2772 2875 2825 ούκ
2901 2773 2983 2835 είς
3024 2771 3233 2844 μακρὸν
3263 2770 3402 2842 μετά
3436 2773 3502 2825 τὸ
3534 2772 3704 2836 πάθος

2118 2865 2284 2920 αὐτοῦ
2332 2864 2393 2918 τὸ
2440 2866 2549 2918 πᾶν
2602 2864 2786 2917 αὐτῶν
2835 2864 2987 2929 ἔθνος
3041 2863 3455 2935 καταλαϐούσης
3497 2864 3588 2918 διὰ
3639 2865 3704 2918 τὰ

2116 2957 2497 3028 τετολμημένα
2527 2958 2712 3020 αὐτοῖς
2734 2959 2855 3009 κατ’
2888 2955 3054 3010 αὑτοῦ
3075 2974 3088 2987 ·
3123 2956 3158 3010 ἀ
3179 2956 3243 3027 δὴ
3274 2956 3461 3027 ἐδήλου
3491 2956 3667 3025 λέγων
3688 2974 3701 2985 ·

2130 3050 2255 3102 Ἐπ’
2286 3047 2392 3118 ἐμὲ
2429 3049 2687 3118 διῆλθον
2720 3054 2778 3104 αἱ
2828 3050 2999 3119 ὀργαί
3035 3065 3153 3104 σου
3187 3066 3202 3081 ο
3224 3049 3372 3103 ὡσεὶ
3396 3049 3551 3118 ἔλεγε
3573 3089 3591 3112 ,
3620 3047 3702 3103 Δι’

2037 3104 2080 3161 C
2111 3139 2217 3209 ἐμέ
2238 3157 2251 3169 ο
2287 3104 2331 3211 ἢ⁶
2353 3139 2497 3194 κατὰ
2516 3104 2609 3193 τὸν
2638 3104 2955 3211 Σύμμαχον,
2981 3141 3064 3192 Δι’
3085 3140 3233 3209 ἐμοῦ
3252 3157 3264 3170 ·
3297 3138 3421 3193 ἐπεὶ
3444 3104 3541 3194 ataui.
3561 3104 3702 3193 κατὰ

2111 3232 2203 3285 τὸν
2229 3231 2400 3303 ἀληθῆ
2450 3232 2606 3301 λόγον
2648 3233 2718 3286 δι’
2735 3233 2898 3286 αὐτὸν
2931 3230 3103 3285 ταῦτα.
3138 3232 3315 3287 πάντα
3344 3231 3697 3287 πεπόνθασιν.

2125 3324 2286 3377 Ἀλλὰ
2333 3326 2429 3379 καὶ
2473 3325 2943 3401 πρωρῶνοαύτῶν
2986 3325 3079 3379 τὸν
3120 3325 3342 3396 ὄλεθρον
3382 3325 3602 3393 ἐλεγεν³
3637 3328 3700 3379 οι

2111 3415 2466 3485 φοϐερισμοί
2510 3430 2628 3470 σου
2670 3413 3045 3483 ὲξετὰραξὰν
3086 3431 3182 3485 με.
3234 3416 3297 3469 Εἰ
3333 3415 3444 3485 γάρ
3494 3417 3590 3469 καὶ
3634 3416 3700 3468 τὰ

2116 3506 2354 3578 μάλιστα
2400 3507 2488 3562 διὰ
2526 3508 2626 3579 τὴν
2664 3509 3020 3578 ἀναισθησίαν
3064 3508 3165 3561 ούκ
3211 3508 3513 3580 ἐτάραττον
3558 3510 3697 3561 ἐκείο

2112 3616 2236 3663 νους
2271 3601 2323 3653 οἱ
2353 3599 2443 3653 διά
2482 3600 2590 3653 τῶν
2622 3600 2921 3672 προφητῶν
2962 3600 3347 3670 ἀπειλούμενοι
3372 3602 3495 3653 κατ’
3519 3601 3695 3654 αὐτῶν

2112 3690 2439 3761 φοϐερισμοὶ
2471 3690 2566 3743 τοῦ
2595 3690 2753 3753 Θεοῦ,
2801 3690 2919 3743 ἀλλ’
2948 3691 3068 3760 ἐμὲ,
3109 3691 3293 3761 φησὶν,
3333 3689 3551 3761 ὁρῶντα
3589 3691 3693 3743 τῶν

2112 3782 2362 3855 φοΰερῶν
2414 3800 2515 3836 σου
2554 3783 2731 3851 λόγων
2778 3784 2879 3847 τὰς
2922 3783 3208 3849 ἐκϐάσεις,
3244 3785 3607 3856 ἐξετάρασσον
3647 3785 3694 3837 οἱ

2111 3869 2436 3941 φοὸερισμοί
2466 3887 2582 3924 σου.
2617 3868 2809 3935 Οὕτως
2843 3867 2935 3925 οὖν
2974 3872 3064 3926 διὰ
3102 3873 3199 3937 τὰς
3239 3875 3466 3929 ἐκείνων
3498 3876 3689 3930 δυσσε-

2110 3958 2265 4023 ὃείας
2296 3960 2636 4033 παρακαλῶν
2668 3963 2762 4017 τὸν
2803 3965 3027 4035 Πατέρα
3057 3965 3197 4037 ὑπὲρ
3223 3966 3425 4029 αὐτῶν,
3464 3968 3560 4021 καὶ
3594 3967 3688 4036 τὴν

2107 4048 2283 4120 ψυχὴν
2308 4051 2634 4122 ὑπεραλγῶν
2659 4053 2753 4105 καὶ
2783 4052 2851 4106 δι’
2880 4055 3079 4118 αὐτοὺς
3101 4056 3521 4126 ταραττόμενος,
3540 4057 3686 4126 περί·

2108 4140 2277 4204 λυπος
2314 4136 2383 4212 ἦν
2427 4142 2589 4215 μέχρι
2628 4142 2896 4198 θανάτουο
2929 4146 3117 4217 ἐπειδὴ
3155 4145 3224 4199 τὰ
3259 4148 3357 4216 τῆς
3392 4146 3564 4218 ὀργῆς
3597 4144 3685 4197 τοῦ

2108 4233 2242 4287 Θεοῦ
2275 4234 2523 4307 σφοδρῶς
2555 4236 2810 4291 ἐπέκειτο
2840 4239 2964 4291 κατ’
2994 4240 3192 4303 αὐτῶν,
3228 4239 3304 4301 ὡς
3327 4239 3459 4309 μηδὲ
3488 4238 3684 4307 τυγχά-

2106 4344 2218 4380 νειν
2251 4327 2361 4380 τῶν
2393 4327 2588 4398 εὐχῶν,
2636 4323 2713 4382 ὧν
2741 4331 3059 4403 ἀνέπεμπεν
3092 4332 3233 4402 ὑπὲρ
3261 4330 3440 4384 αὐτῶν
3463 4348 3476 4360 ·
3520 4331 3585 4383 δι’
3610 4324 3678 4382 ὧν

408 4427 546 4485 vidit
574 4427 750 4485 Patris
774 4430 1109 4485 voluntatem
1140 4430 1406 4505 abnuere,
1431 4418 1736 4498 subiunxit,
1778 4426 2003 4481 Verum-

2117 4418 2443 4491 παρακαλῶν
2480 4421 2574 4473 καὶ
2601 4421 2856 4491 δεόμενος
2885 4425 2942 4476 ἐν
2971 4426 3082 4487 τοῖς
3119 4422 3472 4490 Εύαγγελίοις
3529 4437 3682 4493 προσο

409 4527 585 4572 tamen
614 4536 719 4573 non
763 4522 898 4574 sicut
914 4510 1011 4589 ego
1039 4519 1179 4584 volo,
1210 4518 1301 4573 sed
1332 4519 1468 4574 sicut
1501 4526 1556 4569 tu
1571 4517 1635 4572 εί.
1665 4514 1731 4569 Et
1754 4515 2000 4571 secundo

2117 4511 2340 4564 ἔπιπτεν
2383 4513 2599 4584 πρηνής
2634 4531 2694 4566 τε
2736 4515 2877 4568 κατά
2926 4513 3217 4587 προσώπου
3251 4514 3503 4585 κείμενος
3525 4512 3678 4575 ἐϐόα,

407 4608 600 4664 abiens
627 4610 942 4680 procumbit
969 4610 1023 4663 in
1057 4609 1275 4673 faciem,
1294 4616 1349 4663 et
1382 4609 1467 4663 his
1493 4606 1673 4663 verbis
1701 4616 1858 4660 orat:
1887 4605 2000 4659 Pa-

407 4708 506 4765 ter,
540 4701 587 4754 si
638 4700 890 4770 possibile
943 4718 1045 4755 non
1084 4713 1160 4755 est
1195 4711 1254 4753 ut
1281 4701 1365 4754 hic
1395 4708 1655 4762 transeat,
1690 4699 1792 4752 nisi
1823 4697 1997 4751 bibam

404 4791 583 4856 illum,
621 4793 717 4862 ﬁat
749 4796 993 4847 voluntas
1027 4802 1121 4845 tua
1142 4793 1221 4856 ¹³;
1257 4806 1321 4844 ac
1342 4791 1503 4846 tertio
1535 4789 1815 4861 profectus
1844 4804 2001 4844 eum-

404 4884 528 4939 dem
588 4899 895 4939 sermonem
929 4885 1178 4954 protulit.
1206 4883 1388 4950 Quare
1418 4883 1655 4952 idipsum
1689 4882 1774 4936 his
1812 4881 1996 4937 verbis

404 4971 749 5041 signiﬁcabat
778 4989 794 5027 :
828 4972 1046 5043 thuid,
1066 4973 1311 5040 Domine,
1334 4975 1541 5043 repellis
1559 4974 1793 5026 animam
1807 4988 2000 5031 meam,

402 5064 597 5117 avertit
654 5064 847 5132 faciem
883 5074 1030 5118 tuam
1077 5083 1111 5119 a
1160 5069 1283 5122 me?
1306 5075 1361 5121 et
1394 5067 1549 5130 illud,
1572 5064 1637 5118 In
1661 5082 1741 5119 me
1765 5066 1993 5118 transie-

400 5164 529 5207 runt
576 5156 672 5209 ira:
740 5166 889 5220 tute,
959 5165 1185 5211 terrores
1242 5160 1320 5211 tui
1366 5157 1810 5212 conturbauerunt
1873 5172 1976 5210 me.

402 5245 608 5301 Videns
644 5255 825 5303 autem
854 5248 1011 5320 longe
1040 5263 1071 5302 a
1100 5249 1278 5304 salute
1323 5248 1419 5304 Dei
1450 5250 1725 5305 excidisse
1755 5264 1852 5304 eos
1881 5263 1982 5318 pro

401 5339 603 5409 quibus
650 5342 926 5398 orationes
978 5341 1312 5404 effundebat,
1346 5357 1447 5413 pro
1496 5342 1689 5398 iisdem
1732 5341 1834 5396 sibi
1881 5356 1979 5411 pa-

400 5444 545 5487 trum
584 5449 809 5488 suorum
839 5449 1004 5492 causa
1031 5434 1855 5498 cbarissimisetdilectissimis,
1881 5434 1982 5488 di-

401 5526 559 5581 cebat
593 5542 603 5580 :
636 5512 917 5598 Elongasti
946 5547 978 5583 a
1008 5546 1087 5583 me
1114 5529 1343 5583 amicum
1369 5537 1418 5582 et
1440 5529 1762 5597 proximum,
1791 5536 1839 5581 et
1885 5544 1977 5580 no-

2109 4602 2329 4670 Πάτερ,
2364 4601 2558 4671 λέγων,
2599 4606 2655 4657 εἰ
2686 4604 2969 4670 δυνατὸν,
3006 4605 3345 4674 παρελθέτω
3388 4606 3454 4659 τὸ
3508 4603 3680 4667 zoni-

2100 4710 2239 4762 ριον
2282 4692 2461 4748 τοῦτο
2501 4695 2604 4749 ἀπ’
2636 4696 2784 4764 ἐμοῦ
2806 4714 2819 4726 ·
2855 4692 2952 4749 εἷθ’
2990 4696 3133 4769 ὁρῶν
3178 4696 3541 4751 ἀνανεύουσαν
3587 4693 3678 4763 τὴν

2107 4785 2323 4858 βουλὴν
2344 4786 2441 4840 τοῦ
2492 4787 2741 4859 Πατρὸς,
2790 4789 3023 4859 ἐπέφερε
3045 4806 3058 4819 ο
3090 4788 3265 4856 Πλὴν
3291 4787 3428 4842 ἀλλ’
3456 4790 3567 4855 οὐχ
3602 4787 3677 4850 ὠς

2103 4878 2218 4947 ἐγὼ
2244 4879 2420 4944 θέλω,
2453 4881 2592 4933 ἀλλ’
2627 4881 2709 4947 ὠς
2732 4883 2833 4935 σύ.
2871 4883 2981 4935 Καὶ
3012 4882 3259 4953 δεύτερον
3292 4880 3562 4943 ἀπελθὼν,
3590 4878 3676 4930 ἐπὶ

2108 4973 2402 5043 πρόσωπον
2440 4974 2650 5037 πίπτει,
2698 4975 2793 5027 καὶ
2832 4973 3189 5043 προσεύχεται
3222 4974 3425 5041 λέγων·
3467 4970 3669 5037 Πάτερ.

2099 5068 2153 5118 ει
2180 5067 2252 5119 οὐ
2282 5064 2534 5119 δύναται
2562 5066 2739 5120 τοῦτο
2766 5065 3101 5134 παρελθεῖν,
3131 5065 3239 5119 ἐὰν
3255 5065 3341 5134 μὴ
3370 5065 3517 5118 αὐτὸ
3545 5062 3668 5123 πίω,

2095 5159 2400 5230 γενηθήτω
2417 5162 2481 5215 τὸ
2502 5159 2737 5230 θέλημά
2748 5178 2862 5215 σου
2884 5176 2896 5189 ’
2920 5161 3011 5213 καὶ
3023 5160 3205 5232 τρίτον
3220 5159 3275 5212 δὲ
3292 5157 3576 5230 πορευθεὶς
3586 5157 3668 5209 τὸν

2101 5252 2263 5305 αὑτὸν
2278 5251 2433 5321 λόγον
2450 5251 2744 5325 προῦφερε.
2770 5252 2861 5305 Διὸ
2882 5251 2943 5322 δὴ
2958 5251 3129 5304 ταῦτα
3165 5249 3441 5321 σημαίνων
3474 5249 3565 5301 καὶ
3586 5246 3665 5300 διὰ

2087 5343 2198 5397 τῶν
2218 5345 2593 5416 προκειμένων
2604 5345 2789 5413 ἔλεγεν
2804 5361 2817 5374 ·
2838 5345 2970 5399 Ἵνα
2986 5344 3042 5396 τί
3060 5383 3074 5407 ,
3095 5339 3547 5410 Κύριε,ἀπωθεῑς
3562 5336 3665 5403 τὴν

2088 5435 2301 5504 ψυχήν
2321 5455 2461 5507 μου,
2500 5435 2901 5505 ἀποστρέφεις
2941 5434 3008 5489 τὸ
3057 5434 3381 5502 πρόσωπόν
3414 5447 3529 5486 σου
3569 5426 3661 5484 ἀπ’

2086 5528 2270 5597 ὲμοῦ;
2306 5530 2400 5584 καὶ
2428 5530 2516 5597 τὸ,
2560 5531 2687 5585 Ἐπ’
2726 5529 2833 5599 ἐμὲ
2871 5526 3119 5597 διῆλθον
3160 5531 3217 5581 at
3255 5527 3423 5597 ὀργαί
3453 5521 3659 5591 σου,οι

475 5705 516 5734 ¹⁶
557 5701 660 5758 lsa.
697 5720 821 5769 Llll,
862 5705 913 5760 5.
992 5707 1025 5736 “
1076 5704 1262 5760 Matth.
1305 5720 1433 5761 xxw
1460 5746 1473 5771 ,
1513 5706 1601 5762 59.
1681 5705 1724 5737 ¹²
1768 5703 1903 5760 ibid.
1987 5704 2002 5735 ¹

2117 5703 2206 5760 ἠύ.
2246 5704 2335 5759 42.
