3974 6540
288 335 428 391 1069
1456 345 1963 407 COMMENTARIA
2006 353 2073 408 IN
2111 353 2452 412 PSALMOS.
3420 365 3556 419 1070

283 450 634 541 ροϐερισμοί
666 466 783 508 σου
811 454 1183 525 ἑξετάραξάν
1204 476 1301 529 με.
1348 459 1522 533 Ὁρῶν
1554 465 1610 518 δὲ
1647 469 1852 541 μακράι

1982 480 2048 526 tos
2108 492 2248 529 meos
2305 493 2337 529 a
2394 476 2629 531 miseria.
2662 475 2872 531 Iudicat
2902 487 3082 533 autem
3116 495 3210 535 eos
3243 480 3295 534 in
3326 478 3551 538 Judaica

284 539 651 606 ἐκπίπτοντας
682 544 780 615 τῆς
830 545 923 598 τοῦ
969 546 1105 601 Θεοῦ
1153 550 1425 623 σωτηρίας
1465 555 1592 618 τοὺς
1620 539 1853 627 ὑπὲρήῶι

1983 574 2134 634 gente
2155 569 2248 637 qui
2280 568 2490 638 pridem
2513 568 2635 622 noti
2671 570 2772 624 sibi
2797 579 2849 625 et
2869 572 3030 625 amici
3052 579 3258 637 essent,
3292 574 3552 642 quoniam

282 630 381 693 τὰς
415 631 580 702 εὐχὰς
612 634 848 691 ἐποιεῖτο
881 639 1168 708 φιλτάτους
1207 642 1367 708 ὄντας
1401 645 1565 699 αὑτοῦ
1609 649 1704 701 καὶ
1734 650 1851 717 ἀγα·

1984 630 2238 724 portio-et
2270 630 2562 713 liaereditas
2610 658 2785 728 ipsius
2818 668 2997 724 erant,
3036 661 3130 715 sed
3162 664 3232 715 ob
3264 630 3419 715 suam
3463 663 3553 717 in-

282 724 489 792 πητοὺς
517 724 606 779 διὰ
632 728 757 793 τοὺς
782 731 1047 803 πατέρας,
1092 734 1306 803 ἔλεγεν·
1351 736 1729 807 Ἐμάκρυνας
1760 742 1851 795 ἀεί

1983 746 2351 804 credulitatem
2381 766 2512 804 vere
2536 751 2725 821 procul
2762 751 2831 805 ab
2855 766 2922 806 eo
2953 752 3148 807 remoti
3181 761 3344 817 sunt;
3378 761 3433 807 et
3458 755 3552 824 qui

275 813 426 882 ἐμοῦ
454 816 640 884 φίλον
664 821 763 873 καὶ
798 825 1084 890 πλησίον,
1112 828 1211 880 καὶ
1240 828 1383 896 τοὺς
1414 836 1722 902 γνωστούς
1740 854 1844 906 μοι

1985 838 2102 894 alim
2124 841 2283 895 amici
2323 841 2561 906 fuerant,
2591 858 2711 898 sese
2735 843 2993 899 inimicos
3029 844 3470 911 constituerunt;
3499 854 3554 902 et

276 905 396 958 ἀ.τό
432 911 854 979 ταλαιπωρίας.
897 916 1060 985 Δηλοῖ
1096 917 1153 970 δὲ
1192 920 1316 984 τοὺς
1338 923 1395 975 ἐν
1422 923 1502 995 τῷ
1539 925 1681 980 ἔθνει

1983 946 2095 985 :um
2137 932 2251 986 noti
2280 932 2400 1001 ejus
2440 942 2656 997 essent,
2695 934 3003 989 venientem
3036 936 3214 1003 ipsum
3242 950 3349 989 non
3382 950 3552 990 nove-

279 1000 440 1093 atobf
460 1001 619 1065 ὄντας
644 1004 808 1059 αὑτοῦ
838 1008 1100 1081 πρότερον
1124 1013 1218 1066 καὶ
1239 1013 1452 1083 φίλους·
1488 1018 1610 1072 ἐπεὶ
1637 1021 1732 1074 καὶ
1765 1021 1848 1092 μέ-

1983 1029 2115 1089 ·υιιι,
2143 1038 2320 1092 neque
2350 1032 2735 1093 susceperunt.
2770 1021 3015 1089 Quorum
3043 1025 3284 1078 onmium
3321 1041 3488 1081 causa
3522 1041 3552 1081 a

277 1107 372 1184 ρος
395 1087 536 1184 ἦσαν
562 1095 728 1150 αὑτοῦ
761 1100 858 1153 καὶ
891 1101 1225 1176 κληρονομία
1245 1124 1258 1137 ·
1292 1107 1408 1161 ἀλλ’
1436 1087 1846 1184 ἐμακρύνθησαι

1979 1110 2077 1167 Deo
2124 1114 2284 1184 longe
2325 1114 2456 1168 facti
2489 1122 2641 1180 sunt,
2676 1114 2750 1169 ob
2775 1114 3050 1170 miseriam
3082 1116 3337 1173 videlicet
3370 1133 3548 1172 suam.

275 1181 495 1277 ἀληθῶς
538 1187 632 1241 ἀπ’
677 1190 841 1244 αὑτοῦ
891 1192 981 1247 διὰ
1034 1196 1133 1268 τῆς
1173 1198 1382 1253 ἑαυτῶν
1418 1181 1713 1267 ἀπιστίαςο
1742 1181 1844 1258 .καῖ

1976 1203 2060 1261 Sic
2092 1181 2260 1277 igitur
2278 1222 2307 1260 a
2332 1207 2441 1261 Deo
2463 1208 2787 1263 exciderunt
2818 1209 3118 1264 secundum
3144 1210 3275 1264 illud
3299 1211 3504 1265 dictum
3533 1228 3545 1264 :

275 1273 444 1374 πάλαι
493 1278 644 1344 ὄντες
692 1281 861 1350 φίλοι,
915 1286 1144 1359 ἐχθροὺς
1190 1292 1417 1357 ἑαυτοὺς
1470 1296 1844 1369 κατέστησαν⁴

1981 1273 2231 1363 Quoniam
2253 1301 2342 1370 qui
2370 1300 2617 1370 etongant
2650 1318 2704 1356 se
2744 1319 2776 1356 a
2807 1312 2855 1357 te
2880 1304 3121 1373 peribunt
3142 1304 3205 1357 “.
3238 1303 3416 1374 Atque
3443 1304 3550 1359 liuc

271 1364 369 1467 καί
395 1369 627 1433 γνωστοὶ
664 1374 1024 1444 τυγχάνοντες
1063 1380 1248 1446 αὐτοῦ,
1297 1383 1522 1439 ἐλθόντα
1562 1364 1723 1442 αὐτὸν
1751 1390 1840 1443 οὐκ

1622 1364 1723 1442 abi.
1751 1390 1851 1443 οὐκ
1959 1392 2221 1447 desinunt
2245 1395 2441 1463 psalmi
2461 1393 2727 1448 Filiorum
2756 1395 2891 1450 Core
2921 1397 3191 1467 inscripti.

269 1454 623 1561 ἐπέγνωσαν,
677 1467 799 1521 οὐδὲ
849 1471 1231 1543 παρεδέξαντο.
1281 1470 1381 1531 Ὧν
1431 1479 1594 1535 ’ἑνεκα
1638 1484 1853 1537 πάντων
1893 1488 1989 1540 καὶ
2018 1488 2126 1540 ἀπὸ
2154 1488 2247 1541 τοῦ
2294 1487 2430 1541 Θεοῦ
2462 1488 2884 1561 ἐμακρύνθησαν
2912 1490 2977 1542 δι’
3003 1491 3180 1544 αἰτίαν
3211 1490 3312 1560 τῆς
3342 1491 3549 1545 ἑαυτῶν

267 1548 663 1650 ταλαιπωρίας.
731 1558 887 1613 Οὕτω
947 1562 993 1615 δ’
1067 1561 1161 1619 οὖν
1215 1569 1308 1621 καὶ
1366 1573 1757 1627 ἐκπεπτώκασι
1811 1577 1905 1630 τοῦ
1946 1577 2080 1631 Θεοῦ
2113 1579 2341 1633 κατὰτὸ
2399 1580 2607 1649 φάσκον
2642 1581 2842 1650 λόγιον,
2884 1582 3001 1635 Ὅτι
3044 1585 3097 1635 οἱ
3135 1584 3549 1650 μακρύνοντες

267 1642 522 1715 ἑαυτοὺς
580 1652 699 1705 ἀπὸ
748 1656 865 1710 σοῦ
900 1659 1287 1717 ἀπολοῦνται.
1324 1666 1434 1721 Καὶ
1473 1670 1554 1733 εἰς
1590 1670 1750 1725 τοῦτο
1791 1675 2189 1747 καταλήγουσιν
2226 1679 2275 1730 οἱ
2312 1642 2783 1750 ἐπιγεγραμμένοι
2826 1642 2934 1733 τῶν
2972 1678 3119 1733 υἱῶν
3135 1642 3287 1748 Ix’opii
3319 1642 3543 1751 ipalpol:

380 1788 764 1847 ,ETNEZEQE
800 1797 1010 1853 ΑΙΘΑΝ
1048 1800 1135 1873 Τῼ
1173 1804 1527 1881 ΕΣΔΡΑΙΤῌ.
1577 1810 1709 1866 ΠΗ’.
1885 1853 1928 1908 Β

1973 1813 2011 1867 Ι.
2038 1813 2515 1871 INTELLECTUS
2538 1814 2797 1871 ᾹΞἸῊΑΝ
2824 1816 3217 1872 EZRAITZEJ.
3255 1817 3542 1875 XXXVIII.

343 1926 418 1981 Τὰ
452 1930 593 1999 sun
625 1932 731 1987 τοῦ
758 1938 981 2005 Κυρίου
1014 1944 1101 2008 εἰς
1136 1944 1243 1998 τὸν
1265 1946 1448 2001 αἰῶνα
1474 1948 1712 2021 ᾄσομαι.
1751 1955 1853 2022 ιίίς

2028 1947 2196 2004 Vsus.
2240 1948 2295 2002 2.
2340 1948 2741 2004 Misericordia:
2773 1950 2987 2006 Domini
3026 1952 3081 2005 in
3115 1962 3368 2007 teternum
3416 1970 3543 2008 can-

262 2024 479 2114 γενεάν
524 2026 624 2078 καὶ
663 2030 880 2096 γενεὰν
920 2034 1239 2105 ἀπαγγελῶ
1265 2039 1384 2107 τὴν
1422 2043 1713 2113 ἀλήθειάν
1734 2064 1831 2102 σοι

1980 2041 2100 2097 abo.
2142 2041 2210 2095 In
2248 2043 2641 2114 generationem
2683 2053 2733 2097 et
2778 2044 3167 2113 generationem
3216 2044 3541 2098 annuntiabo

258 2111 334 2163 ἐν·
360 2113 439 2178 τῷ
479 2118 731 2187 στόματί
763 2140 903 2190 μου.
922 2126 1139 2199 Ἐπειδὴ
1170 2130 1373 2200 προῖὼν
1395 2111 1538 2204 ἑξῆς
1553 2134 1735 2206 μέλλει
1762 2137 1827 2191 λέ·

1971 2137 2225 2190 ιενίιαιεηι
2257 2146 2400 2189 tuam
2431 2137 2485 2189 in
2511 2152 2599 2190 ore
2630 2153 2761 2191 meo.
2796 2137 3065 2203 Quoniam
3097 2138 3150 2191 in
3184 2139 3540 2208 sequentibus

257 2221 415 2298 γειψ
452 2211 577 2264 Ποῦ
616 2216 733 2267 εισι
771 2216 844 2269 τὰ
882 2218 1021 2287 eam
1065 2237 1182 2275 σου
1219 2222 1290 2276 τὰ
1323 2225 1559 2295 ἀρχαῖα,
1593 2230 1826 2298 Κύριε,ι

1966 2227 2201 2281 licturus
2249 2235 2356 2289 est,
2403 2224 2505 2279 Ubi
2536 2234 2660 2280 sunt
2710 2226 3092 2280 misericordia:
3134 2234 3241 2279 tua:
3284 2226 3535 2294 antiquw,

256 2294 503 2391 ῶμοαας
522 2299 600 2365 τῷ
621 2305 802 2358 Δαυῒδ
822 2307 891 2360 ἐν
912 2308 985 2377 τῇ
1006 2311 1257 2380 ἀληθείᾳ
1276 2294 1429 2379 σου,
1448 2294 1825 2391 προθεραπεύε

1970 2320 2197 2384 Domine,
2232 2336 2364 2389 quas
2381 2318 2589 2387 jurasti
2618 2318 2791 2372 David
2822 2319 2875 2371 in
2905 2318 3122 2371 veritate
3146 2320 3277 2373 tua?
3312 2318 3380 2371 iis
3418 2332 3539 2386 quae

255 2386 542 2484 σεδ-μέλλον
574 2395 909 2467 ῥηθήσεσθαι
936 2401 1023 2455 διὰ
1047 2404 1156 2456 τῶν
1190 2386 1591 2479 προκειμένων,
1620 2386 1822 2484 θυνάμε

1966 2418 2141 2480 postea
2193 2386 2436 2482 proferet
2484 2411 2598 2480 jam
2648 2410 2984 2480 respondere
3026 2411 3337 2474 antevertit,
3389 2425 3453 2464 ac
3490 2410 3535 2464 si

254 2477 416 2577 τοῦτο
441 2480 665 2577 ,λέγων’
710 2489 774 2540 Ei
811 2491 906 2543 καὶ
948 2493 1016 2546 τὰ
1059 2477 1723 2573 ἀνθρώπιναῖπράγματα

1968 2503 2159 2558 liceret
2189 2521 2202 2557 :
2236 2502 2468 2557 Etiamsi
2491 2503 2743 2557 humanm
2771 2518 2861 2557 res
2882 2502 3119 2555 animam
3145 2517 3320 2557 meam
3356 2503 3409 2555 in
3438 2518 3537 2555 an-

254 2570 397 2665 ἐμὴν
425 2571 602 2645 ψυχὴν
629 2576 709 2639 είς
734 2579 1041 2650 ἀμηχανίαν
1062 2585 1370 2655 ἐμϐαλόντα
1403 2570 1679 2662 ταράττει,
1704 2570 1823 2663 ἴλιγ·

1964 2594 2186 2665 gustiam
2226 2602 2281 2649 et
2311 2593 2709 2647 dubitationem
2760 2593 3063 2663 conjiciant
3094 2607 3157 2647 ac
3190 2593 3533 2663 perturbent,

254 2662 353 2730 γόν
382 2665 441 2717 τέ
471 2685 563 2737 μοι
598 2671 693 2722 καὶ
719 2672 953 2745 ἀπορίαν
982 2678 1219 2747 ἐμποιεῖ,
1250 2680 1357 2736 τῶν
1390 2684 1519 2747 σῶν,
1560 2678 1608 2738 ὦ
1649 2687 1819 2759 Κύριε

1962 2662 2291 2758 Ξοιίεἰηειιυε
2341 2701 2428 2741 me
2481 2695 2536 2743 et
2591 2662 2939 2741 haesitatione
2993 2662 3229 2739 alliciant
3280 2685 3354 2740 ob
3399 2691 3531 2747 tua,

254 2758 561 2851 κριμάτων,
594 2760 670 2825 ὡς
696 2763 908 2851 μέλλειν
944 2770 1138 2840 μικρὸν
1164 2771 1389 2845 ὕστερον
1416 2758 1823 2851 ἁποτολμᾷνῗκα

1966 2776 2253 2841 )Domine,
2294 2776 2537 2846 judicia;
2575 2777 2649 2831 ita
2680 2786 2740 2831 ut
2769 2792 2897 2831 mox
2926 2777 3283 2846 quaestionem
3316 2791 3535 2831 movere

252 2848 499 2944 άπορεῖν,
529 2854 671 2925 ὑπὲρ
715 2850 790 2910 ὧν
840 2859 903 2912 σὺ
948 2861 1048 2930 μὲν
1089 2863 1118 2914 ὁ
1159 2864 1397 2939 ἀψευδὴς
1417 2868 1550 2934 Θεὸς
1587 2848 1723 2944 προς
1752 2874 1821 2927 τὺε

1964 2870 2125 2924 iusim
2151 2871 2218 2924 de
2255 2870 2568 2939 promissis,
2598 2885 2722 2939 qua:
2751 2876 2809 2923 tu
2850 2868 2994 2924 Deus
3036 2868 3305 2923 mendacii
3335 2884 3533 2938 expers

250 2939 420 2995 Δαυτδ
446 2945 790 3014 ἐπαγγελιῶν
810 2951 1106 3024 πεποίησαι
1127 2970 1138 2982 '
1163 2956 1421 3012 τάναντία
1445 2961 1503 3014 δὲ
1526 2939 1819 3037 συμθέϐηκι

1965 2960 2138 3016 )avidi
2173 2961 2411 3026 dedisti;
2444 2969 2499 3015 et
2530 2969 2714 3014 tamen
2745 2960 3240 3030 pollicitationibus
3264 2960 3375 3014 tuis
3402 2976 3534 3015 con-

247 3035 377 3096 ταῖς
410 3039 530 3100 σαῖς
566 3039 927 3109 ὑποσχέσεσι·
960 3043 1041 3097 διὸ
1088 3047 1183 3100 καὶ⁴
1229 3049 1408 3118 μέλλω
1455 3052 1634 3124 λέγειν
1659 3073 1673 3087 ’
1714 3035 1816 3112 Hei

1965 3054 2116 3108 .raria
2163 3053 2500 3117 acciderunt,
2545 3052 2904 3121 quamobrem
2956 3052 3207 3106 dicturus
3250 3067 3395 3117 sum,
3433 3051 3534 3105 Ubi

247 3127 371 3178 εισι
396 3128 468 3180 τὰ
504 3129 644 3197 ἐλέη
667 3147 784 3185 σου
808 3134 880 3188 τὰ
914 3135 1149 3206 ἀρχαῖα,
1180 3142 1358 3209 Κύριε
1374 3159 1394 3205 ;
1419 3145 1531 3198 ἀλλ’
1566 3148 1715 3218 ὅμως
1745 3169 1813 3205 πε

1965 3156 2071 3199 :unt
2116 3145 2498 3199 misericordiae
2531 3154 2636 3199 tua:
2671 3145 2924 3215 antiqua},
2960 3144 3223 3200 Domine?
3254 3154 3534 3199 verumta-

248 3218 566 3288 πεισμένος,
593 3222 674 3274 ὅτι
708 3224 781 3294 μὴ
806 3204 1155 3296 διαψεῦσεταί
1189 3204 1280 3286 σου
1310 3237 1342 3306 ή
1376 3204 1817 3308 ἐπαγγελίαξούδη

1959 3256 2071 3296 men
2111 3248 2301 3295 certus
2329 3238 2754 3309 promissionem
2801 3248 2948 3291 tuam
2976 3252 3086 3291 non
3137 3238 3347 3291 irritam
3391 3237 3528 3302 fore,

244 3309 587 3365 διαπεσεῖται
620 3316 652 3385 ἡ
683 3315 779 3369 τοῦ
811 3317 905 3370 σοῦ
939 3318 1096 3389 λόγου
1117 3323 1366 3396 ἀλήθεια,
1403 3330 1690 3400 προλαϐὼν
1717 3337 1808 3389 τοὺ

1962 3349 2124 3404 teque
2164 3333 2434 3388 sermonis
2482 3332 2562 3386 tui
2605 3331 2890 3385 veritatem
2925 3330 3202 3399 lapsuram
3235 3345 3379 3395 esse,
3411 3347 3531 3386 ser-

249 3403 549 3499 μέλλοντας
590 3407 648 3472 ἐξ
688 3409 1036 3484 ἀνθρωπίνης
1064 3416 1352 3483 ἀσθενείας
1378 3423 1711 3494 ρηθήσεσθαί
1748 3447 1817 3499 μο

1959 3403 2138 3480 nones
2170 3440 2309 3495 quos
2339 3441 2404 3481 ex
2440 3426 2678 3478 humana
2713 3424 3026 3479 inﬁrmitate
3055 3425 3371 3495 prolaturus
3409 3439 3528 3479 sum

243 3495 462 3564 λόγους,
491 3499 589 3571 τὴν
616 3503 857 3571 ἐμαυτοῦ
882 3506 1061 3561 πίστιν
1082 3510 1177 3563 καὶ
1199 3512 1258 3563 τὸ
1284 3513 1506 3580 εὐσεϐὲς
1543 3520 1642 3588 τῆς
1667 3495 1806 3591 ἐμαυ

1963 3525 2311 3582 iraevertens,
2367 3517 2530 3572 ﬁdem
2586 3532 2762 3572 meam
2822 3524 2878 3572 et
2925 3518 3183 3587 pietatem
3246 3517 3532 3572 sententiae

242 3587 341 3641 τοῦ
394 3589 620 3663 γνώμης
663 3598 1168 3669 προασφαλίςομαιν
1220 3601 1301 3655 διό
1354 3622 1524 3676 φημι·
1581 3610 1658 3663 Τὰ
1696 3587 1811 3665 ista

1957 3587 2076 3666 nea:
2118 3611 2274 3681 prius
2317 3610 2601 3681 proﬁteor,
2646 3625 2711 3664 ac
2747 3610 2892 3676 dico,
2933 3608 3332 3663 Misericordia:
3385 3618 3526 3672 tuas,

242 3694 384 3745 σου,
408 3683 605 3749 Κύριε,
637 3688 725 3752 εἰς
750 3687 857 3740 τὸν
877 3689 1063 3743 αἰῶνα
1084 3689 1325 3762 ᾄσομαι.
1361 3697 1434 3748 Οὐ
1480 3698 1586 3772 γὰρ
1621 3699 1716 3754 νῦν
1742 3703 1811 3772 μό

1962 3702 2186 3768 Domine,
2217 3704 2271 3756 in
2302 3713 2558 3756 a'ternum
2590 3702 2836 3757 cantabo.
2870 3700 2988 3755 Non
3017 3699 3163 3756 enim
3210 3718 3356 3756 nunc
3386 3703 3531 3756 dun-

243 3787 355 3865 νον,
388 3773 477 3826 ὅτε
499 3776 672 3830 ταῦτα
704 3778 852 3832 λαλῶ
883 3782 974 3835 καὶ
1005 3783 1333 3857 φθέγγομαι,
1359 3787 1428 3841 τὰ
1454 3790 1578 3862 ἐλέη
1605 3792 1699 3845 τοῦ
1725 3796 1812 3847 Κυ

1985 3803 2115 3858 lxat,
2158 3810 2283 3850 cum
2333 3795 2447 3849 hinc
2495 3795 2690 3865 loquor
2740 3802 2795 3850 et
2834 3794 3078 3865 profero,
3116 3794 3554 3849 misericordias.

244 3864 365 3935 ρίου
390 3867 614 3939 ᾄσομαι,
648 3871 783 3926 ἀλλά
813 3876 907 3929 καὶ
950 3879 1008 3930 ἐν
1040 3883 1154 3944 τοῖς
1204 3880 1679 3955 σκυθρωποτέροις
1711 3903 1813 3940 και

1955 3886 2157 3941 Domini
2186 3889 2442 3951 cantabo,
2475 3902 2665 3942 verum
2696 3889 2860 3942 etiam
2908 3889 2963 3942 in
3001 3888 3348 3943 tristioribus
3382 3896 3524 3943 tem-

244 3960 382 4029 ροῑς,
405 3961 499 4014 καὶ
527 3964 585 4015 ἐν
606 3965 786 4030 αὐτοῖς
815 3968 1043 4035 ἐκείνοις
1070 3972 1135 4025 δι’
1154 3972 1249 4038 οὓς
1273 3976 1450 4046 μέλλω
1478 3977 1657 4047 λέγειν
1676 3994 1689 4006 °
1709 3980 1813 4034 Ποῆ

1958 3980 2187 4046 mribus,
2220 3980 2275 4034 in
2312 3980 2448 4050 ipsis
2474 3980 2733 4035 videlicet
2760 3980 2923 4050 queis
2952 3981 3206 4037 dicturus
3236 3996 3380 4046 sum,
3425 3979 3527 4037 Ubi

239 4052 362 4145 elo'z
403 4052 474 4145 τὰ
515 4054 656 4145 ἐλέη
692 4072 809 4111 σου
830 4060 903 4113 τὰ
926 4061 1163 4129 ἀρχαῖα,
1190 4067 1401 4133 Κύριε;
1430 4069 1539 4122 Καὶ
1573 4070 1693 4124 τότε
1727 4072 1808 4143 γὰι

1952 4082 2062 4126 sunt
2091 4072 2468 4127 misericordia:
2492 4082 2596 4127 tua:
2628 4075 2881 4145 antiqulr,
2913 4074 3174 4129 Domine?
3201 4074 3244 4129 T
3252 4089 3359 4128 unc
3377 4074 3521 4129 enim

382 4144 461 4206 εἰς
506 4144 597 4235 τὸν
639 4147 777 4216 μετὰ
816 4150 986 4204 ταῦτα
1020 4156 1230 4226 χρόνον,
1264 4158 1359 4210 καὶ
1393 4159 1481 4213 διὰ
1510 4162 1713 4227 παντὸς
1738 4166 1808 4217 τοι

1951 4170 1990 4218 3t
2022 4164 2172 4216 omni
2195 4164 2445 4234 sequenti
2480 4172 2746 4233 tempore,
2778 4165 2889 4219 imo
2919 4180 3017 4235 per
3040 4180 3203 4221 omne
3237 4168 3520 4231 saeculum,

239 4230 438 4295 αἰῶνος
473 4234 533 4286 οὐ
577 4238 857 4309 παύσομαι
909 4242 1160 4314 ἀνυμνῶν
1202 4245 1271 4301 τὰ
1304 4248 1429 4320 ἐλέη
1475 4268 1589 4317 σου,
1637 4254 1808 4327 Κύριε

1955 4269 2044 4308 non
2072 4253 2230 4309 linem
2255 4255 2451 4310 faciam
2480 4255 2793 4311 celebrandi
2824 4258 3237 4313 misericordias
3252 4266 3395 4324 tuas,
3417 4259 3524 4314 Do-

239 4320 487 4422 άκριϐῶς
519 4325 693 4391 εἰδὼς,
733 4330 816 4383 ὅτι
840 4371 854 4394 ,
884 4332 1030 4400 ἅπαξ
1053 4336 1516 4410 ἐπαγγειλάμενος
1545 4343 1640 4407 τὰς
1671 4320 1737 4399 ἐν⁷
1756 4346 1808 4417 et]

1952 4347 2118 4402 nine:
2146 4346 2317 4416 probe
2343 4349 2525 4403 sciens
2552 4356 2627 4413 te,
2663 4348 2886 4419 quando
2914 4350 3083 4404 semel
3112 4365 3176 4405 ea
3204 4350 3260 4405 in
3285 4352 3521 4422 prophe-

235 4411 438 4509 qaalpqi
471 4418 827 4489 προφητείας,
864 4423 925 4475 οὐ
950 4423 1280 4496 διαψεῦσεις,
1312 4430 1405 4484 ἆτε
1431 4432 1564 4497 Θεὸς
1598 4433 1673 4488 ὢν
1706 4436 1804 4509 ἁλη

1947 4438 2010 4491 Lia
2058 4411 2250 4508 psa—lmi
2292 4440 2571 4509 pollicitus
2612 4456 2694 4504 es,
2743 4457 2853 4495 non
2899 4441 3051 4495 irrita
3106 4443 3196 4495 illa
3246 4411 3516 4497 facturum

241 4502 588 4625 θὴς-Διόπερ
604 4510 665 4562 οὐ
687 4512 845 4581 μόνον
867 4514 1070 4589 τὰέλέη
1098 4536 1212 4585 σου,
1234 4521 1424 4593 Κύριε,
1451 4526 1530 4589 είς
1550 4526 1641 4580 τὸν
1654 4502 1810 4583 αἰῶνι

1947 4545 2074 4597 esse,
2101 4538 2289 4601 utpote
2321 4531 2489 4586 Deum
2519 4547 2792 4587 veracem.
2822 4531 3189 4597 Quamobrem
3223 4549 3330 4586 non
3354 4534 3516 4589 modo

235 4596 464 4667 ᾄσομαι,
499 4599 634 4656 ἀλλὰ
659 4604 752 4657 καὶ
777 4604 875 4677 τὴν
902 4607 1158 4678 ἀλήθειάν
1190 4627 1283 4665 σου
1315 4613 1437 4666 καθ’
1470 4616 1708 4689 ἑκάστην
1734 4637 1804 4688 γε

1947 4621 2343 4677 nisericordias
2377 4632 2523 4686 tuas,
2560 4622 2811 4687 Domine,
2840 4624 2903 4677 in
2951 4630 3216 4678 aeternum
3257 4627 3516 4694 cantabo,

233 4688 365 4742 νεὰν
388 4690 711 4787 άπαγγελῶ.
739 4696 802 4749 Ei
826 4697 932 4769 γὰρ
961 4700 1053 4752 καὶ
1077 4700 1145 4754 τὰ
1181 4702 1416 4773 μάλιστα
1449 4688 1673 4763 τοιαῦτά
1706 4730 1802 4767 τινι

1953 4715 2027 4769 ιθιΙ
2071 4716 2236 4769 etiam
2265 4716 2552 4769 veritatem
2600 4723 2751 4769 tuam
2799 4730 2897 4785 per
2934 4717 3181 4786 singulas
3212 4720 3522 4787 generatio-

236 4780 445 4848 μεταξὺ
472 4784 782 4855 γενήσεται,
814 4786 890 4852 ὡς
926 4790 1091 4855 δοκεῖ,
1131 4794 1347 4849 ἐναντία
1375 4802 1496 4862 ταῖς
1530 4804 1650 4866 σαῖς
1690 4804 1805 4874 πρὸ.

1950 4821 2030 4859 nes
2054 4804 2415 4858 annuntiabo.
2453 4804 2572 4859 Etsi
2607 4805 2752 4859 enim
2792 4805 2974 4876 aliqua
3008 4806 3226 4860 interim
3256 4816 3519 4863 eventura

231 4871 326 4968 τὸν
368 4873 530 4926 Δαυῖδ
573 4877 927 4947 ἐπαγγελίαις
959 4884 1297 4953 συμϐαίνειν,
1338 4890 1474 4943 ἀλλὰ
1515 4894 1610 4946 καὶ
1654 4871 1800 4948 οὕτω

1951 4899 2064 4959 sint,
2097 4913 2219 4967 quae
2243 4898 2355 4951 tuis
2389 4896 2576 4951 Davidi
2601 4897 2745 4953 datis
2778 4871 3269 4968 pollicitationibus
3297 4908 3520 4956 contra-

230 4961 347 5063 ἐγὼ
383 4964 746 5031 πεπίστευκα,
782 4973 875 5024 καὶ
902 4972 1119 5044 ἀληθῶς
1170 4979 1410 5048 ἐμαυτὸν
1454 4983 1710 5049 πέπεικα,
1746 4988 1799 5040 ὂτ

1950 4989 2014 5042 -ia
2049 4990 2369 5056 videantur;
2423 4990 2784 5046 nihilominus
2829 5002 3010 5047 tamen
3046 4993 3213 5047 credo
3254 5008 3320 5047 ac
3359 4996 3519 5064 plane

228 5052 343 5105 τῶν
368 5054 543 5123 λόγων
574 5075 689 5124 σου,
719 5054 765 5113 ὦ
794 5062 990 5134 Κύριε,
1027 5067 1059 5137 ἡ
1092 5068 1319 5140 ἀλήθεια
1351 5073 1605 5127 οὐδέποτε
1637 5077 1795 5130 διαπε

1944 5097 2255 5150 persuasum
2292 5083 2423 5136 IIIIIII
2472 5090 2577 5147 est,
2612 5099 2928 5138 sermonum
2974 5095 3215 5151 tuorum,
3263 5086 3513 5151 Domine,

229 5146 428 5247 σεῖται.
483 5148 683 5222 Διόπερ
731 5153 821 5204 τὸν
867 5156 1047 5210 πάντα
1084 5176 1184 5229 μου
1218 5162 1408 5232 χρόνον
1438 5164 1537 5234 τῆς
1566 5166 1717 5238 ζωῆς
1758 5173 1798 5223 οι

1944 5171 2213 5225 veritatem
2248 5187 2532 5241 nunquam
2565 5188 2688 5227 esse
2728 5174 3027 5243 lapsuram.
3057 5174 3184 5230 Ideo
3216 5192 3311 5247 per
3342 5184 3513 5231 totum

226 5234 516 5334 παῦσομαι
546 5242 603 5292 ἐν
632 5241 711 5312 τῷ
739 5244 968 5315 στόματί
996 5265 1097 5319 μου
1118 5250 1216 5323 τὴν
1243 5252 1502 5324 ἀλήθειάν
1524 5272 1617 5308 σου
1642 5234 1795 5327 ἀνπαγη

1945 5262 2054 5317 rita:
2103 5278 2237 5318 mea:
2282 5272 2497 5334 tempus
2544 5279 2658 5319 non
2708 5266 2869 5321 tinem
2920 5266 3117 5322 faciam
3151 5269 3514 5325 annuntiandi

216 5328 459 5403 ¹γέλλων.
479 5332 638 5387 Ἀλλὰ
658 5337 750 5389 καὶ
773 5339 1104 5410 παραδιδοὺς
1124 5347 1190 5415 τῇ
1222 5347 1462 5417 ἐμαυτοῦ
1484 5354 1670 5423 γραφῇ
1690 5352 1785 5406 ταῦ

1945 5353 2218 5407 veritatem
2249 5363 2395 5408 tuam
2448 5357 2501 5410 in
2552 5371 2646 5411 ore
2692 5372 2833 5412 meo.
2869 5357 3068 5413 Verum
3105 5361 3268 5413 etiam
3307 5361 3514 5430 scripto

224 5439 329 5492 την
364 5425 675 5523 καταλείψω
711 5434 823 5494 τοῖς
863 5437 1365 5509 μεταγενεστέροις,
1395 5444 1476 5506 είς
1505 5443 1568 5497 τὸ
1597 5445 1691 5497 καὶ
1723 5446 1788 5498 αὐ

1944 5445 2310 5516 :onsignatam
2365 5448 2512 5501 illam
2552 5450 2787 5518 posteris
2834 5450 3044 5504 tradam
3076 5468 3091 5506 :
3118 5459 3179 5505 ut
3222 5452 3326 5521 ipsi
3374 5425 3513 5523 quo-

223 5516 356 5578 τοὺς
385 5515 732 5575 διδάσκεσθαί
768 5540 827 5575 τε
858 5527 949 5577 καὶ
992 5528 1282 5597 μανθάνειν
1304 5532 1506 5602 ὁμοίως
1540 5536 1662 5605 ἐμοὶ
1696 5535 1792 5589 καθ

1943 5552 2057 5609 rue,
2089 5515 2316 5609 perinde
2348 5548 2510 5611 atque
2537 5515 2659 5611 ego,
2712 5543 3048 5598 edoceantur
3081 5551 3135 5597 et
3162 5515 3512 5617 discant-per

228 5607 470 5679 ἑκάστην
500 5613 692 5679 γενεὰν
717 5615 815 5687 τὴν
848 5618 1104 5690 ἀλήθειάν
1136 5640 1228 5677 σου
1272 5624 1359 5679 διὰ
1406 5626 1671 5696 στόματος
1721 5629 1797 5698 φέ·

1939 5631 2175 5702 singulas
2196 5634 2582 5702 generationes
2614 5635 2899 5689 veritatem
2934 5641 3083 5690 tuam
3112 5636 3167 5691 in
3198 5651 3294 5693 ore
3324 5636 3466 5694 ferre
3490 5677 3508 5707 ,

308 5763 354 5796 “
385 5765 527 5822 Psal.
566 5776 747 5837 Lxxu',
782 5770 872 5827 27.
