3974 6516
424 337 551 389 ἰυῖι

1127 319 1394 378 EUSEBll
1432 312 1914 374 CESARIENSIS
1949 311 2102 368 OPP.
2143 307 2323 364 PARS
2351 309 2446 362 lli.
2485 335 2558 346 —
2592 295 3007 358 EXEGETICA.

3543 284 3682 340 {072

420 461 486 500 ac
525 452 846 512 persuasum
898 435 1135 488 habeant
1189 441 1470 498 nunquam
1518 440 1680 496 posse
1725 424 2032 494 promissa,

2141 437 2236 486 ειν,
2281 418 2375 472 καὶ
2419 413 2708 470 πεπεῖσθαι
2761 411 3030 484 μηδέποτε
3075 404 3334 458 δύνασθαι
3373 401 3688 454 διαπίπτειν

419 544 514 590 tua
557 531 827 590 excidere.
865 527 1035 582 Totus
1077 531 1258 577 autem
1305 535 1508 586 sermo,
1553 517 1760 574 Christi
1796 531 1859 570 ex
1909 529 1998 569 se—

423 629 570 684 mine
594 623 762 680 David
789 619 1218 692 generationem,
1247 624 1301 672 et
1329 629 1558 686 regnum
1583 612 1704 681 ejus
1737 609 2004 664 vaticina-

425 728 536 773 tur.
566 712 1018 783 Quandoquidem
1054 710 1201 764 enim
1243 710 1298 762 in
1333 705 1770 778 praecedentibus
1795 702 1918 771 ejus
1947 701 2004 754 in

425 812 740 869 [nominibus
771 806 1050 879 generatio
1093 802 1586 876 praenuntiabatur,
1618 809 1674 852 ut
1713 799 1768 852 in
1795 796 2006 868 psalmo

422 919 625 962 Lxxxvt
681 902 1020 956 declaratum
1067 905 1190 964 est;
1251 903 1309 950 at
1358 901 1555 965 praeter
1599 888 2008 962 generationem

423 999 544 1066 ejus
576 996 720 1052 scitu
747 1007 966 1063 quoque
1001 1005 1140 1060 opus
1178 996 1296 1042 erat
1323 987 1466 1040 unde
1498 982 1816 1054 proditurus
1839 983 2006 1042 esset;

425 1093 528 1147 hoc
565 1103 804 1159 praesens
851 1084 1135 1154 Scriptura
1177 1078 1491 1134 necessario
1524 1077 1703 1138 docet,
1737 1086 1858 1142 quae
1885 1085 2012 1139 pro-

427 1181 744 1236 missionem
798 1176 892 1231 Dei
929 1173 994 1228 ad
1041 1172 1298 1226 Davidem
1349 1169 1544 1222 factam
1593 1165 1660 1220 de
1695 1165 1916 1218 Christo
1945 1176 2011 1214 ex

429 1273 640 1330 semine
667 1271 787 1341 ejus
811 1266 1097 1339 prodituro
1123 1262 1509 1334 complectitur
1537 1280 1548 1314 :
1579 1260 1653 1313 ita
1686 1268 1742 1312 ut
1767 1256 1856 1309 hic
1881 1268 2013 1307 con-

427 1373 686 1437 gruenter
737 1370 859 1432 post
916 1357 1305 1414 antecedentes
1347 1354 1589 1424 psalmos
1643 1350 1857 1420 positus
1919 1346 2010 1400 sit.

434 1458 739 1528 Inscriptus
785 1462 970 1509 autem
1018 1452 1194 1507 solum
1225 1457 1332 1512 est,
1363 1446 1696 1508 Intellectus,
1737 1457 1800 1496 ac
1837 1453 2016 1508 neque

433 1551 678 1622 psalmus
719 1563 896 1618 neque
935 1546 1172 1616 hymnus
1201 1539 1426 1594 dicitur.
1461 1535 1649 1591 Fuerit
1680 1547 1811 1586 vero
1839 1527 2016 1584 canti-

433 1659 558 1698 cum
588 1641 988 1714 propheticum,
1027 1650 1089 1689 ea
1113 1647 1234 1704 quae
1268 1630 1570 1686 secundum
1623 1625 1791 1680 Deum
1820 1629 1906 1678 cst
1941 1621 2018 1674 in-

433 1736 732 1808 telligentia
761 1733 1032 1802 indigens.
1065 1729 1247 1794 Quare
1285 1723 1492 1778 dictum
1528 1728 1632 1780 est.
1663 1719 1726 1772 In
1763 1731 2016 1773 retentum

436 1827 682 1894 cantabo,
713 1835 788 1890 et,
824 1826 877 1878 in
905 1821 1293 1894 generationem
1315 1825 1362 1870 et
1393 1814 1779 1886 generationem
1809 1826 2016 1863 annun-

439 1923 580 1979 tiabo
629 1921 900 1974 veritatem
949 1924 1115 1991 tuam.
1171 1911 1255 1966 Ab
1303 1908 1392 1963 his
1441 1907 1642 1976 quippe
1693 1903 1899 1965 verbis,
1950 1899 2016 1954 In

439 2025 690 2072 internum
721 2007 970 2072 cantabo,
1004 2007 1128 2076 jure
1167 2003 1446 2058 canticum
1479 2015 1601 2055 esse
1649 1997 1908 2061 dicatur;
1950 1993 2020 2048 ab

439 2109 549 2164 illis
579 2113 784 2167 autem,
825 2098 1166 2157 Annuntiabo
1209 2095 1484 2150 veritatem
1521 2101 1664 2144 tuam
1702 2090 1756 2142 in
1803 2103 2022 2160 genera-

440 2204 632 2256 tionem
661 2207 710 2252 et
743 2198 1153 2268 generationem,
1176 2197 1232 2245 et
1265 2204 1296 2242 a
1317 2184 1700 2256 sequentibus,
1733 2179 2020 2250 prophetia

442 2294 628 2350 fuerit.
671 2290 859 2346 Dictus
917 2295 1100 2340 autem
1142 2289 1227 2338 est
1261 2280 1464 2334 AEthan
1510 2275 1741 2330 Ezraitae
1766 2292 1780 2329 :
1808 2287 1914 2342 qua
1956 2271 2026 2326 de

441 2404 502 2443 re
531 2388 586 2440 in
612 2385 766 2455 prius
796 2377 1085 2450 esplicatis
1113 2372 1339 2446 psalmis
1361 2384 1459 2440 pro
1491 2367 1752 2422 facultate
1777 2363 2025 2434 disputa-

443 2490 558 2534 tum
584 2493 612 2529 a
643 2473 804 2529 nobis
833 2478 936 2526 est.

516 2567 684 2622 Vens.
729 2564 782 2618 5.
836 2559 1102 2628 Quoniam
1147 2553 1358 2616 dixisti,
1405 2549 1472 2604 In
1520 2558 1774 2604 internum
1821 2543 2028 2598 miseri-

445 2641 628 2715 cordia
677 2651 1066 2724 ardt'ﬁcabitur,
1113 2649 1169 2702 in
1216 2645 1358 2700 caelis
1395 2639 1788 2712 prmparabitur
1836 2637 2026 2690 veritas

447 2763 560 2808 tua.
591 2750 700 2804 Pro
723 2749 816 2802 illo
848 2753 1052 2806 autem,
1087 2740 1351 2808 Quoniam
1385 2736 1595 2798 dixisti,
1641 2731 1834 2802 Aquila
1861 2729 2029 2783 inter-

447 2850 695 2917 pretatus
724 2849 828 2903 est,
854 2834 1118 2902 Quoniam
1147 2831 1296 2891 dixi;
1331 2825 1694 2898 Symmachus
1729 2835 1877 2884 vero,
1908 2836 2031 2889 quo-

448 2937 594 2990 niam
651 2931 798 2994 dixi;
855 2924 1162 2982 Theodotio
1218 2921 1508 2981 similiter,
1564 2915 1829 2982 Quoniam
1881 2911 2028 2974 dixi;

448 3027 639 3099 quinta
671 3025 800 3078 item
829 3018 1019 3082 editio,
1057 3014 1321 3081 Quoniam
1359 3010 1508 3072 dixi;
1540 3006 1698 3078 quasi
1727 3005 1936 3059 scilicet
1966 3017 2032 3058 ex

449 3097 734 3192 Drophetze
785 3127 1019 3186 persona
1080 3122 1263 3164 sermo
1311 3103 1666 3166 enuntietur;
1723 3097 1810 3151 hic
1865 3109 2032 3165 porro

450 3187 578 3274 erat
598 3211 804 3268 Aithan
851 3203 1120 3264 Ezraites.
1180 3206 1239 3254 ut
1273 3196 1466 3251 titulus
1515 3191 1780 3248 declarat.
1825 3187 2032 3256 Hujus-

452 3307 600 3364 modi
643 3317 774 3359 vero
825 3295 1150 3354 sententiam
1197 3288 1470 3359 Propheta
1518 3283 1833 3341 subindicat
1873 3277 2031 3334 :Jam

455 3411 614 3458 antea
647 3394 784 3460 dixi,
831 3385 1232 3444 Misericordias
1269 3379 1483 3434 Domini
1515 3382 1569 3430 in
1611 3385 1870 3430 aeternum
1906 3387 2036 3424 can-

455 3501 598 3556 tabo.
639 3499 693 3554 ld
729 3505 911 3551 autem
947 3493 1038 3563 qui
1065 3490 1183 3545 ﬁeri
1225 3491 1422 3558 possit.
1453 3482 1562 3537 nisi
1607 3478 1784 3550 prima
1815 3475 1908 3530 illa
1941 3471 2036 3528 Dei

456 3591 858 3654 misericordia,
894 3588 962 3642 ab
991 3584 1149 3639 initio
1171 3591 1226 3636 et
1253 3595 1284 3634 a
1305 3576 1534 3633 conditu
1566 3570 1756 3628 mundi
1781 3569 1836 3623 in
1859 3565 2039 3621 homi-

455 3688 622 3742 nibus
654 3683 902 3742 l'undata,
945 3675 1195 3747 sequenti
1229 3681 1474 3740 tempore
1505 3661 1830 3722 accreverit,
1869 3665 1922 3712 et
1955 3657 2040 3710 in-

459 3789 575 3836 star
617 3775 828 3834 aedilicii
873 3769 1248 3827 accessionem
1280 3757 1570 3817 habuerit?
1611 3755 1749 3810 Nam
1787 3751 1880 3806 Dei
1910 3763 2040 3818 erga

459 3871 710 3927 homines
753 3862 1133 3922 misericordia
1180 3855 1428 3928 quotidie
1475 3849 1714 3912 crescit,
1769 3853 1824 3902 et
1883 3840 2042 3914 quasi

461 3965 670 4020 fabrica
723 3966 954 4030 augetur
1005 3961 1060 4010 et
1093 3949 1397 4008 exstruitur
1433 3945 1489 4000 in
1543 3939 1952 4014 generationem
1988 3943 2043 3988 et

463 4053 893 4128 generationem.
913 4047 1052 4114 Quia
1079 4045 1244 4116 igitur
1265 4040 1378 4096 dixi
1411 4047 1464 4094 et
1493 4033 1778 4096 aliirmavi,
1802 4031 1858 4086 in
1887 4036 2045 4084 aeter-

466 4161 594 4201 num
645 4139 1082 4198 misericordiam
1125 4135 1220 4189 Dei
1245 4127 1624 4187 aediﬁcandam
1654 4140 1800 4188 esse,
1840 4131 1894 4179 et
1923 4123 2045 4177 ideo

465 4253 552 4292 me
597 4231 1008 4289 misericordias
1066 4229 1187 4297 ejus
1249 4226 1305 4280 in
1363 4233 1627 4278 aaternum
1694 4225 2043 4274 cantaturum

465 4343 624 4394 esse;
653 4341 762 4381 non
793 4321 1156 4395 ignorandum
1177 4327 1282 4383 est,
1313 4315 1464 4370 verbi
1492 4317 1776 4368 veritatem
1809 4311 1862 4363 in
1891 4308 2047 4362 caelis

468 4417 880 4492 praeparandam
907 4431 1052 4471 esse.
1095 4411 1341 4467 Terrena
1371 4407 1576 4479 quippe
1611 4403 1830 4474 negotia
1861 4409 1916 4456 et
1945 4401 2046 4454 ho-

2100 512 2199 576 τὰς
2235 511 2331 574 σὰς
2363 506 2713 576 ἐπαγγελίας.
2731 504 2789 557 '0
2818 503 2874 556 δέ
2904 503 3009 564 πᾶς
3039 499 3196 566 λόγος
3227 496 3326 567 τὴν
3350 496 3414 546 ἐκ
3439 493 3690 562 σπέρμα-

2101 622 2190 667 τος
2222 601 2384 657 Δαυῖδ
2414 601 2628 670 γένεσιν
2654 596 2746 651 τοῦ
2777 591 3011 666 Χριστοῦ
3044 591 3138 644 καὶ
3164 590 3262 660 τὴν
3294 583 3578 658 βασιλείαν
3605 585 3697 637 αὖ·

2102 695 2196 748 τοῦ
2228 692 2495 756 θεσπίζει.
2515 687 2730 760 Ἐπειδὴ
2779 686 2887 757 γὰρ
2919 681 3009 737 διὰ
3056 682 3164 734 τῶν
3200 678 3514 750 ἔμπροσθεν
3557 679 3592 746 ἡ
3623 677 3696 737 είς

2105 785 2424 859 ἀνθρώπους
2474 782 2685 852 γένεσις
2736 777 2900 832 αὐτοῦ
2947 763 3350 847 προεφητεύετο
3379 769 3524 824 κατὲι
3557 767 3626 822 τὰ
3647 769 3702 820 ἐν

2104 879 2184 950 τῷ
2215 878 2268 932 π’
2305 877 2398 930 καὶ
2427 874 2477 940 ς’
2507 872 2706 945 ψαλμῷ
2737 869 3092 942 παραστάντα
3114 884 3126 896 ·
3161 868 3324 936 ἐχρῆν
3353 863 3409 916 δέ
3453 861 3598 933 πρὸς
3638 862 3704 930 τῇ

2107 970 2318 1040 γενέσει
2375 966 2564 1038 μαθεῖν
2625 963 2720 1016 καὶ
2775 959 2937 1012 πόθεν
2993 956 3418 1029 προελεύσεται·
3461 952 3706 1006 διδάσκει

2108 1062 2268 1115 τοῦτο
2319 1058 2632 1128 ἀναγκαίως
2680 1058 2713 1126 ἡ
2766 1051 3016 1124 παροῦσα
3071 1049 3282 1122 Γραᾳὴ,
3317 1047 3413 1118 τὴν
3449 1045 3598 1116 πρὸς
3623 1043 3710 1095 τὸν

2110 1154 2271 1207 Δαυῖδ
2321 1149 2650 1220 ἐπαγγελίαν
2690 1147 2784 1200 τοῦ
2815 1144 2950 1198 Θεοῦ
2998 1142 3124 1214 περὶ
3168 1141 3262 1194 τοῦ
3297 1143 3361 1192 ἐκ
3393 1137 3714 1208 σπέρματος

2113 1245 2276 1300 αὑτοῦ
2307 1244 2396 1298 τὸν
2427 1241 2660 1314 Χριστὸν
2701 1233 3130 1310 προελεύσεσθαι
3161 1233 3498 1303 περιέχουσα
3521 1245 3534 1258 -
3575 1227 3714 1278 ὥστε

2113 1339 2256 1409 ἔχειν
2289 1331 2608 1389 ἀκολουθίαν
2637 1331 2732 1384 καὶ
2755 1327 2950 1382 τοῦτον
2983 1326 3120 1398 πρὸς
3144 1325 3269 1386 τοὺς
3292 1321 3398 1392 πρὸ
3424 1317 3604 1374 αὑτοῦ
3629 1335 3720 1372 κα·-

2113 1428 2546 1498 τατεταγμένους
2573 1421 2842 1494 ψαλμούς.
2881 1417 3192 1482 Συνέσεως
3213 1416 3269 1469 δὲ
3300 1413 3717 1482 ἐπιγέγραπται

2116 1523 2278 1584 αὐτὸς
2313 1520 2493 1591 μόνον,
2523 1516 2647 1570 οὔτε
2693 1516 2748 1568 δὲ
2788 1513 3021 1584 ψαλμδς.
3047 1509 3172 1564 οὗτε
3201 1508 3389 1578 ὖμνος.
3425 1507 3538 1575 Εῖη
3585 1504 3634 1556 δ’
3657 1502 3720 1555 ἂν

2117 1611 2227 1684 ᾠδὴ
2258 1607 2570 1682 προφητικὴ
2601 1603 2871 1668 συνέσεῶς
2899 1604 2998 1675 τῆς
3031 1601 3172 1656 κατὰ
3201 1600 3332 1653 Θεὸν
3360 1594 3718 1668 δεομένη.Δι¹

2118 1705 2146 1757 ὃ
2172 1703 2420 1756 λέλεκται
2445 1716 2456 1728 ·
2485 1702 2587 1765 Εἰς
2615 1699 2724 1751 τὸν
2747 1697 2933 1750 αἰῶνα
2963 1695 3205 1764 ᾄσομαι,
3241 1691 3359 1752 καὶ,
3385 1693 3474 1756 εἰς
3507 1687 3723 1758 γενεὰν

2049 1805 2089 1862 ὓ
2119 1797 2218 1852 καὶ
2249 1793 2462 1866 γενεὰν
2491 1789 2810 1860 ἀπαγγελῶ
2837 1787 2952 1857 τὴν
2979 1785 3270 1854 ἀλήθειάν
3295 1799 3434 1838 σου.
3454 1780 3600 1834 Ἀπὸ
3627 1777 3722 1849 μὲν

2125 1889 2233 1959 γὰρ
2264 1885 2356 1940 τοῦ
2379 1903 2393 1916 ⁸
2429 1889 2534 1951 Εἰς
2562 1884 2671 1938 τὸν
2703 1881 2886 1937 αἰῶνα
2915 1879 3156 1950 ᾄσομαι.
3195 1877 3334 1950 ᾠδὴν
3371 1875 3548 1944 αὐτὴν
3581 1871 3722 1925 εξκέο

2124 1998 2232 2042 τως
2255 1979 2321 2032 ἄν
2351 1995 2434 2040 τις
2463 1977 2624 2030 εἴποι·
2665 1975 2772 2028 ἀπὸ
2799 1974 2854 2028 δὲ
2878 1973 2972 2026 τοῦ
2994 1989 3006 2003 ·
3051 1969 3386 2041 Ἀπαγγελῶ
3421 1968 3544 2036 τὴν
3573 1963 3722 2032 dli}-

2129 2070 2292 2124 θειάν
2319 2087 2433 2123 σου
2458 2071 2544 2134 εἰς
2565 2068 2779 2138 γενεὰν
2810 2066 2908 2119 καὶ
2933 2065 3167 2136 γενεὰν,
3199 2065 3294 2117 καὶ
3323 2062 3430 2116 ἀπὸ
3455 2061 3574 2113 τῶν
3603 2059 3724 2126 ἑξῆς

2130 2161 2548 2233 ἐπιλεγομένων,
2587 2159 2945 2231 προφητείαν.
2983 2157 3244 2212 Λέλεκται
3299 2155 3356 2207 δὲ
3405 2153 3584 2206 Αίθάν
3633 2149 3725 2203 τοῦ

2144 2255 2453 2327 Ἐσδραϊτου
2482 2254 2610 2324 περὶ
2636 2249 2696 2306 οἶ)
2725 2251 2792 2304 τὰ
2826 2251 3176 2323 παραστάντα
3202 2249 3259 2300 ἐν
3287 2249 3400 2310 τοῖς
3431 2259 3729 2317 προτεχνο-

2131 2347 2479 2418 λογουμένοις
2502 2345 2609 2400 τῶν
2643 2344 2870 2417 ψαλμῶν
2901 2343 3276 2414 διειλήφαμεν.

2207 2518 2326 2570 ’Ότι
2373 2513 2547 2584 εἶπας
2570 2535 2583 2548 ·
2622 2521 2726 2584 Εἰς
2749 2517 2858 2572 τόν
2889 2517 3072 2572 αἰῶνα
3111 2515 3284 2582 ἔλεος
3328 2511 3727 2584 οἰκοδομηθή-

2131 2627 2328 2675 σεται,
2379 2613 2450 2664 ἐν
2496 2611 2619 2677 τοῖς
2651 2610 2930 2680 οὐρανοῖς
2961 2607 3456 2680 ἐτοιμασθήσεται
3509 2609 3550 2676 ἡ
3581 2605 3732 2672 ἀλή-

2137 2705 2265 2761 θειά
2298 2705 2598 2759 σου.⁴Ἀντὶ
2629 2703 2722 2756 τοῦ
2744 2721 2758 2733 ·
2795 2705 2914 2756 ’Ότι
2947 2699 3142 2768 εἶπας,
3170 2702 3198 2753 ὁ
3230 2701 3327 2772 μὲν
3371 2699 3610 2760 Ἀκύλας
3640 2700 3731 2768 ἡρ-

2142 2801 2406 2870 μήνευσεν
2425 2815 2438 2827 ·
2474 2799 2596 2850 Ὅτι
2625 2793 2796 2849 εἶπα·
2839 2797 2867 2848 ὁ
2897 2795 2954 2848 δὲ
2985 2794 3281 2864 Σύμμαχος
3301 2809 3313 2821 ·
3356 2793 3482 2843 Ὀτι
3521 2786 3728 2843 εἷπον

2141 2889 2235 2942 καὶ
2279 2891 2306 2941 ὁ
2333 2887 2624 2940 Θεοδοτίων
2657 2887 2858 2957 ὁμοίως
2878 2903 2890 2914 ·
2925 2885 3046 2937 Ὅτι
3075 2881 3248 2937 εἶπον
3271 2899 3286 2912 ·
3320 2885 3416 2935 καὶ
3441 2885 3472 2952 ἡ
3507 2882 3730 2951 πέμπτη

2140 2979 2379 3042 ἕκδοσις·
2423 2979 2540 3030 Ὅτι
2569 2973 2738 3031 eisra-
2788 2977 2862 3041 ὼς
2894 2978 2960 3029 ἐκ
2999 2973 3287 3048 προσώπου
3318 2973 3412 3025 τοῦ
3445 2971 3731 3042 Προφήτου

2141 3069 2434 3138 λεγομένου
2459 3065 2554 3120 τοῦ
2581 3061 2945 3136 λόγου.οὗτος
2971 3065 3026 3118 δέ
3055 3061 3121 3136 ἦν
3153 3063 3320 3117 Αἰθὰν
3340 3065 3366 3116 ὀ
3393 3062 3730 3132 Ἐτδραῖτης,

2065 3173 2106 3229 C
2137 3161 2214 3224 ὡς
2249 3163 2280 3231 ἡ
2316 3158 2610 3233 προγραφὴ
2638 3159 2956 3232 παρίστησι.
2983 3156 3250 3228 Τοιαύτη-ι
3279 3155 3334 3208 δέ
3353 3173 3474 3207 τινα
3499 3155 3731 3206 διάνοιαν

2142 3251 2399 3305 ὐποϐἀλοι
2434 3249 2499 3303 ἂν
2531 3251 2560 3302 ὁ
2599 3251 2892 3320 Προφήτης
2914 3265 2926 3278 ·
2962 3247 3176 3310 Φθάσας
3218 3247 3319 3317 ἤδη
3355 3244 3624 3316 πρότερον
3660 3237 3732 3294 εἷ·

2143 3359 2242 3395 πον
2266 3358 2279 3371 ⁸
2329 3343 2409 3395 ὅτι
2450 3341 2524 3394 Τὰ
2570 3340 2711 3408 mea
2739 3340 2845 3393 τοῦ
2874 3341 3094 3408 Kvpt'ov
3121 3341 3207 3404 εἰς
3243 3337 3351 3391 τὸν
3387 3337 3574 3392 αἰῶνα
3593 3335 3731 3402 ᾆσο-

2135 3451 2263 3504 μαι.
2293 3433 2448 3486 Τοῦτι
2515 3433 2574 3486 δὲ
2629 3433 2746 3496 πῶς
2801 3433 2918 3485 ποτ’
2943 3431 3008 3485 ἂν
3059 3432 3267 3500 γένοιτο
3315 3429 3348 3500 ἢ
3391 3428 3486 3482 τοῦ
3523 3427 3731 3499 πρώτου

2144 3523 2330 3586 ἐλέους
2363 3521 2457 3576 τοῦ
2485 3522 2618 3575 Θεοῦ
2650 3521 2707 3588 ἐξ
2735 3523 2911 3593 ἀρχῆς
2935 3523 3030 3574 καὶ
3063 3521 3171 3574 ἀπὸ
3201 3519 3424 3592 πρώτης
3463 3535 3730 3590 κοσμογο-

2144 3613 2266 3678 νίας
2311 3613 2742 3685 καταϐληθέντος
2793 3615 2873 3676 εἰς
2923 3611 3265 3684 ἀνθρώπους,
3316 3611 3560 3664 ἐπίδοσιν
3599 3607 3732 3662 κατὰ

2145 3707 2370 3778 χρόνους
2397 3705 2785 3777 λαμϐάνοντος,
2815 3705 2909 3757 καί¹
2935 3705 3091 3776 δίκην
3121 3705 3414 3775 οἰκοδομῆς
3445 3702 3731 3768 αὔξοντος

2147 3798 2308 3863 Αὔξει
2327 3799 2436 3870 γὰρ
2473 3797 2743 3868 ὁσημέραι
2764 3798 2824 3850 τὸ
2849 3795 2995 3860 ἐλεος
3017 3796 3111 3850 τοῦ
3133 3795 3268 3849 Θεοῦ
3292 3799 3369 3860 εἰς
3393 3793 3729 3866 ἀνθρώπους,

2149 3893 2243 3945 καί⁷
2261 3891 2418 3962 δίκην
2446 3889 2734 3962 οἰκοδομῆς
2757 3890 3058 3962 προκόπτει
3087 3889 3180 3942 καὶ
3201 3889 3566 3958 οἰκοδομεῖται
3595 3885 3728 3950 κατὰ

2147 3983 2341 4054 γενεάν
2362 3983 2454 4036 καὶ
2477 3983 2690 4052 γενεάν.
2711 3982 2927 4054 Ἐπειδὴ
2948 3982 3126 4035 τοίνυν
3147 3977 3297 4034 εἷπον
3318 3980 3410 4033 καὶ
3427 3979 3730 4033 διεϐεϐαιω-

2153 4075 2353 4145 σάμην,
2381 4075 2459 4126 ὅτι
2493 4075 2572 4137 εἰς
2605 4073 2696 4126 τὸν
2727 4073 2898 4127 αἰῶνα
2927 4071 2988 4124 τὸ
3009 4071 3154 4135 ἕλεος
3183 4071 3276 4124 τοῦ
3297 4070 3431 4124 Θεοῦ
3453 4071 3732 4139 οἰκοδομη-

2153 4165 2396 4236 θήσεται,
2425 4163 2516 4217 καὶ
2566 4163 2654 4216 διὰ
2699 4163 2856 4218 τοῦτο
2889 4165 2958 4218 τὰ
2984 4163 3108 4235 ἐλὲη
3139 4162 3300 4216 αὐτοῦ
3333 4163 3412 4224 εἰς
3440 4161 3534 4215 τὸν
3573 4161 3734 4214 αἰῶ-ια

2153 4259 2377 4331 ᾄσομαι,
2411 4260 2471 4311 ού
2499 4259 2766 4330 προσήκει
2789 4260 3023 4328 ἀγνοεῖν,
3047 4258 3126 4310 ὅτι
3155 4255 3249 4310 τοῦ
3275 4255 3434 4324 λόγου
3457 4257 3490 4326 ἡ
3518 4253 3734 4323 ἀλήθεια

2154 4351 2212 4402 ἐν
2261 4351 2374 4411 τοῖς
2422 4347 2671 4419 οὐρανοῖς
2718 4349 3191 4420 ἐτοιμασθήσεται.
3225 4348 3304 4400 Τὰ
3333 4347 3444 4419 γὰρ
3493 4347 3735 4417 περίγεια

2157 4439 2458 4510 πρᾶγματα
2489 4439 2584 4492 καὶ
2624 4439 2656 4508 ἡ
2693 4441 2750 4491 ἐν
2787 4438 3092 4510 ἀνθρώποις
3132 4437 3296 4491 κακία
3331 4437 3532 4501 δόξειεν
3563 4437 3630 4490 ἂν
3665 4433 3734 4506 μὴ

468 4515 675 4570 minum
737 4511 943 4566 malitia
995 4523 1106 4563 non
1151 4505 1382 4560 multam
1431 4499 1584 4556 verbi
1639 4495 2032 4552 accurationeir

2157 4533 2296 4586 πάνυ
2326 4550 2378 4586 τι
2409 4532 2694 4604 ἐμφαίνειν
2739 4531 2797 4584 τὸ
2829 4531 3054 4601 ἀκριϐὲς
3091 4531 3184 4583 τοῦ
3217 4531 3398 4598 λόγου,
3435 4529 3511 4600 τῷ

2497 4565 2693 4603 γαινιιν
2749 4565 2797 4584 U'l
2829 4565 3051 4601 “hViUG’
3102 4565 3184 4583 bUU
3220 4565 3398 4598 Ῑιυι¹δυς
3446 4565 3511 4600 ΒΨ
3553 4565 3706 4598 ιδυυυη.

467 4608 726 4664 exhibere
779 4611 1045 4676 possunt;
1102 4600 1230 4672 quia
1279 4597 1450 4652 imilta
1496 4594 1554 4648 in
1595 4592 1710 4645 vita
1767 4587 2050 4644 hominum

471 4699 872 4771 inaequabilitas
901 4707 1004 4753 est.
1028 4695 1228 4750 Verum
1257 4688 1517 4761 quoniam
1546 4685 1818 4756 promissa
1847 4681 1962 4745 Dei,
1986 4679 2054 4736 ad

469 4793 727 4848 Davidem
767 4791 934 4852 facta,
972 4789 1158 4843 divina
1187 4800 1250 4840 ac
1285 4781 1532 4838 cmlestia
1563 4783 1714 4840 sunt,
1761 4791 1962 4845 neque,
1996 4783 2056 4828 ut

469 4885 640 4940 Judaei
704 4883 1078 4952 suspicantur,
1129 4889 1346 4934 terrena
1395 4883 1450 4931 et
1499 4887 1804 4942 corporea;
1862 4886 1926 4925 ea
1987 4871 2055 4926 de

471 4991 642 5031 causa
664 4975 788 5045 jure
815 4951 1092 5044 Dropheta
1131 4973 1282 5042 prius
1307 4967 1618 5038 distinguit,
1655 4981 1766 5020 non
1803 4965 1858 5018 in
1885 4973 2054 5028 terra,

473 5067 570 5121 sed
609 5067 664 5120 in
717 5065 877 5120 etelia
921 5065 1204 5120 veritatem
1251 5062 1651 5132 promissorum
1701 5057 1796 5113 Dei
1850 5073 2060 5127 praepa-

475 5156 704 5210 randam
733 5171 877 5212 esse.
906 5155 1274 5222 Quamobrem
1311 5153 1676 5224 Symmachus
1715 5151 1830 5205 haec
1855 5151 2060 5204 clarius

475 5249 706 5320 explicat
731 5251 922 5306 dicens
947 5270 962 5305 :
992 5249 1060 5302 In
1081 5249 1226 5302 cretis
1251 5247 1566 5316 fundabitur
1612 5247 1806 5299 veritas
1837 5255 1952 5297 tua.

550 5449 718 5504 Vens.
741 5449 858 5505 4-6.
910 5449 1158 5518 Disposui
1181 5457 1554 5502 testamentum
1583 5449 1760 5502 electis
1797 5450 1944 5510 meis,
1963 5447 2059 5516 ju-

483 5543 596 5595 ravi
625 5541 794 5596 David
823 5559 969 5596 seruo
1011 5559 1147 5606 meo,
1172 5541 1344 5612 Usque
1375 5543 1426 5596 in
1464 5551 1718 5596 wternnm
1747 5541 2060 5610 pra'parabo

483 5651 655 5687 semen
688 5645 856 5700 tuum,
889 5644 940 5690 et
969 5635 1244 5706 a'diﬁcabo
1273 5637 1326 5688 in
1355 5637 1742 5706 generationem
1774 5645 1822 5688 et
1851 5651 2064 5705 genera—

487 5727 676 5778 tionem
695 5726 938 5780 thronum
963 5737 1132 5780 tuum.
1162 5729 1493 5798 Diapsalma.
1520 5727 1924 5796 Conﬁtebuntur
1945 5729 2062 5781 εωιί

488 5815 760 5874 mirabilia
794 5829 908 5886 tua,
953 5817 1198 5886 Domine,
1241 5823 1432 5876 etenim
1489 5822 1759 5876 veritatem
1813 5831 1958 5874 tuam
2009 5823 2061 5874 in

2158 4626 2473 4698 ἀνωμαλίαν
2524 4621 2662 4679 εἶναι
2711 4625 2889 4678 δοκεῖν
2939 4625 3079 4678 κατά
3122 4625 3212 4677 τὸν
3238 4623 3576 4695 ἀνθρώπινον
3609 4623 3732 4692 βίον.

2170 4719 2308 4772 Ἀλλ’
2334 4719 2633 4790 ἐπειδήπερ
2665 4719 2722 4771 αἱ
2749 4715 3074 4785 ἐπαγγελίαι
3101 4715 3194 4768 τοῦ
3225 4715 3382 4778 Θεοῦ,
3413 4717 3469 4768 αἱ
3499 4714 3633 4786 πρὸς
3651 4713 3736 4764 τὸν

2159 4811 2324 4865 Δαυῖδ
2346 4811 2728 4882 γεγενημέναι,
2748 4810 2888 4864 θεῖαι
2910 4809 3004 4863 καὶ
3026 4809 3268 4882 οὐράνιοι
3288 4811 3630 4880 τυγχάνουσι,
3653 4807 3736 4858 καὶ

2159 4903 2276 4974 οὐχ,
2300 4904 2373 4965 ὡς
2405 4902 2470 4956 ἂν
2497 4903 2816 4956 ὑπολάϐοιεν
2853 4903 3120 4956 Ἰουδαίων
3158 4902 3362 4964 παῖδες,
3399 4893 3620 4968 γεώδεις
3649 4899 3736 4950 καὶ

2163 4999 2490 5067 σιιιματικαί·
2515 5001 2739 5061 εἰκότως
2766 4999 2854 5052 διὰ
2879 4997 3038 5052 τοῦτο
3065 4995 3539 5070 προδιαστέλλεται
3561 4997 3588 5046 ὁ
3611 4995 3735 5062 Πρε-

2162 5090 2358 5159 φήτης,
2392 5092 2473 5144 ὅτι
2509 5091 2583 5162 μὴ
2615 5093 2707 5144 ἐπὶ
2739 5093 2838 5162 τῆς
2881 5091 3002 5162 γῆς,
3039 5091 3152 5143 ἀλλ’
3182 5091 3238 5142 ἐν
3271 5092 3382 5151 τοῖς
3435 5087 3674 5158 οὐρανοῖς
3702 5083 3730 5150 ἡ

2161 5181 2390 5250 ἀλήθεια
2439 5182 2545 5234 τῶν
2591 5181 2930 5251 ἐπαγγελιῶν
2963 5179 3058 5234 τοῦ
3108 5177 3241 5233 Θεοῦ
3277 5175 3730 5248 ἐτοιμασθήσεται.

2172 5271 2369 5342 Διόπερ
2402 5275 2429 5324 ὁ
2463 5271 2754 5344 Σύμμαχος
2789 5273 3120 5344 σαφέστερον
3163 5271 3504 5344 ήρμήνευσεν
3541 5267 3730 5320 εἰπών·

2189 5358 2284 5414 ’Er
2306 5363 2429 5428 τοῖς
2463 5364 2740 5432 οὐρανοῖς
2769 5365 3204 5432 ἑδρασθήσεται
3245 5363 3281 5430 ἡ
3315 5359 3563 5428 ἀλήθειά
3606 5375 3728 5412 σου.

2232 5455 2514 5525 Διεθέμην
2541 5455 2832 5524 διαθήκην
2863 5457 2989 5523 τοῖς
3025 5455 3328 5522 ἐκλεκτοῖς
3356 5473 3477 5524 μου
3501 5471 3514 5483 ⁵
3541 5451 3728 5521 ὤμοσα

2164 5548 2344 5601 Δαυῒδ
2381 5549 2460 5615 τῷ
2486 5549 2683 5617 δούλῳ
2713 5567 2832 5618 μου
2852 5567 2864 5580 ο
2905 5552 3052 5616 Ἕως
3080 5549 3184 5604 τοῦ
3213 5549 3426 5614 αἰῶνος
3451 5543 3728 5613 ἑτοιμάσω

2151 5641 2226 5696 τὸ
2261 5641 2500 5712 σπέρμα
2539 5661 2675 5706 σου,
2706 5644 2802 5697 καί
2853 5643 3229 5713 οἰκοδομήσω
3267 5646 3352 5708 εἰς
3405 5639 3612 5712 γενεὰν
3641 5633 3730 5688 καί

2171 5733 2384 5802 γενεὰν
2427 5733 2534 5786 τὸν
2571 5735 2790 5802 θρόνον
2826 5749 2964 5790 σου.
3005 5733 3338 5804 dirigi-muta.
3359 5721 3732 5800 Ἑξομολοτηί·

2172 5843 2380 5880 σονται
2413 5831 2465 5880 ot
2495 5827 2736 5895 οἰιρανοί
2787 5827 2858 5882 τὰ
2903 5826 3204 5895 θαυμάσιά
3237 5843 3374 5888 σου,
3417 5826 3604 5892 Κύριε,
3643 5813 3728 5870 πὶ
