3974 6542
311 468 334 521 l
347 468 448 523 073

1518 462 2028 519 COMMENTARIA
2067 463 2134 518 IN
2174 463 2516 519 PSALMOS.

3437 465 3576 511 iU'M

307 585 418 652 γὰρ
440 582 553 650 τὴν
583 582 870 650 ἀλήθειάν
894 598 1010 636 σου
1035 583 1094 636 ἐν
1137 581 1461 649 Ἐκκλησία
1480 581 1683 650 ἁγίων.
1704 581 1883 651 Σαφῶς

2005 581 2246 636 Ecciesia
2273 589 2602 634 sanctorum.
2639 575 2765 630 Haec
2795 591 2860 630 ex
2894 587 3124 644 persona
3152 570 3247 626 Dei
3289 568 3577 624 manifeste

304 671 478 724 ταῦτα
519 673 582 724 ἐκ
620 671 913 743 προσώπου
951 670 1046 725 τοῦ
1081 670 1216 724 0εοῦ
1247 670 1491 742 εἴρηται·
1533 670 1724 742 διόπερ
1747 670 1896 724 δοκεῖ

308 779 400 831 μοι
448 763 606 832 παρᾶ
636 764 751 824 τοῖς
791 761 1196 831 Ἐϐδομήκοντα
1237 759 1493 831 ἀνωτέρω
1519 759 1770 831 εἰρῆσθαι
1799 759 1890 812 τό·

307 855 436 905 Ὅτι
465 848 670 917 εἶπας·
706 855 808 918 Εἰς
855 851 963 905 τὸν
1001 850 1186 905 αἰῶνα
1214 851 1386 917 ἕλεος
1431 850 1894 920 οἰκοδομηθήσε-

302 961 418 1007 ται,
452 945 523 997 ἐν
559 944 685 1010 τοῖς
716 943 998 1012 οὐρανοῖς
1036 942 1535 1012 ἐτοιμασθήσεται
1569 945 1606 1010 ἡ
1642 941 1896 1010 ἀλήθειά

301 1052 452 1090 σου·
489 1032 571 1100 οἷς
605 1036 939 1106 ὲπισυνῆπτε
985 1034 1077 1087 τό·
1131 1033 1414 1102 Διεθέμην
1448 1032 1741 1101 διαθήκην
1770 1031 1895 1098 τοῖς

301 1126 607 1192 ἐκλεκτοῖς
637 1143 790 1196 μου⁶
829 1128 916 1180 ἵνα
959 1125 1080 1180 καθ’
1113 1124 1422 1196 ὑπερὸατὸν
1445 1125 1529 1196 εἴη
1563 1123 1735 1188 οὕτως
1755 1124 1894 1196 ἔχων

301 1218 330 1268 6
358 1217 482 1280 νοῦς
511 1216 616 1271 τῶν
655 1216 1066 1288 προκειμένωνο
1110 1213 1330 1284 Ἐπειδὴ
1377 1214 1442 1268 σὺ
1483 1215 1667 1278 αὐτὸς,
1701 1207 1749 1268 ὧ
1776 1213 1892 1268 Κύ-

305 1325 411 1378 ριε,
439 1311 495 1360 ἐν
531 1311 648 1372 ταῖς
695 1310 823 1379 περὶ
863 1309 958 1361 τοῦ
994 1307 1155 1360 Δαυ⁴ίδ
1184 1308 1542 1376 ἐπαγγελίαις
1572 1305 1759 1372 εἷπας’
1799 1309 1892 1370 Εἰς

301 1401 394 1454 τὸν
423 1401 593 1454 αἰῶνα
624 1401 687 1454 τὸ
715 1402 860 1464 ἔλεός
891 1418 992 1472 μου
1020 1399 1081 1452 τὸ
1110 1400 1247 1472 πρὸς
1287 1399 1378 1453 τὸν
1411 1401 1593 1463 Δαυῖδ,
1620 1401 1653 1472 ἢ
1696 1401 1791 1454 καὶ
1831 1400 1892 1453 τὸ

301 1495 384 1556 εἰς
418 1495 626 1557 πάντας
660 1492 980 1564 ἀνθρώπους
1013 1490 1535 1563 οἰκοδομηθήσεται·
1581 1494 1680 1546 καὶ
1719 1511 1891 1566 προσ-

302 1584 506 1656 έθηκας
552 1585 756 1653 λέγων’
787 1583 1070 1654 Διεθέμην
1093 1581 1390 1650 διαθήκην
1431 1583 1556 1650 τοῖς
1586 1585 1891 1651 ἐκλεκτοῖς

296 1691 438 1742 μου,
484 1675 604 1745 ήτοι
650 1673 922 1745 ἐπιλέκτῳ
965 1692 1092 1745 μου,
1135 1675 1262 1728 καί·
1314 1677 1542 1744 ’ῼμοσα
1585 1675 1766 1728 Δαυτό
1810 1673 1891 1740 τῷ

300 1766 499 1830 δούλῳ
539 1784 681 1835 μου,
730 1767 823 1819 καὶ
869 1767 938 1820 τὰ
987 1765 1195 1830 τούτοις
1227 1764 1523 1820 ἀκόλουθαο
1564 1764 1888 1836 πέπεισμαι,

301 1859 388 1911 ὅτι
416 1856 614 1910 οὔποτε
645 1857 1130 1929 διαψευσθήσονταί
1158 1875 1252 1910 σου
1294 1858 1351 1912 αἰ
1387 1857 1732 1926 ἐπαγγελίαι,
1797 1857 1892 1929 μέ-

2001 674 2152 727 dicta
2204 683 2335 728 sunt
2368 691 2381 726 :
2418 685 2482 725 ac
2513 669 2733 724 videtur
2779 668 2913 720 niihi
2968 666 3092 720 ideo
3123 664 3266 735 apud
3299 661 3440 716 LXX
3485 678 3574 716 su-

2002 766 2186 834 perius
2234 765 2442 819 dictum
2498 762 2669 816 fuisse
2695 802 2709 826 ,
2751 760 3016 826 Quoniam
3049 757 3233 810 dixisti
3264 771 3282 809 :
3313 754 3380 808 Ιιι
3425 764 3579 810 uetere

2001 873 2127 910 num
2157 854 2522 910 misericordia
2549 851 2924 922 wdiﬁcabilur,
2944 852 2997 904 in
3023 849 3166 903 ccelis
3190 846 3580 917 prwparabitur

1999 950 2192 1002 veritas
2219 947 2560 1016 tua;quibus
2590 945 2703 998 hate
2725 942 3109 1004 subdiderunt,
3130 939 3380 1008 Disposui
3413 947 3577 992 testa-

2001 1049 2235 1094 mentum
2269 1039 2447 1094 electis
2491 1038 2655 1099 meis;
2691 1043 2750 1088 ut
2782 1049 2879 1103 per
2909 1033 3249 1104 hyperbaton
3280 1029 3411 1084 dicti
3457 1044 3582 1083 sen-

1999 1130 2171 1185 tentia
2226 1133 2306 1188 sic
2351 1130 2729 1202 exprimatur:
2761 1125 3030 1192 Quoniam
3061 1132 3118 1177 tu
3163 1123 3301 1192 ipse,
3332 1120 3581 1184 Domine,

1998 1223 2054 1276 in
2085 1221 2549 1292 promissionibus
2573 1218 2794 1272 Davidis
2820 1216 3009 1272 dixisti
3045 1235 3057 1269 :
3092 1215 3150 1268 In
3183 1226 3448 1268 aeternum
3483 1212 3582 1265 ini-

1999 1313 2300 1370 sericordia
2333 1327 2453 1367 mea
2485 1326 2616 1381 erga
2651 1309 2932 1370 Davidem,
2962 1307 3078 1362 sive
3107 1321 3235 1376 erga
3262 1319 3454 1359 omnes
3486 1307 3582 1356 lio-

1998 1407 2176 1460 mines
2243 1403 2642 1469 aadiﬁcabitur;
2703 1410 2755 1456 et
2807 1401 2923 1456 haec
2978 1398 3264 1469 adjecisti,
3330 1396 3583 1465 Disposui

1999 1506 2370 1552 testamentum
2416 1496 2594 1550 electis
2639 1495 2791 1556 meis,
2825 1493 3056 1558 scilicet,
3091 1492 3265 1546 electo
3308 1505 3452 1553 meo,
3505 1495 3577 1552 et,

1994 1589 2188 1644 Juravi
2221 1589 2391 1644 David
2421 1605 2566 1642 servo
2595 1604 2727 1651 meo,
2761 1595 2814 1640 et
2848 1596 3043 1640 caetera
3065 1597 3428 1654 :‘persnasum
3452 1581 3580 1635 mihi

1996 1689 2083 1738 est
2121 1682 2392 1752 prrmissa
2453 1689 2546 1733 tua
2592 1692 2872 1748 nunquam
2936 1676 3096 1730 irrita
3131 1674 3268 1739 fore,
3301 1673 3397 1728 sed
3452 1687 3579 1727 vera

1997 1774 2267 1843 ﬁrmaque
2299 1786 2562 1827 mansura
2596 1786 2764 1834 esse;
2799 1768 2892 1824 sed
2947 1783 3058 1822 non
3107 1767 3207 1829 ita,
3244 1775 3302 1819 ιιι
3332 1765 3387 1819 in
3436 1775 3579 1819 terra

1997 1864 2354 1918 consistant:
2383 1877 2560 1932 neque
2604 1861 2750 1916 enim
2785 1867 3002 1914 terrena
3050 1867 3106 1912 et
3159 1858 3384 1913 sensilia
3429 1864 3578 1921 sunt,

303 1965 453 2000 νουσι
475 1949 532 2001 δὲ
575 1947 796 2020 ἀληθεῖς
827 1949 922 2002 καὶ
952 1949 1313 2002 ἀδιάπτωτον
1345 1948 1461 2001 ἀλλ’
1495 1950 1594 2018 οὐχ
1627 1947 1766 2002 ῶστε
1801 1949 1883 2002 ὲπΊ

1997 1969 2174 2025 neque
2202 1953 2416 2008 venalia
2473 1963 2528 2006 et
2576 1951 2729 2007 brevi
2786 1958 3033 2020 tempore
3078 1949 3366 2009 duratura.
3398 1949 3577 2017 qualis

301 2039 400 2110 τῆς
440 2041 544 2110 γῆς
587 2040 934 2094 συνίστασθαι
973 2042 1176 2105 αύτάςσ
1224 2040 1484 2113 οὐδὲγὰρ
1528 2042 1762 2109 ὲπίγειοι
1801 2043 1896 2096 καὶ

299 2130 580 2201 αἰσθηταὶ,
614 2131 733 2184 οὐδὲ
773 2132 980 2202 ὠνηταὶ
1014 2132 1109 2186 καὶ
1133 2133 1485 2204 ὀλιγοχρόνιοι
1515 2134 1893 2203 τυγχάνουσιν,

298 2217 412 2285 οἷός
450 2226 598 2276 ἐστιν
630 2226 658 2276 6
689 2222 798 2277 τῶν
831 2223 1134 2296 ἀνθρώπων
1169 2225 1303 2295 βίος,
1349 2224 1464 2279 ἀλλ’
1498 2227 1756 2281 ἀθάνατοι
1803 2227 1896 2280 καί⁵

297 2313 506 2368 αἰώνιοι
535 2316 628 2368 καὶ
660 2319 724 2386 τῇ
755 2319 820 2387 σῇ
851 2316 1066 2388 θεότητι
1102 2318 1648 2391 πρέπουσαι.Διόπερ
1671 2319 1772 2372 οὐκ
1801 2319 1894 2371 ἐπὶ

297 2405 398 2476 τῆς
424 2407 548 2476 γῆς,
581 2407 694 2460 ἀλλ’
723 2411 782 2460 ἐν
813 2411 926 2472 τοῖς
954 2410 1204 2480 οὐρανοῖς
1228 2411 1687 2482 ὲτοιμασθήσεται
1707 2414 1739 2482 ή
1763 2411 1894 2480 ἀλή-

299 2496 422 2550 θεια
473 2497 580 2550 τῶν
632 2498 740 2551 σῶν
789 2499 926 2570 πρὸς
958 2501 1050 2552 τὸν
1080 2501 1242 2554 Δαυῒδ
1275 2501 1636 2570 ἐπαγγελιῶν.
1656 2503 1802 2555 ’Λντὶ
1833 2501 1892 2554 δὲ

296 2585 425 2638 τοῦ·
467 2586 753 2655 Διεθέμην
795 2585 1088 2656 διαθήκην
1132 2589 1256 2655 τοῖς
1305 2591 1611 2658 ἐκλεκτοῖς
1649 2609 1792 2660 μου,
1841 2593 1889 2646 οἱ

297 2677 474 2730 λοιποὶ
512 2679 710 2742 πάντες
748 2680 1109 2750 ὲρμηνευταίο
1144 2680 1228 2746 Τῷ
1257 2682 1552 2750 ἐπιλέκτῳ
1569 2701 1710 2752 μου,
1737 2684 1889 2757 εἰρή-

297 2786 447 2823 κασι.
478 2771 586 2823 Καὶ
631 2769 834 2840 μᾶλλον
869 2772 1098 2842 ἁρμόζει
1133 2775 1198 2843 τῇ
1229 2773 1439 2850 διανοίᾳ
1471 2777 1504 2845 ἡ
1531 2775 1756 2846 τοιαύτη
1800 2775 1890 2827 ἕκ-

296 2857 443 2924 δοσις
464 2877 478 2890 ο
507 2860 628 2913 οὐδὲ
650 2861 758 2932 γὰρ
780 2878 847 2914 πε
857 2863 910 2932 pi.
939 2861 1146 2915 πολλῶν
1174 2865 1322 2920 ἐστιν
1349 2866 1378 2916 6
1403 2864 1576 2932 λόγος,
1601 2865 1735 2919 ἀλλὰ
1761 2865 1890 2936 περὶ

300 2952 463 3022 μόνου
505 2953 600 3006 τοῦ
640 2954 835 3008 Δαυῖὸ·
880 2955 1030 3025 αὐτῷ
1068 2956 1198 3027 γὰρ,
1231 2957 1386 3026 φησὶ,
1418 2959 1512 3010 καὶ
1544 2957 1754 3028 ὤμοσα,
1791 2957 1888 3011 ἅτε

295 3041 468 3114 δούλῳ
491 3060 591 3114 μου
614 3044 727 3098 δντι
749 3046 844 3098 καὶ
863 3046 1132 3118 ἐπιλέκτῳ
1155 3065 1276 3118 μου.
1297 3049 1371 3102 Οὐ
1392 3050 1498 3120 γὰρ
1519 3050 1678 3122 ήρκει
1701 3051 1889 3119 ἁπλῶς

294 3139 576 3196 διαθέσθαι
606 3142 752 3212 αύτῷ
777 3143 1064 3214 διαθήκην,
1100 3143 1288 3216 ὥσπερ
1327 3145 1583 3216 διεθέμην
1619 3146 1697 3217 τῷ
1737 3145 1885 3211 Νῶε,

1997 2043 2280 2099 hominum
2313 2044 2423 2098 vita
2457 2051 2581 2109 est;
2627 2042 2724 2097 sed
2758 2041 3110 2105 immortalia,
3147 2048 3348 2095 aeterna
3377 2047 3432 2094 et
3465 2039 3563 2092 dei-

1996 2137 2096 2190 tati
2121 2145 2228 2190 tua:
2252 2136 2634 2207 congruentia.
2669 2133 3017 2204 Quapropter
3050 2148 3158 2186 non
3194 2133 3249 2185 in
3273 2140 3441 2195 terra,
3483 2130 3576 2184 sed

1995 2229 2052 2283 in
2103 2229 2261 2284 cmlis
2303 2229 2705 2299 prasparabitur
2733 2225 2940 2282 veritas
2991 2239 3182 2278 eorum
3233 2240 3356 2296 quae
3384 2222 3574 2276 Davidi

1994 2320 2274 2389 pollicitus
2305 2335 2387 2374 es.
2420 2319 2528 2374 Pro
2557 2319 2653 2373 illo
2683 2327 2886 2383 autem,
2924 2317 3174 2386 Disposui
3205 2322 3574 2372 testamentum

1990 2413 2168 2464 electis
2203 2412 2353 2475 nuis,
2387 2411 2588 2481 reliqui
2619 2426 2814 2464 omnes
2857 2411 3209 2478 interpretes,
3234 2406 3414 2460 Electa
3440 2421 3574 2468 meo,

1991 2501 2268 2556 dixerunt.
2309 2499 2442 2568 Quae
2493 2517 2626 2557 sane
2686 2501 3066 2570 interpretatio
3096 2513 3237 2554 vera:
3288 2497 3574 2551 sententi?

1993 2592 2170 2662 magis
2192 2593 2483 2662 congruit:
2515 2609 2625 2646 non
2657 2592 2803 2647 enim
2837 2591 2903 2646 de
2928 2591 3114 2644 multis
3147 2605 3329 2645 sermo
3358 2596 3464 2652 est,
3479 2587 3574 2641 sed

1991 2681 2058 2735 de
2085 2697 2195 2735 uno
2234 2679 2473 2748 Davide;
2507 2682 2613 2752 ipsi
2663 2683 2865 2752 quippe
2914 2681 3116 2750 jnravi,
3152 2680 3350 2750 inquit,
3392 2686 3573 2748 utpote

1993 2790 2152 2830 servo
2194 2789 2318 2828 meo
2367 2784 2421 2828 et
2450 2774 2626 2829 electo
2677 2789 2820 2828 meo.
2869 2772 3058 2842 Neque
3102 2773 3249 2827 enim
3291 2773 3426 2828 satis
3455 2779 3582 2825 erat-

1991 2863 2091 2934 ipsi
2130 2874 2518 2920 testamentum
2545 2866 2861 2934 disponere,
2887 2865 3032 2919 sicut
3058 2864 3192 2928 Noe,
3227 2872 3416 2933 postea
3443 2876 3574 2917 vero

1990 2956 2327 3020 Abrahamo,
2357 2957 2661 3025 deindeqne
2713 2957 2839 3011 liliis
2893 2956 3059 3010 Israel
3112 2955 3167 3008 in
3213 2955 3434 3010 deserto
3478 2969 3570 3023 per

1989 3046 2229 3119 Moysem
2261 3047 2508 3118 disposui
2537 3067 2551 3101 :
2581 3064 2706 3101 nam
2741 3063 2866 3102 cum
2895 3048 2964 3102 iis
2993 3048 3112 3103 sine
3137 3049 3484 3117 juramento;
3519 3053 3574 3100 at

1990 3155 2116 3195 cum
2162 3140 2359 3201 electo,
2398 3155 2557 3195 servo
2588 3149 2642 3195 et
2675 3139 2877 3194 famulo
2915 3155 3036 3195 meo
3075 3139 3298 3201 Davide,
3327 3138 3586 3192 adhibito

295 3234 391 3288 καὶ
422 3235 562 3305 μετὰ
590 3235 763 3289 ταῦτα
794 3235 871 3307 τῷ
907 3237 1177 3309 Ἀϐραὰμ,
1209 3238 1303 3291 καὶ
1346 3238 1506 3292 πάλιν
1535 3240 1650 3310 μετ’
1681 3241 1883 3294 ἐκεῖνον

1988 3231 2367 3301 jurejurando,
2390 3231 2570 3286 ftedus
2591 3241 2645 3287 et
2670 3238 3055 3286 testamentum
3093 3228 3406 3284 inii.Juravi
3425 3229 3572 3284 enim

292 3327 405 3389 τοῖς
423 3299 566 3390 ὐἱοῖς
603 3327 820 3399 Ἰσραὴλ
842 3299 944 3381 ’ἐπὶ
974 3299 1074 3398 ei};
1100 3299 1308 3400 ἐρήμου
1331 3329 1418 3383 διὰ
1443 3299 1708 3394 Μωσέως·
1743 3331 1883 3384 ὲκεί-

1991 3322 2095 3393 ipsi
2151 3321 2393 3376 futurum
2427 3339 2550 3378 esse
2589 3334 2648 3378 ut
2676 3339 2860 3378 semen
2901 3324 3022 3392 ejus
3047 3324 3100 3376 in
3123 3330 3386 3377 atternum
3429 3336 3570 3392 prae-

293 3433 406 3480 νοις
453 3416 561 3489 γὰρ
601 3418 724 3489 δίχα
756 3419 1130 3490 ὁρκωμοσίας·
1160 3421 1237 3491 τῷ
1268 3421 1312 3474 δ’
1347 3422 1618 3494 ὲπιλέκτῳ
1655 3440 1756 3494 μου
1791 3423 1884 3476 καὶ

291 3508 370 3579 τῷ
421 3508 540 3579 ὲμῷ
585 3509 880 3584 θεράποντι
927 3513 1022 3565 καὶ
1073 3511 1244 3584 δούλῳ
1270 3513 1432 3567 Δαυῒδ
1459 3514 1714 3586 διεθέμην
1747 3515 1884 3586 μετὰ

291 3601 456 3672 ὅρκου
491 3603 890 3674 παραλήψεως-ο
930 3603 1119 3675 ὤμοσα
1163 3606 1272 3676 γὰρ
1315 3606 1462 3677 αὐτῷ
1491 3609 1619 3680 περὶ
1648 3607 1742 3660 τοῦ
1775 3608 1883 3661 δεῖν

289 3691 350 3745 τὸ
403 3692 624 3764 σπέρμα
670 3694 835 3747 αὑτοῦ
887 3697 966 3758 εἰς
994 3696 1083 3749 τὸν
1127 3697 1301 3750 αἰῶνα
1333 3697 1643 3769 ἑτοιμάσειν
1674 3699 1768 3752 καί¹
1793 3700 1882 3753 τὸν

291 3783 478 3856 θρόνον
510 3785 676 3839 αὑτοῦ
703 3787 1101 3859 οἰκοδομήσειν,
1137 3791 1233 3844 καὶ
1262 3792 1362 3846 οὐκ
1400 3795 1480 3856 εἰς
1509 3792 1636 3863 μίαν
1667 3793 1880 3861 γενεὰν,

289 3873 402 3925 ἀλλ’
436 3876 517 3938 εἰς
562 3874 755 3943 γενεὰν
803 3877 896 3930 καὶ
920 3879 1131 3946 γενεάν.
1163 3881 1296 3952 Περὶ
1323 3881 1379 3934 δὲ
1405 3881 1498 3934 τοῦ
1531 3882 1761 3953 ὀμνύναι
1789 3883 1881 3936 τὸν

287 3964 442 4029 Θεὸν,
469 3967 498 4019 6
526 3967 669 4037 ἱερὸς
684 3968 1010 4032 Ἀπόστολος
1039 3971 1095 4022 ἐν
1125 3974 1188 4041 τῇ
1207 3971 1346 4044 πρὸς
1379 3973 1662 4045 Ἐϐραίους
1683 3975 1877 4045 φησίν

291 4055 414 4110 ἰνα
438 4055 536 4111 διὰ
567 4057 676 4112 δύο
715 4060 1072 4130 πραγμάτων
1099 4064 1491 4132 ἀμεταθέτων,
1531 4067 1601 4119 ἐν
1632 4061 1723 4130 οἷς
1744 4065 1882 4120 ἁδύ⁹

287 4165 473 4202 νατον
495 4151 843 4218 ψεύσασθαι
873 4153 980 4206 τὸν
1015 4155 1183 4220 Θεὸν,
1211 4157 1469 4226 ἰσχυρὰν
1493 4158 1882 4227 παράκλησιν

287 4241 538 4310 ἔχωμεν.
573 4243 710 4296 Κατ’
743 4245 995 4299 ἐπίτασιν
1030 4246 1141 4319 γὰρ
1173 4248 1419 4318 μείζονος
1445 4249 1880 4315 διαϐεϐαιώσεως

286 4331 380 4384 καὶ
411 4332 574 4404 ὅρκος
607 4334 979 4405 παρείληπται
1014 4337 1092 4407 τῷ
1121 4337 1261 4409 Θεῷ.
1301 4339 1460 4393 Κατὰ
1486 4342 1632 4406 τίνος
1663 4341 1720 4394 δὲ
1740 4343 1768 4394 6
1790 4342 1882 4414 ὄρ-

283 4441 380 4488 κος
414 4424 542 4494 ἑξῆς
585 4426 788 4499 προῖὼν
821 4427 1061 4481 διδάσκει
1091 4428 1296 4497 λέγων·
1343 4430 1530 4496 ’Άπαξ
1565 4431 1771 4502 ὤμοσα
1810 4433 1881 4486 ἐν

283 4515 364 4583 τῷ
381 4517 528 4585 ἁγίῳ
546 4517 870 4584 μου.Ἔνθα
900 4520 993 4572 καὶ
1021 4522 1360 4592 ἐπιστήσεις,
1388 4523 1473 4586 τίς
1498 4541 1628 4577 ποτε
1651 4525 1758 4595 ἄρα
1785 4517 1876 4578 οὗ-

281 4625 374 4670 τος
410 4603 478 4679 ἦν
511 4610 540 4660 6
582 4608 738 4677 ἅγιος
784 4609 878 4662 τοῦ
923 4610 1080 4676 Θεοῦ,
1117 4613 1236 4666 καθ’
1263 4608 1323 4667 οὗ
1359 4615 1585 4686 ὄμνυσιν
1629 4617 1705 4680 ὡς
1736 4618 1876 4671 κατὰ

284 4697 413 4751 Υίοῦ
435 4699 779 4769 μονογενοῦς,
806 4703 884 4764 εἰς
911 4702 973 4754 τὸ
995 4703 1054 4769 ἐξ
1073 4704 1311 4770 ἅπαντος
1330 4707 1397 4760 τὰ
1421 4707 1523 4776 τῆς
1540 4709 1873 4777 ἐπαγγελίας

281 4789 670 4862 κρατυνθῆναι.
705 4791 810 4844 Τὸν
863 4793 962 4864 μὲν
1012 4791 1103 4848 οὖν
1151 4796 1304 4864 ἅγιον
1343 4797 1652 4868 ὡμολόγουν
1699 4800 1793 4853 καὶ
1823 4801 1872 4852 οἰ

279 4883 532 4953 δαίμονες
558 4885 615 4937 ὲν
648 4886 759 4948 τοῖς
792 4884 1165 4953 Εύαγγελίοις,
1187 4887 1276 4939 ὅτε
1309 4889 1382 4958 μὴ
1415 4889 1671 4958 φέροντες
1703 4889 1869 4942 αὐτοῦ

279 4975 378 5046 τὴν
408 4974 590 5029 ἔνθεον
619 4975 849 5048 δύναμιν
874 4977 1200 5049 κολαστικὴν
1223 4975 1387 5033 οὖσαν
1408 4981 1588 5034 αὐτῶν
1637 4983 1729 5034 καὶ
1768 4984 1873 5036 ἀπ·-

277 5067 592 5138 ελαστικὴν,
625 5067 795 5120 ἐϐόων
841 5068 1122 5137 λέγοντες’
1181 5071 1321 5132 Ἔα,
1362 5072 1418 5122 τί
1444 5070 1587 5139 ἡμῖν
1609 5071 1707 5125 καί
1748 5073 1870 5133 σοί,

289 5158 485 5226 Ἰησοῦ
530 5158 870 5228 Ναζαρῆνε;
902 5160 1162 5230 Οἵδαμέν
1188 5177 1261 5216 σε
1285 5163 1375 5228 τίς
1407 5159 1480 5224 εἷ,
1509 5167 1541 5216 ό
1567 5163 1734 5234 ἅγιος
1766 5165 1871 5218 τοῦ

278 5251 450 5308 Θεοῦ.
482 5252 640 5306 Κατὰ
678 5253 868 5306 τούτου
907 5254 1088 5306 τοίνυν
1121 5255 1289 5324 ὀμνὺς
1320 5257 1348 5308 6
1379 5255 1532 5322 Θεὸς,
1567 5253 1656 5309 οἷα
1687 5257 1872 5327 πατὴρ

275 5340 420 5394 κατὰ
457 5341 778 5410 μονογενοῦς
822 5343 914 5396 καὶ
953 5343 1240 5413 ἀγαπητοῦ
1289 5344 1428 5408 υἱοῦ,
1466 5345 1544 5415 τῷ
1570 5345 1731 5399 Δαυῒδ
1774 5345 1871 5417 τὴν

272 5434 609 5502 ἐπαγγελίαν
669 5436 928 5489 ἐποιεῖτο·
957 5439 1021 5489 ’Ὀ
1084 5435 1148 5506 δὴ
1211 5437 1304 5489 καὶ
1357 5436 1595 5490 διδάσκει
1655 5437 1828 5506 λέγων
1854 5456 1866 5468 ·

276 5525 468 5589 Ἀπαξ
495 5525 701 5597 ὤμοσα
725 5527 788 5579 ἐν
826 5527 905 5594 τῷ
933 5529 1079 5597 ἁγίῳ
1108 5546 1248 5597 μου,
1281 5531 1333 5582 εὶ
1381 5528 1462 5595 τῷ
1505 5528 1687 5584 Δαυῒδ
1719 5531 1866 5598 ψεύ-

273 5631 481 5684 σομαι.
509 5617 696 5686 Ζητῶν
732 5617 788 5670 δὲ
833 5619 958 5690 παρ’
985 5619 1206 5689 ἐμαυτῷ
1233 5619 1332 5688 τὴν
1363 5621 1561 5684 αἰτίαν,
1591 5622 1658 5674 δι’
1683 5622 1748 5693 ἢν
1779 5624 1868 5676 οὑ-

273 5706 386 5759 δενὶ
411 5706 511 5775 μὲν
535 5705 680 5776 ἄλλῳ
710 5707 816 5759 τῶν
849 5709 1041 5776 ἁγίων,
1072 5712 1220 5780 μόνῳ
1246 5709 1302 5763 δὲ
1331 5711 1410 5782 τῷ
1429 5710 1589 5766 Δαυῖδ
1613 5712 1679 5765 δι’
1701 5715 1864 5785 ὅρκου

352 5863 396 5894 ιδ
438 5863 579 5919 llrbr
635 5883 707 5928 γι,
752 5865 832 5919 18.
915 5867 954 5897 ¹⁶
992 5865 1124 5920 an.
1163 5882 1237 5931 tv,
1273 5867 1359 5922 31.

1908 4655 1956 4712 D

1989 3421 2237 3482 paretur,
2262 3422 2315 3466 et
2334 3415 2565 3468 thronus
2598 3414 2718 3483 ejus
2735 3414 3054 3478 :edilicetur,
3077 3430 3185 3468 non
3210 3414 3264 3467 in
3283 3428 3446 3468 unam
3481 3426 3573 3482 ge-

1989 3503 2354 3569 nerationem,
2397 3501 2494 3557 sed
2519 3503 2570 3556 in
2605 3504 3014 3573 generationem
3047 3511 3100 3557 et
3133 3502 3567 3572 generationem.

1984 3591 2097 3647 Cur
2130 3602 2312 3648 autem
2350 3593 2493 3648 Deus
2518 3593 2806 3662 juravcrit,
2841 3593 2898 3648 S.
2925 3595 3219 3664 Apostolus
3244 3595 3298 3648 in
3328 3592 3570 3662 Epistola

1986 3685 2055 3740 ad
2090 3683 2348 3739 Hebraeos
2373 3687 2698 3740 testiﬁcatur
2726 3705 2739 3740 :
2769 3685 2837 3740 Ut
2864 3703 2956 3756 per
2976 3685 3113 3740 duas
3147 3703 3229 3740 res
3255 3686 3568 3749 immobiles,

1983 3778 2172 3849 quibus
2213 3777 2538 3847 impossibile
2590 3787 2668 3832 est
2711 3779 2925 3832 mentiri
2965 3777 3168 3840 Deum,
3216 3778 3570 3846 [artissimum

1984 3871 2239 3925 solatium
2279 3869 2568 3924 habeamus
2593 3871 2656 3926 ’⁵.
2683 3869 2819 3924 Nam
2849 3870 2917 3925 ad
2949 3871 3322 3926 accessionem
3346 3869 3570 3940 majoris

1985 3961 2330 4016 certitudinis
2347 3959 2872 4029 Deusjuramentum
2888 3962 3154 4016 adhibuit.
3177 3961 3278 4017 Per
3295 3977 3454 4032 quem
3472 3976 3542 4014 an

1985 4061 2090 4107 tein
2110 4055 2467 4124 juraverit,in
2486 4057 2845 4124 sequentibus
2863 4056 3025 4110 docet
3046 4056 3366 4111 hisverbis:
3395 4055 3573 4110 Semel

1973 4147 2160 4217 juravi
2212 4151 2266 4202 in
2320 4159 2504 4203 sancto
2562 4166 2696 4204 meo.
2747 4148 2848 4204 Ubi
2905 4150 3211 4220 perpendas
3244 4151 3339 4220 qui
3380 4151 3451 4204 sit
3481 4150 3568 4204 ille

1984 4254 2212 4298 sanctus
2244 4241 2361 4304 Dei,
2387 4257 2484 4312 per
2517 4258 2679 4312 quem
2701 4243 2861 4314 quasi
2881 4259 2978 4314 per
2997 4243 3197 4298 Filium
3224 4243 3567 4313 unigenitum

1979 4332 2165 4401 jnrat,
2208 4333 2275 4386 ad
2334 4333 2761 4402 promissionem
2827 4335 3052 4387 onmino
3107 4330 3564 4388 continuandam.

1985 4427 2130 4480 Sane
2164 4443 2292 4482 vero
2336 4435 2590 4481 sanctum
2628 4427 2778 4480 illum
2810 4429 2892 4482 vel
2925 4427 3201 4482 daemones
3230 4427 3284 4479 in
3321 4425 3565 4494 Evange-

1984 4520 2072 4574 liis
2089 4520 2326 4574 conl‘essi
2356 4527 2506 4579 sunt.
2533 4536 2658 4573 cum
2689 4519 3071 4588 dirinam'ejus
3100 4525 3565 4588 potestatem,qua

1982 4628 2042 4666 se
2088 4611 2351 4680 puniebat
2397 4620 2452 4664 et
2491 4612 2746 4679 ejicicbat
2777 4627 2885 4664 non
2917 4611 3177 4673 ferentes,
3216 4611 3330 4662 haec
3363 4609 3568 4662 clama-

1982 4703 2116 4756 bant
2147 4722 2159 4755 :
2200 4701 2346 4765 Sine,
2367 4702 2493 4771 quid
2521 4701 2669 4757 nobis
2703 4713 2751 4756 et
2777 4702 2894 4764 tibi,
2926 4701 3057 4755 Jesu
3098 4700 3420 4757 Nazarene?
3451 4697 3568 4753 Νο-

1978 4798 2144 4850 vimus
2181 4806 2228 4850 te
2252 4799 2368 4866 quis
2397 4799 2494 4862 sis,
2515 4807 2734 4852 sanctus
2756 4797 2851 4850 Dei
2878 4797 2938 4848 ¹⁶.
2959 4795 3064 4850 Per
3092 4795 3238 4848 hunc
3272 4794 3454 4864 itaque
3473 4793 3564 4862 ju-

1981 4903 2115 4944 rans
2143 4888 2310 4954 Deus,
2345 4899 2404 4943 ut
2440 4900 2592 4960 pater
2615 4905 2712 4959 per
2733 4889 3078 4960 unigenitum
3107 4895 3164 4940 et
3201 4887 3459 4942 dilectum
3502 4884 3565 4938 li-

1980 4981 2136 5044 lium,
2183 4979 2372 5034 Davidi
2433 4979 2856 5050 promissionem
2894 4978 3079 5033 dabat.
3131 4976 3288 5043 Quod
3336 4976 3454 5045 ipse
3489 4974 3563 5028 ita

1979 5072 2138 5126 docet
2163 5091 2176 5126 :
2206 5071 2380 5126 Semel
2392 5073 2576 5142 juravi
2603 5073 2656 5124 in
2674 5081 2860 5126 sancto
2883 5088 3017 5136 meo,
3046 5072 3090 5124 si
3117 5069 3288 5124 David
3309 5070 3558 5122 utentior.

1972 5166 2109 5220 Cum
2158 5174 2341 5220 autem
2376 5181 2588 5220 mecum
2629 5180 2949 5236 quaererem,
2973 5179 3074 5218 cur
3105 5163 3310 5219 nemini
3347 5169 3564 5217 sancto-

1975 5274 2117 5323 rum,
2148 5259 2255 5313 nisi
2291 5258 2507 5322 Davidi,
2543 5260 2964 5329 promissionem
2998 5259 3066 5312 de
3125 5257 3334 5312 semine
3387 5254 3561 5325 ipsius

1973 5364 2099 5402 cum
2131 5350 2450 5419 juramento
2491 5348 2638 5403 Deus
2674 5349 2943 5414 ediderit;
2978 5349 3121 5401 hanc
3148 5363 3232 5401 me
3255 5344 3560 5415 deprehen-

1975 5441 2124 5497 disse
2166 5458 2392 5498 causam
2432 5444 2643 5497 zestimo
2683 5463 2694 5497 :
2729 5442 2973 5513 comperi
3031 5455 3268 5509 namque
3299 5437 3556 5492 Davidcm

1976 5540 2102 5587 ante
2133 5534 2280 5587 illam
2321 5550 2351 5587 a
2388 5532 2497 5588 Deo
2546 5534 2648 5588 sibi
2699 5533 2883 5586 datam
2940 5531 3364 5602 promissionem
3404 5527 3559 5597 jura-

1977 5634 2164 5680 mento
2217 5643 2377 5682 nsum
2433 5626 2624 5680 fuisse.
2673 5624 2900 5680 Jul-asse
2955 5634 3136 5676 autem
3176 5623 3352 5692 ipsum
3395 5619 3555 5674 docet

1977 5714 2219 5787 Spiritus
2267 5717 2488 5774 divinus
2524 5717 2579 5772 in
2622 5732 2808 5784 cxxxn,
2844 5716 3034 5770 dicens
3070 5733 3082 5768 :
3128 5712 3410 5782 Memento,
3452 5709 3558 5765 Do-
