  <div class='ocr_page' id='page_1' title='image "/cluster/home/n/w/nwhite01/storage/ocr_20150623/23/hvd.32044019207711/568.png"; bbox 0 0 3974 6534; ppageno 0'>
   <div class='ocr_carea' id='block_1_1' title="bbox 285 460 423 518">
    <p class='ocr_par' dir='ltr' id='par_1_1' title="bbox 285 460 423 518">
     <span class='ocr_line' id='line_1_1' title="bbox 285 460 423 518; baseline -0.043 0"><span class='ocrx_word' id='word_1_1' title='bbox 285 460 423 518; x_wconf 69' lang='grc'><strong><em>10⁸17</em></strong></span> 
     </span>
    </p>
   </div>
   <div class='ocr_carea' id='block_1_2' title="bbox 1340 450 2328 513">
    <p class='ocr_par' dir='ltr' id='par_1_2' title="bbox 1340 450 2328 513">
     <span class='ocr_line' id='line_1_2' title="bbox 1340 450 2328 513; baseline -0.006 0"><span class='ocrx_word' id='word_1_2' title='bbox 1340 453 1846 513; x_wconf 77' lang='lat' dir='ltr'><strong><em>COMMENTABIA</em></strong></span> <span class='ocrx_word' id='word_1_3' title='bbox 1880 452 1967 508; x_wconf 77' lang='lat' dir='ltr'><strong><em>IN.</em></strong></span> <span class='ocrx_word' id='word_1_4' title='bbox 1986 450 2328 509; x_wconf 78' lang='lat' dir='ltr'><strong><em>PSALMOS.</em></strong></span> 
     </span>
    </p>
   </div>
   <div class='ocr_carea' id='block_1_3' title="bbox 3397 450 3535 505">
    <p class='ocr_par' dir='ltr' id='par_1_3' title="bbox 3397 450 3535 505">
     <span class='ocr_line' id='line_1_3' title="bbox 3397 450 3535 505; baseline 0.022 -3"><span class='ocrx_word' id='word_1_5' title='bbox 3397 450 3535 505; x_wconf 74' lang='lat'><strong><em>1078</em></strong></span> 
     </span>
    </p>
   </div>
   <div class='ocr_carea' id='block_1_4' title="bbox 282 563 1863 647">
    <p class='ocr_par' dir='ltr' id='par_1_4' title="bbox 282 570 1857 647">
     <span class='ocr_line' id='line_1_4' title="bbox 282 570 1857 647; baseline -0.003 -17"><span class='ocrx_word' id='word_1_6' title='bbox 282 576 606 647; x_wconf 79' lang='grc' dir='ltr'>κοδομῆσαι,</span> <span class='ocrx_word' id='word_1_7' title='bbox 636 575 871 630; x_wconf 77' lang='grc' dir='ltr'><strong><em>ἐνταῦθά</em></strong></span> <span class='ocrx_word' id='word_1_8' title='bbox 892 591 950 627; x_wconf 86' lang='grc' dir='ltr'><em>τε</em></span> <span class='ocrx_word' id='word_1_9' title='bbox 973 572 1071 645; x_wconf 75' lang='grc' dir='ltr'><strong><em>τὴν</em></strong></span> <span class='ocrx_word' id='word_1_10' title='bbox 1097 572 1328 625; x_wconf 77' lang='grc' dir='ltr'><strong><em>κιϐωτὸν</em></strong></span> <span class='ocrx_word' id='word_1_11' title='bbox 1356 571 1568 645; x_wconf 80' lang='grc' dir='ltr'>ἱδρῦσαι</span> <span class='ocrx_word' id='word_1_12' title='bbox 1582 571 1676 625; x_wconf 73' lang='grc' dir='ltr'><strong><em>τοῦ</em></strong></span> <span class='ocrx_word' id='word_1_13' title='bbox 1700 570 1857 625; x_wconf 80' lang='grc' dir='ltr'>Θεοῦ.</span> 
     </span>
    </p>
   </div>
   <div class='ocr_carea' id='block_1_5' title="bbox 1965 563 3536 647">
    <p class='ocr_par' dir='ltr' id='par_1_5' title="bbox 1965 563 3536 635">
     <span class='ocr_line' id='line_1_5' title="bbox 1965 563 3536 635; baseline -0.005 -10"><span class='ocrx_word' id='word_1_14' title='bbox 1965 569 2164 625; x_wconf 81' lang='lat' dir='ltr'><strong><em>biliret.</em></strong></span> <span class='ocrx_word' id='word_1_15' title='bbox 2197 569 2315 635; x_wconf 86' lang='lat' dir='ltr'><strong><em>Qua</em></strong></span> <span class='ocrx_word' id='word_1_16' title='bbox 2347 568 2414 624; x_wconf 89' lang='lat' dir='ltr'><strong><em>de</em></strong></span> <span class='ocrx_word' id='word_1_17' title='bbox 2440 582 2505 623; x_wconf 71' lang='lat' dir='ltr'><strong><em>re</em></strong></span> <span class='ocrx_word' id='word_1_18' title='bbox 2524 565 2694 622; x_wconf 79' lang='lat' dir='ltr'><strong><em>David</em></strong></span> <span class='ocrx_word' id='word_1_19' title='bbox 2722 564 2956 621; x_wconf 90' lang='lat' dir='ltr'><strong><em>Domino</em></strong></span> <span class='ocrx_word' id='word_1_20' title='bbox 2978 563 3206 635; x_wconf 86' lang='lat' dir='ltr'><strong><em>juravit,</em></strong></span> <span class='ocrx_word' id='word_1_21' title='bbox 3256 570 3311 619; x_wconf 83' lang='lat' dir='ltr'><strong><em>et</em></strong></span> <span class='ocrx_word' id='word_1_22' title='bbox 3349 570 3536 617; x_wconf 83' lang='lat' dir='ltr'><strong><em>votum</em></strong></span> 
     </span>
    </p>
   </div>
   <div class='ocr_carea' id='block_1_6' title="bbox 282 662 1863 737">
    <p class='ocr_par' dir='ltr' id='par_1_6' title="bbox 282 662 1863 737">
     <span class='ocr_line' id='line_1_6' title="bbox 282 662 1863 737; baseline -0.001 -18"><span class='ocrx_word' id='word_1_23' title='bbox 282 667 391 719; x_wconf 76' lang='grc' dir='ltr'><strong><em>Καὶ</em></strong></span> <span class='ocrx_word' id='word_1_24' title='bbox 422 665 551 737; x_wconf 76' lang='grc' dir='ltr'><em>περὶ</em></span> <span class='ocrx_word' id='word_1_25' title='bbox 581 665 771 719; x_wconf 84' lang='grc' dir='ltr'><em>τούτου</em></span> <span class='ocrx_word' id='word_1_26' title='bbox 796 664 976 736; x_wconf 78' lang='grc' dir='ltr'><strong><em>ὤμοσε</em></strong></span> <span class='ocrx_word' id='word_1_27' title='bbox 1014 663 1175 717; x_wconf 77' lang='grc' dir='ltr'><strong><em>Δαυῖδ</em></strong></span> <span class='ocrx_word' id='word_1_28' title='bbox 1196 662 1275 735; x_wconf 81' lang='grc' dir='ltr'><em>τῷ</em></span> <span class='ocrx_word' id='word_1_29' title='bbox 1305 663 1514 735; x_wconf 77' lang='grc' dir='ltr'><strong><em>Κυρίῳ,</em></strong></span> <span class='ocrx_word' id='word_1_30' title='bbox 1543 666 1637 717; x_wconf 75' lang='grc' dir='ltr'><strong><em>καὶ</em></strong></span> <span class='ocrx_word' id='word_1_31' title='bbox 1660 663 1863 735; x_wconf 76' lang='grc' dir='ltr'><em>ηὓξατο</em></span> 
     </span>
    </p>
   </div>
   <div class='ocr_carea' id='block_1_7' title="bbox 280 751 1860 823">
    <p class='ocr_par' dir='ltr' id='par_1_7' title="bbox 280 751 1860 823">
     <span class='ocr_line' id='line_1_7' title="bbox 280 751 1860 823; baseline 0.001 -18"><span class='ocrx_word' id='word_1_32' title='bbox 280 752 365 823; x_wconf 79' lang='grc' dir='ltr'><em>τῷ</em></span> <span class='ocrx_word' id='word_1_33' title='bbox 390 752 509 823; x_wconf 83' lang='grc' dir='ltr'>Θεῷ</span> <span class='ocrx_word' id='word_1_34' title='bbox 551 751 745 806; x_wconf 82' lang='grc' dir='ltr'><strong><em>Ἰακὼό</em></strong></span> <span class='ocrx_word' id='word_1_35' title='bbox 776 753 981 821; x_wconf 80' lang='grc' dir='ltr'><em>λέγων’</em></span> <span class='ocrx_word' id='word_1_36' title='bbox 1018 756 1088 807; x_wconf 80' lang='lat' dir='ltr'><strong><em>El</em></strong></span> <span class='ocrx_word' id='word_1_37' title='bbox 1118 753 1539 823; x_wconf 74' lang='grc' dir='ltr'><strong><em>εἰσελεύσομαι</em></strong></span> <span class='ocrx_word' id='word_1_38' title='bbox 1575 755 1663 819; x_wconf 81' lang='grc' dir='ltr'><strong><em>εις</em></strong></span> <span class='ocrx_word' id='word_1_39' title='bbox 1705 754 1860 823; x_wconf 84' lang='grc' dir='ltr'><strong><em>σκή-</em></strong></span> 
     </span>
    </p>
   </div>
   <div class='ocr_carea' id='block_1_8' title="bbox 279 845 1861 916">
    <p class='ocr_par' dir='ltr' id='par_1_8' title="bbox 279 845 1861 916">
     <span class='ocr_line' id='line_1_8' title="bbox 279 845 1861 916; baseline 0.003 -19"><span class='ocrx_word' id='word_1_40' title='bbox 279 862 447 915; x_wconf 88' lang='grc' dir='ltr'><em>νωμα</em></span> <span class='ocrx_word' id='word_1_41' title='bbox 473 846 642 900; x_wconf 77' lang='grc' dir='ltr'><em>οἴκου</em></span> <span class='ocrx_word' id='word_1_42' title='bbox 660 863 803 915; x_wconf 87' lang='grc' dir='ltr'><em>μου,</em></span> <span class='ocrx_word' id='word_1_43' title='bbox 827 848 880 900; x_wconf 81' lang='grc' dir='ltr'><em>ει</em></span> <span class='ocrx_word' id='word_1_44' title='bbox 907 845 1282 916; x_wconf 73' lang='grc' dir='ltr'><em>ἀναϐήσομαι</em></span> <span class='ocrx_word' id='word_1_45' title='bbox 1304 846 1404 900; x_wconf 80' lang='grc' dir='ltr'><strong><em>ἐπὶ</em></strong></span> <span class='ocrx_word' id='word_1_46' title='bbox 1429 848 1642 914; x_wconf 82' lang='grc' dir='ltr'><em>κλίνης</em></span> <span class='ocrx_word' id='word_1_47' title='bbox 1670 863 1861 915; x_wconf 85' lang='grc' dir='ltr'><em>στρω--</em></span> 
     </span>
    </p>
   </div>
   <div class='ocr_carea' id='block_1_9' title="bbox 274 934 1859 1006">
    <p class='ocr_par' dir='ltr' id='par_1_9' title="bbox 274 934 1859 1006">
     <span class='ocr_line' id='line_1_9' title="bbox 274 934 1859 1006; baseline 0.001 -17"><span class='ocrx_word' id='word_1_48' title='bbox 274 934 439 1006; x_wconf 84' lang='grc' dir='ltr'><strong><em>μνῆς</em></strong></span> <span class='ocrx_word' id='word_1_49' title='bbox 454 953 598 1005; x_wconf 84' lang='grc' dir='ltr'><em>μου,</em></span> <span class='ocrx_word' id='word_1_50' title='bbox 626 938 681 989; x_wconf 80' lang='grc' dir='ltr'><em>εὶ</em></span> <span class='ocrx_word' id='word_1_51' title='bbox 704 934 876 989; x_wconf 84' lang='grc' dir='ltr'><strong><em>δώσω</em></strong></span> <span class='ocrx_word' id='word_1_52' title='bbox 904 935 1103 990; x_wconf 83' lang='grc' dir='ltr'><em>ὕπνον</em></span> <span class='ocrx_word' id='word_1_53' title='bbox 1124 935 1248 1001; x_wconf 82' lang='grc' dir='ltr'><em>τοῖς</em></span> <span class='ocrx_word' id='word_1_54' title='bbox 1276 936 1606 1006; x_wconf 68' lang='grc' dir='ltr'><em>ὀφθαλμοῖς</em></span> <span class='ocrx_word' id='word_1_55' title='bbox 1616 954 1735 1006; x_wconf 91' lang='grc' dir='ltr'><strong><em>μου</em></strong></span> <span class='ocrx_word' id='word_1_56' title='bbox 1762 938 1859 991; x_wconf 75' lang='grc' dir='ltr'><em>καὶ</em></span> 
     </span>
    </p>
   </div>
   <div class='ocr_carea' id='block_1_10' title="bbox 280 1026 1863 1099">
    <p class='ocr_par' dir='ltr' id='par_1_10' title="bbox 280 1026 1863 1099">
     <span class='ocr_line' id='line_1_10' title="bbox 280 1026 1863 1099; baseline 0.001 -15"><span class='ocrx_word' id='word_1_57' title='bbox 280 1028 406 1095; x_wconf 84' lang='grc' dir='ltr'><em>τοῖς</em></span> <span class='ocrx_word' id='word_1_58' title='bbox 426 1028 762 1099; x_wconf 70' lang='grc' dir='ltr'><strong><em>βλεφάροις</em></strong></span> <span class='ocrx_word' id='word_1_59' title='bbox 797 1045 918 1098; x_wconf 84' lang='grc' dir='ltr'><strong><em>μου</em></strong></span> <span class='ocrx_word' id='word_1_60' title='bbox 949 1029 1314 1099; x_wconf 80' lang='grc' dir='ltr'><em>νυσταγμὸν,</em></span> <span class='ocrx_word' id='word_1_61' title='bbox 1346 1030 1456 1097; x_wconf 83' lang='grc' dir='ltr'><strong><em>ἕως</em></strong></span> <span class='ocrx_word' id='word_1_62' title='bbox 1490 1026 1561 1087; x_wconf 84' lang='grc' dir='ltr'><strong><em>οὗ</em></strong></span> <span class='ocrx_word' id='word_1_63' title='bbox 1586 1031 1738 1099; x_wconf 85' lang='grc' dir='ltr'><em>εὕρω</em></span> <span class='ocrx_word' id='word_1_64' title='bbox 1768 1033 1863 1085; x_wconf 81' lang='grc' dir='ltr'><strong><em>τό-</em></strong></span> 
     </span>
    </p>
   </div>
   <div class='ocr_carea' id='block_1_11' title="bbox 280 1119 1863 1190">
    <p class='ocr_par' dir='ltr' id='par_1_11' title="bbox 280 1119 1863 1190">
     <span class='ocr_line' id='line_1_11' title="bbox 280 1119 1863 1190; baseline 0.002 -16"><span class='ocrx_word' id='word_1_65' title='bbox 280 1134 400 1175; x_wconf 84' lang='grc' dir='ltr'><strong><em>πον</em></strong></span> <span class='ocrx_word' id='word_1_66' title='bbox 425 1120 507 1186; x_wconf 81' lang='grc' dir='ltr'><em>τῷ</em></span> <span class='ocrx_word' id='word_1_67' title='bbox 529 1121 744 1190; x_wconf 81' lang='grc' dir='ltr'><strong><em>Κυρίῳ,</em></strong></span> <span class='ocrx_word' id='word_1_68' title='bbox 769 1119 1059 1190; x_wconf 81' lang='grc' dir='ltr'><em>σκήνωμα</em></span> <span class='ocrx_word' id='word_1_69' title='bbox 1084 1121 1164 1188; x_wconf 87' lang='grc' dir='ltr'><em>τῷ</em></span> <span class='ocrx_word' id='word_1_70' title='bbox 1195 1121 1317 1187; x_wconf 87' lang='grc' dir='ltr'><strong><em>Θεῷ</em></strong></span> <span class='ocrx_word' id='word_1_71' title='bbox 1355 1121 1567 1176; x_wconf 82' lang='grc' dir='ltr'><strong><em>Ἰακώϐ.</em></strong></span> <span class='ocrx_word' id='word_1_72' title='bbox 1598 1122 1784 1177; x_wconf 79' lang='grc' dir='ltr'><em>Ταῦτα</em></span> <span class='ocrx_word' id='word_1_73' title='bbox 1806 1123 1863 1177; x_wconf 81' lang='grc' dir='ltr'><strong><em>δὲ</em></strong></span> 
     </span>
    </p>
   </div>
   <div class='ocr_carea' id='block_1_12' title="bbox 278 1214 1863 1287">
    <p class='ocr_par' dir='ltr' id='par_1_12' title="bbox 278 1214 1863 1287">
     <span class='ocr_line' id='line_1_12' title="bbox 278 1214 1863 1287; baseline 0.002 -20"><span class='ocrx_word' id='word_1_74' title='bbox 278 1214 447 1267; x_wconf 79' lang='grc' dir='ltr'><strong><em>αὐτοῦ</em></strong></span> <span class='ocrx_word' id='word_1_75' title='bbox 490 1214 882 1285; x_wconf 79' lang='grc' dir='ltr'><strong><em>διανοηθέντος,</em></strong></span> <span class='ocrx_word' id='word_1_76' title='bbox 924 1214 1025 1286; x_wconf 81' lang='grc' dir='ltr'><strong><em>τὴν</em></strong></span> <span class='ocrx_word' id='word_1_77' title='bbox 1071 1214 1169 1285; x_wconf 85' lang='grc' dir='ltr'><strong><em>μὲν</em></strong></span> <span class='ocrx_word' id='word_1_78' title='bbox 1211 1215 1532 1287; x_wconf 81' lang='grc' dir='ltr'><em>προαίρεσιν</em></span> <span class='ocrx_word' id='word_1_79' title='bbox 1570 1216 1670 1286; x_wconf 81' lang='grc' dir='ltr'><strong><em>τῆς</em></strong></span> <span class='ocrx_word' id='word_1_80' title='bbox 1710 1217 1863 1270; x_wconf 81' lang='grc' dir='ltr'>εὐσε-</span> 
     </span>
    </p>
   </div>
   <div class='ocr_carea' id='block_1_13' title="bbox 280 1305 1863 1380">
    <p class='ocr_par' dir='ltr' id='par_1_13' title="bbox 280 1305 1863 1380">
     <span class='ocr_line' id='line_1_13' title="bbox 280 1305 1863 1380; baseline 0.003 -22"><span class='ocrx_word' id='word_1_81' title='bbox 280 1305 433 1369; x_wconf 73' lang='grc' dir='ltr'><em>ϐείας</em></span> <span class='ocrx_word' id='word_1_82' title='bbox 464 1305 782 1376; x_wconf 81' lang='grc' dir='ltr'>ἀποδέχεται</span> <span class='ocrx_word' id='word_1_83' title='bbox 806 1308 834 1359; x_wconf 84' lang='grc' dir='ltr'>ὁ</span> <span class='ocrx_word' id='word_1_84' title='bbox 864 1307 995 1371; x_wconf 74' lang='grc' dir='ltr'>Θεὸς</span> <span class='ocrx_word' id='word_1_85' title='bbox 1014 1323 1029 1339; x_wconf 77' lang='grc' dir='ltr'><strong>ο</strong></span> <span class='ocrx_word' id='word_1_86' title='bbox 1055 1308 1117 1360; x_wconf 84' lang='grc' dir='ltr'><strong><em>οὺ</em></strong></span> <span class='ocrx_word' id='word_1_87' title='bbox 1152 1307 1257 1378; x_wconf 81' lang='grc' dir='ltr'><strong><em>μὴν</em></strong></span> <span class='ocrx_word' id='word_1_88' title='bbox 1285 1309 1569 1380; x_wconf 74' lang='grc' dir='ltr'><strong><em>ἐπιτρέπει</em></strong></span> <span class='ocrx_word' id='word_1_89' title='bbox 1601 1309 1694 1362; x_wconf 83' lang='grc' dir='ltr'><strong><em>τὸν</em></strong></span> <span class='ocrx_word' id='word_1_90' title='bbox 1717 1305 1863 1363; x_wconf 74' lang='grc' dir='ltr'>οἷκον</span> 
     </span>
    </p>
   </div>
   <div class='ocr_carea' id='block_1_14' title="bbox 277 1397 1859 1472">
    <p class='ocr_par' dir='ltr' id='par_1_14' title="bbox 277 1397 1859 1472">
     <span class='ocr_line' id='line_1_14' title="bbox 277 1397 1859 1472; baseline 0.003 -22"><span class='ocrx_word' id='word_1_91' title='bbox 277 1397 559 1466; x_wconf 44' lang='grc' dir='ltr'><strong><em>γενέσθαιι</em></strong></span> <span class='ocrx_word' id='word_1_92' title='bbox 595 1397 669 1469; x_wconf 74' lang='grc' dir='ltr'><em>μὴ</em></span> <span class='ocrx_word' id='word_1_93' title='bbox 700 1400 808 1470; x_wconf 85' lang='grc' dir='ltr'><strong><em>γὰρ</em></strong></span> <span class='ocrx_word' id='word_1_94' title='bbox 837 1398 1042 1452; x_wconf 83' lang='grc' dir='ltr'>δεῖσθαι</span> <span class='ocrx_word' id='word_1_95' title='bbox 1086 1399 1219 1453; x_wconf 92' lang='grc' dir='ltr'>Θεὸν</span> <span class='ocrx_word' id='word_1_96' title='bbox 1247 1399 1375 1453; x_wconf 76' lang='grc' dir='ltr'><em>ὄντα</em></span> <span class='ocrx_word' id='word_1_97' title='bbox 1402 1402 1550 1454; x_wconf 79' lang='grc' dir='ltr'>οἴκου</span> <span class='ocrx_word' id='word_1_98' title='bbox 1579 1402 1859 1472; x_wconf 83' lang='grc' dir='ltr'><strong><em>αἰσθητοῦ,</em></strong></span> 
     </span>
    </p>
   </div>
   <div class='ocr_carea' id='block_1_15' title="bbox 282 1490 1861 1565">
    <p class='ocr_par' dir='ltr' id='par_1_15' title="bbox 282 1490 1861 1565">
     <span class='ocr_line' id='line_1_15' title="bbox 282 1490 1861 1565; baseline 0.004 -23"><span class='ocrx_word' id='word_1_99' title='bbox 282 1490 410 1560; x_wconf 78' lang='grc' dir='ltr'><em>μηδ’</em></span> <span class='ocrx_word' id='word_1_100' title='bbox 431 1491 491 1555; x_wconf 77' lang='grc' dir='ltr'><strong><em>ἐξ</em></strong></span> <span class='ocrx_word' id='word_1_101' title='bbox 509 1490 731 1561; x_wconf 76' lang='grc' dir='ltr'><strong><em>ἀψύχων</em></strong></span> <span class='ocrx_word' id='word_1_102' title='bbox 759 1491 921 1545; x_wconf 78' lang='grc' dir='ltr'><em>λίθων</em></span> <span class='ocrx_word' id='word_1_103' title='bbox 954 1492 1242 1563; x_wconf 69' lang='grc' dir='ltr'>οἰκοδομῆς</span> <span class='ocrx_word' id='word_1_104' title='bbox 1276 1495 1676 1565; x_wconf 80' lang='grc' dir='ltr'><strong><em>συστησομένου</em></strong></span> <span class='ocrx_word' id='word_1_105' title='bbox 1700 1513 1725 1525; x_wconf 75' lang='grc' dir='ltr'><strong><em>ο·</em></strong></span> <span class='ocrx_word' id='word_1_106' title='bbox 1746 1495 1861 1549; x_wconf 81' lang='grc' dir='ltr'><strong><em>ἀλλ’</em></strong></span> 
     </span>
    </p>
   </div>
   <div class='ocr_carea' id='block_1_16' title="bbox 276 1582 1864 1659">
    <p class='ocr_par' dir='ltr' id='par_1_16' title="bbox 276 1582 1864 1659">
     <span class='ocr_line' id='line_1_16' title="bbox 276 1582 1864 1659; baseline 0.004 -25"><span class='ocrx_word' id='word_1_107' title='bbox 276 1583 330 1634; x_wconf 74' lang='lat' dir='ltr'><strong><em>ei</em></strong></span> <span class='ocrx_word' id='word_1_108' title='bbox 354 1582 461 1652; x_wconf 79' lang='grc' dir='ltr'><strong><em>ἄρα</em></strong></span> <span class='ocrx_word' id='word_1_109' title='bbox 496 1584 662 1654; x_wconf 78' lang='grc' dir='ltr'>ἐχρῆν</span> <span class='ocrx_word' id='word_1_110' title='bbox 698 1582 830 1637; x_wconf 84' lang='grc' dir='ltr'>Θεὸν</span> <span class='ocrx_word' id='word_1_111' title='bbox 861 1585 1033 1638; x_wconf 82' lang='grc' dir='ltr'>οἰκεῖν</span> <span class='ocrx_word' id='word_1_112' title='bbox 1058 1586 1149 1638; x_wconf 76' lang='grc' dir='ltr'><strong><em>ἐπὶ</em></strong></span> <span class='ocrx_word' id='word_1_113' title='bbox 1176 1586 1298 1657; x_wconf 85' lang='grc' dir='ltr'><strong><em>γῆς,</em></strong></span> <span class='ocrx_word' id='word_1_114' title='bbox 1333 1587 1399 1640; x_wconf 78' lang='grc' dir='ltr'>ἐκ</span> <span class='ocrx_word' id='word_1_115' title='bbox 1428 1587 1740 1659; x_wconf 80' lang='grc' dir='ltr'><em>σπέρματος</em></span> <span class='ocrx_word' id='word_1_116' title='bbox 1767 1589 1864 1641; x_wconf 81' lang='grc' dir='ltr'><strong><em>αὐ-</em></strong></span> 
     </span>
    </p>
   </div>
   <div class='ocr_carea' id='block_1_17' title="bbox 273 1672 1865 1749">
    <p class='ocr_par' dir='ltr' id='par_1_17' title="bbox 273 1672 1865 1749">
     <span class='ocr_line' id='line_1_17' title="bbox 273 1672 1865 1749; baseline 0.006 -25"><span class='ocrx_word' id='word_1_117' title='bbox 273 1672 393 1737; x_wconf 81' lang='grc' dir='ltr'><strong><em>τοῦ,</em></strong></span> <span class='ocrx_word' id='word_1_118' title='bbox 419 1674 512 1726; x_wconf 78' lang='grc' dir='ltr'><strong><em>τοῦ</em></strong></span> <span class='ocrx_word' id='word_1_119' title='bbox 539 1674 699 1728; x_wconf 78' lang='grc' dir='ltr'><em>Δαυῒδ</em></span> <span class='ocrx_word' id='word_1_120' title='bbox 726 1676 1148 1746; x_wconf 80' lang='grc' dir='ltr'><em>προελεύσεσθαι</em></span> <span class='ocrx_word' id='word_1_121' title='bbox 1169 1678 1261 1731; x_wconf 84' lang='grc' dir='ltr'>τὸν</span> <span class='ocrx_word' id='word_1_122' title='bbox 1281 1677 1670 1749; x_wconf 77' lang='grc' dir='ltr'><strong><em>ὕποδεξόμενον</em></strong></span> <span class='ocrx_word' id='word_1_123' title='bbox 1693 1679 1865 1734; x_wconf 73' lang='grc' dir='ltr'><strong><em>αὖτοῦ</em></strong></span> 
     </span>
    </p>
   </div>
   <div class='ocr_carea' id='block_1_18' title="bbox 274 1765 1864 1842">
    <p class='ocr_par' dir='ltr' id='par_1_18' title="bbox 274 1765 1864 1842">
     <span class='ocr_line' id='line_1_18' title="bbox 274 1765 1864 1842; baseline 0.006 -26"><span class='ocrx_word' id='word_1_124' title='bbox 274 1765 378 1834; x_wconf 78' lang='grc' dir='ltr'><strong><em>τὴν</em></strong></span> <span class='ocrx_word' id='word_1_125' title='bbox 413 1766 660 1838; x_wconf 80' lang='grc' dir='ltr'><em>Θεὸτητα.</em></span> <span class='ocrx_word' id='word_1_126' title='bbox 697 1767 758 1831; x_wconf 86' lang='grc' dir='ltr'>ὃς</span> <span class='ocrx_word' id='word_1_127' title='bbox 794 1770 888 1822; x_wconf 79' lang='grc' dir='ltr'><strong><em>καὶ</em></strong></span> <span class='ocrx_word' id='word_1_128' title='bbox 919 1770 1263 1841; x_wconf 76' lang='grc' dir='ltr'><strong><em>οἰκοδομήσει</em></strong></span> <span class='ocrx_word' id='word_1_129' title='bbox 1293 1769 1372 1841; x_wconf 85' lang='grc' dir='ltr'><em>τῷ</em></span> <span class='ocrx_word' id='word_1_130' title='bbox 1397 1771 1516 1842; x_wconf 83' lang='grc' dir='ltr'><strong><em>Θεῷ</em></strong></span> <span class='ocrx_word' id='word_1_131' title='bbox 1546 1772 1765 1837; x_wconf 78' lang='grc' dir='ltr'><strong><em>ἐπάξιον</em></strong></span> <span class='ocrx_word' id='word_1_132' title='bbox 1790 1775 1864 1825; x_wconf 69' lang='grc' dir='ltr'><strong><em>ξε-</em></strong></span> 
     </span>
    </p>
   </div>
   <div class='ocr_carea' id='block_1_19' title="bbox 275 1851 1864 1936">
    <p class='ocr_par' dir='ltr' id='par_1_19' title="bbox 275 1851 1864 1936">
     <span class='ocr_line' id='line_1_19' title="bbox 275 1851 1864 1936; baseline 0.007 -29"><span class='ocrx_word' id='word_1_133' title='bbox 275 1856 374 1926; x_wconf 79' lang='grc' dir='ltr'><strong><em>ρὸν</em></strong></span> <span class='ocrx_word' id='word_1_134' title='bbox 406 1851 554 1910; x_wconf 81' lang='grc' dir='ltr'>οἷκον</span> <span class='ocrx_word' id='word_1_135' title='bbox 591 1860 685 1912; x_wconf 78' lang='grc' dir='ltr'><strong><em>καὶ</em></strong></span> <span class='ocrx_word' id='word_1_136' title='bbox 718 1860 845 1913; x_wconf 86' lang='grc' dir='ltr'>ναὸν</span> <span class='ocrx_word' id='word_1_137' title='bbox 866 1861 1040 1929; x_wconf 82' lang='grc' dir='ltr'><strong><em>ἆγιον,</em></strong></span> <span class='ocrx_word' id='word_1_138' title='bbox 1065 1854 1127 1915; x_wconf 70' lang='grc' dir='ltr'>οὗ</span> <span class='ocrx_word' id='word_1_139' title='bbox 1155 1862 1245 1915; x_wconf 86' lang='grc' dir='ltr'><strong><em>τὸν</em></strong></span> <span class='ocrx_word' id='word_1_140' title='bbox 1275 1862 1464 1934; x_wconf 84' lang='grc' dir='ltr'>Θρόνον</span> <span class='ocrx_word' id='word_1_141' title='bbox 1492 1866 1571 1928; x_wconf 77' lang='grc' dir='ltr'><strong><em>εἰς</em></strong></span> <span class='ocrx_word' id='word_1_142' title='bbox 1602 1865 1694 1917; x_wconf 87' lang='grc' dir='ltr'>τὸν</span> <span class='ocrx_word' id='word_1_143' title='bbox 1725 1865 1864 1936; x_wconf 83' lang='grc' dir='ltr'><em>σύμ-</em></span> 
     </span>
    </p>
   </div>
   <div class='ocr_carea' id='block_1_20' title="bbox 274 1921 1936 2029">
    <p class='ocr_par' dir='ltr' id='par_1_20' title="bbox 274 1921 1936 2029">
     <span class='ocr_line' id='line_1_20' title="bbox 274 1921 1936 2029; baseline 0.007 -29"><span class='ocrx_word' id='word_1_144' title='bbox 274 1921 461 2002; x_wconf 54' lang='grc' dir='ltr'><em>ίπαντα.</em></span> <span class='ocrx_word' id='word_1_145' title='bbox 488 1950 797 2022; x_wconf 80' lang='grc' dir='ltr'>διαρκέσειν</span> <span class='ocrx_word' id='word_1_146' title='bbox 824 1921 1254 2025; x_wconf 40' lang='grc' dir='ltr'><strong><em>αἱιῖιναξἙδήλου</em></strong></span> <span class='ocrx_word' id='word_1_147' title='bbox 1285 1921 1341 2008; x_wconf 58' lang='grc' dir='ltr'><strong><em>δὲ</em></strong></span> <span class='ocrx_word' id='word_1_148' title='bbox 1370 1955 1478 2027; x_wconf 78' lang='grc' dir='ltr'><strong><em>ἄρα</em></strong></span> <span class='ocrx_word' id='word_1_149' title='bbox 1509 1921 1602 2009; x_wconf 78' lang='grc' dir='ltr'><strong><em>τὸν</em></strong></span> <span class='ocrx_word' id='word_1_150' title='bbox 1630 1921 1864 2029; x_wconf 59' lang='grc' dir='ltr'><strong><em>Χριστὸν</em></strong></span> <span class='ocrx_word' id='word_1_151' title='bbox 1897 1921 1936 1978; x_wconf 70' lang='grc' dir='ltr'><strong>Β</strong></span> 
     </span>
    </p>
   </div>
   <div class='ocr_carea' id='block_1_21' title="bbox 270 2039 1867 2120">
    <p class='ocr_par' dir='ltr' id='par_1_21' title="bbox 270 2039 1867 2120">
     <span class='ocr_line' id='line_1_21' title="bbox 270 2039 1867 2120; baseline 0.006 -27"><span class='ocrx_word' id='word_1_152' title='bbox 270 2039 444 2094; x_wconf 76' lang='grc' dir='ltr'><em>αὑτοῦ</em></span> <span class='ocrx_word' id='word_1_153' title='bbox 484 2042 575 2095; x_wconf 89' lang='grc' dir='ltr'><strong><em>τὸν</em></strong></span> <span class='ocrx_word' id='word_1_154' title='bbox 618 2044 682 2095; x_wconf 84' lang='grc' dir='ltr'>ὲκ</span> <span class='ocrx_word' id='word_1_155' title='bbox 712 2043 1028 2115; x_wconf 84' lang='grc' dir='ltr'><em>σπέρματος</em></span> <span class='ocrx_word' id='word_1_156' title='bbox 1063 2045 1227 2099; x_wconf 81' lang='grc' dir='ltr'>Δαυῖδ</span> <span class='ocrx_word' id='word_1_157' title='bbox 1266 2046 1409 2101; x_wconf 78' lang='grc' dir='ltr'><em>κατὰ</em></span> <span class='ocrx_word' id='word_1_158' title='bbox 1437 2047 1615 2120; x_wconf 82' lang='grc' dir='ltr'>σάρκα</span> <span class='ocrx_word' id='word_1_159' title='bbox 1641 2050 1867 2120; x_wconf 83' lang='grc' dir='ltr'><strong><em>γενησό-</em></strong></span> 
     </span>
    </p>
   </div>
   <div class='ocr_carea' id='block_1_22' title="bbox 276 2132 1863 2213">
    <p class='ocr_par' dir='ltr' id='par_1_22' title="bbox 276 2132 1863 2213">
     <span class='ocr_line' id='line_1_22' title="bbox 276 2132 1863 2213; baseline 0.008 -29"><span class='ocrx_word' id='word_1_160' title='bbox 276 2148 462 2201; x_wconf 86' lang='grc' dir='ltr'>μενον,</span> <span class='ocrx_word' id='word_1_161' title='bbox 502 2132 600 2186; x_wconf 76' lang='grc' dir='ltr'><strong><em>καὶ</em></strong></span> <span class='ocrx_word' id='word_1_162' title='bbox 644 2135 741 2205; x_wconf 82' lang='grc' dir='ltr'><strong><em>τὴν</em></strong></span> <span class='ocrx_word' id='word_1_163' title='bbox 783 2135 852 2187; x_wconf 75' lang='grc' dir='ltr'><strong><em>δι’</em></strong></span> <span class='ocrx_word' id='word_1_164' title='bbox 882 2135 1046 2190; x_wconf 80' lang='grc' dir='ltr'><em>αὐτοῦ</em></span> <span class='ocrx_word' id='word_1_165' title='bbox 1085 2136 1206 2190; x_wconf 83' lang='grc' dir='ltr'><em>καθ’</em></span> <span class='ocrx_word' id='word_1_166' title='bbox 1235 2138 1366 2210; x_wconf 80' lang='grc' dir='ltr'><strong><em>ὅλης</em></strong></span> <span class='ocrx_word' id='word_1_167' title='bbox 1399 2138 1499 2210; x_wconf 85' lang='grc' dir='ltr'><strong><em>τῆς</em></strong></span> <span class='ocrx_word' id='word_1_168' title='bbox 1539 2142 1863 2213; x_wconf 73' lang='grc' dir='ltr'><strong><em>οἰκουμένης</em></strong></span> 
     </span>
    </p>
   </div>
   <div class='ocr_carea' id='block_1_23' title="bbox 272 2227 1858 2311">
    <p class='ocr_par' dir='ltr' id='par_1_23' title="bbox 272 2227 1858 2311">
     <span class='ocr_line' id='line_1_23' title="bbox 272 2227 1858 2311; baseline 0.009 -33"><span class='ocrx_word' id='word_1_169' title='bbox 272 2227 689 2300; x_wconf 77' lang='grc' dir='ltr'><em>συστησομένην</em></span> <span class='ocrx_word' id='word_1_170' title='bbox 722 2228 1195 2302; x_wconf 77' lang='grc' dir='ltr'><strong><em>Ἐκκλησίαν.⁹’οτι</em></strong></span> <span class='ocrx_word' id='word_1_171' title='bbox 1217 2233 1274 2287; x_wconf 87' lang='grc' dir='ltr'><strong><em>δὲ</em></strong></span> <span class='ocrx_word' id='word_1_172' title='bbox 1298 2236 1452 2290; x_wconf 81' lang='grc' dir='ltr'><em>ταῦθ’</em></span> <span class='ocrx_word' id='word_1_173' title='bbox 1478 2236 1650 2301; x_wconf 79' lang='grc' dir='ltr'><em>οὕτως</em></span> <span class='ocrx_word' id='word_1_174' title='bbox 1672 2238 1858 2311; x_wconf 57' lang='lat' dir='ltr'><strong><em>Exsul]</em></strong></span> 
     </span>
    </p>
   </div>
   <div class='ocr_carea' id='block_1_24' title="bbox 267 2317 1857 2402">
    <p class='ocr_par' dir='ltr' id='par_1_24' title="bbox 267 2317 1857 2402">
     <span class='ocr_line' id='line_1_24' title="bbox 267 2317 1857 2402; baseline 0.01 -33"><span class='ocrx_word' id='word_1_175' title='bbox 267 2317 384 2371; x_wconf 81' lang='grc' dir='ltr'><strong><em>τῶν</em></strong></span> <span class='ocrx_word' id='word_1_176' title='bbox 432 2319 726 2375; x_wconf 84' lang='grc' dir='ltr'><strong><em>Βασιλειῶν</em></strong></span> <span class='ocrx_word' id='word_1_177' title='bbox 774 2323 958 2395; x_wconf 84' lang='grc' dir='ltr'>γραφὴ</span> <span class='ocrx_word' id='word_1_178' title='bbox 1006 2325 1193 2380; x_wconf 82' lang='grc' dir='ltr'><strong><em>τοῦτον</em></strong></span> <span class='ocrx_word' id='word_1_179' title='bbox 1239 2326 1479 2382; x_wconf 79' lang='grc' dir='ltr'>διδάσκει</span> <span class='ocrx_word' id='word_1_180' title='bbox 1511 2330 1603 2384; x_wconf 82' lang='grc' dir='ltr'><strong><em>τὸν</em></strong></span> <span class='ocrx_word' id='word_1_181' title='bbox 1626 2331 1857 2402; x_wconf 80' lang='grc' dir='ltr'><strong><em>τρόπον·</em></strong></span> 
     </span>
    </p>
   </div>
   <div class='ocr_carea' id='block_1_25' title="bbox 270 2407 1857 2485">
    <p class='ocr_par' dir='ltr' id='par_1_25' title="bbox 270 2407 1857 2485">
     <span class='ocr_line' id='line_1_25' title="bbox 270 2407 1857 2485; baseline 0.009 -26"><span class='ocrx_word' id='word_1_182' title='bbox 270 2407 384 2460; x_wconf 81' lang='lat' dir='ltr'><strong><em>Kal</em></strong></span> <span class='ocrx_word' id='word_1_183' title='bbox 415 2408 653 2477; x_wconf 79' lang='grc' dir='ltr'><em>ἐγένετο</em></span> <span class='ocrx_word' id='word_1_184' title='bbox 681 2410 780 2464; x_wconf 88' lang='grc' dir='ltr'><em>ὅτε</em></span> <span class='ocrx_word' id='word_1_185' title='bbox 800 2410 1043 2467; x_wconf 83' lang='grc' dir='ltr'><strong><em>ἐκάθισε</em></strong></span> <span class='ocrx_word' id='word_1_186' title='bbox 1074 2415 1256 2469; x_wconf 84' lang='grc' dir='ltr'><em>Δαυῒδ</em></span> <span class='ocrx_word' id='word_1_187' title='bbox 1281 2417 1351 2469; x_wconf 87' lang='grc' dir='ltr'><em>ἑν</em></span> <span class='ocrx_word' id='word_1_188' title='bbox 1371 2416 1452 2482; x_wconf 83' lang='grc' dir='ltr'><em>τῷ</em></span> <span class='ocrx_word' id='word_1_189' title='bbox 1482 2418 1625 2485; x_wconf 81' lang='grc' dir='ltr'><strong><em>οἴκῳ</em></strong></span> <span class='ocrx_word' id='word_1_190' title='bbox 1649 2420 1857 2485; x_wconf 87' lang='grc' dir='ltr'><em>αὐτοῦ,</em></span> 
     </span>
    </p>
   </div>
   <div class='ocr_carea' id='block_1_26' title="bbox 272 2499 1861 2576">
    <p class='ocr_par' dir='ltr' id='par_1_26' title="bbox 272 2499 1861 2576">
     <span class='ocr_line' id='line_1_26' title="bbox 272 2499 1861 2576; baseline 0.009 -25"><span class='ocrx_word' id='word_1_191' title='bbox 272 2499 375 2551; x_wconf 76' lang='grc' dir='ltr'><em>καὶ</em></span> <span class='ocrx_word' id='word_1_192' title='bbox 405 2500 618 2569; x_wconf 81' lang='grc' dir='ltr'><em>Κύριος</em></span> <span class='ocrx_word' id='word_1_193' title='bbox 651 2507 1255 2576; x_wconf 70' lang='grc' dir='ltr'><strong><em>κατεκληρονόμησεν</em></strong></span> <span class='ocrx_word' id='word_1_194' title='bbox 1283 2509 1471 2563; x_wconf 77' lang='grc' dir='ltr'><em>αὐτὸν</em></span> <span class='ocrx_word' id='word_1_195' title='bbox 1514 2512 1717 2576; x_wconf 86' lang='grc' dir='ltr'><em>κύκλῳ</em></span> <span class='ocrx_word' id='word_1_196' title='bbox 1741 2513 1861 2567; x_wconf 84' lang='grc' dir='ltr'><strong><em>ἀπὸ</em></strong></span> 
     </span>
    </p>
   </div>
   <div class='ocr_carea' id='block_1_27' title="bbox 273 2587 1862 2670">
    <p class='ocr_par' dir='ltr' id='par_1_27' title="bbox 273 2587 1862 2670">
     <span class='ocr_line' id='line_1_27' title="bbox 273 2587 1862 2670; baseline 0.011 -29"><span class='ocrx_word' id='word_1_197' title='bbox 273 2587 519 2644; x_wconf 77' lang='grc' dir='ltr'><em>πάντων</em></span> <span class='ocrx_word' id='word_1_198' title='bbox 544 2591 662 2646; x_wconf 84' lang='grc' dir='ltr'><strong><em>τῶν</em></strong></span> <span class='ocrx_word' id='word_1_199' title='bbox 691 2595 918 2663; x_wconf 85' lang='grc' dir='ltr'><em>ἐχθρῶν</em></span> <span class='ocrx_word' id='word_1_200' title='bbox 949 2597 1109 2663; x_wconf 81' lang='grc' dir='ltr'><em>αὐτῷ</em></span> <span class='ocrx_word' id='word_1_201' title='bbox 1127 2616 1141 2631; x_wconf 86' lang='grc'><strong>·</strong></span> <span class='ocrx_word' id='word_1_202' title='bbox 1171 2601 1270 2655; x_wconf 76' lang='grc' dir='ltr'><strong><em>καὶ</em></strong></span> <span class='ocrx_word' id='word_1_203' title='bbox 1298 2597 1468 2655; x_wconf 72' lang='grc' dir='ltr'><em>εἶπεν</em></span> <span class='ocrx_word' id='word_1_204' title='bbox 1496 2605 1531 2657; x_wconf 80' lang='grc' dir='ltr'><em>ὁ</em></span> <span class='ocrx_word' id='word_1_205' title='bbox 1559 2603 1862 2670; x_wconf 81' lang='grc' dir='ltr'><strong><em>⁴βασιλεὺς</em></strong></span> 
     </span>
    </p>
   </div>
   <div class='ocr_carea' id='block_1_28' title="bbox 276 2680 1860 2765">
    <p class='ocr_par' dir='ltr' id='par_1_28' title="bbox 276 2680 1860 2765">
     <span class='ocr_line' id='line_1_28' title="bbox 276 2680 1860 2765; baseline 0.011 -34"><span class='ocrx_word' id='word_1_206' title='bbox 276 2680 431 2747; x_wconf 80' lang='grc' dir='ltr'><em>πρὸς</em></span> <span class='ocrx_word' id='word_1_207' title='bbox 460 2684 666 2739; x_wconf 85' lang='grc' dir='ltr'><em>Ναθὰν</em></span> <span class='ocrx_word' id='word_1_208' title='bbox 694 2686 800 2740; x_wconf 83' lang='grc' dir='ltr'><em>τὸν</em></span> <span class='ocrx_word' id='word_1_209' title='bbox 825 2689 1168 2759; x_wconf 73' lang='grc' dir='ltr'><em>προφήτην·</em></span> <span class='ocrx_word' id='word_1_210' title='bbox 1212 2692 1358 2747; x_wconf 82' lang='grc' dir='ltr'><strong><em>Ἰδοὺ</em></strong></span> <span class='ocrx_word' id='word_1_211' title='bbox 1397 2693 1476 2762; x_wconf 82' lang='grc' dir='ltr'><strong><em>δὴ</em></strong></span> <span class='ocrx_word' id='word_1_212' title='bbox 1509 2694 1624 2765; x_wconf 76' lang='grc' dir='ltr'><strong><em>ἐγὼ</em></strong></span> <span class='ocrx_word' id='word_1_213' title='bbox 1665 2711 1860 2750; x_wconf 88' lang='grc' dir='ltr'><em>κατοι-</em></span> 
     </span>
    </p>
   </div>
   <div class='ocr_carea' id='block_1_29' title="bbox 274 2769 1863 2850">
    <p class='ocr_par' dir='ltr' id='par_1_29' title="bbox 274 2769 1863 2850">
     <span class='ocr_line' id='line_1_29' title="bbox 274 2769 1863 2850; baseline 0.013 -29"><span class='ocrx_word' id='word_1_214' title='bbox 274 2769 363 2822; x_wconf 83' lang='grc' dir='ltr'><strong><em>κῶ</em></strong></span> <span class='ocrx_word' id='word_1_215' title='bbox 388 2771 457 2823; x_wconf 79' lang='grc' dir='ltr'><em>ἐν</em></span> <span class='ocrx_word' id='word_1_216' title='bbox 481 2772 624 2841; x_wconf 80' lang='grc' dir='ltr'><strong><em>οἴκῳ</em></strong></span> <span class='ocrx_word' id='word_1_217' title='bbox 650 2775 915 2845; x_wconf 86' lang='grc' dir='ltr'><em>κεδρίνῳ,</em></span> <span class='ocrx_word' id='word_1_218' title='bbox 951 2780 1049 2833; x_wconf 81' lang='grc' dir='ltr'><em>καὶ</em></span> <span class='ocrx_word' id='word_1_219' title='bbox 1083 2782 1121 2850; x_wconf 78' lang='grc' dir='ltr'><strong><em>η</em></strong></span> <span class='ocrx_word' id='word_1_220' title='bbox 1150 2783 1395 2850; x_wconf 76' lang='grc' dir='ltr'><em>κιϐωτὸς</em></span> <span class='ocrx_word' id='word_1_221' title='bbox 1419 2784 1526 2839; x_wconf 87' lang='grc' dir='ltr'><em>τοῦ</em></span> <span class='ocrx_word' id='word_1_222' title='bbox 1568 2786 1715 2840; x_wconf 86' lang='grc' dir='ltr'>Θεοῦ</span> <span class='ocrx_word' id='word_1_223' title='bbox 1760 2786 1863 2841; x_wconf 82' lang='grc' dir='ltr'><em>κά-</em></span> 
     </span>
    </p>
   </div>
   <div class='ocr_carea' id='block_1_30' title="bbox 277 2863 1859 2945">
    <p class='ocr_par' dir='ltr' id='par_1_30' title="bbox 277 2863 1859 2945">
     <span class='ocr_line' id='line_1_30' title="bbox 277 2863 1859 2945; baseline 0.012 -33"><span class='ocrx_word' id='word_1_224' title='bbox 277 2863 448 2928; x_wconf 71' lang='grc' dir='ltr'><em>θηται</em></span> <span class='ocrx_word' id='word_1_225' title='bbox 480 2863 549 2916; x_wconf 85' lang='grc' dir='ltr'><em>ὲν</em></span> <span class='ocrx_word' id='word_1_226' title='bbox 569 2864 741 2934; x_wconf 82' lang='grc' dir='ltr'><strong><em>μέσῳ</em></strong></span> <span class='ocrx_word' id='word_1_227' title='bbox 784 2867 893 2936; x_wconf 84' lang='grc' dir='ltr'><strong><em>τῆς</em></strong></span> <span class='ocrx_word' id='word_1_228' title='bbox 909 2870 1147 2939; x_wconf 82' lang='grc' dir='ltr'><strong><em>σκηνῆς</em></strong></span> <span class='ocrx_word' id='word_1_229' title='bbox 1170 2888 1183 2903; x_wconf 92' lang='grc'><strong>·</strong></span> <span class='ocrx_word' id='word_1_230' title='bbox 1212 2873 1271 2943; x_wconf 81' lang='grc' dir='ltr'><strong><em>ἢ,</em></strong></span> <span class='ocrx_word' id='word_1_231' title='bbox 1300 2874 1371 2927; x_wconf 80' lang='grc' dir='ltr'><em>ἐν</em></span> <span class='ocrx_word' id='word_1_232' title='bbox 1391 2874 1561 2942; x_wconf 82' lang='grc' dir='ltr'><strong><em>μέσῳ</em></strong></span> <span class='ocrx_word' id='word_1_233' title='bbox 1582 2875 1859 2945; x_wconf 80' lang='grc' dir='ltr'><em>δέρῤεως,</em></span> 
     </span>
    </p>
   </div>
   <div class='ocr_carea' id='block_1_31' title="bbox 276 2950 1861 3032">
    <p class='ocr_par' dir='ltr' id='par_1_31' title="bbox 276 2950 1861 3032">
     <span class='ocr_line' id='line_1_31' title="bbox 276 2950 1861 3032; baseline 0.011 -28"><span class='ocrx_word' id='word_1_234' title='bbox 276 2950 355 3015; x_wconf 85' lang='grc' dir='ltr'>ὠς</span> <span class='ocrx_word' id='word_1_235' title='bbox 402 2953 436 3024; x_wconf 82' lang='grc' dir='ltr'>ἡ</span> <span class='ocrx_word' id='word_1_236' title='bbox 482 2952 742 3029; x_wconf 77' lang='grc' dir='ltr'><strong><em>Ἐὅραῖκὴ</em></strong></span> <span class='ocrx_word' id='word_1_237' title='bbox 800 2957 945 3023; x_wconf 81' lang='grc' dir='ltr'>λέξις</span> <span class='ocrx_word' id='word_1_238' title='bbox 997 2962 1272 3032; x_wconf 81' lang='grc' dir='ltr'><strong><em>σημαίνει.</em></strong></span> <span class='ocrx_word' id='word_1_239' title='bbox 1323 2962 1432 3016; x_wconf 88' lang='lat' dir='ltr'><strong><em>Kal</em></strong></span> <span class='ocrx_word' id='word_1_240' title='bbox 1486 2960 1617 3019; x_wconf 79' lang='grc' dir='ltr'><em>εἶπε</em></span> <span class='ocrx_word' id='word_1_241' title='bbox 1656 2966 1861 3022; x_wconf 88' lang='grc' dir='ltr'><em>Ναθὰν</em></span> 
     </span>
    </p>
   </div>
   <div class='ocr_carea' id='block_1_32' title="bbox 277 3046 1861 3126">
    <p class='ocr_par' dir='ltr' id='par_1_32' title="bbox 277 3046 1861 3126">
     <span class='ocr_line' id='line_1_32' title="bbox 277 3046 1861 3126; baseline 0.009 -29"><span class='ocrx_word' id='word_1_242' title='bbox 277 3052 429 3113; x_wconf 82' lang='grc' dir='ltr'><em>προς</em></span> <span class='ocrx_word' id='word_1_243' title='bbox 469 3046 577 3099; x_wconf 80' lang='grc' dir='ltr'><em>τὸν</em></span> <span class='ocrx_word' id='word_1_244' title='bbox 612 3048 909 3112; x_wconf 79' lang='grc' dir='ltr'><strong><em>βασιλέα·</em></strong></span> <span class='ocrx_word' id='word_1_245' title='bbox 945 3052 1149 3107; x_wconf 84' lang='grc' dir='ltr'><em>Πάντα</em></span> <span class='ocrx_word' id='word_1_246' title='bbox 1177 3054 1295 3107; x_wconf 86' lang='grc' dir='ltr'><strong><em>ὅσα</em></strong></span> <span class='ocrx_word' id='word_1_247' title='bbox 1319 3053 1396 3108; x_wconf 81' lang='grc' dir='ltr'><em>ἂν</em></span> <span class='ocrx_word' id='word_1_248' title='bbox 1431 3054 1501 3108; x_wconf 87' lang='grc' dir='ltr'><em>ἐν</em></span> <span class='ocrx_word' id='word_1_249' title='bbox 1537 3056 1617 3126; x_wconf 73' lang='grc' dir='ltr'><em>τῇ</em></span> <span class='ocrx_word' id='word_1_250' title='bbox 1646 3056 1861 3126; x_wconf 80' lang='grc' dir='ltr'><em>καρδίᾳ</em></span> 
     </span>
    </p>
   </div>
   <div class='ocr_carea' id='block_1_33' title="bbox 272 3135 1858 3214">
    <p class='ocr_par' dir='ltr' id='par_1_33' title="bbox 272 3135 1858 3214">
     <span class='ocr_line' id='line_1_33' title="bbox 272 3135 1858 3214; baseline 0.009 -26"><span class='ocrx_word' id='word_1_251' title='bbox 272 3150 395 3189; x_wconf 85' lang='grc' dir='ltr'><em>σου</em></span> <span class='ocrx_word' id='word_1_252' title='bbox 430 3135 634 3199; x_wconf 78' lang='grc' dir='ltr'><em>,βάδιζε</em></span> <span class='ocrx_word' id='word_1_253' title='bbox 678 3138 778 3191; x_wconf 79' lang='grc' dir='ltr'><strong><em>καὶ</em></strong></span> <span class='ocrx_word' id='word_1_254' title='bbox 818 3141 991 3205; x_wconf 87' lang='grc' dir='ltr'><em>ποίει,</em></span> <span class='ocrx_word' id='word_1_255' title='bbox 1039 3141 1125 3195; x_wconf 86' lang='grc' dir='ltr'><em>ὅτι</em></span> <span class='ocrx_word' id='word_1_256' title='bbox 1164 3145 1379 3212; x_wconf 86' lang='grc' dir='ltr'><em>Κύριος</em></span> <span class='ocrx_word' id='word_1_257' title='bbox 1398 3145 1549 3214; x_wconf 81' lang='grc' dir='ltr'><em>μετὰ</em></span> <span class='ocrx_word' id='word_1_258' title='bbox 1579 3146 1716 3201; x_wconf 88' lang='grc' dir='ltr'><strong><em>σοῦ.</em></strong></span> <span class='ocrx_word' id='word_1_259' title='bbox 1746 3150 1858 3203; x_wconf 81' lang='grc' dir='ltr'><strong><em>Καὶ</em></strong></span> 
     </span>
    </p>
   </div>
   <div class='ocr_carea' id='block_1_34' title="bbox 274 3225 1933 3321">
    <p class='ocr_par' dir='ltr' id='par_1_34' title="bbox 274 3225 1933 3321">
     <span class='ocr_line' id='line_1_34' title="bbox 274 3225 1933 3321; baseline 0.011 -42"><span class='ocrx_word' id='word_1_260' title='bbox 274 3225 513 3321; x_wconf 50' lang='grc' dir='ltr'><em>ἐγένετο</em></span> <span class='ocrx_word' id='word_1_261' title='bbox 538 3227 634 3321; x_wconf 26' lang='grc' dir='ltr'><strong><em>’τῇ</em></strong></span> <span class='ocrx_word' id='word_1_262' title='bbox 672 3231 847 3284; x_wconf 75' lang='grc' dir='ltr'><em>νυκτὶ</em></span> <span class='ocrx_word' id='word_1_263' title='bbox 882 3233 1109 3302; x_wconf 80' lang='grc' dir='ltr'><em>ἐκείνῃ,</em></span> <span class='ocrx_word' id='word_1_264' title='bbox 1146 3236 1243 3289; x_wconf 83' lang='grc' dir='ltr'><em>καὶ</em></span> <span class='ocrx_word' id='word_1_265' title='bbox 1278 3237 1514 3306; x_wconf 80' lang='grc' dir='ltr'><em>ἐγένετο</em></span> <span class='ocrx_word' id='word_1_266' title='bbox 1542 3238 1711 3310; x_wconf 78' lang='grc' dir='ltr'><em>ρῆμα</em></span> <span class='ocrx_word' id='word_1_267' title='bbox 1741 3244 1860 3295; x_wconf 85' lang='grc' dir='ltr'><strong><em>Κυ-</em></strong></span> <span class='ocrx_word' id='word_1_268' title='bbox 1888 3262 1933 3321; x_wconf 78' lang='lat' dir='ltr'>c</span> 
     </span>
    </p>
   </div>
   <div class='ocr_carea' id='block_1_35' title="bbox 266 3316 1861 3399">
    <p class='ocr_par' dir='ltr' id='par_1_35' title="bbox 266 3316 1861 3399">
     <span class='ocr_line' id='line_1_35' title="bbox 266 3316 1861 3399; baseline 0.011 -31"><span class='ocrx_word' id='word_1_269' title='bbox 266 3316 410 3384; x_wconf 87' lang='grc' dir='ltr'><em>ρίου</em></span> <span class='ocrx_word' id='word_1_270' title='bbox 440 3318 591 3385; x_wconf 82' lang='grc' dir='ltr'><em>πρὸς</em></span> <span class='ocrx_word' id='word_1_271' title='bbox 616 3321 820 3376; x_wconf 80' lang='grc' dir='ltr'><em>Ναϐὰν</em></span> <span class='ocrx_word' id='word_1_272' title='bbox 843 3321 1064 3392; x_wconf 83' lang='grc' dir='ltr'><em>λέγων’</em></span> <span class='ocrx_word' id='word_1_273' title='bbox 1106 3328 1372 3393; x_wconf 82' lang='grc' dir='ltr'><strong><em>Πορεύου</em></strong></span> <span class='ocrx_word' id='word_1_274' title='bbox 1404 3328 1555 3399; x_wconf 79' lang='grc' dir='ltr'><em>πρὸς</em></span> <span class='ocrx_word' id='word_1_275' title='bbox 1579 3330 1690 3384; x_wconf 87' lang='grc' dir='ltr'><em>τὸν</em></span> <span class='ocrx_word' id='word_1_276' title='bbox 1719 3331 1861 3386; x_wconf 86' lang='grc' dir='ltr'><strong><em>δοῦ-</em></strong></span> 
     </span>
    </p>
   </div>
   <div class='ocr_carea' id='block_1_36' title="bbox 273 3410 1863 3492">
    <p class='ocr_par' dir='ltr' id='par_1_36' title="bbox 273 3410 1863 3492">
     <span class='ocr_line' id='line_1_36' title="bbox 273 3410 1863 3492; baseline 0.013 -32"><span class='ocrx_word' id='word_1_277' title='bbox 273 3410 393 3461; x_wconf 89' lang='grc' dir='ltr'><strong><em>λον</em></strong></span> <span class='ocrx_word' id='word_1_278' title='bbox 414 3426 535 3478; x_wconf 85' lang='grc' dir='ltr'><strong><em>μου</em></strong></span> <span class='ocrx_word' id='word_1_279' title='bbox 561 3411 760 3477; x_wconf 83' lang='grc' dir='ltr'><em>Δαυῒδ,</em></span> <span class='ocrx_word' id='word_1_280' title='bbox 789 3414 887 3467; x_wconf 81' lang='grc' dir='ltr'><strong><em>καὶ</em></strong></span> <span class='ocrx_word' id='word_1_281' title='bbox 916 3415 1046 3470; x_wconf 68' lang='grc' dir='ltr'><em>εἰπέ</em></span> <span class='ocrx_word' id='word_1_282' title='bbox 1071 3434 1086 3447; x_wconf 73' lang='grc' dir='ltr'>ο</span> <span class='ocrx_word' id='word_1_283' title='bbox 1131 3416 1275 3471; x_wconf 84' lang='grc' dir='ltr'><em>Τάδε</em></span> <span class='ocrx_word' id='word_1_284' title='bbox 1305 3419 1466 3490; x_wconf 76' lang='grc' dir='ltr'><em>λέγει</em></span> <span class='ocrx_word' id='word_1_285' title='bbox 1499 3423 1742 3492; x_wconf 76' lang='grc' dir='ltr'><strong><em>Κύριος-ο</em></strong></span> <span class='ocrx_word' id='word_1_286' title='bbox 1780 3427 1863 3480; x_wconf 87' lang='grc' dir='ltr'><strong><em>Οὐ</em></strong></span> 
     </span>
    </p>
   </div>
   <div class='ocr_carea' id='block_1_37' title="bbox 274 3500 1858 3589">
    <p class='ocr_par' dir='ltr' id='par_1_37' title="bbox 274 3500 1858 3589">
     <span class='ocr_line' id='line_1_37' title="bbox 274 3500 1858 3589; baseline 0.013 -36"><span class='ocrx_word' id='word_1_287' title='bbox 274 3500 365 3554; x_wconf 79' lang='grc' dir='ltr'><strong><em>σὺ</em></strong></span> <span class='ocrx_word' id='word_1_288' title='bbox 408 3502 824 3574; x_wconf 82' lang='grc' dir='ltr'><em>οὶκοδομήσεις</em></span> <span class='ocrx_word' id='word_1_289' title='bbox 864 3526 967 3577; x_wconf 89' lang='grc' dir='ltr'><strong><em>μοι</em></strong></span> <span class='ocrx_word' id='word_1_290' title='bbox 1014 3506 1184 3565; x_wconf 78' lang='grc' dir='ltr'><em>οἷκον</em></span> <span class='ocrx_word' id='word_1_291' title='bbox 1231 3513 1336 3567; x_wconf 89' lang='grc' dir='ltr'><em>τοῦ</em></span> <span class='ocrx_word' id='word_1_292' title='bbox 1376 3516 1734 3587; x_wconf 82' lang='grc' dir='ltr'><em>κατοικῆσαι</em></span> <span class='ocrx_word' id='word_1_293' title='bbox 1753 3535 1858 3589; x_wconf 80' lang='grc' dir='ltr'><em>με’</em></span> 
     </span>
    </p>
   </div>
   <div class='ocr_carea' id='block_1_38' title="bbox 276 3590 1865 3679">
    <p class='ocr_par' dir='ltr' id='par_1_38' title="bbox 276 3590 1865 3679">
     <span class='ocr_line' id='line_1_38' title="bbox 276 3590 1865 3679; baseline 0.013 -34"><span class='ocrx_word' id='word_1_294' title='bbox 276 3590 368 3645; x_wconf 78' lang='grc' dir='ltr'><em>ὅτιι</em></span> <span class='ocrx_word' id='word_1_295' title='bbox 405 3594 479 3648; x_wconf 85' lang='grc' dir='ltr'><strong><em>οὐ</em></strong></span> <span class='ocrx_word' id='word_1_296' title='bbox 517 3594 838 3665; x_wconf 85' lang='grc' dir='ltr'><em>κατῴκησα</em></span> <span class='ocrx_word' id='word_1_297' title='bbox 864 3599 934 3652; x_wconf 85' lang='grc' dir='ltr'><em>ἐν</em></span> <span class='ocrx_word' id='word_1_298' title='bbox 965 3601 1108 3670; x_wconf 80' lang='grc' dir='ltr'><em>οῖκῳ</em></span> <span class='ocrx_word' id='word_1_299' title='bbox 1148 3604 1247 3673; x_wconf 68' lang='grc' dir='ltr'><strong><em>ἀφ’</em></strong></span> <span class='ocrx_word' id='word_1_300' title='bbox 1279 3600 1355 3675; x_wconf 85' lang='grc' dir='ltr'>ἧς</span> <span class='ocrx_word' id='word_1_301' title='bbox 1388 3606 1612 3676; x_wconf 76' lang='grc' dir='ltr'><em>ἡμέρας</em></span> <span class='ocrx_word' id='word_1_302' title='bbox 1638 3610 1865 3679; x_wconf 72' lang='grc' dir='ltr'><em>ἀνήγα-</em></span> 
     </span>
    </p>
   </div>
   <div class='ocr_carea' id='block_1_39' title="bbox 272 3688 1867 3769">
    <p class='ocr_par' dir='ltr' id='par_1_39' title="bbox 272 3688 1867 3769">
     <span class='ocr_line' id='line_1_39' title="bbox 272 3688 1867 3769; baseline 0.011 -31"><span class='ocrx_word' id='word_1_303' title='bbox 272 3703 387 3755; x_wconf 79' lang='grc' dir='ltr'><em>τον</em></span> <span class='ocrx_word' id='word_1_304' title='bbox 435 3688 578 3754; x_wconf 74' lang='grc' dir='ltr'><em>τοῦς</em></span> <span class='ocrx_word' id='word_1_305' title='bbox 624 3689 794 3756; x_wconf 84' lang='grc' dir='ltr'><strong><em>υἱοὺς</em></strong></span> <span class='ocrx_word' id='word_1_306' title='bbox 836 3690 1073 3761; x_wconf 78' lang='grc' dir='ltr'><em>Ἰσραὴλ</em></span> <span class='ocrx_word' id='word_1_307' title='bbox 1124 3695 1194 3758; x_wconf 81' lang='grc' dir='ltr'><strong><em>ἐξ</em></strong></span> <span class='ocrx_word' id='word_1_308' title='bbox 1245 3697 1548 3766; x_wconf 74' lang='grc' dir='ltr'><strong><em>Αἰγύπτου</em></strong></span> <span class='ocrx_word' id='word_1_309' title='bbox 1594 3699 1705 3766; x_wconf 78' lang='grc' dir='ltr'><strong><em>ἕως</em></strong></span> <span class='ocrx_word' id='word_1_310' title='bbox 1756 3698 1867 3769; x_wconf 80' lang='grc' dir='ltr'><strong><em>τῆς</em></strong></span> 
     </span>
    </p>
   </div>
   <div class='ocr_carea' id='block_1_40' title="bbox 274 3778 1865 3857">
    <p class='ocr_par' dir='ltr' id='par_1_40' title="bbox 274 3778 1865 3857">
     <span class='ocr_line' id='line_1_40' title="bbox 274 3778 1865 3857; baseline 0.011 -27"><span class='ocrx_word' id='word_1_311' title='bbox 274 3778 504 3847; x_wconf 76' lang='grc' dir='ltr'><em>ἡμέρας</em></span> <span class='ocrx_word' id='word_1_312' title='bbox 531 3782 781 3848; x_wconf 85' lang='grc' dir='ltr'><em>ταύτης·</em></span> <span class='ocrx_word' id='word_1_313' title='bbox 811 3784 914 3837; x_wconf 84' lang='grc' dir='ltr'><strong><em>καὶ</em></strong></span> <span class='ocrx_word' id='word_1_314' title='bbox 955 3784 1119 3853; x_wconf 78' lang='grc' dir='ltr'><em>ἤμην</em></span> <span class='ocrx_word' id='word_1_315' title='bbox 1144 3787 1557 3857; x_wconf 80' lang='grc' dir='ltr'><em>ἐμπεριπατῶν</em></span> <span class='ocrx_word' id='word_1_316' title='bbox 1585 3791 1656 3845; x_wconf 85' lang='grc' dir='ltr'><em>ὲν</em></span> <span class='ocrx_word' id='word_1_317' title='bbox 1685 3810 1865 3847; x_wconf 80' lang='grc' dir='ltr'><em>κατα-</em></span> 
     </span>
    </p>
   </div>
   <div class='ocr_carea' id='block_1_41' title="bbox 275 3870 1864 3951">
    <p class='ocr_par' dir='ltr' id='par_1_41' title="bbox 275 3870 1864 3951">
     <span class='ocr_line' id='line_1_41' title="bbox 275 3870 1864 3951; baseline 0.011 -29"><span class='ocrx_word' id='word_1_318' title='bbox 275 3870 495 3938; x_wconf 84' lang='grc' dir='ltr'><em>λύματι</em></span> <span class='ocrx_word' id='word_1_319' title='bbox 539 3872 638 3925; x_wconf 84' lang='grc' dir='ltr'><strong><em>καὶ</em></strong></span> <span class='ocrx_word' id='word_1_320' title='bbox 679 3873 749 3925; x_wconf 85' lang='grc' dir='ltr'><em>ἐν</em></span> <span class='ocrx_word' id='word_1_321' title='bbox 791 3874 995 3944; x_wconf 77' lang='grc' dir='ltr'><em>σκηνῇ</em></span> <span class='ocrx_word' id='word_1_322' title='bbox 1041 3878 1110 3930; x_wconf 78' lang='grc' dir='ltr'><em>ἐν</em></span> <span class='ocrx_word' id='word_1_323' title='bbox 1146 3877 1337 3933; x_wconf 85' lang='grc' dir='ltr'><em>πᾶσιν</em></span> <span class='ocrx_word' id='word_1_324' title='bbox 1371 3876 1463 3948; x_wconf 78' lang='grc' dir='ltr'><strong><em>οἷς</em></strong></span> <span class='ocrx_word' id='word_1_325' title='bbox 1499 3880 1751 3951; x_wconf 81' lang='grc' dir='ltr'><em>διῆλθον</em></span> <span class='ocrx_word' id='word_1_326' title='bbox 1793 3885 1864 3938; x_wconf 84' lang='grc' dir='ltr'><em>ἐν</em></span> 
     </span>
    </p>
   </div>
   <div class='ocr_carea' id='block_1_42' title="bbox 276 3961 1865 4044">
    <p class='ocr_par' dir='ltr' id='par_1_42' title="bbox 276 3961 1865 4044">
     <span class='ocr_line' id='line_1_42' title="bbox 276 3961 1865 4044; baseline 0.013 -32"><span class='ocrx_word' id='word_1_327' title='bbox 276 3961 473 4015; x_wconf 68' lang='grc' dir='ltr'><em>παντὶ</em></span> <span class='ocrx_word' id='word_1_328' title='bbox 499 3962 736 4031; x_wconf 81' lang='grc' dir='ltr'><em>Ἰσραήλ</em></span> <span class='ocrx_word' id='word_1_329' title='bbox 753 3982 766 3995; x_wconf 86' lang='grc'><strong>·</strong></span> <span class='ocrx_word' id='word_1_330' title='bbox 800 3968 851 4018; x_wconf 84' lang='lat' dir='ltr'><strong><em>el</em></strong></span> <span class='ocrx_word' id='word_1_331' title='bbox 876 3968 1083 4021; x_wconf 84' lang='grc' dir='ltr'><em>λαλῶν</em></span> <span class='ocrx_word' id='word_1_332' title='bbox 1109 3969 1389 4039; x_wconf 83' lang='grc' dir='ltr'><em>ἐλάλησα</em></span> <span class='ocrx_word' id='word_1_333' title='bbox 1415 3971 1566 4040; x_wconf 88' lang='grc' dir='ltr'><em>πρὸς</em></span> <span class='ocrx_word' id='word_1_334' title='bbox 1583 3974 1733 4042; x_wconf 82' lang='grc' dir='ltr'><em>μίαν</em></span> <span class='ocrx_word' id='word_1_335' title='bbox 1752 3993 1865 4044; x_wconf 73' lang='grc' dir='ltr'><strong><em>φυ-</em></strong></span> 
     </span>
    </p>
   </div>
   <div class='ocr_carea' id='block_1_43' title="bbox 274 4051 1881 4133">
    <p class='ocr_par' dir='ltr' id='par_1_43' title="bbox 274 4051 1881 4133">
     <span class='ocr_line' id='line_1_43' title="bbox 274 4051 1881 4133; baseline 0.009 -27"><span class='ocrx_word' id='word_1_336' title='bbox 274 4052 400 4121; x_wconf 81' lang='grc' dir='ltr'><em>λὴν</em></span> <span class='ocrx_word' id='word_1_337' title='bbox 423 4054 532 4108; x_wconf 88' lang='grc' dir='ltr'><em>τοῦ</em></span> <span class='ocrx_word' id='word_1_338' title='bbox 575 4055 844 4124; x_wconf 84' lang='grc' dir='ltr'><em>Ἰσραὴλ,</em></span> <span class='ocrx_word' id='word_1_339' title='bbox 871 4051 919 4123; x_wconf 84' lang='grc' dir='ltr'>ᾧ</span> <span class='ocrx_word' id='word_1_340' title='bbox 944 4058 1333 4129; x_wconf 84' lang='grc' dir='ltr'><em>ἐνετειλάμην</em></span> <span class='ocrx_word' id='word_1_341' title='bbox 1377 4064 1717 4133; x_wconf 83' lang='grc' dir='ltr'><em>ποιμαίνειν</em></span> <span class='ocrx_word' id='word_1_342' title='bbox 1757 4066 1881 4120; x_wconf 77' lang='grc' dir='ltr'><em>τόν</em></span> 
     </span>
    </p>
   </div>
   <div class='ocr_carea' id='block_1_44' title="bbox 275 4146 1866 4226">
    <p class='ocr_par' dir='ltr' id='par_1_44' title="bbox 275 4146 1866 4226">
     <span class='ocr_line' id='line_1_44' title="bbox 275 4146 1866 4226; baseline 0.008 -27"><span class='ocrx_word' id='word_1_343' title='bbox 275 4146 431 4199; x_wconf 86' lang='grc' dir='ltr'><em>λαόν</em></span> <span class='ocrx_word' id='word_1_344' title='bbox 472 4164 593 4216; x_wconf 87' lang='grc' dir='ltr'><strong><em>μου</em></strong></span> <span class='ocrx_word' id='word_1_345' title='bbox 632 4148 877 4218; x_wconf 82' lang='grc' dir='ltr'><em>Ἰσραὴλ</em></span> <span class='ocrx_word' id='word_1_346' title='bbox 903 4149 1125 4221; x_wconf 77' lang='grc' dir='ltr'><em>λέγων·</em></span> <span class='ocrx_word' id='word_1_347' title='bbox 1178 4154 1239 4206; x_wconf 84' lang='grc' dir='ltr'><em>Τί</em></span> <span class='ocrx_word' id='word_1_348' title='bbox 1284 4155 1395 4207; x_wconf 88' lang='grc' dir='ltr'><strong><em>οὐκ</em></strong></span> <span class='ocrx_word' id='word_1_349' title='bbox 1443 4156 1866 4226; x_wconf 78' lang='grc' dir='ltr'><em>ᾠκοδομήκατέ</em></span> 
     </span>
    </p>
   </div>
   <div class='ocr_carea' id='block_1_45' title="bbox 272 4233 1865 4313">
    <p class='ocr_par' dir='ltr' id='par_1_45' title="bbox 272 4233 1865 4313">
     <span class='ocr_line' id='line_1_45' title="bbox 272 4233 1865 4313; baseline 0.008 -24"><span class='ocrx_word' id='word_1_350' title='bbox 272 4253 375 4306; x_wconf 91' lang='grc' dir='ltr'><strong><em>μοι</em></strong></span> <span class='ocrx_word' id='word_1_351' title='bbox 405 4233 577 4291; x_wconf 81' lang='grc' dir='ltr'><em>οἷκον</em></span> <span class='ocrx_word' id='word_1_352' title='bbox 603 4238 912 4307; x_wconf 58' lang='grc' dir='ltr'><em>κέδρινοη</em></span> <span class='ocrx_word' id='word_1_353' title='bbox 934 4240 1045 4294; x_wconf 88' lang='lat' dir='ltr'><strong><em>Kal</em></strong></span> <span class='ocrx_word' id='word_1_354' title='bbox 1067 4241 1184 4295; x_wconf 85' lang='grc' dir='ltr'><em>νῦν</em></span> <span class='ocrx_word' id='word_1_355' title='bbox 1208 4242 1349 4296; x_wconf 89' lang='grc' dir='ltr'><em>τάδε</em></span> <span class='ocrx_word' id='word_1_356' title='bbox 1378 4244 1534 4313; x_wconf 83' lang='grc' dir='ltr'><em>ἐρεῖς</em></span> <span class='ocrx_word' id='word_1_357' title='bbox 1559 4244 1640 4309; x_wconf 83' lang='grc' dir='ltr'><em>τῷ</em></span> <span class='ocrx_word' id='word_1_358' title='bbox 1665 4246 1865 4311; x_wconf 84' lang='grc' dir='ltr'><em>δούλῳ</em></span> 
     </span>
    </p>
   </div>
   <div class='ocr_carea' id='block_1_46' title="bbox 270 4330 1858 4409">
    <p class='ocr_par' dir='ltr' id='par_1_46' title="bbox 270 4330 1858 4409">
     <span class='ocr_line' id='line_1_46' title="bbox 270 4330 1858 4409; baseline 0.007 -27"><span class='ocrx_word' id='word_1_359' title='bbox 270 4347 394 4398; x_wconf 91' lang='grc' dir='ltr'><strong><em>μου</em></strong></span> <span class='ocrx_word' id='word_1_360' title='bbox 448 4330 662 4384; x_wconf 85' lang='grc' dir='ltr'><em>Δαυΐδ·</em></span> <span class='ocrx_word' id='word_1_361' title='bbox 724 4330 869 4386; x_wconf 80' lang='grc' dir='ltr'><em>Τάδε</em></span> <span class='ocrx_word' id='word_1_362' title='bbox 922 4332 1082 4402; x_wconf 74' lang='grc' dir='ltr'><em>λέγει</em></span> <span class='ocrx_word' id='word_1_363' title='bbox 1129 4335 1344 4402; x_wconf 84' lang='grc' dir='ltr'><em>Κύριος</em></span> <span class='ocrx_word' id='word_1_364' title='bbox 1391 4338 1816 4409; x_wconf 85' lang='grc' dir='ltr'><em>παντοκράτωρ</em></span> <span class='ocrx_word' id='word_1_365' title='bbox 1846 4360 1858 4372; x_wconf 79' lang='lat'><strong>-</strong></span> 
     </span>
    </p>
   </div>
   <div class='ocr_carea' id='block_1_47' title="bbox 279 4420 1864 4494">
    <p class='ocr_par' dir='ltr' id='par_1_47' title="bbox 279 4420 1864 4494">
     <span class='ocr_line' id='line_1_47' title="bbox 279 4420 1864 4494; baseline 0.008 -21"><span class='ocrx_word' id='word_1_366' title='bbox 279 4422 540 4474; x_wconf 76' lang='grc' dir='ltr'><em>Ἐλαόόν</em></span> <span class='ocrx_word' id='word_1_367' title='bbox 582 4438 658 4476; x_wconf 82' lang='grc' dir='ltr'><strong><em>σε</em></strong></span> <span class='ocrx_word' id='word_1_368' title='bbox 704 4423 774 4477; x_wconf 84' lang='grc' dir='ltr'><strong><em>ἐκ</em></strong></span> <span class='ocrx_word' id='word_1_369' title='bbox 817 4420 926 4491; x_wconf 82' lang='grc' dir='ltr'><strong><em>τῆς</em></strong></span> <span class='ocrx_word' id='word_1_370' title='bbox 970 4422 1244 4494; x_wconf 85' lang='grc' dir='ltr'><em>μάνδρας</em></span> <span class='ocrx_word' id='word_1_371' title='bbox 1290 4427 1410 4481; x_wconf 84' lang='grc' dir='ltr'><strong><em>ἀπὸ</em></strong></span> <span class='ocrx_word' id='word_1_372' title='bbox 1452 4427 1704 4486; x_wconf 82' lang='grc' dir='ltr'><em>ὄπισθεν</em></span> <span class='ocrx_word' id='word_1_373' title='bbox 1744 4430 1864 4485; x_wconf 87' lang='grc' dir='ltr'><strong><em>τῶν</em></strong></span> 
     </span>
    </p>
   </div>
   <div class='ocr_carea' id='block_1_48' title="bbox 274 4512 1865 4589">
    <p class='ocr_par' dir='ltr' id='par_1_48' title="bbox 274 4512 1865 4589">
     <span class='ocr_line' id='line_1_48' title="bbox 274 4512 1865 4589; baseline 0.008 -24"><span class='ocrx_word' id='word_1_374' title='bbox 274 4513 605 4582; x_wconf 75' lang='grc' dir='ltr'><em>προϐάτων,</em></span> <span class='ocrx_word' id='word_1_375' title='bbox 640 4514 745 4567; x_wconf 88' lang='grc' dir='ltr'><strong><em>τοῦ</em></strong></span> <span class='ocrx_word' id='word_1_376' title='bbox 789 4512 943 4569; x_wconf 84' lang='grc' dir='ltr'><em>εἶναι</em></span> <span class='ocrx_word' id='word_1_377' title='bbox 982 4532 1059 4570; x_wconf 87' lang='grc' dir='ltr'><strong><em>σε</em></strong></span> <span class='ocrx_word' id='word_1_378' title='bbox 1103 4519 1190 4584; x_wconf 86' lang='grc' dir='ltr'><strong><em>εὶς</em></strong></span> <span class='ocrx_word' id='word_1_379' title='bbox 1233 4518 1571 4589; x_wconf 73' lang='grc' dir='ltr'><em>ἡγούμενον</em></span> <span class='ocrx_word' id='word_1_380' title='bbox 1610 4523 1709 4576; x_wconf 77' lang='grc' dir='ltr'><strong><em>ἐπὶ</em></strong></span> <span class='ocrx_word' id='word_1_381' title='bbox 1757 4524 1865 4579; x_wconf 84' lang='grc' dir='ltr'><em>τὸν</em></span> 
     </span>
    </p>
   </div>
   <div class='ocr_carea' id='block_1_49' title="bbox 1964 655 3541 717">
    <p class='ocr_par' dir='ltr' id='par_1_49' title="bbox 1964 655 3541 717">
     <span class='ocr_line' id='line_1_49' title="bbox 1964 655 3541 717; baseline -0.006 0"><span class='ocrx_word' id='word_1_382' title='bbox 1964 662 2113 717; x_wconf 75' lang='lat' dir='ltr'><strong><em>vovit</em></strong></span> <span class='ocrx_word' id='word_1_383' title='bbox 2152 660 2263 716; x_wconf 78' lang='lat' dir='ltr'><strong><em>Deo</em></strong></span> <span class='ocrx_word' id='word_1_384' title='bbox 2283 659 2455 716; x_wconf 80' lang='lat' dir='ltr'><strong><em>Jacob</em></strong></span> <span class='ocrx_word' id='word_1_385' title='bbox 2494 660 2724 716; x_wconf 85' lang='lat' dir='ltr'><strong><em>dicens:</em></strong></span> <span class='ocrx_word' id='word_1_386' title='bbox 2757 658 2820 714; x_wconf 88' lang='lat' dir='ltr'><strong><em>Si</em></strong></span> <span class='ocrx_word' id='word_1_387' title='bbox 2848 658 3100 713; x_wconf 77' lang='lat' dir='ltr'><strong><em>introiere</em></strong></span> <span class='ocrx_word' id='word_1_388' title='bbox 3139 657 3195 710; x_wconf 86' lang='lat' dir='ltr'><strong><em>in</em></strong></span> <span class='ocrx_word' id='word_1_389' title='bbox 3226 655 3541 709; x_wconf 86' lang='lat' dir='ltr'><strong><em>tabernacu-</em></strong></span> 
     </span>
    </p>
   </div>
   <div class='ocr_carea' id='block_1_50' title="bbox 1965 748 3540 817">
    <p class='ocr_par' dir='ltr' id='par_1_50' title="bbox 1965 748 3540 817">
     <span class='ocr_line' id='line_1_50' title="bbox 1965 748 3540 817; baseline -0.005 -9"><span class='ocrx_word' id='word_1_390' title='bbox 1965 755 2073 808; x_wconf 88' lang='lat' dir='ltr'><strong><em>lum</em></strong></span> <span class='ocrx_word' id='word_1_391' title='bbox 2100 754 2287 807; x_wconf 89' lang='lat' dir='ltr'><strong><em>domus</em></strong></span> <span class='ocrx_word' id='word_1_392' title='bbox 2326 769 2476 817; x_wconf 69' lang='lat' dir='ltr'><strong><em>meae,</em></strong></span> <span class='ocrx_word' id='word_1_393' title='bbox 2510 752 2556 806; x_wconf 88' lang='lat' dir='ltr'><strong><em>si</em></strong></span> <span class='ocrx_word' id='word_1_394' title='bbox 2584 750 2868 806; x_wconf 87' lang='lat' dir='ltr'><strong><em>ascendero</em></strong></span> <span class='ocrx_word' id='word_1_395' title='bbox 2899 753 2954 804; x_wconf 88' lang='lat' dir='ltr'><strong><em>in</em></strong></span> <span class='ocrx_word' id='word_1_396' title='bbox 2996 750 3184 805; x_wconf 80' lang='lat' dir='ltr'><strong><em>lectum</em></strong></span> <span class='ocrx_word' id='word_1_397' title='bbox 3216 750 3374 802; x_wconf 87' lang='lat' dir='ltr'><strong><em>strati</em></strong></span> <span class='ocrx_word' id='word_1_398' title='bbox 3404 748 3540 801; x_wconf 89' lang='lat' dir='ltr'><strong><em>mei:</em></strong></span> 
     </span>
    </p>
   </div>
   <div class='ocr_carea' id='block_1_51' title="bbox 1962 836 3542 910">
    <p class='ocr_par' dir='ltr' id='par_1_51' title="bbox 1962 836 3542 910">
     <span class='ocr_line' id='line_1_51' title="bbox 1962 836 3542 910; baseline -0.006 -11"><span class='ocrx_word' id='word_1_399' title='bbox 1962 846 2009 899; x_wconf 91' lang='lat' dir='ltr'><strong><em>si</em></strong></span> <span class='ocrx_word' id='word_1_400' title='bbox 2036 843 2225 899; x_wconf 86' lang='lat' dir='ltr'><strong><em>dedero</em></strong></span> <span class='ocrx_word' id='word_1_401' title='bbox 2255 860 2498 898; x_wconf 85' lang='lat' dir='ltr'><strong><em>somnum</em></strong></span> <span class='ocrx_word' id='word_1_402' title='bbox 2523 841 2703 897; x_wconf 29' lang='lat' dir='ltr'><strong><em>oculis.</em></strong></span> <span class='ocrx_word' id='word_1_403' title='bbox 2726 842 2877 905; x_wconf 90' lang='lat' dir='ltr'><strong><em>meis,</em></strong></span> <span class='ocrx_word' id='word_1_404' title='bbox 2904 851 2952 895; x_wconf 92' lang='lat' dir='ltr'><strong><em>et</em></strong></span> <span class='ocrx_word' id='word_1_405' title='bbox 2977 839 3237 910; x_wconf 73' lang='lat' dir='ltr'><strong><em>palpebris</em></strong></span> <span class='ocrx_word' id='word_1_406' title='bbox 3266 839 3393 892; x_wconf 90' lang='lat' dir='ltr'><strong><em>meis</em></strong></span> <span class='ocrx_word' id='word_1_407' title='bbox 3415 836 3542 892; x_wconf 87' lang='lat' dir='ltr'><strong><em>dor-</em></strong></span> 
     </span>
    </p>
   </div>
   <div class='ocr_carea' id='block_1_52' title="bbox 1963 929 3543 1001">
    <p class='ocr_par' dir='ltr' id='par_1_52' title="bbox 1963 929 3543 1001">
     <span class='ocr_line' id='line_1_52' title="bbox 1963 929 3543 1001; baseline -0.004 -11"><span class='ocrx_word' id='word_1_408' title='bbox 1963 938 2313 1001; x_wconf 89' lang='lat' dir='ltr'><strong><em>mitationem,</em></strong></span> <span class='ocrx_word' id='word_1_409' title='bbox 2339 936 2503 991; x_wconf 85' lang='lat' dir='ltr'><strong><em>donec</em></strong></span> <span class='ocrx_word' id='word_1_410' title='bbox 2530 934 2791 990; x_wconf 82' lang='lat' dir='ltr'><strong><em>inveniam</em></strong></span> <span class='ocrx_word' id='word_1_411' title='bbox 2818 934 2988 987; x_wconf 89' lang='lat' dir='ltr'><strong><em>locum</em></strong></span> <span class='ocrx_word' id='word_1_412' title='bbox 3020 932 3267 994; x_wconf 88' lang='lat' dir='ltr'><strong><em>Domino,</em></strong></span> <span class='ocrx_word' id='word_1_413' title='bbox 3298 929 3543 983; x_wconf 87' lang='lat' dir='ltr'><strong><em>taberna-</em></strong></span> 
     </span>
    </p>
   </div>
   <div class='ocr_carea' id='block_1_53' title="bbox 1963 1020 3543 1095">
    <p class='ocr_par' dir='ltr' id='par_1_53' title="bbox 1963 1020 3543 1095">
     <span class='ocr_line' id='line_1_53' title="bbox 1963 1020 3543 1095; baseline -0.005 -12"><span class='ocrx_word' id='word_1_414' title='bbox 1963 1028 2140 1083; x_wconf 80' lang='lat' dir='ltr'><strong><em>culum</em></strong></span> <span class='ocrx_word' id='word_1_415' title='bbox 2172 1028 2281 1083; x_wconf 86' lang='lat' dir='ltr'><strong><em>Deo</em></strong></span> <span class='ocrx_word' id='word_1_416' title='bbox 2319 1027 2488 1082; x_wconf 74' lang='lat' dir='ltr'><strong><em>Iacob</em></strong></span> <span class='ocrx_word' id='word_1_417' title='bbox 2515 1028 2579 1080; x_wconf 79' lang='grc'><strong><em>¹⁹.</em></strong></span> <span class='ocrx_word' id='word_1_418' title='bbox 2614 1026 2741 1081; x_wconf 74' lang='lat' dir='ltr'><strong><em>Hazc</em></strong></span> <span class='ocrx_word' id='word_1_419' title='bbox 2780 1026 2871 1079; x_wconf 90' lang='lat' dir='ltr'><strong><em>illo</em></strong></span> <span class='ocrx_word' id='word_1_420' title='bbox 2916 1025 3213 1095; x_wconf 73' lang='lat' dir='ltr'><strong><em>cogitante,</em></strong></span> <span class='ocrx_word' id='word_1_421' title='bbox 3238 1023 3387 1093; x_wconf 85' lang='lat' dir='ltr'><strong><em>pium</em></strong></span> <span class='ocrx_word' id='word_1_422' title='bbox 3419 1020 3543 1093; x_wconf 81' lang='lat' dir='ltr'><strong><em>qui-</em></strong></span> 
     </span>
    </p>
   </div>
   <div class='ocr_carea' id='block_1_54' title="bbox 1963 1118 3544 1193">
    <p class='ocr_par' dir='ltr' id='par_1_54' title="bbox 1963 1118 3544 1193">
     <span class='ocr_line' id='line_1_54' title="bbox 1963 1118 3544 1193; baseline -0.005 -16"><span class='ocrx_word' id='word_1_423' title='bbox 1963 1122 2086 1177; x_wconf 91' lang='lat' dir='ltr'><strong><em>dem</em></strong></span> <span class='ocrx_word' id='word_1_424' title='bbox 2116 1121 2457 1193; x_wconf 78' lang='lat' dir='ltr'><strong><em>propositum</em></strong></span> <span class='ocrx_word' id='word_1_425' title='bbox 2491 1119 2633 1175; x_wconf 87' lang='lat' dir='ltr'><strong><em>Deus</em></strong></span> <span class='ocrx_word' id='word_1_426' title='bbox 2657 1118 2925 1190; x_wconf 78' lang='lat' dir='ltr'><strong><em>approbat</em></strong></span> <span class='ocrx_word' id='word_1_427' title='bbox 2957 1136 2969 1171; x_wconf 89' lang='lat'>:</span> <span class='ocrx_word' id='word_1_428' title='bbox 3001 1131 3177 1187; x_wconf 83' lang='lat' dir='ltr'><strong><em>neque</em></strong></span> <span class='ocrx_word' id='word_1_429' title='bbox 3210 1123 3392 1169; x_wconf 87' lang='lat' dir='ltr'><strong><em>tamen</em></strong></span> <span class='ocrx_word' id='word_1_430' title='bbox 3419 1128 3544 1184; x_wconf 87' lang='lat' dir='ltr'><strong><em>per-</em></strong></span> 
     </span>
    </p>
   </div>
   <div class='ocr_carea' id='block_1_55' title="bbox 1963 1204 3545 1281">
    <p class='ocr_par' dir='ltr' id='par_1_55' title="bbox 1963 1204 3545 1281">
     <span class='ocr_line' id='line_1_55' title="bbox 1963 1204 3545 1281; baseline -0.004 -14"><span class='ocrx_word' id='word_1_431' title='bbox 1963 1213 2130 1267; x_wconf 86' lang='lat' dir='ltr'><strong><em>mittit</em></strong></span> <span class='ocrx_word' id='word_1_432' title='bbox 2170 1213 2392 1269; x_wconf 89' lang='lat' dir='ltr'><strong><em>domum</em></strong></span> <span class='ocrx_word' id='word_1_433' title='bbox 2438 1212 2674 1277; x_wconf 82' lang='lat' dir='ltr'><strong><em>exstrui,</em></strong></span> <span class='ocrx_word' id='word_1_434' title='bbox 2711 1226 2820 1267; x_wconf 90' lang='lat' dir='ltr'><strong><em>non</em></strong></span> <span class='ocrx_word' id='word_1_435' title='bbox 2854 1224 2993 1281; x_wconf 89' lang='lat' dir='ltr'><strong><em>opus</em></strong></span> <span class='ocrx_word' id='word_1_436' title='bbox 3040 1223 3163 1263; x_wconf 85' lang='lat' dir='ltr'><strong><em>esse</em></strong></span> <span class='ocrx_word' id='word_1_437' title='bbox 3213 1206 3327 1262; x_wconf 81' lang='lat' dir='ltr'><strong><em>Deo</em></strong></span> <span class='ocrx_word' id='word_1_438' title='bbox 3355 1204 3545 1261; x_wconf 88' lang='lat' dir='ltr'><strong><em>dicens</em></strong></span> 
     </span>
    </p>
   </div>
   <div class='ocr_carea' id='block_1_56' title="bbox 1963 1294 3545 1368">
    <p class='ocr_par' dir='ltr' id='par_1_56' title="bbox 1963 1294 3545 1368">
     <span class='ocr_line' id='line_1_56' title="bbox 1963 1294 3545 1368; baseline -0.008 -9"><span class='ocrx_word' id='word_1_439' title='bbox 1963 1302 2128 1359; x_wconf 91' lang='lat' dir='ltr'><strong><em>domo</em></strong></span> <span class='ocrx_word' id='word_1_440' title='bbox 2169 1303 2443 1368; x_wconf 89' lang='lat' dir='ltr'><strong><em>sensibili,</em></strong></span> <span class='ocrx_word' id='word_1_441' title='bbox 2480 1303 2566 1357; x_wconf 83' lang='lat' dir='ltr'><strong><em>vel</em></strong></span> <span class='ocrx_word' id='word_1_442' title='bbox 2610 1317 2675 1356; x_wconf 81' lang='lat' dir='ltr'><strong><em>ex</em></strong></span> <span class='ocrx_word' id='word_1_443' title='bbox 2732 1298 3074 1355; x_wconf 43' lang='lat' dir='ltr'><strong><em>inanimatis.</em></strong></span> <span class='ocrx_word' id='word_1_444' title='bbox 3101 1294 3376 1367; x_wconf 82' lang='lat' dir='ltr'><strong><em>lapidibus</em></strong></span> <span class='ocrx_word' id='word_1_445' title='bbox 3420 1308 3545 1349; x_wconf 84' lang='lat' dir='ltr'><strong><em>con-</em></strong></span> 
     </span>
    </p>
   </div>
   <div class='ocr_carea' id='block_1_57' title="bbox 1964 1386 3543 1464">
    <p class='ocr_par' dir='ltr' id='par_1_57' title="bbox 1964 1386 3543 1464">
     <span class='ocr_line' id='line_1_57' title="bbox 1964 1386 3543 1464; baseline -0.006 -15"><span class='ocrx_word' id='word_1_446' title='bbox 1964 1394 2258 1461; x_wconf 89' lang='lat' dir='ltr'><strong><em>struenda;</em></strong></span> <span class='ocrx_word' id='word_1_447' title='bbox 2288 1392 2383 1449; x_wconf 87' lang='lat' dir='ltr'><strong><em>sed</em></strong></span> <span class='ocrx_word' id='word_1_448' title='bbox 2409 1393 2456 1449; x_wconf 90' lang='lat' dir='ltr'><strong><em>si</em></strong></span> <span class='ocrx_word' id='word_1_449' title='bbox 2483 1407 2625 1464; x_wconf 89' lang='lat' dir='ltr'><strong><em>opus</em></strong></span> <span class='ocrx_word' id='word_1_450' title='bbox 2649 1399 2795 1447; x_wconf 85' lang='lat' dir='ltr'><strong><em>esset</em></strong></span> <span class='ocrx_word' id='word_1_451' title='bbox 2824 1390 2991 1445; x_wconf 87' lang='lat' dir='ltr'><strong><em>Deum</em></strong></span> <span class='ocrx_word' id='word_1_452' title='bbox 3019 1389 3075 1443; x_wconf 88' lang='lat' dir='ltr'><strong><em>in</em></strong></span> <span class='ocrx_word' id='word_1_453' title='bbox 3103 1400 3248 1443; x_wconf 84' lang='lat' dir='ltr'><strong><em>terra</em></strong></span> <span class='ocrx_word' id='word_1_454' title='bbox 3271 1386 3543 1452; x_wconf 80' lang='lat' dir='ltr'><strong><em>habitare,</em></strong></span> 
     </span>
    </p>
   </div>
   <div class='ocr_carea' id='block_1_58' title="bbox 1962 1478 3545 1556">
    <p class='ocr_par' dir='ltr' id='par_1_58' title="bbox 1962 1478 3545 1556">
     <span class='ocr_line' id='line_1_58' title="bbox 1962 1478 3545 1556; baseline -0.007 -15"><span class='ocrx_word' id='word_1_455' title='bbox 1962 1501 2028 1541; x_wconf 86' lang='lat' dir='ltr'><strong><em>ex</em></strong></span> <span class='ocrx_word' id='word_1_456' title='bbox 2058 1484 2231 1556; x_wconf 86' lang='lat' dir='ltr'><strong><em>ipsius</em></strong></span> <span class='ocrx_word' id='word_1_457' title='bbox 2264 1484 2432 1539; x_wconf 80' lang='lat' dir='ltr'><strong><em>David</em></strong></span> <span class='ocrx_word' id='word_1_458' title='bbox 2466 1484 2676 1541; x_wconf 88' lang='lat' dir='ltr'><strong><em>semine</em></strong></span> <span class='ocrx_word' id='word_1_459' title='bbox 2720 1482 3065 1554; x_wconf 87' lang='lat' dir='ltr'><strong><em>proditurum</em></strong></span> <span class='ocrx_word' id='word_1_460' title='bbox 3094 1495 3238 1542; x_wconf 88' lang='lat' dir='ltr'><strong><em>esse,</em></strong></span> <span class='ocrx_word' id='word_1_461' title='bbox 3264 1478 3358 1548; x_wconf 91' lang='lat' dir='ltr'><strong><em>qui</em></strong></span> <span class='ocrx_word' id='word_1_462' title='bbox 3389 1492 3545 1534; x_wconf 83' lang='lat' dir='ltr'><strong><em>suam</em></strong></span> 
     </span>
    </p>
   </div>
   <div class='ocr_carea' id='block_1_59' title="bbox 1963 1572 3544 1648">
    <p class='ocr_par' dir='ltr' id='par_1_59' title="bbox 1963 1572 3544 1648">
     <span class='ocr_line' id='line_1_59' title="bbox 1963 1572 3544 1648; baseline -0.006 -14"><span class='ocrx_word' id='word_1_463' title='bbox 1963 1578 2222 1634; x_wconf 87' lang='lat' dir='ltr'><strong><em>deitatem</em></strong></span> <span class='ocrx_word' id='word_1_464' title='bbox 2256 1579 2553 1648; x_wconf 81' lang='lat' dir='ltr'><strong><em>exciperet,</em></strong></span> <span class='ocrx_word' id='word_1_465' title='bbox 2588 1576 2792 1646; x_wconf 84' lang='lat' dir='ltr'><strong><em>quique</em></strong></span> <span class='ocrx_word' id='word_1_466' title='bbox 2827 1588 3042 1631; x_wconf 81' lang='lat' dir='ltr'><strong><em>sacram</em></strong></span> <span class='ocrx_word' id='word_1_467' title='bbox 3071 1572 3294 1626; x_wconf 85' lang='lat' dir='ltr'><strong><em>domum</em></strong></span> <span class='ocrx_word' id='word_1_468' title='bbox 3325 1577 3379 1625; x_wconf 91' lang='lat' dir='ltr'><strong><em>et</em></strong></span> <span class='ocrx_word' id='word_1_469' title='bbox 3403 1578 3544 1626; x_wconf 87' lang='lat' dir='ltr'><strong><em>tem-</em></strong></span> 
     </span>
    </p>
   </div>
   <div class='ocr_carea' id='block_1_60' title="bbox 1962 1664 3543 1741">
    <p class='ocr_par' dir='ltr' id='par_1_60' title="bbox 1962 1664 3543 1741">
     <span class='ocr_line' id='line_1_60' title="bbox 1962 1664 3543 1741; baseline -0.004 -16"><span class='ocrx_word' id='word_1_470' title='bbox 1962 1671 2109 1741; x_wconf 90' lang='lat' dir='ltr'><strong><em>plum</em></strong></span> <span class='ocrx_word' id='word_1_471' title='bbox 2139 1678 2390 1725; x_wconf 88' lang='lat' dir='ltr'><strong><em>sanctum</em></strong></span> <span class='ocrx_word' id='word_1_472' title='bbox 2421 1669 2532 1726; x_wconf 89' lang='lat' dir='ltr'><strong><em>Deo</em></strong></span> <span class='ocrx_word' id='word_1_473' title='bbox 2572 1670 2798 1738; x_wconf 81' lang='lat' dir='ltr'><strong><em>dignum</em></strong></span> <span class='ocrx_word' id='word_1_474' title='bbox 2829 1672 3159 1729; x_wconf 71' lang='lat' dir='ltr'><strong><em>exstrueret,</em></strong></span> <span class='ocrx_word' id='word_1_475' title='bbox 3195 1664 3357 1734; x_wconf 88' lang='lat' dir='ltr'><strong><em>cujus</em></strong></span> <span class='ocrx_word' id='word_1_476' title='bbox 3384 1664 3543 1719; x_wconf 85' lang='lat' dir='ltr'><strong><em>thro-</em></strong></span> 
     </span>
    </p>
   </div>
   <div class='ocr_carea' id='block_1_61' title="bbox 1962 1758 3543 1835">
    <p class='ocr_par' dir='ltr' id='par_1_61' title="bbox 1962 1758 3543 1835">
     <span class='ocr_line' id='line_1_61' title="bbox 1962 1758 3543 1835; baseline -0.004 -17"><span class='ocrx_word' id='word_1_477' title='bbox 1962 1780 2068 1820; x_wconf 91' lang='lat' dir='ltr'><strong><em>nus</em></strong></span> <span class='ocrx_word' id='word_1_478' title='bbox 2097 1779 2194 1835; x_wconf 82' lang='lat' dir='ltr'><strong><em>per</em></strong></span> <span class='ocrx_word' id='word_1_479' title='bbox 2233 1778 2397 1819; x_wconf 90' lang='lat' dir='ltr'><strong><em>omne</em></strong></span> <span class='ocrx_word' id='word_1_480' title='bbox 2426 1765 2697 1819; x_wconf 65' lang='lat' dir='ltr'><strong><em>saeculum</em></strong></span> <span class='ocrx_word' id='word_1_481' title='bbox 2717 1763 3021 1819; x_wconf 88' lang='lat' dir='ltr'><strong><em>duraturus</em></strong></span> <span class='ocrx_word' id='word_1_482' title='bbox 3047 1769 3213 1817; x_wconf 90' lang='lat' dir='ltr'><strong><em>esset.</em></strong></span> <span class='ocrx_word' id='word_1_483' title='bbox 3251 1758 3543 1830; x_wconf 78' lang='lat' dir='ltr'><strong><em>Significa-</em></strong></span> 
     </span>
    </p>
   </div>
   <div class='ocr_carea' id='block_1_62' title="bbox 1966 1847 3544 1909">
    <p class='ocr_par' dir='ltr' id='par_1_62' title="bbox 1966 1847 3544 1909">
     <span class='ocr_line' id='line_1_62' title="bbox 1966 1847 3544 1909; baseline -0.004 -1"><span class='ocrx_word' id='word_1_484' title='bbox 1966 1854 2063 1909; x_wconf 80' lang='lat' dir='ltr'><strong><em>bat</em></strong></span> <span class='ocrx_word' id='word_1_485' title='bbox 2102 1860 2285 1909; x_wconf 89' lang='lat' dir='ltr'><strong><em>autem</em></strong></span> <span class='ocrx_word' id='word_1_486' title='bbox 2322 1853 2606 1909; x_wconf 88' lang='lat' dir='ltr'><strong><em>Christum</em></strong></span> <span class='ocrx_word' id='word_1_487' title='bbox 2637 1868 2797 1909; x_wconf 89' lang='lat' dir='ltr'><strong><em>suum</em></strong></span> <span class='ocrx_word' id='word_1_488' title='bbox 2828 1868 2897 1908; x_wconf 80' lang='lat' dir='ltr'><strong><em>ex</em></strong></span> <span class='ocrx_word' id='word_1_489' title='bbox 2931 1850 3141 1908; x_wconf 86' lang='lat' dir='ltr'><strong><em>semine</em></strong></span> <span class='ocrx_word' id='word_1_490' title='bbox 3191 1847 3411 1903; x_wconf 81' lang='lat' dir='ltr'><strong><em>Davidis</em></strong></span> <span class='ocrx_word' id='word_1_491' title='bbox 3459 1863 3544 1903; x_wconf 92' lang='lat' dir='ltr'><strong><em>se-</em></strong></span> 
     </span>
    </p>
   </div>
   <div class='ocr_carea' id='block_1_63' title="bbox 1965 1940 3543 2010">
    <p class='ocr_par' dir='ltr' id='par_1_63' title="bbox 1965 1940 3543 2010">
     <span class='ocr_line' id='line_1_63' title="bbox 1965 1940 3543 2010; baseline -0.005 -9"><span class='ocrx_word' id='word_1_492' title='bbox 1965 1944 2205 2001; x_wconf 79' lang='lat' dir='ltr'><strong><em>cundum</em></strong></span> <span class='ocrx_word' id='word_1_493' title='bbox 2240 1959 2460 2001; x_wconf 88' lang='lat' dir='ltr'><strong><em>carnem</em></strong></span> <span class='ocrx_word' id='word_1_494' title='bbox 2499 1945 2791 2010; x_wconf 88' lang='lat' dir='ltr'><strong><em>oriturum,</em></strong></span> <span class='ocrx_word' id='word_1_495' title='bbox 2831 1949 2887 1998; x_wconf 89' lang='lat' dir='ltr'><strong><em>et</em></strong></span> <span class='ocrx_word' id='word_1_496' title='bbox 2924 1940 3226 1996; x_wconf 87' lang='lat' dir='ltr'><strong><em>Ecclesiam</em></strong></span> <span class='ocrx_word' id='word_1_497' title='bbox 3258 1941 3326 1994; x_wconf 88' lang='lat' dir='ltr'><strong><em>ab</em></strong></span> <span class='ocrx_word' id='word_1_498' title='bbox 3354 1954 3420 1995; x_wconf 89' lang='lat' dir='ltr'><strong><em>eo</em></strong></span> <span class='ocrx_word' id='word_1_499' title='bbox 3452 1954 3543 2010; x_wconf 84' lang='lat' dir='ltr'><strong><em>per</em></strong></span> 
     </span>
    </p>
   </div>
   <div class='ocr_carea' id='block_1_64' title="bbox 1966 2032 3544 2101">
    <p class='ocr_par' dir='ltr' id='par_1_64' title="bbox 1966 2032 3544 2101">
     <span class='ocr_line' id='line_1_64' title="bbox 1966 2032 3544 2101; baseline -0.005 -9"><span class='ocrx_word' id='word_1_500' title='bbox 1966 2044 2141 2092; x_wconf 82' lang='lat' dir='ltr'><strong><em>totum</em></strong></span> <span class='ocrx_word' id='word_1_501' title='bbox 2180 2037 2369 2092; x_wconf 90' lang='lat' dir='ltr'><strong><em>orbem</em></strong></span> <span class='ocrx_word' id='word_1_502' title='bbox 2401 2035 2866 2093; x_wconf 83' lang='lat' dir='ltr'><strong><em>constituendam.</em></strong></span> <span class='ocrx_word' id='word_1_503' title='bbox 2902 2033 3060 2101; x_wconf 85' lang='lat' dir='ltr'><strong><em>Quod</em></strong></span> <span class='ocrx_word' id='word_1_504' title='bbox 3102 2041 3283 2088; x_wconf 88' lang='lat' dir='ltr'><strong><em>autem</em></strong></span> <span class='ocrx_word' id='word_1_505' title='bbox 3330 2032 3446 2087; x_wconf 83' lang='lat' dir='ltr'><strong><em>haec</em></strong></span> <span class='ocrx_word' id='word_1_506' title='bbox 3472 2032 3544 2085; x_wconf 85' lang='lat' dir='ltr'><strong><em>ita</em></strong></span> 
     </span>
    </p>
   </div>
   <div class='ocr_carea' id='block_1_65' title="bbox 1966 2122 3544 2198">
    <p class='ocr_par' dir='ltr' id='par_1_65' title="bbox 1966 2122 3544 2198">
     <span class='ocr_line' id='line_1_65' title="bbox 1966 2122 3544 2198; baseline -0.006 -14"><span class='ocrx_word' id='word_1_507' title='bbox 1966 2143 2027 2184; x_wconf 86' lang='lat' dir='ltr'><strong><em>se</em></strong></span> <span class='ocrx_word' id='word_1_508' title='bbox 2078 2128 2362 2192; x_wconf 83' lang='lat' dir='ltr'><strong><em>haberent,</em></strong></span> <span class='ocrx_word' id='word_1_509' title='bbox 2412 2127 2724 2198; x_wconf 79' lang='lat' dir='ltr'><strong><em>Regnorum</em></strong></span> <span class='ocrx_word' id='word_1_510' title='bbox 2772 2127 3045 2197; x_wconf 74' lang='lat' dir='ltr'><strong><em>scriptura</em></strong></span> <span class='ocrx_word' id='word_1_511' title='bbox 3094 2126 3253 2181; x_wconf 90' lang='lat' dir='ltr'><strong><em>docet</em></strong></span> <span class='ocrx_word' id='word_1_512' title='bbox 3301 2122 3406 2178; x_wconf 89' lang='lat' dir='ltr'><strong><em>hoc</em></strong></span> <span class='ocrx_word' id='word_1_513' title='bbox 3449 2137 3544 2193; x_wconf 89' lang='lat' dir='ltr'><strong><em>pa-</em></strong></span> 
     </span>
    </p>
   </div>
   <div class='ocr_carea' id='block_1_66' title="bbox 1965 2215 3545 2281">
    <p class='ocr_par' dir='ltr' id='par_1_66' title="bbox 1965 2215 3545 2281">
     <span class='ocr_line' id='line_1_66' title="bbox 1965 2215 3545 2281; baseline -0.004 -6"><span class='ocrx_word' id='word_1_514' title='bbox 1965 2228 2054 2276; x_wconf 87' lang='lat' dir='ltr'><strong><em>cto</em></strong></span> <span class='ocrx_word' id='word_1_515' title='bbox 2078 2239 2091 2275; x_wconf 88' lang='lat'><strong>:</strong></span> <span class='ocrx_word' id='word_1_516' title='bbox 2118 2219 2348 2274; x_wconf 86' lang='lat' dir='ltr'><strong><em>Factum</em></strong></span> <span class='ocrx_word' id='word_1_517' title='bbox 2373 2229 2452 2275; x_wconf 91' lang='lat' dir='ltr'><strong><em>est</em></strong></span> <span class='ocrx_word' id='word_1_518' title='bbox 2490 2229 2666 2274; x_wconf 87' lang='lat' dir='ltr'><strong><em>autem</em></strong></span> <span class='ocrx_word' id='word_1_519' title='bbox 2708 2235 2828 2273; x_wconf 90' lang='lat' dir='ltr'><strong><em>cum</em></strong></span> <span class='ocrx_word' id='word_1_520' title='bbox 2857 2219 3055 2281; x_wconf 81' lang='lat' dir='ltr'><strong><em>sederet</em></strong></span> <span class='ocrx_word' id='word_1_521' title='bbox 3099 2216 3270 2271; x_wconf 73' lang='lat' dir='ltr'><strong><em>David</em></strong></span> <span class='ocrx_word' id='word_1_522' title='bbox 3309 2218 3364 2270; x_wconf 89' lang='lat' dir='ltr'><strong><em>in</em></strong></span> <span class='ocrx_word' id='word_1_523' title='bbox 3389 2215 3545 2270; x_wconf 86' lang='lat' dir='ltr'><strong><em>domo</em></strong></span> 
     </span>
    </p>
   </div>
   <div class='ocr_carea' id='block_1_67' title="bbox 1965 2308 3546 2382">
    <p class='ocr_par' dir='ltr' id='par_1_67' title="bbox 1965 2308 3546 2382">
     <span class='ocr_line' id='line_1_67' title="bbox 1965 2308 3546 2382; baseline -0.004 -15"><span class='ocrx_word' id='word_1_524' title='bbox 1965 2330 2083 2378; x_wconf 92' lang='lat' dir='ltr'><strong><em>sua,</em></strong></span> <span class='ocrx_word' id='word_1_525' title='bbox 2119 2323 2170 2368; x_wconf 93' lang='lat' dir='ltr'><strong><em>et</em></strong></span> <span class='ocrx_word' id='word_1_526' title='bbox 2203 2313 2463 2367; x_wconf 84' lang='lat' dir='ltr'><strong><em>Dominus</em></strong></span> <span class='ocrx_word' id='word_1_527' title='bbox 2491 2313 2874 2382; x_wconf 79' lang='lat' dir='ltr'><strong><em>possessionem</em></strong></span> <span class='ocrx_word' id='word_1_528' title='bbox 2900 2312 2948 2366; x_wconf 89' lang='lat' dir='ltr'><strong><em>ei</em></strong></span> <span class='ocrx_word' id='word_1_529' title='bbox 2981 2310 3211 2365; x_wconf 63' lang='lat' dir='ltr'><strong><em>dedisset</em></strong></span> <span class='ocrx_word' id='word_1_530' title='bbox 3234 2310 3289 2363; x_wconf 89' lang='lat' dir='ltr'><strong><em>in</em></strong></span> <span class='ocrx_word' id='word_1_531' title='bbox 3318 2308 3546 2362; x_wconf 81' lang='lat' dir='ltr'><strong><em>circuitu</em></strong></span> 
     </span>
    </p>
   </div>
   <div class='ocr_carea' id='block_1_68' title="bbox 1966 2401 3545 2467">
    <p class='ocr_par' dir='ltr' id='par_1_68' title="bbox 1966 2401 3545 2467">
     <span class='ocr_line' id='line_1_68' title="bbox 1966 2401 3545 2467; baseline -0.003 -8"><span class='ocrx_word' id='word_1_532' title='bbox 1966 2405 2031 2459; x_wconf 80' lang='lat' dir='ltr'><strong><em>ab</em></strong></span> <span class='ocrx_word' id='word_1_533' title='bbox 2060 2405 2301 2459; x_wconf 89' lang='lat' dir='ltr'><strong><em>omnibus</em></strong></span> <span class='ocrx_word' id='word_1_534' title='bbox 2332 2406 2564 2459; x_wconf 87' lang='lat' dir='ltr'><strong><em>inimicis</em></strong></span> <span class='ocrx_word' id='word_1_535' title='bbox 2598 2404 2743 2465; x_wconf 87' lang='lat' dir='ltr'><strong><em>suis;</em></strong></span> <span class='ocrx_word' id='word_1_536' title='bbox 2785 2403 2921 2467; x_wconf 60' lang='lat' dir='ltr'><strong><em>dixit</em></strong></span> <span class='ocrx_word' id='word_1_537' title='bbox 2955 2419 3047 2457; x_wconf 78' lang='lat' dir='ltr'><strong><em>rea:</em></strong></span> <span class='ocrx_word' id='word_1_538' title='bbox 3073 2404 3142 2457; x_wconf 89' lang='lat' dir='ltr'><strong><em>ad</em></strong></span> <span class='ocrx_word' id='word_1_539' title='bbox 3167 2401 3389 2456; x_wconf 72' lang='lat' dir='ltr'><strong><em>Natlzan</em></strong></span> <span class='ocrx_word' id='word_1_540' title='bbox 3416 2415 3545 2467; x_wconf 86' lang='lat' dir='ltr'><strong><em>pro-</em></strong></span> 
     </span>
    </p>
   </div>
   <div class='ocr_carea' id='block_1_69' title="bbox 1962 2494 3546 2567">
    <p class='ocr_par' dir='ltr' id='par_1_69' title="bbox 1962 2494 3546 2567">
     <span class='ocr_line' id='line_1_69' title="bbox 1962 2494 3546 2567; baseline -0.003 -17"><span class='ocrx_word' id='word_1_541' title='bbox 1962 2496 2173 2566; x_wconf 84' lang='lat' dir='ltr'><strong><em>phetam</em></strong></span> <span class='ocrx_word' id='word_1_542' title='bbox 2204 2513 2222 2550; x_wconf 88' lang='lat'><strong><em>:</em></strong></span> <span class='ocrx_word' id='word_1_543' title='bbox 2251 2495 2386 2551; x_wconf 86' lang='lat' dir='ltr'><strong><em>Ecce</em></strong></span> <span class='ocrx_word' id='word_1_544' title='bbox 2425 2514 2518 2567; x_wconf 86' lang='lat' dir='ltr'><strong><em>ego</em></strong></span> <span class='ocrx_word' id='word_1_545' title='bbox 2561 2496 2741 2551; x_wconf 83' lang='lat' dir='ltr'><strong><em>habito</em></strong></span> <span class='ocrx_word' id='word_1_546' title='bbox 2772 2497 2827 2549; x_wconf 91' lang='lat' dir='ltr'><strong><em>in</em></strong></span> <span class='ocrx_word' id='word_1_547' title='bbox 2854 2495 3010 2550; x_wconf 87' lang='lat' dir='ltr'><strong><em>doma</em></strong></span> <span class='ocrx_word' id='word_1_548' title='bbox 3047 2494 3283 2561; x_wconf 85' lang='lat' dir='ltr'><strong><em>cedrina,</em></strong></span> <span class='ocrx_word' id='word_1_549' title='bbox 3318 2502 3369 2548; x_wconf 89' lang='lat' dir='ltr'><strong><em>et</em></strong></span> <span class='ocrx_word' id='word_1_550' title='bbox 3419 2509 3546 2546; x_wconf 91' lang='lat' dir='ltr'><strong><em>arca</em></strong></span> 
     </span>
    </p>
   </div>
   <div class='ocr_carea' id='block_1_70' title="bbox 1962 2584 3545 2653">
    <p class='ocr_par' dir='ltr' id='par_1_70' title="bbox 1962 2584 3545 2653">
     <span class='ocr_line' id='line_1_70' title="bbox 1962 2584 3545 2653; baseline -0.001 -12"><span class='ocrx_word' id='word_1_551' title='bbox 1962 2587 2063 2642; x_wconf 86' lang='lat' dir='ltr'><strong><em>Dei</em></strong></span> <span class='ocrx_word' id='word_1_552' title='bbox 2094 2587 2237 2643; x_wconf 80' lang='lat' dir='ltr'><strong><em>sedet</em></strong></span> <span class='ocrx_word' id='word_1_553' title='bbox 2263 2589 2319 2642; x_wconf 87' lang='lat' dir='ltr'><strong><em>in</em></strong></span> <span class='ocrx_word' id='word_1_554' title='bbox 2348 2589 2518 2643; x_wconf 86' lang='lat' dir='ltr'><strong><em>medio</em></strong></span> <span class='ocrx_word' id='word_1_555' title='bbox 2549 2587 2912 2650; x_wconf 78' lang='lat' dir='ltr'><strong><em>tabernaculi;</em></strong></span> <span class='ocrx_word' id='word_1_556' title='bbox 2936 2594 3048 2650; x_wconf 87' lang='lat' dir='ltr'><strong><em>aut,</em></strong></span> <span class='ocrx_word' id='word_1_557' title='bbox 3085 2587 3151 2640; x_wconf 80' lang='lat' dir='ltr'><strong><em>in.</em></strong></span> <span class='ocrx_word' id='word_1_558' title='bbox 3177 2585 3347 2639; x_wconf 81' lang='lat' dir='ltr'><strong><em>medio</em></strong></span> <span class='ocrx_word' id='word_1_559' title='bbox 3371 2584 3545 2653; x_wconf 80' lang='lat' dir='ltr'><strong><em>pellis.</em></strong></span> 
     </span>
    </p>
   </div>
   <div class='ocr_carea' id='block_1_71' title="bbox 1964 2676 3545 2750">
    <p class='ocr_par' dir='ltr' id='par_1_71' title="bbox 1964 2676 3545 2750">
     <span class='ocr_line' id='line_1_71' title="bbox 1964 2676 3545 2750; baseline -0.003 -17"><span class='ocrx_word' id='word_1_560' title='bbox 1964 2687 2025 2733; x_wconf 93' lang='lat' dir='ltr'><strong><em>ut</em></strong></span> <span class='ocrx_word' id='word_1_561' title='bbox 2066 2678 2333 2734; x_wconf 79' lang='lat' dir='ltr'><strong><em>Hebraica</em></strong></span> <span class='ocrx_word' id='word_1_562' title='bbox 2370 2680 2533 2734; x_wconf 86' lang='lat' dir='ltr'><strong><em>lectio</em></strong></span> <span class='ocrx_word' id='word_1_563' title='bbox 2575 2678 2868 2750; x_wconf 72' lang='lat' dir='ltr'><strong><em>significat.</em></strong></span> <span class='ocrx_word' id='word_1_564' title='bbox 2922 2676 2988 2731; x_wconf 88' lang='lat' dir='ltr'><strong><em>Et</em></strong></span> <span class='ocrx_word' id='word_1_565' title='bbox 3040 2679 3180 2731; x_wconf 63' lang='lat' dir='ltr'><strong><em>dixit</em></strong></span> <span class='ocrx_word' id='word_1_566' title='bbox 3214 2676 3434 2731; x_wconf 86' lang='lat' dir='ltr'><strong><em>Nathan</em></strong></span> <span class='ocrx_word' id='word_1_567' title='bbox 3478 2680 3545 2729; x_wconf 88' lang='lat' dir='ltr'><strong><em>ad</em></strong></span> 
     </span>
    </p>
   </div>
   <div class='ocr_carea' id='block_1_72' title="bbox 1964 2767 3545 2841">
    <p class='ocr_par' dir='ltr' id='par_1_72' title="bbox 1964 2767 3545 2841">
     <span class='ocr_line' id='line_1_72' title="bbox 1964 2767 3545 2841; baseline -0.002 -19"><span class='ocrx_word' id='word_1_568' title='bbox 1964 2786 2156 2841; x_wconf 84' lang='lat' dir='ltr'><strong><em>regem,</em></strong></span> <span class='ocrx_word' id='word_1_569' title='bbox 2200 2769 2397 2825; x_wconf 82' lang='lat' dir='ltr'><strong><em>Omnia</em></strong></span> <span class='ocrx_word' id='word_1_570' title='bbox 2433 2786 2551 2841; x_wconf 65' lang='lat' dir='ltr'><strong><em>qua</em></strong></span> <span class='ocrx_word' id='word_1_571' title='bbox 2598 2778 2721 2824; x_wconf 89' lang='lat' dir='ltr'><strong><em>sunt</em></strong></span> <span class='ocrx_word' id='word_1_572' title='bbox 2749 2774 2801 2822; x_wconf 90' lang='lat' dir='ltr'><strong><em>in</em></strong></span> <span class='ocrx_word' id='word_1_573' title='bbox 2851 2768 3006 2823; x_wconf 83' lang='lat' dir='ltr'><strong><em>corde</em></strong></span> <span class='ocrx_word' id='word_1_574' title='bbox 3046 2778 3134 2823; x_wconf 90' lang='lat' dir='ltr'><strong><em>tuo</em></strong></span> <span class='ocrx_word' id='word_1_575' title='bbox 3176 2768 3309 2831; x_wconf 72' lang='lat' dir='ltr'><strong><em>uade</em></strong></span> <span class='ocrx_word' id='word_1_576' title='bbox 3350 2777 3399 2822; x_wconf 82' lang='lat' dir='ltr'><strong><em>et</em></strong></span> <span class='ocrx_word' id='word_1_577' title='bbox 3436 2767 3545 2836; x_wconf 85' lang='lat' dir='ltr'><strong><em>fac.</em></strong></span> 
     </span>
    </p>
   </div>
   <div class='ocr_carea' id='block_1_73' title="bbox 1963 2859 3544 2939">
    <p class='ocr_par' dir='ltr' id='par_1_73' title="bbox 1963 2859 3544 2939">
     <span class='ocr_line' id='line_1_73' title="bbox 1963 2859 3544 2939; baseline -0.003 -24"><span class='ocrx_word' id='word_1_578' title='bbox 1963 2862 2087 2931; x_wconf 90' lang='lat' dir='ltr'><strong><em>quia</em></strong></span> <span class='ocrx_word' id='word_1_579' title='bbox 2105 2862 2363 2917; x_wconf 85' lang='lat' dir='ltr'><strong><em>Dominus</em></strong></span> <span class='ocrx_word' id='word_1_580' title='bbox 2404 2871 2571 2917; x_wconf 89' lang='lat' dir='ltr'><strong><em>tecum</em></strong></span> <span class='ocrx_word' id='word_1_581' title='bbox 2599 2873 2698 2917; x_wconf 88' lang='lat' dir='ltr'><strong><em>est.</em></strong></span> <span class='ocrx_word' id='word_1_582' title='bbox 2745 2861 2810 2913; x_wconf 88' lang='lat' dir='ltr'><strong><em>Et</em></strong></span> <span class='ocrx_word' id='word_1_583' title='bbox 2832 2861 3031 2939; x_wconf 84' lang='lat' dir='ltr'><strong><em>factum</em></strong></span> <span class='ocrx_word' id='word_1_584' title='bbox 3061 2871 3138 2915; x_wconf 90' lang='lat' dir='ltr'><strong><em>est</em></strong></span> <span class='ocrx_word' id='word_1_585' title='bbox 3171 2862 3226 2914; x_wconf 90' lang='lat' dir='ltr'><strong><em>in</em></strong></span> <span class='ocrx_word' id='word_1_586' title='bbox 3253 2870 3402 2914; x_wconf 88' lang='lat' dir='ltr'><strong><em>nocte</em></strong></span> <span class='ocrx_word' id='word_1_587' title='bbox 3426 2859 3544 2920; x_wconf 85' lang='lat' dir='ltr'><strong><em>illa.</em></strong></span> 
     </span>
    </p>
   </div>
   <div class='ocr_carea' id='block_1_74' title="bbox 1963 2953 3542 3025">
    <p class='ocr_par' dir='ltr' id='par_1_74' title="bbox 1963 2953 3542 3025">
     <span class='ocr_line' id='line_1_74' title="bbox 1963 2953 3542 3025; baseline -0.003 -15"><span class='ocrx_word' id='word_1_588' title='bbox 1963 2965 2011 3011; x_wconf 87' lang='lat' dir='ltr'><strong><em>et</em></strong></span> <span class='ocrx_word' id='word_1_589' title='bbox 2063 2955 2262 3025; x_wconf 85' lang='lat' dir='ltr'><strong><em>factum</em></strong></span> <span class='ocrx_word' id='word_1_590' title='bbox 2297 2967 2375 3010; x_wconf 82' lang='lat' dir='ltr'><strong><em>est</em></strong></span> <span class='ocrx_word' id='word_1_591' title='bbox 2417 2955 2627 3011; x_wconf 85' lang='lat' dir='ltr'><strong><em>verbum</em></strong></span> <span class='ocrx_word' id='word_1_592' title='bbox 2673 2954 2888 3008; x_wconf 78' lang='lat' dir='ltr'><strong><em>Domini</em></strong></span> <span class='ocrx_word' id='word_1_593' title='bbox 2940 2955 3008 3008; x_wconf 90' lang='lat' dir='ltr'><strong><em>ad</em></strong></span> <span class='ocrx_word' id='word_1_594' title='bbox 3060 2953 3281 3007; x_wconf 85' lang='lat' dir='ltr'><strong><em>Nathan</em></strong></span> <span class='ocrx_word' id='word_1_595' title='bbox 3326 2953 3503 3007; x_wconf 88' lang='lat' dir='ltr'><strong><em>dicens</em></strong></span> <span class='ocrx_word' id='word_1_596' title='bbox 3530 2994 3542 3005; x_wconf 93' lang='lat'><strong><em>.</em></strong></span> 
     </span>
    </p>
   </div>
   <div class='ocr_carea' id='block_1_75' title="bbox 1974 3045 3542 3111">
    <p class='ocr_par' dir='ltr' id='par_1_75' title="bbox 1974 3045 3542 3111">
     <span class='ocr_line' id='line_1_75' title="bbox 1974 3045 3542 3111; baseline -0.001 -9"><span class='ocrx_word' id='word_1_597' title='bbox 1974 3047 2117 3102; x_wconf 76' lang='lat' dir='ltr'><strong><em>Vade</em></strong></span> <span class='ocrx_word' id='word_1_598' title='bbox 2145 3048 2213 3102; x_wconf 90' lang='lat' dir='ltr'><strong><em>ad</em></strong></span> <span class='ocrx_word' id='word_1_599' title='bbox 2246 3065 2448 3103; x_wconf 80' lang='lat' dir='ltr'><strong><em>servum</em></strong></span> <span class='ocrx_word' id='word_1_600' title='bbox 2478 3063 2649 3101; x_wconf 88' lang='lat' dir='ltr'><strong><em>meum</em></strong></span> <span class='ocrx_word' id='word_1_601' title='bbox 2677 3046 2870 3111; x_wconf 82' lang='lat' dir='ltr'><strong><em>David,</em></strong></span> <span class='ocrx_word' id='word_1_602' title='bbox 2900 3055 2950 3101; x_wconf 89' lang='lat' dir='ltr'><strong><em>et</em></strong></span> <span class='ocrx_word' id='word_1_603' title='bbox 2971 3046 3057 3101; x_wconf 89' lang='lat' dir='ltr'><strong><em>dic</em></strong></span> <span class='ocrx_word' id='word_1_604' title='bbox 3084 3061 3104 3099; x_wconf 70' lang='grc' dir='ltr'>ε</span> <span class='ocrx_word' id='word_1_605' title='bbox 3138 3046 3262 3100; x_wconf 72' lang='lat' dir='ltr'><strong><em>(Iac</em></strong></span> <span class='ocrx_word' id='word_1_606' title='bbox 3293 3047 3421 3100; x_wconf 85' lang='lat' dir='ltr'><strong><em>dicit</em></strong></span> <span class='ocrx_word' id='word_1_607' title='bbox 3447 3045 3542 3100; x_wconf 83' lang='lat' dir='ltr'><strong><em>Do-</em></strong></span> 
     </span>
    </p>
   </div>
   <div class='ocr_carea' id='block_1_76' title="bbox 1964 3137 3537 3209">
    <p class='ocr_par' dir='ltr' id='par_1_76' title="bbox 1964 3137 3537 3209">
     <span class='ocr_line' id='line_1_76' title="bbox 1964 3137 3537 3209; baseline -0.002 -15"><span class='ocrx_word' id='word_1_608' title='bbox 1964 3141 2160 3207; x_wconf 86' lang='lat' dir='ltr'><strong><em>minus,</em></strong></span> <span class='ocrx_word' id='word_1_609' title='bbox 2199 3138 2320 3194; x_wconf 89' lang='lat' dir='ltr'><strong><em>Non</em></strong></span> <span class='ocrx_word' id='word_1_610' title='bbox 2351 3150 2407 3193; x_wconf 90' lang='lat' dir='ltr'><strong><em>tu</em></strong></span> <span class='ocrx_word' id='word_1_611' title='bbox 2433 3138 2726 3209; x_wconf 67' lang='lat' dir='ltr'><strong><em>a&#39;diﬁcabis</em></strong></span> <span class='ocrx_word' id='word_1_612' title='bbox 2766 3139 2897 3193; x_wconf 86' lang='lat' dir='ltr'><strong><em>mihi</em></strong></span> <span class='ocrx_word' id='word_1_613' title='bbox 2934 3143 3147 3194; x_wconf 87' lang='lat' dir='ltr'><strong><em>domum</em></strong></span> <span class='ocrx_word' id='word_1_614' title='bbox 3198 3137 3268 3192; x_wconf 91' lang='lat' dir='ltr'><strong><em>ad</em></strong></span> <span class='ocrx_word' id='word_1_615' title='bbox 3296 3137 3537 3191; x_wconf 78' lang='lat' dir='ltr'><strong><em>habitan-</em></strong></span> 
     </span>
    </p>
   </div>
   <div class='ocr_carea' id='block_1_77' title="bbox 1963 3229 3542 3303">
    <p class='ocr_par' dir='ltr' id='par_1_77' title="bbox 1963 3229 3542 3303">
     <span class='ocr_line' id='line_1_77' title="bbox 1963 3229 3542 3303; baseline -0.001 -18"><span class='ocrx_word' id='word_1_616' title='bbox 1963 3232 2089 3288; x_wconf 89' lang='lat' dir='ltr'><strong><em>dum</em></strong></span> <span class='ocrx_word' id='word_1_617' title='bbox 2115 3250 2133 3287; x_wconf 90' lang='lat'><strong><em>:</em></strong></span> <span class='ocrx_word' id='word_1_618' title='bbox 2157 3233 2416 3303; x_wconf 76' lang='lat' dir='ltr'><strong><em>quianon</em></strong></span> <span class='ocrx_word' id='word_1_619' title='bbox 2443 3232 2680 3287; x_wconf 80' lang='lat' dir='ltr'><strong><em>habitavi</em></strong></span> <span class='ocrx_word' id='word_1_620' title='bbox 2706 3234 2759 3286; x_wconf 91' lang='lat' dir='ltr'><strong><em>in</em></strong></span> <span class='ocrx_word' id='word_1_621' title='bbox 2788 3230 2945 3286; x_wconf 88' lang='lat' dir='ltr'><strong><em>domo</em></strong></span> <span class='ocrx_word' id='word_1_622' title='bbox 2966 3249 2998 3285; x_wconf 93' lang='lat' dir='ltr'><strong><em>a</em></strong></span> <span class='ocrx_word' id='word_1_623' title='bbox 3026 3232 3111 3286; x_wconf 92' lang='lat' dir='ltr'><strong><em>die</em></strong></span> <span class='ocrx_word' id='word_1_624' title='bbox 3134 3231 3230 3285; x_wconf 91' lang='lat' dir='ltr'><strong><em>illa</em></strong></span> <span class='ocrx_word' id='word_1_625' title='bbox 3251 3247 3355 3302; x_wconf 84' lang='lat' dir='ltr'><strong><em>qua</em></strong></span> <span class='ocrx_word' id='word_1_626' title='bbox 3386 3229 3542 3285; x_wconf 53' lang='lat' dir='ltr'><strong><em>eduxi</em></strong></span> 
     </span>
    </p>
   </div>
   <div class='ocr_carea' id='block_1_78' title="bbox 1965 3323 3544 3395">
    <p class='ocr_par' dir='ltr' id='par_1_78' title="bbox 1965 3323 3544 3395">
     <span class='ocr_line' id='line_1_78' title="bbox 1965 3323 3544 3395; baseline -0.002 -15"><span class='ocrx_word' id='word_1_627' title='bbox 1965 3327 2104 3395; x_wconf 83' lang='lat' dir='ltr'><strong><em>ﬁlios</em></strong></span> <span class='ocrx_word' id='word_1_628' title='bbox 2158 3325 2332 3381; x_wconf 81' lang='lat' dir='ltr'><strong><em>Israel</em></strong></span> <span class='ocrx_word' id='word_1_629' title='bbox 2381 3341 2446 3380; x_wconf 75' lang='lat' dir='ltr'><strong><em>ex</em></strong></span> <span class='ocrx_word' id='word_1_630' title='bbox 2495 3323 2751 3395; x_wconf 60' lang='lat' dir='ltr'><strong><em>Egypto,</em></strong></span> <span class='ocrx_word' id='word_1_631' title='bbox 2791 3341 2953 3394; x_wconf 76' lang='lat' dir='ltr'><strong><em>usque</em></strong></span> <span class='ocrx_word' id='word_1_632' title='bbox 2998 3326 3053 3379; x_wconf 90' lang='lat' dir='ltr'><strong><em>in</em></strong></span> <span class='ocrx_word' id='word_1_633' title='bbox 3100 3324 3239 3379; x_wconf 89' lang='lat' dir='ltr'><strong><em>diem</em></strong></span> <span class='ocrx_word' id='word_1_634' title='bbox 3290 3324 3466 3378; x_wconf 83' lang='lat' dir='ltr'><strong><em>hanc:</em></strong></span> <span class='ocrx_word' id='word_1_635' title='bbox 3498 3335 3544 3377; x_wconf 89' lang='lat' dir='ltr'><strong><em>et</em></strong></span> 
     </span>
    </p>
   </div>
   <div class='ocr_carea' id='block_1_79' title="bbox 1964 3400 3546 3481">
    <p class='ocr_par' dir='ltr' id='par_1_79' title="bbox 1964 3400 3546 3481">
     <span class='ocr_line' id='line_1_79' title="bbox 1964 3400 3546 3481; baseline -0.001 -11"><span class='ocrx_word' id='word_1_636' title='bbox 1964 3414 2306 3470; x_wconf 77' lang='lat' dir='ltr'><strong><em>ambulabant</em></strong></span> <span class='ocrx_word' id='word_1_637' title='bbox 2335 3416 2389 3469; x_wconf 81' lang='lat' dir='ltr'><strong><em>in</em></strong></span> <span class='ocrx_word' id='word_1_638' title='bbox 2417 3415 2782 3481; x_wconf 83' lang='lat' dir='ltr'><strong><em>diversorioet</em></strong></span> <span class='ocrx_word' id='word_1_639' title='bbox 2805 3415 2859 3469; x_wconf 89' lang='lat' dir='ltr'><strong><em>in</em></strong></span> <span class='ocrx_word' id='word_1_640' title='bbox 2888 3400 3224 3470; x_wconf 85' lang='lat' dir='ltr'><strong><em>tabernaculo</em></strong></span> <span class='ocrx_word' id='word_1_641' title='bbox 3252 3417 3307 3470; x_wconf 89' lang='lat' dir='ltr'><strong><em>in</em></strong></span> <span class='ocrx_word' id='word_1_642' title='bbox 3346 3417 3546 3469; x_wconf 79' lang='lat' dir='ltr'><strong><em>cunctis</em></strong></span> 
     </span>
    </p>
   </div>
   <div class='ocr_carea' id='block_1_80' title="bbox 1967 3498 3545 3578">
    <p class='ocr_par' dir='ltr' id='par_1_80' title="bbox 1967 3498 3545 3578">
     <span class='ocr_line' id='line_1_80' title="bbox 1967 3498 3545 3578; baseline -0.001 -15"><span class='ocrx_word' id='word_1_643' title='bbox 1967 3510 2096 3564; x_wconf 88' lang='lat' dir='ltr'><strong><em>locis</em></strong></span> <span class='ocrx_word' id='word_1_644' title='bbox 2124 3525 2215 3577; x_wconf 85' lang='lat' dir='ltr'><strong><em>per</em></strong></span> <span class='ocrx_word' id='word_1_645' title='bbox 2250 3525 2369 3578; x_wconf 67' lang='lat' dir='ltr'><strong><em>qua</em></strong></span> <span class='ocrx_word' id='word_1_646' title='bbox 2398 3509 2618 3563; x_wconf 82' lang='lat' dir='ltr'><strong><em>transivi</em></strong></span> <span class='ocrx_word' id='word_1_647' title='bbox 2649 3525 2767 3562; x_wconf 89' lang='lat' dir='ltr'><strong><em>cum</em></strong></span> <span class='ocrx_word' id='word_1_648' title='bbox 2812 3498 2971 3562; x_wconf 86' lang='lat' dir='ltr'><strong><em>omni</em></strong></span> <span class='ocrx_word' id='word_1_649' title='bbox 2997 3507 3209 3573; x_wconf 84' lang='lat' dir='ltr'><strong><em>Israel;</em></strong></span> <span class='ocrx_word' id='word_1_650' title='bbox 3260 3508 3306 3561; x_wconf 88' lang='lat' dir='ltr'><strong><em>si</em></strong></span> <span class='ocrx_word' id='word_1_651' title='bbox 3333 3507 3545 3578; x_wconf 89' lang='lat' dir='ltr'><strong><em>loquens</em></strong></span> 
     </span>
    </p>
   </div>
   <div class='ocr_carea' id='block_1_81' title="bbox 1966 3600 3541 3669">
    <p class='ocr_par' dir='ltr' id='par_1_81' title="bbox 1966 3600 3541 3669">
     <span class='ocr_line' id='line_1_81' title="bbox 1966 3600 3541 3669; baseline -0.002 -15"><span class='ocrx_word' id='word_1_652' title='bbox 1966 3602 2169 3655; x_wconf 87' lang='lat' dir='ltr'><strong><em>locutus</em></strong></span> <span class='ocrx_word' id='word_1_653' title='bbox 2195 3617 2309 3654; x_wconf 90' lang='lat' dir='ltr'><strong><em>sum</em></strong></span> <span class='ocrx_word' id='word_1_654' title='bbox 2334 3600 2403 3653; x_wconf 92' lang='lat' dir='ltr'><strong><em>ad</em></strong></span> <span class='ocrx_word' id='word_1_655' title='bbox 2436 3617 2599 3654; x_wconf 90' lang='lat' dir='ltr'><strong><em>unam</em></strong></span> <span class='ocrx_word' id='word_1_656' title='bbox 2626 3601 2819 3656; x_wconf 89' lang='lat' dir='ltr'><strong><em>tribum</em></strong></span> <span class='ocrx_word' id='word_1_657' title='bbox 2863 3601 3055 3664; x_wconf 86' lang='lat' dir='ltr'><strong><em>Israel,</em></strong></span> <span class='ocrx_word' id='word_1_658' title='bbox 3092 3601 3179 3653; x_wconf 87' lang='lat' dir='ltr'><strong><em>cui</em></strong></span> <span class='ocrx_word' id='word_1_659' title='bbox 3203 3600 3423 3669; x_wconf 82' lang='lat' dir='ltr'><strong><em>pra&#39;cepi</em></strong></span> <span class='ocrx_word' id='word_1_660' title='bbox 3450 3604 3541 3667; x_wconf 91' lang='lat' dir='ltr'><strong><em>pa-</em></strong></span> 
     </span>
    </p>
   </div>
   <div class='ocr_carea' id='block_1_82' title="bbox 1965 3690 3539 3763">
    <p class='ocr_par' dir='ltr' id='par_1_82' title="bbox 1965 3690 3539 3763">
     <span class='ocr_line' id='line_1_82' title="bbox 1965 3690 3539 3763; baseline -0.004 -15"><span class='ocrx_word' id='word_1_661' title='bbox 1965 3711 2106 3749; x_wconf 89' lang='lat' dir='ltr'><strong><em>scere</em></strong></span> <span class='ocrx_word' id='word_1_662' title='bbox 2121 3693 2373 3763; x_wconf 79' lang='lat' dir='ltr'><strong><em>populum</em></strong></span> <span class='ocrx_word' id='word_1_663' title='bbox 2401 3709 2570 3746; x_wconf 88' lang='lat' dir='ltr'><strong><em>meum</em></strong></span> <span class='ocrx_word' id='word_1_664' title='bbox 2605 3692 2780 3748; x_wconf 87' lang='lat' dir='ltr'><strong><em>Israel</em></strong></span> <span class='ocrx_word' id='word_1_665' title='bbox 2800 3693 2977 3747; x_wconf 88' lang='lat' dir='ltr'><strong><em>dicens</em></strong></span> <span class='ocrx_word' id='word_1_666' title='bbox 2999 3708 3018 3746; x_wconf 79' lang='lat'><strong><em>.&#39;</em></strong></span> <span class='ocrx_word' id='word_1_667' title='bbox 3050 3691 3227 3756; x_wconf 83' lang='lat' dir='ltr'><strong><em>Quare</em></strong></span> <span class='ocrx_word' id='word_1_668' title='bbox 3249 3707 3352 3744; x_wconf 86' lang='lat' dir='ltr'><strong><em>non</em></strong></span> <span class='ocrx_word' id='word_1_669' title='bbox 3375 3690 3539 3759; x_wconf 66' lang='lat' dir='ltr'><strong><em>aediﬁ-</em></strong></span> 
     </span>
    </p>
   </div>
   <div class='ocr_carea' id='block_1_83' title="bbox 1964 3780 3545 3844">
    <p class='ocr_par' dir='ltr' id='par_1_83' title="bbox 1964 3780 3545 3844">
     <span class='ocr_line' id='line_1_83' title="bbox 1964 3780 3545 3844; baseline -0.001 -9"><span class='ocrx_word' id='word_1_670' title='bbox 1964 3784 2128 3837; x_wconf 85' lang='lat' dir='ltr'><strong><em>castis</em></strong></span> <span class='ocrx_word' id='word_1_671' title='bbox 2179 3782 2308 3835; x_wconf 87' lang='lat' dir='ltr'><strong><em>mihi</em></strong></span> <span class='ocrx_word' id='word_1_672' title='bbox 2354 3781 2569 3835; x_wconf 90' lang='lat' dir='ltr'><strong><em>domum</em></strong></span> <span class='ocrx_word' id='word_1_673' title='bbox 2613 3781 3049 3844; x_wconf 57' lang='lat' dir='ltr'><strong><em>cedrinam?,Et</em></strong></span> <span class='ocrx_word' id='word_1_674' title='bbox 3099 3798 3236 3835; x_wconf 87' lang='lat' dir='ltr'><strong><em>nunc</em></strong></span> <span class='ocrx_word' id='word_1_675' title='bbox 3257 3782 3368 3835; x_wconf 76' lang='lat' dir='ltr'><strong><em>[uec</em></strong></span> <span class='ocrx_word' id='word_1_676' title='bbox 3404 3780 3545 3834; x_wconf 84' lang='lat' dir='ltr'><strong><em>dices</em></strong></span> 
     </span>
    </p>
   </div>
   <div class='ocr_carea' id='block_1_84' title="bbox 1966 3873 3543 3951">
    <p class='ocr_par' dir='ltr' id='par_1_84' title="bbox 1966 3873 3543 3951">
     <span class='ocr_line' id='line_1_84' title="bbox 1966 3873 3543 3951; baseline -0.001 -23"><span class='ocrx_word' id='word_1_677' title='bbox 1966 3891 2113 3928; x_wconf 81' lang='lat' dir='ltr'><strong><em>servo</em></strong></span> <span class='ocrx_word' id='word_1_678' title='bbox 2160 3890 2272 3928; x_wconf 89' lang='lat' dir='ltr'><strong><em>meo</em></strong></span> <span class='ocrx_word' id='word_1_679' title='bbox 2305 3873 2475 3928; x_wconf 87' lang='lat' dir='ltr'><strong><em>David</em></strong></span> <span class='ocrx_word' id='word_1_680' title='bbox 2508 3889 2526 3926; x_wconf 92' lang='lat'><strong><em>:</em></strong></span> <span class='ocrx_word' id='word_1_681' title='bbox 2558 3873 2687 3928; x_wconf 62' lang='lat' dir='ltr'><strong><em>Ilaec</em></strong></span> <span class='ocrx_word' id='word_1_682' title='bbox 2734 3874 3155 3951; x_wconf 24' lang='lat' dir='ltr'><strong><em>dicit&#39;Dominus</em></strong></span> <span class='ocrx_word' id='word_1_683' title='bbox 3193 3873 3543 3943; x_wconf 87' lang='lat' dir='ltr'><strong><em>omnipotens,</em></strong></span> 
     </span>
    </p>
   </div>
   <div class='ocr_carea' id='block_1_85' title="bbox 1968 3965 3543 4038">
    <p class='ocr_par' dir='ltr' id='par_1_85' title="bbox 1968 3965 3543 4038">
     <span class='ocr_line' id='line_1_85' title="bbox 1968 3965 3543 4038; baseline 0 -17"><span class='ocrx_word' id='word_1_684' title='bbox 1968 3966 2080 4038; x_wconf 84' lang='lat' dir='ltr'><strong><em>Ego</em></strong></span> <span class='ocrx_word' id='word_1_685' title='bbox 2106 3968 2205 4020; x_wconf 87' lang='lat' dir='ltr'><strong><em>tuli</em></strong></span> <span class='ocrx_word' id='word_1_686' title='bbox 2243 3976 2291 4021; x_wconf 89' lang='lat' dir='ltr'><strong><em>te</em></strong></span> <span class='ocrx_word' id='word_1_687' title='bbox 2320 3982 2385 4021; x_wconf 76' lang='lat' dir='ltr'><strong><em>ea:</em></strong></span> <span class='ocrx_word' id='word_1_688' title='bbox 2423 3967 2549 4021; x_wconf 85' lang='lat' dir='ltr'><strong><em>ovili</em></strong></span> <span class='ocrx_word' id='word_1_689' title='bbox 2576 3977 2873 4038; x_wconf 85' lang='lat' dir='ltr'><strong><em>sequentem</em></strong></span> <span class='ocrx_word' id='word_1_690' title='bbox 2898 3984 3036 4032; x_wconf 88' lang='lat' dir='ltr'><strong><em>oves,</em></strong></span> <span class='ocrx_word' id='word_1_691' title='bbox 3094 3975 3153 4021; x_wconf 87' lang='lat' dir='ltr'><strong><em>ut</em></strong></span> <span class='ocrx_word' id='word_1_692' title='bbox 3191 3984 3329 4021; x_wconf 85' lang='lat' dir='ltr'><strong><em>esses</em></strong></span> <span class='ocrx_word' id='word_1_693' title='bbox 3362 3968 3416 4021; x_wconf 89' lang='lat' dir='ltr'><strong><em>in</em></strong></span> <span class='ocrx_word' id='word_1_694' title='bbox 3445 3965 3543 4021; x_wconf 83' lang='lat' dir='ltr'><strong><em>du-</em></strong></span> 
     </span>
    </p>
   </div>
   <div class='ocr_carea' id='block_1_86' title="bbox 1966 4057 3544 4134">
    <p class='ocr_par' dir='ltr' id='par_1_86' title="bbox 1966 4057 3544 4134">
     <span class='ocr_line' id='line_1_86' title="bbox 1966 4057 3544 4134; baseline 0.001 -22"><span class='ocrx_word' id='word_1_695' title='bbox 1966 4075 2076 4113; x_wconf 88' lang='lat' dir='ltr'><strong><em>cem</em></strong></span> <span class='ocrx_word' id='word_1_696' title='bbox 2112 4057 2308 4123; x_wconf 89' lang='lat' dir='ltr'><strong><em>Israel,</em></strong></span> <span class='ocrx_word' id='word_1_697' title='bbox 2350 4067 2399 4113; x_wconf 87' lang='lat' dir='ltr'><strong><em>et</em></strong></span> <span class='ocrx_word' id='word_1_698' title='bbox 2439 4075 2585 4113; x_wconf 90' lang='lat' dir='ltr'><strong><em>eram</em></strong></span> <span class='ocrx_word' id='word_1_699' title='bbox 2640 4058 2918 4134; x_wconf 76' lang='lat' dir='ltr'><strong><em>tecum&#39;_in</em></strong></span> <span class='ocrx_word' id='word_1_700' title='bbox 2967 4060 3210 4114; x_wconf 89' lang='lat' dir='ltr'><strong><em>omnibus</em></strong></span> <span class='ocrx_word' id='word_1_701' title='bbox 3254 4058 3544 4128; x_wconf 86' lang='lat' dir='ltr'><strong><em>ubicunque</em></strong></span> 
     </span>
    </p>
   </div>
   <div class='ocr_carea' id='block_1_87' title="bbox 1964 4150 3543 4225">
    <p class='ocr_par' dir='ltr' id='par_1_87' title="bbox 1964 4150 3543 4225">
     <span class='ocr_line' id='line_1_87' title="bbox 1964 4150 3543 4225; baseline -0.001 -20"><span class='ocrx_word' id='word_1_702' title='bbox 1964 4152 2323 4206; x_wconf 86' lang='lat' dir='ltr'><strong><em>ambulabas:</em></strong></span> <span class='ocrx_word' id='word_1_703' title='bbox 2365 4162 2414 4206; x_wconf 91' lang='lat' dir='ltr'><strong><em>et</em></strong></span> <span class='ocrx_word' id='word_1_704' title='bbox 2462 4151 2669 4223; x_wconf 86' lang='lat' dir='ltr'><strong><em>perdidi</em></strong></span> <span class='ocrx_word' id='word_1_705' title='bbox 2709 4168 2884 4225; x_wconf 87' lang='lat' dir='ltr'><strong><em>omnes</em></strong></span> <span class='ocrx_word' id='word_1_706' title='bbox 2912 4153 3168 4215; x_wconf 82' lang='lat' dir='ltr'><strong><em>inimicos</em></strong></span> <span class='ocrx_word' id='word_1_707' title='bbox 3211 4161 3377 4205; x_wconf 86' lang='lat' dir='ltr'><strong><em>tuosa</em></strong></span> <span class='ocrx_word' id='word_1_708' title='bbox 3412 4150 3543 4220; x_wconf 72' lang='lat' dir='ltr'><strong><em>facit</em></strong></span> 
     </span>
    </p>
   </div>
   <div class='ocr_carea' id='block_1_88' title="bbox 1968 4240 3538 4317">
    <p class='ocr_par' dir='ltr' id='par_1_88' title="bbox 1968 4240 3538 4317">
     <span class='ocr_line' id='line_1_88' title="bbox 1968 4240 3538 4317; baseline -0.001 -20"><span class='ocrx_word' id='word_1_709' title='bbox 1968 4240 2083 4309; x_wconf 85' lang='lat' dir='ltr'><strong><em>lua,</em></strong></span> <span class='ocrx_word' id='word_1_710' title='bbox 2115 4254 2167 4299; x_wconf 87' lang='lat' dir='ltr'><strong><em>et</em></strong></span> <span class='ocrx_word' id='word_1_711' title='bbox 2199 4244 2299 4314; x_wconf 90' lang='lat' dir='ltr'><strong><em>feci</em></strong></span> <span class='ocrx_word' id='word_1_712' title='bbox 2327 4253 2375 4298; x_wconf 91' lang='lat' dir='ltr'><strong><em>te</em></strong></span> <span class='ocrx_word' id='word_1_713' title='bbox 2407 4246 2739 4300; x_wconf 86' lang='lat' dir='ltr'><strong><em>nominatum</em></strong></span> <span class='ocrx_word' id='word_1_714' title='bbox 2776 4243 3063 4317; x_wconf 77' lang='lat' dir='ltr'><strong><em>secundum</em></strong></span> <span class='ocrx_word' id='word_1_715' title='bbox 3102 4260 3287 4299; x_wconf 87' lang='lat' dir='ltr'><strong><em>nomen</em></strong></span> <span class='ocrx_word' id='word_1_716' title='bbox 3328 4260 3538 4314; x_wconf 79' lang='lat' dir='ltr'><strong><em>magno-</em></strong></span> 
     </span>
    </p>
   </div>
   <div class='ocr_carea' id='block_1_89' title="bbox 1968 4334 3547 4407">
    <p class='ocr_par' dir='ltr' id='par_1_89' title="bbox 1968 4334 3547 4407">
     <span class='ocr_line' id='line_1_89' title="bbox 1968 4334 3547 4407; baseline -0.001 -18"><span class='ocrx_word' id='word_1_717' title='bbox 1968 4353 2082 4389; x_wconf 90' lang='lat' dir='ltr'><strong><em>rum</em></strong></span> <span class='ocrx_word' id='word_1_718' title='bbox 2112 4338 2202 4407; x_wconf 89' lang='lat' dir='ltr'><strong><em>qui</em></strong></span> <span class='ocrx_word' id='word_1_719' title='bbox 2238 4346 2359 4390; x_wconf 89' lang='lat' dir='ltr'><strong><em>sunt</em></strong></span> <span class='ocrx_word' id='word_1_720' title='bbox 2389 4338 2444 4390; x_wconf 89' lang='lat' dir='ltr'><strong><em>in</em></strong></span> <span class='ocrx_word' id='word_1_721' title='bbox 2484 4346 2647 4391; x_wconf 81' lang='lat' dir='ltr'><strong><em>terra.</em></strong></span> <span class='ocrx_word' id='word_1_722' title='bbox 2676 4335 2743 4389; x_wconf 85' lang='lat' dir='ltr'><strong><em>Et</em></strong></span> <span class='ocrx_word' id='word_1_723' title='bbox 2769 4352 2961 4405; x_wconf 91' lang='lat' dir='ltr'><strong><em>ponam</em></strong></span> <span class='ocrx_word' id='word_1_724' title='bbox 2990 4336 3165 4391; x_wconf 83' lang='lat' dir='ltr'><strong><em>lacum</em></strong></span> <span class='ocrx_word' id='word_1_725' title='bbox 3204 4334 3395 4405; x_wconf 72' lang='lat' dir='ltr'><strong><em>populo</em></strong></span> <span class='ocrx_word' id='word_1_726' title='bbox 3435 4351 3547 4393; x_wconf 78' lang='lat' dir='ltr'><strong><em>meo</em></strong></span> 
     </span>
    </p>
   </div>
   <div class='ocr_carea' id='block_1_90' title="bbox 1967 4427 3545 4499">
    <p class='ocr_par' dir='ltr' id='par_1_90' title="bbox 1967 4427 3545 4499">
     <span class='ocr_line' id='line_1_90' title="bbox 1967 4427 3545 4499; baseline -0.001 -18"><span class='ocrx_word' id='word_1_727' title='bbox 1967 4427 2163 4494; x_wconf 87' lang='lat' dir='ltr'><strong><em>Israel,</em></strong></span> <span class='ocrx_word' id='word_1_728' title='bbox 2207 4438 2256 4483; x_wconf 90' lang='lat' dir='ltr'><strong><em>et</em></strong></span> <span class='ocrx_word' id='word_1_729' title='bbox 2289 4428 2540 4499; x_wconf 89' lang='lat' dir='ltr'><strong><em>plantabo</em></strong></span> <span class='ocrx_word' id='word_1_730' title='bbox 2581 4445 2699 4483; x_wconf 88' lang='lat' dir='ltr'><strong><em>eum</em></strong></span> <span class='ocrx_word' id='word_1_731' title='bbox 2748 4438 2797 4482; x_wconf 90' lang='lat' dir='ltr'><strong><em>et</em></strong></span> <span class='ocrx_word' id='word_1_732' title='bbox 2834 4428 3094 4483; x_wconf 84' lang='lat' dir='ltr'><strong><em>habitabit</em></strong></span> <span class='ocrx_word' id='word_1_733' title='bbox 3122 4444 3213 4497; x_wconf 86' lang='lat' dir='ltr'><strong><em>per</em></strong></span> <span class='ocrx_word' id='word_1_734' title='bbox 3255 4443 3330 4491; x_wconf 91' lang='lat' dir='ltr'><strong><em>se,</em></strong></span> <span class='ocrx_word' id='word_1_735' title='bbox 3362 4436 3412 4481; x_wconf 90' lang='lat' dir='ltr'><strong><em>et</em></strong></span> <span class='ocrx_word' id='word_1_736' title='bbox 3444 4444 3545 4481; x_wconf 87' lang='lat' dir='ltr'><strong><em>non</em></strong></span> 
     </span>
    </p>
   </div>
   <div class='ocr_carea' id='block_1_91' title="bbox 1966 4518 3559 4591">
    <p class='ocr_par' dir='ltr' id='par_1_91' title="bbox 1966 4518 3559 4591">
     <span class='ocr_line' id='line_1_91' title="bbox 1966 4518 3559 4591; baseline -0.003 -15"><span class='ocrx_word' id='word_1_737' title='bbox 1966 4521 2229 4576; x_wconf 89' lang='lat' dir='ltr'><strong><em>sollicitus</em></strong></span> <span class='ocrx_word' id='word_1_738' title='bbox 2258 4522 2359 4576; x_wconf 90' lang='lat' dir='ltr'><strong><em>erit</em></strong></span> <span class='ocrx_word' id='word_1_739' title='bbox 2391 4520 2618 4590; x_wconf 87' lang='lat' dir='ltr'><strong><em>amplius</em></strong></span> <span class='ocrx_word' id='word_1_740' title='bbox 2644 4534 2661 4573; x_wconf 91' lang='lat'><strong><em>:</em></strong></span> <span class='ocrx_word' id='word_1_741' title='bbox 2687 4528 2735 4574; x_wconf 87' lang='lat' dir='ltr'><strong><em>et</em></strong></span> <span class='ocrx_word' id='word_1_742' title='bbox 2765 4537 2868 4573; x_wconf 85' lang='lat' dir='ltr'><strong><em>non</em></strong></span> <span class='ocrx_word' id='word_1_743' title='bbox 2900 4519 3056 4591; x_wconf 84' lang='lat' dir='ltr'><strong><em>addet</em></strong></span> <span class='ocrx_word' id='word_1_744' title='bbox 3088 4518 3559 4589; x_wconf 65' lang='lat' dir='ltr'><strong><em>[iliusiniquitatis</em></strong></span> 
     </span>
    </p>
   </div>
   <div class='ocr_carea' id='block_1_92' title="bbox 286 4604 1863 4686">
    <p class='ocr_par' dir='ltr' id='par_1_92' title="bbox 286 4604 1853 4680">
     <span class='ocr_line' id='line_1_92' title="bbox 286 4604 1853 4680; baseline 0.008 -23"><span class='ocrx_word' id='word_1_745' title='bbox 286 4604 560 4673; x_wconf 81' lang='grc' dir='ltr'><em>Ἰσραὴλ,</em></span> <span class='ocrx_word' id='word_1_746' title='bbox 593 4605 692 4658; x_wconf 82' lang='grc' dir='ltr'><strong><em>καὶ</em></strong></span> <span class='ocrx_word' id='word_1_747' title='bbox 721 4604 883 4675; x_wconf 78' lang='grc' dir='ltr'><em>ἤμην</em></span> <span class='ocrx_word' id='word_1_748' title='bbox 908 4606 1060 4676; x_wconf 80' lang='grc' dir='ltr'><em>μετὰ</em></span> <span class='ocrx_word' id='word_1_749' title='bbox 1086 4608 1202 4663; x_wconf 89' lang='grc' dir='ltr'><strong><em>σοῦ</em></strong></span> <span class='ocrx_word' id='word_1_750' title='bbox 1239 4610 1309 4663; x_wconf 87' lang='grc' dir='ltr'><em>ἐν</em></span> <span class='ocrx_word' id='word_1_751' title='bbox 1350 4610 1541 4667; x_wconf 77' lang='grc' dir='ltr'><em>πᾶσιν</em></span> <span class='ocrx_word' id='word_1_752' title='bbox 1586 4611 1676 4680; x_wconf 82' lang='grc' dir='ltr'><strong><em>οἷς</em></strong></span> <span class='ocrx_word' id='word_1_753' title='bbox 1720 4616 1853 4669; x_wconf 83' lang='grc' dir='ltr'><em>ἐπο-</em></span> 
     </span>
    </p>
   </div>
   <div class='ocr_carea' id='block_1_93' title="bbox 1965 4604 3546 4686">
    <p class='ocr_par' dir='ltr' id='par_1_93' title="bbox 1965 4608 3546 4679">
     <span class='ocr_line' id='line_1_93' title="bbox 1965 4608 3546 4679; baseline 0.001 -16"><span class='ocrx_word' id='word_1_754' title='bbox 1965 4611 2244 4665; x_wconf 75' lang='lat' dir='ltr'><strong><em>liumiliare</em></strong></span> <span class='ocrx_word' id='word_1_755' title='bbox 2278 4612 2447 4679; x_wconf 88' lang='lat' dir='ltr'><strong><em>ipsum</em></strong></span> <span class='ocrx_word' id='word_1_756' title='bbox 2496 4611 2632 4665; x_wconf 85' lang='lat' dir='ltr'><strong><em>sicut</em></strong></span> <span class='ocrx_word' id='word_1_757' title='bbox 2675 4626 2707 4662; x_wconf 92' lang='lat' dir='ltr'><strong><em>a</em></strong></span> <span class='ocrx_word' id='word_1_758' title='bbox 2747 4609 3027 4676; x_wconf 83' lang='lat' dir='ltr'><strong><em>principio,</em></strong></span> <span class='ocrx_word' id='word_1_759' title='bbox 3074 4626 3105 4661; x_wconf 89' lang='lat' dir='ltr'><strong><em>a</em></strong></span> <span class='ocrx_word' id='word_1_760' title='bbox 3143 4608 3327 4663; x_wconf 79' lang='lat' dir='ltr'><strong><em>diebus</em></strong></span> <span class='ocrx_word' id='word_1_761' title='bbox 3360 4610 3546 4679; x_wconf 85' lang='lat' dir='ltr'><strong><em>quibus</em></strong></span> 
     </span>
    </p>
   </div>
   <div class='ocr_carea' id='block_1_94' title="bbox 266 4696 1867 4776">
    <p class='ocr_par' dir='ltr' id='par_1_94' title="bbox 266 4696 1867 4776">
     <span class='ocr_line' id='line_1_94' title="bbox 266 4696 1867 4776; baseline 0.009 -28"><span class='ocrx_word' id='word_1_762' title='bbox 266 4696 455 4763; x_wconf 89' lang='grc' dir='ltr'><em>ρεύου</em></span> <span class='ocrx_word' id='word_1_763' title='bbox 480 4711 495 4725; x_wconf 74' lang='grc'>⁸</span> <span class='ocrx_word' id='word_1_764' title='bbox 548 4697 646 4750; x_wconf 75' lang='grc' dir='ltr'><em>καὶ</em></span> <span class='ocrx_word' id='word_1_765' title='bbox 682 4697 1101 4766; x_wconf 81' lang='grc' dir='ltr'><em>ἐξωλόθρευσα</em></span> <span class='ocrx_word' id='word_1_766' title='bbox 1145 4699 1377 4768; x_wconf 83' lang='grc' dir='ltr'><em>πάντας</em></span> <span class='ocrx_word' id='word_1_767' title='bbox 1423 4704 1565 4770; x_wconf 76' lang='grc' dir='ltr'><em>τοὺς</em></span> <span class='ocrx_word' id='word_1_768' title='bbox 1613 4706 1867 4776; x_wconf 83' lang='grc' dir='ltr'><em>ἐχθρούς</em></span> 
     </span>
    </p>
   </div>
   <div class='ocr_carea' id='block_1_95' title="bbox 273 4787 1864 4869">
    <p class='ocr_par' dir='ltr' id='par_1_95' title="bbox 273 4787 1864 4869">
     <span class='ocr_line' id='line_1_95' title="bbox 273 4787 1864 4869; baseline 0.008 -28"><span class='ocrx_word' id='word_1_769' title='bbox 273 4804 393 4842; x_wconf 90' lang='grc' dir='ltr'><em>σου</em></span> <span class='ocrx_word' id='word_1_770' title='bbox 427 4787 545 4842; x_wconf 85' lang='grc' dir='ltr'><em>άπὸ</em></span> <span class='ocrx_word' id='word_1_771' title='bbox 576 4789 899 4856; x_wconf 83' lang='grc' dir='ltr'><em>προσώπου</em></span> <span class='ocrx_word' id='word_1_772' title='bbox 925 4806 1041 4844; x_wconf 84' lang='grc' dir='ltr'><em>σου</em></span> <span class='ocrx_word' id='word_1_773' title='bbox 1060 4809 1075 4821; x_wconf 88' lang='grc'>·</span> <span class='ocrx_word' id='word_1_774' title='bbox 1120 4793 1220 4845; x_wconf 82' lang='grc' dir='ltr'><em>καὶ</em></span> <span class='ocrx_word' id='word_1_775' title='bbox 1252 4794 1511 4864; x_wconf 87' lang='grc' dir='ltr'><em>ἐποίησά</em></span> <span class='ocrx_word' id='word_1_776' title='bbox 1541 4812 1615 4851; x_wconf 92' lang='grc' dir='ltr'><strong><em>σε</em></strong></span> <span class='ocrx_word' id='word_1_777' title='bbox 1647 4800 1864 4869; x_wconf 81' lang='grc' dir='ltr'><em>ὀνομα-</em></span> 
     </span>
    </p>
   </div>
   <div class='ocr_carea' id='block_1_96' title="bbox 273 4880 1865 4961">
    <p class='ocr_par' dir='ltr' id='par_1_96' title="bbox 273 4880 1865 4961">
     <span class='ocr_line' id='line_1_96' title="bbox 273 4880 1865 4961; baseline 0.008 -28"><span class='ocrx_word' id='word_1_778' title='bbox 273 4880 431 4934; x_wconf 83' lang='grc' dir='ltr'><em>στὸν</em></span> <span class='ocrx_word' id='word_1_779' title='bbox 477 4881 625 4934; x_wconf 82' lang='grc' dir='ltr'><em>κατὰ</em></span> <span class='ocrx_word' id='word_1_780' title='bbox 679 4880 746 4934; x_wconf 90' lang='grc' dir='ltr'><em>τὸ</em></span> <span class='ocrx_word' id='word_1_781' title='bbox 792 4881 979 4950; x_wconf 85' lang='grc' dir='ltr'><em>ὄνομα</em></span> <span class='ocrx_word' id='word_1_782' title='bbox 1013 4882 1132 4937; x_wconf 85' lang='grc' dir='ltr'><em>τῶν</em></span> <span class='ocrx_word' id='word_1_783' title='bbox 1160 4885 1447 4956; x_wconf 77' lang='grc' dir='ltr'><em>μεγάλων</em></span> <span class='ocrx_word' id='word_1_784' title='bbox 1479 4889 1598 4943; x_wconf 87' lang='grc' dir='ltr'><strong><em>τῶν</em></strong></span> <span class='ocrx_word' id='word_1_785' title='bbox 1627 4891 1727 4945; x_wconf 76' lang='grc' dir='ltr'><strong><em>ἐπὶ</em></strong></span> <span class='ocrx_word' id='word_1_786' title='bbox 1756 4890 1865 4961; x_wconf 83' lang='grc' dir='ltr'><strong><em>τῆς</em></strong></span> 
     </span>
    </p>
   </div>
   <div class='ocr_carea' id='block_1_97' title="bbox 274 4972 1861 5053">
    <p class='ocr_par' dir='ltr' id='par_1_97' title="bbox 274 4972 1861 5053">
     <span class='ocr_line' id='line_1_97' title="bbox 274 4972 1861 5053; baseline 0.006 -29"><span class='ocrx_word' id='word_1_787' title='bbox 274 4972 429 5043; x_wconf 77' lang='grc' dir='ltr'><strong><em>γῆς..</em></strong></span> <span class='ocrx_word' id='word_1_788' title='bbox 456 4972 565 5025; x_wconf 81' lang='grc' dir='ltr'><strong><em>Καὶ</em></strong></span> <span class='ocrx_word' id='word_1_789' title='bbox 609 4972 870 5042; x_wconf 80' lang='grc' dir='ltr'><em>θήσομαι</em></span> <span class='ocrx_word' id='word_1_790' title='bbox 906 4974 1096 5027; x_wconf 86' lang='grc' dir='ltr'><em>τόπον</em></span> <span class='ocrx_word' id='word_1_791' title='bbox 1137 4976 1218 5041; x_wconf 87' lang='grc' dir='ltr'><em>τῷ</em></span> <span class='ocrx_word' id='word_1_792' title='bbox 1259 4977 1386 5042; x_wconf 85' lang='grc' dir='ltr'><em>λαῷ</em></span> <span class='ocrx_word' id='word_1_793' title='bbox 1428 4996 1547 5048; x_wconf 90' lang='grc' dir='ltr'><strong><em>μου</em></strong></span> <span class='ocrx_word' id='word_1_794' title='bbox 1593 4982 1861 5053; x_wconf 78' lang='grc' dir='ltr'><em>Ἰσραὴλ,</em></span> 
     </span>
    </p>
   </div>
   <div class='ocr_carea' id='block_1_98' title="bbox 274 5063 1863 5140">
    <p class='ocr_par' dir='ltr' id='par_1_98' title="bbox 274 5063 1863 5140">
     <span class='ocr_line' id='line_1_98' title="bbox 274 5063 1863 5140; baseline 0.01 -24"><span class='ocrx_word' id='word_1_795' title='bbox 274 5063 379 5116; x_wconf 79' lang='grc' dir='ltr'><em>καὶ</em></span> <span class='ocrx_word' id='word_1_796' title='bbox 428 5065 860 5132; x_wconf 70' lang='grc' dir='ltr'><em>καταφυτεύσω</em></span> <span class='ocrx_word' id='word_1_797' title='bbox 891 5064 1078 5119; x_wconf 82' lang='grc' dir='ltr'><em>αὑτὸν</em></span> <span class='ocrx_word' id='word_1_798' title='bbox 1113 5067 1215 5123; x_wconf 78' lang='grc' dir='ltr'><em>καὶ</em></span> <span class='ocrx_word' id='word_1_799' title='bbox 1242 5073 1699 5140; x_wconf 82' lang='grc' dir='ltr'><em>κατασκηνώσει</em></span> <span class='ocrx_word' id='word_1_800' title='bbox 1731 5078 1863 5132; x_wconf 83' lang='grc' dir='ltr'><em>καθ’</em></span> 
     </span>
    </p>
   </div>
   <div class='ocr_carea' id='block_1_99' title="bbox 274 5155 1865 5237">
    <p class='ocr_par' dir='ltr' id='par_1_99' title="bbox 274 5155 1865 5237">
     <span class='ocr_line' id='line_1_99' title="bbox 274 5155 1865 5237; baseline 0.008 -28"><span class='ocrx_word' id='word_1_801' title='bbox 274 5155 525 5209; x_wconf 70' lang='grc' dir='ltr'><em>ἑαυτόνο</em></span> <span class='ocrx_word' id='word_1_802' title='bbox 558 5155 657 5208; x_wconf 79' lang='grc' dir='ltr'><em>καὶ</em></span> <span class='ocrx_word' id='word_1_803' title='bbox 679 5157 751 5211; x_wconf 85' lang='grc' dir='ltr'><strong><em>οὐ</em></strong></span> <span class='ocrx_word' id='word_1_804' title='bbox 774 5156 1127 5225; x_wconf 81' lang='grc' dir='ltr'><em>μεριμνήσει</em></span> <span class='ocrx_word' id='word_1_805' title='bbox 1142 5160 1479 5226; x_wconf 80' lang='grc' dir='ltr'><em>οὐκέτι,καὶ</em></span> <span class='ocrx_word' id='word_1_806' title='bbox 1506 5166 1580 5218; x_wconf 81' lang='grc' dir='ltr'><strong><em>οὐ</em></strong></span> <span class='ocrx_word' id='word_1_807' title='bbox 1606 5167 1865 5237; x_wconf 74' lang='grc' dir='ltr'><em>προσθήο</em></span> 
     </span>
    </p>
   </div>
   <div class='ocr_carea' id='block_1_100' title="bbox 273 5246 1865 5327">
    <p class='ocr_par' dir='ltr' id='par_1_100' title="bbox 273 5246 1865 5327">
     <span class='ocr_line' id='line_1_100' title="bbox 273 5246 1865 5327; baseline 0.007 -26"><span class='ocrx_word' id='word_1_808' title='bbox 273 5263 374 5301; x_wconf 90' lang='grc' dir='ltr'><strong><em>σει</em></strong></span> <span class='ocrx_word' id='word_1_809' title='bbox 418 5246 549 5313; x_wconf 74' lang='grc' dir='ltr'><em>υἱὸς</em></span> <span class='ocrx_word' id='word_1_810' title='bbox 591 5247 826 5313; x_wconf 85' lang='grc' dir='ltr'><em>ἀδικίας</em></span> <span class='ocrx_word' id='word_1_811' title='bbox 869 5247 975 5302; x_wconf 86' lang='grc' dir='ltr'><em>τοῦ</em></span> <span class='ocrx_word' id='word_1_812' title='bbox 1017 5252 1379 5308; x_wconf 80' lang='grc' dir='ltr'><em>ταπεινῶσαι</em></span> <span class='ocrx_word' id='word_1_813' title='bbox 1433 5257 1622 5311; x_wconf 84' lang='grc' dir='ltr'><em>αὐτὸν</em></span> <span class='ocrx_word' id='word_1_814' title='bbox 1668 5259 1865 5327; x_wconf 82' lang='grc' dir='ltr'><em>καθὼς</em></span> 
     </span>
    </p>
   </div>
   <div class='ocr_carea' id='block_1_101' title="bbox 273 5336 1861 5419">
    <p class='ocr_par' dir='ltr' id='par_1_101' title="bbox 273 5336 1861 5419">
     <span class='ocr_line' id='line_1_101' title="bbox 273 5336 1861 5419; baseline 0.009 -27"><span class='ocrx_word' id='word_1_815' title='bbox 273 5338 379 5393; x_wconf 80' lang='grc' dir='ltr'><strong><em>ἀπ’</em></strong></span> <span class='ocrx_word' id='word_1_816' title='bbox 413 5336 605 5407; x_wconf 82' lang='grc' dir='ltr'><em>ἀρχῆς</em></span> <span class='ocrx_word' id='word_1_817' title='bbox 630 5338 749 5393; x_wconf 79' lang='grc' dir='ltr'><strong><em>ἀπὸ</em></strong></span> <span class='ocrx_word' id='word_1_818' title='bbox 786 5338 906 5392; x_wconf 86' lang='grc' dir='ltr'><em>τῶν</em></span> <span class='ocrx_word' id='word_1_819' title='bbox 932 5340 1191 5412; x_wconf 79' lang='grc' dir='ltr'><em>ἡμερῶν,</em></span> <span class='ocrx_word' id='word_1_820' title='bbox 1210 5338 1298 5399; x_wconf 84' lang='grc' dir='ltr'><em>ὧν</em></span> <span class='ocrx_word' id='word_1_821' title='bbox 1323 5347 1509 5413; x_wconf 77' lang='grc' dir='ltr'><em>ἔταξα</em></span> <span class='ocrx_word' id='word_1_822' title='bbox 1539 5351 1743 5419; x_wconf 79' lang='grc' dir='ltr'><em>κριτὰς</em></span> <span class='ocrx_word' id='word_1_823' title='bbox 1762 5353 1861 5408; x_wconf 81' lang='grc' dir='ltr'><strong><em>ἐπὶ</em></strong></span> 
     </span>
    </p>
   </div>
   <div class='ocr_carea' id='block_1_102' title="bbox 274 5428 1864 5499">
    <p class='ocr_par' dir='ltr' id='par_1_102' title="bbox 274 5428 1864 5499">
     <span class='ocr_line' id='line_1_102' title="bbox 274 5428 1864 5499; baseline 0.011 -17"><span class='ocrx_word' id='word_1_824' title='bbox 274 5428 386 5482; x_wconf 87' lang='grc' dir='ltr'><em>τὸν</em></span> <span class='ocrx_word' id='word_1_825' title='bbox 435 5429 591 5483; x_wconf 86' lang='grc' dir='ltr'><em>λαόν</em></span> <span class='ocrx_word' id='word_1_826' title='bbox 628 5447 747 5499; x_wconf 90' lang='grc' dir='ltr'><strong><em>μου</em></strong></span> <span class='ocrx_word' id='word_1_827' title='bbox 786 5430 1061 5499; x_wconf 76' lang='grc' dir='ltr'><em>Ἰσραήλ·</em></span> <span class='ocrx_word' id='word_1_828' title='bbox 1102 5435 1200 5488; x_wconf 80' lang='grc' dir='ltr'><em>καὶ</em></span> <span class='ocrx_word' id='word_1_829' title='bbox 1243 5436 1575 5493; x_wconf 85' lang='grc' dir='ltr'><em>ἀναπαύσω</em></span> <span class='ocrx_word' id='word_1_830' title='bbox 1623 5459 1696 5496; x_wconf 87' lang='grc' dir='ltr'><strong><em>σε</em></strong></span> <span class='ocrx_word' id='word_1_831' title='bbox 1744 5444 1864 5499; x_wconf 80' lang='grc' dir='ltr'><strong><em>ἀπὸ</em></strong></span> 
     </span>
    </p>
   </div>
   <div class='ocr_carea' id='block_1_103' title="bbox 277 5518 1881 5601">
    <p class='ocr_par' dir='ltr' id='par_1_103' title="bbox 277 5518 1881 5601">
     <span class='ocr_line' id='line_1_103' title="bbox 277 5518 1881 5601; baseline 0.011 -29"><span class='ocrx_word' id='word_1_832' title='bbox 277 5518 524 5574; x_wconf 80' lang='grc' dir='ltr'><em>πάντων</em></span> <span class='ocrx_word' id='word_1_833' title='bbox 554 5520 672 5574; x_wconf 86' lang='grc' dir='ltr'><em>τῶν</em></span> <span class='ocrx_word' id='word_1_834' title='bbox 697 5520 926 5591; x_wconf 77' lang='grc' dir='ltr'><em>ἐχθρῶν</em></span> <span class='ocrx_word' id='word_1_835' title='bbox 958 5538 1094 5577; x_wconf 90' lang='grc' dir='ltr'><em>σου.</em></span> <span class='ocrx_word' id='word_1_836' title='bbox 1125 5526 1232 5579; x_wconf 85' lang='lat' dir='ltr'><strong><em>Kal</em></strong></span> <span class='ocrx_word' id='word_1_837' title='bbox 1254 5529 1584 5601; x_wconf 69' lang='grc' dir='ltr'><em>ἀπαγγελεῖ</em></span> <span class='ocrx_word' id='word_1_838' title='bbox 1625 5550 1723 5587; x_wconf 91' lang='grc' dir='ltr'><strong><em>σοι</em></strong></span> <span class='ocrx_word' id='word_1_839' title='bbox 1755 5537 1881 5590; x_wconf 70' lang='lat' dir='ltr'><strong><em>Eii-—</em></strong></span> 
     </span>
    </p>
   </div>
   <div class='ocr_carea' id='block_1_104' title="bbox 269 5609 1866 5690">
    <p class='ocr_par' dir='ltr' id='par_1_104' title="bbox 269 5609 1866 5690">
     <span class='ocr_line' id='line_1_104' title="bbox 269 5609 1866 5690; baseline 0.009 -24"><span class='ocrx_word' id='word_1_840' title='bbox 269 5629 430 5681; x_wconf 85' lang='grc' dir='ltr'><em>ριος,</em></span> <span class='ocrx_word' id='word_1_841' title='bbox 457 5612 545 5665; x_wconf 86' lang='grc' dir='ltr'><em>ὅτι</em></span> <span class='ocrx_word' id='word_1_842' title='bbox 571 5609 738 5666; x_wconf 82' lang='grc' dir='ltr'><em>οἷκον</em></span> <span class='ocrx_word' id='word_1_843' title='bbox 760 5612 1177 5684; x_wconf 80' lang='grc' dir='ltr'><em>οἱκοδομήσεις</em></span> <span class='ocrx_word' id='word_1_844' title='bbox 1202 5619 1381 5686; x_wconf 84' lang='grc' dir='ltr'><em>αὐτῷ.</em></span> <span class='ocrx_word' id='word_1_845' title='bbox 1402 5624 1509 5677; x_wconf 87' lang='lat' dir='ltr'><strong><em>Kal</em></strong></span> <span class='ocrx_word' id='word_1_846' title='bbox 1536 5623 1728 5690; x_wconf 84' lang='grc' dir='ltr'><em>ἔσται,</em></span> <span class='ocrx_word' id='word_1_847' title='bbox 1752 5626 1866 5680; x_wconf 78' lang='grc' dir='ltr'><em>ἐὰν</em></span> 
     </span>
    </p>
   </div>
   <div class='ocr_carea' id='block_1_105' title="bbox 279 5702 1875 5787">
    <p class='ocr_par' dir='ltr' id='par_1_105' title="bbox 279 5702 1875 5787">
     <span class='ocr_line' id='line_1_105' title="bbox 279 5702 1875 5787; baseline 0.009 -31"><span class='ocrx_word' id='word_1_848' title='bbox 279 5702 680 5771; x_wconf 77' lang='grc' dir='ltr'><em>πληρωθῶσιν</em></span> <span class='ocrx_word' id='word_1_849' title='bbox 709 5707 768 5759; x_wconf 85' lang='lat' dir='ltr'><strong><em>al</em></strong></span> <span class='ocrx_word' id='word_1_850' title='bbox 800 5705 1009 5776; x_wconf 76' lang='grc' dir='ltr'><em>ἡμέραι</em></span> <span class='ocrx_word' id='word_1_851' title='bbox 1051 5722 1187 5775; x_wconf 83' lang='grc' dir='ltr'><strong><em>σου,</em></strong></span> <span class='ocrx_word' id='word_1_852' title='bbox 1223 5710 1321 5765; x_wconf 84' lang='grc' dir='ltr'><strong><em>καὶ</em></strong></span> <span class='ocrx_word' id='word_1_853' title='bbox 1353 5716 1692 5786; x_wconf 78' lang='grc' dir='ltr'><em>κοιμηθήσῃ</em></span> <span class='ocrx_word' id='word_1_854' title='bbox 1713 5718 1875 5787; x_wconf 77' lang='grc' dir='ltr'><em>μετὰ</em></span> 
     </span>
    </p>
   </div>
   <div class='ocr_carea' id='block_1_106' title="bbox 361 5885 967 5947">
    <p class='ocr_par' dir='ltr' id='par_1_106' title="bbox 361 5885 967 5947">
     <span class='ocr_line' id='line_1_106' title="bbox 361 5885 967 5947; baseline 0.007 -6"><span class='ocrx_word' id='word_1_855' title='bbox 361 5885 403 5917; x_wconf 68' lang='grc'><strong><em>’³</em></strong></span> <span class='ocrx_word' id='word_1_856' title='bbox 440 5886 583 5943; x_wconf 77' lang='lat' dir='ltr'><strong><em>Psal.‘</em></strong></span> <span class='ocrx_word' id='word_1_857' title='bbox 621 5906 812 5947; x_wconf 73' lang='lat' dir='ltr'><strong><em>cxxxu.</em></strong></span> <span class='ocrx_word' id='word_1_858' title='bbox 852 5892 967 5947; x_wconf 62' lang='grc'><strong>3-5.</strong></span> 
     </span>
    </p>
   </div>
   <div class='ocr_carea' id='block_1_107' title="bbox 1967 4700 3570 4772">
    <p class='ocr_par' dir='ltr' id='par_1_107' title="bbox 1967 4700 3570 4772">
     <span class='ocr_line' id='line_1_107' title="bbox 1967 4700 3570 4772; baseline 0 -16"><span class='ocrx_word' id='word_1_859' title='bbox 1967 4704 2217 4758; x_wconf 86' lang='lat' dir='ltr'><strong><em>constitui</em></strong></span> <span class='ocrx_word' id='word_1_860' title='bbox 2259 4701 2466 4772; x_wconf 83' lang='lat' dir='ltr'><strong><em>judices</em></strong></span> <span class='ocrx_word' id='word_1_861' title='bbox 2526 4717 2683 4770; x_wconf 87' lang='lat' dir='ltr'><strong><em>super</em></strong></span> <span class='ocrx_word' id='word_1_862' title='bbox 2738 4702 2988 4769; x_wconf 84' lang='lat' dir='ltr'><strong><em>populum</em></strong></span> <span class='ocrx_word' id='word_1_863' title='bbox 3036 4718 3207 4754; x_wconf 90' lang='lat' dir='ltr'><strong><em>meum</em></strong></span> <span class='ocrx_word' id='word_1_864' title='bbox 3257 4700 3570 4756; x_wconf 41' lang='lat' dir='ltr'><strong><em>Israel:et&#39;</em></strong></span> 
     </span>
    </p>
   </div>
   <div class='ocr_carea' id='block_1_108' title="bbox 1968 4793 3539 4867">
    <p class='ocr_par' dir='ltr' id='par_1_108' title="bbox 1968 4793 3539 4867">
     <span class='ocr_line' id='line_1_108' title="bbox 1968 4793 3539 4867; baseline -0.001 -18"><span class='ocrx_word' id='word_1_865' title='bbox 1968 4796 2198 4867; x_wconf 87' lang='lat' dir='ltr'><strong><em>requiem</em></strong></span> <span class='ocrx_word' id='word_1_866' title='bbox 2232 4795 2369 4849; x_wconf 90' lang='lat' dir='ltr'><strong><em>dabo</em></strong></span> <span class='ocrx_word' id='word_1_867' title='bbox 2410 4793 2601 4848; x_wconf 65' lang='lat' dir='ltr'><strong><em>tibitab</em></strong></span> <span class='ocrx_word' id='word_1_868' title='bbox 2644 4793 2887 4847; x_wconf 86' lang='lat' dir='ltr'><strong><em>omnibus</em></strong></span> <span class='ocrx_word' id='word_1_869' title='bbox 2924 4794 3152 4847; x_wconf 85' lang='lat' dir='ltr'><strong><em>inimicis</em></strong></span> <span class='ocrx_word' id='word_1_870' title='bbox 3188 4794 3314 4849; x_wconf 88' lang='lat' dir='ltr'><strong><em>tuis.</em></strong></span> <span class='ocrx_word' id='word_1_871' title='bbox 3360 4793 3429 4847; x_wconf 89' lang='lat' dir='ltr'><strong><em>Et</em></strong></span> <span class='ocrx_word' id='word_1_872' title='bbox 3459 4812 3539 4848; x_wconf 90' lang='lat' dir='ltr'><strong><em>an-</em></strong></span> 
     </span>
    </p>
   </div>
   <div class='ocr_carea' id='block_1_109' title="bbox 1965 4884 3547 4956">
    <p class='ocr_par' dir='ltr' id='par_1_109' title="bbox 1965 4884 3547 4956">
     <span class='ocr_line' id='line_1_109' title="bbox 1965 4884 3547 4956; baseline -0.001 -14"><span class='ocrx_word' id='word_1_873' title='bbox 1965 4888 2230 4943; x_wconf 86' lang='lat' dir='ltr'><strong><em>nuntiabit</em></strong></span> <span class='ocrx_word' id='word_1_874' title='bbox 2273 4886 2367 4941; x_wconf 83' lang='lat' dir='ltr'><strong><em>tibi</em></strong></span> <span class='ocrx_word' id='word_1_875' title='bbox 2415 4886 2693 4949; x_wconf 87' lang='lat' dir='ltr'><strong><em>Dominus,</em></strong></span> <span class='ocrx_word' id='word_1_876' title='bbox 2730 4895 2787 4938; x_wconf 88' lang='lat' dir='ltr'><strong><em>ut</em></strong></span> <span class='ocrx_word' id='word_1_877' title='bbox 2811 4884 3026 4939; x_wconf 88' lang='lat' dir='ltr'><strong><em>domum</em></strong></span> <span class='ocrx_word' id='word_1_878' title='bbox 3060 4885 3289 4955; x_wconf 69' lang='lat' dir='ltr'><strong><em>aediﬁces</em></strong></span> <span class='ocrx_word' id='word_1_879' title='bbox 3318 4887 3442 4956; x_wconf 86' lang='lat' dir='ltr'><strong><em>ipsi.</em></strong></span> <span class='ocrx_word' id='word_1_880' title='bbox 3479 4886 3547 4941; x_wconf 88' lang='lat' dir='ltr'><strong><em>Et</em></strong></span> 
     </span>
    </p>
   </div>
   <div class='ocr_carea' id='block_1_110' title="bbox 1965 4975 3551 5047">
    <p class='ocr_par' dir='ltr' id='par_1_110' title="bbox 1965 4975 3551 5047">
     <span class='ocr_line' id='line_1_110' title="bbox 1965 4975 3551 5047; baseline -0.001 -14"><span class='ocrx_word' id='word_1_881' title='bbox 1965 4981 2089 5047; x_wconf 88' lang='lat' dir='ltr'><strong><em>erit,</em></strong></span> <span class='ocrx_word' id='word_1_882' title='bbox 2118 4997 2237 5034; x_wconf 89' lang='lat' dir='ltr'><strong><em>cum</em></strong></span> <span class='ocrx_word' id='word_1_883' title='bbox 2280 4979 2481 5047; x_wconf 86' lang='lat' dir='ltr'><strong><em>impleti</em></strong></span> <span class='ocrx_word' id='word_1_884' title='bbox 2510 4977 2707 5047; x_wconf 80' lang='lat' dir='ltr'><strong><em>fuerint</em></strong></span> <span class='ocrx_word' id='word_1_885' title='bbox 2745 4975 2855 5031; x_wconf 88' lang='lat' dir='ltr'><strong><em>dies</em></strong></span> <span class='ocrx_word' id='word_1_886' title='bbox 2886 4978 2986 5042; x_wconf 89' lang='lat' dir='ltr'><strong><em>tui,</em></strong></span> <span class='ocrx_word' id='word_1_887' title='bbox 3029 4987 3079 5031; x_wconf 91' lang='lat' dir='ltr'><strong><em>et</em></strong></span> <span class='ocrx_word' id='word_1_888' title='bbox 3108 4978 3393 5034; x_wconf 82' lang='lat' dir='ltr'><strong><em>dormieris</em></strong></span> <span class='ocrx_word' id='word_1_889' title='bbox 3430 4994 3551 5033; x_wconf 81' lang='lat' dir='ltr'><strong><em>cum</em></strong></span> 
     </span>
    </p>
   </div>
   <div class='ocr_carea' id='block_1_111' title="bbox 1966 5069 3551 5142">
    <p class='ocr_par' dir='ltr' id='par_1_111' title="bbox 1966 5069 3551 5142">
     <span class='ocr_line' id='line_1_111' title="bbox 1966 5069 3551 5142; baseline -0.003 -15"><span class='ocrx_word' id='word_1_890' title='bbox 1966 5073 2210 5141; x_wconf 77' lang='lat' dir='ltr'><strong><em>patribus</em></strong></span> <span class='ocrx_word' id='word_1_891' title='bbox 2245 5073 2373 5136; x_wconf 87' lang='lat' dir='ltr'><strong><em>tuis,</em></strong></span> <span class='ocrx_word' id='word_1_892' title='bbox 2400 5082 2450 5127; x_wconf 85' lang='lat' dir='ltr'><strong><em>et</em></strong></span> <span class='ocrx_word' id='word_1_893' title='bbox 2472 5069 2738 5126; x_wconf 82' lang='lat' dir='ltr'><strong><em>suscitabo</em></strong></span> <span class='ocrx_word' id='word_1_894' title='bbox 2776 5085 2951 5124; x_wconf 87' lang='lat' dir='ltr'><strong><em>semen</em></strong></span> <span class='ocrx_word' id='word_1_895' title='bbox 2993 5079 3140 5124; x_wconf 88' lang='lat' dir='ltr'><strong><em>tuum</em></strong></span> <span class='ocrx_word' id='word_1_896' title='bbox 3164 5081 3280 5140; x_wconf 91' lang='lat' dir='ltr'><strong><em>post</em></strong></span> <span class='ocrx_word' id='word_1_897' title='bbox 3312 5080 3382 5135; x_wconf 83' lang='lat' dir='ltr'><strong><em>te,</em></strong></span> <span class='ocrx_word' id='word_1_898' title='bbox 3411 5072 3551 5142; x_wconf 85' lang='lat' dir='ltr'><strong><em>quod</em></strong></span> 
     </span>
    </p>
   </div>
   <div class='ocr_carea' id='block_1_112' title="bbox 1966 5161 3555 5233">
    <p class='ocr_par' dir='ltr' id='par_1_112' title="bbox 1966 5161 3555 5233">
     <span class='ocr_line' id='line_1_112' title="bbox 1966 5161 3555 5233; baseline -0.003 -13"><span class='ocrx_word' id='word_1_899' title='bbox 1966 5167 2067 5220; x_wconf 83' lang='lat' dir='ltr'><strong><em>erit</em></strong></span> <span class='ocrx_word' id='word_1_900' title='bbox 2098 5165 2369 5218; x_wconf 81' lang='lat' dir='ltr'><strong><em>inuentre</em></strong></span> <span class='ocrx_word' id='word_1_901' title='bbox 2401 5173 2510 5227; x_wconf 88' lang='lat' dir='ltr'><strong><em>tuo,</em></strong></span> <span class='ocrx_word' id='word_1_902' title='bbox 2535 5173 2585 5218; x_wconf 89' lang='lat' dir='ltr'><strong><em>et</em></strong></span> <span class='ocrx_word' id='word_1_903' title='bbox 2620 5161 2931 5232; x_wconf 74' lang='lat' dir='ltr'><strong><em>prleparabo</em></strong></span> <span class='ocrx_word' id='word_1_904' title='bbox 2964 5179 3189 5233; x_wconf 77' lang='lat' dir='ltr'><strong><em>regnum</em></strong></span> <span class='ocrx_word' id='word_1_905' title='bbox 3221 5170 3392 5217; x_wconf 86' lang='lat' dir='ltr'><strong><em>tuum.</em></strong></span> <span class='ocrx_word' id='word_1_906' title='bbox 3430 5161 3555 5230; x_wconf 87' lang='lat' dir='ltr'><strong><em>Ipse</em></strong></span> 
     </span>
    </p>
   </div>
   <div class='ocr_carea' id='block_1_113' title="bbox 1969 5254 3552 5326">
    <p class='ocr_par' dir='ltr' id='par_1_113' title="bbox 1969 5254 3552 5326">
     <span class='ocr_line' id='line_1_113' title="bbox 1969 5254 3552 5326; baseline -0.003 -16"><span class='ocrx_word' id='word_1_907' title='bbox 1969 5256 2255 5326; x_wconf 66' lang='lat' dir='ltr'><strong><em>ludificabit</em></strong></span> <span class='ocrx_word' id='word_1_908' title='bbox 2284 5255 2414 5309; x_wconf 84' lang='lat' dir='ltr'><strong><em>mihi</em></strong></span> <span class='ocrx_word' id='word_1_909' title='bbox 2437 5254 2672 5319; x_wconf 91' lang='lat' dir='ltr'><strong><em>domum,</em></strong></span> <span class='ocrx_word' id='word_1_910' title='bbox 2697 5262 2748 5308; x_wconf 87' lang='lat' dir='ltr'><strong><em>et</em></strong></span> <span class='ocrx_word' id='word_1_911' title='bbox 2771 5254 2971 5324; x_wconf 84' lang='lat' dir='ltr'><strong><em>erigam</em></strong></span> <span class='ocrx_word' id='word_1_912' title='bbox 2994 5269 3210 5324; x_wconf 87' lang='lat' dir='ltr'><strong><em>regnum</em></strong></span> <span class='ocrx_word' id='word_1_913' title='bbox 3241 5254 3355 5322; x_wconf 83' lang='lat' dir='ltr'><strong><em>ejus</em></strong></span> <span class='ocrx_word' id='word_1_914' title='bbox 3390 5269 3552 5322; x_wconf 86' lang='lat' dir='ltr'><strong><em>usque</em></strong></span> 
     </span>
    </p>
   </div>
   <div class='ocr_carea' id='block_1_114' title="bbox 1971 5345 3549 5417">
    <p class='ocr_par' dir='ltr' id='par_1_114' title="bbox 1971 5345 3549 5417">
     <span class='ocr_line' id='line_1_114' title="bbox 1971 5345 3549 5417; baseline -0.005 -14"><span class='ocrx_word' id='word_1_915' title='bbox 1971 5350 2027 5403; x_wconf 91' lang='lat' dir='ltr'><strong><em>in</em></strong></span> <span class='ocrx_word' id='word_1_916' title='bbox 2075 5347 2352 5402; x_wconf 78' lang='lat' dir='ltr'><strong><em>swculum.</em></strong></span> <span class='ocrx_word' id='word_1_917' title='bbox 2400 5345 2512 5417; x_wconf 87' lang='lat' dir='ltr'><strong><em>Ego</em></strong></span> <span class='ocrx_word' id='word_1_918' title='bbox 2564 5362 2654 5400; x_wconf 90' lang='lat' dir='ltr'><strong><em>ero</em></strong></span> <span class='ocrx_word' id='word_1_919' title='bbox 2703 5345 2786 5399; x_wconf 88' lang='lat' dir='ltr'><strong><em>illi</em></strong></span> <span class='ocrx_word' id='word_1_920' title='bbox 2837 5345 2892 5398; x_wconf 89' lang='lat' dir='ltr'><strong><em>in</em></strong></span> <span class='ocrx_word' id='word_1_921' title='bbox 2930 5354 3155 5413; x_wconf 77' lang='lat' dir='ltr'><strong><em>patrem,</em></strong></span> <span class='ocrx_word' id='word_1_922' title='bbox 3209 5357 3258 5398; x_wconf 84' lang='lat' dir='ltr'><strong><em>et</em></strong></span> <span class='ocrx_word' id='word_1_923' title='bbox 3298 5346 3407 5413; x_wconf 87' lang='lat' dir='ltr'><strong><em>ipse</em></strong></span> <span class='ocrx_word' id='word_1_924' title='bbox 3448 5346 3549 5398; x_wconf 90' lang='lat' dir='ltr'><strong><em>erit</em></strong></span> 
     </span>
    </p>
   </div>
   <div class='ocr_carea' id='block_1_115' title="bbox 1971 5438 3553 5510">
    <p class='ocr_par' dir='ltr' id='par_1_115' title="bbox 1971 5438 3553 5510">
     <span class='ocr_line' id='line_1_115' title="bbox 1971 5438 3553 5510; baseline -0.003 -15"><span class='ocrx_word' id='word_1_925' title='bbox 1971 5441 2102 5495; x_wconf 82' lang='lat' dir='ltr'><strong><em>mihi</em></strong></span> <span class='ocrx_word' id='word_1_926' title='bbox 2136 5441 2191 5494; x_wconf 86' lang='lat' dir='ltr'><strong><em>in</em></strong></span> <span class='ocrx_word' id='word_1_927' title='bbox 2230 5440 2425 5510; x_wconf 81' lang='lat' dir='ltr'><strong><em>ﬁlium.</em></strong></span> <span class='ocrx_word' id='word_1_928' title='bbox 2473 5438 2543 5493; x_wconf 84' lang='lat' dir='ltr'><strong><em>Et</em></strong></span> <span class='ocrx_word' id='word_1_929' title='bbox 2580 5440 2627 5495; x_wconf 90' lang='lat' dir='ltr'><strong><em>si</em></strong></span> <span class='ocrx_word' id='word_1_930' title='bbox 2669 5438 2867 5499; x_wconf 83' lang='lat' dir='ltr'><strong><em>venerit</em></strong></span> <span class='ocrx_word' id='word_1_931' title='bbox 2905 5438 3159 5507; x_wconf 86' lang='lat' dir='ltr'><strong><em>iniquitas</em></strong></span> <span class='ocrx_word' id='word_1_932' title='bbox 3190 5438 3330 5507; x_wconf 89' lang='lat' dir='ltr'><strong><em>ejus,</em></strong></span> <span class='ocrx_word' id='word_1_933' title='bbox 3360 5446 3411 5492; x_wconf 84' lang='lat' dir='ltr'><strong><em>et</em></strong></span> <span class='ocrx_word' id='word_1_934' title='bbox 3461 5455 3553 5491; x_wconf 86' lang='lat' dir='ltr'><strong><em>ar-</em></strong></span> 
     </span>
    </p>
   </div>
   <div class='ocr_carea' id='block_1_116' title="bbox 1969 5530 3550 5604">
    <p class='ocr_par' dir='ltr' id='par_1_116' title="bbox 1969 5530 3550 5604">
     <span class='ocr_line' id='line_1_116' title="bbox 1969 5530 3550 5604; baseline -0.002 -18"><span class='ocrx_word' id='word_1_935' title='bbox 1969 5549 2129 5604; x_wconf 89' lang='lat' dir='ltr'><strong><em>guam</em></strong></span> <span class='ocrx_word' id='word_1_936' title='bbox 2166 5548 2284 5586; x_wconf 89' lang='lat' dir='ltr'><strong><em>eum</em></strong></span> <span class='ocrx_word' id='word_1_937' title='bbox 2315 5533 2370 5585; x_wconf 87' lang='lat' dir='ltr'><strong><em>in</em></strong></span> <span class='ocrx_word' id='word_1_938' title='bbox 2411 5532 2560 5602; x_wconf 81' lang='lat' dir='ltr'><strong><em>virga</em></strong></span> <span class='ocrx_word' id='word_1_939' title='bbox 2605 5532 2861 5599; x_wconf 81' lang='lat' dir='ltr'><strong><em>virorum,</em></strong></span> <span class='ocrx_word' id='word_1_940' title='bbox 2911 5539 2963 5585; x_wconf 89' lang='lat' dir='ltr'><strong><em>et</em></strong></span> <span class='ocrx_word' id='word_1_941' title='bbox 3014 5532 3067 5584; x_wconf 89' lang='lat' dir='ltr'><strong><em>in</em></strong></span> <span class='ocrx_word' id='word_1_942' title='bbox 3098 5530 3268 5601; x_wconf 86' lang='lat' dir='ltr'><strong><em>plagis</em></strong></span> <span class='ocrx_word' id='word_1_943' title='bbox 3312 5530 3550 5601; x_wconf 80' lang='lat' dir='ltr'><strong><em>ﬁliorum</em></strong></span> 
     </span>
    </p>
   </div>
   <div class='ocr_carea' id='block_1_117' title="bbox 1969 5621 3549 5690">
    <p class='ocr_par' dir='ltr' id='par_1_117' title="bbox 1969 5621 3549 5690">
     <span class='ocr_line' id='line_1_117' title="bbox 1969 5621 3549 5690; baseline -0.003 -12"><span class='ocrx_word' id='word_1_944' title='bbox 1969 5625 2262 5680; x_wconf 85' lang='lat' dir='ltr'><strong><em>hominum.</em></strong></span> <span class='ocrx_word' id='word_1_945' title='bbox 2309 5622 2364 5677; x_wconf 83' lang='grc' dir='ltr'><em>Μ</em></span> <span class='ocrx_word' id='word_1_946' title='bbox 2371 5623 2734 5677; x_wconf 86' lang='lat' dir='ltr'><strong><em>isericordiam</em></strong></span> <span class='ocrx_word' id='word_1_947' title='bbox 2766 5631 2943 5677; x_wconf 89' lang='lat' dir='ltr'><strong><em>autem</em></strong></span> <span class='ocrx_word' id='word_1_948' title='bbox 2977 5637 3149 5675; x_wconf 88' lang='lat' dir='ltr'><strong><em>meam</em></strong></span> <span class='ocrx_word' id='word_1_949' title='bbox 3172 5637 3276 5674; x_wconf 90' lang='lat' dir='ltr'><strong><em>non</em></strong></span> <span class='ocrx_word' id='word_1_950' title='bbox 3305 5621 3549 5690; x_wconf 79' lang='lat' dir='ltr'><strong><em>auferam</em></strong></span> 
     </span>
    </p>
   </div>
   <div class='ocr_carea' id='block_1_118' title="bbox 1970 5714 3543 5785">
    <p class='ocr_par' dir='ltr' id='par_1_118' title="bbox 1970 5714 3543 5785">
     <span class='ocr_line' id='line_1_118' title="bbox 1970 5714 3543 5785; baseline -0.001 -13"><span class='ocrx_word' id='word_1_951' title='bbox 1970 5719 2035 5772; x_wconf 91' lang='lat' dir='ltr'><strong><em>ab</em></strong></span> <span class='ocrx_word' id='word_1_952' title='bbox 2067 5735 2148 5784; x_wconf 84' lang='lat' dir='ltr'><strong><em>eo,</em></strong></span> <span class='ocrx_word' id='word_1_953' title='bbox 2185 5720 2318 5773; x_wconf 89' lang='lat' dir='ltr'><strong><em>sicut</em></strong></span> <span class='ocrx_word' id='word_1_954' title='bbox 2354 5717 2548 5771; x_wconf 87' lang='lat' dir='ltr'><strong><em>abstuli</em></strong></span> <span class='ocrx_word' id='word_1_955' title='bbox 2590 5716 2655 5771; x_wconf 89' lang='lat' dir='ltr'><strong><em>ab</em></strong></span> <span class='ocrx_word' id='word_1_956' title='bbox 2687 5717 2753 5770; x_wconf 89' lang='lat' dir='ltr'><strong><em>iis</em></strong></span> <span class='ocrx_word' id='word_1_957' title='bbox 2790 5732 2920 5785; x_wconf 83' lang='lat' dir='ltr'><strong><em>quos</em></strong></span> <span class='ocrx_word' id='word_1_958' title='bbox 2953 5714 3156 5770; x_wconf 84' lang='lat' dir='ltr'><strong><em>abstuli</em></strong></span> <span class='ocrx_word' id='word_1_959' title='bbox 3190 5733 3220 5769; x_wconf 92' lang='lat' dir='ltr'><strong><em>a</em></strong></span> <span class='ocrx_word' id='word_1_960' title='bbox 3247 5715 3384 5785; x_wconf 88' lang='lat' dir='ltr'><strong><em>facie</em></strong></span> <span class='ocrx_word' id='word_1_961' title='bbox 3408 5732 3543 5772; x_wconf 90' lang='lat' dir='ltr'><strong><em>mea.</em></strong></span> 
     </span>
    </p>
   </div>
  </div>
