3974 6538
443 445 584 502 1079

1147 444 1417 502 EUSEBII
1454 446 1930 508 CESABIE‘NSlS
1968 450 2119 509 OPP.
2166 449 2348 506 PARS
2382 448 2466 503 Ill.
2510 479 2578 488 --
2616 447 3026 504 EXEGETICA.

3576 451 3716 507 {080

447 560 518 617 Et
560 561 731 633 ﬁdelis
761 563 860 616 erit
888 565 1076 617 domus
1107 565 1224 634 ejus
1266 575 1314 620 et
1345 583 1560 639 regnum
1604 570 1720 634 eius
1765 587 1928 641 usque
1969 573 2024 626 in

2130 573 2537 642 τῶνξπατέρων
2569 587 2705 636 σου,
2739 573 2836 626 καὶ
2872 572 3198 641 ἀναστήσω
3223 577 3285 630 τὸ
3315 577 3566 647 σπέρριι
3602 593 3718 631 σου

444 654 697 709 saxulum
732 655 786 708 in
814 664 1090 722 conspectu
1119 672 1234 711 meo
1259 674 1276 710 :
1301 667 1349 711 et
1383 657 1602 715 thronus
1632 662 1747 732 ejus
1779 666 1880 717 erit
1910 679 2023 716 ere-

445 753 561 799 ctus
592 746 649 798 in
677 746 930 799 saeculum
971 745 1259 801 secundum
1310 747 1489 805 omnes
1526 768 1788 809 sermones
1820 755 1936 821 hos,
1972 764 2021 809 et

444 838 732 894 secundum
771 840 1072 895 universam
1121 842 1374 897 visionem
1406 843 1542 899 hanc
1565 849 1631 903 ²⁰.
1683 847 1776 903 Sic
1809 851 2022 904 locutus

443 936 529 982 est
571 927 784 982 Nathan
817 927 1031 984 Davidi.
1084 928 1212 984 Haec
1244 946 1412 1001 porro
1452 933 1637 989 omnia
1678 936 1733 989 in
1782 937 2021 991 medium

443 1017 622 1080 attuli,
652 1025 712 1070 ut
742 1017 1103 1084 declararem,
1152 1036 1276 1076 cum
1324 1017 1493 1076 David
1536 1025 1930 1080 aedilicaturum
1965 1040 2024 1078 se

443 1107 669 1163 domum
695 1123 836 1164 arcae
868 1108 960 1164 Dei
983 1110 1191 1180 primus
1223 1113 1589 1182 promisisset,
1606 1113 1796 1180 Deum,
1825 1131 2024 1186 appro-

443 1199 574 1255 bata
615 1202 764 1257 illius
798 1202 1022 1272 pietate,
1054 1203 1294 1260 vicissim
1321 1205 1622 1275 pollicitum
1669 1208 1718 1263 ei
1747 1223 1890 1271 esse,
1928 1223 2018 1262 ex-

443 1290 740 1345 citaturum
785 1307 845 1348 se
889 1307 1076 1348 semen
1132 1293 1253 1363 ejus
1307 1310 1450 1358 esse,
1489 1296 1650 1366 cujus
1701 1312 1866 1368 opera
1917 1296 2030 1351 sibi,

441 1383 663 1438 domum
709 1386 974 1442 excitaret
1001 1405 1014 1440 :
1039 1393 1094 1440 et
1121 1401 1247 1440 cum
1277 1386 1446 1443 David
1478 1391 1629 1460 prior
1659 1391 1928 1460 jurasset,
1963 1405 2024 1444 se

441 1475 578 1529 nihil
608 1477 755 1531 aliud
788 1487 913 1532 ante
943 1476 1240 1543 facturum,
1273 1494 1439 1549 quam
1472 1481 1776 1539 invenisset
1805 1482 1916 1538 Deo
1941 1483 2018 1538 lo-

441 1581 591 1632 cum,
619 1567 785 1623 Deum
818 1571 1062 1626 vicissim
1091 1572 1314 1642 jurasse
1337 1573 1666 1643 pollicendo,
1697 1583 1747 1630 et
1786 1576 2024 1630 humano

441 1675 562 1716 sese
600 1665 737 1716 mori
779 1674 1171 1734 attemperasse
1209 1666 1266 1719 in
1305 1665 1578 1736 loquendo
1613 1684 1782 1722 :nam
1811 1667 2029 1722 inﬁnita

441 1767 612 1823 prope
639 1754 745 1808 alia
780 1755 834 1809 in
879 1755 1064 1810 divina
1095 1753 1382 1826 Scriptura
1417 1773 1484 1812 ex
1511 1757 1751 1814 humana
1789 1774 2025 1814 consue-

443 1845 632 1899 tudine
658 1853 712 1901 et
752 1847 988 1918 quadam
1025 1848 1302 1918 cogitandi
1328 1849 1542 1906 ratione
1575 1851 1644 1906 de
1687 1851 1797 1906 Deo
1825 1853 2019 1907 dicun-

2125 666 2276 735 μετὰ
2306 663 2402 727 σὲ,
2434 662 2465 716 ὃ
2508 663 2679 717 ἔσται
2701 663 2771 716 ἐν
2797 660 2872 731 τῇ
2899 665 3097 732 κοιλίᾳ
3125 682 3261 732 σου,
3291 668 3391 720 καὶ
3414 664 3721 736 ἑτοιμάσω

2129 756 2244 825 τὴν
2265 755 2594 821 ,βασιλείαν
2619 769 2755 809 σου.
2779 755 2972 822 Αὐτὸς
3007 757 3388 828 οἰκοδομήσει
3413 777 3524 828 μοι
3553 755 3721 812 οἶκον

2129 848 2211 914 τῷ
2237 847 2484 916 ὀνόματι
2517 863 2656 916 μου,
2679 845 2777 900 καὶ
2807 847 3127 915 ἀνορθώσω
3151 848 3257 902 τὸν
3278 851 3501 918 θρόνον
3530 847 3722 901 αὑτοῦ

2127 939 2240 1006 ἕως
2275 941 2362 1004 εἰς
2396 937 2503 992 τόν
2523 936 2729 990 αἰῶνα.
2749 937 2896 1006 Ἐγὼ
2923 939 3138 1008 ἔσομαι
3169 939 3330 1006 αὐτῷ
3353 943 3442 1005 εις
3466 937 3721 1007 πατέρα,

2129 1033 2228 1086 καὶ
2261 1032 2445 1098 αὐτὸς
2474 1031 2645 1085 ἔσται
2673 1049 2772 1102 μοι
2799 1033 2887 1098 εὶς
2932 1034 3089 1086 υἱόν.
3125 1033 3235 1087 Καὶ
3269 1033 3379 1086 ἐὰν
3406 1034 3572 1100 ἔλθῃ
3604 1032 3727 1085 dei-

2130 1123 2231 1176 κία
2271 1122 2478 1187 αὐτοῦ,
2508 1123 2603 1176 καὶ
2646 1121 2871 1192 ἐλέγξω
2907 1125 3095 1177 αὐτὸν
3131 1125 3202 1178 ἐν
3225 1124 3427 1193 ῥάϐδῳ
3456 1123 3723 1190 ἀνδρῶν.

2129 1215 2227 1268 καὶ
2275 1215 2347 1268 ἐν
2386 1214 2565 1284 ἁφαῖς
2603 1213 2750 1268 υὶῶν
2790 1215 3134 1284 ἀνθρώπων.
3172 1217 3243 1270 Τὸ
3281 1216 3350 1270 δὲ
3393 1218 3581 1282 ἔλεός
3605 1234 3725 1284 μου

2131 1308 2241 1360 οὐκ
2287 1307 2618 1376 ἁποστήσω
2650 1307 2751 1362 ἀπ’
2776 1307 2983 1373 αὑτοῦ,
3026 1306 3221 1374 καθὼς
3250 1308 3584 1375 ἀπέστησα
3626 1308 3724 1375 ἀφ’

2128 1394 2216 1454 ὧν
2245 1401 2564 1468 ἀπέστησα
2592 1401 2660 1454 ἐκ
2693 1399 3016 1470 προσώπου
3039 1419 3180 1469 μου.
3207 1402 3317 1454 Καὶ
3343 1400 3725 1467 πιστωθήσε-

2128 1509 2224 1546 ται
2263 1495 2301 1546 ό·
2315 1493 2482 1558 οἶκος
2507 1492 2694 1546 αὑτοῦ
2723 1493 2824 1546 καὶ
2846 1493 2885 1559 ’ἡ
2911 1493 3200 1557 ,βασιλεία
3232 1493 3418 1547 αὐτοῦ
3453 1493 3575 1558 ἕως
3593 1490 3726 1545 αὶῶ-

2130 1598 2237 1648 νος
2265 1579 2526 1636 ἐνώπιόν
2537 1595 2691 1651 μου’
2729 1581 2834 1635 καὶ
2869 1585 2902 1636 ὀ
2929 1583 3141 1650 θρόνος
3167 1582 3355 1636 αὑτοῦ
3388 1581 3570 1634 ἔσται
3621 1582 3726 1635 ἀν-

2130 1670 2476 1741 ωρθωμένος
2503 1674 2591 1738 εἰς
2636 1672 2744 1727 τὸν
2776 1671 2960 1727 αἰῶνα
2998 1674 3146 1726 κατὰ
3172 1671 3403 1738 πάντας
3433 1673 3590 1737 τοὺς
3623 1673 3726 1724 ,ἱόν

2130 1781 2275 1833 γους
2300 1770 2570 1832 τούτους,
2603 1766 2702 1818 καὶ
2740 1763 2898 1819 κατὰ
2925 1763 3137 1820 πᾶσαν
3171 1765 3283 1833 τὴν
3322 1765 3549 1832 ὅρασιν
3586 1765 3724 1817 ταύ-

2131 1871 2262 1923 την.
2291 1855 2477 1920 Οὐτως
2521 1856 2750 1927 ἐλάλησε
2781 1856 2968 1910 Ναθάν
3002 1857 3140 1928 πρὸς
3184 1857 3275 1910 τὸν
3317 1856 3504 1909 Δαυῖδ.
3536 1855 3728 1909 Ταῦτα

440 1944 550 1990 tur.
578 1937 790 2004 Quibus
813 1940 888 1994 ita
913 1943 1386 2006 commonstratis,
1406 1943 1519 2013 jam
1548 1952 1719 1999 restat
1742 1952 1799 1998 ut
1824 1944 2018 2014 psalmi

2130 1947 2186 2019 δὴ
2234 1947 2414 2002 πάντα
2456 1948 2796 2020 παρεθέμην,
2840 1951 3189 2021 παραστῆσαι
3239 1950 3596 2021 βουλόμενος,
3629 1947 3722 2010 t'og,

439 2028 648 2084 dictum
679 2032 1121 2093 consideremus.

2132 2037 2349 2110 πρώτου
2380 2039 2856 2110 ὲπηγγειλαμένου
2883 2039 2977 2093 τοῦ
3007 2040 3169 2094 Δαυῒδ
3191 2037 3338 2094 οἷκον
3372 2039 3726 2094 κατασκευα-

441 2121 554 2186 ζειν
587 2125 652 2194 τῇ
705 2124 943 2196 κιϐωτῷ
973 2125 1066 2180 τοῦ
1106 2127 1263 2193 Θεοῦ,
1302 2127 1705 2200 ἀποδεξάμενος
1730 2129 1894 2184 αὐτὸν
1925 2129 2025 2200 τῆς
2063 2130 2342 2194 εὐσεϐείας
2370 2132 2398 2184 ὁ
2439 2131 2591 2196 Θεὸς,
2643 2131 3140 2201 ἁντεπαγγέλλεται
3178 2133 3239 2185 τὺ
3287 2132 3513 2203 σπέρμα
3546 2129 3721 2183 αὐτοῦ

440 2213 786 2288 ἀναστήσειν,
822 2219 917 2272 καὶ
947 2217 1036 2272 διὰ
1065 2219 1254 2274 τούτου
1285 2220 1716 2286 κατασκευάζειν
1750 2219 1929 2291 ὲάυτῷ
1953 2216 2100 2274 οἶκον
2123 2237 2137 2250 ·
2170 2223 2265 2276 καὶ
2302 2223 2378 2286 ὡς
2403 2223 2497 2276 τοῦ
2534 2222 2698 2276 Δαυῖδ
2744 2222 2964 2294 πρώτου
3022 2221 3375 2294 ὀμωμοκότος
3435 2223 3512 2292 μὴ
3589 2223 3726 2293 rspo—

441 2325 596 2382 τερον
621 2312 799 2366 ἄλλοτι
827 2316 1076 2386 ποιήσειν
1095 2317 1192 2370 τοῦ
1214 2319 1380 2372 τόπον
1407 2320 1587 2389 εὑρεῖν
1606 2319 1684 2388 τῷ
1705 2318 1846 2390 Θεῷ,
1869 2318 2181 2390 ἀμοιϐαίωςη
2199 2321 2292 2373 καὶ
2326 2323 2354 2373 ὁ
2383 2320 2515 2384 Θεὸς
2545 2321 2837 2390 ἀντόμνυσι
2907 2320 2994 2374 διὰ
3054 2321 3156 2389 τῆς
3218 2319 3574 2388 ἐπαγγελίας,

442 2405 858 2480 θρωπινώτερον
907 2409 1361 2478 συγκαταϐαίνων
1394 2410 1473 2481 τῷ
1505 2411 1677 2482 λόγῳ⁹
1717 2411 1905 2483 ἐπειδὴ
1939 2413 2033 2466 καὶ
2071 2412 2208 2467 ἄλλα
2237 2415 2407 2484 μυρία
2453 2415 2512 2468 ὲν
2557 2416 2622 2484 τῇ
2672 2414 2797 2484 θείᾳ
2824 2413 3013 2485 Γραφῇ
3082 2410 3529 2484 ἀνθρωποπαθῶς
3594 2407 3725 2480 περι

440 2495 532 2550 ⁴ιεοῦ
559 2498 695 2552 Θεοῦ
724 2500 972 2554 λέλεκται
1011 2502 1153 2556 κατά
1182 2519 1304 2555 τινα
1357 2503 1652 2574 νοουμένην
1687 2504 1938 2574 θεωρίαν.
1993 2498 2097 2558 Ὧν.
2128 2505 2300 2568 οὕτως
2347 2505 2832 2576 ἀποδεδειγμένων,
2897 2505 3089 2575 καιρὸς
3141 2505 3241 2576 ἢδη
3274 2507 3369 2558 καὶ
3396 2503 3498 2573 τὴν
3538 2505 3602 2554 εν

437 2590 638 2662 ψαλμῶ
671 2593 816 2659 λέξιν
846 2594 1239 2667 ὲπιθεωρῆσαι.

508 2702 652 2769 Quid
679 2705 784 2760 sibi
808 2706 926 2760 vult
957 2721 1087 2778 ergo
1116 2710 1419 2778 promissio
1443 2709 1574 2765 Dei?
1605 2711 1734 2766 Huic
1757 2710 2025 2782 duoprae-

439 2797 674 2860 nuntiat,
702 2799 880 2869 primo
912 2814 972 2855 se
1021 2799 1246 2857 Davidis
1287 2817 1476 2858 semen
1517 2803 1572 2857 in
1605 2805 1868 2859 saeculum
1902 2818 2017 2859 sero

441 2897 736 2958 vaturum;
771 2892 1042 2960 seetmdo,
1093 2895 1362 2953 thronum,
1387 2895 1508 2966 ejus
1533 2895 1931 2951 aadiiicaturum
1969 2895 2025 2948 in

439 2986 843 3057 generationem
893 2995 948 3043 et
988 2989 1419 3060 generationem.
1467 2987 1675 3046 Deinde
1728 2990 1856 3060 quia
1909 2988 2024 3043 hzec

437 3091 548 3132 non
597 3077 848 3133 sensibili
883 3094 1035 3135 more
1085 3081 1141 3135 in
1167 3087 1336 3145 terra,
1377 3096 1556 3151 neque
1609 3080 1665 3134 in
1709 3094 1879 3151 regno
1920 3079 2024 3132 Ιιιι-

439 3183 600 3222 mana
643 3170 860 3225 ratione
889 3171 1242 3226 considerato
1282 3173 1468 3227 futura
1504 3183 1682 3237 erant,
1717 3169 2022 3242 promisso-

435 3276 560 3315 rum
595 3263 1050 3333 complementum
1083 3265 1137 3319 in
1174 3267 1345 3321 caelos
1394 3266 1646 3320 remittit.
1677 3263 2025 3335 QuaprOpter

439 3353 582 3408 sicut
621 3356 876 3421 superius
908 3355 1068 3422 dixit,
1106 3355 1173 3410 In
1224 3357 1352 3412 coelo
1384 3357 1780 3427 prazparabitur
1827 3356 2023 3409 veritas

441 3456 574 3510 tua;
609 3447 692 3502 sic
728 3455 852 3518 post
905 3447 1001 3504 Dei
1034 3450 1457 3519 promissionem
1482 3450 1593 3519 jam
1630 3448 1816 3511 infert,
1845 3446 2027 3518 Conﬁ-

440 3537 691 3592 tebuntur
730 3539 847 3594 caeli
881 3539 1153 3596 mirabilia
1208 3551 1323 3605 tua,
1356 3541 1598 3594 Domine.
1654 3538 1842 3612 Neque
1881 3541 2024 3594 enim

438 3627 693 3684 homines
724 3630 816 3699 qui
849 3629 906 3684 in
942 3639 1088 3685 terra
1120 3639 1270 3695 sunt,
1303 3631 1500 3703 inquit,
1545 3632 1851 3702 intelligere
1875 3639 2026 3700 pote-

437 3727 569 3773 runt
626 3733 789 3789 quam
825 3727 1063 3775 mentem
1108 3720 1366 3784 habeant,
1403 3737 1435 3775 o
1469 3719 1720 3785 Domine,
1753 3721 2024 3790 promissa

440 3819 554 3878 tua,
601 3827 703 3866 nec
747 3828 999 3882 quaenam
1048 3813 1159 3867 sint
1212 3813 1660 3884 proplielicorum
1710 3829 2023 3868 sermonum

439 3903 836 3973 complementa
858 3923 882 3971 ;_
905 3905 1001 3959 sed
1033 3905 1136 3974 ipsi
1188 3907 1312 3959 cmli
1360 3905 1639 3968 videlicet,
1692 3913 1746 3959 et
1793 3920 1914 3976 qua:
1970 3906 2023 3958 in

440 3994 582 4048 cmlo
621 4003 752 4049 sunt
780 3993 978 4049 divina:
1009 3997 1283 4050 virtutes:
1316 3997 1576 4066 quoniam
1617 3997 1772 4052 cmlis
1815 4011 2027 4066 compe-

445 4086 511 4139 tit
558 4087 834 4143 mirabilia
866 4096 980 4151 tua,
1011 4103 1132 4158 quae
1171 4089 1227 4142 in
1257 4089 1720 4159 promissionibus
1752 4090 2023 4154 feruntur,

442 4190 700 4230 enarrare
744 4183 800 4230 et
855 4175 1226 4246 interpretari.
1275 4177 1746 4243 Quemadmodum
1780 4177 2024 4234 vicissim

442 4269 727 4324 veritatem
781 4276 971 4332 tuam,
1042 4283 1167 4340 qua:
1220 4270 1276 4324 in
1342 4269 1636 4339 promissis
1688 4269 1878 4324 Davidi
1929 4270 2026 4324 da-

442 4361 518 4416 tis
561 4359 915 4424 celebratur,
971 4359 1215 4430 cogitare
1271 4369 1325 4414 et
1377 4360 1669 4415 enuntiare
1717 4374 1827 4414 non
1889 4360 2026 4414 aiio-

443 4466 564 4506 rum
619 4457 759 4517 erat,
805 4466 966 4522 quam
1005 4451 1273 4506 calorum
1327 4459 1558 4514 tantum,
1609 4459 1664 4506 et
1708 4451 2024 4522 angelorum

442 4543 536 4615 qui
577 4543 631 4598 in
655 4544 817 4600 cmlis
840 4553 1015 4599 sunt:
1065 4543 1118 4597 hi
1164 4559 1403 4614 namque
1446 4543 1733 4598 veritatem
1779 4554 1927 4597 tuam
1969 4552 2023 4598 et

443 4635 714 4690 mirabilia
763 4645 858 4690 tua
893 4637 948 4690 in
983 4635 1226 4691 Ecclesia
1250 4646 1566 4691 sanctorum
1591 4635 2022 4690 conﬁtebuntur.

444 4725 656 4782 Etenim
689 4729 735 4784 si
767 4729 1064 4800 aliquando
1103 4731 1232 4785 talis
1259 4727 1503 4784 Ecclesia
1529 4729 1585 4782 in
1629 4738 1776 4783 terra
1805 4737 1988 4783 exstet
2008 4762 2023 4792 -,

443 4835 567 4891 qua:
613 4820 854 4877 Ecclesia
889 4832 1207 4879 sanctorum
1237 4830 1503 4879 vocetur:
1536 4831 1736 4891 praeter
1764 4821 1867 4877 hos
1896 4836 2026 4875 san-

443 4920 566 4965 ctos
588 4950 604 4975 ,
634 4911 738 4980 ipsi
768 4913 890 4966 cmii
914 4953 930 4978 ,
965 4915 1081 4969 sive
1111 4914 1310 4968 divina:
1333 4914 1598 4977 virtutes,
1627 4913 1743 4968 sive
1771 4913 2028 4967 cmlestes

443 5001 697 5056 homines
721 5040 736 5065 ,
777 5003 1049 5057 mirabilia
1082 5012 1174 5058 tua
1203 5012 1259 5060 et
1289 5005 1573 5059 veritatem
1602 5013 1750 5058 tuam
1771 5045 1784 5068 ,
1815 5017 1937 5074 quae
1967 5004 2023 5056 in

444 5097 810 5168 praesentibus
849 5099 1146 5166 promissis.
1179 5098 1372 5159 fertur,
1405 5099 1832 5153 conﬁtebuntur.
1866 5097 2023 5164 Quod

446 5189 494 5242 si
541 5190 599 5242 in
640 5187 773 5257 ipsis
815 5187 975 5242 cmlis
1024 5187 1270 5243 Ecclesia
1307 5189 1559 5260 quaedam
1603 5193 1674 5242 sit
1717 5188 2026 5258 primitivo-

447 5294 568 5333 rum
589 5317 606 5343 ,
642 5278 1047 5348 descriptorum
1082 5279 1138 5332 in
1172 5281 1365 5343 cmlis,
1397 5294 1462 5333 ea
1492 5278 1678 5333 verius
1711 5287 1764 5332 et
1798 5293 2026 5332 accura-

448 5372 558 5425 tius
584 5368 827 5425 Ecclesia
857 5379 1176 5426 sanctorum
1205 5387 1329 5427 esse
1354 5372 1575 5426 dicatur
1602 5388 1615 5424 :
1681 5370 1736 5423 in
1764 5385 1871 5440 qua
1900 5371 2022 5426 caeli

453 5462 730 5517 veritatem
779 5465 1180 5535 promissorum
1227 5461 1358 5526 Dei,
1403 5472 1457 5517 et
1505 5462 1780 5516 mirabilia
1811 5463 1865 5515 in
1898 5477 2042 5532 pro-.

451 5555 638 5610 missis
695 5556 872 5624 posita
902 5595 918 5621 ,
967 5557 1322 5610 enarrabunt.
1388 5551 1658 5608 Mirabilia
1705 5563 1885 5608 autem
1936 5553 2027 5606 illa

452 5661 573 5715 quae
623 5645 860 5714 fuerint,
917 5649 1025 5702 nisi
1081 5647 1338 5702 Davidem
1385 5647 1618 5701 electum
1672 5643 1766 5699 Dei
1809 5644 2026 5708 vocari,

454 5753 665 5793 necnon
692 5753 877 5794 semen
905 5740 975 5795 ab
1004 5741 1122 5810 ipso
1153 5739 1494 5810 proditurum
1524 5751 1677 5803 esse,
1707 5734 1850 5808 quod
1882 5736 2032 5792 thro-

532 5895 578 5924 “
611 5893 649 5946 ιι
683 5894 814 5964 lii-g.
850 5913 956 5962 vn,
991 5897 1142 5951 i-i'I.

2201 2710 2266 2762 Τί
2307 2710 2486 2763 τοίνυν
2535 2708 2782 2778 βούλεται
2829 2710 2862 2781 ὴ
2908 2708 3204 2779 ἐπαγγελία
3256 2708 3351 2762 τοῦ
3398 2708 3570 2772 Θεοῦ;
3617 2707 3719 2760 Δύο

2126 2797 2298 2852 ταῦτα
2322 2798 2714 2872 προαγορεύει·
2747 2798 2960 2871 πρῶτον
2986 2799 3082 2870 μὲν
3101 2799 3162 2852 τὸ
3185 2799 3407 2870 σπέρμα
3431 2797 3526 2850 τοῦ
3553 2797 3717 2850 Δαυϊό

2127 2891 2233 2954 ἓως
2262 2889 2356 2944 τοῦ
2385 2890 2580 2954 αἰῶνος
2609 2889 2864 2962 φυλάξειν
2884 2905 2897 2918 ·
2928 2890 3178 2962 δεύτερον
3205 2889 3262 2942 δὲ
3288 2890 3377 2942 τὸν
3410 2888 3599 2957 θρόνον
3624 2891 3717 2943 au-

2125 2984 2221 3037 τοῦ
2255 2984 2630 3055 οἰκοδομήσειν
2661 2986 2742 3048 εἰς
2777 2982 2970 3053 γενεὰν
2995 2983 3090 3036 καὶ
3121 2983 3332 3051 γενεάν.
3357 2978 3470 3033 Εἶτ’
3496 2981 3717 3051 exs-.5»;-

2130 3094 2236 3149 περ
2257 3076 2455 3147 ἤμελλε
2483 3075 2656 3129 ταῦτα
2687 3077 2762 3148 μὴ
2788 3075 2884 3128 ἐπὶ
2904 3077 3010 3145 γῆς
3039 3073 3312 3146 αἰσθητῶς
3341 3073 3715 3136 συνίστασθαι,

2135 3169 2268 3241 μηδὲ
2314 3171 2371 3222 ἐν
2415 3171 2481 3239 τῇ
2528 3168 2667 3221 κατὰ
2713 3167 2997 3238 ἄνθρωπον
3047 3165 3314 3236 βασιλεία,
3344 3165 3423 3228 εἰς
3453 3165 3717 3234 οὐρανοὺς

2052 3234 2094 3289 C
2128 3234 2257 3330 έξῆς
2283 3234 2596 3331 ἀναπέμπει
2632 3258 2739 3313 τῶν
2771 3234 3115 3328 ἐπαγγελιῶν
3159 3256 3226 3310 τὰ
3270 3234 3714 3326 ἀποτελέσματα.

2127 3355 2204 3406 Δι’
2235 3353 2262 3405 ὃ
2286 3351 2476 3424 ῶσπερ
2501 3351 2758 3425 ἀνωτέρω
2791 3351 2992 3423 ἔφησεν
3012 3369 3026 3382 ·
3072 3352 3166 3404 Ἐν
3193 3348 3274 3415 τῷ
3302 3349 3540 3417 cepam;
3570 3349 3714 3402 ἑτοι-

2122 3444 2510 3514 μασθήσεται
2551 3445 2590 3512 ἠ
2638 3443 2889 3512 ἀλήθειὰ
2926 3459 3063 3506 σου,
3127 3442 3270 3497 οὕτω
3303 3444 3396 3496 καὶ
3432 3444 3528 3497 νῦν
3581 3441 3714 3513 μετά

2125 3537 2225 3609 τὴν
2251 3535 2584 3606 ἐπαγγελίαν
2609 3536 2701 3590 τοῦ
2735 3535 2870 3589 Θεοῦ
2902 3536 3154 3608 ἐπιφέρει
3178 3535 3238 3589 τό
3259 3554 3270 3565 ο
3317 3533 3685 3605 Ἕξομολοῖτή

2127 3644 2337 3682 σονται
2385 3633 2439 3684 οὶ
2495 3629 2735 3697 οὐρανοὶ
2779 3627 2853 3681 τὰ
2895 3626 3195 3698 θαυμάσια
3229 3642 3367 3690 σου,
3397 3627 3596 3693 Κύριε.
3637 3623 3710 3678 Οὐ

2126 3721 2236 3793 γάρ
2283 3723 2331 3775 οἱ
2381 3723 2474 3774 ἐπὶ
2516 3721 2618 3792 γῆς
2659 3721 2956 3794 ἅνθρωποι,
3014 3719 3168 3789 φησὶ,
3220 3719 3541 3790 δυνήσονται
3590 3734 3710 3769 συν-

2129 3813 2288 3879 ιέναι,
2320 3810 2503 3866 ὁποῖον
2534 3810 2660 3865 νοῦν
2702 3811 2935 3883 ἔχουσιν,
2961 3805 3224 3882 ῶΚύριε,
3263 3813 3318 3864 αἱ
3366 3809 3703 3877 ἐπαγγελίαι,

2125 3907 2232 3960 οὐδ’
2269 3909 2431 3960 ὁποῖα
2454 3906 2524 3960 τὰ
2549 3906 2967 3976 ἀποτελέσματα
2988 3904 3096 3958 τῶν
3132 3902 3482 3977 προφητικῶν
3507 3901 3708 3972 τυγχὰο

2129 4015 2207 4051 νει
2238 3996 2447 4069 λόγων·
2480 3995 2596 4049 ἀλλ’
2625 3996 2673 4048 οἱ
2697 3994 2916 4065 οὐρανοὶ
2950 3993 3104 4046 αὐτοὶ
3130 3992 3353 4064 δηλαδὴ,
3376 3992 3472 4044 καὶ
3504 3993 3560 4044 αἱ
3593 3992 3709 4044 κατ’

2127 4089 2354 4160 οὐρανὸν
2390 4089 2529 4141 θεῖαι
2557 4087 2835 4158 δυνάμεις·
2861 4087 3050 4157 διόπερ
3076 4087 3188 4148 τοῖς
3206 4085 3455 4156 οὐρανοῖς
3483 4082 3708 4154 ἁρμόζει

2125 4183 2194 4235 τά
2241 4181 2520 4252 θαυμάσιά
2567 4195 2661 4232 σου
2704 4180 2770 4232 τὰ
2814 4179 3168 4250 ἑμφερόμενα
3205 4180 3325 4240 ταῖς
3357 4175 3708 4244 ἐπαγγελίαις

2125 4270 2425 4344 διηγεῖσθαι
2469 4269 2564 4323 καὶ
2606 4265 3224 4340 διερμηνεύειν.Ὢσπερ
3260 4266 3424 4318 πάλιν
3448 4264 3547 4335 τὴν
3578 4264 3705 4333 ἀλή-

2127 4365 2275 4418 θειάν
2303 4381 2418 4426 σου,
2448 4364 2548 4436 τὴν
2573 4367 2629 4417 ἐν
2654 4366 2772 4427 ταῖς
2789 4362 2926 4433 πρὸς
2949 4361 3039 4415 τὸν
3071 4359 3230 4413 Δαυῒδ
3259 4356 3606 4427 ἐπαγγελίαις
3629 4355 3707 4406 δε-

2126 4453 2481 4527 δοξασμένην,
2511 4457 2611 4509 οὐκ
2640 4454 2812 4510 ἄλλων
2837 4449 3066 4524 ἧνμοεῖν
3083 4453 3177 4505 καὶ
3199 4449 3500 4522 διηγεῖσθαι
3533 4445 3643 4502 ἀλλ’
3672 4445 3703 4514 ἢ

2135 4549 2312 4619 μόνων
2356 4549 2463 4603 τῶν
2507 4547 2752 4619 οὐρανῶν
2801 4546 2894 4599 καὶ
2929 4545 3035 4598 τῶν
3065 4546 3122 4597 ὲν
3150 4543 3396 4614 οὐρανοῖς
3428 4539 3701 4607 ἀγγέλων·

2128 4633 2275 4693 οὗτοι
2304 4641 2411 4712 γὰρ
2446 4639 2539 4693 καὶ
2565 4639 2663 4710 τὴν
2692 4637 2951 4710 ἀλήθειάν
2978 4653 3070 4688 σου
3102 4634 3197 4688 καὶ
3218 4632 3286 4685 τὰ
3314 4631 3591 4701 θαυμάσιά
3616 4645 3704 4681 σου

2129 4733 2186 4784 ἐν
2218 4733 2512 4804 Ἐκκλησία
2540 4733 2708 4801 ἁγίων
2727 4729 3230 4802 ἐξομολογήσονται.
3251 4727 3312 4778 Ei
3339 4723 3447 4795 γάρ
3472 4739 3600 4779 ποτε
3624 4719 3706 4788 γέ-

2129 4840 2270 4879 νοιτο
2311 4823 2604 4893 Ἐκκλησία
2631 4841 2714 4887 τις
2744 4821 2964 4892 τοιαύτη
3020 4819 3111 4872 ἐπὶ
3136 4819 3256 4889 γῆς,
3285 4815 3361 4880 ὡς
3385 4815 3556 4883 ἁγίων
3591 4813 3705 4866 Ἐκ-

2129 4915 2356 4986 κλησίαν
2385 4914 2554 4985 αὐτὴν
2583 4913 2964 4984 χρηματίζειν,
2989 4909 3138 4980 παρά
3168 4907 3374 4969 τούτοις
3404 4908 3452 4957 oi
3473 4903 3701 4976 οὐρανοὶ,

2126 5009 2238 5061 εἴτε
2270 5006 2526 5077 δυνάμεις
2559 5006 2719 5069 θεῖαι,
2745 5005 2854 5057 εἴτε
2883 5005 2976 5058 καὶ
3001 5001 3240 5074 οὐράνιοι
3257 4998 3468 5068 ἄνδρες,
3493 4998 3562 5046 τὰ
3581 4995 3702 5046 θαυο

2136 5099 2305 5172 μάσιά
2333 5115 2424 5151 σου
2447 5099 2540 5152 καὶ
2562 5097 2661 5168 τὴν
2695 5096 2949 5170 ἀλήθειάν
2981 5112 3095 5158 σου,
3127 5092 3224 5163 τὴν
3243 5087 3618 5160 ἐμφερομένην
3649 5084 3700 5135 ἐν

2131 5192 2250 5252 ταῖς
2291 5187 2677 5259 προκειμέναις
2724 5186 3096 5256 ἐπαγγελίαις,
3123 5182 3617 5253 ὲξομολογήσονται.
3645 5175 3700 5227 Εἰ

2132 5281 2190 5334 δέ
2225 5283 2340 5333 ἐστι
2394 5281 2486 5333 καὶ
2539 5280 2596 5332 ἐν
2645 5279 2826 5342 αὐτοῖς
2870 5280 2982 5340 τοῖς
3014 5277 3261 5348 οὐρανοῖς
3299 5270 3592 5341 Ἐκκλησία
3625 5283 3699 5328 τις

2136 5373 2492 5444 πρωτοτόκων
2530 5370 3036 5442 ἀπογεγραμμένων
3062 5368 3119 5420 ὲν
3153 5367 3417 5437 οὐρανοῖς,
3454 5360 3697 5434 κυριώτεο

2138 5481 2229 5534 ρον
2277 5464 2369 5516 καὶ
2414 5462 2770 5533 ἀληθέστερον
2818 5459 3030 5530 λεχθείη
3081 5457 3148 5511 ἂν
3195 5456 3379 5525 ἐκείνη
3419 5450 3694 5521 Ἐκκλησία

2139 5557 2307 5624 ἀγίων
2331 5553 2468 5610 εἶναι
2511 5555 2824 5622 Ἐκκλησία,
2858 5555 2914 5605 ὲν
3004 5553 3050 5603 οἱ
3085 5549 3303 5620 οὐρανοὶ
3335 5545 3432 5608 τὴν
3453 5543 3694 5614 ἀληθειαν

2137 5646 2245 5700 τῶν
2274 5649 2610 5717 ἐπαγγελιῶν
2641 5646 2731 5700 τοῦ
2764 5645 2900 5698 Θεοῦ
2926 5645 3018 5698 καὶ
3041 5642 3108 5696 τὰ
3135 5640 3410 5711 θαυμάσια
3442 5637 3517 5689 τᾶ·
3535 5637 3591 5687 ἐν
3611 5632 3694 5686 αὐ-

2137 5741 2259 5802 ταῖς
2294 5741 2630 5809 ἀποκείμενα
2672 5739 3039 5809 διηγήσονται.
3072 5734 3359 5804 Θαυμάσια
3391 5729 3446 5782 δὲ
3480 5727 3596 5780 τίνα
3634 5717 3692 5792 ἦν
