3974 6528
210 466 342 522 1081

1299 469 1801 529 COMMENTARIA
1838 471 1904 526 ΙΝ
1956 471 2296 527 PSALMOS.

3322 473 3345 526 1
3357 472 3467 527 08%

202 582 376 652 ἀλλ’ἢ
406 581 465 636 τὸ
493 583 749 638 ἐκλεκτὸν
776 584 872 638 τοῦ
913 585 1048 640 Θεοῦ
1079 589 1412 660 χρηματίσαι
1462 591 1553 644 τὸν
1603 590 1777 656 Δαυ⁴ίδ1

1889 607 2020 645 num
2070 599 2333 646 aeternum
2379 597 2670 645 nacturum
2712 591 2822 658 sit;
2868 598 3032 660 atque
3077 597 3460 645 testamentum

203 676 302 728 καὶ
323 673 384 727 τὸ
414 673 472 740 ἐξ
500 673 665 728 αὐτοῦ
694 675 947 744 γενέσθαι
982 679 1204 750 σπέρμα
1227 680 1412 752 θρόνον
1441 681 1658 736 αἰώνιον
1687 702 1786 738 κα-

205 763 379 830 θέξον,
411 766 504 818 καὶ
534 765 605 818 τὸ-
621 765 888 839 διαθήκην
917 767 1133 822 αἰώνιον
1155 770 1485 826 διατίθεσθαι
1519 774 1653 844 πρὸς
1685 775 1785 828 αὐ-

202 854 296 908 τὸν
323 855 412 908 τὸν
437 855 588 920 Θεὸν,
616 857 648 926 ἢ
682 857 953 928 συνθήκην
976 859 1111 930 πρὸς
1133 859 1295 914 αὑτὸν
1321 862 1611 930 γενέσθαι;
1643 864 1786 918 οὕτω

203 948 316 1020 γὰρ
351 950 384 1001 ὁ
414 949 643 1012 Ἀκύλας
683 951 778 1004 καὶ
820 951 1112 1022 Σύμμαχος
1151 955 1523 1026 ἡρμήνευσαν,
1565 958 1789 1027 συνθή-

205 1058 328 1109 κην
365 1042 486 1095 ἀντὶ
525 1041 786 1114 διαθήκης
814 1046 1115 1115 εἰρηκότες.
1145 1046 1456 1119 Θαυμάσιον
1497 1045 1565 1122 ἦν
1605 1051 1695 1103 καὶ
1727 1051 1788 1104 τὸ

204 1130 434 1200 ὀμνύναι
473 1130 563 1185 τὸν
591 1132 724 1186 Θεὸν
763 1133 1034 1205 ἀνθρώπῳ
1069 1138 1162 1191 καὶ
1193 1139 1252 1191 τὸ
1279 1139 1508 1208 φάσκειν
1534 1143 1672 1213 πρὸς
1694 1142 1786 1195 τὸν

205 1222 367 1274 αὐτόν
385 1239 400 1253 ο
429 1223 576 1289 Ἕως
608 1225 712 1278 τοῦ
740 1223 954 1292 αἰῶνος
977 1228 1269 1298 ἑτοιμάσω
1299 1233 1364 1285 τὸ
1387 1232 1624 1302 σπέρμα
1643 1248 1782 1298 σου,

205 1313 349 1367 κατὰ
372 1314 462 1367 τὸν
493 1315 820 1387 Σύμμαχονο
844 1319 953 1373 Καὶ
997 1321 1370 1392 οἰκοδομήσω
1400 1327 1487 1390 εις
1518 1325 1786 1393 ἑκάστην

201 1404 419 1471 γενεὰν
440 1403 548 1458 τὸν
573 1407 790 1474 θρόνον
820 1423 956 1473 σου,
996 1410 1135 1463 κατὰ
1160 1410 1250 1464 τὸν
1285 1413 1465 1467 αὐτόν.
1491 1415 1562 1467 Τὸ
1587 1415 1642 1467 δὲ
1668 1419 1784 1486 μεῖ-

203 1495 297 1560 ζον
327 1497 580 1552 ἁπάντων
614 1499 796 1569 θαῦμα
819 1499 976 1554 τοῦτο
1007 1498 1096 1573 ἦν,
1122 1503 1184 1557 τὸ
1211 1504 1435 1559 τοιαῦτα
1457 1507 1784 1576 ἐπαγγελλό-

204 1605 366 1659 μενον
396 1589 487 1642 τὸν
511 1591 641 1644 Θεὸν
664 1591 812 1663 ὅρκῳ
842 1591 1012 1647 ταῦτα
1034 1595 1532 1667 ἐπισφραγίσασθαι
1557 1615 1570 1628 ·
1606 1599 1698 1651 καὶ
1722 1599 1782 1652 τὸ

205 1678 425 1733 πάντων
469 1679 910 1756 θαυμασιώτερον
937 1684 998 1738 τὸ
1038 1685 1175 1756 μετὰ
1213 1687 1304 1740 τὸν
1331 1685 1472 1740 θεῖον
1506 1688 1667 1760 ὅρκον
1697 1690 1786 1742 δο-

201 1775 319 1826 κεῖν
348 1774 420 1844 μὴ
443 1774 594 1838 τέλος
617 1776 893 1848 εἰληφέναι
912 1778 1037 1840 τοὺς
1061 1778 1154 1832 τοῦ
1177 1779 1310 1832 Θεοῦ
1343 1780 1554 1848 λόγους,
1583 1782 1780 1836 τάναν-

199 1863 292 1916 τία
323 1865 379 1917 δὲ
412 1869 476 1937 τῇ
509 1869 823 1939 ὁρκωμοσία
859 1869 1150 1940 συμϐῆναι.
1170 1870 1447 1943 Ἐπιφέρει
1472 1871 1602 1940 γοῦν
1630 1872 1778 1942 ἑξῆς,

200 1957 418 2010 ἐναντία
445 1960 564 2022 ταῖς
587 1959 682 2013 τοῦ
709 1961 843 2013 Θεοῦ
872 1939 1224 2031 ἐπαγγελίαις
1247 1939 1423 2034 δηλῶν
1447 1939 1781 2035 συμϐεϐηκέ-
1812 1939 1853 1994 Β

197 2065 322 2101 ναι·
352 2048 417 2101 δι’
451 2049 488 2103 ἂ
515 2050 608 2103 καὶ⁵
641 2053 872 2123 μάλιστα
906 2053 1268 2125 ἐκπλήττεται
1305 2057 1399 2108 καὶ
1446 2055 1714 2127 θαυμάζει
1752 2059 1781 2110 ὁ

198 2142 496 2213 Προφήτης
515 2158 529 2173 ο
561 2145 923 2198 ἀποδυσπετεῖ
953 2146 1083 2215 γοῦν
1113 2147 1238 2217 ἑξῆς
1267 2147 1440 2215 λέγων
1458 2165 1471 2178 ⁸
1497 2147 1622 2202 Ποῦ
1650 2148 1781 2202 ἐστι

196 2234 274 2286 τὰ
299 2235 442 2302 eam
468 2249 585 2290 σου
611 2236 682 2290 τὰ
705 2237 940 2306 ἀρχαῖα,
964 2238 1158 2305 Κύριε.
1181 2237 1219 2292 ἁ
1241 2237 1482 2308 ὤμοσας
1507 2238 1586 2304 τῷ
1602 2239 1782 2294 Δαυῖδ

197 2324 273 2377 ὲν
297 2323 373 2393 τῇ
397 2325 648 2395 ἀληθείᾳ
680 2345 795 2382 σου
811 2345 831 2392 ;
869 2329 1007 2381 Ἀλλ’
1027 2329 1429 2398 ἁποθεραπεύει
1457 2329 1554 2401 τὴν
1584 2328 1780 2382 ἐαυτοῦ

197 2417 533 2489 ἀμηχανίαν,
567 2419 828 2490 ἀνωτέρω
859 2420 957 2490 μὲν
990 2419 1258 2489 είρηκὼς’
1308 2420 1412 2474 Ἐν
1447 2419 1570 2485 τοῖς
1611 2422 1782 2486 οὐρα-

196 2507 327 2573 νοῖς
352 2508 852 2578 ἐτοιμασθήο-εταιε
869 2512 907 2578 ἡ
933 2509 1183 2577 ἀλήθειά
1209 2527 1346 2574 σου,
1378 2513 1434 2564 ἐν
1462 2510 1518 2563 δέ
1545 2513 1657 2573 τοῖς
1685 2528 1780 2581 με·

196 2597 268 2652 τὰ
299 2602 518 2670 χεῖρας·
566 2599 1143 2672 Ἐξομολογ-ήσονται
1179 2607 1234 2658 ot
1266 2603 1508 2672 οὐρανοί
1537 2603 1610 2656 τὰ
1645 2607 1781 2658 dav-

191 2689 386 2759 μάσιά
419 2706 558 2757 σου,
587 2692 684 2745 καὶ
708 2691 822 2760 γὰρ
848 2693 962 2761 τὴν
981 2693 1274 2760 ἀλήθειάν
1297 2711 1413 2749 σου
1448 2696 1518 2748 ἐν
1543 2695 1782 2763 Ἐκκλη-

197 2781 308 2850 ὀ-ίᾳ
341 2783 678 2852 ἀγίων.”οτι
720 2786 811 2851 τίς
852 2786 921 2839 ὲν
965 2786 1249 2856 νεφέλαις
1296 2788 1652 2857 ὶσωθήσεται
1699 2787 1779 2853 τῷ

195 2874 414 2941 Κυρίῳ,
438 2876 866 2946 ὁμοιωθήσεται
911 2875 992 2942 τῷ
1037 2879 1234 2945 Κιερίῳ
1277 2879 1346 2931 ἐν
1395 2879 1546 2944 υἱοῖς
1595 2879 1780 2942 Θεοῦ;

209 2966 358 3018 ’Λντὶ
399 2967 524 3020 τοῦ·
571 2969 641 3022 ἐν
679 2971 981 3038 νεφέλαις,
1043 2972 1071 3024 ὁ
1123 2971 1417 3041 Σύμμαχός
1467 2987 1622 3040 φησι·
1683 2972 1779 3036 Τίς

196 3056 309 3126 γὰρ
356 3058 426 3110 ἐν
475 3060 697 3126 αὶθέρι;
725 3059 938 3131 Σφόδρα
989 3059 1046 3112 δὲ
1093 3059 1399 3122 ἀκολούθως
1437 3062 1683 3132 ἐπήγαγε
1712 3060 1779 3113 τὰ

195 3154 537 3224 προκείμενα
561 3158 674 3218 τοῖς
695 3154 1038 3226 προλεχθεῖσι
1064 3172 1078 3184 ·
1117 3153 1214 3225 τὴν
1243 3154 1352 3225 γὰρ
1380 3153 1634 3224 ἀλήθειάν
1663 3171 1775 3216 σου,

193 3247 354 3315 φησι,
381 3246 474 3299 καὶ
501 3245 568 3298 τὰ
592 3244 871 3315 θαυμάσια
901 3261 1018 3308 σου,
1047 3244 1094 3296 εἱ
1124 3245 1217 3296 καὶ
1247 3243 1326 3314 μὴ
1350 3243 1625 3314 ἄνθρωποι
1656 3261 1776 3298 συν-

1880 3257 2002 3303 sunt
2042 3246 2423 3301 misericordia:
2465 3255 2570 3300 tute
2610 3249 2844 3317 antiqua:
2867 3290 2880 3312 ,
2915 3245 3174 3307 Domine,
3206 3263 3337 3314 quas
3363 3247 3457 3316 ju-
3557 3271 3560 3282 ι

194 3341 337 3391 εἶναι
365 3337 619 3391 δύνανται
639 3354 652 3368 ο
683 3337 750 3389 δι’
782 3336 810 3388 ὅ
857 3336 1034 3408 μέλλω
1074 3334 1252 3404 λέγειν
1286 3336 1482 3407 μικρὸν
1513 3335 1737 3407 ὕστερον
1760 3353 1774 3367 ’

195 3428 321 3480 Ποῦ
344 3426 475 3481 ἐστι
503 3427 574 3480 τὰ
593 3425 734 3494 eas"
764 3442 881 3479 σου
909 3427 980 3478 τὰ
1001 3425 1240 3495 ἀρχαῖα,
1261 3425 1457 3493 Κύριε,
1477 3423 1514 3477 ἂ
1536 3424 1778 3494 ὤμοσας

191 3519 275 3585 τῷ
301 3519 511 3582 Δαυΐδ;
553 3519 689 3572 Ἀλλ’
715 3520 933 3590 ούρανοὶ
964 3518 1314 3590 διηγήσονται
1355 3520 1450 3572 καὶ
1483 3519 1778 3590 Ἐκκλησία

194 3611 372 3679 ἁγίων
417 3611 776 3681 μαρτυρήσει,
809 3611 887 3663 ὅτι
941 3610 1106 3681 μηδὲν
1137 3602 1212 3663 ὧν
1239 3609 1462 3678 ὤμοσας
1489 3607 1566 3678 τῷ
1593 3608 1773 3671 Δαυῖδ,

191 3703 553 3765 διαπεσεῖται,
585 3703 706 3755 οὐδὲ
735 3702 1026 3772 ψεύσονταί
1059 3719 1149 3754 σου
1185 3702 1239 3754 αί
1272 3701 1628 3769 ἐπαγγελίαι·
1660 3701 1779 3754 ἁδύ-

193 3812 356 3848 νατον
383 3795 492 3865 γάρ
528 3797 638 3848 ἐστι
672 3795 734 3848 τὸ
763 3796 822 3848 σὲ
851 3795 1182 3865 ψεύσασθαι.
1214 3795 1309 3857 Τίς
1340 3794 1448 3864 γάρ
1473 3811 1554 3846 σοι
1582 3793 1774 3859 ἐξισω-

193 3888 421 3960 θήσεται
454 3889 511 3941 ἐν
535 3887 778 3959 ἀληθείᾳ,
809 3888 841 3958 ἢ
869 3888 953 3950 τίς
981 3888 1378 3958 ὁμοιωθήσεται
1411 3886 1468 3940 ἐν
1490 3884 1568 3956 τῷ
1598 3885 1776 3952 λέγειν

191 3980 290 4032 καὶ
313 3977 636 4032 πιστοῦσθαί
671 3995 762 4031 σου
797 3978 896 4040 τὰς
927 3976 1290 4044 ἐπαγγελίας;
1329 3975 1464 4028 Οὐδὲ
1496 3975 1606 4046 γὰρ
1627 3976 1775 4028 ἀντι-

193 4070 387 4140 στῆναί
423 4087 514 4122 σου
544 4072 609 4140 τῇ
643 4067 803 4140 βουλῇ
841 4068 1066 4120 δύναταί
1108 4085 1212 4131 τις,
1247 4066 1320 4129 ὡς
1352 4065 1678 4138 ἀνατρέπειν
1705 4063 1776 4118 τὰ

190 4160 340 4225 ἅπαξ
372 4159 475 4212 ὑπὸ
505 4159 599 4212 σοῦ
625 4159 924 4230 ὡρισμένα,
949 4159 1142 4228 μήτιγε
1164 4157 1232 4210 τὰ
1267 4155 1384 4228 μεθ’
1410 4158 1574 4228 ὅρκου
1602 4159 1774 4228 ἐπηγ-

189 4252 462 4322 γελμένα·
508 4250 647 4304 ὥστε
691 4252 739 4303 εί
778 4249 851 4321 μὴ
882 4251 976 4303 καὶ
1021 4251 1152 4320 ἡμῖν
1189 4248 1454 4318 ἔγνωσταί
1487 4266 1576 4301 πω
1607 4249 1774 4321 ήτῶν

189 4341 536 4411 ἐπαγγελιῶν
563 4357 655 4393 σου
681 4339 925 4411 ἀλήθεια,
957 4339 1072 4392 ἀλλ’
1099 4341 1275 4391 ἐκεῖνο
1300 4337 1544 4411 ἀκριϐῶς
1580 4339 1737 4409 ἴσμεν
1755 4377 1770 4401 ,

189 4435 279 4489 ὅτι
319 4434 579 4499 δυνατὸς
607 4429 680 4495 εἷ,
707 4433 900 4501 Κύριε,
930 4431 1027 4484 καὶ
1064 4432 1102 4500 ἡ
1139 4431 1391 4498 ἀλήθειά
1422 4445 1538 4484 σου
1570 4431 1773 4494 κύκλῳ

188 4540 329 4580 σου.
364 4525 526 4579 Πὰντ’
553 4520 644 4577 οὖν
676 4524 774 4576 ὅσα
806 4522 898 4576 καὶ
923 4521 1246 4593 βεδούλησαι
1275 4522 1520 4587 δύνασαι,
1545 4522 1638 4574 καὶ
1663 4521 1772 4574 τῶν

1886 691 2152 738 ωῑεηιιιηι
2175 723 2189 747 ,
2225 683 2342 738 sive
2373 691 2590 753 pactum
2624 683 2690 736 ab
2721 683 2813 736 illo
2844 699 2968 736 cum
3003 682 3114 736 Deo
3142 698 3460 752 percussuro

1887 774 2098 829 fuisse?
2127 775 2206 828 sic
2231 775 2376 828 enim
2409 773 2601 844 Aquila
2632 787 2683 829 et
2717 771 3076 845 Symmachus
3121 773 3459 842 interpretati

1887 875 2052 928 sunt,
2083 867 2176 935 qui
2211 878 2421 934 pactum
2465 882 2562 935 pro
2592 873 2924 920 testamento
2971 864 3246 919 dixerunt.
3296 864 3460 917 Mira-

1887 959 1994 1014 bile
2023 974 2241 1028 quoque
2269 961 2594 1028 eratjurare
2627 957 2794 1011 Deum
2841 956 3086 1018 homini,
3124 957 3335 1025 ipsique
3372 955 3459 1009 di-

1885 1065 2009 1105 cere
2027 1091 2041 1113 ,
2073 1050 2245 1121 Usque
2269 1053 2322 1104 in
2345 1062 2599 1106 wlernum
2623 1049 2937 1119 pra'parabo
2961 1066 3131 1102 semen
3162 1059 3309 1100 luunt
3327 1088 3342 1111 ,
3373 1063 3460 1104 se-

1884 1143 2122 1198 cundum
2157 1142 2539 1214 Symmachum
2568 1160 2581 1196 :
2618 1141 2684 1194 Et
2717 1142 2990 1211 a'diﬁcabo
3031 1142 3083 1195 in
3115 1157 3462 1210 unamquam-

1883 1249 1981 1305 que
1998 1235 2385 1304 generationem
2405 1234 2647 1287 thronum
2671 1243 2813 1286 tuum
2833 1275 2846 1299 ,
2868 1237 3166 1288 secundum
3184 1230 3456 1287 eumdem.

1883 1325 1948 1379 At
1969 1326 2264 1380 maximum
2286 1326 2530 1380 omnium
2555 1324 2875 1379 miraculum
2896 1325 3026 1378 illud
3045 1333 3182 1388 erat,
3207 1323 3460 1378 videlicet

1884 1418 1999 1472 haec
2016 1419 2315 1488 pollicitum
2341 1417 2507 1474 Deum
2528 1459 2541 1481 ,
2558 1417 2872 1487 juramcnto
2885 1416 3074 1471 eadem
3093 1417 3414 1486 obsignasse
3439 1436 3454 1470 :

1883 1527 2071 1566 verum
2116 1511 2262 1582 quod
2293 1498 2539 1566 omnium
2572 1509 2798 1564 omnino
2833 1508 3303 1563 mirabilissimum
3337 1517 3456 1574 cst,

1882 1601 1978 1658 Dei
2006 1618 2321 1666 sermones,
2354 1617 2494 1673 quos
2520 1601 2740 1671 juratus
2776 1600 3109 1671 protulerat,
3145 1615 3252 1653 non
3283 1598 3458 1653 ad-ef-

1883 1693 2084 1750 fectum
2131 1696 2400 1750 deductos
2447 1710 2614 1759 esse;
2665 1693 2759 1748 sed
2808 1693 3140 1762 iuramentis
3182 1691 3456 1746 contraria

1882 1789 2128 1843 evenisse
2173 1788 2366 1844 videri.
2413 1787 2548 1840 Nam
2595 1768 2789 1841 deinde
2832 1786 3039 1856 pergit,
3089 1785 3289 1840 divinis
3332 1800 3459 1855 pro-

1884 1879 2072 1935 missis
2106 1882 2352 1950 opposita
2379 1878 2677 1948 contigisse
2707 1892 2940 1932 narrans
2969 1897 2980 1932 :
3013 1892 3246 1948 quorum
3279 1876 3455 1930 maxi-

1882 1986 1968 2024 me
1990 1985 2154 2025 causa
2181 1970 2515 2038 obstupescit
2538 1970 2873 2038 miraturque
2897 1966 3167 2039 Propheta
3183 2007 3197 2031 ,
3223 1974 3275 2021 et
3299 1965 3457 2035 quasi

1882 2078 1995 2117 rem
2025 2079 2167 2133 aegre
2199 2063 2378 2118 ferens
2406 2065 2480 2116 ait
2509 2081 2521 2117 :
2553 2061 2651 2115 Ubi
2685 2071 2805 2114 sunt
2835 2061 3212 2114 misericordia:
3241 2069 3344 2113 tua:
3371 2075 3460 2110 an-

1881 2152 2073 2222 tiquae,
2108 2152 2360 2218 Domine,
2392 2169 2526 2222 quas
2549 2151 2753 2220 jurasti
2780 2150 2952 2204 David
2998 2152 3050 2204 in
3080 2151 3297 2204 veritate
3325 2150 3458 2203 tua?

1881 2241 1949 2296 At
1979 2244 2244 2315 angustiae
2274 2259 2387 2300 suae
2415 2243 2677 2298 medelam
2716 2243 2992 2306 adhibuit,
3039 2252 3150 2296 tum
3200 2241 3458 2311 superius

1880 2351 2005 2390 cum
2048 2335 2290 2400 diceret,
2348 2335 2412 2390 In
2465 2335 2607 2390 cretis
2651 2335 3043 2406 prwparabilur
3083 2335 3276 2389 veritas
3320 2343 3456 2394 tua;

1882 2433 1996 2478 tum
2043 2426 2096 2478 in
2139 2425 2225 2481 his
2269 2441 2389 2495 quae
2435 2435 2739 2482 tractamus
2780 2426 3004 2489 dicens,
3055 2424 3458 2494 Conﬁtebuntur

1879 2513 1996 2567 caeli
2027 2513 2294 2568 mirabilia
2329 2524 2419 2568 tua
2440 2555 2454 2577 ,
2483 2517 2675 2570 etenim
2706 2515 2979 2570 veritatem
3013 2523 3158 2567 tuam
3185 2516 3237 2567 in
3269 2513 3456 2568 Eccle-

1880 2606 1961 2659 sia
2016 2617 2342 2660 sanctorum.
2365 2635 2437 2646 ——
2461 2605 2624 2661 Vens.
2681 2607 2732 2662 7.
2784 2605 3046 2672 Quoniam
3080 2607 3196 2676 quis
3228 2607 3283 2658 in
3305 2605 3458 2659 nubi-

1881 2695 1975 2749 bus
2009 2696 2304 2760 wquabitur
2330 2696 2556 2752 Domino
2585 2738 2598 2762 ,
2631 2698 2821 2753 similis
2850 2701 2950 2754 erit
2983 2698 3208 2752 Domino
3241 2697 3295 2750 in
3329 2696 3458 2765 ﬁliis

1885 2785 1978 2840 Dei
2007 2790 2032 2843 ξ)
2059 2787 2165 2841 Pro
2195 2788 2320 2853 illo,
2353 2789 2406 2841 in
2456 2789 2680 2844 nubibus
2701 2830 2715 2852 ,
2762 2789 3124 2861 Symmachus
3171 2787 3283 2850 ait,
3323 2788 3462 2853 Quis

1879 2882 2018 2935 enim
2061 2881 2117 2933 in
2164 2880 2403 2936 wthere?
2447 2881 2753 2935 Admodum
2797 2891 3163 2952 congruenter
3197 2879 3310 2933 hanc
3340 2879 3455 2950 jam

1880 2970 2179 3040 praemissis
2214 2969 2454 3038 adiecit:
2492 2973 2776 3026 veritatem
2817 2973 2960 3025 enim
3005 2980 3190 3034 tuam,
3237 2971 3451 3040 inquit,

1880 3071 1934 3118 et
1979 3063 2252 3117 mirabilia
2302 3071 2395 3116 tua
2441 3063 2656 3117 etiamsi
2701 3063 2950 3118 homines
2999 3063 3300 3133 intelligere
3343 3077 3455 3116 non

1880 3155 2136 3221 valeant;
2171 3169 2277 3225 qua
2327 3155 2394 3208 de
2423 3168 2593 3209 causa
2619 3154 2846 3225 jamjam
2881 3155 3133 3209 dicturus
3160 3170 3280 3208 sum
3304 3196 3318 3220 ,
3357 3152 3456 3207 Ubi

1881 3339 2015 3392 rasti
2050 3337 2272 3392 David?
2301 3345 2355 3390 at
2384 3337 2509 3391 εαξιὶ
2536 3337 2904 3400 enarrabunt,
2938 3343 2992 3390 et
3039 3334 3294 3400 Ecclesia,
3327 3352 3455 3391 san-

1878 3439 2088 3485 ctorum
2112 3429 2516 3492 testiﬁcabitur,
2538 3430 2674 3483 nihil
2697 3444 2886 3483 eorum
2909 3444 3028 3497 quae
3048 3426 3235 3482 Davidi
3258 3427 3456 3497 jurasti

1877 3523 2158 3592 lapsurum
2205 3537 2367 3588 esse,
2420 3537 2602 3591 neque
2652 3521 2838 3575 irritas
2890 3520 3008 3575 fore
3059 3519 3458 3590 promissiones

1876 3623 2003 3670 tuas
2032 3633 2045 3668 :
2077 3613 2192 3670 ﬁeri
2219 3615 2366 3669 enim
2391 3615 2578 3684 nequit
2605 3622 2655 3666 te
2683 3612 2923 3665 mentiri.
2955 3611 3087 3676 Quis
3109 3612 3252 3666 enim
3281 3624 3460 3679 aequa-

1878 3707 1947 3762 lis
1981 3705 2079 3760 tibi
2107 3706 2213 3760 erit
2244 3705 2300 3758 in
2331 3706 2595 3766 veritate,
2628 3709 2721 3756 aut
2752 3701 2876 3771 quis
2907 3702 3106 3757 similis
3135 3701 3240 3756 erit
3269 3701 3366 3754 tibi
3401 3701 3454 3754 in

1876 3811 1972 3861 eo,
1997 3795 2142 3866 quod
2170 3795 2414 3865 loquaris
2437 3801 2491 3849 et
2516 3791 2907 3862 promissiones
2936 3800 3040 3844 tua:
3066 3789 3233 3845 ﬁrmae
3261 3797 3315 3844 et
3342 3790 3456 3860 ple-

1876 3902 1960 3942 nae
1993 3886 2118 3941 ﬁdei
2163 3884 2444 3941 evadant?
2473 3881 2604 3938 Tuae
2633 3883 2834 3953 quippe
2862 3881 3132 3936 voluntati
3163 3895 3326 3936 nemo
3354 3897 3453 3950 po-

1876 3987 1983 4035 test
2013 3977 2320 4042 obsistere,
2369 3977 2445 4030 ita
2485 3983 2547 4030 ut
2591 3989 2690 4040 ea,
2736 3989 2856 4044 qua:
2885 3988 2915 4026 a
2945 3981 2998 4028 te
3029 3973 3196 4027 semel
3229 3971 3452 4027 definita

1877 4080 2037 4137 sunt,
2067 4077 2312 4134 evertat,
2348 4068 2549 4124 nedum
2582 4083 2644 4123 ea
2675 4084 2797 4138 qua:
2828 4081 2950 4121 cum
2980 4066 3296 4135 juramcnto
3323 4080 3452 4134 pro-

1875 4161 2047 4217 missa
2091 4167 2261 4226 sunt;
2309 4159 2384 4212 ita
2429 4165 2490 4212 ut
2527 4157 2745 4212 etiamsi
2790 4156 2952 4210 nobis
2995 4163 3123 4208 nota
3161 4170 3271 4207 non
3310 4159 3456 4208 esset

1875 4253 2274 4325 promissorum
2308 4259 2528 4304 tuorum
2559 4250 2763 4305 veritas
2785 4291 2799 4315 ,
2833 4256 2888 4301 at
2925 4246 3058 4301 illud
3101 4246 3269 4313 probe
3310 4246 3454 4299 scia—

1876 4359 2032 4408 mus,
2062 4343 2311 4414 quoniam
2343 4349 2524 4409 potens
2552 4357 2639 4404 es,
2675 4339 2932 4401 Domine,
2964 4347 3013 4392 et
3046 4339 3240 4391 veritas
3275 4344 3364 4388 tua
3399 4337 3456 4387 in

1874 4437 2099 4491 circuitu
2132 4445 2243 4490 tuo.
2283 4432 2478 4490 Omnia
2524 4433 2690 4504 igitur
2718 4447 3058 4503 quaecunque
3089 4429 3328 4483 volueris
3358 4443 3453 4496 po—

1875 4539 1995 4593 tes,
2039 4537 2093 4584 et
2119 4525 2510 4597 praedictorum
2551 4524 2618 4580 de
2665 4522 2869 4577 Davide
2918 4523 3210 4576 verborum
3250 4527 3452 4573 veritas

187 4619 367 4687 λόγων
399 4633 492 4670 σου
521 4617 629 4670 τῶν
653 4616 784 4686 περὶ
811 4613 905 4667 τοῦ
925 4613 1086 4666 Δαυῒδ
1111 4613 1531 4687 προρρηθέντων
1573 4615 1607 4682 ή
1635 4612 1769 4684 ἀλή-

1879 4622 2021 4676 circa
2052 4628 2105 4675 te
2134 4619 2414 4683 volvitur;
2446 4616 2522 4670 ita
2556 4625 2614 4669 ut
2643 4615 2898 4669 omnibus
2920 4652 2934 4676 ,
2973 4613 3064 4682 qui
3094 4613 3240 4666 circa
3273 4621 3323 4664 te
3356 4623 3453 4678 po-

190 4709 312 4764 θεια
341 4709 485 4780 ἀμφὶ
520 4711 579 4762 σὲ
601 4707 854 4762 εἱλεῖται⁹
889 4704 964 4767 ὡς
989 4708 1122 4760 πᾶσι
1153 4706 1251 4777 μὲν
1272 4709 1385 4770 τοῖς
1409 4706 1535 4779 περὶ
1566 4707 1626 4759 σέ
1655 4701 1774 4760 οὖσι

188 4802 282 4857 καὶ
315 4800 417 4870 τὴν
441 4797 538 4869 σὴν
569 4797 797 4868 θεότητα
820 4794 1182 4865 δορυφυροῦσι
1214 4793 1598 4862 γινώσκεσθαι,
1613 4797 1775 4864 ἁγνο-

187 4892 368 4946 εἴσθαι
393 4890 449 4943 δὲ
470 4893 582 4953 τοῖς
617 4888 832 4960 μακρὰν
864 4886 1227 4954 ἀφεστηκόσιν
1254 4886 1362 4940 ἀπὸ
1391 4886 1506 4939 σοῦ.

256 4985 418 5036 Δοκεῖ
460 4982 517 5034 δέ
571 4998 660 5052 μοι
707 4979 794 5033 διὰ
825 4980 1027 5030 τούτων
1048 4977 1077 5029 ὁ
1110 4978 1420 5049 Προφήτης,
1448 4977 1587 5047 ἁγίῳ
1616 4975 1785 5029 Πνεύ-.

190 5094 324 5150 ματι
358 5073 730 5146 θεοφορηθεὶς,
759 5070 1000 5132 καὶτοὺς
1019 5069 1116 5140 τῆς
1134 5068 1314 5140 ψυχῆς
1337 5069 1649 5139 ὀφθαλμοὺς
1669 5085 1775 5138 (pm-

181 5172 238 5224 τὶ
263 5167 439 5240 νοερῷ
463 5162 883 5234 καταυγασθεὶς,
907 5161 1008 5232 τὴν
1036 5159 1193 5227 δόξαν
1226 5161 1528 5234 ἑωρακέναι
1551 5159 1643 5212 τοῦ
1667 5161 1776 5212 Μο-

183 5257 443 5328 νογενοῦς
489 5257 582 5309 τοῦ
628 5254 764 5308 Θεοῦ
839 5256 898 5306 ἐν
947 5251 1099 5323 μέσῳ
1149 5252 1246 5322 τῆς
1293 5248 1616 5321 Ἐκκλησίας
1661 5249 1772 5304 τῶν

183 5353 360 5422 ἁγίων
391 5350 644 5412 ἐστῶτος,
672 5349 766 5400 καὶ
797 5343 1268 5416 δορυφορουμένου
1306 5341 1410 5396 ὑπὸ
1451 5340 1558 5394 τῶν
1602 5339 1771 5408 ἁγίων

179 5446 292 5498 τῶν
329 5446 387 5497 ἐν
428 5442 676 5512 βασιλείᾳ
713 5437 900 5492 αὑτοῦ.
937 5435 1334 5506 Μνημονεύει-ας
1363 5433 1496 5502 γοῦν
1535 5433 1644 5487 τῶν
1675 5433 1768 5486 ού-

184 5535 391 5608 ρανῶν,
423 5533 514 5586 καὶ
564 5531 641 5602 τῷ
691 5528 822 5595 θείῳ
873 5526 1149 5597 Πνεύματι
1188 5524 1500 5588 ἐνατενίσας
1545 5527 1612 5596 τῇ
1661 5523 1769 5578 τῶν

181 5627 361 5696 ἁγίων
410 5622 725 5692 Ἐκκλησία,
757 5619 930 5673 ἔοικεν
979 5618 1280 5688 ἑωρακέναι
1322 5617 1488 5687 μέσον
1522 5615 1614 5668 τὸν
1639 5615 1766 5668 Υἱὸν

178 5717 280 5772 τοῦ
313 5713 450 5769 Θεοῦ
468 5731 484 5747 ο
507 5711 626 5767 εἶτα
650 5710 788 5783 μετὰ
816 5711 914 5781 τὴν
935 5709 1142 5766 ἐκείνου
1169 5709 1494 5779 κατανόησιν
1521 5708 1770 5778 ἐπιστρέο

179 5828 310 5884 φειν
345 5809 472 5871 τοὺς
514 5805 824 5876 ὀφθαλμοὺς
857 5803 948 5856 ἐπὶ
991 5800 1100 5856 τῶν
1130 5801 1288 5870 πέριξ
1315 5801 1484 5869 ἁγίων
1516 5799 1765 5868 ἀγγέλων

182 5904 281 5962 καὶ
311 5897 690 5972 ἁρχαγγέλων,
739 5894 1061 5966 πνευμάτων
1080 5911 1137 5948 τε
1164 5892 1321 5946 θείων
1358 5894 1450 5946 καὶ
1482 5891 1762 5962 δυνάμεων

1876 4712 1968 4769 siti
1997 4718 2126 4766 sunt
2154 4718 2209 4764 et
2237 4708 2496 4763 deitatem
2527 4706 2732 4776 stipant
2762 4711 2911 4757 tuam
2935 4745 2949 4770 ,
2984 4712 3114 4756 nota
3145 4703 3246 4769 sit,
3281 4700 3349 4755 ab
3381 4701 3454 4755 iis

1876 4819 2008 4858 vero
2037 4803 2130 4872 qui
2161 4801 2355 4872 procul
2385 4810 2438 4856 te
2465 4805 2594 4854 sunt
2615 4838 2629 4864 ,
2658 4798 2958 4867 ignoretur.

1945 4976 2026 5030 Ex
2054 4974 2143 5042 his
2175 4989 2342 5045 porro
2368 4972 2588 5028 videtur
2615 4969 2751 5024 mihi
2774 4968 3052 5039 Propheta
3086 4967 3296 5040 Spiritu
3325 4983 3454 5024 san-

1874 5078 1963 5124 cto
1991 5069 2177 5123 divine
2207 5068 2452 5137 repletus
2472 5107 2486 5132 ,
2530 5079 2594 5118 ac
2623 5064 2825 5118 mentis
2850 5063 3030 5118 oculis
3064 5063 3334 5132 spirituali
3367 5063 3453 5116 lu-

1876 5163 2024 5217 mine
2050 5162 2362 5216 illustratus
2383 5199 2396 5223 ,
2427 5156 2660 5228 gloriam
2689 5155 2895 5211 vidisse
2928 5153 3199 5224 Unigeniti
3231 5153 3358 5220 Dei,
3395 5154 3454 5206 in

1873 5252 2052 5308 medio
2075 5251 2332 5307 Ecclesiae
2355 5257 2675 5304 sanctorum
2698 5247 2918 5313 stantis,
2942 5256 2996 5304 et
3020 5255 3335 5302 sanctorum
3356 5246 3450 5316 qui

1874 5346 1930 5399 in
1971 5357 2140 5414 regno
2165 5343 2286 5412 ejus
2314 5350 2442 5398 sunt
2472 5340 2820 5394 multitudine
2849 5339 3057 5410 stipati.
3099 5337 3236 5393 Cum
3280 5339 3452 5392 caelos

1872 5447 2108 5501 namque
2138 5439 2536 5495 memorasset,
2571 5437 2624 5484 et
2658 5427 2862 5498 Spiritu
2893 5429 3082 5484 divino
3132 5437 3450 5484 sanctorum

1872 5521 2172 5578 Ecclesiam
2209 5523 2538 5588 intueretur,
2568 5521 2787 5576 videtur
2820 5522 2874 5576 in
2906 5523 3088 5577 medio
3130 5537 3319 5576 eorum
3358 5521 3452 5576 Fi-

1868 5612 2000 5666 lium
2015 5612 2110 5668 Dei
2135 5613 2510 5684 conspexisse,
2526 5598 2721 5668 deinde
2739 5622 2917 5668 autem
2937 5614 3056 5684 ipso
3077 5614 3450 5680 considerato,

1868 5707 2061 5762 oculos
2090 5715 2304 5762 vertere
2346 5707 2415 5761 ad
2454 5716 2772 5763 sanctorum
2819 5708 3170 5778 angelorum,
3217 5709 3451 5764 archan-

1867 5799 2114 5868 gelorum
2133 5838 2148 5864 ,
2177 5798 2468 5868 spirituum
2493 5799 2803 5854 divinorum
2836 5807 2890 5853 et
2918 5803 3180 5854 vir-tutum
3215 5803 3446 5856 circum-

1869 5889 2102 5958 positum
2131 5891 2357 5946 chorum
2385 5910 2398 5946 :
2441 5891 2636 5948 borum
2681 5891 3020 5948 divinitatem
3054 5893 3237 5947 mirari
3265 5910 3278 5960 ;
3313 5909 3441 5950 eum
