3974 6512
552 465 695 521 1085

1254 450 1534 507 ΕΙΞΞΕΒΙῘ
1563 446 2037 505 CASSARIENSIS
2074 442 2225 502 OPP.
2260 437 2566 497 PARSJII.
2607 466 2678 478 —
2707 429 3118 488 EXEGETICA.

3622 428 3728 483 ιθιι

559 597 687 636 vero
715 579 805 648 qui
834 588 1025 631 omnes
1064 570 1306 633 excedit,
1336 583 1526 624 omnes
1564 572 1822 637 superat,
1858 562 2116 633 Unigeni-
2143 601 2152 622 Α

2251 560 2375 630 ορόν
2393 576 2406 589 ·
2434 556 2529 610 καὶ
2557 552 2855 623 θαυμάζειν
2876 549 2987 619 τὴν
3006 545 3209 599 τούτων
3242 543 3486 611 θειότητα
3503 558 3515 572 ’
3542 543 3733 616 ὑπερεκ-

559 653 670 728 tuin
699 669 828 733 Dei,
859 682 982 722 cum
1015 672 1237 733 stupore
1270 658 1659 716 considerare:
1692 657 1889 712 deinde
1917 671 1983 710 ex
2028 653 2124 709 ad—

561 763 841 819 miratione
865 760 979 813 haec
1001 756 1151 827 eﬂari
1170 796 1185 819 ,
1210 753 1472 819 Quoniam
1493 752 1609 817 quis
1626 752 1680 803 in
1706 748 1927 803 nubibus
1948 763 2127 817 aequa-

561 858 700 910 bitur
727 854 993 909 Domino?
1028 850 1145 906 sive
1191 847 1495 903 secundum
1525 843 1912 916 Symmachum
1932 882 1949 909 ,
1994 841 2126 908 Quis

560 950 695 1002 enim
725 948 778 999 in
806 945 991 999 aethere
1015 942 1240 1010 conferet
1267 956 1321 994 se
1336 938 1558 992 Domino
1588 938 1641 990 in
1666 934 1793 1005 ﬁliis
1809 935 1954 990 Dei?
1983 932 2128 999 Haec,

562 1040 629 1095 de
661 1037 950 1108 Unigeuito
974 1035 1068 1089 Dei
1100 1035 1245 1088 dicta
1266 1073 1281 1096 ,
1319 1032 1461 1102 piam
1493 1036 1711 1086 servant
1753 1026 2077 1083 sententiam
2112 1040 2128 1089 ;

564 1131 631 1186 de
661 1130 821 1185 Patre
852 1144 981 1184 vero
1012 1142 1077 1181 ac
1110 1126 1220 1180 Deo
1261 1126 1643 1179 universorum
1683 1135 1843 1177 secus
1872 1139 1885 1174 :
1930 1118 2133 1186 impro-

566 1223 684 1293 pria
713 1221 857 1276 enim
885 1228 941 1274 et
969 1219 1132 1288 impia
1160 1215 1690 1286 comparatioesset.
1718 1211 1855 1266 Nam
1887 1209 2013 1265 ﬁliis
2039 1207 2135 1262 Dei

567 1314 815 1369 omnium
838 1326 1059 1365 causam
1088 1309 1373 1379 conferre,
1403 1314 1457 1361 et
1484 1320 1607 1360 eum
1635 1304 1729 1374 qui
1757 1317 1924 1372 supra
1953 1300 2136 1355 omnia

568 1412 652 1459 est
688 1402 827 1457 Deus
860 1402 982 1456 aliis
1014 1413 1370 1469 comparare,
1416 1395 1858 1465 improbissimus
1892 1392 2136 1446 omnium

570 1513 741 1552 ausus
765 1504 929 1551 esset.
960 1496 1028 1549 At
1058 1495 1178 1550 sine
1206 1493 1452 1564 periculo
1482 1491 1656 1547 Filius
1693 1490 1788 1545 Dei
1823 1489 2140 1559 unigenitus

572 1589 702 1643 [iliis
740 1587 837 1642 Dei
873 1594 1245 1654 comparatur,
1286 1599 1349 1637 ac
1388 1583 1594 1638 dicitur
1630 1596 1755 1636 cum
1796 1581 2139 1650 incompara-

572 1680 733 1734 bilem
766 1694 913 1743 esse,
944 1693 1065 1731 cum
1096 1676 1246 1730 nullo
1277 1673 1669 1728 conferendum
1690 1714 1706 1737 ,
1749 1678 1912 1740 atque
1955 1671 2144 1725 admo-

572 1772 700 1825 dum
723 1771 1049 1825 antecellere
1068 1769 1332 1823 asseritur
1354 1767 1439 1822 his
1463 1765 1668 1828 verbis,
1690 1765 1821 1831 Quis
1846 1764 1898 1817 in
1920 1762 2142 1817 nubibus

572 1865 870 1933 a'quabitur
904 1862 1173 1916 Domino?
1216 1875 1281 1914 ac
1323 1861 1370 1913 si
1409 1860 1644 1921 dicatur,
1688 1871 1868 1913 nemo.
1915 1855 2143 1910 Etiamsi

572 1957 716 2011 enim
744 1955 899 2008 multi
929 1954 1140 2019 sancti,
1166 1960 1218 2007 et
1246 1953 1414 2005 millia
1446 1951 1763 2022 angelorum
1781 1990 1796 2014 ,
1821 1958 1875 2004 et
1902 1948 2145 2003 Ecclesia

573 2043 1003 2114 primitivorum,
1035 2042 1395 2111 principatus,
1426 2047 1725 2109 potestates
1746 2079 1760 2103 ,
1793 2040 2015 2101 throni,
2044 2037 2145 2091 do-

573 2135 905 2189 minationes
931 2173 945 2196 ,
990 2132 1219 2202 spiritus
1274 2132 1488 2195 sancti,
1538 2131 1772 2185 virtutes
1815 2130 2045 2193 divina},
2089 2129 2147 2183 in

575 2225 897 2280 coelestibus
918 2223 1251 2279 exercitibus
1272 2231 1581 2285 versentur,
1606 2221 1885 2276 caelestem
1912 2220 2147 2290 implen-

576 2326 658 2371 tes
690 2316 989 2371 Ecclesiam
1018 2334 1033 2378 ;
1061 2324 1115 2368 at
1141 2317 1296 2385 quis,
1328 2315 1436 2378 ait,
1462 2314 1516 2368 iu
1546 2314 1746 2368 :etbere
1775 2327 1939 2382 supra
1967 2312 2150 2366 firma-

576 2412 818 2459 mentum
852 2404 1032 2475 posito
1062 2406 1371 2475 aequabitur
1407 2403 1682 2457 Domino?
1717 2403 1873 2468 Quod
1912 2404 1957 2457 si
1991 2402 2147 2456 mblti

578 2497 673 2550 lilii
699 2495 792 2550 Dei
826 2503 954 2551 sunt
983 2496 1246 2566 multique
1288 2494 1397 2559 dii,
1449 2494 1751 2550 secundum
1792 2494 1960 2556 illud,
2004 2493 2147 2551 Deus

576 2589 721 2643 stetit
759 2589 815 2641 in
841 2589 1361 2658 synagogadeorum
1389 2591 1467 2653 ²¹;
1494 2595 1551 2643 et
1569 2626 1585 2653 ,
1625 2586 1766 2641 Deus
1796 2586 2015 2640 deorum
2042 2584 2150 2640 Do-

578 2681 751 2734 minus
795 2680 1000 2735 loculus
1038 2690 1117 2735 est
1145 2684 1189 2713 “
1218 2722 1231 2741 .
1280 2689 1369 2744 et,
1417 2679 1531 2749 Ego
1568 2678 1719 2745 dixi,
1763 2677 1854 2731 Dii
1905 2679 2064 2741 estis,
2099 2686 2148 2731 et

579 2774 679 2842 ﬁlii
706 2772 971 2827 Altissimi
1001 2790 1176 2828 omnes
1199 2774 1278 2828 “:
1309 2771 1404 2829 sed
1426 2773 1541 2842 quis
1567 2771 1761 2826 similis
1790 2770 1899 2825 erit
1925 2769 2149 2823 Domino

578 2865 633 2917 in
665 2864 795 2933 ﬁliis
837 2864 985 2920 Dei?
1026 2863 1160 2918 Nam
1209 2880 1334 2919 cum
1386 2864 1665 2919 innumeri
1714 2862 1836 2932 ejus
1885 2861 1979 2916 ﬁlii
2008 2864 2147 2926 sint,

578 2971 779 3021 nemo,
828 2957 1040 3028 inquit.
1090 2958 1221 3012 huic
1269 2958 1465 3014 similis
1512 2958 1655 3020 erit,
1688 2964 1785 3011 aut
1822 2956 2148 3026 aequabitur,

582 3054 769 3115 utpote
808 3048 901 3116 qui
942 3049 1151 3103 electus
1178 3047 1281 3111 sit,
1310 3047 1626 3118 unigenitus
1654 3054 1712 3102 et
1753 3047 2152 3118 primogenitus

582 3138 763 3191 omnis
791 3145 1078 3206 creaturae,
1115 3136 1352 3193 Verbum
1386 3137 1516 3192 item
1546 3144 1601 3191 et
1646 3135 1934 3206 sapientia,
1975 3134 2152 3189 virtus

2224 649 2554 723 πλήττεσθαι
2577 648 2634 701 δὲ
2657 646 2748 699 τὸν
2773 642 3029 696 ἐπέκεινα
3054 638 3287 696 πάντων,
3314 636 3408 688 καὶ
3433 635 3559 704 ὑπὲρ
3577 638 3734 698 πάντας

2224 743 2315 797 τὸν
2337 740 2615 809 Μονογενῆ
2641 736 2733 791 τοῦ
2761 732 2895 788 Θεοῦ
2916 749 2929 763 ·
2965 727 3062 783 εἶτ’
3092 731 3165 782 ἐκ
3188 728 3279 781 τοῦ
3307 727 3568 797 θαύματος
3590 727 3740 778 ἀναπε-

2228 833 2535 905 φωνηκέναι
2561 830 2651 883 τό’
2681 829 2798 880 Ὅτι
2828 825 2921 887 τίς
2944 824 3014 876 ὲν
3041 820 3326 889 νεφέλαις
3344 816 3662 883 tamaricem:
3684 816 3741 880 τῷ

2228 926 2457 993 Κυρίῳ;
2506 922 2543 993 ἢ
2588 919 2730 974 κατά
2772 916 2864 969 τὸν
2890 914 3178 983 Σύμμαχον
3204 929 3217 941 ·
3257 911 3353 975 Τίς
3382 908 3486 978 γὰρ
3520 909 3582 961 ὲν
3603 908 3741 972 αἰθέρι

2232 1014 2697 1086 ἀντιπαραθήσει
2726 1011 2805 1078 τῷ
2838 1010 3030 1077 Κυρίῳ
3058 1009 3126 1060 ἐν
3152 1002 3299 1069 υίοῖς
3324 1001 3502 1063 Θεοῦ;
3533 998 3685 1052 Ταῦτα
3702 1000 3744 1051 δὲ

2233 1115 2361 1184 περὶ
2408 1112 2504 1183 μὲν
2557 1107 2651 1162 τοῦ
2698 1102 3035 1172 Μονογενοῦς
3070 1098 3163 1153 τοῦ
3196 1095 3329 1155 Θεοῦ
3356 1091 3749 1184 λεγόμενασὼζιι

2235 1181 2319 1258 ἂν-
2339 1181 2538 1271 εὑσεὸἦ
2567 1200 2665 1270 τὴν
2688 1196 2946 1256 διάνοιαν,
2978 1191 3037 1244 οὑ
3070 1189 3167 1261 μὲν
3200 1187 3327 1257 περὶ
3346 1183 3439 1237 τοῦ
3478 1181 3659 1253 [lum
3682 1182 3749 1233 iui

2236 1294 2371 1350 Θεοῦ
2402 1293 2508 1347 τῶν
2534 1292 2668 1345 ὅλων
2687 1306 2700 1319 ·
2724 1287 2993 1347 ἀνοίκειος
3023 1281 3132 1352 γὰρ
3161 1280 3254 1332 καὶ
3282 1276 3481 1346 ἀσεϐὴς
3509 1277 3540 1344 ἠ
3567 1273 3749 1339 παράθε-

2240 1405 2343 1451 σις.
2377 1385 2449 1438 Τὸ
2499 1383 2609 1454 γὰρ
2655 1382 2792 1443 υἱοῖς
2820 1375 2956 1431 Θεοῦ
2993 1370 3365 1445 παραϐάλλειν
3398 1368 3456 1420 τὸ
3484 1366 3670 1420 πάντων
3691 1366 3747 1417 αἶ-

2236 1498 2371 1545 τιον,
2402 1479 2495 1532 καὶ
2524 1476 2586 1529 τὸ
2624 1473 2935 1545 συγκρίνειν
2979 1468 3185 1540 ἐτέροις
3216 1465 3419 1535 τολμᾷν
3444 1462 3527 1515 τὸν
3558 1461 3752 1513 ἐπέκεινα

2240 1573 2350 1627 τῶν
2370 1571 2505 1624 ὅλων
2527 1568 2680 1630 Θεὸν,
2704 1565 2919 1619 πάντων
2941 1561 3006 1615 ἂν
3021 1560 3230 1629 γένοιτο
3252 1552 3615 1610 ἀνοσιώτατον.
3629 1552 3753 1604 ’Δκὶν-

2241 1665 2397 1726 δυνος
2441 1661 2485 1715 δ’
2509 1659 2574 1713 ἂν
2624 1658 2709 1727 εἴη
2760 1657 2789 1707 6
2830 1654 2986 1722 λόγος
3020 1653 3157 1713 υἱοῖς
3186 1647 3322 1702 Θεοῦ
3356 1645 3634 1716 συγκρίνων
3662 1643 3754 1694 Υίδν

2244 1747 2378 1803 Θεοῦ
2416 1744 2697 1817 μονογενῆς
2716 1742 2810 1795 καὶ
2834 1739 3051 1811 ’τὸ-πρὸς
3074 1734 3615 1803 πάνταςάσύγκριτον
3634 1731 3754 1785 αὑτοῦ

2246 1841 2339 1893 καὶ
2366 1835 2727 1909 ἀπαράθετον,
2758 1832 2877 1886 καθ’
2907 1830 3210 1902 ὑπερϐολήν
3237 1845 3299 1881 τε
3324 1827 3579 1897 ὑπερέχον
3612 1824 3757 1893 σημαία

2176 1896 2217 1950 Β
2246 1949 2356 1985 νειν
2387 1896 2600 1983 διάΙτοῦ
2620 1944 2633 1956 ·
2670 1896 2861 1991 Τίςέὲν
2891 1896 3177 1992 νεφέλαις
3216 1896 3564 1983 ὶσωθήσεται
3594 1912 3661 1978 τῷ
3676 1918 3763 1967 Ku-

2237 2025 2379 2092 plq);
2407 2022 2527 2075 ἀντὶ
2574 2018 2689 2081 τοῦ,
2732 2017 2928 2079 οὑδείς.
2964 2017 3025 2068 El
3048 2013 3294 2086 γὰρκαὶ
3337 2010 3519 2064 πολλοὶ
3554 2009 3675 2075 ἅγιοι
3694 2006 3759 2059 καὶ

2250 2113 2507 2188 μυριάδες
2542 2111 2809 2180 ἀγγέλων,
2835 2108 2931 2161 καὶ
2967 2106 3260 2177 Ἐκκλησία
3292 2101 3653 2175 πρωτοτόκων,
3691 2101 3759 2167 ἀρ-

2246 2209 2339 2280 χαί
2372 2224 2429 2260 τε
2464 2204 2557 2259 καὶ
2586 2202 2825 2269 ἐξουσίαι
2856 2203 2951 2254 καὶ
2981 2200 3158 2271 θρόνοι
3192 2198 3286 2252 καὶ
3306 2196 3627 2267 κυριότητες,
3647 2194 3762 2244 me}

2252 2299 2398 2372 ματά
2422 2314 2481 2350 τε
2515 2296 2668 2364 ἆγια,
2704 2295 2800 2349 καὶ
2824 2292 3082 2363 δυνάμεις
3115 2291 3253 2344 Θεῖαι
3279 2292 3341 2343 ἐν
3370 2290 3490 2349 ταῖς
3516 2287 3620 2338 κατ’
3646 2284 3745 2353 οὐρα

2248 2393 2337 2448 νὸν
2373 2392 2649 2462 στρατιαῖς
2673 2385 3065 2448 πολιτεύονται,
3095 2384 3194 2455 τὴν
3227 2382 3545 2452 ἐπουράνιον
3566 2376 3761 2446 συμπλη-

2253 2485 2469 2558 ροῦντες
2513 2476 3174 2552 Ἐκκλησίανοηάλλὰ-τίς,
3209 2475 3399 2545 φησιν,
3431 2475 3489 2525 ἐν
3525 2470 3595 2539 τῷ
3634 2467 3769 2537 αἰθέρι

2249 2577 2326 2648 τῷ
2352 2575 2609 2628 ἐπέκεινα
2632 2571 2725 2624 τοῦ
2752 2570 3127 2642 στερεὼματος
3158 2566 3485 2637 ίσωθήσεται
3508 2562 3577 2626 τῷ
3600 2561 3763 2629 Rupit);

2250 2671 2313 2723 Εί
2335 2669 2391 2723 δὲ
2410 2667 2589 2721 πολλοὶ¹
2613 2664 2721 2717 υἱοὶ
2744 2662 2879 2716 Θεοῦ
2901 2663 2995 2715 καὶ
3019 2660 3131 2713 Θεοὶ
3151 2658 3290 2712 κατά
3309 2657 3377 2710 τό
3397 2673 3411 2687 ⁸
3440 2657 3494 2709 '0
3518 2654 3642 2718 θεὸς
3658 2653 3763 2714 ἔστη

2250 2761 2320 2814 ὲν
2354 2754 2677 2825 συναγωγῇ
2715 2755 2887 2816 θεῶν,
2918 2751 3012 2806 καί
3034 2767 3047 2781 ·
3085 2749 3227 2815 Θεὸς
3259 2746 3417 2804 θεῶν
3445 2747 3635 2813 Κύριος
3669 2740 3761 2794 iid-

2250 2854 2425 2918 λησε,
2466 2848 2595 2901 καί·
2636 2844 2777 2916 Ἐγὼ
2807 2839 2978 2898 εἷπον
2996 2858 3010 2871 ·
3048 2840 3179 2897 Θεοί
3205 2839 3373 2901 ἐστε,
3399 2836 3496 2890 καὶ
3520 2834 3623 2888 vlol
3650 2831 3760 2898 Ὑψί-

2251 2954 2403 2994 στου
2431 2937 2652 3002 πὰντες
2672 2953 2685 2967 ⁸
2712 2934 2846 2989 ἀλλά
2878 2934 2967 2999 Τίς
2994 2928 3424 3002 ὁμοιωθήσεται
3450 2923 3527 2990 τῷ
3548 2920 3763 2990 Κιερίῳέγ

2252 3030 2403 3096 υἱοῖς
2435 3028 2616 3091 Cepi};
2659 3027 2883 3098 Μυρίων
2928 3025 3046 3094 γὰρ
3081 3024 3250 3075 ὄντων
3279 3019 3437 3085 υἱῶν,
3464 3017 3636 3078 οὐδεὶς.
3658 3012 3764 3082 qua.

2252 3122 2427 3193 τούτῳ
2457 3120 2876 3193 ὁμοιωθήσεται,
2906 3116 3025 3170 οὑδὲ
3051 3113 3466 3183 ὲξισωθήσεται,
3494 3105 3695 3175 ἐκλεκτῷ
3712 3104 3764 3155 ὅτι

580 3240 636 3283 et
666 3230 929 3299 sapientia
958 3196 1075 3285 Dei:
1119 3229 1359 3305 Mihique
1388 3228 1603 3283 videtur
1655 3196 1852 3281 horum
1901 3196 2150 3281 notitiam

2254 3216 2349 3268 καὶ
2379 3214 2656 3284 μονογενεῖ
2691 3211 2786 3263 καὶ
2819 3206 3147 3280 πρωτοτόκῳ
3176 3205 3358 3273 πάσης
3404 3203 3635 3263 κτίσεως,
3658 3196 3765 3262 Δάτι

584 3321 638 3374 in
670 3319 1102 3389 przecedentibus
1133 3321 1383 3385 tradere,
1427 3335 1553 3375 cum
1602 3320 1677 3377 ait
1706 3338 1719 3374 :
1752 3318 2163 3388 Conﬁtebuntur

582 3411 699 3465 caeli
733 3410 1002 3464 mirabilia
1036 3421 1148 3465 tua.
1196 3410 1478 3482 Siquidem
1511 3426 1578 3465 ex
1610 3409 1958 3465 mirabilibus
1986 3424 2156 3464 unum

585 3503 690 3556 hoc
713 3510 863 3567 erat,
892 3505 1035 3572 quod
1063 3504 1319 3574 deinceps
1346 3504 1413 3559 de
1426 3501 1721 3573 Unigenito
1745 3500 1851 3558 Dei.
1868 3502 2156 3557 additurus

582 3598 734 3655 erat,
765 3599 819 3646 et
843 3592 1060 3661 quidem
1088 3593 1420 3648 necessario.
1451 3590 1590 3658 Quia
1619 3590 1762 3646 enim
1793 3591 1945 3645 illum
1976 3606 2044 3645 ex
2073 3606 2159 3645 se-

586 3683 734 3737 mine
761 3682 932 3738 David
961 3685 1303 3740 nasciturum
1330 3698 1455 3740 esse
1474 3725 1490 3751 ,
1521 3685 1576 3737 in
1603 3683 1889 3753 prophetia
1916 3681 2159 3736 indican-

585 3773 716 3828 dum
760 3786 912 3843 erat,
956 3775 1211 3831 deitatem
1254 3776 1377 3845 ejus
1417 3776 1510 3846 qui
1553 3776 1609 3830 in
1653 3776 1775 3845 ipso
1815 3774 2158 3830 habitaturus

585 3872 705 3919 erat
756 3874 916 3921 antea
970 3867 1483 3937 contemplabatur;
1526 3874 1587 3920 ut
1628 3881 1737 3921 una
1786 3865 2159 3934 edisceremus

586 3973 708 4028 qua:
739 3957 916 4013 virtus
960 3959 1013 4012 in
1068 3959 1191 4027 ipso
1238 3958 1548 4012 habitatura
1593 3965 1774 4022 esset,
1807 3964 1860 4012 et
1890 3956 2165 4012 sciremus

587 4048 765 4117 ipsum
809 4049 1029 4118 quidem
1082 4050 1252 4103 ﬁlium
1294 4065 1416 4105 esse
1459 4049 1875 4113 Davidis,-.eum
1904 4065 2036 4106 vero
2066 4050 2159 4120 qui

588 4136 646 4190 in
677 4137 796 4207 ipso
825 4138 1173 4193 habitaturus
1202 4146 1385 4204 esset,
1418 4138 1617 4193 Filium
1651 4138 1770 4194 Dei.

666 4317 835 4374 Vens.
878 4320 932 4375 8.
974 4317 1113 4373 Deus
1141 4319 1231 4390 qui
1260 4317 1590 4388 gloriﬁcatur
1618 4320 1673 4372 in
1700 4319 1931 4374 consilio.
1950 4327 2163 4373 sancto.-

590 4428 740 4478 rum,
772 4427 991 4481 magnus
1015 4419 1063 4463 et
1088 4409 1335 4462 terribilis
1362 4424 1519 4477 super
1543 4425 1718 4463 omnes
1745 4411 1833 4480 qui
1856 4410 1909 4464 in
1935 4410 2172 4463 circuitu

588 4504 701 4573 ejus
732 4511 874 4560 sunt.
902 4502 1134 4568 Quinam
1170 4501 1240 4555 sit
1266 4501 1313 4555 is
1339 4501 1432 4571 qui
1461 4516 1584 4555 cum
1614 4502 1831 4556 nemine
1854 4500 2160 4571 comparari

589 4597 673 4651 vel
703 4595 939 4650 conferri
971 4594 1184 4664 possit,
1214 4593 1487 4648 neminem
1533 4593 1768 4648 similem
1813 4593 2070 4648 admittat
2108 4594 2162 4647 in

590 4688 659 4743 iis
692 4688 783 4756 qui
818 4687 914 4740 lilii
946 4686 1041 4741 Dei
1070 4692 1361 4748 vocantur,
1397 4685 1486 4738 hic
1515 4684 1761 4740 declarat
1788 4685 1981 4741 dicens
2011 4705 2024 4740 :
2062 4687 2166 4739 Hic

587 4788 667 4833 est
718 4778 893 4845 Deus,
939 4781 1028 4850 qui
1070 4780 1410 4850 gloriﬁcatur
1452 4781 1508 4831 in
1558 4778 1784 4832 consilio
1832 4788 2163 4835 sanctorum.

588 4872 893 4925 Consilium
927 4879 1106 4925 autem
1135 4881 1449 4927 sanctorum
1478 4872 1593 4942 jam
1616 4886 1781 4940 supra
1812 4870 1951 4925 dixit
1982 4869 2171 4925 Eccle-

589 4961 728 5016 siam
758 4970 1074 5015 sanctorum
1100 4979 1224 5019 esse
1242 5004 1257 5027 ,
1282 4965 1605 5033 videturque
1633 4961 1936 5019 Ecclesium
1962 4963 2169 5033 primo-

590 5053 898 5123 genitorum
921 5092 937 5118 ,
975 5054 1068 5123 qui
1098 5055 1361 5125 descripti
1395 5062 1525 5109 sunt
1556 5056 1610 5109 in
1641 5055 1832 5118 caalis,
1868 5054 2171 5109 consilium

592 5146 913 5210 nominare,
949 5146 1184 5216 quadam
1229 5148 1415 5202 habita
1457 5150 1669 5203 ratione
1712 5148 1780 5202 ad
1815 5154 2042 5203 senatus
2070 5145 2164 5215 qui

591 5237 760 5292 variis
809 5237 865 5291 in
915 5236 1053 5291 locis
1098 5238 1389 5293 exsistunt.
1441 5238 1499 5291 In
1557 5237 1661 5292 hoc
1703 5244 1885 5292 autem
1932 5236 2177 5292 consilio.

593 5338 911 5384 sanctorum
979 5329 1150 5400 gloria
1215 5330 1336 5399 ejus
1402 5330 1753 5393 celebratur,
1809 5329 1903 5399 qui
1956 5328 2166 5381 nullam

593 5424 1059 5491 comparationem
1100 5423 1184 5477 vel
1221 5422 1635 5479 similitudinem
1668 5422 1906 5476 admittit
1937 5436 2064 5476 cum
2100 5421 2168 5476 iis

593 5513 687 5583 qui
727 5513 817 5567 lilii
855 5512 949 5568 Dei
983 5520 1286 5569 vocantur:
1319 5529 1498 5583 neque
1530 5513 1706 5568 solum
1740 5513 2078 5582 gloriﬁcatur
2112 5512 2168 5564 in

596 5601 831 5657 consilio
865 5612 1178 5657 sanctorum
1200 5642 1215 5667 ,
1249 5602 1346 5657 sed
1385 5602 1548 5658 etiam
1584 5602 1845 5657 terribilis
1874 5609 1958 5658 est
2002 5617 2169 5671 super

595 5704 791 5747 omnes
820 5692 913 5760 qui
941 5691 997 5746 in
1032 5690 1265 5748 circuitu
1296 5692 1417 5762 ejus
1449 5698 1597 5746 sunt.
1634 5690 1867 5757 Quinam
1900 5700 2079 5747 autem
2116 5692 2169 5746 in

674 5868 715 5899 ¹¹
758 5870 899 5924 Psal.
938 5886 1139 5937 nam,
1183 5874 1227 5927 Ι.
1308 5876 1349 5905 ’⁸
1392 5873 1535 5929 Psal.
1573 5890 1734 5938 suis,
1778 5876 1826 5930 l.

2255 3323 2315 3359 τε
2344 3305 2506 3376 σοφίᾳ
2538 3303 2634 3358 καὶ
2658 3302 2885 3371 δυνάμει
2925 3298 3019 3353 καὶ
3056 3296 3219 3367 σοφίᾳ
3247 3295 3410 3348 Θεοῦ.
3442 3293 3545 3346 Καί
3564 3307 3648 3367 μοι
3670 3287 3764 3376 δοκεῖ

2254 3396 2353 3467 τὴν
2381 3393 2584 3449 τούτων
2611 3391 2811 3461 γνῶσιν
2835 3389 2922 3442 διὰ
2945 3389 3051 3442 τῶν
3076 3386 3335 3457 ἀνωτέρω
3360 3381 3641 3454 σημαίνειν,
3656 3380 3699 3429 ἐν
3715 3370 3764 3434 οἷς

2256 3465 2393 3557 ἔφη·
2446 3482 3026 3553 Ἐξομολογήσονται
3054 3482 3107 3533 οἱ
3140 3477 3391 3546 οὐρανοὶ
3426 3474 3497 3528 τὰ
3540 3465 3765 3539 θαυμάσια

2256 3578 2502 3633 σου.Ἒν
2550 3575 2660 3647 γὰρ
2710 3573 2820 3627 τῶν
2875 3571 3211 3644 θαυμασίων.
3240 3570 3336 3622 καί⁵
3390 3568 3540 3621 τοῦτο
3580 3559 3765 3634 quia;

2259 3672 2493 3743 ἢμελλεν
2541 3667 2670 3740 ἑξῆς
2718 3666 2991 3735 ἐπιλέγειν
3044 3664 3172 3736 περὶ
3220 3662 3314 3716 τοῦ
3369 3656 3673 3728 Μονογενοῦς
3708 3648 3766 3704 ταί

2258 3765 2393 3818 Θεοῦ
2416 3780 2429 3793 ο
2463 3762 2779 3828 ἀναγκαίως
2807 3760 2896 3813 δέ*
2927 3756 3112 3828 ἐπειδὴ
3147 3754 3351 3827 ἡμελλε
3380 3754 3470 3806 τὸν
3501 3756 3559 3805 ἐκ
3589 3748 3765 3816 στέρμαο

2258 3877 2350 3922 τος
2374 3857 2535 3912 Δαυῒδ
2558 3854 2918 3925 γενησόμενον
2940 3851 3028 3905 διὰ
3047 3850 3147 3919 τῆς
3170 3847 3506 3919 προφητείας
3538 3839 3766 3912 σημαῖνξιν,

2260 3952 2358 4023 τὴν
2389 3950 2620 4020 θεότητα
2650 3946 2744 4000 τοῦ
2781 3945 3200 4014 κατοικήσοντος
3230 3944 3287 3994 ἐν
3323 3938 3476 4009 αὑτῷ
3505 3928 3767 4007 προθεωρεῖ⁶

2260 4017 2336 4103 ὡς
2368 4037 2433 4093 ἂν
2465 4017 2601 4108 ὁμοῦ
2637 4036 2923 4107 μάθοιμεν,
2950 4032 3033 4095 τίς
3080 4034 3114 4102 ἡ
3168 4030 3441 4101 μέλλουσα
3479 4023 3707 4080 κατοικεῖν
3733 4017 3769 4065 ἐν

2261 4129 2409 4184 αὑτῶ
2430 4129 2678 4199 δύναμις,
2724 4126 2819 4180 καὶ
2849 4126 2924 4187 ὼς
2948 4126 2977 4177 6
3013 4124 3110 4195 μὲν
3144 4122 3257 4184 υίὸς
3287 4116 3359 4191 ἦν
3390 4118 3561 4180 Δαυῖδ,
3598 4118 3621 4168 6
3652 4112 3695 4164 δὲ
3733 4110 3770 4157 ἐν

2263 4223 2411 4294 αὑτῴ
2444 4222 2786 4291 κατοικήσων
2818 4218 2945 4282 Υἱὸς
2975 4216 3067 4270 τοῦ
3100 4214 3256 4268 Θεοῦ.

2346 4293 2400 4371 ὀ
2439 4314 2583 4380 Θεὸς
2608 4310 3076 4379 ἐνδοεαζόμενος
3113 4308 3183 4361 ἐν
3208 4303 3416 4372 ,ϐουλῇ
3439 4300 3623 4371 ἁγίων,
3641 4293 3768 4389 μένοι

2267 4409 2367 4463 καὶ
2404 4403 2654 4477 φοϐερὸς
2693 4402 2791 4457 ἐπὶ
2840 4400 3073 4465 πάντας
3103 4397 3244 4462 τοὺς
3274 4396 3601 4463 περικύκλῳ
3622 4389 3770 4477 αὐτον..

2269 4472 2470 4569 Τὸν
2514 4472 2708 4566 εγοντα
2756 4492 3083 4562 σύγκρισιν,
3142 4489 3277 4560 μηδὲ
3328 4484 3648 4558 παράθεσιν,
3680 4472 3770 4569 μιξξέ

2267 4592 2527 4663 ὁμοίωσιν
2566 4588 2703 4660 πρός
2742 4602 2866 4639 τινα
2910 4584 3020 4637 τῶν
3066 4580 3475 4652 ὠνομασμένων
3502 4574 3619 4629 υἱῶν
3654 4566 3770 4625 Θεοῦ.

2267 4660 2447 4744 ὁποῖός
2490 4679 2573 4743 τίς
2624 4681 2738 4731 ἐστι
2772 4675 3070 4745 παρίστησι
3121 4673 3326 4741 λέγων’
3372 4666 3556 4733 Οὗτός
3595 4660 3771 4717 ἐστινὸ

2270 4772 2413 4838 Θεὸς
2453 4776 2485 4829 ό
2532 4769 2995 4839 ἐνδοξαζόμενος
3035 4768 3105 4821 ἐν
3139 4765 3212 4834 τῇ
3250 4763 3454 4831 βουλῇ
3493 4759 3600 4814 τῶν
3625 4753 3769 4822 ἁγίωνι

2269 4863 2476 4934 Βουλὴν
2509 4863 2565 4916 δὲ
2615 4862 2786 4931 ἁγίων
2820 4862 3081 4931 προσεῖπε
3120 4858 3219 4927 τὴν
3270 4856 3523 4925 ἀνωτέρω
3560 4845 3777 4916 λεχθεῖσιν

2281 4956 2607 5026 Ἐκκλησίαν
2649 4955 2852 5023 ἀγίων”
2894 4955 2987 5006 καὶ
3025 4952 3187 5022 ἐῴκει
3216 4951 3315 5021 τὴν
3366 4945 3663 5015 Ἐκκλησίαν
3701 4935 3771 4988 τῶν

2196 4568 2240 4623 D

2270 5048 2632 5120 πρωτοτόκων
2670 5047 2778 5099 τῶν
2818 5043 3327 5115 ἀπογεγραμμένων
3352 5045 3407 5094 ἐν
3444 5038 3665 5110 οὐρανοῖς
3692 5030 3772 5099 βω·

2270 5140 2368 5212 λὴν
2394 5139 2760 5209 ὠνομακέναι,
2789 5137 3066 5204 ἀναλόγως
3103 5137 3215 5197 τοῖς
3254 5134 3395 5186 κατὰ
3439 5132 3588 5183 τόπον

2272 5208 2501 5304 τηρίοις.
2546 5233 2630 5284 Ἐν
2659 5230 2829 5301 ταύτῃ
2859 5229 2915 5281 δὲ
2946 5231 3012 5299 τῇ
3050 5226 3209 5297 βουλῇ
3232 5225 3341 5278 τῶν
3373 5225 3536 5292 ἁγίων
3566 5208 3772 5304 ἐνδοξαξέ·

2276 5299 2434 5393 μενος
2460 5323 2604 5373 ἐστιν
2625 5321 2652 5372 6
2679 5319 2753 5391 μὴ
2786 5299 2924 5388 ἔχων
2949 5316 3252 5387 σύγκρισιν,
3279 5314 3411 5385 μηδέ
3436 5310 3662 5381 ὁμοίωσιν

2269 5388 2394 5475 τοὺς
2428 5388 2858 5481 ὀνομαζομένους
2895 5409 3043 5470 υἱοὺς
3084 5405 3217 5459 Θεοῦ
3239 5423 3252 5435 ο
3291 5406 3382 5457 καὶ
3416 5404 3474 5455 οὑ
3512 5399 3647 5470 μόνον
3669 5388 3770 5481 ἔνδος

2272 5475 2566 5575 ξαζόμενὸς
2596 5475 2743 5556 ἐστιν
2786 5504 2843 5555 ἐν
2889 5504 2954 5572 τῇ
3011 5500 3169 5570 βουλῇ
3204 5498 3311 5550 τῶν
3351 5496 3531 5564 ἁγίων,
3556 5485 3669 5542 ἀλλά
3704 5475 3769 5575 ιιξὶ

2273 5595 2505 5666 φοϐερὸς
2529 5595 2763 5665 ὑπάρχει
2789 5594 2881 5647 ἐπὶ
2928 5594 3134 5656 πάντας
3164 5592 3288 5654 τοὺς
3321 5585 3608 5659 περικύκλῳ
3630 5577 3766 5666 aitue-

2272 5660 2430 5754 Ϊίνες
2453 5689 2497 5743 δ’
2523 5688 2588 5743 ἂν
2791 5690 2840 5742 oi
2889 5686 3202 5760 περικύκλῳ
3237 5682 3408 5738 αὑτοῦ
3440 5675 3597 5744 ἀλλ’ἢ
3626 5671 3665 5723 οἱ
3692 5660 3766 5716 Vm

1910 5876 1954 5905 ’³
1999 5871 2142 5929 Psal.
2188 5885 2349 5925 Lxxxt
2376 5911 2389 5935 ,
2429 5871 2482 5924 Cr.
