3974 6538
211 465 356 520 1085

1274 463 1789 518 COMMENTARIA
1829 464 1909 518 IN
1936 464 2270 523 PSALMOS.

3335 469 3477 527 1086

203 576 301 632 τοῦ
345 577 517 642 Θεοῦ,
567 577 662 631 καὶ
704 576 860 631 animi.
906 576 1018 630 Θεοὶ
1061 575 1533 649 χρηματίζοντες,
1580 577 1645 630 δι’
1698 577 1791 643 οὓς

1897 580 2129 635 circuitu
2159 581 2279 649 ejus
2308 579 2541 645 fuerint,
2586 582 2691 636 nisi
2723 581 2815 635 lilii
2849 579 2977 645 Dei,
3007 581 3098 651 qui
3124 589 3178 637 et
3204 582 3306 652 ipsi
3333 599 3459 653 quo-

202 672 441 741 εἴρηται,
472 670 526 721 '0
557 670 701 735 Θεὸς
724 669 873 734 ἔστη
898 669 968 721 ἐν
992 668 1313 738 συναγωγῇ
1336 668 1519 735 θεῶν;
1542 672 1651 723 Καὶ
1680 671 1789 743 γάρ

186 762 284 826 τὸ,
323 762 426 815 Ἐν
447 759 654 829 ,ϐουλῇ
680 761 881 829 ἁγίων,
912 760 1006 813 καὶ
1027 760 1109 823 τὸ,
1149 761 1252 813 Ἐν
1284 761 1584 830 ἐκκλησίᾳ
1635 777 1782 831 πρω-

200 854 485 912 τοτόκων,
515 852 608 905 καὶ
637 851 717 913 τὸ,
757 850 853 904 Ἐν
882 848 1205 918 συναγωγῇ
1237 850 1409 915 θεῶν,
1450 850 1508 903 ἓν
1535 852 1629 905 καὶ
1663 870 1790 905 ταυ-

196 945 291 997 τὸν
324 938 463 995 εἷναί
498 959 587 1013 μοι
607 942 770 994 δοκεῖ.
791 940 1007 994 Τούτων
1033 940 1320 1012 τοιγαροῦν
1346 943 1403 995 ἐν
1439 942 1588 1014 μέσῳ
1616 944 1789 1008 ὲστὼς

204 1034 291 1087 καὶ
340 1034 446 1086 ὑπὸ
493 1032 698 1086 τούτων
739 1032 1206 1104 δορυφορούμενος
1262 1035 1290 1086 ὁ
1324 1032 1451 1097 Υἱὸς
1489 1034 1584 1087 τοῦ
1629 1035 1787 1103 Θεοῦ,

198 1123 616 1195 λνδοξαζόμενος
647 1125 860 1196 εἴρηται
897 1126 990 1178 καὶ
1023 1125 1195 1195 μέγας
1230 1126 1323 1178 καὶ
1351 1125 1601 1198 φοϐερός.
1627 1129 1695 1182 Ὅ
1724 1146 1786 1197 γε

204 1217 311 1289 μὴν
353 1216 648 1287 Σύμμαχος
698 1216 771 1269 τά
819 1218 1157 1287 προκείμενα
1196 1216 1386 1269 τοῦτον
1438 1217 1665 1284 ἐξέδωκε
1697 1220 1789 1273 τὸν

197 1311 402 1382 τρόπον
422 1329 436 1342 ·
480 1310 589 1365 Θεὲ
615 1310 871 1378 ἀήττητε
901 1311 971 1363 ἐν
999 1310 1203 1379 ὁμιλίᾳ
1235 1309 1417 1378 ἁγίων
1438 1311 1661 1380 πολλῇ,
1688 1313 1786 1366 καὶ

199 1404 484 1473 ἐπίφοϐος
510 1404 579 1456 ἐν
608 1400 757 1457 πᾶσι
780 1402 903 1467 τοῖς
933 1402 1065 1470 περὶ
1101 1402 1389 1454 σεαυτόν·
1419 1404 1447 1456 ό
1474 1402 1531 1455 δὲ
1560 1402 1788 1467 Ἀκύλας

202 1496 367 1569 φησί·
435 1495 703 1563 Ἰσχυρὸς
753 1494 1337 1563 κατισχυρευόμενος
1371 1494 1441 1547 ἐν
1474 1494 1789 1569 ἀπορρήτῳ

198 1562 406 1656 divam,
436 1562 685 1653 πνῑνῆσος,
715 1562 968 1653 πλῆθος,
1002 1585 1102 1638 καὶ
1132 1562 1417 1654 ἐπίφοϐος
1436 1585 1535 1638 ἐπὶ
1556 1562 1788 1653 πάντας

197 1679 404 1745 κύκλῳ
440 1678 648 1732 αὑτοῦ.
701 1679 763 1731 Ἦ
793 1678 848 1731 δὲ
884 1677 978 1731 τοῦ
1007 1677 1167 1748 λόγου
1197 1678 1403 1732 διάνοια
1434 1678 1532 1749 τὴν
1562 1678 1787 1732 ἀκολου-

199 1772 324 1825 θίαν
370 1772 722 1843 παρίστησιν.
774 1772 991 1843 Ἐπειδὴ
1049 1772 1157 1842 γὰρ
1187 1772 1411 1834 δυνατὸς
1455 1767 1539 1838 εἷ,
1574 1772 1785 1843 Κύριε,

197 1867 389 1937 φησὶν,
420 1866 514 1919 καὶ
549 1867 581 1935 ἡ
620 1864 849 1935 ἀλήθειά
883 1881 976 1917 σου
1000 1864 1185 1935 κύκλῳ
1221 1881 1337 1927 σου,
1362 1864 1589 1928 εἰκότως
1616 1864 1787 1935 μέγας

1896 685 2004 739 que
2048 669 2123 723 dii
2162 679 2551 740 nuncupantur
2582 689 2594 724 :
2632 686 2865 741 quorum
2912 686 3077 725 causa
3111 671 3315 726 dictum
3349 684 3474 737 est,

1895 761 2038 815 Deus
2066 764 2208 815 stetit
2240 764 2295 816 in
2323 780 2591 833 synagoga
2618 761 2840 817 deorum
2866 764 2951 817 “‘l
2981 762 3188 818 Etenim
3213 765 3344 819 illud
3364 805 3379 830 ,
3410 765 3475 819 In

1895 852 2116 907 consilio
2148 863 2451 907 sanctorum
2480 870 2499 917 ,'
2530 862 2585 909 et
2619 854 2752 910 illud
2781 893 2795 915 ,
2853 852 2914 907 In
2963 855 3185 908 ecclesia
3216 857 3458 924 primoge-

1896 945 2127 999 nitorum
2145 963 2166 1009 ;
2215 956 2300 1010 et,
2338 945 2405 999 In
2451 962 2719 1017 synagoga
2752 947 3011 1011 deorum;
3045 964 3210 1001 unum
3246 957 3300 1001 et
3334 948 3475 1002 idem

1894 1052 2016 1093 esse
2046 1038 2263 1092 videtur
2304 1038 2460 1093 mihi.
2510 1038 2715 1093 Horum
2755 1040 2940 1109 itaque
2988 1040 3041 1093 in
3077 1039 3257 1094 medio
3286 1050 3475 1103 stans,

1895 1128 1982 1184 his
2012 1128 2247 1199 stipatus
2264 1128 2435 1184 Filius
2460 1129 2554 1184 Dei
2580 1170 2595 1194 ,
2626 1129 2963 1200 gloriﬁcatus
2984 1171 2997 1194 ,
3032 1145 3263 1200 magnus
3292 1138 3346 1184 et
3366 1136 3455 1183 ter

1896 1221 2076 1275 rihilis
2110 1222 2334 1276 dicitur.
2384 1220 2511 1275 Haec
2555 1237 2688 1275 vero
2723 1221 3088 1293 Symmachus
3139 1224 3219 1277 sic
3264 1222 3475 1276 edidit:

1894 1313 2034 1368 Deus
2082 1315 2269 1367 invicte
2314 1315 2368 1367 in
2413 1315 2809 1370 conversatione
2854 1324 3160 1370 sanctorum
3192 1316 3391 1374 multa,
3427 1321 3474 1367 et

1897 1405 2157 1459 tremende
2181 1406 2235 1458 in
2266 1404 2506 1459 omnibus
2537 1405 2629 1474 qui
2659 1406 2857 1459 circum
2890 1415 2936 1459 te
2958 1416 3123 1468 sunt;
3152 1406 3345 1475 Aquila
3375 1421 3443 1459 au

1894 1506 2001 1553 tem
2027 1500 2102 1551 ait
2127 1517 2138 1552 :
2166 1496 2345 1550 Fortis
2372 1497 2656 1551 roboratus
2679 1501 2732 1551 in
2756 1508 2952 1551 secreto
2973 1507 3276 1551 sanctorum
3297 1537 3316 1564 ,
3340 1498 3450 1551 mul

1896 1591 2065 1645 titudo
2086 1631 2100 1655 ,
2138 1589 2423 1644 multitudo
2446 1630 2460 1649 .
2491 1598 2541 1643 et
2577 1590 2877 1644 tremendus
2908 1606 3065 1659 super
3093 1606 3273 1643 omnes
3303 1589 3392 1659 qui
3422 1591 3473 1642 in

1895 1681 2122 1736 circuitu
2168 1681 2282 1749 ejus
2330 1688 2477 1735 sunt.
2528 1679 2648 1750 Ipsa
2687 1695 2852 1750 porro
2885 1680 3018 1734 dicti
3066 1681 3335 1735 sententia
3384 1695 3472 1734 se-

1896 1774 2032 1827 riem
2067 1774 2262 1842 aperit.
2295 1771 2431 1825 Nam
2459 1772 2588 1842 quia
2623 1782 2817 1842 potens
2843 1787 2903 1826 es
2923 1812 2937 1836 ,
2975 1773 3199 1826 Domine
3219 1813 3233 1838 ,
3264 1772 3472 1842 inquit,

1894 1870 1949 1917 et
1981 1862 2184 1916 veritas
2214 1869 2307 1915 tua
2344 1862 2399 1914 in
2430 1862 2664 1915 circuitu
2704 1872 2829 1926 tuo,
2873 1862 2999 1930 jure
3044 1875 3275 1929 magnus
3321 1876 3380 1915 es
3421 1868 3473 1915 et

194 1953 271 2021 εἷ,
306 1957 407 2009 καὶ
438 1955 667 2026 φοϐερὸς
715 1952 793 2020 εἴ,
843 1956 937 2009 καὶ
981 1955 1398 2027 ὲνδοξαξόμενος
1439 1956 1491 2008 εἶ
1533 1958 1590 2010 ὲν
1626 1957 1786 2031 βουλῇ

1897 1952 2159 2007 terribilis
2202 1959 2256 2006 et
2295 1952 2638 2021 gloriticatus
2671 1952 2725 2005 in
2762 1952 2996 2006 consilio
3042 1962 3389 2013 sanctorum.
3423 1958 3470 2005 et

192 2050 395 2119 ἁγίων,
429 2051 524 2102 καὶ
550 2050 609 2101 ὲν
627 2052 739 2112 τοῖς
767 2047 865 2120 τὴν
893 2048 991 2120 σὴν
1027 2049 1257 2119 θεότητα
1288 2048 1695 2121 περιπολοῦσιν,
1715 2052 1786 2115 οἳ,

194 2142 311 2196 τῶν
353 2142 461 2195 σῶν
481 2141 823 2210 ἐπαγγελιῶν
855 2143 955 2212 τὴν
1004 2142 1263 2214 ἀλήθειαν
1292 2142 1646 2214 συνορῶντες,
1688 2144 1789 2209 τὰς

194 2238 521 2306 πρεπούσας
579 2235 931 2305 εὐχαριστίας
983 2234 1121 2305 μετὰ
1172 2232 1499 2305 θαυμασμοῦ
1545 2235 1644 2303 τῆς
1691 2236 1790 2307 σῆς

194 2327 455 2397 θεότητος
489 2327 895 2397 ἀναπέμπουσι.
943 2327 1037 2379 Διὸ
1079 2325 1259 2397 μικρῷ
1296 2325 1529 2397 πρόσθεν
1566 2325 1784 2392 ἔλεγονο

213 2418 790 2488 Ἐξομολογήσονται
815 2421 869 2471 ol
915 2418 1157 2486 οὐρανοί
1206 2417 1276 2470 τὰ
1310 2416 1618 2485 θαυμάσια
1647 2434 1785 2483 σου,

194 2513 301 2566 καὶ
336 2512 451 2579 τὴν
481 2510 770 2580 ἀλήθειάν
799 2527 917 2565 σου
949 2511 1019 2563 ἐν
1053 2510 1380 2577 Ἐκκλησία
1402 2504 1607 2578 ἀγίῶν.

272 2604 448 2670 Κύριε
480 2606 512 2656 d
552 2602 696 2669 Θεὸς
724 2601 845 2655 τῶν
875 2600 1221 2671 δυνάμεων,
1268 2601 1361 2667 τίς
1396 2600 1599 2669 ὅμοιός
1642 2618 1780 2664 σοι;

197 2696 465 2762 Δυνατὸς
492 2692 565 2759 εἴ,
595 2698 793 2764 Κύριε,
816 2695 913 2748 καὶ
934 2697 971 2763 ἠ
1003 2692 1257 2762 ἀλήθειά
1280 2708 1395 2748 σου
1417 2694 1621 2759 κύκλῳ
1647 2710 1783 2749 σου.

199 2788 289 2841 Σὺ
318 2786 626 2853 δεσπόζεις
654 2787 760 2841 τοῦ
796 2786 1053 2854 κράτους
1078 2785 1188 2854 τῆς
1212 2784 1551 2852 θαλάσσης,
1582 2784 1690 2838 τὸν
1721 2785 1792 2839 δὲ

202 2878 403 2933 σάλον
423 2878 543 2932 τῶν
578 2878 858 2947 κυμάτων
883 2876 1076 2945 αὐτῆς
1101 2876 1182 2931 σὺ
1214 2877 1672 2945 καταπραΰνεις.
1703 2876 1789 2930 Σὺ

200 2968 613 3034 ὲταειείνωσας
643 2970 724 3035 ὼς
764 2968 1131 3037 τραυματίαν
1156 2966 1550 3037 ὑπερήφανον
1590 2968 1661 3022 ἐν
1708 2968 1789 3034 τῷ

208 3061 484 3129 Βραχίονι
528 3059 640 3128 τῆς
670 3059 978 3129 δυνάμεώς
1016 3076 1132 3114 σου
1171 3059 1602 3128 διεσκόρπισας
1648 3060 1790 3127 τοὺς

197 3151 456 3220 ἐχθρούς
493 3168 634 3206 σου.
666 3152 773 3205 Καὶ
809 3153 867 3205 ὲν
904 3151 1114 3215 τούτοις
1142 3152 1296 3205 οὐδὲν
1331 3151 1522 3223 ἀφίησι
1559 3152 1667 3205 τῶν
1693 3170 1788 3220 γε-

203 3245 385 3313 νητῶν
416 3240 557 3297 εἶναι
583 3246 766 3314 ὅμοιον
793 3242 874 3314 τῷ
903 3243 1308 3315 θεολογουμένῳ
1347 3242 1462 3314 Υίῷ
1486 3243 1579 3297 τοῦ
1620 3243 1783 3297 Θεοῦ·

199 3338 368 3393 αὑτὸν
398 3338 508 3410 γὰρ
555 3334 694 3391 εἶναι
728 3338 819 3392 τὸν
846 3337 1072 3391 δυνατὸν
1091 3377 1107 3403 ,
1150 3338 1243 3391 καὶ
1268 3338 1359 3392 τὸν
1391 3337 1502 3391 τῶν
1548 3336 1788 3391 δυνατῶν

200 3431 360 3497 Θεὸν,
418 3434 512 3486 καὶ
541 3432 719 3486 αὐτῶν
743 3431 852 3485 τῶν
889 3432 1173 3503 δυνάμεων
1217 3432 1442 3505 Κύριον,
1474 3433 1551 3495 ὼς
1586 3431 1790 3503 μηδένα

201 3524 355 3595 αὐτῷ
380 3524 679 3591 ἀντιλέγειν
704 3523 984 3587 δύνασθαι,
1019 3524 1152 3596 μηδὲ
1189 3517 1256 3595 τῇ
1298 3524 1461 3579 αὑτοῦ
1505 3524 1665 3596 βουλῇ
1700 3525 1793 3578 ἀν-

203 3616 523 3671 θίστασθαι·
564 3616 630 3670 δι’
666 3616 694 3669 δ
738 3616 917 3686 λέγειν
946 3617 1109 3670 αὐτὸν
1143 3618 1237 3671 καὶ
1279 3620 1471 3683 ποιεῖν,
1496 3618 1590 3671 ἆτε
1633 3617 1793 3688 μόνον

200 3708 460 3773 δυνατὸν,
511 3710 579 3762 τὰ
622 3708 829 3763 πάντα·
864 3708 927 3761 τὸ
954 3708 1095 3780 γὰρ,
1155 3710 1250 3776 Τίς
1281 3709 1482 3779 ὅμοιός
1529 3726 1665 3773 σοις
1699 3711 1796 3763 καὶ

199 3798 440 3852 ἐνταῦθα
472 3800 572 3853 οὐκ
610 3800 702 3854 ἐπὶ
735 3798 831 3852 τοῦ
862 3801 1112 3866 σπανίου,
1156 3801 1268 3854 ἀλλ’
1312 3802 1405 3853 ἐπὶ
1442 3802 1535 3855 τοῦ
1567 3802 1793 3873 μηδενὸς

200 3891 595 3960 παρείληπται.
631 3891 834 3945 Οὐδένα
859 3890 990 3961 γοῦν
1019 3893 1203 3963 ὅμοιον
1238 3889 1378 3948 εἷναί
1415 3910 1547 3964 φησι
1578 3894 1656 3965 ea}
1695 3912 1793 3946 κυ-

204 3981 635 4054 ριολογουμένῳ,
660 3984 1149 4056 ἀντιπαραϐάλλων
1180 3986 1329 4056 αὐτῷ
1373 3986 1498 4050 τοὺς
1537 3987 1795 4058 ἀνωτέρω

201 4074 529 4145 εἰρημένους
567 4076 716 4138 υἱοὺς
759 4075 915 4128 Θεοῦ.
948 4077 1060 4146 Τῆς
1098 4077 1208 4148 γὰρ
1248 4078 1420 4148 αὐτῆς
1460 4078 1640 4148 ἔχεται
1681 4078 1797 4131 δια-

204 4165 355 4229 νοίας
383 4166 450 4219 τὰ
480 4167 724 4237 παρόντα
752 4167 935 4220 καὶτὰ
962 4168 1225 4239 πρότερα,
1250 4169 1308 4222 ὲν
1330 4164 1410 4232 οἷς
1441 4169 1651 4241 εἴρητοο
1676 4171 1798 4223 Ὅτι

204 4255 262 4309 τί
264 4255 376 4321 ςέν
389 4255 671 4323 νεφέλαις
685 4256 1041 4323 ίσωθήσεται
1055 4257 1133 4323 τῷ
1144 4259 1360 4327 Κυρίῳ,
1375 4259 1797 4327 ὁμοιωθήσεται

203 4347 295 4413 τῷ
316 4349 511 4416 Κυρίῳ
535 4349 606 4400 ἑν
628 4348 780 4415 υἱοῖς
810 4349 990 4414 Θεοῦ;
1024 4351 1120 4403 καὶ
1144 4350 1239 4403 νῦν
1271 4351 1316 4403 δ’
1346 4347 1459 4415 οὖν,
1490 4354 1581 4417 Τις
1599 4351 1798 4419 ὅμοιός

201 4452 335 4504 σοι;
352 4441 538 4510 φησὶν,
550 4440 632 4492 ὅτι
646 4440 867 4505 δυνατὸς
885 4438 954 4505 εἴ,
974 4443 1066 4495 καὶ.
1082 4444 1113 4502 ἠ
1132 4442 1357 4513 ἀλήθεια
1367 4444 1474 4497 τῶν
1488 4443 1658 4512 λόγων
1681 4461 1796 4510 σου,

200 4531 264 4585 αἶ
289 4548 349 4584 τε
369 4531 690 4601 ἐπαγγελίαι
714 4550 806 4585 σου
832 4534 960 4605 περὶ
978 4534 1037 4587 σὲ
1063 4536 1156 4588 καὶ
1176 4535 1327 4607 παρὰ
1349 4536 1432 4589 σοὶ
1450 4536 1795 4607 τυγχάνουσι.

1892 2046 1947 2099 in
1978 2044 2045 2099 iis
2074 2044 2166 2114 qui
2208 2043 2472 2099 deitatem
2524 2044 2730 2114 stipant
2778 2052 2963 2105 tuam,
3018 2043 3149 2112 qui,
3177 2051 3471 2112 conspecta

1894 2138 2285 2207 promissorum
2307 2145 2525 2190 tuorum
2557 2135 2810 2197 veritate,
2836 2132 3048 2188 debitas
3079 2150 3201 2188 cum
3234 2135 3458 2189 admiral

1892 2229 2040 2284 tione
2095 2228 2318 2283 deitatis
2378 2237 2486 2282 tuae
2538 2227 2840 2297 gratiarum
2892 2226 3141 2281 actiones
3197 2225 3454 2279 emittunt

1890 2320 2075 2387 Quare
2100 2321 2264 2390 paulo
2290 2328 2450 2374 antea
2480 2319 2729 2373 dicebam
2756 2335 2771 2372 :
2804 2316 3208 2386 Conﬁtebuntur
3234 2316 3348 2369 σιείὶ
3379 2316 3451 2368 mi

1889 2412 2091 2466 rabilia
2114 2420 2204 2465 tua
2222 2452 2236 2477 ,
2259 2421 2307 2465 et
2336 2412 2604 2465 veritatem
2632 2421 2776 2462 tuam
2804 2411 2858 2463 in
2884 2409 3122 2463 Ecclesia
3149 2418 3472 2463 sanctorum.

1959 2616 2127 2672 Vens.
2169 2615 2335 2670 9-H.
2374 2614 2598 2668 Domine
2629 2612 2770 2667 Deus
2802 2613 3076 2675 virtutum,
3124 2612 3242 2680 quis
3282 2608 3475 2663 similis

1890 2706 1984 2761 tibi
2010 2709 2035 2762 ?
2064 2706 2259 2763 Potens
2297 2723 2374 2769 es,
2407 2705 2662 2768 Domine,
2694 2712 2745 2757 et
2789 2704 2980 2757 veritas
3027 2711 3117 2754 tua
3153 2702 3209 2753 in
3253 2700 3475 2753 circuitu

1893 2808 2004 2854 tuo.
2063 2799 2143 2853 Tu
2191 2797 2488 2852 dominaris
2519 2796 2771 2865 potestati
2804 2795 3004 2858 maris,
3052 2801 3251 2847 motum
3299 2800 3473 2843 autem

1887 2890 2147 2959 ﬂuctuum
2173 2890 2287 2959 ejus
2307 2898 2362 2942 tu
2386 2888 2619 2958 mitigas.
2646 2886 2725 2939 Tu
2756 2885 3050 2938 Immiliasti
3078 2885 3211 2937 sicut
3232 2882 3469 2935 vulneras

1893 2991 2004 3035 tum
2042 2979 2360 3049 superbum,
2407 2980 2461 3032 in
2505 2976 2721 3031 brachio
2772 2977 2980 3029 virtutis
3029 2984 3133 3029 tua:
3175 2970 3472 3041 dispersisti

1893 3072 2135 3127 inimicos
2169 3080 2309 3125 tuos.
2360 3069 2419 3123 In
2462 3070 2550 3124 his
2590 3082 2810 3139 quoque
2842 3066 3046 3120 nullam
3082 3064 3347 3119 factarum
3384 3078 3475 3117 re-

1892 3180 2013 3219 rum
2046 3164 2279 3219 similem
2326 3161 2468 3216 Filio
2507 3160 2636 3224 Dei,
2669 3161 2762 3230 qui
2808 3158 2951 3213 Deus
2998 3158 3346 3229 praedicatur,
3380 3156 3476 3208 ad-

1896 3256 2106 3321 mittit;
2142 3255 2322 3325 ipsum
2372 3251 2622 3324 namque
2653 3262 2708 3307 et
2755 3259 3029 3323 potentem
3076 3256 3130 3304 et
3176 3247 3474 3319 potentium

1893 3345 2061 3400 Deum
2091 3361 2155 3400 ac
2181 3346 2440 3400 virtutum
2474 3346 2757 3399 dominum
2791 3342 2958 3408 dicit,
2988 3343 3061 3396 ita
3098 3349 3156 3394 ut
3187 3353 3345 3394 nemo
3372 3337 3475 3408 ipsi

1892 3451 2199 3508 repugnare
2220 3477 2235 3501 ,
2272 3452 2449 3507 neque
2478 3437 2600 3506 ejus
2631 3436 2903 3490 voluntati
2938 3432 3315 3489 contradicere
3346 3445 3475 3499 pos-

1893 3530 2004 3585 sit:
2040 3544 2242 3599 quare,
2275 3536 2463 3599 utpote
2490 3529 2643 3583 solus
2671 3534 2898 3598 potens,
2930 3524 3112 3579 omnia
3146 3522 3281 3577 dicit
3312 3528 3365 3574 et
3399 3519 3477 3573 l‘a-

1893 3621 1969 3676 cit
1998 3639 2012 3689 ;
2048 3621 2183 3675 illud
2218 3620 2363 3675 enim
2388 3660 2402 3684 ,
2439 3619 2572 3686 Quis
2602 3619 2795 3673 similis
2827 3617 2921 3670 tibi
2946 3619 2970 3671 ?
3000 3631 3108 3670 non
3139 3628 3294 3667 raros
3322 3627 3473 3674 esse,

1894 3713 1988 3768 sed
2019 3712 2231 3767 nullum
2258 3725 2382 3767 esse
2410 3710 2675 3765 declarat.
2711 3708 2992 3762 Neminem
3025 3708 3210 3776 itaque
3240 3703 3475 3758 similem

1895 3821 2019 3860 esse
2052 3807 2127 3858 ait
2158 3804 2274 3872 illi,
2306 3803 2401 3874 qui
2428 3801 2696 3855 Dominus
2742 3799 3092 3871 praedicatur,
3137 3812 3262 3851 cum
3300 3794 3475 3849 eidem

1897 3895 2020 3949 illos
2066 3900 2384 3963 comparat,
2426 3891 2518 3961 qui
2565 3891 2819 3959 superius
2863 3888 2957 3941 lilii
3007 3886 3104 3941 Dei
3150 3885 3281 3939 dicti
3324 3887 3473 3937 sunt.

1896 3987 2022 4042 Hzec
2051 3986 2195 4042 enim
2230 3986 2405 4040 eidem
2437 3985 2647 4038 haerent
2676 3981 2963 4037 sententia:
2984 4020 2998 4045 ,
3033 3979 3119 4033 cui
3156 3978 3343 4033 istlnec
3378 3992 3476 4030 su-

1899 4080 2084 4151 perius
2114 4079 2301 4132 dicta:
2352 4076 2619 4142 Quoniam
2658 4073 2774 4144 quis
2822 4074 2876 4125 in
2919 4069 3144 4124 nubibus
3182 4064 3478 4137 azquabitur

1898 4170 2178 4225 Domino?
2225 4167 2418 4223 similis
2468 4166 2567 4219 erit
2615 4164 2841 4218 Domino
2888 4162 2942 4215 in
2991 4160 3120 4230 [iliis
3150 4158 3292 4213 Dei?
3321 4155 3476 4210 Nunc

1900 4263 2026 4318 item
2049 4303 2062 4327 ,
2098 4261 2229 4327 Quis
2263 4260 2453 4314 similis
2481 4257 2613 4312 tibi?
2646 4257 2744 4321 ait,
2785 4254 2913 4325 quia
2958 4264 3149 4322 potens
3172 4266 3267 4313 es,
3303 4259 3355 4303 et
3383 4263 3478 4303 ve-

1906 4357 2043 4412 ritas
2104 4368 2418 4409 sermonum
2471 4359 2731 4413 tuorum,
2795 4346 3064 4417 promissa
3113 4358 3330 4413 quoque
3383 4349 3478 4394 tua

1901 4450 2048 4506 circa
2100 4458 2153 4503 te
2200 4456 2254 4502 et
2300 4460 2470 4517 penes
2500 4451 2553 4497 te
2579 4452 2728 4498 sunt.
2762 4441 2937 4495 Penes
2971 4449 3021 4493 te
3048 4438 3247 4507 quippe
3276 4443 3392 4497 est,
3423 4441 3479 4488 et

1901 4558 2070 4614 penes
2094 4557 2187 4597 eos
2219 4542 2312 4610 qui
2356 4549 2410 4595 te
2450 4537 2814 4599 circumdant,
2856 4534 3056 4588 veritas
3106 4542 3235 4586 tua:
3271 4543 3395 4582 nam
3430 4527 3477 4582 si

203 4624 366 4693 Παρὰ
383 4625 465 4677 σοὶ
490 4624 597 4694 γάρ
623 4626 757 4691 ἐστι,
785 4626 1046 4699 καὶπαρὰ
1073 4630 1185 4691 τοῖς
1203 4627 1465 4682 κυκλοῦσί
1486 4646 1565 4694 σε,
1601 4630 1645 4700 ή,
1666 4629 1791 4700 ἀλή-

1905 4636 1998 4705 qui
2043 4634 2290 4705 proxime
2330 4642 2385 4685 te
2445 4637 2499 4685 et
2546 4631 2603 4682 in
2645 4626 2878 4682 circuitu
2917 4634 3008 4678 tuo
3043 4629 3205 4706 sunt,
3238 4619 3315 4673 illi
3348 4631 3483 4672 sane

203 4714 328 4768 θειά
351 4732 446 4768 σου
467 4733 482 4746 ·
509 4717 557 4768 εί
602 4715 711 4786 γάρ
741 4717 886 4781 τινές
922 4735 1016 4771 σου
1046 4720 1274 4790 πλησίον
1297 4722 1392 4774 καὶ
1409 4721 1593 4791 κύκλῳ
1618 4738 1799 4793 περιε-

203 4805 411 4870 στῶτες
442 4804 574 4871 εἶεν,
596 4802 743 4862 οῦτοι
775 4809 929 4862 αὐτοὶ
952 4810 1050 4881 τὴν
1072 4812 1329 4884 ἀλήθειάν
1352 4831 1444 4867 σου
1494 4813 1763 4882 γινώσκου
1779 4845 1797 4859 ς

202 4915 310 4951 σιν.
326 4899 521 4970 Ἡμεῖς
538 4900 594 4953 δὲ
612 4901 661 4952 οἱ
694 4901 787 4953 ἐπὶ
806 4902 931 4972 γῆς,
950 4902 1029 4956 ἐτι
1059 4905 1275 4976 μακράν
1299 4923 1391 4959 σου
1417 4909 1794 4977 τυγχάνοντες,

108 5002 117 5009 ·
208 4992 309 5056 τὰς(
362 4992 766 5064 μεγαλουργίας
825 5011 919 5047 σου
981 4997 1090 5049 ἀπὸ
1151 4996 1262 5051 τῶν
1314 4999 1454 5053 κατὰ
1520 4999 1797 5053 θάλασσαν

202 5086 619 5157 ἐνεργουμένων
673 5085 777 5138 ὑπὸ
820 5088 920 5159 τῆς
969 5089 1069 5159 σῆς
1131 5090 1388 5162 προνοίας
1444 5089 1795 5162 Θεωροῦντες,

172 5180 600 5252 ,ὁμολογοῦμεν,
631 5181 712 5235 ὅτι
761 5181 984 5245 δυνατὸς
1003 5180 1073 5248 εἴ,
1110 5184 1205 5239 καὶ
1240 5186 1272 5257 ἡ
1303 5184 1533 5255 ἀλήθειά
1565 5202 1657 5238 σου
1700 5185 1798 5238 κύ-

204 5274 320 5345 κλῳ
349 5291 466 5327 σου.
491 5275 601 5344 Τῆς
620 5291 690 5326 τε-
712 5273 821 5345 γὰρ
852 5273 1129 5347 Θαλάσσης
1159 5277 1253 5329 καὶ
1284 5276 1377 5329 τοῦ
1404 5276 1660 5329 τοσούτου
1687 5276 1797 5330 τῶν

205 5367 417 5421 ὑδάτων
454 5366 649 5430 κύτους
684 5367 748 5419 σὺ
806 5367 967 5437 μόνος
998 5367 1300 5434 δεσπόζεις,
1346 5368 1440 5421 καὶ
1494 5369 1588 5421 τὸν
1635 5368 1808 5422 σάλονι

211 5458 316 5512 τῶν
346 5458 612 5529 κυμάτων
639 5458 809 5529 αὐτῆς
850 5460 931 5512 σὺ-
960 5460 1119 5530 μόνος
1165 5461 1600 5532 καταπραΰνεις,
1636 5478 1795 5532 περι-

206 5552 323 5615 Bai;
349 5552 489 5623 αὐτῇ
524 5552 748 5621 κλεῖθρα
788 5553 882 5605 καὶ
912 5552 1105 5616 πύλας,
1149 5555 1243 5606 καὶ
1285 5555 1407 5624 ὅρια
1455 5555 1593 5625 αὐτῇ
1626 5554 1799 5624 πηξά-

208 5663 395 5715 μενος,
434 5645 511 5708 ὼς
555 5644 621 5698 ἂν
670 5645 745 5714 μὴ
792 5645 1091 5717 ὑπερϐᾶσαν
1135 5646 1492 5703 κατακλύσειε
1544 5646 1644 5717 τὴν
1692 5646 1800 5701 τῶν

207 5737 513 5810 ἀνθρώπων
541 5736 884 5807 οἰκουμένην.
922 5736 1064 5809 Ὃδὴ
1098 5738 1189 5793 καὶ
1230 5738 1361 5793 αὐτὸ
1384 5737 1442 5793 ἓν
1466 5756 1519 5792 τι
1542 5737 1802 5809 τυγχάνει

285 5896 329 5919 "'
373 5891 515 5948 Psal.
554 5907 750 5957 tam,
786 5893 833 5948 1.

1904 4704 2191 4781 veritatem
2242 4729 2448 4777 norunt
2492 4728 2663 4773 tuam.
2698 4717 2807 4771 Nos
2837 4723 3013 4769 autem
3045 4704 3136 4783 qui
3166 4713 3219 4765 in
3248 4718 3395 4763 terra
3426 4714 3480 4761 et

1904 4816 2085 4872 adhuc
2117 4814 2306 4886 procul
2339 4821 2392 4867 te
2422 4823 2728 4870 versamur,
2761 4822 2827 4861 ex
2858 4805 2926 4860 iis
2958 4819 3079 4873 qua:
3110 4802 3225 4856 sive
3252 4801 3307 4853 in
3333 4806 3480 4853 terra

1905 4910 2021 4965 sive
2047 4909 2102 4962 in
2134 4905 2270 4960 mari
2299 4921 2328 4957 a
2356 4887 2703 4974 providentia
2730 4907 2821 4953 tua
2848 4906 3134 4968 geruntur,
3164 4907 3357 4964 magna
3388 4900 3479 4944 tua

1904 5000 2119 5072 opiﬁcia
2151 4996 2613 5066 contemplantes,
2658 4992 2981 5046 conﬁtemur
3009 4997 3059 5042 te
3089 4994 3391 5057 patentem,
3427 4992 3482 5038 et

1898 5092 2183 5147 veritatem
2217 5096 2367 5142 tuam
2399 5088 2454 5139 in
2487 5084 2725 5138 circuitu
2751 5093 2844 5137 tuo
2873 5096 3015 5136 esse.
3047 5078 3181 5133 Nam
3233 5088 3291 5130 tu
3332 5076 3484 5130 solus

1902 5183 2041 5238 mari
2071 5189 2126 5237 et
2154 5187 2319 5233 tanta:
2350 5190 2617 5247 aquarum
2646 5171 2969 5245 plenitudini
2996 5168 3298 5225 dominaris
3322 5207 3336 5230 ,
3362 5184 3482 5219 mo-

1900 5283 2014 5329 tum
2046 5274 2310 5326 ﬂuctuum
2342 5270 2461 5340 ejus
2483 5282 2627 5321 unus
2660 5266 2877 5335 mitigas
2900 5303 2914 5327 ,
2954 5262 3169 5332 ipsique
3201 5260 3437 5313 claustra
3466 5294 3481 5319 ,

1904 5371 2093 5438 portas
2122 5373 2177 5419 et
2202 5361 2469 5417 terminos
2505 5357 2672 5412 ﬁxisti
2698 5397 2713 5420 ,
2749 5373 2817 5411 ne
2853 5364 3302 5426 praetergressum
3336 5347 3465 5415 pela~

1898 5474 2001 5530 gus
2031 5455 2260 5512 inundet
2286 5454 2495 5509 orbem.
2521 5451 2679 5518 Quod
2707 5464 2843 5505 sane
2873 5448 2956 5502 vel
2983 5459 3151 5498 unum
3183 5440 3482 5494 niaximum

1902 5554 2067 5609 fuerit
2111 5549 2397 5621 potestatis
2445 5555 2550 5601 tua:
2601 5549 3003 5613 argumentum.
3038 5538 3107 5588 At
3136 5534 3281 5589 enim
3332 5538 3483 5584 tanta

1903 5661 2174 5717 aquarum
2228 5641 2553 5703 commotio,
2607 5636 2707 5690 tibi
2768 5630 3097 5688 utdomino
3139 5627 3481 5695 obsequens,

1904 5716 2036 5795 dum
2069 5746 2287 5794 tumens
2320 5736 2378 5791 in
2406 5733 2574 5788 altum
2608 5726 2878 5793 evehitur,
2906 5716 3231 5777 reformidat
3263 5727 3478 5782 tamen,
