3974 6526
259 287 283 344 1
295 291 399 348 039

250 409 418 464 αὐτοῦ
464 412 864 489 διασκορπίσει.
915 424 1079 493 Λέγει
1139 427 1194 480 δέ

240 783 607 852 οἰκουμένην
646 788 743 841 καὶ
793 790 856 843 τὸ
914 793 1207 865 πλήρωμα
1254 801 1445 870 αὐτῆς
1491 783 1584 860 σὺ⁷
1628 783 1830 882 ἔθεμε-

237 874 473 942 .ιίωσίις
497 917 511 938 ,
571 879 676 932 τὸν
737 883 972 952 ,βορῤᾶν
1043 891 1140 943 καὶ
1201 892 1315 961 τὴν
1364 898 1691 959 θάλασσαν
1721 874 1828 962 -σὺ

241 963 512 1034 ἐκτίσας.
545 972 744 1042 Θαϐὼρ
783 977 880 1030 καὶ
925 979 1145 1049 Ἑρμῶν
1191 985 1262 1038 ἐν
1290 987 1369 1053 τῷ
1416 992 1662 1063 ὀνόματί
1709 1017 1826 1056 σου

240 1058 734 1127 ἀγαλλιάσσνται.
764 1066 826 1120 Ἦ
846 1069 1050 1125 διάνοια
1071 1075 1180 1129 τῶν
1204 1083 1577 1153 προκειμένων
1600 1092 1822 1164 τοιαύτη

235 1152 320 1214 τίς
354 1155 490 1206 ἐστι·
529 1157 832 1229 Πεποίησαι
870 1163 989 1232 μὲν,
1026 1159 1070 1218 ὦ
1110 1167 1282 1240 Κύριε
1307 1211 1321 1234 ,
1355 1152 1491 1244 πρὸς
1525 1180 1616 1234 τὸν
1663 1152 1824 1238 Δαυῒδ

234 1246 573 1315 ἐπαγγελίας
598 1253 725 1323 περὶ
766 1255 861 1308 τοῦ
897 1259 1212 1331 σπέρματος
1253 1266 1419 1321 αὐτοῦ

231 1334 405 1389 αίῶνα
432 1333 811 1410 διαρκέσοντος
846 1346 1036 1419 θρόνου
1082 1354 1279 1408 αὐτοῦ’
1313 1361 1407 1413 καὶ
1447 1363 1649 1428 ταύτας
1671 1366 1819 1439 ὦμο-

233 1442 334 1490 σας
364 1427 440 1498 τῷ
467 1431 630 1485 Δαυῒδ
650 1434 1006 1495 ἐπιτελέσειν.
1049 1443 1296 1517 Ὀρῶμεν
1331 1449 1387 1503 δὲ
1422 1454 1584 1524 ἡμεῖς
1616 1427 1665 1510 οἱ
1719 1427 1815 1514 άν-

230 1515 439 1588 θρωποι
470 1521 544 1592 μὴ
581 1524 965 1599 πληρουμένας
989 1534 1178 1599 αὐτὲις,
1199 1515 1335 1593 Ἵὸσον
1360 1515 1591 1611 ἐπί-τοῖς
1623 1549 1816 1624 αἰσθη-

225 1611 340 1673 τοῖς
365 1613 460 1665 καὶ
503 1615 834 1686 ὁρωμένοις·
869 1621 949 1676 διό
996 1642 1198 1696 φαμεν,
1229 1632 1354 1686 Ποῦ
1389 1637 1508 1689 εἱσι
1553 1640 1627 1693 τὰ
1667 1611 1810 1712 uti;

221 1717 342 1755 σου
370 1703 442 1757 τὰ
483 1705 723 1775 ἀρχαῖα,
756 1714 966 1781 Κύριε;
1015 1718 1154 1791 πλὴν
1189 1722 1323 1779 ἀλλὰ
1354 1730 1698 1802 πεπείσμεθα
1749 1703 1810 1789 σε

221 1792 282 1859 ἐξ
315 1794 554 1862 ἅπαντος
593 1802 912 1873 ἀληθεύειν,
941 1811 1022 1863 ὅτι
1061 1812 1320 1884 δυνατὸς
1346 1815 1418 1883 εἴ,
1461 1792 1627 1893 καίή
1661 1829 1808 1897 ἁλή-

216 1887 349 1942 θειά
375 1904 492 1946 σου
515 1895 716 1961 κύκλῳ
738 1913 875 1952 σου.
899 1899 1015 1956 Καῖ
1037 1907 1318 1981 μάρτυρές
1336 1929 1399 1980 γε
1426 1915 1525 1986 τῆς
1547 1887 1807 1992 ἀληθείας

217 1995 316 2032 σου
352 1983 551 2050 πάντες
582 1989 630 2040 οί
668 1992 794 2061 περὶ
836 1993 925 2045 σέθ
969 1999 1024 2049 αἱ
1073 2000 1204 2067 γοῦν
1251 2006 1492 2074 οὐράνιοι
1545 2011 1804 2085 δυνάμεις

210 2069 769 2146 ἐξομολογήσει-ται
793 2085 863 2137 τὰ
887 2088 1189 2157 θαυμάσιά
1211 2109 1348 2161 σου,

211 2163 385 2217 θειάν
429 2183 547 2222 σου
592 2171 662 2224 ἐν
714 2175 1037 2247 Ἐκκλησία
1088 2185 1289 2239 ὁσίων.
1327 2191 1438 2244 Καὶ
1469 2163 1694 2261 είκύτως
1745 2163 1800 2252 ἑξ

205 2255 454 2326 οὐράνιοι
477 2259 737 2334 δυνάμεις
759 2265 857 2338 τὴν
883 2269 1138 2343 ἀλήθειάν
1161 2293 1253 2332 σου
1292 2255 1796 2358 ἐξομολογήσονται,

206 2347 398 2420 ἐπειδὴ
424 2352 483 2406 ἐν
510 2353 587 2423 τῷ
621 2355 837 2430 οὐρανῷ
866 2361 1317 2439 ἐτοιμασθήσεται
1340 2347 1641 2448 η’ἀλήθειιά
1668 2347 1793 2436 sou:

205 2441 283 2503 ώς
319 2445 517 2515 μηκέτι
568 2447 677 2502 δεῖν
708 2452 1186 2524 τὰς¹ἐπαγγελίας
1219 2479 1334 2526 σου,
1362 2441 1468 2530 ’τὰς
1504 2441 1648 2540 ⁷πρὸς
1703 2474 1794 2528 τὸν

203 2533 389 2596 Δαυῒδ,
421 2537 696 2607 ἐπιγείους
728 2539 867 2597 εἶναι
913 2548 1005 2600 καὶ
1048 2554 1367 2620 σωματικὰς
1413 2533 1680 2630 νομίξειν·
1733 2568 1793 2621 ἐν

200 2626 312 2698 γὰρ
339 2628 418 2700 τῷ
450 2630 665 2704 οὐρανῷ
693 2635 1194 2716 ἐτοιμασθήσεταιή
1223 2647 1452 2720 ἀλήθειά
1473 2626 1587 2709 σου.
1608 2657 1793 2714 Ταῦτα

195 2718 255 2771 δὲ
284 2721 377 2773 καὶ
419 2721 583 2788 αὐτὸς
643 2727 707 2778 ἐκ
750 2729 845 2782 τοῦ
890 2732 1046 2801 άγίου
1097 2718 1414 2810 Πνεύματος
1452 2748 1789 2821 μεμαθηκώς

196 2827 372 2883 φημι·
416 2815 492 2869 Τὰ
547 2816 687 2886 ἐλέη
738 2835 856 2876 σου
902 2827 990 2890 εἰς
1036 2826 1144 2881 τὸν
1172 2831 1360 2886 αἰῶνα
1405 2815 1790 2911 ᾄσομαι-Εἰς

192 2903 413 2972 γενεὰν
459 2907 557 2962 καὶ
590 2911 804 2978 γενεὰν
853 2915 1171 2986 ἀπαγγελῶ
1198 2922 1312 2991 τὴν
1351 2927 1641 2994 ἀλήθειάν
1669 2950 1786 2988 σου

188 2995 265 3048 ἐν
292 2996 373 3063 τῷ
402 3001 657 3069 στόματί
671 3021 812 3072 μου.
856 3006 1165 3079 Ἀληθεύειν
1193 3011 1248 3066 δέ
1285 3032 1343 3068 σε
1370 3016 1502 3071 Θεὸν
1539 3021 1667 3076 ὄντα
1690 3028 1786 3080 καὶ

191 3089 400 3162 Κύριον
428 3093 536 3146 τῶν
572 3095 709 3149 ὅλων
745 3100 1036 3154 πεπεῖσθαι
1062 3104 1189 3173 χρὴ,
1211 3105 1298 3159 διὰ
1325 3107 1386 3160 τὸ
1415 3110 1616 3180 μηδένα
1645 3111 1782 3170 εἶναι

185 3184 376 3256 ὅμοιον
418 3191 484 3259 τῇ
519 3192 584 3260 σῇ
619 3189 882 3262 δυνάμει·
921 3197 1013 3248 καὶ
1045 3197 1152 3270 γὰρ
1191 3202 1284 3253 καὶ
1323 3201 1433 3256 τῶν
1473 3205 1781 3278 ἀσωμάτων

184 3279 285 3331 καὶ
316 3277 475 3333 θείων
505 3279 787 3352 δυνάμεων
821 3287 1026 3359 Κύριος
1064 3285 1132 3354 εἶ,
1163 3293 1256 3345 καὶ
1287 3294 1511 3361 δυνατὸς
1541 3277 1778 3372 εἷμόνος

183 3371 282 3422 καὶ
309 3370 449 3442 ὑπὲρ
480 3373 708 3439 πάντας,
744 3376 819 3440 ὡς
855 3379 953 3450 τὴν
1001 3381 1258 3454 ἀλήθειάν
1292 3404 1386 3442 σου
1430 3395 1772 3454 πιστοῦσθαι.

181 3462 248 3514 Εί
277 3461 332 3514 δὲ
364 3462 458 3516 καὶ
490 3463 604 3518 ἐστι
631 3483 715 3531 τις
736 3470 794 3520 ἐν
819 3473 934 3535 τοῖς
956 3469 1108 3527 οὖσιν
1135 3478 1500 3552 ὑπερήφανος,
1527 3489 1554 3541 ὁ
1577 3489 1775 3545 καλού-

184 3571 350 3624 μενος
375 3555 620 3623 διάϐολος
658 3561 1036 3635 ἀντικείμενος
1057 3571 1164 3634 ἀεὶ,
1199 3575 1293 3627 καὶ
1325 3577 1576 3650 πολεμῶν
1605 3587 1670 3655 τῇ
1707 3590 1771 3658 σῇ

179 3646 435 3719 ἀληθείᾳ,
489 3650 625 3706 ἀλλὰ
675 3654 738 3708 σὺ
786 3657 973 3713 τοῦτον
1031 3662 1430 3734 ἐταπείνωσαςο
1473 3672 1583 3727 εἴτε
1629 3680 1773 3743 τινές

175 3739 319 3794 εἰσιν
350 3741 490 3815 ὑπὲρ
522 3744 710 3802 τοῦτον
745 3747 938 3821 ἐχθραὶ
973 3755 1067 3807 καὶ
1091 3757 1468 3831 ἀντικείμεναι
1492 3739 1769 3837 δυνάμεις,

171 3831 319 3886 ἀλλὰ
354 3835 448 3888 καὶ
475 3836 679 3903 ταύτας
707 3840 1117 3916 διεσκόρπισας.
1153 3849 1393 3906 Πάντοτε
1436 3856 1502 3910 σὺ
1527 3863 1765 3928 κρατεῖς,

167 3926 402 3999 καὶτῆς
455 3931 563 3986 τῶν
589 3934 726 3988 ὅλων
776 3939 966 4005 οὐσίας
1013 3944 1076 3997 σὺ
1133 3944 1454 4016 δεσπόζεις,
1507 3926 1628 4007 ἐπεὶ
1672 3958 1768 4010 καὶ

165 4019 407 4092 ποιητὴς
448 4023 557 4077 τῶν
595 4026 732 4082 ὅλων
766 4033 1077 4102 τυγχάνεις.
1114 4038 1262 4112 Αὕτη
1311 4040 1421 4114 γὰρ
1457 4045 1489 4115 ὴ
1521 4045 1765 4102 θάλασσα

163 4110 270 4164 καὶ
298 4113 361 4167 τὸ
401 4116 655 4171 τοσοῦτον
684 4120 786 4190 τῆς
838 4123 1012 4196 ὑγρᾶς
1056 4110 1259 4196 οὐσίας
1292 4110 1554 4206 στοιχεῖον
1603 4137 1763 4209 ἔργον

162 4204 412 4278 ὑπάρχει
445 4208 553 4274 σὺν,
589 4212 682 4264 καὶ
715 4212 774 4265 σὲ
817 4215 1004 4287 κύριον
1047 4204 1442 4294 ἐπιγράφεται.
1483 4229 1545 4282 Ei
1573 4204 1762 4284 danai.

157 4297 390 4369 οὐρανοί
441 4319 585 4367 τινες
616 4303 876 4379 ἀνώτεροι
917 4311 1013 4364 τοῦ
1060 4315 1440 4388 στερεώματος
1490 4321 1756 4387 νοοῦνται,

158 4390 330 4445 θείων
358 4395 685 4466 πνευμάτων
719 4400 814 4453 καὶ
855 4399 1140 4474 δυνάμεων
1183 4407 1382 4477 ἁγίων,
1425 4410 1532 4466 τῶν
1565 4430 1621 4466 τε
1657 4415 1757 4485 τὴν

158 4482 266 4556 σὴν
303 4483 533 4557 θεότητα
579 4491 1020 4562 περιπολούντων
1055 4497 1303 4566 ἀγγέλων
1338 4502 1430 4556 καὶ
1476 4482 1754 4575 ἀρχαγγέ-

151 4574 271 4628 λων
302 4578 623 4651 οίκητήρια,
671 4584 765 4637 καὶ
808 4579 956 4640 οὗτοι
991 4589 1073 4642 σοί
1112 4593 1251 4645 εἰσιν
1303 4592 1422 4664 ἅμα
1461 4574 1596 4650 πᾶσι
1641 4574 1754 4665 τοῖς

147 4667 404 4722 οἰκοῦσιν
437 4671 638 4738 αὐτοῖς.
677 4677 786 4729 Καὶ
827 4678 954 4733 ἄλλο
997 4682 1054 4735 δὲ
1089 4689 1347 4756 στοιχεῖον
1392 4691 1452 4741 οὐ
1492 4691 1685 4763 μικρὸν
1718 4695 1750 4765 ἡ

1471 1272 1566 1324 καὶ
1611 1275 1706 1328 τοῦ
1740 1279 1821 1342 είς

1433 315 1940 381 COMMENTARlA
1980 329 2047 383 1N
2088 330 2427 395 PSALMOS.

3395 365 3534 422 1090

1258 431 1431 486 ταῦτα
1489 436 1834 506 ἀναγκαίως·
1875 448 2152 518 προειπὼν
2184 453 2312 526 γὰρ,
2361 460 2625 529 Δυνατὸς
2669 466 2744 531 εἴ,
2779 470 2976 538 Κύριε,
3047 474 3146 530 καί
3189 477 3228 545 ἠ
3280 479 3531 547 ἀλήθειά

1610 505 1614 506 ν
1789 505 1793 506 ν
1922 505 1932 518 ι
2195 505 2312 526 .--τ’
2361 505 2617 529 --,..-νς⁸
2669 505 2744 531 νιν,
2779 505 2976 538 ult/you,
3048 505 3146 530 ιιιιι
3189 505 3228 545 ἰι
3280 505 3297 532 ι

247 515 366 555 σου
413 505 616 573 κύκλῳ
673 525 824 576 σου,
871 515 1199 588 παρίστησιν
1247 523 1432 588 αὐτοῖς
1485 525 1667 597 ἔργοις
1718 532 1836 596 πῶς
1876 537 2112 611 ὑπάρχει
2138 543 2416 611 δυνατὸςό
2451 550 2656 623 Κύριος
2678 556 2760 618 είς
2787 558 3052 614 πίστωσιν
3121 565 3218 636 τῆς
3273 568 3297 622 ὁ

247 594 412 636 ηῐίτῆῧ
502 599 642 636 ι’)εφξη
690 602 783 636 ιιι-ΛΠ
825 605 925 636 ptin-
973 609 1306 636 1-------“'~-
1357 617 1447 636 *Α
1572 622 1585 636 “
1686 625 1698 636 ⁸
1779 625 1835 636 *⁸
2137 635 2140 636 ⁷

245 594 412 649 αὐτοῦ
438 636 452 659 ,
502 599 642 671 ὑπὲρ
690 602 784 656 τοῦ
825 605 925 670 τὰς
972 609 1306 679 ἐπαγγελίας
1351 617 1489 687 πρὸς
1515 594 1627 675 ⁷τὸν
1672 594 1835 679 Δαυῒδ

1870 635 2245 705 γεγενημένας
2271 639 2493 711 ἀληθεῖς
2519 645 2814 715 ἀποδεῖξαι.

317 690 421 743 Σοί
467 694 932 765 εἰσινοῠρανοὶ,
983 706 1081 758 καὶ
1115 705 1198 774 σή
1251 710 1423 764 ἐστιν
1474 717 1514 783 ἡ
1567 718 1669 788 γῆ.
1717 722 1833 790 τὴν
1949 690 1960 700 '
2015 690 2177 787 Vsus.

1859 736 1909 793 Α
2015 727 2177 787 Vens.
2215 734 2302 801 12,
2328 737 2414 791 13.
2439 738 2540 794 Tui
2562 751 2686 796 sunt
2716 745 2834 799 εωίὶ
2853 757 2907 801 et
2927 760 3020 803 tua
3049 762 3128 806 est
3161 765 3324 820 terra,
3346 761 3523 816 orbem

1933 833 2093 880 terrae
2120 837 2171 880 et
2202 829 2582 897 plenitudinem
2611 838 2726 906 ejus
2761 851 2817 894 tu
2849 844 3112 912 fundasti,
3148 853 3445 920 aquilonem
3471 869 3522 912 et

1929 931 2075 972 mare
2089 929 2146 972 tu
2161 926 2371 979 creasti.
2383 924 2593 983 Tltabor
2605 940 2653 984 et
2674 931 2908 988 Hermon
2927 937 2978 989 in
2997 942 3205 997 nomine
3236 955 3324 999 tuo
3341 951 3522 1003 exsule

1929 1009 2136 1066 tabunt.
2159 1011 2364 1070 Horum
2393 1019 2519 1074 talis
2553 1026 2822 1079 sententia
2869 1036 2951 1084 est
2977 1048 2990 1084 :
3026 1030 3240 1101 Davidi,
3265 1037 3515 1107 Domine,

1924 1103 2198 1171 promissa
2229 1106 2430 1163 dedisti
2455 1111 2522 1166 de
2552 1116 2762 1171 semine
2797 1117 2942 1187 ejus,
2963 1137 3028 1174 ac
3059 1124 3126 1178 de
3167 1126 3365 1183 throno
3394 1131 3514 1200 ejus

1924 1208 2098 1264 usque
2140 1197 2195 1252 in
2225 1208 2492 1256 aaternum
2521 1203 2790 1261 duraturo
2824 1227 2837 1263 :
2868 1219 3033 1280 atque
3067 1214 3170 1284 ipsi
3202 1215 3390 1273 Davidi
3420 1197 3513 1290 iu-

1922 1287 2060 1341 rusti
2092 1295 2146 1344 te
2171 1305 2235 1344 ea
2277 1293 2651 1362 perfecturum
2692 1314 2836 1357 esse.
2885 1301 2998 1360 Nos
3039 1314 3221 1363 autem
3256 1310 3509 1369 homines

1919 1377 2168 1436 videmus
2197 1382 2312 1438 haec
2353 1400 2461 1440 non
2495 1397 2762 1459 quantum
2809 1393 2876 1448 ad
2901 1409 2964 1448 ea
2996 1411 3118 1466 qua:
3150 1400 3254 1454 sub
3283 1416 3505 1458 sensum

1916 1478 1970 1525 et
2020 1483 2300 1541 aspectum
2335 1478 2545 1533 cadunt
2605 1480 2818 1551 impleri
2853 1502 3065 1556 :quare
3112 1490 3367 1558 dicimus,
3405 1494 3505 1551 Ubi

1916 1573 2041 1616 sunt
2063 1567 2446 1624 misericordia
2476 1581 2580 1627 tua:
2613 1576 2867 1644 antiquaz,
2889 1578 3148 1638 Domine?
3178 1600 3503 1654 persuasum

1917 1661 2097 1710 tamen
2153 1659 2422 1719 habemus
2479 1671 2533 1721 te
2590 1682 2818 1736 prorsus
2876 1689 3124 1729 veracem
3185 1693 3326 1745 esse,
3373 1684 3502 1750 quia

1910 1756 2093 1814 potens
2122 1766 2175 1804 es
2210 1762 2260 1805 et
2287 1755 2482 1810 veritas
2507 1765 2598 1811 tua
2627 1759 2681 1812 in
2709 1763 2934 1817 circuitu
2965 1775 3075 1821 tuo.
3111 1767 3304 1828 Testes
3335 1789 3502 1844 porro

1909 1839 2160 1895 veritatis
2203 1849 2310 1898 tua:
2345 1854 2476 1900 sunt
2524 1857 2796 1920 quotquot
2843 1855 2991 1908 circa
3030 1865 3084 1912 te
3134 1839 3496 1921 consistunt:

1909 1944 2038 1984 nam
2091 1934 2346 1992 caelestes
2393 1939 2630 1997 virtutes
2661 1937 3061 2014 conﬁtebuntur
3080 1952 3348 2008 mirabilia
3381 1965 3495 2024 tua,

1907 2033 1957 2075 et
1986 2026 2258 2081 veritatem
2309 2039 2455 2084 tuam
2495 2033 2552 2087 in
2603 2033 2844 2092 Ecclesia
2890 2053 3219 2101 sanctorum.
3252 2045 3318 2101 Et
3363 2063 3496 2106 sane

1380 2102 1477 2154 καὶ
1514 2103 1628 2172 τὴν
1655 2107 1805 2177 ἀλή-
1836 2099 1876 2152 Β
1901 2116 2028 2185 jure
2061 2120 2316 2180 cmlestes
2356 2124 2462 2180 illa:
2489 2126 2720 2185 virtutes
2760 2133 3042 2190 veritatem
3076 2145 3224 2192 tuam
3263 2143 3493 2197 conlite-

1905 2207 2131 2277 buntur,
2166 2213 2294 2283 quia
2327 2216 2380 2269 in
2419 2218 2560 2273 cmlo
2593 2225 2995 2293 praeparabitur
3018 2229 3222 2286 veritas
3253 2239 3380 2297 tua;
3415 2234 3491 2287 ita

1903 2310 1963 2353 ut
2001 2305 2271 2372 promissa
2305 2315 2398 2362 tua
2426 2309 2492 2363 ad
2525 2311 2784 2368 Davidem
2818 2315 2984 2382 facta,
3019 2335 3127 2374 non
3166 2322 3353 2391 utique
3376 2333 3490 2378 ter-

1901 2407 2030 2446 rena
2060 2403 2112 2448 et
2145 2409 2410 2466 corporea
2445 2400 2696 2458 habenda
2736 2405 2846 2460 sint
2874 2425 2887 2461 :
2917 2424 3044 2488 nam
3091 2411 3144 2465 in
3180 2413 3324 2466 coelo
3348 2429 3490 2483 prte-

1897 2485 2183 2553 parabitur
2220 2491 2425 2546 veritas
2454 2500 2569 2549 tua.
2605 2493 2734 2551 Haec
2769 2513 2900 2554 vero
2940 2485 2991 2554 θ’
3019 2500 3231 2572 Spiritu
3292 2514 3486 2563 sancto

1895 2577 2124 2632 edoctus
2155 2579 2282 2634 dico
2313 2601 2324 2636 :
2354 2582 2754 2642 Misericordias
2781 2597 2902 2644 tuas
2933 2593 2985 2646 in
3013 2603 3266 2649 aeternum
3296 2607 3485 2652 canta-

1895 2663 1978 2720 bo.
2013 2664 2078 2719 In
2107 2673 2501 2739 generationem
2529 2685 2577 2730 et
2609 2679 3004 2748 generationem
3037 2685 3363 2740 annuntiabo
3393 2703 3482 2740 ve-

1893 2757 2106 2812 ritatem
2147 2770 2294 2815 tuam
2329 2763 2381 2817 in
2415 2783 2504 2820 ore
2537 2784 2670 2824 meo.
2704 2769 2780 2825 Te
2813 2787 2999 2842 porro,
3025 2783 3212 2845 utpote
3233 2777 3399 2832 Deum
3426 2789 3481 2835 et

1892 2845 2186 2904 Dominum
2225 2857 2636 2924 universorum,
2661 2877 2913 2918 veracem
2936 2868 3162 2924 credere
3197 2875 3474 2940 convenit,

1891 2941 2019 3010 quia
2055 2943 2243 3000 nullus
2272 2957 2358 3001 est
2405 2949 2502 3004 tibi
2540 2951 2744 3009 virtute
2794 2956 3035 3014 similis:
3071 2961 3340 3030 siquidem
3391 2965 3478 3021 in-

1888 3047 2281 3104 corporearum
2326 3050 2380 3096 et
2420 3043 2730 3101 divinarum
2784 3049 3047 3106 virtutum
3091 3054 3357 3116 Dominus
3387 3077 3470 3126 es,

1887 3123 2150 3195 solusque
2177 3143 2241 3182 ac
2287 3146 2454 3202 super
2495 3150 2687 3192 omnes
2720 3149 2917 3208 potens
2953 3159 3035 3208 es,
3063 3146 3137 3201 ita
3174 3159 3232 3202 ut
3266 3152 3472 3206 verita-

1885 3225 1992 3269 tem
2023 3224 2173 3273 tuam
2210 3225 2529 3281 credibilem
2585 3229 2768 3287 facere
2818 3239 3018 3304 possis.
3056 3237 3212 3305 Quod
3253 3243 3296 3297 si
3345 3245 3472 3314 quis

1883 3306 1936 3361 in
1970 3325 2151 3366 rerum
2188 3322 2384 3370 natura
2422 3322 2694 3390 superbus
2717 3327 2968 3392 exsistat,
2994 3347 3189 3402 nempe
3215 3333 3470 3390 diabolus

1804 3436 1846 3492 Ο
1880 3399 1975 3453 tibi
2025 3416 2241 3471 semper
2293 3405 2663 3477 adversarius,
2699 3429 2763 3468 ac
2810 3419 3094 3474 veritatem
3122 3399 3470 3494 oppugnatus

1881 3499 2063 3546 tuam:
2100 3500 2158 3548 tu
2201 3511 2334 3553 sane
2379 3499 2526 3556 hunc
2564 3504 2864 3562 humiliasti
2901 3528 2914 3564 :
2946 3511 2990 3566 si
3027 3528 3159 3566 vero
3203 3514 3329 3569 huic
3367 3531 3459 3572 su-

1878 3585 2120 3652 perieres
2157 3591 2407 3658 quaedam
2453 3596 2690 3652 inimicm
2731 3609 2785 3655 et
2825 3601 3070 3659 adversae
3107 3606 3204 3660 tibi
3229 3609 3466 3666 virtutes

1875 3675 2004 3737 sint,
2041 3693 2134 3735 eas
2177 3696 2398 3753 quoque
2429 3685 2732 3759 dissipasti.
2767 3691 2849 3746 Tu
2883 3695 3084 3764 ubique
3106 3697 3366 3768 imperas,
3409 3709 3464 3756 et

1874 3768 2260 3826 universorum
2298 3776 2624 3834 substantia:
2652 3780 2977 3849 dominaris,
3016 3786 3144 3855 quia
3180 3789 3462 3844 universo-

1870 3871 1992 3910 rum
2027 3860 2208 3930 Opifex
2237 3879 2320 3919 es.
2362 3865 2544 3937 Ipsum
2575 3872 2777 3943 quippe
2801 3890 2972 3940 mare,
3001 3885 3323 3949 tantumque
3352 3881 3459 3935 bu-

1869 3950 2029 4006 midaa
2069 3954 2393 4013 substantia:
2447 3960 2799 4030 elementum,
2840 3975 2993 4023 tuum
3026 3978 3111 4026 est
3149 3972 3453 4040 opillcium,

1867 4049 2028 4113 teque
2060 4047 2342 4104 dominum
2372 4055 2597 4110 ascribit
2620 4071 2803 4113 suum.
2826 4059 2966 4127 Quid
2990 4063 3036 4120 si
3070 4065 3196 4120 ραιιί
3227 4065 3453 4136 quidam

1866 4134 1988 4204 ipso
2019 4136 2364 4198 ﬁrmamento
2387 4149 2701 4216 superiores
2745 4154 3078 4223 cogitentur,
3118 4158 3210 4227 qui
3242 4157 3452 4214 scilicet

1862 4227 2176 4286 divinorum
2207 4235 2523 4305 spirituum,
2551 4251 2867 4300 sanctarum
2903 4248 3190 4314 virtutum,
3225 4253 3449 4322 angelo-

1860 4335 1982 4374 rum
2014 4325 2543 4398 etarcltangelorum
2583 4332 2843 4390 deitatem
2894 4344 3044 4393 tuam
3100 4339 3446 4410 stipantium,

1859 4408 2133 4467 domicilia
2151 4416 2295 4484 sint;
2330 4419 2384 4474 hi
2411 4436 2634 4493 quoque
2659 4439 2784 4479 cum
2815 4430 3074 4485 omnibus
3105 4431 3300 4487 incolis
3329 4434 3448 4488 suis

1859 4503 1938 4558 tui
1997 4516 2148 4564 sunt.
2199 4511 2362 4568 Aliud
2393 4514 2560 4569 etiam
2626 4517 2958 4575 elementum
3011 4538 3120 4577 non
3161 4524 3443 4595 exiguum,

1856 4597 2010 4652 arida
2049 4615 2244 4671 nempe
2277 4606 2587 4662 substantia
2611 4617 2665 4664 et
2687 4618 2832 4665 terra
2866 4612 3022 4666 cmlis
3056 4613 3323 4682 subjecta,
3351 4623 3444 4670 tua

1855 4690 1982 4747 item
2016 4701 2123 4749 est.
2149 4695 2286 4750 Cum
2318 4699 2501 4769 itaque
2540 4703 2725 4757 omnia
2768 4712 2860 4758 tuo
2897 4706 3056 4760 nutui
3098 4711 3360 4774 serviant,
3389 4719 3444 4765 et

156 4759 303 4827 ξηρά
327 4761 504 4828 οὐσία,
538 4767 689 4839 καὶὴ
733 4773 846 4836 τοῖς
889 4774 1140 4845 οὐρανοῖς
1174 4777 1512 4852 ὑποκειμένη
1553 4784 1645 4854 γῆ,
1682 4787 1748 4858 σή

1885 4787 2195 4845 uomnibus
2221 4790 2477 4861 imperes,
2521 4803 2712 4864 utpote
2742 4797 2988 4852 omnium
3028 4799 3306 4866 dominus,
3344 4819 3441 4858 rex

151 4853 274 4906 ἐστι
309 4855 405 4908 καὶ
441 4857 604 4932 αὕτη.
628 4861 752 4916 Ὅτε
785 4865 966 4920 τοίνυν
1010 4867 1081 4921 τὰ
1125 4870 1415 4942 σύμπαντα
1464 4879 1578 4940 τοῖς
1633 4881 1746 4942 σοῖς

147 4944 390 5016 νεύμασι
415 4949 676 5018 δουλεύει,
711 4957 803 5010 καὶ
838 4959 902 5012 σὺ
931 4960 1152 5015 πάντων
1188 4968 1427 5036 κρατεῖς,
1451 4966 1638 5038 κύριος
1667 4970 1743 5024 ὢν

145 5037 410 5093 ἁπάντων
447 5045 540 5098 καλ⁸
588 5046 852 5117 βασιλεὺς.
887 5053 982 5105 καὶ¹
1015 5054 1178 5119 Θεὸς,
1227 5057 1311 5120 τίς
1359 5057 1743 5130 ἀντιστήσεταί

1852 4884 1905 4931 et
1936 4876 2104 4945 Deus,
2133 4883 2261 4952 quis
2300 4885 2523 4941 resistet
2559 4887 2695 4942 tibi?
2747 4888 2814 4942 Et
2861 4889 2993 4960 quid
3049 4892 3441 4963 impedimento

1853 4969 2036 5035 fuerit,
2061 4975 2356 5043 quominus
2396 4986 2487 5032 tua
2514 4980 2690 5034 electo
2705 4989 2808 5054 tuo
2836 4982 3027 5038 Davidi
3056 4985 3181 5039 data
3203 4989 3439 5056 promis-

1852 5078 1934 5127 sa,
1969 5081 2090 5135 qua:
2117 5067 2337 5135 juratus
2366 5069 2606 5136 edidisti,
2638 5074 2922 5131 credibilia
2959 5077 3297 5133 reddantur?

129 5147 266 5214 fet;
303 5133 373 5185 Ἢ
400 5136 450 5188 τί
471 5137 531 5190 τὸ
558 5141 808 5210 ἐμποδὼν
833 5143 986 5200 ἔσται
1007 5146 1100 5200 τοῦ
1135 5149 1209 5221 μὴ
1268 5151 1649 5208 πιστώσασθαι
1711 5154 1809 5219 τὰς
1852 5156 1950 5222 σὰς
1986 5133 2139 5232 -πρὸς
2168 5161 2260 5214 τὸν
2307 5164 2562 5219 ἐκλεκτόν
2594 5133 2707 5220 ⁷σου
2752 5169 2915 5223 Δαυῒδ
2959 5171 3292 5242 ἐπαγγελίας
3316 5213 3330 5236 ,
3369 5170 3434 5235 ἃς

144 5225 272 5298 μεθ’
307 5228 472 5299 ὅρκου
505 5233 641 5304 πρὸς
663 5236 825 5291 αὐτὸν
863 5241 1138 5313 ἐποιήσω;

217 5321 436 5406 Σφόδρα
459 5327 638 5381 τοίνυν
661 5331 754 5384 καὶ
783 5333 1095 5402 ἀκολούθως
1116 5343 1228 5404 τοῖς
1253 5341 1565 5417 ἔμπροσθεν
1591 5348 1743 5421 εξρη..

143 5403 336 5484 μένοις
366 5415 454 5472 διὰ
480 5420 588 5475 τῶν
621 5428 998 5498 προκειμένων
1045 5433 1296 5505 ἐπήγαγε
1337 5437 1418 5505 τὸ,
1449 5441 1554 5494 Σοί
1584 5443 1742 5496 εἰσιν

137 5509 196 5562 σε
231 5510 501 5578 οὐρανοὶ,
535 5517 633 5569 καὶ
671 5518 753 5587 σή
789 5520 963 5576 ἐστιν
990 5525 1028 5592 ἡ
1058 5524 1136 5596 γῆ
1159 5546 1173 5558 ·
1220 5527 1338 5598 τὴν
1378 5532 1739 5602 οἰκουμένην

138 5601 240 5655 καὶ
277 5603 573 5675 πλήρωμα
607 5609 798 5678 αὐτῆς
829 5613 911 5666 σὺ
936 5615 1360 5687 ἐθεμελίωσας.
1389 5622 1466 5675 Οὐ
1496 5601 1604 5695 γάρ
1642 5601 1738 5695 μό-

134 5711 232 5746 νον
263 5695 355 5749 τὸν
404 5699 652 5769 οὐρανὸν,
680 5707 834 5775 φησὶ,
891 5707 987 5760 καὶ
1017 5707 1114 5772 τὰς
1168 5711 1227 5763 ἐν
1269 5713 1419 5784 αὐτῷ
1448 5715 1726 5787 δυνάμεις,

130 5784 275 5838 ἀλλὰ
307 5786 399 5841 καὶ
418 5787 516 5857 τὴν
551 5791 656 5860 γῆν
690 5795 754 5847 σὺ
797 5794 1192 5865 ἐθεμελίωσαςο
1229 5803 1534 5875 συμφώνως
1571 5784 1637 5878 τῇ
1671 5810 1730 5866 ἐν

1912 5347 2222 5405 Admodum
2256 5363 2626 5425 congruenter
2651 5373 2814 5430 supra
2850 5359 3013 5414 dictis
3041 5360 3153 5430 jam
3203 5361 3429 5431 subjicit

1840 5438 1974 5493 illud
2003 5459 2015 5493 :
2051 5439 2152 5494 Tui
2184 5451 2308 5497 sunt
2363 5444 2481 5498 cain
2523 5455 2573 5500 et
2602 5455 2697 5500 tua
2739 5458 2815 5502 est
2848 5458 2989 5502 terra
3015 5464 3034 5503 :
3066 5449 3242 5504 orbem
3273 5461 3429 5505 terra:

1836 5546 1884 5586 et
1913 5532 2295 5600 plenitudinem
2341 5537 2456 5607 ejus
2491 5548 2545 5592 tu
2597 5540 2859 5609 fundasti.
2910 5541 3030 5597 Non
3078 5544 3240 5598 modo
3278 5545 3424 5600 enim

1835 5627 2058 5690 caelum,
2109 5630 2207 5693 ait,
2241 5637 2295 5684 et
2353 5631 2586 5688 virtutes
2630 5634 2704 5688 ibi
2740 5643 3067 5702 versantes,
3110 5635 3202 5692 sed
3258 5639 3424 5693 etiam

1837 5726 2037 5775 terram
2069 5719 2311 5779 fundasti
2336 5742 2349 5778 :
2372 5725 2458 5779 cui
2486 5726 2690 5780 accinit
2720 5726 2809 5781 illa
2843 5727 3264 5785 Proverbiorum
3296 5747 3419 5786 sen-

1838 5811 2054 5871 tentia:
2089 5813 2233 5871 Deus
2269 5817 2532 5887 sapientia
2581 5818 2825 5887 fundavit
2863 5830 3056 5876 terram
3088 5837 3106 5876 :
3144 5839 3419 5895 praepara.
