3974 6510
562 322 695 380 1091

1240 318 1513 376 EUSEBII
1552 314 2033 377 CIESARIENSIS
2059 313 2209 371 OPP.
2248 312 2431 369 PARS
2464 313 2550 369 lll.
2590 345 2663 357 —
2701 310 3111 370 EXEGETICA.

3650 323 3752 377 109i

563 444 636 497 uit
666 451 843 497 autem
866 442 1023 496 caelos
1053 441 1109 494 in
1137 440 1425 510 prudentia
1454 440 1524 496 ³ο.
1558 439 1659 496 Hic
1689 455 1821 496 vero
1846 440 2146 494 habitatam

2267 439 2371 499 ταῖς
2408 434 2744 508 Παροιμίαις
2782 433 3017 507 λεγούσῃ
3060 436 3231 507 φωνῇ.
3280 434 3341 489 '0
3373 436 3508 504 Θεὸς
3532 438 3595 507 τῇ
3617 447 3754 512 σοφίᾳ

567 551 727 591 .erraz
778 544 1022 605 partem,
1084 532 1243 604 quasi
1312 533 1748 604 praestantiorem
1780 571 1797 597 ,
1825 530 2148 602 οἰκουμένην

566 629 891 692 nominavit,
926 627 993 681 ad
1024 627 1324 681 discrimen
1356 626 1501 680 inter
1526 624 1799 681 desertam
1829 635 1883 680 et
1921 625 2146 679 cultam.

568 721 686 774 imo
713 720 874 773 etiam
898 718 1301 788 plenitudinem
1327 717 1478 771 orbis
1505 724 1666 771 terra:
1703 715 1925 785 adiecit,
1962 715 2046 770 his
2076 714 2152 770 si-

568 811 834 881 gniﬁcans
885 810 1183 863 humanum
1217 824 1413 879 genus,
1447 807 1594 878 quod
1634 807 1825 862 orbem
1856 814 2017 862 terrae
2045 806 2150 859 im-

572 905 700 973 plet.
729 900 916 970 Neque
939 910 1121 957 tamen
1147 903 1394 967 aberres,
1427 900 1473 955 si
1503 900 1611 956 alio
1639 899 1951 970 explicandi
2002 913 2154 953 more

570 995 764 1059 dicas,
833 994 1229 1063 plenitudinem
1280 1009 1405 1049 esse
1467 990 1771 1047 Salvatoris
1826 991 2150 1053 Ecclesiam.

571 1102 735 1158 quam
785 1088 963 1156 ipsum
1014 1086 1112 1140 Dei
1158 1085 1396 1141 Verbum
1439 1085 1691 1141 fundavit
1724 1101 1890 1156 supra
1917 1092 2149 1156 petram.

571 1177 917 1247 Quapropter
982 1178 1110 1232 alibi
1181 1178 1388 1233 dictum
1441 1186 1527 1233 est
1580 1197 1593 1233 :
1656 1179 1913 1232 Dominus
1966 1194 2155 1248 regna-

573 1271 642 1325 vit
666 1310 680 1335 ,
710 1270 946 1324 decorem
981 1272 1195 1325 indutus
1226 1282 1324 1327 est.
1352 1272 1562 1326 Etenim
1585 1273 1815 1326 correxit
1852 1272 2027 1326 orbem
2050 1282 2154 1325 ter-

574 1379 668 1431 rae,
687 1365 776 1432 qui
805 1381 907 1417 non
933 1364 1341 1417 commovebitur
1360 1364 1424 1417 ³⁸.
1447 1363 1732 1430 Quomodo
1754 1374 1935 1418 autem
1959 1364 2155 1417 funda-

575 1457 714 1511 verit
737 1458 922 1511 orbem
958 1464 1117 1514 terra:
1146 1457 1340 1511 deinde
1371 1457 1582 1527 adjicit,
1605 1456 1915 1526 Aquilonem
1940 1466 1988 1510 et
2010 1473 2155 1511 mare

575 1557 631 1601 tu
655 1550 882 1602 creasti:
906 1549 1097 1619 quinta
1126 1565 1256 1603 vero
1284 1549 1476 1613 editio,
1502 1548 1813 1620 Aquilonem
1828 1559 1877 1603 et
1900 1560 2079 1603 notum
2099 1560 2155 1603 tu

574 1639 788 1691 creasti.
821 1636 1159 1709 Videturque
1194 1639 1323 1692 mihi
1356 1654 1450 1708 per
1483 1640 1593 1693 duo
1630 1640 1799 1694 latera
1830 1649 1884 1694 et
1913 1650 2155 1694 extrema

575 1729 754 1794 orbis,
807 1736 983 1783 totum
1042 1730 1305 1784 mundum
1375 1731 1711 1802 signiﬁcare,
1769 1746 1929 1801 quem
1979 1732 2156 1801 reple-

2246 527 2604 595 ἐθεμελίωσε
2646 525 2763 594 τὴν
2804 525 2924 595 γῆν
2948 543 2961 556 ·
3001 527 3291 597 ἡτοίμασε
3325 528 3394 581 δὲ
3429 532 3683 598 οὐρανοὺς
3708 536 3753 587 ἐν

2248 616 2561 686 φρονήσει.
2596 618 2734 671 Κατ’
2762 616 3039 687 ἐξαίρετον
3068 614 3125 672 δὲ
3159 619 3396 674 ἐνταῦθα.
3430 622 3486 675 τὸ
3510 624 3757 696 οἰκούμενον

2254 709 2418 781 μέρος
2445 710 2545 781 τῆς
2578 712 2681 783 γῆς
2727 712 3051 783 οἰκουμένην
3091 713 3394 784 ὠνόμασεν,
3420 716 3759 785 amatas-.534;

2250 800 2351 871 τῆς
2411 803 2619 874 ἐρήμου
2678 802 2903 873 καὶτῆς
2956 804 3199 873 οἰκητοῧ.
3268 805 3427 858 ’Δλλα
3469 807 3631 861 καὶτὸ
3664 815 3760 882 πλή-

2256 910 2414 965 ρωμα
2474 894 2572 964 τῆς
2612 893 2935 965 οἰκουμένης
2982 896 3319 965 προσέθηκεν
3348 936 3363 960 ,
3410 898 3544 951 οὕτω
3573 905 3761 973 σημήνας

2253 986 2316 1038 τὸ
2353 984 2460 1038 τῶν
2502 984 2804 1057 ἀνθρώπων
2833 986 3009 1053 γένος,
3041 987 3148 1039 τῶν
3194 989 3290 1060 τὴν
3336 991 3636 1063 οἰκουμένην
3669 994 3761 1065 τελη-
3834 1052 3837 1057 ,

2255 1077 2511 1148 ρούντων.
2565 1078 2847 1149 Πλήρωμα
2895 1078 2951 1132 δὲ
3001 1080 3095 1133 καὶ
3149 1081 3323 1145 ἄλλως
3370 1083 3468 1153 τῆς
3512 1086 3763 1157 οἰκουμένης

2252 1169 2353 1221 οὐκ
2399 1168 2465 1222 ἂν
2513 1168 2776 1240 ἁμάρτοις
2809 1171 2981 1239 λέγων
3024 1171 3121 1243 τὴν
3172 1173 3265 1226 τοῦ
3300 1175 3551 1247 Σωτῆρος
3598 1177 3765 1248 Ἐκκληο

2259 1261 2411 1325 σίαν,
2468 1262 2535 1331 ἣν
2568 1261 2729 1325 αὐτὸς
2770 1264 2799 1315 ό
2834 1263 2929 1316 τοῦ
2974 1263 3109 1317 Θεοῦ
3155 1266 3324 1334 Λόγος
3357 1268 3680 1338 ἐϐεμελὶωσεν
3704 1273 3765 1322 ἐπὶ

2255 1352 2353 1423 τὴν
2392 1352 2617 1424 πέτραν.
2676 1354 2767 1406 Διὸ
2814 1354 2911 1408 καὶ
2952 1346 3011 1409 ἓν
3062 1356 3271 1427 ἑτέροις
3313 1358 3556 1430 εἴρηται·
3605 1358 3766 1428 Κύριος

2256 1440 2687 1509 ἐϐασίλευσεν,
2741 1443 3103 1511 εὐπρέπειαν
3169 1447 3510 1501 ἐνεδύσατο.
3563 1451 3655 1503 Kal
3694 1454 3769 1519 τὰρ

2260 1532 2613 1600 κατώρθωσε
2658 1532 2772 1601 τὴν
2813 1537 3207 1605 οἰκουμένην,
3253 1537 3385 1605 ἣτις
3426 1541 3496 1593 οὐ
3542 1540 3770 1609 σαλευθή-

2259 1634 2455 1678 σεταις
2485 1625 2609 1689 Πῶς
2637 1625 2693 1678 δὲ
2735 1624 3066 1695 ὲθεμελίωσε
3096 1628 3192 1698 τὴν
3235 1630 3572 1700 οἰκουμένην,
3592 1632 3770 1699 ἐπιλέγει

2256 1714 2406 1784 ἑξῆς,
2431 1715 2543 1769 Τὸν
2550 1716 2784 1785 βορῤᾶν
2795 1717 2888 1769 καί
2927 1716 3042 1785 τὴν
3056 1718 3379 1773 θάλασσαν
3390 1720 3470 1773 σὺ
3481 1721 3689 1787 ἔκτισας
3706 1725 3761 1779 οὐ

574 1821 652 1873 vit
701 1818 1001 1876 Salvatoris
1052 1822 1231 1877 nostri
1279 1822 1481 1877 virtus.
1522 1821 1947 1877 Animadvertas
1994 1837 2159 1892 porro

2267 1805 2351 1859 τά·
2373 1809 2405 1878 ἡ
2424 1806 2480 1859 δὲ
2506 1808 2733 1878 πέμπτη
2754 1807 2979 1874 ἑκδοσις,
3003 1809 3236 1877 Βορῤᾶν
3258 1812 3357 1867 καὶ
3380 1814 3552 1866 νότον
3575 1815 3643 1867 σὺ
3668 1815 3771 1869 ἔκτι-

575 1913 759 1977 velim,
787 1928 894 1982 quo
919 1922 1077 1983 pacto
1106 1914 1193 1967 hic
1222 1929 1319 1982 pro
1342 1912 1483 1967 facie
1517 1913 1687 1968 totius
1735 1913 1948 1977 mundi,
1975 1913 2164 1967 orien-

574 2008 683 2056 tem
715 2008 919 2071 ponat;
962 2017 1059 2071 pro
1104 2001 1328 2057 sinistra
1358 2040 1373 2066 ,
1436 2001 1710 2056 borealem
1769 2002 2020 2071 plagam;
2064 2016 2164 2071 pro

576 2091 799 2148 dextera
828 2092 1239 2148 meridionalem
1281 2099 1336 2147 et
1365 2092 1686 2147 australem.
1725 2090 1859 2145 Nam
1898 2107 2021 2147 cum
2055 2092 2162 2157 ait,

577 2184 890 2255 Aquilonem
931 2194 979 2239 et
1026 2184 1215 2239 dextra
1262 2194 1318 2237 tu
1369 2185 1598 2248 creasti,
1645 2184 1915 2239 borealem
1948 2185 2163 2255 plagam

577 2276 861 2331 sinistrum
884 2292 1005 2332 esse
1029 2276 1177 2331 latus
1200 2277 1474 2342 declarat;
1504 2276 1775 2346 siquidem
1800 2276 2052 2330 dextrum
2079 2282 2166 2330 est

577 2371 836 2424 australe.
876 2367 934 2424 Si
977 2369 1161 2440 itaque
1212 2377 1420 2424 stantes
1456 2376 1646 2423 notum
1676 2372 1730 2422 in
1754 2366 2169 2437 dextera,aqui-

578 2463 759 2517 Ionem
793 2462 845 2516 in
877 2463 1103 2517 sinistra
1155 2461 1479 2527 habeamus,
1518 2461 1807 2517 adversum
1844 2461 2167 2516 habebimus

576 2553 867 2615 orientem,
912 2568 942 2606 a
973 2561 1127 2623 tergo
1155 2560 1336 2607 autem
1366 2552 1706 2609 occidentem
1737 2573 1750 2608 :
1781 2554 1853 2607 ita
1883 2561 1943 2607 ut
1973 2569 2170 2609 secun-

575 2642 709 2698 dum
739 2644 1020 2716 physicam
1048 2645 1547 2701 considerationem
1582 2646 1697 2701 lucc
1736 2646 2059 2709 dicta'sint,
2100 2645 2169 2700 ad

580 2736 750 2791 totius
780 2737 969 2791 mundi
1006 2739 1338 2807 positionem
1383 2737 1794 2793 declarandam.
1852 2737 1985 2804 Quae
2035 2737 2171 2791 indi-

576 2841 707 2883 care
738 2829 1107 2883 necessarium
1143 2827 1244 2882 luit
1283 2830 1348 2883 ad
1378 2829 1824 2901 signiﬁcandum,
1855 2829 2169 2884 divinarum

580 2916 993 2989 Scripturarum
1028 2920 1338 2975 doctrinam
1371 2937 1551 2991 neque
1582 2922 1779 2978 horum
1813 2921 2034 2992 quidem
2070 2937 2173 2977 no-

580 3012 756 3066 titiam
789 3014 1226 3083 praetermisisse.
1246 3012 1380 3067 Nam
1405 3014 1613 3077 omnia,
1643 3015 1836 3084 inquit,
1863 3022 1919 3067 tu
1944 3014 2168 3079 creasti,

578 3105 698 3158 sive
746 3104 969 3160 dextras
1016 3105 1207 3159 mundi
1253 3113 1457 3175 partes,
1491 3106 1607 3161 sive
1661 3107 1935 3161 sinistras.
1969 3105 2170 3162 Verum

2262 1914 2399 1965 σας.
2434 1901 2591 1952 Δοκεῖ
2622 1899 2678 1952 δέ
2709 1916 2799 1970 μοι
2821 1899 2909 1952 διὰ
2933 1900 3040 1952 τῶν
3065 1900 3159 1953 δύο
3179 1902 3432 1974 πλευρῶν
3456 1921 3515 1957 τε
3536 1907 3619 1957 καὶ
3642 1908 3773 1978 ἄκρων

2260 1991 2363 2062 τῆς
2401 1992 2726 2063 οἰκουμένης
2776 1994 2868 2047 τὸν
2920 1994 3211 2066 σύμπαντα
3254 1996 3462 2067 κόσμον
3514 1998 3701 2068 δηλοῦν,
3736 2000 3773 2053 in

2264 2082 2579 2153 ἐπλήρωσεν
2608 2086 2640 2154 ἡ
2668 2084 2761 2136 τοῦ
2784 2086 3035 2156 Σωτῆρος
3062 2087 3217 2157 ἡμῶν
3245 2087 3494 2158 δύναμις.
3513 2089 3609 2142 Bia
3632 2090 3677 2142 δὲ
3700 2092 3774 2145 τίνα

2264 2176 2464 2245 τρόπον
2506 2175 2594 2229 διὰ
2626 2176 2830 2230 τούτων
2870 2178 3201 2249 παρίσταται
3246 2181 3535 2250 πρόσωπον
3569 2182 3648 2235 τοῦ
3682 2183 3774 2252 σύμ-

2268 2284 2469 2331 παντος
2498 2268 2706 2340 κόσμου
2746 2270 2807 2323 τὸ
2829 2271 3147 2324 ἀνατολικὸν
3186 2273 3374 2342 μέρος·
3402 2275 3659 2346 ἀριστερὸν
3680 2275 3720 2327 δὲ
3737 2276 3777 2326 τὸ

2269 2357 2499 2430 βόρειον,
2532 2360 2703 2428 δεξιὸν
2728 2362 2783 2415 δὲ
2815 2364 2874 2416 τὸ
2910 2364 3279 2435 μεσημϐρινὸν
3304 2366 3405 2419 καὶ
3434 2367 3609 2422 νότιον.
3639 2368 3704 2419 Ἐν

2266 2456 2373 2528 γὰρ
2407 2458 2594 2526 φάναι,
2628 2458 2739 2513 Τὸν
2762 2458 2997 2527 βορῤᾱν
3025 2458 3124 2511 καὶ
3160 2459 3229 2511 τὰ
3262 2458 3436 2523 δεξιὰ
3470 2460 3545 2512 σὺ
3581 2460 3776 2521 ἔκτισας,

2266 2549 2328 2602 τὸ
2352 2550 2560 2623 βόρειον
2584 2551 2817 2623 πλευρὸν
2842 2551 3128 2623 ἀριστερὸν
3154 2548 3292 2604 εἶναι
3320 2552 3565 2617 ἐδίδαξεν·
3598 2552 3642 2603 εἰ
3658 2567 3704 2618 γε
3720 2550 3775 2601 δε·

2271 2640 2379 2706 ξιὸν
2408 2644 2468 2697 τὸ
2497 2643 2690 2697 νότιον.
2733 2645 2797 2696 El
2829 2644 2894 2714 δὴ
2934 2639 3027 2697 οὖν
3072 2644 3303 2707 ἑστῶτες
3356 2645 3564 2714 ἔχοιμεν
3601 2646 3648 2696 ὲν
3678 2643 3777 2711 δεξιᾷ

2272 2735 2372 2807 μὲν
2400 2736 2610 2789 ἑαυτῶν
2646 2736 2735 2790 τὸν
2771 2736 2945 2803 νότον,
2974 2739 3032 2790 ἐν
3061 2736 3118 2789 δὲ
3143 2739 3252 2801 τοῖς
3276 2738 3579 2808 ἀριστεροῖς
3598 2737 3671 2789 τὸν
3696 2736 3778 2807 pop»

2273 2830 2394 2900 ρἄ,
2435 2829 2854 2899 ἀντιπρόσωπον
2911 2832 3183 2900 σχήσομεν
3233 2829 3335 2900 τὴν
3385 2829 3647 2900 ἀνατολὴν,
3685 2826 3777 2879 κιτὰ

2270 2920 2439 2975 νώτου
2468 2921 2525 2974 δὲ
2553 2922 2652 2994 τὴν
2676 2922 2850 2976 δύσιν·
2883 2923 3023 2976 ὣστε
3051 2922 3194 2975 κατά
3216 2940 3342 2977 τινα
3374 2922 3595 2993 φυσικὴν
3615 2921 3777 2992 θεωρίαν

2272 3012 2523 3086 εἰρῆσθαι
2555 3009 2749 3081 ταῦτα,
2787 3015 2886 3085 τὴν
2914 3014 3062 3067 θέσιν
3090 3014 3184 3068 τοῦ
3222 3017 3430 3080 παντὸς
3472 3016 3652 3085 κόσμου
3687 3029 3778 3081 παρ-

2275 3107 2527 3162 ιστῶντα.
2567 3110 2633 3161 Ἃ
2674 3108 2769 3162 καὶ
2811 3108 2953 3162 αὐτὰ
2997 3110 3292 3177 ἀναγκαῖον
3317 3106 3710 3182 ἐπισημήνασθαι
3730 3108 3777 3167 εἰς

583 3195 808 3251 dextras
843 3196 1021 3250 solum
1058 3196 1382 3250 nominatim
1412 3197 1756 3260 memoravit,
1790 3205 1954 3268 atque
1977 3213 2007 3250 a
2038 3198 2165 3251 sini-

2276 3202 2618 3274 παράστασιν
2647 3201 2742 3255 τοῦ
2779 3203 2913 3273 μηδὲ
2942 3203 3039 3273 τὴν
3067 3204 3271 3257 τούτων
3310 3205 3511 3272 γνῶσιν
3539 3199 3777 3273 παραλελοι·

584 3288 688 3343 stri
718 3288 939 3344 nomine
977 3289 1232 3343 consulto
1286 3289 1570 3344 abstinuit.
1622 3289 1802 3356 Quare
1868 3290 2172 3345 secundum

587 3377 976 3449 Symmachum
1008 3379 1230 3446 dicitur,
1263 3378 1330 3433 In
1361 3380 1675 3450 Aquilonem
1720 3389 1769 3435 et
1810 3380 2084 3435 dexteram
2113 3389 2173 3434 tu

585 3468 820 3531 creasti;
885 3469 1185 3524 secundum
1249 3471 1504 3542 Aquilam
1551 3486 1721 3535 vero,
1765 3470 2075 3539 Aquilonem
2122 3480 2172 3524 et

585 3558 860 3615 dexteram
896 3570 953 3614 tu
977 3564 1192 3619 creasti.
1220 3562 1421 3630 Quinta
1456 3570 1636 3618 autem
1667 3563 1837 3619 editio
1865 3563 2173 3619 accuratius

587 3654 877 3722 explicavit
911 3670 1162 3726 quaenam
1204 3656 1432 3711 dextera
1454 3664 1642 3712 essent
1671 3655 1864 3711 dicens
1885 3695 1901 3715 .
1951 3655 2175 3723 Aquilo-

588 3760 704 3797 nem
746 3754 797 3799 et
830 3755 1011 3799 notum
1052 3756 1106 3799 tu
1139 3748 1355 3802 creasti.
1392 3746 1628 3803 Sinistra
1672 3762 1840 3817 porro
1883 3746 2025 3816 apud
2057 3761 2175 3801 om-

590 3852 687 3891 nes
720 3836 1046 3908 interpretes
1086 3839 1308 3894 sileutio
1333 3840 1590 3903 mittitur,
1619 3840 1748 3910 quia
1793 3847 2019 3909 putatur
2045 3840 2174 3909 quid

590 3926 891 3983 infaustum
921 3946 1065 3993 esse,
1097 3938 1151 3986 et
1182 3931 1376 3987 dextro
1408 3932 1758 4003 oppositum:
1811 3931 1949 3985 nihil
1991 3940 2173 3986 autem

590 4021 644 4073 in
671 4021 927 4076 universo
972 4021 1271 4078 infaustum
1303 4033 1357 4078 et
1398 4023 1544 4078 bono
1579 4024 1889 4094 oppositum
1916 4032 2019 4081 est.
2054 4022 2177 4079 Om-

592 4112 683 4166 nia
713 4114 881 4177 enim,
911 4114 1121 4184 inquit,
1177 4125 1233 4169 tu
1269 4117 1493 4172 creasti.
1530 4116 1647 4172 Duo
1695 4126 1875 4173 autem
1921 4125 2135 4174 montes
2158 4161 2172 4185 ,

601 4199 812 4255 l‘habor
840 4212 892 4257 et
915 4202 1175 4267 Hermon,
1214 4219 1312 4273 per
1344 4206 1725 4261 excellentiam
1758 4216 1955 4278 praeter
1983 4224 2176 4265 omnes

594 4290 731 4343 alios
764 4292 1050 4346 memorati
1086 4300 1249 4348 sunt:
1285 4295 1487 4349 etenim
1521 4296 1575 4350 hi
1624 4297 1678 4350 in
1707 4299 1928 4353 nomine
1958 4309 2051 4353 tuo
2078 4316 2177 4355 ex-

594 4380 899 4435 sultabunt.
964 4380 1277 4437 Secundum
1336 4384 1588 4454 Aquilam
1634 4401 1804 4451 vero,
1869 4388 2079 4443 Thabor
2127 4399 2177 4443 et

598 4470 834 4527 Harmon
868 4475 919 4527 in
948 4476 1156 4529 nomine
1187 4485 1276 4529 tuo
1309 4476 1640 4544 laudabunt;
1687 4480 1989 4537 secundum
2018 4480 2177 4552 Sym-

2279 3293 2435 3347 πέναι
2463 3295 2564 3366 τὴν
2592 3294 2699 3347 τῶν
2723 3294 2883 3348 Θείων
2917 3296 2957 3351 Γ
2964 3295 3150 3367 ραφῶν
3187 3296 3550 3350 διδασκαλίαν.
3577 3293 3643 3346 Τὰ
3662 3292 3778 3345 πάντα

2277 3387 2408 3460 γὰρ,
2436 3389 2587 3459 φησὶ,
2623 3389 2685 3442 σὺ
2709 3388 2950 3452 ἔκτισας,
2977 3390 3048 3442 τά
3076 3407 3134 3442 τε
3166 3388 3316 3454 δεξιὰ
3343 3390 3439 3443 τοῦ
3464 3389 3644 3456 κόσμου
3670 3384 3775 3454 μέρης

2280 3478 2373 3532 καὶ
2406 3478 2473 3531 τὰ
2502 3478 2787 3550 ἀριστερά.
2834 3478 2993 3533 Ἀλλὰ
3020 3480 3089 3533 τὰ
3114 3481 3212 3552 μὲν
3235 3479 3389 3547 δεξιὰ
3417 3476 3645 3549 ὀνομαστὶ
3666 3486 3777 3543 προς·

2280 3572 2452 3635 εἶπεν,
2477 3569 2782 3639 ἐφυλάξατο
2800 3571 2857 3625 δὲ
2878 3572 3181 3644 χρήσασθαι
3211 3572 3288 3643 τῷ
3318 3572 3414 3625 τοῦ
3441 3564 3688 3641 ἀριστεροῦ
3706 3561 3778 3613 ivi.

2283 3680 2432 3733 ματι.
2465 3663 2557 3717 Διὸ
2588 3663 2837 3718 λέλεκται
2871 3666 3013 3719 κατὰ
3039 3665 3130 3719 τὸν
3159 3664 3477 3735 Σύμμαχον,
3512 3650 3779 3725 Εἰςβιδρίἀν

2281 3756 2378 3809 καὶ
2429 3754 2637 3820 δεξιὰν
2677 3756 2759 3810 σὺ
2807 3757 3085 3824 ἔκτισας·
3137 3758 3231 3810 καὶ
3273 3756 3417 3810 κατὰ
3465 3754 3549 3807 τὸν
3602 3747 3776 3803 Ἀκύλαν.

2280 3846 2517 3916 Βορῤᾶν
2551 3848 2649 3902 καὶ
2677 3847 2884 3913 δεξιὰν
2912 3848 2994 3903 σὺ
3022 3850 3289 3914 ἔκτισας.
3334 3849 3402 3901 Ἦ
3428 3846 3483 3899 δὲ
3518 3843 3701 3913 πέμπτη
3725 3835 3779 3887 ἐκ·

2279 3941 2427 4004 δοσις
2470 3942 2804 4014 σαφέστερον
2845 3944 3160 4016 ἡρμήνευσε
3191 3942 3313 3997 τίνα
3354 3940 3424 3994 τὰ
3454 3938 3588 4002 δεξιὰ
3612 3937 3777 4004 φήσων

2280 4034 2515 4102 Βορῤᾶν
2557 4035 2657 4088 καὶ
2704 4035 2887 4089 νότον
2931 4035 3014 4089 σὺ
3065 4034 3335 4101 ἔκτισας.
3392 4032 3463 4086 Τὸ
3501 4031 3540 4083 δ’
3578 4020 3779 4099 ἀριστερὸν

2283 4126 2461 4196 πάντη
2492 4126 2831 4197 σεσιώπηται
2860 4127 3009 4199 παρὰ
3037 4129 3151 4191 τοῖς
3182 4129 3337 4190 πᾶσι,
3364 4127 3451 4180 διὰ
3474 4124 3529 4177 τὸ
3553 4112 3778 4189 νομίζεσθαι

2285 4218 2474 4272 σκαιὸν
2506 4214 2645 4271 εἶναι
2684 4220 2778 4272 καὶ
2813 4220 3055 4273 ἐναντίον
3083 4218 3161 4289 τῷ
3201 4218 3381 4289 δεξιῷ·
3427 4215 3567 4269 οὐδὲν
3592 4211 3637 4263 δὲ
3668 4209 3708 4258 ἐν

2284 4310 2447 4362 παντὶ
2481 4310 2689 4372 σκαιὸν,
2740 4311 2862 4364 οὐδὲ
2908 4309 2987 4381 τῷ
3034 4310 3185 4381 καλῴ
3227 4309 3489 4363 ἐναντίον.
3537 4304 3685 4358 Πάντα
3718 4296 3779 4365 μὲν

2284 4396 2397 4464 οὖν,
2429 4402 2583 4473 φησὶ,
2612 4403 2675 4455 σὺ
2704 4403 2946 4467 ἔκτισας.
2985 4405 3126 4473 Ὄρη
3156 4402 3212 4455 δὲ
3241 4401 3355 4465 δύο,
3389 4400 3449 4453 τὸ
3472 4395 3643 4465 Θαὸὼρ
3663 4384 3781 4443 καὶτὸ

2295 4490 2512 4562 Ἐρμὼν
2543 4492 2822 4564 ἐξαίρετόν
2850 4511 2903 4547 τι
2942 4494 3206 4564 κέκληται
3250 4493 3404 4563 παρὰ
3438 4491 3613 4543 πάντα·
3637 4478 3780 4553 uitii?

596 4565 851 4619 machum
887 4576 1099 4633 autem,
1151 4569 1364 4624 T/tabor
1413 4580 1461 4625 et
1513 4569 1749 4625 Hermon
1807 4589 1996 4627 nomen
2031 4582 2165 4626 tuum

2284 4583 2507 4653 ὀνόματί
2534 4602 2628 4637 σου
2657 4584 2829 4638 ταῦτα
2855 4586 3295 4654 ἁγαλλιάσονται.
3325 4583 3479 4636 Κατὰ
3503 4582 3555 4634 δὲ
3572 4579 3646 4631 τὸν
3676 4568 3780 4626 ’Διώ-

596 4654 952 4711 celebrabant.
990 4656 1197 4712 Horum
1246 4675 1409 4729 porro
1442 4662 1708 4715 montium
1757 4663 1923 4717 variis
1955 4662 2008 4716 in
2043 4662 2165 4717 loci:

2284 4673 2404 4741 λαν,
2451 4676 2653 4744 Θαϐὼρ
2697 4676 2796 4729 καὶ
2841 4676 3061 4746 Ἐρμὼν
3090 4677 3161 4729 ἑν
3186 4674 3268 4740 τῷ
3303 4672 3542 4742 ὀνόματί
3568 4684 3663 4722 σου
3680 4658 3781 4715 αἰνέ-

598 4748 847 4802 meminit
877 4748 1087 4805 Veteris
1136 4750 1468 4807 Testamenti
1518 4753 1750 4808 historia
1778 4793 1794 4818 ,
1831 4754 2165 4825 arbitrorqut

2286 4780 2495 4821 σουσι·
2530 4768 2672 4822 κατὰ
2706 4768 2763 4822 δὲ
2794 4769 2885 4822 τὸν
2921 4767 3235 4839 Σύμμαχον,
3271 4765 3473 4833 Θαϐὼρ
3502 4762 3589 4815 καὶ
3619 4757 3670 4810 τὸ

598 4840 684 4893 his
721 4841 777 4895 in
827 4843 1107 4897 montibus
1154 4844 1437 4899 mirabiles
1487 4844 1609 4914 illas
1660 4837 1961 4901 Salvatoris
2005 4856 2163 4904 nostr

2281 4857 2415 4927 μὼν
2442 4859 2510 4911 τὸ
2542 4858 2731 4929 ὄνομά
2767 4875 2885 4913 σου
2930 4858 3378 4928 εὐφημήσουσι.
3426 4854 3619 4907 Τούτων
3647 4846 3690 4898 δὲ
3713 4838 3781 4892 τῶν

599 4932 1134 5003 transﬁgurationes,
1172 4934 1595 5006 frequentesque
1641 4953 1824 4994 moras
1863 4940 2143 4996 exstitisse

2288 4949 2460 5021 ὀρέων
2494 4951 2769 5022 μέμνηται
2799 4951 3074 5023 διαφόρως
3114 4952 3147 5021 ὴ
3190 4950 3289 5019 τῆς
3322 4946 3555 5007 Παλαιᾶς
3588 4935 3781 5001 Διαθήκης

600 5023 816 5092 quando
848 5040 972 5078 cum
1023 5025 1341 5082 hominibus
1386 5029 1733 5083 versabatur.
1765 5028 1850 5083 An
1896 5044 2028 5085 vero
2063 5030 2183 5101 ipsa

601 5117 883 5170 nominum
920 5116 1248 5189 signiﬁcatio
1298 5120 1502 5190 aliquid
1539 5122 1697 5176 nobis
1740 5121 1809 5175 ad
1856 5122 2050 5177 borum
2099 5126 2185 5179 in-

600 5211 953 5280 telligentiam
992 5211 1259 5277 conferat,
1298 5224 1355 5267 tu
1390 5214 1505 5283 ipse
1536 5214 1857 5270 consideres
1887 5216 2069 5272 velim.

2294 5043 2525 5115 ἱστορία·
2553 5044 2645 5098 καὶ
2677 5039 2831 5114 οἶμαί
2859 5062 2921 5113 γε
2953 5047 3011 5096 ὲν
3040 5042 3247 5105 τούτοις
3278 5044 3389 5105 τοῖς
3414 5040 3551 5110 ὄρεσι
3569 5032 3648 5092 τὰς
3666 5038 3781 5132 παῖδ-

2293 5132 2477 5197 δόξους
2505 5134 2597 5188 τοῦ
2631 5135 2883 5207 Σωτῆρος
2914 5135 3070 5205 ἡμῶν
3097 5133 3377 5202 γεγονέναι
3404 5127 3779 5201 μεταμορφώσῖίέν

2294 5226 2389 5278 καὶ
2420 5226 2519 5290 τὰς
2561 5228 2779 5290 πλείους
2817 5227 3117 5298 διατριϐὰς,
3160 5227 3249 5279 ὅτε
3290 5226 3387 5278 σὺν
3417 5217 3680 5292 ἀνθρώποις
3702 5209 3781 5258 ἕπεθ’

601 5307 859 5361 λιτεύετο.
890 5309 953 5360 Εἰ
989 5308 1045 5362 δὲ
1088 5310 1180 5363 καὶ
1226 5308 1333 5365 τῶν
1378 5309 1657 5381 ὀνομάτων
1704 5312 1738 5381 ἡ
1776 5311 2043 5384 ἑρμηνεία
2080 5315 2449 5387 συμϐάλλεται
2495 5340 2551 5375 τι
2589 5324 2723 5394 ἡμῖν
2756 5321 2835 5386 εἰς
2870 5322 2967 5393 τὴν
3012 5321 3120 5374 τῶν
3183 5317 3545 5391 προκειμένων
3596 5306 3778 5361 διάνοιτίν

602 5408 694 5463 καὶ
729 5407 892 5470 αὐτὸς
919 5409 1254 5480 ἐπιστήσεις.

673 5498 840 5554 Vens.
879 5500 1077 5565 14,15.
1120 5503 1285 5554 Tuum
1312 5497 1582 5552 brachium
1617 5514 1735 5551 cum
1788 5501 2025 5569 potentia
2052 5516 2071 5554 :
2102 5502 2165 5571 ﬁt

2367 5501 2544 5578 Σὸς.δ
2572 5503 2847 5572 βραχίων
2870 5504 3020 5573 μετὰ
3058 5502 3433 5567 δυναστείας·
3463 5480 3778 5578 κραταιωτξτν

604 5602 771 5645 metur
798 5608 983 5645 manus
1014 5601 1126 5655 tua,
1151 5592 1417 5645 exaltetur
1449 5590 1667 5644 dextera
1700 5599 1791 5644 tua
1824 5608 1843 5645 :
1888 5592 2105 5661 justitia
2140 5610 2165 5647 e

2297 5594 2335 5663 ἡ
2372 5574 2501 5664 χείρ
2533 5610 2672 5661 σου,
2704 5595 3001 5664 errabam
3045 5595 3084 5663 vi
3128 5594 3295 5659 δεξιά
3334 5608 3464 5647 σου.
3510 5574 3776 5641 Δικαιοσύνη

676 5769 720 5800 ³⁰
760 5767 920 5823 Prov.
962 5784 1055 5831 ιιι,
1098 5769 1182 5824 19.
1260 5771 1299 5803 ³³
1343 5769 1489 5829 Psal.
1530 5785 1637 5825 xcn
1664 5809 1678 5831 .
1718 5769 1769 5825 1.
