3974 6538
579 305 602 352 1
614 296 718 352 095

1324 295 1590 353 EUSEBII
1626 279 2098 354 CESARIENSIS
2135 296 2283 352 OPP.
2329 291 2510 348 PARS
2542 291 2631 347 Ill.
2673 321 2743 332 -—
2779 288 3190 346 EXEGETICA.

3633 298 3731 356 109C

579 410 762 464 hostes
788 408 985 479 jubilat
1016 417 1069 464 et
1101 409 1320 478 clamat,
1345 426 1408 466 ac
1439 429 1536 482 pro
1573 430 1698 486 rege
1739 430 1840 471 suo
1879 414 2157 485 jubilatio-

2266 415 2415 466 Δοκεῖ
2443 411 2507 484 δὴ
2550 404 2642 464 οῦν
2689 427 2778 481 μοι
2813 407 3048 462 ἐνταῦθα
3092 408 3154 460 τὸ
3194 407 3329 463 θεῖον
3371 409 3568 482 Πνεῦμα
3605 419 3736 484 mea;

573 516 699 555 nem
733 500 863 555 edit.
897 501 1009 554 lino
1037 502 1200 555 etiam
1245 519 1386 559 unus
1415 504 1504 560 ille
1533 508 1766 576 populus
1812 507 2155 562 incruentam

573 601 628 646 et
675 594 1048 650 rationabilem
1102 595 1335 651 hostiam
1397 613 1492 667 per
1542 599 1923 668 jubilationem
1965 599 2159 656 oﬂ'erre

577 683 688 738 Deo
742 686 918 739 solet:
952 687 1078 756 quia
1110 687 1162 741 in
1189 688 1568 758 spiritualibus
1611 681 1900 746 sacriﬁciis
1926 730 1941 756 ,
1994 698 2159 760 atque

578 775 632 827 in
673 776 824 829 cultu
874 792 1034 846 quem
1084 778 1137 830 in
1168 776 1316 833 Novo
1355 778 1709 836 Testamento
1755 783 2154 852 persolvimus,

576 881 788 920 necnon
826 867 880 920 in
908 867 1192 923 sacrificiis
1226 869 1528 926 incruentis
1558 880 1612 927 et
1645 873 1884 928 materiae
1913 871 2156 942 experti-

577 961 702 1024 lius,
735 974 840 1013 una
876 975 1009 1015 voce
1060 959 1170 1014 Deo
1195 960 1492 1031 gratiarum
1535 965 1804 1020 actionem
1833 967 2155 1021 emittimus.

569 1050 683 1105 Pro
719 1051 814 1105 illo
846 1061 1050 1117 autem,
1085 1051 1192 1118 Qui
1225 1055 1326 1106 scit
1345 1053 1743 1122 jubilationem,
1773 1055 2155 1128 Symmachus.

579 1143 686 1210 Qui
717 1146 815 1199 scit
844 1145 1304 1216 signiﬁcationem,
1345 1150 1739 1220 interpretatus
1771 1162 1878 1208 est.
1925 1151 2039 1207 Cur
2062 1168 2158 1208 au-

568 1243 686 1290 tem
723 1237 915 1292 beatus
951 1245 1036 1292 est
1071 1239 1307 1308 populus
1342 1241 1434 1310 qui
1480 1254 1838 1298 memoratam
1881 1245 2158 1316 jubilatio-

578 1341 703 1380 nem
751 1326 923 1389 novit,
977 1327 1084 1380 nisi
1133 1329 1263 1398 quia
1322 1329 1628 1387 Salvatoris
1677 1332 1935 1389 deitatem
1991 1351 2160 1405 agno-

575 1432 761 1480 scens,
815 1433 935 1488 qua!
986 1419 1168 1474 vultus
1211 1422 1332 1491 ejus
1373 1432 1621 1490 vocatur,
1674 1426 1856 1481 vultus
1912 1426 2157 1496 ejusdem

579 1509 786 1564 lumine
810 1510 1093 1578 perfusus,
1129 1513 1210 1568 sic
1239 1514 1342 1569 iter
1379 1516 1491 1586 agit
1519 1533 1679 1572 suum
1713 1518 1922 1584 dicens,
1953 1518 2161 1589 Signa-

581 1611 690 1653 tum
721 1611 796 1654 est
830 1618 984 1671 super
1023 1620 1116 1656 nos
1160 1606 1332 1658 lumen
1377 1606 1550 1660 vultus
1590 1609 1690 1671 tui,
1731 1607 1950 1663 Domine
1973 1610 2048 1676 ³⁵ς
2082 1617 2155 1668 et.

581 1688 648 1743 In
679 1691 873 1745 lumine
903 1702 993 1747 tuo
1025 1692 1310 1747 videbimus
1349 1694 1524 1750 lumen
1544 1697 1626 1750 ³⁵2
1655 1695 1729 1750 Ea
1764 1699 1832 1753 de
1865 1714 2030 1754 causa
2058 1700 2158 1769 igi-

2261 500 2584 572 μακαρίζειν
2631 497 2722 550 τὸν
2768 497 3004 569 Χριστοῦ
3060 497 3207 550 λαόν·
3255 493 3402 562 οὗτος
3448 500 3559 571 γὰρ,
3594 506 3736 570 γνῶσιν

2257 590 2562 664 ἀνειληφὼς
2604 591 2704 660 τῆς
2765 590 2907 644 κατὰ
2955 589 3063 644 τῶν
3110 591 3379 662 πολεμίων
3424 593 3509 647 τοῦ

2259 682 2413 754 ἡμῶν
2462 681 2638 750 νίκης,
2683 680 2940 745 ἀλαλάζει
2989 681 3130 735 κατὰ
3159 681 3267 736 τῶν
3309 683 3522 754 ἐχθρῶν,
3552 689 3657 759 ὑπὲρ
3678 693 3738 743 τοῦ

2256 773 2459 827 οἰκείου
2501 772 2766 843 βασιλέως
2801 774 2891 829 τὸν
2921 773 3234 844 ἀλαλαγμὸν
3271 776 3583 847 ποιούμενος.
3631 781 3740 835 Ἀλλὰ

2258 867 2351 919 καὶ
2380 867 2479 936 τὴν
2518 865 2708 918 θυσίαν
2755 865 2854 936 τὴν
2901 866 3130 935 ἄναιμον
3163 867 3380 938 λογικὴν
3425 869 3563 939 μόνος
3596 869 3742 936 οῦτοςό

2258 957 2385 1022 λαὸς
2429 957 2496 1010 δι’
2537 957 2854 1028 ἀλαλαγμοῦ
2894 956 3054 1010 εἴωθε
3098 959 3419 1030 προσφέρειν
3447 961 3516 1031 τῷ
3547 962 3656 1032 Θεῷ,
3684 965 3743 1018 διὰ

2257 1048 2351 1103 τοῦ
2393 1049 2680 1120 σύμφωνον
2709 1049 3054 1120 ἀναπέμπειν
3101 1049 3180 1120 τῷ
3221 1051 3336 1122 Θεῷ
3381 1054 3675 1124 εὐχαριστίαν
3708 1061 3743 1108 ὲν

2257 1144 2379 1204 ταῖς
2424 1144 2824 1212 πνευματικαῖς
2870 1141 3202 1213 ἱερουργίαις
3248 1144 3340 1196 καὶ
3379 1149 3490 1207 ταῖς
3531 1146 3644 1198 κατᾶ
3679 1150 3743 1217 τὴν

2259 1232 2466 1304 Καινὴν
2486 1232 2760 1303 Διαθήκην
2777 1232 3025 1285 ὲπιτελου
3035 1234 3222 1303 μέναις
3245 1236 3375 1305 ἡμῖν
3397 1234 3651 1307 λατρείαις,
3669 1242 3745 1302 ταῖς

2257 1341 2316 1377 τε
2350 1324 2599 1395 ἀναίμοις
2658 1325 2753 1377 καὶ
2802 1324 2985 1387 ἀΰλοις
3023 1327 3115 1377 καὶ
3163 1331 3543 1396 πνευματικαῖς
3579 1328 3745 1390 θυσίαις.

2272 1415 2415 1469 Ἀντὶ
2442 1414 2498 1467 δὲ
2519 1414 2633 1478 τοῦ,
2653 1415 2704 1466 '0
2727 1415 3034 1484 γινώσκων
3053 1417 3422 1486 ἀλαλαγμὸν,
3448 1419 3496 1471 '0
3520 1419 3748 1489 γπνώσκωι·

2258 1506 2588 1575 σημασίαν,
2620 1508 2648 1559 6
2681 1506 2976 1578 Σύμμαχος
3007 1508 3338 1580 ἡρμήνευσε.
3365 1510 3460 1563 Διά
3487 1511 3532 1562 τί
3557 1511 3602 1563 δὲ
3625 1514 3748 1581 μακά-

2261 1600 2375 1671 ριός
2400 1602 2546 1652 ἐστιν
2574 1595 2729 1663 οὗτος
2755 1602 2782 1652 ὁ
2809 1601 3046 1671 Χριστοῦ
3070 1601 3196 1666 λαὸς
3224 1605 3252 1656 ὁ
3279 1603 3369 1656 τὸν
3397 1603 3646 1674 εἰρημένον
3667 1607 3750 1659 dia-

2259 1689 2468 1761 λαγμὸν
2497 1692 2875 1762 ἐπιστάμενος,
2925 1692 3036 1746 ἀλλ’
3077 1693 3110 1764 ἢ
3141 1694 3436 1765 ἐπειδήπερ
3470 1695 3555 1765 τὴν
3589 1695 3750 1765 ϐιότητα

581 1791 670 1834 ιιιι·
706 1783 899 1838 beatus
941 1793 1025 1839 est
1068 1785 1156 1838 hic
1190 1786 1441 1856 populus.
1493 1785 1699 1852 Tertio,
1729 1790 1856 1859 quia
1891 1805 2016 1845 cum
2047 1806 2156 1844 non

2266 1782 2349 1835 τοῦ
2374 1782 2622 1854 Σωτῆρος
2647 1783 3040 1853 ἐπιγινώσκων,
3071 1785 3191 1856 ἥτις
3214 1765 3513 1855 ὠνόμασται
3540 1786 3751 1858 πρόσωπιν

583 1875 721 1928 satis
769 1876 961 1930 habeat
1011 1877 1156 1945 quod
1209 1877 1523 1947 cognitione
1568 1879 1773 1936 Christi
1818 1881 2161 1950 illustretur;

579 1968 672 2021 sed
707 1969 869 2022 etiam
902 1968 958 2022 in
987 1969 1208 2023 nomine
1237 1970 1358 2038 ejus
1387 1971 1669 2041 glorietur,
1715 1979 1770 2027 et
1809 1973 1877 2028 ab
1905 1990 1972 2029 eo
2005 1972 2163 2028 Chri-

577 2061 792 2114 stianus
842 2069 1213 2132 nuncupetur,
1273 2064 1488 2118 laatatur
1533 2071 1588 2119 et
1629 2065 1864 2119 exsultat
1899 2073 2012 2119 tota
2047 2065 2158 2131 die,

581 2152 690 2206 imo
722 2152 905 2222 potius
935 2155 1194 2210 omnibus
1223 2155 1452 2221 diebus;
1500 2155 1572 2209 ita
1611 2156 1755 2209 enim
1797 2153 2159 2226 Symmachus

577 2240 970 2311 interpretatus
997 2251 1116 2311 est;
1153 2244 1382 2315 ideoque
1407 2246 1600 2300 beatus
1629 2257 1731 2301 est.
1765 2245 1992 2312 Quarto,
2029 2249 2156 2317 quia

579 2333 958 2402 magnitudine
1001 2342 1054 2388 et
1096 2335 1434 2390 sublimitate
1486 2350 1745 2392 crescens
1790 2336 2004 2405 justitia
2061 2337 2156 2392 Dei

577 2423 852 2475 exaltatur
884 2443 896 2477 :
934 2422 1046 2478 Deo
1071 2439 1286 2493 aequum
1323 2440 1446 2480 esse
1485 2436 1763 2490 censente,
1797 2428 2058 2496 populum
2092 2429 2156 2482 il-

579 2511 689 2564 lum
733 2511 786 2565 in
835 2514 1228 2568 sublimitatem
1283 2523 1338 2570 et
1385 2531 1441 2569 ιιι
1487 2515 1673 2586 gloriae
1725 2517 2154 2587 magnitudinem

565 2617 758 2673 agere,
793 2606 888 2675 qui
927 2615 1279 2660 memoratam
1311 2607 1458 2660 illam
1486 2607 1866 2677 jubilationem
1895 2611 2066 2672 novit,
2093 2626 2157 2666 ac

577 2693 670 2763 qui
703 2713 731 2747 a
763 2695 898 2752 facie
929 2695 1229 2755 Salvatoris
1264 2699 1594 2764 illustratur,
1627 2701 1764 2756 etin
1790 2702 2013 2756 nomine
2036 2701 2156 2772 ejus

566 2787 836 2852 exsultat,
887 2789 1298 2860 gloriaturquc,
1366 2791 1462 2845 sed
1515 2807 1623 2847 non
1692 2792 1747 2848 in
1796 2801 1943 2848 recte
1997 2794 2156 2849 {actis

573 2893 715 2933 SlIIS.

2264 1873 2450 1938 αὑτοῦ,
2490 1873 2567 1944 τῷ
2605 1875 2743 1943 φωτὶ
2773 1874 2867 1927 τοῦ
2901 1875 3192 1946 προσώπου
3229 1878 3395 1930 αὑτοῦ
3423 1879 3750 1948 καταυγαζόμε-

2260 1981 2368 2028 νος,
2395 1964 2492 2036 τὴν
2522 1965 2714 2018 ἑαυτοῦ
2745 1971 2974 2021 ποιεῖται
3003 1968 3227 2039 πορείαν
3252 1969 3444 2038 λέγων,
3482 1969 3751 2038 Ἑσημειώθη

2249 2055 2350 2123 ἐφ’
2376 2053 2532 2124 ἡμᾶς
2559 2054 2626 2108 τὸ
2654 2055 2778 2124 φῶς
2803 2057 2912 2110 τοῦ
2944 2057 3268 2126 προσώπου
3299 2077 3435 2122 σου,
3474 2061 3651 2127 Κύριε·
3677 2063 3751 2120 καὶ,

2271 2147 2366 2198 Ἐν·
2399 2143 2477 2211 τῷ
2503 2148 2652 2216 φωτί
2680 2161 2796 2201 σου
2827 2149 3092 2216 ὀψόμεθα
3133 2150 3200 2202 τὸ
3233 2149 3393 2218 φῶς
3422 2151 3524 2203 Καὶ
3550 2151 3622 2203 διὰ
3650 2150 3753 2204 τοῦτο

2260 2239 2388 2307 γοῦν
2430 2240 2696 2311 μακάριός
2734 2242 2880 2294 ἐστιν
2912 2234 3072 2304 οὗτος
3109 2243 3137 2294 6
3178 2241 3328 2305 λαός.
3373 2243 3478 2295 Καὶ
3504 2245 3655 2313 τρίτον
3675 2242 3754 2294 ἐπεὶ

2265 2330 2338 2402 μὴ
2362 2329 2702 2402 ἀρκούμενος
2725 2331 2806 2401 τῷ
2830 2331 2918 2384 διὰ
2945 2331 3046 2399 τῆς
3071 2332 3325 2400 γνώσεως
3351 2332 3444 2386 τοῦ
3473 2332 3668 2402 Χριστοῦ
3689 2351 3755 2400 ’.μιν

2261 2423 2523 2488 τίζεσθαι,
2558 2423 2636 2477 ἔτι
2681 2425 2773 2477 καὶ⁹
2813 2423 2893 2495 τῷ
2939 2426 3160 2495 ὀνόματι
3207 2426 3377 2479 αὑτοῦ
3426 2427 3752 2496 σεμνυνόμενος,

2261 2516 2352 2569 καὶ
2373 2516 2699 2587 Χριστιανὸς
2715 2517 2774 2582 ἐξ
2791 2516 2955 2570 αὑτοῦ
2983 2507 3340 2585 καλούμενος,
3375 2518 3628 2589 χαίρεικαὶ

2260 2607 2351 2679 λιᾷ
2381 2608 2508 2679 ὃλην
2539 2607 2637 2678 τὴν
2669 2608 2915 2680 ἡμέραν,
2957 2609 3159 2679 μᾶλλον
3184 2610 3242 2663 δὲ
3279 2616 3460 2663 πᾶσαν
3487 2610 3677 2680 ἡμέραν·
3701 2607 3756 2658 ὠ-

2261 2716 2338 2752 τω
2379 2699 2489 2772 γὰρ
2520 2702 2548 2753 ὁ
2595 2699 2889 2772 Σύμμαχος
2918 2703 3246 2773 ἡρμήνευσεο
3283 2705 3382 2755 καὶ
3411 2703 3494 2756 διὰ
3523 2702 3650 2754 τοῦτο
3672 2698 3757 2767 γοῦν

2261 2793 2378 2845 ὲστι
2412 2794 2702 2864 μακάριος.
2735 2794 2845 2847 Καὶ
2869 2795 3126 2864 τέταρτον
3158 2795 3350 2866 ἐπειδὴ
3384 2796 3462 2857 εἰς
3495 2792 3680 2864 μέγεθος
3698 2790 3758 2841 καὶ

2260 2885 2395 2955 ὕψος
2415 2887 2634 2952 ἐπιδοὺς
2658 2889 2724 2958 τῇ
2750 2886 2843 2940 τοῦ
2871 2886 3006 2940 Θεοῦ
3030 2887 3348 2958 δικαιοσύνῃ
3371 2887 3598 2956 ὑψοῦται.
3618 2885 3757 2936 δίκαιον

571 2970 715 3028 εἶναι
740 2977 1023 3048 κρίναντος
1042 2979 1134 3032 τοῦ
1162 2979 1294 3033 Θεοῦ
1320 2982 1399 3044 είς
1423 2979 1557 3051 ὕψος
1587 2981 1741 3050 ἄγειν
1774 2982 1868 3035 καὶ
1897 2982 1989 3034 ἐπὶ
2015 2981 2158 3052 μέγα
2195 2981 2353 3053 δόξης
2373 2982 2464 3036 τὸν
2504 2983 2844 3054 ἐπιστήμονα
2866 2981 2960 3036 τοῦ
3017 2983 3309 3054 εἰρημένου
3339 2981 3629 3052 ἀλαλαγμοῦ
3661 2977 3758 3034 λαὸν,

569 3069 672 3122 atati
694 3070 784 3122 τὸν
811 3070 916 3123 ὑπὸ
941 3071 1034 3124 τοῦ
1061 3071 1354 3142 προσώπου
1375 3072 1469 3126 τοῦ
1493 3073 1745 3146 Σωτῆρος
1769 3072 2156 3145 φωτιζόμενον,
2197 3075 2289 3126 καὶ
2353 3073 2442 3127 τὸν
2510 3077 2568 3127 ὲν
2605 3073 2832 3144 ὀνόματι
2871 3072 3035 3126 αὐτοῦ
3066 3072 3456 3143 ἀγαλλόμενον.
3496 3073 3577 3125 καὶ
3607 3069 3758 3132 1M7-

570 3161 953 3233 καυχώμενον,
1000 3163 1111 3216 ἀλλ’
1141 3166 1239 3219 οὐκ
1271 3166 1362 3218 ἐπὶ
1397 3167 1508 3229 τοῖς
1540 3165 1690 3228 ἰδίοις
1723 3164 2162 3236 κατορθώμασιν.

650 3271 974 3328 Necessario
1022 3283 1203 3328 autem
1263 3269 1510 3343 praedicti
1557 3273 1771 3328 Domini
1826 3275 2157 3329 mentionem
2187 3291 2232 3353 ο

568 3380 762 3419 sermo
795 3364 944 3429 fecit,
979 3365 1185 3420 Christi
1218 3365 1284 3420 ad
1319 3367 1570 3421 homines
1615 3365 1883 3420 adventus
1931 3367 2161 3437 praecla-

584 3471 704 3510 rum
730 3455 944 3509 facinus
974 3456 1300 3511 vaticinans.
1331 3455 1634 3524 Antequam
1665 3456 1810 3510 enim
1834 3466 2015 3511 ortum
2041 3457 2162 3527 ejus

582 3547 823 3612 doceret,
864 3549 955 3619 qui
997 3564 1062 3603 ex
1106 3549 1314 3604 semine
1347 3547 1512 3602 David
1551 3548 1870 3618 proditurus
1904 3558 2064 3617 erat;
2100 3564 2165 3605 ac

572 3643 979 3712 -.pr:£nuntiarct
1018 3643 1263 3697 omnium
1319 3642 1463 3712 apud
1505 3641 1724 3698 Judzeos
1766 3643 2162 3698 venerabilium

583 3735 949 3798 eversionem,
1005 3750 1114 3804 qua
1176 3735 1246 3790 de
1292 3749 1460 3790 causa
1494 3735 1696 3790 dubius
1737 3734 1876 3799 iniit,
1912 3733 2013 3788 Ubi
2044 3743 2164 3787 sunt

583 3825 961 3880 misericordia:
989 3834 1094 3880 tua:
1133 3826 1386 3895 antiquae,
1418 3825 1677 3882 Domine?
1704 3835 2009 3894 opportune
2041 3825 2164 3894 qui-

580 3916 703 3972 dem
734 3916 802 3972 de
824 3919 1055 3972 veritate
1077 3919 1474 3990 promissorum
1503 3917 1595 3973 Dei
1620 3917 1688 3971 ad
1713 3916 1969 3972 Davidem
1995 3918 2166 3972 facto-

569 4025 704 4062 \rum
736 4010 1072 4078 praemissam
1123 4009 1432 4064 doctrinam
1477 4009 1668 4065 edidit.
1719 4009 1990 4076 Quoniam
2029 4027 2165 4065 vero

581 4115 684 4153 nos
716 4100 866 4169 prius
908 4098 1201 4153 edidicisse
1246 4114 1384 4168 opus
1428 4107 1564 4162 erat,
1612 4099 1700 4153 cui
1747 4100 1948 4169 populo
1990 4101 2164 4169 gratia

578 4189 831 4242 beneﬁcii
854 4203 884 4241 a
909 4187 1201 4244 Servatore
1223 4190 1406 4244 collati
1435 4197 1832 4255 reservaretur,
1854 4206 2164 4261 congruen-

579 4288 666 4334 ter
699 4280 1040 4342 memoravit,
1069 4296 1181 4334 non
1219 4281 1498 4347 lsraelem,
1529 4297 1707 4352 neque
1725 4280 2008 4338 Judaicam
2042 4299 2166 4352 gen-

570 4381 715 4436 .tem,
761 4371 857 4426 sed
902 4371 1164 4442 populum
1223 4374 1315 4443 qui
1368 4374 1473 4429 scit
1515 4373 1899 4443 jubilationem
1944 4393 1956 4428 :
2002 4389 2163 4444 quem

571 4464 844 4536 populum
881 4463 1007 4534 jure
1040 4465 1258 4520 beatum
1293 4465 1626 4536 praedicavit,
1674 4466 1847 4519 multa
1883 4465 1985 4535 ipsi
2025 4467 2165 4521 bona

583 4557 881 4626 pollicitus.
913 4555 1050 4611 Nam
1083 4558 1212 4628 quia
1241 4558 1424 4612 sciunt
1454 4558 1531 4611 illi
1561 4557 1963 4628 jubilationem,
1989 4559 2166 4628 primo

2346 3272 2682 3342 Ἀναγκαίως
2707 3272 2763 3325 δὲ
2789 3271 2882 3324 καὶ
2912 3271 3006 3324 τοῦ
3036 3270 3373 3342 δηλωθέντος
3391 3273 3490 3342 μνή
3501 3271 3634 3342 μηνὸ
3659 3269 3760 3335 i670;

2267 3363 2586 3433 ἐποιήσατο,
2617 3360 2887 3425 θεσπίζων
2912 3361 2973 3414 τὸ
3014 3361 3350 3432 κατόρθωμα
3382 3362 3480 3432 τῆς
3516 3362 3588 3424 εἰς
3620 3359 3761 3431 ἀνθρώ-

2266 3471 2400 3516 πους
2436 3453 2530 3506 τοῦ
2572 3452 2808 3526 Χριστοῦ
2849 3454 3170 3524 παρουσίας.
3210 3453 3444 3507 Μέλλων
3476 3449 3760 3521 γοῦντὴνγέ.

2265 3560 2413 3596 νεσιν
2442 3542 2715 3597 διδάσκειν
2753 3542 2847 3596 τοῦ
2880 3545 2944 3596 ὲκ
2981 3544 3295 3614 σπέρματος
3329 3543 3494 3596 Δαυῖδ
3524 3543 3762 3614 προελευπ-

2269 3636 2452 3707 μένου,
2501 3637 2594 3688 καὶ
2637 3635 2735 3707 τὴν
2783 3635 3166 3705 καταστροφὴν
3213 3634 3325 3687 τῶν
3377 3634 3522 3703 παρὰ
3576 3630 3760 3684 Ἰουδαίων

2269 3727 2482 3797 σεμνῶν
2514 3725 2926 3798 προαγορεύειν,
2967 3725 3034 3778 δι’
3081 3727 3146 3795 ἣν
3190 3725 3287 3777 καὶ
3331 3723 3544 3796 ἀπορῶν
3574 3720 3761 3786 ἐπιλέγει,

2267 3820 2389 3874 Ποῦ
2427 3819 2558 3874 ἐστι
2602 3820 2677 3873 τὰ
2714 3817 2856 3885 ἐλέη
2891 3835 3008 3872 σου
3039 3816 3113 3870 τὰ
3154 3817 3398 3886 ἀρχαῖα.
3444 3817 3627 3882 Κύριε;
3651 3815 3762 3875 ἀναγ-

2266 3913 2437 3976 καίως
2469 3912 2597 3983 περὶ
2630 3911 2726 3982 μὲν
2772 3910 2865 3964 τοῦ
2921 3907 3317 3981 ὲπαληθεύσειν
3368 3907 3427 3972 ἐξ
3469 3909 3670 3966 ἅπαντας
3700 3900 3762 3960 τὰς
3796 3917 3801 3924 ’

2268 4005 2401 4076 πρὸς
2429 4005 2520 4058 τὸν
2553 4003 2714 4056 Δαυῒδ
2736 3999 2830 4055 τοῦ
2858 4000 2994 4054 Θεοῦ
3027 3999 3364 4068 ἐπαγγελίας
3393 4000 3490 4064 τὰς
3516 3992 3763 4070 προειρημέ-

2267 4113 2361 4159 νας
2385 4097 2679 4165 ὲποιήσατο
2697 4093 3061 4157 διδασκαλίας.
3099 4093 3252 4145 Ἐπεὶ
3271 4093 3330 4145 δὲ
3355 4092 3516 4162 ἐχρῆν
3542 4085 3763 4159 προμαθεῖν

2267 4190 2412 4260 ἡμεῖς
2443 4189 2538 4242 καὶ
2579 4187 2719 4258 ποίῳ
2755 4185 2870 4256 λαῷ
2901 4188 2934 4256 ἡ
2969 4185 3130 4256 χάρις
3154 4184 3251 4254 τῆς
3277 4183 3377 4236 τοῦ
3415 4183 3639 4251 Σωτῆρος
3663 4179 3764 4243 εὐερ-

2266 4280 2454 4350 γεσίας
2487 4279 2824 4351 ὲταμιεύετο,
2859 4277 3166 4339 ἀκολούθως
3213 4276 3604 4346 ἐμνημόνευσεν
3637 4272 3682 4323 ού
3704 4264 3764 4319 τῡῦ

2279 4374 2515 4446 Ἰσραὴλ,
2558 4373 2680 4426 οὐδὲ
2721 4372 2816 4427 τοῦ
2865 4371 3132 4426 Ἰουδαίων
3173 4369 3382 4433 ἔθνους,
3424 4368 3550 4422 ἀλλὰ
3582 4364 3656 4417 τοῦ
3681 4356 3766 4412 λαθῖ

2265 4467 2360 4521 τοῦ
2393 4465 2756 4536 γινώσκοντος
2783 4463 3116 4533 ἀλαλαγμὸν·
3155 4463 3247 4515 καὶ
3276 4461 3470 4514 τοῦτον
3501 4458 3686 4516 εἰκότως
3707 4452 3765 4502 τὸν

2267 4559 2392 4612 λαὸν
2425 4559 2753 4630 ἐμακάρισε,
2781 4556 3006 4610 πλεῖστα
3035 4553 3181 4624 αὐτῷ
3223 4553 3408 4622 ἀγαθά
3451 4547 3766 4630 ἐπαγγειλάμεζ

579 4650 802 4720 quidem
843 4651 898 4704 in
942 4651 1150 4705 lumine
1183 4650 1366 4704 vultus
1407 4649 1500 4704 Dei
1540 4649 1920 4710 ambulabunt,
1969 4649 2162 4704 deinde

2266 4667 2373 4713 νος.
2403 4628 2502 4704 Διά
2523 4628 2632 4722 γὰρ
2657 4649 2718 4703 τὸ
2747 4645 3310 4716 είδέναι¹ἀλαλαγμὺν,
3339 4644 3547 4714 πρῶτον
3569 4641 3648 4710 μὲν
3666 4638 3707 4687 ἐν
3719 4628 3765 4695 τῷ

583 4744 638 4796 in
678 4743 898 4797 nomine
942 4743 1063 4810 ejus
1111 4743 1465 4797 exsultabunt
1521 4741 1750 4811 singulis
1799 4741 2022 4807 diebus;
2060 4749 2172 4794 ter-

585 4832 661 4885 tio
721 4836 774 4886 in
824 4833 1041 4903 justilia
1103 4832 1222 4902 ejus
1283 4831 1707 4896 exaltabuntur;
1769 4838 1968 4901 quarto
1999 4831 2172 4900 gloria

584 4924 801 4978 virtutis
846 4939 1036 4978 eorum
1088 4924 1190 4977 erit
1240 4924 1358 4992 ipse
1389 4920 1675 4976 Dominus.
1727 4921 1865 4988 Quia
1906 4922 2049 4976 enim
2083 4922 2172 4977 hic

584 5015 820 5084 populus
887 5014 1044 5068 fortis
1101 5021 1154 5067 et
1217 5021 1408 5082 potens
1463 5021 1568 5077 est,
1623 5021 1811 5081 utpote
1867 5013 1959 5082 qui
2006 5028 2171 5082 supra

587 5117 795 5178 petram
821 5107 1123 5164 mdiﬁcatus
1150 5112 1242 5172 sit,
1281 5110 1354 5163 ita
1388 5116 1446 5162 ut
1479 5117 1649 5178 portae
1690 5107 1851 5162 inferi
1889 5122 1998 5161 non
2029 5121 2168 5176 pra:-

579 5202 804 5255 valeant
853 5199 1116 5256 adversus
1170 5216 1331 5268 eum;
1379 5201 1504 5270 jure
1551 5201 1896 5271 gloriabitur,
1950 5213 2058 5252 non
2111 5198 2167 5252 in

581 5295 806 5365 propria
850 5294 1071 5357 virtute,
1118 5294 1212 5350 sed
1246 5295 1303 5349 in
1335 5293 1566 5348 Domino
1609 5295 1704 5365 qui
1760 5292 2010 5348 fundavit
2041 5307 2165 5347 eum

580 5403 753 5457 supra
801 5396 1029 5456 petram.
1074 5385 1305 5457 Propter
1343 5387 1458 5441 haec
1497 5386 1680 5440 omnia
1721 5385 1914 5440 Beatus
1945 5383 2168 5452 populus

578 5479 673 5549 qui
711 5477 809 5531 scit
851 5477 1241 5544 jubilationem.
1292 5477 1548 5532 Nostrum
1590 5478 1718 5532 item
1767 5478 2164 5548 prophetarum

579 5569 677 5637 qui
713 5570 828 5625 haec
855 5586 952 5640 per
978 5568 1243 5640 Spiritum
1276 5569 1660 5635 vaticinamnr,
1703 5584 1877 5624 cornu
1907 5569 2168 5625 exaltabi-

661 5778 708 5809 "
735 5777 878 5834 l’sal.
907 5797 978 5847 iv,
1005 5781 1056 5835 7.
1135 5781 1178 5813 ³⁵
1221 5777 1366 5834 Psal.
1405 5792 1568 5843 xxxv,
1617 5775 1704 5831 10.

2270 4743 2409 4809 φωτὶ
2437 4742 2532 4795 τοῦ
2558 4740 2850 4812 προσώπου
2877 4738 2972 4792 τοῦ
3009 4737 3142 4790 Θεοῦ
3172 4736 3544 4807 πορεύσονται,
3573 4723 3766 4782 East-.15

2268 4833 2344 4904 τῷ
2381 4833 2604 4903 ὀνόματι
2645 4832 2811 4886 αὐτοῦ
2852 4829 3267 4899 ἀγαλλιάσονται
3301 4827 3422 4880 καθ’
3451 4824 3660 4889 ἑκάστην
3681 4813 3767 4883 illi"

2271 4940 2388 4994 ραν·
2419 4924 2511 4976 καὶ
2535 4924 2718 4996 τρίτον
2747 4926 2805 4976 ὲν
2831 4926 2895 4994 τῇ
2923 4920 3233 4992 δικαιοσύνῃ
3255 4917 3423 4972 αὑτοῦ
3453 4914 3765 4983 ὑψωθποπαν

2271 5017 2364 5068 καὶ
2402 5015 2657 5088 τέταρτον
2708 5015 2971 5086 καύχημα
3014 5013 3115 5083 τῆς
3155 5012 3435 5080 δυνάμεως
3479 5005 3637 5060 αὐτῶν
3668 4999 3767 5088 αξπέ

2273 5107 2432 5171 αὐτὸς
2461 5109 2488 5160 6
2517 5086 2739 5178 Κύριος.
2799 5105 3014 5176 Ἐπειδὴ
3047 5105 3156 5177 γὰρ
3188 5101 3450 5174 κραταιὸς
3493 5099 3578 5150 καὶ
3612 5086 3768 5188 dav-aii;

2272 5202 2531 5272 τυγχάνει
2565 5204 2594 5255 6
2631 5202 2758 5266 λαὸς
2801 5196 2975 5264 οὗτος,
3009 5200 3104 5252 ac:
3136 5199 3226 5249 ἐπὶ
3267 5196 3368 5266 τὴν
3407 5193 3598 5260 πέτραν

2279 5293 2540 5364 μημὲνος,
2570 5293 2646 5358 ὡς
2674 5294 2810 5366 μήτε
2846 5291 3018 5355 πύλας
3049 5288 3177 5360 ᾅδου
3212 5285 3522 5355 κατισχύειν
3552 5273 3701 5366 αὐτον·
3721 5273 3769 5319 εἶ’

2277 5362 2450 5449 κότως
2480 5362 2836 5456 καυχήσεται,
2871 5383 2986 5436 ἀλλ’
3016 5381 3116 5434 οὐκ
3145 5379 3238 5432 ἐπὶ
3267 5379 3333 5447 τῇ
3381 5373 3551 5464 οἰκεία

2275 5475 2389 5529 ἀλλ’
2437 5476 2529 5527 ὲπὶ
2575 5473 2652 5544 τῷ
2694 5471 3106 5544 τεθεμελιωκότι
3153 5469 3314 5522 αὑτὸν
3359 5466 3449 5519 ἐπὶ
3491 5463 3581 5530 τὴν
3623 5461 3768 5520 πέτρῃ

2275 5567 2486 5640 Κυρίῳ.
2519 5567 2616 5621 Διά
2637 5567 2693 5621 δὲ
2717 5566 2888 5620 ταῦτα
2914 5566 3090 5620 πάντα
3117 5562 3407 5633 μακάριος
3436 5559 3468 5611 o'
3500 5551 3631 5614 λαὸς
3658 5546 3686 5597 δ
3709 5551 3768 5605 τ²⁴
