3974 6524
272 433 398 489 am

1385 433 1883 491 COMMENTMHA
1923 438 1986 490 IN
2029 436 2364 492 PSAIMOS.

3363 437 3498 489 1093

261 547 507 598 νώσκων
531 545 897 615 ιίιίαλτιῃιόν.
930 547 1036 599 Καὶ
1059 547 1214 618 ἡμῶν
1241 549 1294 601 δὲ
1326 550 1502 602 αὐτῶν
1532 551 1637 602 τῶν
1659 552 1818 603 ταῦτα

1934 559 2042 605 tur.
2079 552 2233 618 Quod
2275 560 2453 606 autem
2489 567 2681 617 cornu,
2729 553 2836 606 nisi
2888 553 2939 605 id
2987 553 3131 622 quod
3178 569 3243 607 ex
3293 553 3500 607 semine

260 634 620 697 θεσπιζόντων
649 634 737 686 διὰ
766 632 860 686 τοῦ
905 633 1217 705 Πνεύματος
1250 637 1540 708 προφητῶν
1570 639 1630 690 το
1664 640 1828 710 κίρας

259 725 620 796 ὑψωθήσεται.
657 725 814 778 Ποῖον
839 725 896 778 δὲ
929 726 1091 797 κέρας
1119 727 1151 796 ἦ
1182 729 1242 780 τὸ
1276 729 1466 798 μέλλον
1492 731 1555 782 ὲκ
1583 730 1829 800 σπέρμα-

254 833 348 880 τος
374 815 537 869 Anii
568 816 707 869 κατά
735 815 832 887 τὴν
879 817 996 886 σὴν,
1037 811 1081 870 ὦ
1111 816 1302 887 Κύριε,
1337 819 1665 887 ἐπαγγελίαν
1697 837 1831 889 προ-

256 908 570 962 ελεύσεσοα.
591 925 606 972 ;
633 909 742 960 Καὶ
763 907 920 961 τοῦτο
945 907 1053 979 γὰρ
1081 909 1140 962 τὸ
1163 908 1328 980 κέρας
1347 910 1524 981 ἡμῶν,
1560 912 1616 964 ἐν
1705 913 1831 974 τοὺς

256 1000 484 1071 ἐχθροὺς
528 999 682 1070 ἡμῶν
713 999 1094 1070 κερατιοῦμεν,
1129 1002 1186 1053 ἐν
1217 1004 1282 1070 τῇ
1317 1002 1532 1073 εὐδοκία
1563 1019 1656 1055 σου
1687 1002 1830 1071 ὑψω-

256 1093 503 1162 Θήσεται,
527 1091 619 1145 σοῦ
648 1090 940 1160 τοῦἋγίου
971 1092 1204 1164 Ἰσραὴλ,
1235 1093 1329 1146 τοῦ
1362 1094 1624 1163 βασιλέως
1651 1095 1826 1166 ἡμῶν,

255 1183 785 1254 ἀντιλαμϐανομένου
831 1184 930 1254 τῆς
973 1185 1162 1238 τούτου
1204 1185 1298 1238 τοῦ
1339 1188 1515 1257 κέρως
1543 1189 1825 1256 γενέσεως.

257 1275 380 1330 Εἶεν
412 1276 455 1330 δ’
491 1275 558 1330 ἂν
588 1271 747 1330 αὗται
776 1278 949 1347 φωναὶ
981 1277 1315 1349 προφητικαὶ
1350 1280 1408 1345 ἐξ
1435 1280 1632 1333 οἰκείου
1664 1297 1830 1351 προσ-

254 1367 405 1420 ώπου
437 1367 504 1421 τὰ
534 1369 869 1439 προκείμενα
908 1370 1308 1438 ἀναφωνοῦσαι,
1353 1369 1519 1442 κέρας
1557 1389 1614 1424 τε
1651 1372 1828 1425 αὐτῶν

175 1504 192 1513 -
253 1459 610 1530 ὀμολογοῦσαι
641 1455 780 1514 εἶναι
809 1461 899 1513 τὸν
928 1459 1068 1514 κατά
1102 1461 1279 1531 σάρκα
1306 1462 1675 1531 φανησόμενον
1696 1465 1828 1534 Χρι-

253 1552 378 1604 στὸν
406 1551 495 1604 τοῦ
518 1551 674 1606 Θεοῦ.

329 1671 464 1723 Τότε
502 1668 810 1736 ἐλάλησας
842 1669 912 1722 ἐν
943 1670 1146 1738 ὁράσει
1189 1671 1312 1737 ’τοῖς
1355 1673 1504 1739 υἱοῖς
1545 1691 1680 1739 σου,
1728 1676 1821 1728 md

251 1755 448 1824 sizaq'
526 1759 768 1828 Ἐθέμην
801 1762 1093 1827 βοήθειαν
1140 1761 1236 1814 ἐπὶ
1275 1761 1561 1816 δυνατόν·
1609 1766 1827 1832 ὒψωσιι

250 1849 542 1904 ἐκλεκτὸν
561 1851 629 1904 ἐκ
660 1852 766 1905 τοῦ
788 1853 941 1906 λαοῦ
961 1871 1098 1921 μου.
1122 1849 1319 1921 Εὗρον
1346 1854 1526 1908 Δαυῒδ
1548 1856 1654 1909 τὸν
1683 1856 1822 1909 δοῦ-

252 1939 364 1991 λόν
381 1957 520 2007 μου,
546 1940 616 1992 ἐν
635 1941 814 2007 ἐλαίῳ
841 1941 986 2010 ἁγίῳ
1006 1959 1124 2010 μου
1151 1942 1366 2010 Expth
1389 1946 1592 1998 αὐτόν.
1633 1948 1693 2001 Ἡ
1713 1948 1820 2016 γὰρ

247 2032 379 2098 χείρ
418 2049 538 2100 μου
583 2035 1096 2101 συναντιλήψεται
1135 2035 1314 2100 αὐτῷ,
1356 2036 1454 2088 καὶ
1492 2040 1524 2090 ό
1549 2039 1823 2107 ,βραχίων

246 2140 363 2188 μου
398 2124 752 2192 κατισχύσει
782 2126 986 2179 αὐτόν.
1034 2128 1154 2179 Οὐκ
1187 2126 1484 2195 ὠφελήσει
1513 2129 1724 2197 ἐχθρὲ-ς
1754 2131 1823 2183 ἐν

245 2213 427 2283 αὐτῷ,
462 2216 558 2268 καὶ
608 2214 738 2282 υἱὸς
782 2217 1033 2284 ἀνομίας
1065 2220 1135 2272 οὐ
1165 2217 1418 2272 κακώσει
1467 2222 1669 2274 αὐτόν.
1710 2223 1819 2275 Καὶ

245 2307 539 2374 συγ-κόψω
567 2308 685 2360 ἀπὸ
713 2310 1038 2377 προσώπου
1069 2311 1254 2363 αὑτοῦ
1285 2311 1425 2376 τοὺς
1453 2313 1702 2380 ἐχθροὺς
1727 2316 1822 2367 αὺ-

246 2396 374 2461 τοῦ,
407 2399 504 2451 καί
542 2399 683 2464 τοὺς
708 2400 1042 2469 μισοῦντας
1069 2400 1254 2454 αὑτὸν
1286 2384 1678 2472 τροπώσομαι.
1709 2405 1818 2458 Καὶ

206 2521 218 2534 -
244 2491 286 2557 ἡ
316 2488 566 2554 ἀλήθειά
587 2507 706 2559 μου
739 2491 838 2544 καί
865 2491 930 2544 τὸ
969 2493 1140 2557 ἔλεός
1175 2512 1296 2561 μου
1318 2496 1444 2562 μετ’
1482 2495 1689 2561 αὑτοῦ,
1722 2499 1817 2550 καὶ

244 2580 314 2632 ἑν
341 2579 422 2646 τῷ
462 2582 705 2650 ὀνόματί
740 2601 858 2652 μου
891 2585 1269 2651 ὑψωθήσεται
1301 2586 1367 2639 τὸ
1410 2585 1587 2655 κέρας
1608 2589 1815 2642 αὐτοῦ.

245 2672 431 2740 "An-ae
469 2673 558 2727 διὰ
593 2674 702 2729 τῶν
728 2675 1033 2747 ἔμπροσθεν
1079 2677 1456 2749 μνημονεύσας
1480 2682 1508 2732 ό
1540 2677 1694 2748 λόγος
1724 2679 1818 2733 τοῦ

241 2765 426 2836 κέρως
449 2769 505 2818 ὲν
533 2762 614 2830 οἷς
645 2766 769 2838 ἔφη·
811 2768 907 2819 ’Er
926 2767 1000 2836 τῇ
1028 2768 1272 2836 εὐδοκίᾳ
1294 2786 1412 2824 σου
1438 2771 1819 2838 ὑψωθήσεται

239 2855 312 2909 τὸ
337 2855 516 2922 κέρας
541 2854 728 2925 ἡμῶν,
761 2857 1073 2926 ἀναγκαίως
1107 2857 1310 2928 προῖὼν
1335 2858 1576 2912 διδάσκει
1604 2859 1655 2912 τί
1692 2877 1820 2911 ποτε

240 2941 310 3015 ἢν
346 2945 502 2999 τοῦτο
528 2947 589 2999 τὸ
614 2948 802 3018 κέρας,
843 2950 937 3002 καί⁸
970 2948 1130 3001 πόθεν
1159 2946 1298 3019 ἥξει,
1328 2949 1425 3002 καὶ
1455 2950 1569 3014 πῶς
1602 2949 1817 3022 ὑψωθή-

242 3055 419 3093 σεται.
449 3041 541 3094 Διό
569 3057 753 3111 φησιν’
789 3042 908 3095 ’Ότι
930 3042 1037 3096 τοῦ
1060 3045 1279 3112 Kvplqv
1308 3042 1482 3096 ἐστίν
1511 3045 1550 3111 ἡ
1578 3045 1819 3111 ἀντίλη-

239 3131 371 3196 ψις,
409 3131 442 3200 ἡ
477 3104 592 3182 τοῦ-
613 3104 789 3201 κέρως
817 3131 1076 3203 δηλονότι.
1111 3104 1312 3205 Ιξυβίου
1355 3134 1411 3187 δὲ
1449 3104 1620 3201 ποίου,
1658 3135 1690 3206 ἢ
1724 3104 1816 3188 τοῦ

1935 643 2101 696 David
2153 643 2452 701 secundum
2519 652 2701 708 tuam,
2767 642 3024 705 Domine,
3080 643 3498 712 promissionem

1934 733 2274 801 proditurum
2328 731 2449 786 est?
2497 731 2629 786 Nam
2684 734 2814 785 illud
2864 748 3034 786 cornu
3089 741 3356 792 nostrum,
3390 748 3500 802 quo

1935 826 2185 879 inimicos
2231 835 2451 879 nostros
2481 825 2888 891 ventilabitnus,
2930 824 2986 878 in
3033 824 3372 894 beneplacito
3407 835 3498 878 tuo

1931 917 2298 970 exaltabitur:
2331 923 2385 970 te
2436 915 2636 970 Sancto
2682 914 2870 978 Israel,
2909 930 3036 986 rege
3082 925 3292 980 nostro,
3335 915 3498 984 hujus

1931 1021 2101 1059 cornu
2131 1016 2312 1059 ortum
2368 1015 2712 1074 procurante.
2759 1004 2852 1059 Ila:
2881 1021 3046 1075 porro
3074 1021 3236 1060 voces
3269 1007 3495 1076 pmphe-

1933 1105 2112 1150 tarum
2162 1096 2387 1160 fuerint,
2440 1114 2505 1151 ex
2555 1097 2773 1167 propria
2820 1112 3052 1166 persona
3092 1099 3205 1151 haec
3237 1113 3358 1168 qua
3385 1098 3498 1166 jam

1931 1197 2233 1243 tractamus
2289 1188 2706 1258 proferentium,
2767 1205 2830 1243 ac
2890 1189 3264 1243 conﬁtentium
3326 1204 3497 1243 comu

1931 1294 2089 1334 suum
2135 1293 2258 1334 esse
2307 1278 2584 1334 Christum
2624 1278 2738 1346 Dei,
2792 1279 2884 1349 qui
2935 1280 3239 1335 secundum
3279 1295 3499 1336 carnem

1929 1372 2248 1440 proditurus
2273 1372 2326 1426 in
2356 1371 2535 1425 lucem
2559 1379 2663 1427 est.

1997 1657 2160 1712 Vnus.
2198 1657 2390 1711 2I-‘25.
2414 1657 2557 1710 Tunc
2585 1658 2786 1712 locutus
2816 1675 2868 1712 es
2900 1659 2951 1710 in
2984 1659 3180 1711 visione
3212 1658 3340 1727 ﬁliis
3370 1660 3496 1722 tuis,

1925 1761 1974 1805 et
1995 1752 2216 1803 dixisti:
2253 1749 2413 1803 Posui
2445 1750 2768 1819 adjutorium
2802 1751 2856 1802 in
2885 1759 3122 1818 potente;
3147 1737 3499 1804 exultavielc-

1928 1854 2067 1896 ctum
2107 1858 2172 1896 ex
2204 1843 2395 1911 populo
2446 1859 2578 1896 meo.
2635 1841 2816 1895 Inveni
2859 1843 3024 1895 David
3063 1859 3266 1896 servum
3306 1858 3494 1903 meum,

1928 1937 2042 1988 oleo
2071 1946 2255 1990 sancto
2302 1951 2411 1988 meo
2446 1937 2573 1987 una'i
2607 1951 2745 1990 eum.
2794 1934 2988 1988 Manus
3021 1938 3157 1990 enim
3200 1952 3312 1989 mea
3344 1937 3497 1987 απαξ·

1925 2029 2144 2082 liabitur
2174 2031 2241 2094 ei,
2272 2038 2322 2083 et
2347 2029 2621 2082 brachium
2652 2047 2823 2083 meum
2854 2029 3173 2100 confortabit
3202 2046 3342 2082 eum.
3376 2027 3495 2082 Non

1922 2121 2162 2188 proﬁciet
2197 2120 2439 2173 inimicus
2482 2121 2534 2173 in
2577 2138 2657 2184 eo,
2692 2137 2742 2174 et
2769 2122 2915 2189 ﬁlius
2948 2123 3242 2191 iniquitatis
3274 2138 3376 2174 non
3404 2138 3498 2173 no-

1925 2212 2055 2266 cebit
2082 2214 2150 2266 ei.
2184 2213 2250 2266 Et
2281 2215 2554 2268 concidam
2587 2230 2618 2265 a
2649 2213 2783 2281 facie
2815 2214 2979 2280 ipsius
3011 2214 3252 2266 inimicos
3279 2212 3417 2280 ejus,
3447 2223 3494 2264 et

1924 2303 2155 2358 odientes
2182 2322 2301 2358 eum
2329 2306 2382 2357 in
2411 2305 2591 2375 fugam
2624 2316 2942 2360 convertam.
2975 2303 3044 2357 Et
3078 2307 3267 2358 ueritas
3300 2320 3415 2357 mea
3447 2314 3494 2356 ct

1923 2395 2287 2448 misericordia
2318 2411 2432 2450 mea
2456 2413 2573 2448 cum
2596 2399 2732 2464 ipso,
2762 2407 2810 2449 et
2839 2398 2890 2449 in
2918 2398 3124 2450 nomine
3150 2413 3260 2449 meo
3288 2397 3497 2449 exalta-

1923 2489 2063 2542 bitur
2110 2505 2272 2542 cornu
2318 2489 2453 2556 ejus.
2507 2489 2645 2542 Cum
2692 2488 2856 2543 semel
2902 2496 3062 2540 antea
3109 2502 3292 2541 sermo
3325 2502 3495 2540 cornu

1921 2582 2322 2643 memoraverit,
2351 2598 2475 2635 cum
2508 2581 2712 2635 diceret
2741 2599 2754 2635 :
2791 2579 2856 2633 In
2879 2579 3199 2648 beneplacito
3225 2590 3315 2632 tuo
3344 2580 3496 2632 exal-

1923 2671 2124 2724 tabitur
2162 2688 2324 2726 cornu
2351 2681 2610 2734 nostrum,
2642 2671 2958 2724 necessario
2988 2671 3146 2725 docet
3175 2671 3228 2724 in
3263 2686 3498 2740 sequen-

1923 2762 2068 2816 tibus
2099 2761 2370 2831 quodnam
2407 2761 2536 2813 illud
2567 2776 2759 2824 cornu,
2788 2760 2931 2814 unde
2960 2769 3247 2814 venturum
3277 2769 3330 2815 et
3361 2777 3497 2831 quo-

1922 2855 2086 2907 modo
2114 2851 2466 2906 exaltandutn
2500 2853 2590 2907 sit.
2622 2850 2990 2916 Quamobrem
3027 2852 3179 2916 dicit,
3217 2852 3356 2916 Quia
3385 2851 3497 2903 D0-

1923 2947 2052 3001 mini
2089 2956 2168 3000 est
2215 2947 2526 3013 assumptio,
2585 2945 2730 2999 illius
2770 2959 2942 2997 cornu
2979 2944 3247 2997 videlicet.
3283 2943 3493 2997 Domini

1923 3045 2102 3090 autem
2143 3032 2453 3101 cuiusnam,
2499 3033 2602 3088 nisi
2650 3032 2835 3086 Sancti
2862 3029 3049 3094 Israel,
3097 3033 3240 3101 regis
3282 3033 3498 3086 nostri?

1919 3127 2043 3198 Ipse
2076 3143 2311 3197 namque
2347 3125 2610 3180 Dominus
2654 3134 2708 3179 et
2761 3123 2998 3178 Sanctus
3048 3122 3214 3178 Israel
3248 3140 3363 3185 rex,
3401 3123 3494 3177 Dei

255 3221 442 3285 Ἀγίου
459 3222 672 3294 Ἰσραὴλ
689 3223 782 3276 τοῦ
806 3224 1068 3294 βασιλέως
1089 3226 1275 3296 ήμῶν;
1309 3227 1481 3290 Αὐτὸς
1511 3227 1618 3298 γὰρ
1645 3230 1674 3280 ὁ
1705 3228 1817 3280 Κύ-

1926 3219 2183 3286 Verbum,
2232 3219 2537 3289 assumptio
2587 3219 2692 3272 erit
2728 3233 2900 3272 cornu
2937 3217 3135 3280 nostri,
3171 3217 3252 3269 uti
3289 3217 3499 3285 pollici-

242 3330 360 3384 ριος
387 3314 534 3366 καὶὸ
558 3316 746 3384 ⁸Ἀγιος
787 3317 882 3369 τοῦ
935 3318 1150 3388 Ἰσραὴλ
1188 3317 1457 3388 βασιλεὺς,
1491 3322 1520 3372 6
1546 3319 1640 3372 τοῦ
1679 3319 1813 3374 Θεοῦ

236 3404 435 3472 Λόγος,
470 3406 748 3478 ἀντίληψις
781 3407 931 3461 ἕσται
957 3409 1049 3462 τοῦ
1076 3411 1255 3481 κέρως
1290 3412 1446 3482 ἡμῶν
1476 3411 1600 3466 καθ’
1626 3411 1691 3475 ἂς
1722 3430 1818 3465 πε-

239 3497 462 3568 ποίηται
496 3499 846 3567 ἐπαγγελίας,
876 3502 1113 3571 ὁπηνίκα
1153 3501 1304 3555 λαλεῖ
1334 3503 1420 3557 διὰ
1453 3503 1560 3556 τῶν
1600 3521 1817 3575 προφη-

235 3587 349 3642 τῶν
380 3591 508 3661 περὶ
548 3590 640 3644 τοῦ
673 3591 953 3661 μέλλοντος
1001 3594 1065 3646 ἐκ
1115 3595 1427 3664 σπέρματος
1476 3597 1637 3649 Δαυῖδ
1687 3615 1818 3668 προσ

237 3679 582 3735 ελεύσεσοαι.
633 3685 760 3737 Ὅτε
803 3685 932 3756 γὰρ,
981 3686 1163 3756 φησὶν,
1215 3685 1480 3756 ὲλάλησας
1528 3690 1584 3741 ὲν
1631 3689 1816 3758 ὁράσει

235 3773 355 3833 τοῖς
392 3772 567 3839 ἁγίοις
598 3790 712 3834 σου,
739 3775 808 3828 τά
833 3792 893 3827 τε
935 3777 1267 3846 προκείμενα
1310 3777 1621 3847 ὲπηγγείλω
1649 3781 1734 3841 σὺ,
1773 3773 1816 3830 ὦ

237 3860 394 3922 Θεὸς,
425 3859 512 3913 διὰ
545 3860 655 3914 τῶν
687 3862 914 3916 σεαυτοῦ
955 3864 1086 3916 υίῶν
1125 3865 1230 3918 τῶν
1265 3867 1578 3937 προφητῶν,
1608 3861 1687 3931 οἷς
1720 3869 1816 3931 τὰς

235 3952 460 4022 ὁράσεις
485 3953 590 4006 τῶν
631 3953 929 4024 μελλόντων
967 3957 1365 4020 ἀπεκάλυπτες·
1407 3958 1475 4011 δι’
1506 3957 1683 4010 αὐτῶν
1707 3958 1817 4029 γὰρ

237 4044 336 4095 καὶ
367 4043 686 4113 ποιούμενος
727 4044 822 4107 τάς
862 4046 1190 4114 ἐπαγγελίας
1230 4048 1328 4111 τὰς
1361 4048 1497 4119 πρὸς
1522 4048 1611 4100 τὸν
1633 4048 1814 4110 Δαυῒδ,

238 4134 452 4197 τούτοις
485 4136 704 4205 ἐχρήσω
736 4140 848 4201 τοῖς
881 4137 1078 4207 λόγοις
1134 4137 1378 4208 Ἐθέμην
1396 4139 1688 4208 βοήθειαν
1717 4140 1815 4192 ἐπὶ

237 4224 519 4278 δυνατόν’
548 4227 766 4295 ὕψωσα
793 4229 1079 4283 ἐκλεκτὸν
1101 4230 1168 4283 ἐκ
1196 4229 1301 4283 τοῦ
1328 4230 1481 4284 λαοῦ
1499 4248 1637 4298 μου.
1676 4229 1814 4282 Ἀνθ’

235 4311 314 4368 ὧν
343 4318 372 4369 6
402 4317 695 4388 Σύμμαχος
720 4319 905 4373 τοῦτον
933 4322 1242 4392 ἡρμήνευσε
1272 4322 1363 4374 τὸν
1391 4322 1610 4390 τρόπον·
1651 4322 1814 4375 Ἐπέ-

234 4409 392 4474 θηκιι
432 4409 757 4477 ἀντίληψιν
788 4410 1044 4480 ἀνδρῶν,
1085 4411 1304 4479 dij-aura
1350 4413 1670 4464 ἐπίλεκτον
1696 4410 1813 4465 ἀπὸ

233 4501 346 4554 τοῦ
370 4501 524 4555 λαοῦ
543 4519 686 4570 μου.
719 4499 916 4571 Εὗρον
940 4502 1120 4558 Δαυῒδ
1147 4502 1253 4556 τὸν
1284 4502 1510 4557 δοῦλόν
1541 4521 1682 4571 μου,
1723 4502 1814 4556 καὶ

235 4593 306 4646 τὰ
339 4592 463 4663 ἑξῆς
488 4595 600 4656 τοῖς
643 4593 1040 4665 Ἐϐδομήκοντα
1077 4593 1490 4666 παραπλησίως’
1527 4587 1602 4648 ὧν
1632 4597 1666 4665 ἡ
1695 4595 1813 4648 διά-

233 4701 357 4738 νοια
387 4684 575 4738 τοῦτον
605 4684 716 4756 ἔχει
743 4685 833 4738 τὸν
860 4687 1077 4757 τρόπον’
1116 4687 1292 4740 Πολλά
1343 4687 1584 4758 ζητήσας
1621 4688 1678 4739 ἐν
1718 4688 1814 4739 ἀν-

236 4774 476 4847 θρώποις
506 4775 654 4840 ἄξιον
686 4778 863 4848 εὑρεῖν
891 4778 1151 4848 ἐμαυτοῦ,
1186 4779 1334 4849 μόλις
1374 4779 1504 4832 ποτὲ
1539 4775 1694 4849 εὗρον
1722 4780 1813 4832 τὸν

231 4867 421 4923 δοῦλόν
455 4887 556 4939 μου
585 4869 770 4931 Δαυῖδ,
811 4869 904 4922 τὸν
936 4869 1000 4922 δι’
1029 4871 1331 4941 ὑπερϐολὴν
1353 4872 1633 4935 εὐσεϐείας
1665 4868 1813 4925 οἷκον

233 4959 328 5011 ἐπὶ
357 4958 460 5027 γῆς
489 4959 650 5028 εύκτή
662 4975 773 5029 ριον
799 4960 924 5028 ὲμοῖ
950 4958 1236 5028 δείμασθαι
1275 4960 1432 5029 μόνον
1458 4959 1566 5012 τῶν
1597 4961 1654 5026 ἐξ
1684 4962 1814 5015 αἰῶ-

230 5067 323 5111 νος
354 5048 786 5120 διανενοημένον.
814 5050 1013 5122 Διόπερ
1042 5050 1273 5121 ἀμοιϐὴν
1304 5051 1450 5122 αὐτῷ
1473 5053 1570 5121 τῆς
1606 5053 1814 5123 ἀγαθῆς

231 5141 330 5194 καὶ
371 5140 628 5204 εὐσεϐοῦς
672 5141 1041 5214 προαιρέσεως
1082 5142 1441 5213 δωρούμενος,
1473 5143 1586 5198 ἀνθ’
1610 5139 1670 5197 οὗ
1701 5143 1815 5197 δια-

230 5233 484 5304 νενόηται
534 5232 706 5299 οίκου,
763 5233 926 5297 αὐτὸς
972 5233 1196 5304 ἐμαυτῷ
1245 5233 1378 5287 νεὼν
1431 5234 1693 5304 πανάγιον
1750 5238 1814 5290 ὲκ

232 5325 549 5395 σπέρματος
581 5324 747 5378 αὑτοῦ
783 5326 1196 5380 κατασκευάσω.
1237 5325 1394 5387 Νεὼς
1437 5328 1546 5398 γὰρ
1592 5323 1661 5398 ἦν
1691 5331 1720 5382 ὁ
1749 5329 1813 5381 ἐκ

231 5415 548 5486 σπέρματος
580 5415 742 5469 Δαυῒδ
763 5416 1001 5485 γεγονὼς
1023 5412 1308 5488 ἄνθρωπος
1336 5418 1428 5471 τοῦ
1455 5418 1815 5489 κατασκηνώ-

229 5525 426 5571 σαντος
451 5510 508 5561 ὲν
525 5509 674 5579 αὐτῷ
697 5509 832 5562 Θεοῦ
856 5510 1050 5578 Λόγου.
1084 5512 1148 5564 Ὃ
1172 5509 1236 5582 δὴ
1266 5511 1361 5564 καὶ
1386 5511 1548 5575 αὐτὸς
1574 5513 1602 5565 ὁ
1625 5511 1813 5583 Σωτὴρ

229 5601 480 5654 ἐδίδασκε
510 5602 638 5674 περὶ
667 5602 759 5656 τοῦ
792 5603 922 5657 ίδίου
947 5602 1198 5674 σώματος
1217 5603 1413 5674 λέγων·
1440 5608 1678 5659 Λύσατε
1709 5606 1815 5658 τὸν

227 5692 383 5746 ναὸν
409 5691 646 5758 τοῦτον,
680 5695 777 5750 καί
803 5695 874 5749 ἐν
898 5695 1098 5764 τρισίν
1128 5697 1376 5768 ἡμέραις
1398 5697 1580 5768 ἐγερῶ
1602 5699 1814 5756 αὐτόν.

302 5854 347 5886 ³⁸
388 5853 547 5910 Juau.
588 5870 658 5919 ιι,
699 5855 782 5911 l9.

512 5951 781 6013 ΡΑτιωι..
820 5954 936 6013 Gn.
967 5953 1180 6015 XXJII

1922 3320 2012 3367 tus
2045 3319 2149 3376 est,
2197 3326 2320 3365 cum
2371 3327 2467 3381 per
2515 3310 2808 3381 prophetas
2859 3324 3166 3364 sermonem
3202 3309 3403 3363 faceret
3432 3309 3500 3362 de

1923 3405 2016 3458 illo
2035 3405 2128 3474 qui
2153 3419 2218 3457 ex
2242 3404 2451 3475 semine
2472 3403 2638 3456 David
2662 3402 2978 3471 proditurus
3005 3409 3143 3456 erat.
3169 3401 3304 3455 Cum
3329 3401 3496 3465 enim,

1921 3494 2118 3564 inquit.
2150 3495 2364 3550 locutus
2387 3511 2447 3549 es
2476 3495 2530 3548 in
2562 3496 2774 3549 visione
2801 3495 3007 3550 sanctis
3031 3495 3160 3557 tuis,
3193 3503 3245 3549 et
3272 3495 3385 3548 haec
3415 3503 3497 3558 tu,

1922 3586 2085 3653 Deus,
2117 3603 2215 3657 per
2249 3587 2390 3642 ﬁlios
2442 3598 2565 3641 tuos
2590 3587 2883 3658 prophetas
2929 3588 3252 3655 promisisti,
3299 3587 3502 3655 quibus

1922 3679 2232 3734 futurorum
2261 3681 2504 3735 visiones
2537 3681 2814 3742 revelasti,
2848 3695 2944 3749 per
2976 3694 3072 3733 eos
3105 3695 3340 3748 namque
3367 3695 3498 3748 pro-

1921 3773 2214 3827 missiones
2246 3771 2436 3825 Davidi
2467 3771 2699 3836 cdebas;
2724 3780 2855 3824 tunc
2893 3770 2980 3824 his
3013 3785 3147 3824 usus
3178 3770 3360 3824 verbis
3391 3786 3450 3823 es
3483 3788 3496 3822 :

1922 3867 2090 3921 Posui
2137 3864 2462 3934 adjutorium
2514 3864 2567 3916 in
2609 3873 2817 3930 potente
2847 3879 2865 3915 :
2897 3862 3130 3915 exaltari
3179 3862 3396 3914 electum
3435 3866 3499 3913 de

1919 3961 2064 4028 plebe
2094 3975 2228 4012 mea.
2265 3955 2372 4010 Pro
2421 3971 2529 4024 quo
2581 3954 2945 4025 Symmachus
2995 3953 3098 4007 hoc
3134 3960 3293 4022 pacto
3331 3953 3500 4005 inter-

1921 4061 2167 4124 pretatus
2211 4060 2316 4110 est,
2373 4049 2537 4102 Posui
2594 4046 2922 4116 adjutorium
2968 4046 3498 4112 rirorum,_e.r.altari

1919 4147 2141 4200 electum
2181 4163 2213 4197 a
2253 4143 2445 4213 populo
2481 4159 2614 4195 meo.
2651 4142 2836 4194 Inveni
2864 4139 3034 4193 David
3067 4155 3271 4192 servum
3302 4154 3494 4200 meum,

1921 4250 1974 4296 et
1997 4241 2204 4308 reliqua
2229 4236 2366 4291 LXX
2399 4234 2832 4304 interpretationi
2858 4232 3053 4287 similia
3084 4245 3354 4300 :quorum
3385 4229 3498 4283 haec

1919 4340 2006 4388 est
2054 4330 2324 4386 sententia
2361 4347 2374 4383 :
2418 4327 2554 4380 Cum
2599 4327 2654 4379 in
2679 4324 2992 4379 hominibus
3035 4322 3127 4376 diu
3159 4322 3498 4389 multumque

1923 4424 2264 4494 quassiissem
2295 4422 2472 4474 virum
2523 4435 2608 4474 me
2658 4419 2904 4488 dignum,
2945 4417 3028 4470 vix
3062 4415 3280 4469 tandem
3317 4414 3502 4468 inveni.

1922 4514 2091 4568 David
2141 4528 2360 4568 servum
2408 4526 2612 4574 meum,
2663 4511 2756 4577 qui
2789 4506 2991 4575 ingenti
3043 4507 3244 4575 pietate
3291 4512 3495 4562 motus.

1921 4609 2073 4663 solus
2101 4622 2167 4660 ex
2199 4607 2266 4660 iis
2297 4604 2390 4674 qui
2419 4618 2448 4656 a
2481 4602 2682 4656 sazculo
2714 4599 2936 4653 luerunt
2967 4598 3189 4651 domum
3215 4595 3345 4649 mihi
3372 4610 3498 4648 ora-

1920 4698 2089 4752 tionis
2120 4704 2404 4751 exstruere
2429 4692 2706 4763 cogitavit.
2741 4692 2922 4755 Quare
2948 4689 3075 4741 boui
3107 4688 3290 4756 piique
3315 4687 3497 4741 consi-
3525 4695 3528 4699 ‘

1921 4789 1978 4844 lii
2006 4789 2177 4842 vicem
2211 4787 2312 4856 ipsi
2354 4786 2683 4856 rependens,
2728 4797 2825 4851 pro
2863 4782 3029 4836 dumo
3060 4794 3223 4849 quam
3255 4780 3496 4832 excitare

1919 4880 2112 4943 voluit,
2139 4879 2269 4932 mihi
2303 4893 2369 4932 ex
2403 4875 2610 4932 semine
2638 4875 2757 4942 ejus
2789 4872 3049 4940 templum
3084 4869 3495 4925 sanctissimum

1920 4967 2369 5025 adomabo.i\'am
2389 4967 2483 5036 qui
2504 4981 2567 5020 ex
2590 4964 2796 5019 semine
2822 4961 2990 5015 David
3017 4961 3193 5015 lactus
3209 4969 3293 5015 est
3311 4960 3494 5019 homo,

1919 5061 2012 5117 Dei
2059 5059 2223 5114 Verbi
2268 5061 2323 5113 in
2362 5059 2480 5128 ipso
2531 5056 2828 5110 habitantis
2858 5054 3118 5123 templum
3161 5059 3299 5106 erat.
3343 5051 3496 5116 Quod

1917 5155 2080 5210 etiam
2113 5152 2365 5206 Salvator
2396 5152 2512 5213 ipse
2535 5148 2765 5204 docebat
2780 5146 2847 5201 de
2882 5161 3113 5216 corpore
3140 5161 3241 5200 suo
3271 5144 3495 5198 dicens:

1918 5243 2114 5297 Solvite
2127 5240 2374 5310 templum
2387 5240 2502 5302 hoc,
2521 5250 2570 5292 et
2587 5240 2639 5291 in
2654 5239 2822 5291 tribus
2835 5237 3017 5290 diebus
3028 5235 3267 5290 excitabo
3284 5233 3418 5288 illud
3432 5234 3496 5286 ".

1920 5335 2098 5404 Atque
2132 5331 2424 5387 admodum
2453 5338 2821 5402 congruenter
2846 5327 3204 5400 promissioni
3237 5326 3306 5379 ad
3341 5325 3501 5378 Davi-

1918 5425 2040 5480 dem
2076 5424 2250 5490 factae,
2282 5423 2429 5479 Deus
2461 5423 2565 5494 ipsi
2595 5424 2773 5478 vicem
2810 5419 3080 5490 rependit.
3127 5416 3267 5484 Quia
3311 5416 3497 5486 igitur.

1917 5517 2116 5588 inquit,
2155 5516 2410 5571 idoneum
2441 5524 2495 5569 et
2526 5514 2751 5585 dignum
2789 5511 3219 5583 promissionum
3252 5521 3496 5561 mearum

1919 5605 2096 5660 virum
2125 5605 2327 5674 reperi,
2362 5602 2621 5658 Davidem
2657 5603 2904 5666 scilicet;
2937 5600 3060 5655 ideo
3086 5599 3263 5669 ipsum
3296 5595 3499 5648 auxilio

1919 5713 2041 5754 meo
2065 5697 2321 5768 dignatus
2367 5710 2511 5763 sum,
2555 5696 2789 5751 electum
2821 5691 3118 5756 declaravi,
3144 5699 3198 5744 et
3226 5702 3389 5759 super
3416 5695 3503 5739 to-
