3974 6534
562 435 702 495 1099

1250 436 1516 495 EUSEBII
1551 437 2029 497 CESARIENSIS
2062 437 2212 495 OPP.
2244 438 2424 496 PARS
2459 435 2548 498 Ill.
2580 471 2650 485 --
2687 437 3094 496 EXEGETICA.

3631 451 3727 506 Nili)

561 563 675 609 tum
718 553 974 623 pepulum
1011 551 1269 608 exaltari.
1324 554 1404 609 Ad
1458 555 1573 610 haec
1631 571 1783 620 vero,
1837 556 1962 625 quia
2014 565 2123 626 post

2244 558 2355 612 Καὶ
2391 558 2592 630 σφόδρα
2629 575 2691 627 γε
2725 555 3074 628 καταλλήλως
3116 559 3180 626 τῇ
3209 556 3301 610 τοῦ
3329 558 3478 610 Δαυτδ
3502 560 3728 638 transitis

560 646 786 698 nmllam
825 642 1298 714 perquisitionem,
1349 645 1526 716 ipsum
1572 647 1747 701 solum
1791 648 2138 716 pollicitatio-

559 738 690 791 iu'un
733 749 977 790 mearum
1008 734 1232 806 dignum
1267 737 1480 804 inveni;
1529 738 1688 792 talem
1714 739 2135 808 deprehensum,

559 825 783 898 dignum
818 826 946 880 item
979 825 1146 881 habui
1171 829 1263 898 qui
1295 828 1416 881 oleo
1447 837 1640 881 sancto
1673 844 1794 882 meo
1819 837 2133 898 ungeretur,

556 932 670 988 quo
694 917 871 988 ipsum
901 918 1056 972 επιλοί
1083 919 1383 981 Christum,
1416 928 1472 974 et
1498 919 1617 975 inec
1651 921 1726 975 illi
1760 937 1844 975 me
1875 923 2136 976 benelicia

556 1009 886 1065 collaturum
911 1011 1205 1080 polliceor:
1240 1011 1468 1065 Dextera
1497 1028 1609 1065 mea
1633 1014 1858 1081 ﬁrmiter
1891 1015 1991 1082 ipsi
2013 1014 2138 1067 ade-

558 1103 653 1168 ‘fit,
685 1113 734 1157 et
777 1103 1046 1157 brachium
1098 1119 1269 1157 meum
1324 1105 1643 1173 confortabit
1690 1123 1807 1159 eum
1841 1123 1858 1160 :
1891 1108 2135 1160 inimicus

553 1209 676 1250 eum
725 1210 830 1249 non
885 1192 1142 1264 decipiet,
1193 1213 1354 1265 neque
1401 1196 1546 1265 ﬁlius
1604 1198 1897 1268 iniquitatis
1946 1199 2134 1269 afﬂiget

553 1302 693 1341 eum.
723 1285 840 1341 Ima
871 1288 1030 1340 etiam
1064 1287 1334 1341 concidam
1368 1288 1423 1340 in
1451 1299 1729 1358 conspectu
1758 1290 1871 1359 ejus
1902 1290 2134 1344 odientes

553 1393 696 1439 eum.
743 1389 791 1432 et
837 1379 1117 1448 a/fligentes
1161 1395 1280 1430 eum
1323 1379 1665 1445 percutiam:
1699 1381 2037 1448 conﬁrmatio
2086 1389 2134 1433 et

553 1465 733 1535 gratia
771 1483 885 1521 mea
929 1465 1098 1522 aderit
1131 1467 1251 1536 ipsi.
1308 1467 1370 1520 Et
1413 1468 1529 1522 haec
1569 1469 1787 1539 quidem
1820 1470 2001 1522 omnia
2032 1470 2132 1539 ipsi

554 1556 810 1622 aderunt,
863 1557 1164 1612 secundum
1231 1556 1544 1627 Symmachi
1604 1560 2130 1630 interpretationem.

554 1644 866 1702 Secundum
895 1647 1040 1702 LXX
1067 1664 1216 1712 vero,
1246 1647 1440 1704 Manus
1475 1667 1611 1711 mea,
1654 1653 1851 1720 inquit,
1901 1650 2134 1703 auxilia-

546 1737 696 1792 'bitur
741 1739 809 1802 ei,
850 1749 898 1794 et
944 1739 1217 1794 brachium
1267 1757 1437 1795 meum
1481 1741 1802 1810 confortabit
1831 1758 1949 1796 eum
1979 1756 1997 1794 :
2029 1758 2133 1795 non

531 1832 789 1899 *pro/iciet
819 1832 1063 1885 inimicus
1097 1833 1150 1885 in
1173 1849 1254 1896 eo,
1283 1842 1332 1886 et
1359 1833 1501 1902 filius
1532 1834 1828 1904 iniquitatis
1864 1851 1967 1887 non
1999 1834 2131 1903 αι]ιὶ-

2242 647 2334 700 καὶ
2356 648 2384 699 6
2411 648 2541 710 Θεὸς
2565 648 2664 718 τὴν
2691 647 2826 717 πρὸς
2850 646 3011 698 αὑτὸν
3040 645 3273 716 ἀμοιὸὴν
3293 648 3575 720 ἐποιήσατο.
3602 654 3729 706 Ἐπει-

2240 739 2304 808 δὴ
2354 738 2551 802 τοίνυν,
2604 738 2788 808 φησὶν,
2837 737 3140 808 ἐπιτήδειον
3188 733 3342 808 εὗρον
3389 741 3476 793 καὶ
3516 741 3730 806 ἄξιοντὼν

2241 828 2389 899 ἐμῶν
2422 829 2764 898 ἐπαγγελιῶν
2811 828 2902 880 τὸν
2953 828 3130 893 Δαυῖδ,
3185 829 3269 883 διὰ
3301 831 3452 884 τοῦτο
3492 837 3730 906 nauigium

2239 919 2400 971 αὐτὸν
2432 920 2530 990 τῆς
2559 918 2700 989 ὲμῆς
2732 917 3007 987 βοηθείας,
3045 918 3297 971 ἐκλεκτὸν
3325 921 3476 972 αὐτὸν
3497 923 3731 993 ἀποφήνας,

2240 1013 2333 1064 καὶ
2376 1010 2515 1081 ὑπὲρ
2559 1010 2736 1062 πάντα
2778 1009 2869 1060 τὸν
2909 1009 3038 1062 λαὸν
3064 1009 3372 1078 ἁνυψώσας.
3415 1013 3514 1063 Καὶ
3547 1012 3612 1064 ἔτι
3641 1015 3734 1083 πρὸς

2237 1100 2446 1162 τούτοις
2485 1100 2673 1171 ἐπειδὴ
2723 1100 2893 1153 πολλὰ
2938 1100 3201 1171 ζητήσας,
3250 1102 3405 1171 μόνον
3447 1103 3588 1154 αὑτὸν
3624 1101 3733 1174 εὖρον

2239 1191 2387 1259 ἄξιον
2421 1192 2528 1245 τῶν
2562 1192 2711 1262 ἐμῶν
2745 1191 3109 1260 ἐπαγγελιῶν,
3148 1194 3244 1245 καὶ
3285 1193 3456 1264 εὑρὼν
3494 1196 3735 1265 mergites:

2238 1282 2469 1354 κρίσεως
2512 1282 2606 1336 τοῦ
2649 1283 2806 1352 ἁγίου
2845 1301 2945 1354 μου
2985 1284 3191 1345 ἐλαίου,
3230 1285 3294 1337 δι’
3328 1279 3388 1337 οὗ
3439 1287 3525 1339 καὶ
3563 1289 3736 1357 Χριστὸν

2236 1376 2397 1430 αὐτὸν
2441 1377 2886 1448 ἀπειργασάμην,
2941 1377 3033 1428 καὶ
3075 1376 3250 1430 ταῦτα
3289 1376 3433 1447 αὐτῷ
3463 1377 3732 1448 δωρήσασθαι

2235 1468 2657 1538 ἐπαγγέλλομαι·
2702 1468 2761 1522 Ἡ
2780 1466 2947 1531 δεξιὰ
2965 1485 3086 1536 μου
3109 1469 3369 1533 βεϐαίως
3392 1469 3644 1522 συνέσται
3664 1474 3737 1522 αὺ-

2235 1556 2335 1625 tu"),
2388 1559 2486 1612 καὶ
2519 1562 2552 1612 ό
2575 1560 2849 1628 ,βραχίων
2892 1577 3014 1628 μου
3065 1557 3384 1626 στερεώσει
3430 1562 3610 1614 αὐτόν.
3651 1563 3733 1614 οὐκ

2232 1650 2599 1717 ἐξαπατήσει
2635 1653 2819 1705 αὑτὸν
2850 1649 3086 1719 ἐχθρὸς,
3114 1650 3256 1704 οὐδὲ
3282 1651 3406 1716 υίὸς
3435 1651 3637 1718 ἀδικίας
3664 1670 3736 1704 κα-

2232 1742 2411 1796 κώσει
2430 1743 2634 1797 αὑτόν.
2671 1742 2848 1796 Ἀλλὰ
2877 1740 2976 1794 καὶ
3007 1744 3298 1810 συγκόψω
3327 1742 3441 1796 ἀατὺ
3473 1741 3735 1812 ἔμπροσθεν

2232 1833 2420 1887 αὑτοῦ
2473 1831 2615 1898 τοὺς
2650 1831 2986 1901 μισοῦντας
3035 1833 3243 1895 αὑτὸν,
3296 1835 3395 1886 καὶ
3443 1836 3570 1901 τοὺς
3608 1853 3733 1888 κακο-

536 1929 633 1994 ’ῃει
661 1926 854 1992 ipsum.
899 1924 966 1979 Et
993 1923 1269 1978 concidam
1303 1942 1336 1978 a
1363 1925 1499 1993 facie
1523 1925 1688 1992 ipsius
1722 1925 1964 1978 inimicos
1993 1924 2123 1993 ejus,

2235 1924 2557 1990 ποιοῦντας
2583 1923 2771 1979 αὑτὸν
2802 1924 3066 1987 πατᾶξω·
3101 1927 3139 1992 ἡ
3171 1924 3239 1976 δὲ
3271 1926 3581 1992 ,βεϐαίωσις
3613 1928 3686 1979 καὶ
3709 1928 3733 1989 ἠ

548 2025 600 2070 et
628 2016 856 2071 odientes
878 2033 996 2070 eum
1027 2017 1083 2070 in
1123 2017 1301 2086 fugam
1339 2026 1660 2070 convertam.
1693 2014 1761 2068 Et
1789 2017 1982 2070 veritas
2014 2031 2123 2068 mea

2233 2013 2408 2083 χάρις
2446 2013 2565 2082 μοῦ
2611 2013 2905 2066 συνέσται
2944 2012 3121 2078 αὐτῷ.
3163 2014 3278 2066 Καὶ
3313 2015 3481 2069 ταῦτα
3523 2017 3606 2085 μὲν
3633 2018 3736 2085 αὐτῷ

549 2116 598 2160 et
631 2107 995 2162 misericordia
1027 2125 1144 2162 mea
1171 2125 1291 2162 cum
1325 2108 1470 2176 ipso;
1519 2123 1581 2162 ac
1613 2107 1830 2162 demum
1862 2117 1985 2178 post
2013 2107 2123 2161 haec

2233 2103 2409 2158 πάντα
2457 2103 2612 2156 ἔσται
2657 2103 2799 2156 κατὰ
2847 2103 2945 2175 τὴν
2987 2104 3080 2157 τοῦ
3134 2105 3432 2176 Συμμάχου
3485 2108 3731 2178 ἑρμηνείαν·

549 2200 753 2264 omnia,
783 2200 838 2254 in
872 2200 1078 2254 nomine
1110 2217 1220 2254 meo
1249 2199 1576 2254 exaltabttur
1616 2215 1780 2254 cornu
1813 2199 1950 2268 ejus.

2234 2196 2377 2250 κατὰ
2426 2195 2483 2250 δὲ
2531 2197 2657 2259 τοὺς
2718 2196 3116 2268 Ἐὁδομήκοντα
3139 2215 3152 2228 ·
3198 2199 3258 2254 Ἠ
3305 2200 3432 2268 χείρ
3465 2219 3590 2269 μου,
3627 2203 3736 2269 φησέ,

546 2295 1065 2363 ,συναντιλήψεται
1107 2295 1288 2360 αὐτῷ,
1329 2295 1424 2348 καὶ
1470 2297 1502 2348 ό
1529 2295 1802 2364 βραχίων
1827 2311 1947 2363 μου
1976 2293 2333 2362 κατισχύσει
2380 2291 2588 2346 αὐτόν.
2647 2293 2771 2344 Οὐκ
2815 2290 3114 2359 ὠφελήσει
3158 2292 3377 2361 ἐχθρὸς
3411 2293 3476 2346 ἐν
3507 2291 3733 2357 αὐτῷ,καὶ

547 2387 679 2452 υἱὸς
711 2386 964 2455 ἀνομίας
987 2388 1062 2440 οὑ
1081 2385 1340 2440 κακώσει
1367 2387 1574 2440 αὐτόν.
1600 2386 1710 2439 Καὶ
1739 2386 2028 2456 συγκόψω
2055 2383 2173 2439 ἀπὸ
2199 2382 2523 2451 προσώπου
2555 2381 2743 2436 αὑτοῦ
2783 2381 2923 2448 τοὺς
2961 2382 3214 2451 ἐχθροὺς
3252 2383 3464 2448 αὑτοῦ,
3507 2383 3592 2437 καὶ
3635 2383 3734 2446 τοὺς

544 2475 878 2547 μισοῦντας
910 2477 1098 2531 αὑτὸν
1115 2476 1513 2547 τροπώσομαι.
1537 2477 1647 2532 Καὶ
1680 2479 1720 2545 ’ή
1750 2476 1998 2541 ἀλήθειά
2019 2495 2138 2546 μου
2175 2474 2276 2528 καὶ
2303 2473 2368 2527 τὸ
2387 2473 2556 2542 ἔλεός
2575 2491 2696 2544 μου
2719 2474 2845 2543 μετ’
2881 2473 3088 2529 αὑτοῦ·
3123 2474 3220 2528 καὶ
3243 2475 3420 2542 τέλος
3443 2477 3578 2545 μετὰ
3601 2474 3734 2527 ταῦτα

547 2564 765 2629 πάντα,
798 2565 869 2620 ἐν
891 2564 970 2630 τῷ
999 2567 1244 2636 ὀνόματί
1269 2585 1388 2636 μου
1421 2566 1804 2636 ὑψωθήσεται
1835 2567 1899 2620 τὸ
1936 2566 2114 2635 κέρας
2138 2566 2346 2622 αὑτοῦ.

619 2682 733 2740 Hoc
771 2693 954 2741 autem
996 2699 1166 2740 cornu
1215 2686 1336 2756 ejus
1380 2701 1446 2741 ex
1494 2686 1614 2756 ipso
1654 2687 2020 2756 proditurum,
2069 2693 2124 2739 et

547 2778 814 2848 templum
844 2793 910 2832 ex
961 2779 1174 2833 semine
1198 2778 1374 2848 ipsius
1419 2778 1553 2832 mihi
1592 2778 1942 2834 excitandum
1988 2784 2073 2832 est
2107 2796 2120 2832 :

546 2870 835 2940 ipsumque
865 2884 1036 2924 cornu
1073 2869 1195 2939 ejus
1241 2870 1298 2924 in
1335 2870 1558 2924 nomine
1603 2886 1725 2926 meo
1755 2870 2121 2937 exaltabitur;

546 2962 770 3016 nomine
823 2963 1024 3032 quippe
1079 2969 1135 3016 ct
1200 2961 1562 3033 appellatione
1617 2977 1737 3016 mea
1787 2961 2119 3032 dignabitur.

546 3052 1094 3108 Denominationibus
1119 3052 1262 3108 enim
1305 3053 1442 3108 meis
1475 3051 1907 3122 nuncupabitur,
1942 3058 1996 3106 et
2025 3066 2123 3120 ap-

472 3218 483 3227 ἱ
540 3146 938 3215 'pellationibus
987 3159 1204 3216 quoque
1251 3143 1389 3199 meis
1436 3143 1578 3214 apud
1619 3159 1813 3198 omnes
1855 3141 2122 3197 exaltabi-

544 3244 657 3290 tur.
708 3235 1074 3302 Quamobrem
1123 3235 1377 3304 superius
1415 3233 1721 3298 dicebatur,
1756 3231 1856 3329 .Et
1883 3234 1940 3285 in
1970 3230 2123 3329 bene-
2152 3271 2194 3329 ο

467 3367 478 3371 -
539 3327 740 3394 placito
767 3337 858 3382 tuo
889 3326 1213 3382 exaltabitur
1253 3342 1417 3380 cornu
1449 3339 1708 3380 nostrum.
1753 3323 1858 3379 Sed
1889 3323 2124 3394 prophe-

545 3427 724 3472 tarum
757 3418 979 3488 quidem
1021 3419 1225 3474 chorus
1267 3419 1346 3473 sic
1386 3418 1637 3488 superius
1674 3416 1843 3471 Deum
1881 3416 2120 3487 alloque-

533 3507 729 3574 'batur,
780 3508 849 3562 Et
881 3509 937 3563 in
987 3509 1309 3580 beneplacito
1344 3519 1433 3564 tuo
1465 3507 1792 3564 exattabitur
1824 3522 1988 3561 cornu
2027 3523 2124 3560 no-

544 3611 755 3665 strum;
792 3601 904 3670 jam
951 3617 1083 3657 vero
1122 3602 1238 3672 ipse
1270 3600 1434 3666 Deus,
1459 3600 1731 3671 promissa
1766 3597 1953 3652 Davidi
1995 3597 2122 3654 data

537 3694 795 3759 'elTerens,
815 3703 1011 3749 caetera
1037 3697 1220 3749 omnia
1254 3695 1340 3750 his
1360 3695 1634 3766 obsignat,
1671 3693 1735 3748 In
1770 3692 1978 3746 nomine
2010 3707 2122 3746 meo

541 3784 869 3838 excitabitur
897 3802 1060 3841 cornu
1096 3787 1231 3857 ejus,
1268 3787 1548 3842 Christum
1581 3802 1648 3842 ex
1673 3801 1738 3840 eo
1776 3783 2120 3854 proditurum

544 3877 859 3948 signiﬁcans
881 3923 896 3946 ,
927 3881 1020 3950 qui
1052 3895 1170 3934 non
1192 3880 1353 3934 modo
1384 3879 1795 3951 prophetarum,
1831 3877 1924 3933 sed
1956 3876 2118 3930 etiam

542 3967 766 4026 Davidis
805 3985 976 4025 cornu
1020 3971 1380 4027 vocatur:de
1421 3986 1531 4042 quo
1580 3971 1682 4026 sub
1730 3979 1843 4024 haec
1884 3967 2117 4037 adjicit:

543 4090 615 4102 —--
635 4060 803 4117 Vens.
834 4061 1028 4117 26-9-9.
1059 4061 1128 4115 Et
1165 4078 1360 4130 ponam
1404 4063 1457 4117 in
1487 4063 1625 4116 mari
1658 4078 1870 4115 manum
1898 4061 2033 4128 ejus,
2071 4067 2120 4113 et

543 4153 597 4206 in
626 4153 934 4222 ﬂuminibus
963 4153 1234 4207 dexteram
1262 4153 1398 4222 ejus.
1436 4151 1557 4221 Ipse
1585 4152 1845 4206 invocabit
1875 4167 1975 4212 me,
2010 4149 2120 4202 Pa-

546 4252 624 4295 ter
656 4258 800 4296 meus
835 4259 889 4296 es
923 4253 999 4306 tu,
1031 4241 1174 4297 Deus
1210 4259 1353 4296 meus
1376 4253 1425 4296 et
1452 4251 1723 4311 susceptor
1748 4241 1938 4296 salutis
1968 4255 2115 4295 mete.

543 4331 615 4386 Et
645 4349 738 4404 ego
767 4335 1168 4404 primogenitum
1190 4349 1380 4402 ponam
1410 4332 1586 4395 illum,
1614 4333 1876 4386 excelsum
1901 4345 2010 4399 prte
2037 4347 2120 4385 re-

540 4422 691 4493 gibus
715 4431 890 4479 ειη-αι.
928 4422 996 4478 1η
1037 4435 1290 4479 trternum
1331 4423 1547 4478 servabo
1587 4423 1668 4477 illi
1701 4421 2118 4477 misericordiam

542 4529 736 4576 meam,
770 4521 819 4568 et
851 4523 1218 4568 testamentum
1251 4530 1421 4568 meum
1443 4513 1600 4583 ﬁdele
1620 4513 1738 4580 ipsi.
1771 4511 1828 4565 Si
1863 4513 1987 4582 quis
2021 4511 2120 4566 ho-

2303 2683 2475 2736 Τοῦτο
2505 2683 2563 2737 δέ
2593 2683 2654 2737 τὸ
2681 2682 2849 2755 κέρας
2881 2683 3046 2737 αὐτοῦ
3081 2681 3142 2736 τὸ
3177 2683 3375 2753 μέλλον
3402 2683 3459 2749 ἐξ
3485 2683 3625 2738 αὑτοῦ
3648 2699 3734 2754 προ-

2228 2775 2567 2838 ελεύσεσθαι,
2590 2776 2684 2830 καὶ
2709 2779 2738 2830 6
2763 2774 2898 2840 νεὼς
2927 2778 2957 2830 6
2984 2779 3048 2830 ἐκ
3072 2777 3389 2847 σπέρματος
3411 2778 3560 2831 αὐτοῦ
3583 2779 3735 2848 μέλλων

2233 2884 2323 2937 μοι
2357 2867 2885 2932 κατασκευάζεσθαι·
2925 2867 3062 2939 ὅπερ
3102 2867 3270 2939 κέρας
3311 2869 3474 2922 αὐτοῦ
3503 2871 3554 2923 ἐν
3575 2869 3635 2938 τῷ
3656 2869 3734 2921 6v}-

2233 2958 2361 3029 ματί
2397 2977 2498 3029 μου
2531 2958 2894 3030 ὑψωθήσεται·
2926 2958 3394 3032 καταξιωθήσεται
3425 2961 3527 3032 γὰρ
3545 2962 3621 3014 τοῦ
3641 2959 3734 3030 ἐμοῦ

2227 3049 2492 3119 ὀνόματος
2535 3051 2631 3102 καὶ
2677 3052 2777 3122 τῆς
2827 3053 2967 3124 ἐμῆς
3018 3055 3411 3126 προσηγορίας.
3468 3051 3733 3124 Χρημιιτίσει

2229 3139 2360 3208 γοῦν
2392 3141 2488 3194 καὶ
2517 3141 2653 3195 αὐτὸ
2676 3145 2788 3206 τοῖς
2817 3145 2970 3214 ἐμοῖς
3003 3151 3435 3217 χρηματισμοῖς,
3473 3147 3556 3199 καὶ
3576 3145 3646 3199 διὰ
3662 3144 3736 3196 τῶν

2228 3231 2378 3302 ἐμῶν
2407 3233 2792 3304 προσηγοριῶν
2818 3235 2968 3307 παρὰ
2993 3239 3106 3300 τοῖς
3134 3239 3302 3292 πᾶσιν
3329 3239 3654 3308 ὑψωθήσεται.
3673 3233 3734 3286 Διὸ

2233 3322 2327 3375 καὶ
2355 3323 2413 3375 ἐν
2442 3325 2556 3387 τοῖς
2588 3323 2900 3396 ἔμπροσθεν
2939 3325 3177 3395 ἐλέγετο,
3206 3328 3320 3382 Καὶ
3355 3329 3426 3382 ἐν
3460 3326 3534 3395 τῇ
3555 3325 3732 3388 eoacng

2230 3429 2347 3469 σου
2377 3415 2759 3485 ὑψωθήσεται
2792 3417 2858 3471 τὸ
2892 3417 3070 3486 κέρας
3107 3419 3297 3488 ήμῶν.
3338 3421 3473 3473 Ἀλλ’
3503 3423 3528 3473 6
3560 3420 3637 3488 μὲν
3661 3415 3731 3466 τῶν

2230 3508 2522 3578 προφητῶν
2555 3509 2710 3580 χορὸς
2752 3509 2889 3580 πρὸς
2930 3509 3024 3563 τὸν
3069 3510 3203 3564 Θεὸν
3243 3511 3508 3582 ἀνεφώνει
3541 3509 3734 3581 πρότερον

2228 3597 2421 3668 λέγων,
2455 3600 2564 3681 Καὶ
2579 3601 2649 3652 ἐν
2659 3599 2732 3667 τῇ
2751 3599 2996 3669 εὑὸοκίᾳ
3011 3616 3129 3656 σου
3145 3603 3522 3671 ὑψωθήσεται
3540 3601 3595 3654 τὸ
3609 3598 3733 3681 κέρας

2227 3686 2414 3757 ἡμῶν·
2447 3689 2608 3751 αὐτὸς
2638 3689 2695 3742 δὲ
2721 3688 2817 3742 νῦν
2848 3689 2876 3740 6
2911 3688 3043 3752 Θεὸς
3075 3688 3173 3752 τὰς
3201 3690 3528 3758 ἐπαγγελίας
3554 3684 3654 3754 περὶ
3669 3680 3732 3733 τοῦ

2228 3778 2390 3832 Δαυῒδ
2416 3779 2757 3850 ποιούμενος,
2785 3781 3200 3851 ἐπισφράγισμα
3234 3783 3452 3834 πάντων
3483 3775 3731 3850 προστίθησι

2228 3870 2322 3923 καὶ
2350 3871 2430 3935 τὸ,
2464 3872 2559 3923 Ἐν
2591 3869 2671 3936 τῷ
2700 3872 2944 3935 ὀνόματί
2974 3889 3095 3940 μου
3125 3873 3509 3942 ὑψωθήσεται
3532 3870 3586 3923 τὸ
3608 3866 3732 3934 τέρας

2226 3961 2432 4026 αὑτοῦ,
2461 3962 2550 4014 τὸν
2585 3961 2644 4027 ἐξ
2680 3964 2846 4017 αὑτοῦ
2888 3963 3353 4036 προελευσόμενον
3381 3962 3594 4034 Χριστὸν
3615 3954 3732 4026 δηλώ-

2229 4070 2346 4115 σας,
2381 4054 2550 4126 κέρας
2581 4055 2642 4108 οὐ
2689 4055 2849 4122 μόνον
2890 4057 2985 4109 καὶ
3011 4055 3330 4127 προφητῶν,
3358 4053 3490 4108 ἀλλὰ
3515 4052 3594 4106 καὶ
3616 4045 3729 4102 αὑτοῦ

2225 4146 2320 4200 τοῦ
2355 4146 2515 4200 Δαυῒδ
2542 4147 2954 4220 ὠνομασμένον·
2982 4148 3112 4218 περὶ
3136 4141 3196 4200 οὗ
3226 4148 3358 4216 ἐξῆς
3392 4147 3626 4213 ἐπιλέγει·
3657 4139 3728 4193 Καὶ

2227 4237 2487 4307 θήσομαι
2524 4239 2594 4292 ἐν
2633 4238 2914 4308 θαλάσσῃ
2964 4239 3132 4308 χεῖρα
3155 4239 3366 4300 αὑτοῦ,
3393 4238 3485 4293 καὶ
3513 4238 3574 4289 ἐν
3604 4245 3730 4286 πετα-

2220 4329 2356 4398 μοῖς
2384 4329 2591 4393 δεξιὰν
2621 4331 2828 4387 αὑτοῦ.
2872 4333 3055 4397 Αὐτὸς
3107 4330 3526 4385 ἑπικαλέσεταί
3551 4341 3631 4397 με·
3652 4326 3730 4377 Ila-

2224 4421 2334 4488 τήρ
2367 4438 2485 4490 μου
2526 4417 2586 4475 εἷ
2629 4421 2731 4486 σὺ,
2777 4423 2915 4489 Θεός
2957 4439 3078 4491 μου
3124 4423 3222 4475 καὶ
3271 4421 3625 4488 ἀντιλήπτωρ
3659 4411 3731 4477 ait

2223 4512 2519 4579 σωτηρίας
2535 4531 2672 4582 μου·
2710 4514 2870 4583 κάγὼ
2903 4516 3282 4582 πρωτότοκον
3311 4513 3556 4583 θήσομαι
3579 4507 3731 4563 αὑτὸν.

533 4614 664 4658 rutn
689 4607 1013 4661 sententiam
1041 4606 1354 4662 accuratius
1392 4603 1712 4677 perpendat,
1750 4603 1864 4658 haec
1903 4618 2012 4656 non
2051 4603 2118 4658 de

2227 4604 2470 4672 ὑψηλὸν
2499 4605 2658 4672 παρὰ
2704 4605 2828 4671 τοῖς
2871 4605 3204 4670 βασιλεῦσι
3242 4605 3355 4674 τῆς
3396 4605 3522 4676 τῆς.
3554 4604 3640 4666 Εις
3660 4597 3732 4650 τὸν

541 4693 771 4759 Davide,
803 4697 898 4752 sed
929 4697 996 4752 de
1024 4712 1218 4760 cornu,
1257 4698 1402 4768 quod
1435 4712 1500 4752 ex
1539 4696 1744 4751 Davide
1773 4696 2115 4766 proditurum

541 4795 682 4852 erat,
703 4791 1068 4857 pra-nuntiata
1092 4805 1215 4845 esse
1233 4789 1619 4860 deprehendet.
1647 4785 1782 4841 Nam
1801 4803 1925 4842 cum
1943 4787 2121 4842 dixis-

544 4886 648 4944 set,
693 4878 759 4931 Et
791 4880 845 4933 in
899 4881 1107 4935 nomine
1148 4897 1260 4936 meo
1303 4881 1632 4935 exaltabitur
1673 4895 1836 4934 cornu
1877 4879 2012 4948 ejus,
2051 4879 2118 4933 de

545 4978 717 5018 cornu
750 4966 842 5019 illo
865 4966 1046 5021 statim
1083 4969 1388 5037 subjunxit,
1419 4969 1623 5022 Ponam
1647 4970 1702 5023 in
1735 4970 1874 5022 mari
1901 4985 2116 5023 manum

542 5053 680 5122 ejus,
705 5055 914 5111 scilicet
941 5073 1112 5112 cornu
1145 5059 1312 5119 illius,
1349 5065 1402 5112 et
1426 5067 1620 5112 caetera
1654 5077 1666 5112 :
1691 5073 1811 5127 quae
1835 5057 2019 5111 omnia
2046 5056 2114 5110 ad

544 5145 821 5200 Christum
853 5163 918 5202 ex
953 5149 1160 5204 semine
1191 5148 1359 5203 David
1382 5149 1720 5203 nasciturum
1753 5147 1957 5203 referre
1983 5162 2117 5201 con-

547 5236 711 5290 venit.
756 5235 888 5292 Nnm
924 5239 971 5293 si
1003 5239 1126 5308 quis
1160 5237 1349 5293 isthaec
1380 5253 1490 5291 non
1535 5252 1602 5291 eo
1635 5237 1798 5292 modo
1828 5237 2114 5306 intelligat,

545 5327 642 5382 sed
678 5327 746 5382 ad
779 5327 1036 5389 Dawdem
1075 5327 1294 5390 referat,
1339 5329 1514 5396 ipsius
1541 5343 1674 5383 sane
1704 5329 1974 5383 sententia
2005 5344 2115 5382 non

545 5419 850 5475 consistet:
883 5420 1158 5491 quomodo
1190 5419 1333 5474 enim
1372 5417 1514 5474 Deus
1543 5418 1765 5474 Davitlis
1798 5435 2019 5474 manum
2063 5421 2116 5474 in

541 5514 684 5567 mari
715 5514 961 5582 posuerit
989 5524 1043 5568 et
1083 5513 1138 5566 in
1184 5511 1503 5567 ﬂuminibus
1530 5512 1809 5566 dexteram
1843 5512 1987 5581 ejus,
2019 5527 2118 5566 ex-

545 5601 711 5670 plicet
738 5601 834 5671 qui
861 5601 1113 5656 voluerit.
1142 5599 1326 5671 Neque
1355 5601 1500 5656 enim
1529 5601 1696 5655 David
1724 5603 2012 5656 maritimae
2041 5617 2122 5656 re-

529 5694 691 5763 ‘gioni
732 5694 1038 5763 imperavit.
1089 5694 1197 5749 Aut
1233 5710 1332 5748 cur
1362 5693 1431 5748 de
1476 5692 1678 5747 Davide
1715 5693 1951 5757 dicatur,
2001 5692 2120 5762 Ipse

544 5783 805 5839 irwocabit
836 5802 935 5848 me,
986 5786 1148 5841 Pater
1183 5803 1326 5841 meus
1369 5803 1421 5841 es
1463 5795 1631 5839 tu:et
1671 5802 1764 5856 ego
1795 5787 2120 5858 primogeni-

548 5884 655 5929 tum
671 5889 867 5943 ponant
901 5879 1096 5934 illum?
1127 5878 1242 5945 Qua
1267 5878 1332 5933 de
1357 5895 1518 5934 causa
1544 5877 1689 5932 enim
1723 5877 1926 5949 potius,
1956 5894 2118 5950 quam

2220 4694 2406 4748 αἰῶνα
2427 4695 2676 4764 φυλάξω
2699 4696 2862 4762 αὑτῷ
2893 4697 2960 4750 τὸ
2982 4697 3155 4762 ἔλεός
3176 4715 3319 4766 μου,
3349 4699 3446 4751 καὶ
3477 4696 3512 4762 ή
3537 4690 3731 4756 Διαθήκη

2213 4803 2333 4854 μου
2367 4785 2553 4855 πιστὴ
2592 4786 2772 4853 αὐτῷ.
2804 4787 2872 4842 Εἴ
2894 4805 2978 4852 τις
3007 4787 3250 4861 ἀκριϐῶς
3271 4789 3568 4858 ἐπιστήσειε
3585 4785 3639 4852 τῇ
3653 4777 3731 4830 τῶν

2217 4876 2524 4948 λεγομένων
2568 4879 2796 4950 διανοίᾳ,
2855 4879 3004 4950 εὖροι
3055 4879 3120 4933 ἂν
3174 4880 3352 4934 ταῦτα
3403 4880 3462 4932 οὐ
3516 4875 3624 4946 περὶ
3667 4866 3731 4921 τοῦ

2218 4965 2402 5030 Δαυῖδ,
2429 4967 2563 5020 ἀλλὰ
2588 4970 2716 5039 περὶ
2748 4967 2842 5021 τοῦ
2872 4969 3334 5041 προελευσομὲνου
3356 4970 3413 5036 ἐξ
3431 4965 3581 5021 αὐτοῦ
3605 4963 3731 5029 κέρως

2223 5059 2689 5130 προφητευόιιενα·
2726 5059 2908 5112 Εἰπὼν
2938 5060 3046 5133 γὰρ
3071 5062 3098 5113 ὁ
3123 5060 3296 5130 λόγος,
3322 5061 3430 5114 Καὶ
3459 5060 3524 5112 ἐν
3551 5054 3617 5120 τῷ
3638 5051 3732 5104 ὀνό-

2218 5148 2362 5215 ματι
2416 5165 2534 5216 μου
2582 5149 2963 5217 ὑψωθήσεται
3007 5150 3073 5203 τὸ
3116 5151 3296 5219 κέρας
3340 5150 3536 5211 αὑτοῦ,
3566 5149 3731 5200 ἐπισυν-

2226 5238 2385 5292 άπτει
2414 5241 2541 5309 περὶ
2590 5240 2682 5293 τοῦ
2725 5241 2920 5312 κέρως,
2957 5242 3050 5295 καὶ
3092 5242 3258 5310 λέγει·
3295 5241 3550 5310 ϐήσομαι
3574 5238 3631 5289 ἐν
3658 5234 3730 5285 θα·

2222 5328 2429 5398 λὰσσῃ
2470 5330 2634 5398 χεῖρα
2660 5333 2869 5395 αὑτοῦ,
2900 5333 3057 5403 δῆλον
3080 5334 3123 5386 δ’
3155 5337 3238 5387 ὅτι
3267 5333 3360 5386 τοῦ
3383 5333 3566 5403 κέρως,
3598 5319 3728 5378 καὶτά

2225 5419 2370 5492 ἑξῆς·
2394 5423 2488 5475 καὶ
2510 5422 2736 5492 ἁρμόζει
2761 5439 2825 5491 γε
2846 5423 3095 5476 ἐντεῦθεν
3127 5434 3302 5477 nauta
3329 5422 3420 5476 ἐπὶ
3446 5421 3528 5474 τὸν
3549 5407 3728 5486 Χριστὸν

2224 5513 2315 5567 τὸν
2348 5514 2412 5566 ἐκ
2457 5515 2767 5586 σπέρματος
2808 5514 2974 5570 Δαυῖδ
3012 5517 3372 5588 γενησόμενον
3404 5503 3725 5580 ἀναφέρεσθαι-

2226 5605 2288 5658 Εἰ
2318 5604 2450 5674 γοῦν
2479 5623 2561 5670 τις
2595 5607 2669 5678 μὴ
2695 5605 2884 5660 τοῦτον
2918 5607 3134 5662 ἐκλάὸοι
3163 5607 3254 5661 τὸν
3287 5607 3498 5678 τρόπον,
3660 5590 3728 5645 ἐπὶ

2188 5736 2190 5740 τ
2225 5695 2315 5749 τὸν
2347 5697 2510 5751 Δαυῒδ
2544 5698 2732 5766 ἀγάγοι
2770 5698 2840 5751 τὰ
2884 5699 3238 5770 προκείμενα,
3271 5698 3552 5754 ἀσύστατος
3582 5686 3651 5753 εἴη
3679 5679 3728 5733 ὃν

2227 5788 2376 5859 αὐτῷ
2402 5791 2430 5843 6
2457 5789 2634 5858 λόγος.
2669 5790 2790 5855 Πῶς
2815 5791 2921 5862 γὰρ
2951 5792 3044 5844 τοῦ
3065 5791 3226 5845 Δαυῖδ
3251 5793 3306 5844 ἐν
3333 5788 3557 5854 θαλάσσῃ
3585 5775 3725 5838 ἔταξεν

2228 5883 2254 5934 6
2285 5881 2415 5945 Θεὸς
2442 5881 2536 5954 τὴν
2573 5886 2728 5954 χεῖρα
2758 5886 2849 5938 καὶ
2877 5884 2934 5937 ἐν
2971 5887 3231 5956 ποταμοῖς
3259 5885 3350 5955 τὴν
3381 5878 3562 5946 δεξιάν.
3587 5873 3613 5924 δ
3636 5868 3724 5938 βω·
