3974 6530
284 269 423 325 1109

1303 258 1833 316 .COMMENTARIA
1867 257 1931 310 IN
1964 254 2297 312 PSALMOS.

3380 247 3518 316 tuo

280 388 416 453 χήν·
452 378 589 435 ἀλλά
635 379 730 432 καὶ
778 376 870 430 τοῦ
887 375 1067 444 Ἀγίου
1099 375 1190 428 τοῦ
1223 376 1358 428 Θεοῦ
1404 376 1496 428 τοῦ
1533 372 1844 446 μονογενοῦς

1957 373 2188 434 hilitum,
2220 371 2514 438 orbemque
2545 377 2712 422 totum
2735 365 3050 436 implentem
3076 363 3339 423 videmus.
3366 361 3525 434 Quod

279 471 444 526 αὑτοῦ
467 471 638 538 Λόγου
666 469 728 521 τὸ
753 467 1087 536 καταϐληθὲν
1117 467 1206 518 ἐπὶ
1230 467 1331 536 γῆς
1353 465 1600 537 οὐράνιον
1634 465 1852 535 σπέρμα

279 563 378 632 τῆς
406 558 763 628 εὐαγγελικῆς
777 555 1122 618 διδασκαλίας
1142 553 1465 618 διαιωνίζον·
1502 555 1560 607 οῦ
1589 555 1694 624 μὴν
1718 551 1851 606 ἀλλὰ

280 651 378 704 καὶ
430 648 552 703 καθ’
597 649 723 718 ὅλης
748 647 849 716 τῆς
885 645 1186 718 ἀνθρώπων
1223 645 1566 716 οἰκουμένης,
1598 646 1654 698 ἐν
1687 647 1853 697 πᾶσιν

281 743 481 806 ἔθνεσι,
519 739 700 794 πόλεσί
725 757 783 792 τε
812 740 905 792 καὶ⁴
943 737 1157 809 κώμαις
1180 739 1272 791 καὶ
1297 736 1498 809 χώραις
1527 737 1742 810 ὁρῶμεν
1763 737 1853 790 τὸν

281 834 341 885 ἐν
368 835 436 903 τῇ
495 830 790 901 Ἐκκλησία
820 827 982 883 αὐτοῦ
1013 826 1292 898 ἱδρυμένον
1325 826 1511 898 θρόνον
1546 826 1852 898 πληροῦντα

279 923 375 975 τὸν
404 922 690 993 σύμπαντα
721 920 941 990 κόσμον.
972 920 1032 971 Εἰ
1058 918 1115 971 δέ
1137 935 1219 979 τις
1250 917 1323 989 μὴ
1354 917 1544 981 οὕτως,
1568 916 1701 970 ἀλλά
1726 917 1853 969 Ἰου-

278 1012 486 1075 δαῖκῶς
515 1011 730 1064 ἐκλὰὅοι
767 1010 854 1062 τὸν
879 1008 1087 1078 θρόνον,
1119 1007 1216 1080 τὴν
1246 1007 1558 1078 σωματικὴν
1582 1004 1854 1076 βασιλείαν

280 1103 376 1155 ’τοῦ
410 1101 572 1154 Δαυῒδ
599 1100 852 1169 λέγεσθαι
905 1095 1160 1169 νομίζων,
1188 1097 1400 1168 ψευδεῖς
1439 1096 1853 1168 ἐλεγχθήσονται

279 1193 339 1244 αἰ
371 1193 714 1263 προφητεῖαι.
752 1189 906 1243 Μετά
937 1189 1045 1259 γὰρ
1093 1189 1190 1259 τὴν
1225 1190 1304 1250 εἰς
1330 1187 1620 1240 Βαϐυλῶνα
1651 1187 1853 1258 αἰχμα-

281 1283 479 1336 λωσίαν
529 1281 621 1335 τοῦ
656 1281 924 1335 Ἰουδαίων
971 1280 1172 1342 ἔθνους,
1210 1279 1381 1342 οὐδεὶς
1416 1280 1495 1343 είς
1533 1279 1626 1331 τὸν
1668 1278 1854 1350 θρόνον

276 1373 549 1445 ἑκαθέσθη
601 1373 764 1426 Δαυῖδ
785 1389 799 1402 ·
837 1371 896 1436 ἐξ
938 1371 1143 1424 ἐκείνου
1168 1369 1224 1422 δέ
1257 1371 1350 1422 καλ.
1379 1370 1458 1432 εἰς
1482 1369 1658 1441 δεῦρο,
1690 1368 1855 1438 ἐγγύς

281 1483 381 1518 που
412 1464 506 1535 ἐτη
532 1464 787 1535 τυγχάνει
820 1464 985 1534 χίλια,
1006 1462 1063 1526 ἐξ
1084 1456 1164 1523 οῦ,
1192 1460 1612 1532 καθαιρεθείσης
1632 1460 1731 1531 τῆς
1762 1462 1854 1531 βα-

277 1557 484 1620 σιλείας
525 1555 710 1620 αὐτοῦ,
751 1555 846 1608 καὶ
869 1555 967 1624 τῆς
994 1553 1239 1624 διαδοχῆς
1272 1551 1434 1605 αὐτοῦ
1475 1551 1852 1622 παυσαμένης,

276 1646 466 1699 λέλυτο
491 1646 585 1700 τοῦ
614 1644 776 1698 Δαυῖδ
807 1646 836 1698 6
871 1644 1074 1717 θρόνος.
1109 1643 1197 1696 Διὸ
1228 1643 1291 1715 δὴ
1341 1641 1406 1695 τὰ
1431 1641 1558 1712 ἑξῆς
1595 1641 1687 1694 τοῦ
1721 1641 1854 1710 ψαλ-

1952 463 2155 532 siquis
2205 477 2311 516 non
2365 461 2468 516 hac
2518 460 2746 520 ratione,
2778 458 2872 513 sed
2925 457 3152 512 Judaico
3196 470 3343 510 more
3372 455 3525 508 thro-

1954 569 2081 607 num
2115 553 2370 623 accipiat,
2403 559 2556 607 ratus
2588 563 2912 620 corporeum
2943 547 3163 602 Davidis
3193 561 3417 616 regnum
3450 546 3524 599 ita

1952 644 2159 708 vocari,
2187 645 2334 698 falsae
2368 641 2844 712 deprchendemur
2883 639 3199 710 prophetiae.
3231 636 3364 692 Nam
3400 645 3525 708 post

1950 735 2188 791 Iudaicae
2222 737 2403 804 gentis
2442 736 2495 788 in
2535 733 2808 805 Babylone
2850 731 3241 800 captivitatem,
3271 744 3430 784 nemo
3471 729 3526 782 in

1954 828 2151 881 throno
2193 824 2412 880 Davidis
2464 823 2602 879 sedit
2652 842 2665 878 :
2705 821 2799 878 sed
2851 838 2914 878 ex
2964 822 3056 875 illo
3094 820 3162 874 ad
3199 821 3303 875 hoc
3351 834 3527 889 usque

1954 927 2168 988 tempus
2215 917 2341 971 anui
2401 924 2530 971 sunt
2590 915 2810 970 circiter
2865 914 3030 977 mille,
3065 928 3095 966 a
3124 927 3233 983 quo
3262 920 3524 982 tempore,

1953 1012 2071 1080 ejus
2087 1011 2370 1066 destructo
2392 1025 2580 1081 regno,
2598 1025 2661 1064 ac
2684 1009 2858 1079 ipsius
2881 1007 3233 1063 successione
3253 1012 3524 1064 cessante.

1954 1101 2175 1158 Davidis
2227 1103 2461 1156 thronus
2525 1102 2736 1156 solutus
2792 1107 2896 1156 est.
2928 1099 3293 1166 Quamobrem
3347 1106 3530 1168 poste-

1955 1192 2100 1246 riora
2149 1192 2343 1261 psalmi
2393 1191 2538 1246 dicta
2576 1191 2688 1246 haec
2730 1192 2848 1262 ipsa
2895 1191 3203 1260 deplorant,
3237 1198 3530 1258 aperteque

1954 1283 2198 1354 corporei
2231 1291 2284 1338 et
2310 1284 2609 1339 materialis
2643 1283 2826 1338 throni
2858 1284 3072 1337 ruinam
3105 1281 3431 1353 signiﬁcant,
3465 1295 3533 1334 ac

1953 1373 2232 1428 declarant
2263 1375 2551 1445 promissis
2575 1375 2848 1429 contraria
2869 1375 3156 1436 accidisse,
3181 1380 3441 1444 quantum
3461 1371 3529 1426 ad

1954 1465 2268 1521 sensibilem
2316 1467 2573 1520 thronum
2627 1474 2679 1521 et
2733 1481 3052 1536 corpoream
3106 1464 3257 1536 regni
3309 1462 3539 1523 Daridis

1955 1555 2360 1611 successionem
2386 1556 2636 1626 pertinet.
2678 1555 2809 1621 Quae.
2835 1570 2966 1612 sane
2994 1570 3100 1609 non
3128 1554 3345 1609 silentio
3365 1553 3526 1615 mitti,

1955 1645 2050 1701 sed
2103 1646 2157 1700 iu
2205 1647 2489 1717 prophetia
2546 1647 2614 1702 de
2652 1645 2868 1702 Christo
2915 1647 3207 1700 memorari
3253 1644 3530 1715 oportuit;

278 1737 383 1808 μοῦ
431 1739 566 1793 αὐτὰ
614 1738 786 1792 ταῦτα
814 1736 1164 1808 ἀποδύρεται,
1214 1736 1397 1804 σαφῶς
1422 1734 1515 1787 τοῦ
1545 1733 1844 1805 σωματικοῦ

1955 1746 2015 1790 ut
2044 1736 2374 1798 ediscamus.
2409 1738 2646 1792 instante
2675 1753 2858 1791 rerum
2891 1737 2944 1790 in
2973 1736 3233 1791 vaticinio
3259 1750 3533 1790 memora-

266 1831 466 1902 θρόνου
512 1831 609 1902 τὴν
652 1829 1032 1900 καταστροφὴν
1079 1828 1426 1902 σημαίνοντα,
1457 1827 1551 1882 καὶ
1589 1827 1846 1882 τάναντία

273 1923 625 1994 ’παριστῶντα
665 1921 1069 1993 συμϐεϐηκέναι
1118 1924 1236 1983 ταῖς
1286 1919 1677 1989 ἐπαγγελίαις,
1725 1919 1846 1972 ὅσον

268 2014 368 2066 ἐπὶ
389 2013 466 2084 τῷ
491 2013 732 2084 αἰσθητῷ
761 2012 934 2084 θρόνῳ
963 2013 1055 2065 καὶ
1095 2014 1160 2082 τῇ
1193 2013 1474 2082 σωματικῇ
1509 2009 1722 2079 διαδοχῇ
1749 2009 1845 2080 τῆς

271 2102 366 2154 τοῦ
383 2101 542 2156 Aut/£6
572 2102 866 2173 βασιλείας·
901 2100 936 2154 ἆ
965 2101 1030 2172 δὴ
1056 2102 1148 2155 καὶ
1162 2101 1299 2154 αὐτὰ
1317 2101 1482 2172 ἐχρῆν
1503 2100 1576 2171 μὴ
1609 2101 1844 2152 ἀποσιω-

1951 1835 2128 1882 tarum
2173 1838 2436 1898 tempore,
2469 1827 2810 1883 sensibilium
2846 1827 3086 1888 illorum,
3116 1825 3184 1880 de
3211 1824 3410 1896 quibus
3442 1825 3530 1893 agi

1952 1925 2142 1987 putant
2179 1916 2382 1978 Judzei.
2415 1919 2742 1973 solutionem
2787 1916 3024 1970 futuram
3056 1932 3206 1981 esse;
3240 1916 3347 1971 alia
3377 1930 3526 1976 vero.

1951 2025 2073 2080 quas
2118 2009 2302 2063 divino
2345 2025 2497 2064 more
2553 2009 2955 2080 intelliguntur,
2996 2007 3089 2063 Dei
3147 2009 3529 2078 promissionis

1951 2099 2343 2170 complementa
2374 2110 2428 2155 et
2451 2102 2983 2156 consummationem
3016 2100 3151 2155 fore.

271 2195 532 2266 πηθῆναι,
571 2196 879 2265 ἀναγκαίως
903 2196 958 2267 δέ
988 2196 1044 2249 ἐν
1080 2197 1145 2265 τῇ
1172 2195 1299 2266 περὶ
1331 2194 1426 2247 τοῦ
1455 2191 1691 2264 Χριστοῦ
1719 2192 2018 2263 προφητεία
2049 2192 2472 2266 παραληφθῆναι
2497 2209 2511 2224 ο
2546 2192 2622 2256 ὡς
2672 2193 2739 2246 ἂν
2790 2192 3075 2264 μάθοιμεν,
3119 2192 3221 2254 ὅτι,
3262 2188 3356 2243 τοῦ
3410 2205 3530 2242 και-

272 2284 370 2356 ροῦ
397 2286 506 2339 τῶν
563 2287 1053 2360 προφητευομένων
1103 2286 1442 2349 ἐπιστάντος,
1485 2285 1593 2338 τῶν
1641 2286 1739 2356 μὲν
1771 2284 2051 2356 αἰσθητῶν
2094 2284 2246 2357 παρὰ
2306 2285 2575 2339 Ἰουδαίων
2627 2285 2997 2356 νομιζομένων
3053 2281 3328 2345 παντελῶς
3376 2281 3529 2337 ἔσται

261 2377 440 2440 λύσις,
476 2377 676 2448 ἐτέρων
698 2377 753 2430 δὲ
787 2376 1104 2449 θεοπρεπῶς
1141 2376 1446 2448 νοουμένων
1474 2374 1930 2446 ἀποτελεσμάτων
1950 2375 2050 2444 τῆς
2089 2373 2184 2426 τοῦ
2219 2373 2352 2426 Θεοῦ
2380 2373 2713 2443 ἐπαγγελίας
2739 2373 3155 2444 συμπλήρωσις.

341 2489 424 2543 Σὺ
474 2489 544 2543 δὲ
605 2490 826 2544 ἀπώσω
881 2491 976 2544 καὶ
1031 2489 1473 2556 ἐξουδένωσας,
1547 2489 1843 2547 ι’ίνεϐἁλου

265 2581 376 2634 τόν
428 2583 687 2649 Χριστόν
735 2598 872 2635 σου.
936 2581 1356 2649 Κατέστρεψας
1406 2581 1520 2650 τὴν
1551 2580 1845 2649 διαθήκην

267 2669 375 2723 τοῦ
414 2669 638 2725 δούλου
695 2689 834 2736 σου,
890 2670 1270 2739 ἐϐεϐήλωσας
1319 2675 1408 2739 εἰς
1451 2672 1567 2740 τὴν
1612 2672 1729 2742 γῆν
1777 2677 1842 2728 τὸ

256 2764 530 2832 ἁγίασμα
592 2764 808 2818 αὐτοῦ·
878 2764 1152 2830 καθεῖλες
1218 2764 1450 2830 πάντας
1503 2765 1644 2832 τοὺς
1693 2783 1841 2834 φρα-

265 2855 455 2923 γμοὺς
505 2856 732 2921 αὐτοῦ,
783 2856 923 2910 ἐθου
981 2856 1052 2910 τὰ
1102 2855 1451 2925 ὀχυρώματα
1495 2856 1679 2911 αὐτοῦ
1720 2856 1839 2910 δει-

263 2948 427 3000 λίαν.
492 2946 820 3015 Διήρπαζον
891 2948 1079 3001 αὐτόν
1149 2947 1372 3013 πάντες
1441 2950 1495 3001 οἰ
1570 2963 1841 3016 παραπο-

254 3036 572 3104 ρευόμενοι
618 3035 794 3090 ὀδόν·
838 3036 1090 3106 ἐγενήθη
1144 3035 1374 3102 ὄνειδος
1409 3037 1533 3103 τοῖς
1581 3039 1844 3106 γείτοσιν

254 3125 475 3180 αὑτοῦ.
531 3127 810 3193 Ὕψωσας
861 3125 975 3195 τὴν
1011 3124 1218 3190 δεξιὰν
1247 3123 1364 3178 τῶν
1390 3126 1712 3178 θλιϐόντων
1740 3127 1845 3178 αὑ-

263 3217 394 3281 τὸν,
420 3217 723 3287 εὔφρανας
753 3217 982 3283 πάντας
1003 3216 1143 3283 τοὺς
1179 3216 1430 3286 ἐχθροὺς
1465 3216 1670 3271 αὑτοῦ.
1718 3217 1844 3271 Ἀπ-

252 3310 566 3379 ιὲστρεψας
614 3310 729 3379 τὴν
772 3308 1062 3378 ,βοήθειαν
1122 3307 1580 3378 τῆς.ρομφαῖας
1621 3308 1840 3373 αὑτοῦ,

257 3403 365 3458 καὶ
396 3405 506 3457 οὐκ
567 3401 899 3458 cit-78.16601)
950 3401 1137 3456 αὑτοῦ
1169 3402 1238 3454 ἐν
1281 3399 1360 3467 τῷ
1403 3400 1663 3471 πολέμῳ.
1699 3405 1845 3456 Κατ-

259 3495 493 3562 έλυσας
563 3496 680 3549 ἀπὸ
737 3492 1102 3564 καθαρισμοῦ
1167 3493 1382 3557 αὑτὸν,
1445 3492 1554 3546 τὸν
1630 3493 1846 3560 θρόνον

264 3586 452 3642 αὐτοῦ
483 3588 568 3653 εἰς
595 3585 711 3656 γῆν
734 3583 1128 3654 κατέρῤαξας·
1165 3583 1534 3652 ἑσμίκρυνας
1560 3582 1668 3650 τὰς
1706 3583 1845 3652 ἠμέ-

254 3698 377 3750 ρας
406 3679 510 3734 τοῦ
537 3681 756 3749 χρόνου
782 3677 987 3742 αὑτοῦ,
1019 3675 1302 3758 κατέχεας
1331 3675 1490 3742 αὐτῷ
1517 3677 1838 3744 αἰσχύνην·

267 3772 604 3841 Διὰψαλμα.
694 3769 1085 3824 ’Ᾱποδέδεικται
1109 3767 1279 3821 ταῦτα
1311 3769 1377 3839 τῇ
1421 3766 1845 3838 σωματικωτέρα

267 3864 362 3918 τοῦ
398 3863 560 3916 Δαυῖδ
590 3863 805 3934 διαδοχῇ
837 3861 930 3915 καὶ
961 3863 1024 3932 τῇ
1056 3861 1338 3931 σωματικῇ
1371 3858 1532 3912 αὐτοῦ
1573 3858 1840 3930 βασιλεία,

267 3954 390 4022 ἥτις
427 3951 700 4025 καθῃρέθη
742 3949 881 4004 κατά
927 3949 1050 4011 τοὺς
1080 3949 1302 4020 χρόνους
1325 3949 1422 4020 τῆς
1445 3950 1523 4010 εἰς
1555 3946 1844 4000 Βαϐυλῶνα

268 4043 642 4114 αἰχμαλωσίας
669 4042 762 4096 τοῦ
795 4041 1060 4095 Ἰουδαίων
1085 4039 1233 4093 λαοῦ.
1281 4039 1369 4104 ἘΞ
1396 4040 1600 4094 ἐκείνου
1622 4039 1730 4110 γὰρ
1752 4039 1844 4092 καὶ

265 4135 294 4186 6
330 4131 578 4204 Χριστὸς,
611 4132 884 4184 τουτέστιν
915 4132 943 4182 6
973 4130 1229 4202 αἰσθητὸς
1262 4130 1530 4201 βασιλεὺς,
1557 4131 1585 4182 6
1619 4131 1726 4183 ἀπὸ
1753 4130 1846 4199 γέ-

267 4241 390 4288 νους
416 4223 578 4278 Δαυίδ
603 4222 925 4289 διαλέλοιπε,
961 4225 1054 4279 καὶ
1074 4227 1102 4278 6
1128 4223 1312 4296 θρόνος
1331 4222 1430 4292 τῆς
1453 4221 1726 4292 βασιλείας
1749 4223 1844 4276 αῦ-

2027 2489 2188 2544 VEns.
2216 2489 2403 2544 59-46.
2435 2488 2510 2542 Tu
2544 2505 2661 2542 vero
2689 2488 2934 2558 repulisti
2973 2497 3022 2540 et
3051 2486 3355 2556 dcspexisti,
3384 2487 3528 2556 obje-

1950 2581 2070 2636 cisti
2099 2579 2370 2636 Christum
2398 2591 2566 2636 tuum.
2590 2581 2843 2636 Evertisti
2875 2590 3244 2636 testamentum
3267 2582 3402 2636 servi
3428 2584 3526 2649 tui,

1945 2673 2246 2742 profanasti
2271 2674 2326 2726 in
2355 2683 2497 2727 terra
2525 2675 2890 2728 sanctuarium
2907 2674 3021 2743 ejus
3044 2687 3061 2725 :
3083 2673 3395 2727 destruxisti
3415 2690 3528 2726 om-

1947 2781 2036 2819 nes
2069 2781 2212 2835 sepes
2237 2766 2372 2834 ejus,
2399 2765 2624 2834 posuisti
2663 2766 2988 2819 munimenta
3023 2764 3136 2833 ejus
3164 2763 3522 2831 formidinem.

1947 2854 2291 2925 Diripuerunt
2331 2874 2448 2911 eum
2481 2873 2656 2911 omnes
2687 2865 3016 2911 transeuntes
3043 2857 3181 2910 viam
3207 2856 3420 2924 :factus
3448 2863 3527 2908 est

1948 2946 2280 3014 opprobrium
2327 2948 2513 3000 vicinis
2561 2945 2990 3001 suis.Exaltasti
3028 2945 3300 3000 dexterum
3359 2945 3527 2998 tribu-

1947 3038 2171 3090 lantium
2192 3053 2330 3099 eum,
2355 3038 2641 3107 laeti/icain
2659 3054 2833 3091 omnes
2857 3039 3098 3092 inimicos
3125 3039 3258 3107 ejus.
3277 3037 3528 3091 Avertistl

1945 3128 2270 3198 adjutorium
2298 3129 2468 3200 gladii
2484 3130 2620 3200 ejus.
2641 3140 2690 3184 et
2711 3147 2815 3183 non
2829 3147 2882 3184 es
2906 3130 3202 3184 auxiliatus
3224 3131 3270 3184 ei
3288 3131 3342 3183 in
3367 3129 3523 3185 bello.

1946 3221 2164 3275 Solvisti
2190 3239 2306 3275 eum
2338 3223 2402 3275 ab
2439 3223 2808 3278 entundatione
2836 3263 2851 3287 ,
2890 3222 3133 3277 thronum
3162 3222 3275 3292 ejus
3318 3223 3374 3280 in
3417 3231 3525 3276 εει-σ-

1945 3329 2062 3366 ram
2114 3313 2448 3385 confregisti.
2489 3313 2771 3369 Minorasti
2799 3315 2910 3369 dies
2957 3315 3205 3384 temporis
3234 3314 3373 3384 ejus,
3403 3331 3524 3386 per-

1945 3403 2135 3472 fudisti
2155 3421 2272 3459 enm
2296 3406 2622 3475 confusione.
2648 3406 2981 3476 Diapsalma.
3008 3405 3134 3462 Haec
3163 3407 3231 3462 de
3257 3405 3524 3478 corporea

1945 3494 2168 3551 Davidis
2203 3498 2593 3560 successione,
2641 3506 2694 3551 et
2745 3497 2813 3552 de
2858 3511 3026 3567 regno
3072 3497 3194 3565 ejus
3249 3497 3520 3560 sensibili,

1945 3587 2088 3658 quod
2136 3595 2380 3657 tempore
2425 3589 2672 3643 abducta:
2718 3588 3028 3644 Iudaeorum
3090 3590 3144 3643 in
3189 3588 3520 3660 Babylonem

1945 3677 2278 3748 captivitatis
2318 3677 2656 3733 destructum
2701 3679 2800 3731 fuit
2825 3719 2840 3743 ,
2898 3679 3122 3748 intelligi
3153 3678 3523 3746 comproban-

1945 3776 2054 3823 tur.
2096 3767 2170 3822 Ex
2204 3769 2296 3823 illo
2319 3784 2556 3839 namque
2584 3781 2825 3840 tempore
2857 3769 3114 3826 Christus
3135 3811 3150 3832 ,
3185 3771 3235 3824 id
3275 3778 3390 3832 est,
3425 3786 3523 3824 rex

1947 3861 2222 3914 sensibilis
2258 3876 2287 3917 e
2335 3877 2532 3932 genere
2573 3862 2790 3917 Davidis
2824 3863 3044 3926 defecit,
3074 3864 3306 3918 thronus
3368 3863 3522 3934 regni

1945 3951 2066 4020 ejus
2097 3950 2412 4008 confractus
2439 3961 2544 4013 est,
2573 3963 2627 4008 ct
2663 3953 2871 4022 reliqua
2898 3954 3081 4008 omnia
3105 3969 3226 4024 quze
3249 3955 3302 4008 iu
3329 3954 3523 4009 vatici-

1948 4043 2039 4097 nio
2087 4041 2337 4096 feruntur
2379 4043 2595 4112 impleta
2647 4051 2792 4100 sunt.
2845 4043 3054 4110 Quibus
3108 4045 3176 4100 de
3216 4047 3400 4100 causis
3453 4061 3520 4100 ex

1948 4150 2180 4205 persona
2205 4133 2514 4191 Judzeorum
2547 4137 2634 4192 hic
2677 4151 2858 4192 sermo
2890 4137 3129 4192 lamenta
3179 4137 3324 4203 edit;
3357 4138 3519 4209 quasi

1947 4227 2156 4295 scilicet
2185 4227 2287 4280 alia
2313 4225 2455 4281 Deus
2490 4229 2804 4298 promiserit
2833 4269 2848 4294 ,
2893 4229 3000 4284 alia
3038 4229 3344 4286 evenerint.
3409 4228 3518 4284 Nos

266 4316 362 4370 τοῦ
393 4315 728 4388 κατερράγη,
757 4318 848 4370 καὶ
880 4317 948 4370 τὰ
977 4317 1139 4372 λοιπὰ
1169 4316 1346 4370 πάντα
1373 4315 1442 4369 τά
1465 4332 1842 4388 προπεφητευ-

1949 4331 2077 4371 vero
2113 4317 2545 4374 animadvertere
2578 4319 2856 4384 convenit,
2881 4333 3008 4374 cum
3056 4318 3199 4376 Deus
3249 4319 3520 4376 mendacii

270 4409 406 4478 μένα
431 4407 784 4478 πεπλήρωται
803 4425 816 4438 ⁸
848 4410 928 4478 ἐφ’
949 4404 1029 4473 οἷς
1055 4411 1118 4462 ἐκ
1141 4407 1431 4480 προσώπου
1447 4407 1541 4460 τοῦ
1575 4408 1842 4461 Ἰουδαίων

265 4493 450 4557 ἔθνους
468 4493 864 4566 ἀπολοφύρεται
893 4497 920 4548 6
951 4496 1139 4565 λόγος,
1171 4496 1247 4559 ὡς
1275 4496 1434 4567 ἕτερα
1470 4497 1566 4567 μὲν
1584 4496 1677 4549 τοῦ
1707 4497 1842 4549 Θεοῦ

264 4581 730 4652 ἐπαγγειλαμένου
753 4624 766 4648 ,
792 4583 992 4654 ἐτέρων
1024 4584 1080 4637 δὲ
1113 4583 1450 4638 ἀποϐάντων.
1483 4586 1753 4657 Προσήκει
1785 4585 1841 4638 δὲ

267 4674 414 4743 ἡμᾶς
440 4673 729 4743 ἐπιστῆσαι
754 4675 844 4727 τὸν
873 4675 994 4729 νοῦν
1013 4718 1027 4738 ,
1059 4677 1152 4740 ὡς,
1184 4676 1276 4730 τοῦ
1303 4676 1437 4730 Θεοῦ
1464 4677 1724 4747 ἀψευδοῦς
1756 4679 1842 4731 δν-

267 4778 378 4826 τος,
405 4762 614 4834 ἀνάγκη
639 4764 785 4815 πᾶσα
805 4764 1262 4834 ἐπαληθεύσεσθαι
1288 4769 1412 4830 τοὺς
1430 4767 1590 4820 αὑτοῦ
1613 4768 1803 4838 λόγους
1821 4781 1838 4796 ⁶

266 4857 314 4907 εἰ
341 4854 398 4907 δέ
428 4854 501 4927 μὴ
529 4855 872 4926 ἀληθεύοιντο
905 4858 994 4909 ἐπὶ
1024 4856 1122 4927 τῆς
1150 4857 1410 4929 αἰσθητῆς
1433 4858 1526 4912 τοῦ
1554 4858 1714 4913 Δαυῖδ
1740 4859 1838 4929 βα-

267 4945 504 5010 σιλείας,
537 4946 656 5019 ὥρα
692 4948 878 5019 ἕτερον
906 4948 1104 5018 τρόπον
1137 4952 1275 5002 νοεῖν
1318 4948 1387 5002 τὰ
1428 4951 1832 5022 ἐπηγγελμένα.

264 5039 362 5102 Τίς
399 5035 491 5092 οῦν
522 5040 550 5091 ὁ
578 5039 810 5111 τρόπος,
846 5041 976 5094 αὐτὸ
1002 5040 1062 5093 τὸ
1093 5040 1232 5094 θεῖον
1265 5041 1467 5106 ἐδίδαξε
1498 5043 1721 5114 Πνεῦμα
1748 5043 1836 5097 διὰ

262 5128 372 5182 τῶν
400 5128 725 5200 ἔμπροσθεν.
755 5131 813 5182 ἐν
840 5125 920 5194 οἷς
953 5131 1164 5202 εἴρητο·
1225 5134 1327 5186 Ἐν
1349 5133 1580 5200 οἱφανῷ
1606 5136 1834 5205 ἑτοιμα-

262 5221 558 5290 σθήσεται
594 5225 632 5291 ἡ
666 5222 915 5288 ἀλήθειά
935 5240 1050 5278 σου
1070 5241 1082 5255 ·
1109 5224 1202 5278 καὶ
1232 5225 1392 5278 πάλιν
1411 5242 1423 5254 ·
1461 5225 1844 5298 Ἐξομολογήο

263 5327 476 5365 σονται
503 5316 555 5366 ol
579 5313 821 5380 oivparol
852 5313 925 5367 τὰ
957 5313 1259 5384 θαυμάσιά
1295 5329 1410 5369 σου
1436 5356 1450 5378 ,
1497 5318 1702 5384 Κύριε,
1745 5319 1844 5373 καί

263 5403 374 5471 γὰρ
407 5403 502 5456 καί
543 5404 657 5472 τὴν
693 5405 983 5472 ἀλήθειάν
1035 5421 1151 5459 σου
1208 5407 1278 5459 ἐν
1301 5407 1597 5476 ἐκκλησίᾳ
1626 5412 1840 5480 ἁγίων·

265 5495 357 5548 καὶ
381 5495 540 5549 πάλιν
560 5513 572 5525 ·
603 5496 862 5561 Avi-ard;
891 5495 947 5550 εἷ
963 5538 976 5559 ,
1008 5499 1216 5565 Κύριε,
1254 5500 1349 5551 καὶ
1387 5501 1422 5565 ἡ
1452 5502 1698 5568 ἀλήθειά
1727 5521 1842 5556 σου

266 5587 472 5650 κύκλῳ
501 5602 616 5641 σου
641 5605 654 5618 ·
700 5590 789 5641 καὶ
817 5585 998 5652 αὖθις·
1052 5591 1262 5658 ’Ἔλεος
1297 5592 1390 5643 καὶ
1424 5593 1671 5659 ἀλήθεια
1697 5610 1835 5661 προ-

267 5681 660 5749 πορεύσονται
692 5683 799 5751 ,τρὸ
837 5681 1157 5751 προσώπου
1190 5701 1324 5738 σου.
1369 5683 1546 5740 Ταῦτα
1578 5686 1685 5760 γὰρ
1714 5689 1836 5744 πάν·

1945 4423 2139 4478 expers
2171 4409 2260 4476 sit,
2293 4409 2606 4464 necessario
2651 4426 2810 4467 veros
2849 4425 2971 4466 esse
3014 4425 3296 4465 sermones
3347 4411 3468 4480 ejus
3499 4429 3516 4464 :

1944 4501 1992 4554 si
2026 4507 2205 4553 autem
2237 4515 2362 4570 erga
2417 4501 2674 4556 sensibile
2710 4501 2927 4555 Davidis
2966 4516 3192 4571 regnum
3243 4502 3356 4556 veri
3407 4484 3520 4556 non

1943 4590 2306 4659 reperiantur,
2341 4597 2510 4645 restat
2556 4599 2613 4642 ut
2647 4591 2755 4643 alio
2791 4589 2952 4643 modo
3001 4591 3273 4660 promissa
3319 4591 3521 4645 intelli-

1941 4700 2155 4754 gamus.
2185 4682 2320 4749 Quis
2359 4684 2448 4738 ille
2486 4684 2680 4737 modus
2710 4684 2800 4745 sit,
2825 4683 2983 4738 docet
3015 4683 3268 4751 superius
3297 4682 3518 4738 divinus

1947 4776 2203 4846 Spiritus,
2235 4791 2357 4831 cum
2388 4775 2591 4829 dicitur
2622 4796 2634 4828 :
2672 4774 2736 4828 In
2761 4776 2888 4829 ccelo
2907 4774 3296 4845 pra’parabitur
3326 4777 3518 4831 veritas

1945 4875 2075 4929 tua;
2111 4880 2174 4921 ac
2202 4880 2418 4920 rursum
2449 4884 2460 4919 :
2488 4863 2893 4935 Conﬁtebuntnr
2936 4867 3052 4919 caeli
3077 4865 3350 4920 mirabilia
3383 4876 3474 4920 tua
3499 4907 3515 4928 ,

1945 4955 2184 5017 Domine,
2214 4955 2405 5009 etenim
2459 4956 2728 5008 veritatem
2762 4966 2908 5009 tuam
2958 4956 3014 5010 in
3051 4955 3275 5010 ecclesia
3303 4967 3518 5010 sancto-

1943 5063 2092 5111 rum;
2123 5048 2428 5118 iterumque
2461 5067 2475 5102 :
2506 5046 2700 5102 Potens
2722 5065 2798 5111 es,
2834 5047 3072 5114 Domine,
3105 5057 3154 5102 et
3197 5050 3390 5104 veritas
3425 5060 3518 5104 tua

1942 5139 1999 5192 in
2031 5139 2255 5192 circuitu
2293 5148 2418 5203 tuo;
2447 5146 2501 5194 et
2540 5155 2759 5194 rursum
2782 5181 2796 5205 ,
2836 5139 3211 5194 Misericordia
3239 5149 3291 5195 et
3317 5141 3516 5197 ueritas

1939 5231 2228 5300 prlecedent
2256 5231 2445 5300 faciem
2478 5242 2648 5287 tuam.
2692 5230 2817 5288 Haec
2871 5234 3070 5303 quippe
3107 5233 3290 5288 omnia
3332 5231 3518 5286 decla-

1942 5331 2083 5385 rant,
2111 5322 2201 5377 Dei
2232 5323 2500 5392 promissa
2545 5340 2823 5394 nunquam
2857 5326 3012 5379 irr'rta
3041 5341 3164 5380 esse
3190 5365 3205 5390 ,
3259 5327 3353 5380 sed
3406 5341 3515 5396 qua

1939 5417 2055 5486 ipse
2085 5416 2233 5468 novit
2261 5417 2468 5470 ratione
2514 5416 2748 5485 impleri.
2782 5416 2937 5480 Nam,
2977 5417 3042 5470 In
3074 5417 3201 5470 caelo
3227 5459 3242 5483 ,
3296 5419 3515 5488 inquit,

1939 5507 2330 5576 pra'parabitur
2377 5511 2564 5563 ueritas
2628 5520 2759 5561 tua:
2792 5518 2975 5578 aperte
3032 5509 3343 5579 signiﬁcans
3405 5526 3518 5565 ur.-

1944 5599 2114 5652 lestes
2147 5613 2208 5652 ac
2241 5600 2453 5654 divinas
2498 5617 2620 5655 esse
2665 5601 2754 5654 Dei
2799 5600 3211 5668 promissiones.
3257 5601 3334 5654 Ac
3395 5615 3518 5654 ver-

1943 5692 2133 5745 borum
2169 5691 2561 5761 complementa
2583 5692 2879 5748 declaravit
2911 5706 3004 5758 per
3035 5691 3376 5749 Salvatorem
3407 5706 3513 5748 no-
