  <div class='ocr_page' id='page_1' title='image "/cluster/home/n/w/nwhite01/storage/ocr_20150623/23/hvd.32044019207711/585.png"; bbox 0 0 3974 6522; ppageno 0'>
   <div class='ocr_carea' id='block_1_1' title="bbox 540 279 668 332">
    <p class='ocr_par' dir='ltr' id='par_1_1' title="bbox 540 279 668 332">
     <span class='ocr_line' id='line_1_1' title="bbox 540 279 668 332; baseline 0.016 -2"><span class='ocrx_word' id='word_1_1' title='bbox 540 279 668 332; x_wconf 89' lang='grc'><strong>1111</strong></span> 
     </span>
    </p>
   </div>
   <div class='ocr_carea' id='block_1_2' title="bbox 541 393 2109 463">
    <p class='ocr_par' dir='ltr' id='par_1_2' title="bbox 541 393 2109 463">
     <span class='ocr_line' id='line_1_2' title="bbox 541 393 2109 463; baseline 0.003 -17"><span class='ocrx_word' id='word_1_2' title='bbox 541 404 713 446; x_wconf 84' lang='lat' dir='ltr'><strong>strum</strong></span> <span class='ocrx_word' id='word_1_3' title='bbox 747 395 931 448; x_wconf 85' lang='lat' dir='ltr'><strong>.lesum</strong></span> <span class='ocrx_word' id='word_1_4' title='bbox 963 394 1363 463; x_wconf 40' lang='lat' dir='ltr'><strong>Christumhex</strong></span> <span class='ocrx_word' id='word_1_5' title='bbox 1410 394 1616 449; x_wconf 84' lang='lat' dir='ltr'><strong>semine</strong></span> <span class='ocrx_word' id='word_1_6' title='bbox 1651 393 1870 450; x_wconf 79' lang='lat' dir='ltr'><strong>Davidis</strong></span> <span class='ocrx_word' id='word_1_7' title='bbox 1893 407 2071 450; x_wconf 87' lang='lat' dir='ltr'><strong>ortum</strong></span> <span class='ocrx_word' id='word_1_8' title='bbox 2094 437 2109 462; x_wconf 95' lang='lat'><strong>,</strong></span> 
     </span>
    </p>
   </div>
   <div class='ocr_carea' id='block_1_3' title="bbox 542 489 2106 558">
    <p class='ocr_par' dir='ltr' id='par_1_3' title="bbox 542 489 2106 558">
     <span class='ocr_line' id='line_1_3' title="bbox 542 489 2106 558; baseline 0 -14"><span class='ocrx_word' id='word_1_9' title='bbox 542 493 778 556; x_wconf 80' lang='lat' dir='ltr'><strong>perlecta</strong></span> <span class='ocrx_word' id='word_1_10' title='bbox 804 505 962 545; x_wconf 82' lang='lat' dir='ltr'><strong>esse:</strong></span> <span class='ocrx_word' id='word_1_11' title='bbox 1001 505 1126 544; x_wconf 83' lang='lat' dir='ltr'><strong>nam</strong></span> <span class='ocrx_word' id='word_1_12' title='bbox 1165 489 1327 558; x_wconf 84' lang='lat' dir='ltr'><strong>hujus</strong></span> <span class='ocrx_word' id='word_1_13' title='bbox 1369 504 1593 558; x_wconf 79' lang='lat' dir='ltr'><strong>regnum</strong></span> <span class='ocrx_word' id='word_1_14' title='bbox 1627 500 1679 542; x_wconf 86' lang='lat' dir='ltr'><strong>et</strong></span> <span class='ocrx_word' id='word_1_15' title='bbox 1715 489 1964 551; x_wconf 88' lang='lat' dir='ltr'><strong>thronus,</strong></span> <span class='ocrx_word' id='word_1_16' title='bbox 1999 505 2106 544; x_wconf 89' lang='lat' dir='ltr'><strong>non</strong></span> 
     </span>
    </p>
   </div>
   <div class='ocr_carea' id='block_1_4' title="bbox 540 579 2108 650">
    <p class='ocr_par' dir='ltr' id='par_1_4' title="bbox 540 579 2108 650">
     <span class='ocr_line' id='line_1_4' title="bbox 540 579 2108 650; baseline 0.003 -18"><span class='ocrx_word' id='word_1_17' title='bbox 540 581 840 645; x_wconf 85' lang='lat' dir='ltr'><strong>humanus,</strong></span> <span class='ocrx_word' id='word_1_18' title='bbox 861 596 1038 650; x_wconf 90' lang='lat' dir='ltr'><strong>neque</strong></span> <span class='ocrx_word' id='word_1_19' title='bbox 1067 597 1134 634; x_wconf 82' lang='lat' dir='ltr'><strong>ex</strong></span> <span class='ocrx_word' id='word_1_20' title='bbox 1170 580 1274 634; x_wconf 89' lang='lat' dir='ltr'><strong>hoc</strong></span> <span class='ocrx_word' id='word_1_21' title='bbox 1309 579 1514 633; x_wconf 90' lang='lat' dir='ltr'><strong>mundo</strong></span> <span class='ocrx_word' id='word_1_22' title='bbox 1547 589 1684 634; x_wconf 89' lang='lat' dir='ltr'><strong>erat.</strong></span> <span class='ocrx_word' id='word_1_23' title='bbox 1724 579 1932 634; x_wconf 88' lang='lat' dir='ltr'><strong>Idcirco</strong></span> <span class='ocrx_word' id='word_1_24' title='bbox 1957 579 2108 637; x_wconf 88' lang='lat' dir='ltr'><strong>dice-</strong></span> 
     </span>
    </p>
   </div>
   <div class='ocr_carea' id='block_1_5' title="bbox 539 671 2104 743">
    <p class='ocr_par' dir='ltr' id='par_1_5' title="bbox 539 671 2104 743">
     <span class='ocr_line' id='line_1_5' title="bbox 539 671 2104 743; baseline 0.001 -18"><span class='ocrx_word' id='word_1_25' title='bbox 539 673 632 726; x_wconf 83' lang='lat' dir='ltr'><strong>bat</strong></span> <span class='ocrx_word' id='word_1_26' title='bbox 667 672 840 726; x_wconf 82' lang='lat' dir='ltr'><strong>Pilato</strong></span> <span class='ocrx_word' id='word_1_27' title='bbox 869 692 882 727; x_wconf 92' lang='lat'>:</span> <span class='ocrx_word' id='word_1_28' title='bbox 939 672 1170 743; x_wconf 83' lang='lat' dir='ltr'><strong>Regnum</strong></span> <span class='ocrx_word' id='word_1_29' title='bbox 1197 689 1365 725; x_wconf 89' lang='lat' dir='ltr'><strong>meum</strong></span> <span class='ocrx_word' id='word_1_30' title='bbox 1397 689 1498 725; x_wconf 88' lang='lat' dir='ltr'><strong>non</strong></span> <span class='ocrx_word' id='word_1_31' title='bbox 1521 681 1599 725; x_wconf 89' lang='lat' dir='ltr'><strong>est</strong></span> <span class='ocrx_word' id='word_1_32' title='bbox 1625 688 1689 726; x_wconf 75' lang='lat' dir='ltr'><strong>ea:</strong></span> <span class='ocrx_word' id='word_1_33' title='bbox 1705 671 1801 726; x_wconf 80' lang='lat' dir='ltr'><strong>hoc</strong></span> <span class='ocrx_word' id='word_1_34' title='bbox 1821 672 2014 725; x_wconf 85' lang='lat' dir='ltr'><strong>mundo</strong></span> <span class='ocrx_word' id='word_1_35' title='bbox 2038 672 2104 727; x_wconf 74' lang='lat'><strong>&quot;.</strong></span> 
     </span>
    </p>
   </div>
   <div class='ocr_carea' id='block_1_6' title="bbox 541 763 2107 834">
    <p class='ocr_par' dir='ltr' id='par_1_6' title="bbox 541 763 2107 834">
     <span class='ocr_line' id='line_1_6' title="bbox 541 763 2107 834; baseline 0.001 -16"><span class='ocrx_word' id='word_1_36' title='bbox 541 764 866 820; x_wconf 84' lang='lat' dir='ltr'><strong>Seiscitante</strong></span> <span class='ocrx_word' id='word_1_37' title='bbox 890 777 1068 820; x_wconf 85' lang='lat' dir='ltr'><strong>autem</strong></span> <span class='ocrx_word' id='word_1_38' title='bbox 1099 766 1208 827; x_wconf 87' lang='lat' dir='ltr'><strong>illo.</strong></span> <span class='ocrx_word' id='word_1_39' title='bbox 1241 781 1372 818; x_wconf 91' lang='lat' dir='ltr'><strong>num</strong></span> <span class='ocrx_word' id='word_1_40' title='bbox 1404 781 1494 820; x_wconf 81' lang='lat' dir='ltr'><strong>rex</strong></span> <span class='ocrx_word' id='word_1_41' title='bbox 1523 773 1688 827; x_wconf 83' lang='lat' dir='ltr'><strong>esset,</strong></span> <span class='ocrx_word' id='word_1_42' title='bbox 1712 766 2010 834; x_wconf 72' lang='lat' dir='ltr'><strong>respondit,</strong></span> <span class='ocrx_word' id='word_1_43' title='bbox 2041 763 2107 820; x_wconf 86' lang='lat' dir='ltr'><strong>In</strong></span> 
     </span>
    </p>
   </div>
   <div class='ocr_carea' id='block_1_7' title="bbox 536 857 2107 928">
    <p class='ocr_par' dir='ltr' id='par_1_7' title="bbox 536 857 2107 928">
     <span class='ocr_line' id='line_1_7' title="bbox 536 857 2107 928; baseline 0.001 -18"><span class='ocrx_word' id='word_1_44' title='bbox 536 857 632 912; x_wconf 79' lang='lat' dir='ltr'><strong>hoc</strong></span> <span class='ocrx_word' id='word_1_45' title='bbox 659 871 819 912; x_wconf 84' lang='lat' dir='ltr'><strong>natus</strong></span> <span class='ocrx_word' id='word_1_46' title='bbox 845 875 982 912; x_wconf 86' lang='lat' dir='ltr'><strong>sum.</strong></span> <span class='ocrx_word' id='word_1_47' title='bbox 1014 860 1182 928; x_wconf 79' lang='lat' dir='ltr'><strong>igitur</strong></span> <span class='ocrx_word' id='word_1_48' title='bbox 1231 859 1278 912; x_wconf 90' lang='lat' dir='ltr'><strong>si</strong></span> <span class='ocrx_word' id='word_1_49' title='bbox 1328 858 1381 910; x_wconf 92' lang='lat' dir='ltr'><strong>in</strong></span> <span class='ocrx_word' id='word_1_50' title='bbox 1416 857 1518 912; x_wconf 90' lang='lat' dir='ltr'><strong>hoc</strong></span> <span class='ocrx_word' id='word_1_51' title='bbox 1551 867 1715 911; x_wconf 85' lang='lat' dir='ltr'><strong>natus</strong></span> <span class='ocrx_word' id='word_1_52' title='bbox 1747 867 1862 921; x_wconf 87' lang='lat' dir='ltr'><strong>est,</strong></span> <span class='ocrx_word' id='word_1_53' title='bbox 1907 858 1959 912; x_wconf 91' lang='lat' dir='ltr'><strong>in</strong></span> <span class='ocrx_word' id='word_1_54' title='bbox 2004 858 2107 912; x_wconf 89' lang='lat' dir='ltr'><strong>hoc</strong></span> 
     </span>
    </p>
   </div>
   <div class='ocr_carea' id='block_1_8' title="bbox 534 945 2106 1016">
    <p class='ocr_par' dir='ltr' id='par_1_8' title="bbox 534 945 2106 1016">
     <span class='ocr_line' id='line_1_8' title="bbox 534 945 2106 1016; baseline 0.002 -18"><span class='ocrx_word' id='word_1_55' title='bbox 534 946 794 1001; x_wconf 81' lang='lat' dir='ltr'><strong>manebit.</strong></span> <span class='ocrx_word' id='word_1_56' title='bbox 827 945 966 1000; x_wconf 84' lang='lat' dir='ltr'><strong>Huic</strong></span> <span class='ocrx_word' id='word_1_57' title='bbox 1026 962 1188 1016; x_wconf 91' lang='lat' dir='ltr'><strong>porro</strong></span> <span class='ocrx_word' id='word_1_58' title='bbox 1251 947 1486 1001; x_wconf 84' lang='lat' dir='ltr'><strong>sermoni</strong></span> <span class='ocrx_word' id='word_1_59' title='bbox 1550 948 1921 1001; x_wconf 88' lang='lat' dir='ltr'><strong>testimonium</strong></span> <span class='ocrx_word' id='word_1_60' title='bbox 1953 947 2106 1002; x_wconf 74' lang='lat' dir='ltr'><strong>affert</strong></span> 
     </span>
    </p>
   </div>
   <div class='ocr_carea' id='block_1_9' title="bbox 530 1035 2102 1108">
    <p class='ocr_par' dir='ltr' id='par_1_9' title="bbox 530 1035 2102 1108">
     <span class='ocr_line' id='line_1_9' title="bbox 530 1035 2102 1108; baseline 0.002 -20"><span class='ocrx_word' id='word_1_61' title='bbox 530 1035 623 1105; x_wconf 87' lang='lat' dir='ltr'><strong>qui</strong></span> <span class='ocrx_word' id='word_1_62' title='bbox 668 1044 849 1090; x_wconf 90' lang='lat' dir='ltr'><strong>ortum</strong></span> <span class='ocrx_word' id='word_1_63' title='bbox 883 1036 1002 1106; x_wconf 90' lang='lat' dir='ltr'><strong>ejus</strong></span> <span class='ocrx_word' id='word_1_64' title='bbox 1032 1035 1237 1108; x_wconf 79' lang='lat' dir='ltr'><strong>Virgini</strong></span> <span class='ocrx_word' id='word_1_65' title='bbox 1293 1037 1542 1106; x_wconf 91' lang='lat' dir='ltr'><strong>promisit</strong></span> <span class='ocrx_word' id='word_1_66' title='bbox 1586 1039 1810 1108; x_wconf 83' lang='lat' dir='ltr'><strong>angelus</strong></span> <span class='ocrx_word' id='word_1_67' title='bbox 1855 1037 2102 1102; x_wconf 83' lang='lat' dir='ltr'><strong>Gabriel,</strong></span> 
     </span>
    </p>
   </div>
   <div class='ocr_carea' id='block_1_10' title="bbox 529 1125 2105 1198">
    <p class='ocr_par' dir='ltr' id='par_1_10' title="bbox 529 1125 2105 1198">
     <span class='ocr_line' id='line_1_10' title="bbox 529 1125 2105 1198; baseline 0.003 -20"><span class='ocrx_word' id='word_1_68' title='bbox 529 1126 621 1195; x_wconf 88' lang='lat' dir='ltr'><strong>qui</strong></span> <span class='ocrx_word' id='word_1_69' title='bbox 650 1125 788 1182; x_wconf 75' lang='lat' dir='ltr'><strong>dixit</strong></span> <span class='ocrx_word' id='word_1_70' title='bbox 819 1127 870 1182; x_wconf 90' lang='lat' dir='ltr'><strong>ei</strong></span> <span class='ocrx_word' id='word_1_71' title='bbox 898 1127 1018 1179; x_wconf 58' lang='lat' dir='ltr'><strong>:.Et</strong></span> <span class='ocrx_word' id='word_1_72' title='bbox 1048 1145 1162 1181; x_wconf 87' lang='lat' dir='ltr'><strong>ecce</strong></span> <span class='ocrx_word' id='word_1_73' title='bbox 1199 1130 1455 1198; x_wconf 88' lang='lat' dir='ltr'><strong>concipies</strong></span> <span class='ocrx_word' id='word_1_74' title='bbox 1480 1130 1534 1182; x_wconf 89' lang='lat' dir='ltr'><strong>in</strong></span> <span class='ocrx_word' id='word_1_75' title='bbox 1564 1138 1731 1194; x_wconf 82' lang='lat' dir='ltr'><strong>utero,</strong></span> <span class='ocrx_word' id='word_1_76' title='bbox 1755 1139 1803 1182; x_wconf 87' lang='lat' dir='ltr'><strong>et</strong></span> <span class='ocrx_word' id='word_1_77' title='bbox 1835 1131 2030 1196; x_wconf 86' lang='lat' dir='ltr'><strong>paries,</strong></span> <span class='ocrx_word' id='word_1_78' title='bbox 2056 1141 2105 1183; x_wconf 83' lang='lat' dir='ltr'><strong>et</strong></span> 
     </span>
    </p>
   </div>
   <div class='ocr_carea' id='block_1_11' title="bbox 527 1218 2102 1291">
    <p class='ocr_par' dir='ltr' id='par_1_11' title="bbox 527 1218 2102 1291">
     <span class='ocr_line' id='line_1_11' title="bbox 527 1218 2102 1291; baseline 0.003 -21"><span class='ocrx_word' id='word_1_79' title='bbox 527 1218 734 1272; x_wconf 78' lang='lat' dir='ltr'><strong>vocabis</strong></span> <span class='ocrx_word' id='word_1_80' title='bbox 766 1237 950 1274; x_wconf 88' lang='lat' dir='ltr'><strong>nomen</strong></span> <span class='ocrx_word' id='word_1_81' title='bbox 973 1220 1084 1287; x_wconf 83' lang='lat' dir='ltr'><strong>ejus</strong></span> <span class='ocrx_word' id='word_1_82' title='bbox 1114 1218 1317 1276; x_wconf 85' lang='lat' dir='ltr'><strong>Jesum.</strong></span> <span class='ocrx_word' id='word_1_83' title='bbox 1355 1221 1455 1274; x_wconf 84' lang='lat' dir='ltr'><strong>llic</strong></span> <span class='ocrx_word' id='word_1_84' title='bbox 1483 1222 1583 1274; x_wconf 88' lang='lat' dir='ltr'><strong>erit</strong></span> <span class='ocrx_word' id='word_1_85' title='bbox 1623 1238 1863 1291; x_wconf 85' lang='lat' dir='ltr'><strong>magnus,</strong></span> <span class='ocrx_word' id='word_1_86' title='bbox 1887 1230 1936 1274; x_wconf 88' lang='lat' dir='ltr'><strong>et</strong></span> <span class='ocrx_word' id='word_1_87' title='bbox 1959 1221 2102 1290; x_wconf 83' lang='lat' dir='ltr'><strong>ﬁlius</strong></span> 
     </span>
    </p>
   </div>
   <div class='ocr_carea' id='block_1_12' title="bbox 529 1308 2104 1367">
    <p class='ocr_par' dir='ltr' id='par_1_12' title="bbox 529 1308 2104 1367">
     <span class='ocr_line' id='line_1_12' title="bbox 529 1308 2104 1367; baseline 0.002 -5"><span class='ocrx_word' id='word_1_88' title='bbox 529 1308 792 1364; x_wconf 76' lang='lat' dir='ltr'><strong>Altissimi</strong></span> <span class='ocrx_word' id='word_1_89' title='bbox 825 1313 1110 1367; x_wconf 88' lang='lat' dir='ltr'><strong>vocabitur.</strong></span> <span class='ocrx_word' id='word_1_90' title='bbox 1147 1311 1214 1365; x_wconf 83' lang='lat' dir='ltr'><strong>Et</strong></span> <span class='ocrx_word' id='word_1_91' title='bbox 1262 1312 1410 1366; x_wconf 85' lang='lat' dir='ltr'><strong>dabit</strong></span> <span class='ocrx_word' id='word_1_92' title='bbox 1441 1313 1522 1366; x_wconf 88' lang='lat' dir='ltr'><strong>illi</strong></span> <span class='ocrx_word' id='word_1_93' title='bbox 1549 1311 1688 1366; x_wconf 91' lang='lat' dir='ltr'><strong>Deus</strong></span> <span class='ocrx_word' id='word_1_94' title='bbox 1715 1313 1957 1365; x_wconf 76' lang='lat' dir='ltr'><strong>thronum</strong></span> <span class='ocrx_word' id='word_1_95' title='bbox 1993 1313 2104 1365; x_wconf 83' lang='lat' dir='ltr'><strong>Da-</strong></span> 
     </span>
    </p>
   </div>
   <div class='ocr_carea' id='block_1_13' title="bbox 527 1403 2100 1477">
    <p class='ocr_par' dir='ltr' id='par_1_13' title="bbox 527 1403 2100 1477">
     <span class='ocr_line' id='line_1_13' title="bbox 527 1403 2100 1477; baseline 0.003 -21"><span class='ocrx_word' id='word_1_96' title='bbox 527 1403 610 1456; x_wconf 75' lang='lat' dir='ltr'><strong>vid</strong></span> <span class='ocrx_word' id='word_1_97' title='bbox 637 1405 803 1473; x_wconf 79' lang='lat' dir='ltr'><strong>patris</strong></span> <span class='ocrx_word' id='word_1_98' title='bbox 830 1407 934 1470; x_wconf 89' lang='lat' dir='ltr'><strong>sui,</strong></span> <span class='ocrx_word' id='word_1_99' title='bbox 962 1417 1011 1460; x_wconf 80' lang='lat' dir='ltr'><strong>et</strong></span> <span class='ocrx_word' id='word_1_100' title='bbox 1043 1407 1276 1476; x_wconf 82' lang='lat' dir='ltr'><strong>regnabit</strong></span> <span class='ocrx_word' id='word_1_101' title='bbox 1321 1409 1374 1459; x_wconf 88' lang='lat' dir='ltr'><strong>in</strong></span> <span class='ocrx_word' id='word_1_102' title='bbox 1403 1417 1678 1469; x_wconf 79' lang='lat' dir='ltr'><strong>wternuin,</strong></span> <span class='ocrx_word' id='word_1_103' title='bbox 1709 1417 1759 1460; x_wconf 88' lang='lat' dir='ltr'><strong>et</strong></span> <span class='ocrx_word' id='word_1_104' title='bbox 1794 1408 1939 1477; x_wconf 88' lang='lat' dir='ltr'><strong>regni</strong></span> <span class='ocrx_word' id='word_1_105' title='bbox 1989 1407 2100 1475; x_wconf 86' lang='lat' dir='ltr'><strong>ejus</strong></span> 
     </span>
    </p>
   </div>
   <div class='ocr_carea' id='block_1_14' title="bbox 527 1498 2103 1570">
    <p class='ocr_par' dir='ltr' id='par_1_14' title="bbox 527 1498 2103 1570">
     <span class='ocr_line' id='line_1_14' title="bbox 527 1498 2103 1570; baseline 0.003 -22"><span class='ocrx_word' id='word_1_106' title='bbox 527 1514 629 1550; x_wconf 86' lang='lat' dir='ltr'><strong>non</strong></span> <span class='ocrx_word' id='word_1_107' title='bbox 657 1498 757 1550; x_wconf 84' lang='lat' dir='ltr'><strong>erit</strong></span> <span class='ocrx_word' id='word_1_108' title='bbox 787 1499 910 1566; x_wconf 82' lang='lat' dir='ltr'><strong>ﬁnis</strong></span> <span class='ocrx_word' id='word_1_109' title='bbox 936 1500 1001 1553; x_wconf 78' lang='lat'><strong>&quot;.</strong></span> <span class='ocrx_word' id='word_1_110' title='bbox 1034 1499 1092 1553; x_wconf 92' lang='lat' dir='ltr'><strong>ln</strong></span> <span class='ocrx_word' id='word_1_111' title='bbox 1137 1501 1241 1554; x_wconf 90' lang='lat' dir='ltr'><strong>hoc</strong></span> <span class='ocrx_word' id='word_1_112' title='bbox 1288 1499 1472 1570; x_wconf 79' lang='lat' dir='ltr'><strong>itaque</strong></span> <span class='ocrx_word' id='word_1_113' title='bbox 1518 1507 1680 1554; x_wconf 86' lang='lat' dir='ltr'><strong>natus</strong></span> <span class='ocrx_word' id='word_1_114' title='bbox 1713 1507 1829 1566; x_wconf 90' lang='lat' dir='ltr'><strong>est;</strong></span> <span class='ocrx_word' id='word_1_115' title='bbox 1892 1499 1988 1554; x_wconf 88' lang='lat' dir='ltr'><strong>sed</strong></span> <span class='ocrx_word' id='word_1_116' title='bbox 2018 1515 2103 1553; x_wconf 91' lang='lat' dir='ltr'><strong>re-</strong></span> 
     </span>
    </p>
   </div>
   <div class='ocr_carea' id='block_1_15' title="bbox 524 1591 2101 1661">
    <p class='ocr_par' dir='ltr' id='par_1_15' title="bbox 524 1591 2101 1661">
     <span class='ocr_line' id='line_1_15' title="bbox 524 1591 2101 1661; baseline 0.003 -19"><span class='ocrx_word' id='word_1_117' title='bbox 524 1606 688 1658; x_wconf 76' lang='lat' dir='ltr'><strong>gnum</strong></span> <span class='ocrx_word' id='word_1_118' title='bbox 724 1591 846 1660; x_wconf 83' lang='lat' dir='ltr'><strong>ejus</strong></span> <span class='ocrx_word' id='word_1_119' title='bbox 898 1607 1008 1646; x_wconf 91' lang='lat' dir='ltr'><strong>non</strong></span> <span class='ocrx_word' id='word_1_120' title='bbox 1049 1602 1167 1646; x_wconf 89' lang='lat' dir='ltr'><strong>erat</strong></span> <span class='ocrx_word' id='word_1_121' title='bbox 1211 1609 1275 1648; x_wconf 79' lang='lat' dir='ltr'><strong>ex</strong></span> <span class='ocrx_word' id='word_1_122' title='bbox 1331 1594 1432 1648; x_wconf 91' lang='lat' dir='ltr'><strong>hoc</strong></span> <span class='ocrx_word' id='word_1_123' title='bbox 1469 1592 1714 1654; x_wconf 87' lang='lat' dir='ltr'><strong>mundo:</strong></span> <span class='ocrx_word' id='word_1_124' title='bbox 1769 1608 1894 1646; x_wconf 90' lang='lat' dir='ltr'><strong>nam</strong></span> <span class='ocrx_word' id='word_1_125' title='bbox 1937 1593 2101 1661; x_wconf 83' lang='lat' dir='ltr'><strong>hujus</strong></span> 
     </span>
    </p>
   </div>
   <div class='ocr_carea' id='block_1_16' title="bbox 527 1681 2101 1755">
    <p class='ocr_par' dir='ltr' id='par_1_16' title="bbox 527 1681 2101 1755">
     <span class='ocr_line' id='line_1_16' title="bbox 527 1681 2101 1755; baseline 0.004 -23"><span class='ocrx_word' id='word_1_126' title='bbox 527 1681 712 1735; x_wconf 90' lang='lat' dir='ltr'><strong>mundi</strong></span> <span class='ocrx_word' id='word_1_127' title='bbox 744 1698 970 1753; x_wconf 81' lang='lat' dir='ltr'><strong>regnum</strong></span> <span class='ocrx_word' id='word_1_128' title='bbox 1018 1700 1124 1739; x_wconf 91' lang='lat' dir='ltr'><strong>non</strong></span> <span class='ocrx_word' id='word_1_129' title='bbox 1159 1693 1334 1755; x_wconf 81' lang='lat' dir='ltr'><strong>potest</strong></span> <span class='ocrx_word' id='word_1_130' title='bbox 1367 1686 1420 1738; x_wconf 91' lang='lat' dir='ltr'><strong>in</strong></span> <span class='ocrx_word' id='word_1_131' title='bbox 1455 1694 1718 1739; x_wconf 59' lang='lat' dir='ltr'><strong>aeternum</strong></span> <span class='ocrx_word' id='word_1_132' title='bbox 1750 1685 1970 1745; x_wconf 89' lang='lat' dir='ltr'><strong>durare,</strong></span> <span class='ocrx_word' id='word_1_133' title='bbox 2009 1699 2101 1738; x_wconf 87' lang='lat' dir='ltr'><strong>ne-</strong></span> 
     </span>
    </p>
   </div>
   <div class='ocr_carea' id='block_1_17' title="bbox 522 1774 2099 1846">
    <p class='ocr_par' dir='ltr' id='par_1_17' title="bbox 522 1774 2099 1846">
     <span class='ocr_line' id='line_1_17' title="bbox 522 1774 2099 1846; baseline 0.004 -23"><span class='ocrx_word' id='word_1_134' title='bbox 522 1788 628 1839; x_wconf 79' lang='lat' dir='ltr'><strong>que</strong></span> <span class='ocrx_word' id='word_1_135' title='bbox 657 1774 761 1829; x_wconf 86' lang='lat' dir='ltr'><strong>line</strong></span> <span class='ocrx_word' id='word_1_136' title='bbox 793 1785 964 1840; x_wconf 85' lang='lat' dir='ltr'><strong>caret,</strong></span> <span class='ocrx_word' id='word_1_137' title='bbox 1001 1793 1175 1846; x_wconf 78' lang='lat' dir='ltr'><strong>neque</strong></span> <span class='ocrx_word' id='word_1_138' title='bbox 1223 1777 1276 1830; x_wconf 90' lang='lat' dir='ltr'><strong>in</strong></span> <span class='ocrx_word' id='word_1_139' title='bbox 1313 1777 1583 1831; x_wconf 77' lang='lat' dir='ltr'><strong>inﬁnitum</strong></span> <span class='ocrx_word' id='word_1_140' title='bbox 1637 1776 1982 1842; x_wconf 81' lang='lat' dir='ltr'><strong>extenditur;</strong></span> <span class='ocrx_word' id='word_1_141' title='bbox 2020 1791 2099 1830; x_wconf 86' lang='lat' dir='ltr'><strong>re-</strong></span> 
     </span>
    </p>
   </div>
   <div class='ocr_carea' id='block_1_18' title="bbox 523 1868 2094 1938">
    <p class='ocr_par' dir='ltr' id='par_1_18' title="bbox 523 1868 2094 1938">
     <span class='ocr_line' id='line_1_18' title="bbox 523 1868 2094 1938; baseline 0.003 -22"><span class='ocrx_word' id='word_1_142' title='bbox 523 1881 686 1930; x_wconf 68' lang='lat' dir='ltr'><strong>gnum</strong></span> <span class='ocrx_word' id='word_1_143' title='bbox 709 1882 838 1921; x_wconf 83' lang='lat' dir='ltr'><strong>vero</strong></span> <span class='ocrx_word' id='word_1_144' title='bbox 865 1869 1059 1922; x_wconf 83' lang='lat' dir='ltr'><strong>semini</strong></span> <span class='ocrx_word' id='word_1_145' title='bbox 1089 1868 1305 1923; x_wconf 86' lang='lat' dir='ltr'><strong>Davidis</strong></span> <span class='ocrx_word' id='word_1_146' title='bbox 1334 1869 1663 1938; x_wconf 88' lang='lat' dir='ltr'><strong>promissum</strong></span> <span class='ocrx_word' id='word_1_147' title='bbox 1688 1877 1953 1922; x_wconf 63' lang='lat' dir='ltr'><strong>internum</strong></span> <span class='ocrx_word' id='word_1_148' title='bbox 1975 1877 2094 1924; x_wconf 89' lang='lat' dir='ltr'><strong>erat</strong></span> 
     </span>
    </p>
   </div>
   <div class='ocr_carea' id='block_1_19' title="bbox 520 1955 2092 2026">
    <p class='ocr_par' dir='ltr' id='par_1_19' title="bbox 520 1955 2092 2026">
     <span class='ocr_line' id='line_1_19' title="bbox 520 1955 2092 2026; baseline 0.003 -21"><span class='ocrx_word' id='word_1_149' title='bbox 520 1961 574 2006; x_wconf 78' lang='lat' dir='ltr'><strong>et</strong></span> <span class='ocrx_word' id='word_1_150' title='bbox 597 1955 939 2011; x_wconf 83' lang='lat' dir='ltr'><strong>immortale:</strong></span> <span class='ocrx_word' id='word_1_151' title='bbox 972 1959 1048 2012; x_wconf 90' lang='lat' dir='ltr'><strong>ait</strong></span> <span class='ocrx_word' id='word_1_152' title='bbox 1072 1959 1251 2024; x_wconf 71' lang='lat' dir='ltr'><strong>enirn,</strong></span> <span class='ocrx_word' id='word_1_153' title='bbox 1294 1958 1362 2012; x_wconf 85' lang='lat' dir='ltr'><strong>Et</strong></span> <span class='ocrx_word' id='word_1_154' title='bbox 1417 1961 1634 2012; x_wconf 84' lang='lat' dir='ltr'><strong>thronus</strong></span> <span class='ocrx_word' id='word_1_155' title='bbox 1665 1959 1777 2026; x_wconf 87' lang='lat' dir='ltr'><strong>ejus</strong></span> <span class='ocrx_word' id='word_1_156' title='bbox 1824 1960 1924 2011; x_wconf 86' lang='lat' dir='ltr'><strong>erit</strong></span> <span class='ocrx_word' id='word_1_157' title='bbox 1957 1959 2092 2010; x_wconf 83' lang='lat' dir='ltr'><strong>sicut</strong></span> 
     </span>
    </p>
   </div>
   <div class='ocr_carea' id='block_1_20' title="bbox 521 2045 2095 2120">
    <p class='ocr_par' dir='ltr' id='par_1_20' title="bbox 521 2045 2095 2120">
     <span class='ocr_line' id='line_1_20' title="bbox 521 2045 2095 2120; baseline 0.002 -25"><span class='ocrx_word' id='word_1_158' title='bbox 521 2045 602 2096; x_wconf 81' lang='lat' dir='ltr'><strong>sol</strong></span> <span class='ocrx_word' id='word_1_159' title='bbox 636 2045 689 2098; x_wconf 89' lang='lat' dir='ltr'><strong>in</strong></span> <span class='ocrx_word' id='word_1_160' title='bbox 719 2059 994 2116; x_wconf 82' lang='lat' dir='ltr'><strong>conspectu</strong></span> <span class='ocrx_word' id='word_1_161' title='bbox 1020 2065 1152 2111; x_wconf 88' lang='lat' dir='ltr'><strong>meo,</strong></span> <span class='ocrx_word' id='word_1_162' title='bbox 1176 2058 1225 2102; x_wconf 79' lang='lat' dir='ltr'><strong>et</strong></span> <span class='ocrx_word' id='word_1_163' title='bbox 1251 2050 1385 2102; x_wconf 80' lang='lat' dir='ltr'><strong>sicut</strong></span> <span class='ocrx_word' id='word_1_164' title='bbox 1433 2049 1560 2102; x_wconf 88' lang='lat' dir='ltr'><strong>luna</strong></span> <span class='ocrx_word' id='word_1_165' title='bbox 1593 2048 1826 2120; x_wconf 73' lang='lat' dir='ltr'><strong>perfecta</strong></span> <span class='ocrx_word' id='word_1_166' title='bbox 1857 2049 1910 2101; x_wconf 89' lang='lat' dir='ltr'><strong>in</strong></span> <span class='ocrx_word' id='word_1_167' title='bbox 1941 2057 2095 2102; x_wconf 66' lang='lat' dir='ltr'><strong>a’ter-</strong></span> 
     </span>
    </p>
   </div>
   <div class='ocr_carea' id='block_1_21' title="bbox 521 2139 1380 2207">
    <p class='ocr_par' dir='ltr' id='par_1_21' title="bbox 521 2139 1380 2207">
     <span class='ocr_line' id='line_1_21' title="bbox 521 2139 1380 2207; baseline 0.013 -24"><span class='ocrx_word' id='word_1_168' title='bbox 521 2149 665 2199; x_wconf 88' lang='lat' dir='ltr'><strong>num,</strong></span> <span class='ocrx_word' id='word_1_169' title='bbox 696 2144 746 2189; x_wconf 87' lang='lat' dir='ltr'><strong>et</strong></span> <span class='ocrx_word' id='word_1_170' title='bbox 777 2139 922 2191; x_wconf 87' lang='lat' dir='ltr'><strong>testis</strong></span> <span class='ocrx_word' id='word_1_171' title='bbox 944 2139 996 2191; x_wconf 88' lang='lat' dir='ltr'><strong>in</strong></span> <span class='ocrx_word' id='word_1_172' title='bbox 1028 2139 1154 2192; x_wconf 72' lang='lat' dir='ltr'><strong>carlo</strong></span> <span class='ocrx_word' id='word_1_173' title='bbox 1186 2139 1380 2207; x_wconf 79' lang='lat' dir='ltr'><strong>ﬁdelis.</strong></span> 
     </span>
    </p>
   </div>
   <div class='ocr_carea' id='block_1_22' title="bbox 1238 279 3084 341">
    <p class='ocr_par' dir='ltr' id='par_1_22' title="bbox 1238 279 3084 341">
     <span class='ocr_line' id='line_1_22' title="bbox 1238 279 3084 341; baseline 0.004 -9"><span class='ocrx_word' id='word_1_174' title='bbox 1238 279 1504 335; x_wconf 70' lang='lat' dir='ltr'><strong>EUSEBH</strong></span> <span class='ocrx_word' id='word_1_175' title='bbox 1528 281 2003 337; x_wconf 61' lang='lat' dir='ltr'><strong>CESAHIENSIS</strong></span> <span class='ocrx_word' id='word_1_176' title='bbox 2039 283 2188 340; x_wconf 84' lang='lat' dir='ltr'><strong>OPP.</strong></span> <span class='ocrx_word' id='word_1_177' title='bbox 2232 285 2408 339; x_wconf 70' lang='lat' dir='ltr'><strong>PARS</strong></span> <span class='ocrx_word' id='word_1_178' title='bbox 2445 284 2531 341; x_wconf 86' lang='grc'><strong>111.</strong></span> <span class='ocrx_word' id='word_1_179' title='bbox 2569 315 2644 331; x_wconf 83' lang='grc' dir='ltr'>-ι</span> <span class='ocrx_word' id='word_1_180' title='bbox 2681 285 3084 341; x_wconf 61' lang='lat' dir='ltr'><strong>EXLGETICA.</strong></span> 
     </span>
    </p>
   </div>
   <div class='ocr_carea' id='block_1_23' title="bbox 3619 290 3722 344">
    <p class='ocr_par' dir='ltr' id='par_1_23' title="bbox 3619 290 3722 344">
     <span class='ocr_line' id='line_1_23' title="bbox 3619 290 3722 344; baseline 0 -2"><span class='ocrx_word' id='word_1_181' title='bbox 3619 290 3722 344; x_wconf 65' lang='grc'><strong>1112</strong></span> 
     </span>
    </p>
   </div>
   <div class='ocr_carea' id='block_1_24' title="bbox 2139 398 3724 472">
    <p class='ocr_par' dir='ltr' id='par_1_24' title="bbox 2139 398 3724 472">
     <span class='ocr_line' id='line_1_24' title="bbox 2139 398 3724 472; baseline 0.004 -21"><span class='ocrx_word' id='word_1_182' title='bbox 2139 418 2181 472; x_wconf 70' lang='grc' dir='ltr'><strong>Α</strong></span> <span class='ocrx_word' id='word_1_183' title='bbox 2213 417 2279 451; x_wconf 89' lang='grc' dir='ltr'><strong>τα</strong></span> <span class='ocrx_word' id='word_1_184' title='bbox 2313 400 2695 471; x_wconf 84' lang='grc' dir='ltr'>παραστατικά</span> <span class='ocrx_word' id='word_1_185' title='bbox 2725 401 2978 470; x_wconf 78' lang='grc' dir='ltr'><strong>τυγχάνει</strong></span> <span class='ocrx_word' id='word_1_186' title='bbox 3008 398 3100 452; x_wconf 87' lang='grc' dir='ltr'><strong>τοῦ</strong></span> <span class='ocrx_word' id='word_1_187' title='bbox 3137 399 3210 470; x_wconf 79' lang='grc' dir='ltr'>μὴ</span> <span class='ocrx_word' id='word_1_188' title='bbox 3257 399 3616 468; x_wconf 66' lang='grc' dir='ltr'><strong>διαψεύσασθαι</strong></span> <span class='ocrx_word' id='word_1_189' title='bbox 3652 407 3724 470; x_wconf 72' lang='grc' dir='ltr'>τὰς</span> 
     </span>
    </p>
   </div>
   <div class='ocr_carea' id='block_1_25' title="bbox 2210 490 3723 562">
    <p class='ocr_par' dir='ltr' id='par_1_25' title="bbox 2210 490 3723 562">
     <span class='ocr_line' id='line_1_25' title="bbox 2210 490 3723 562; baseline 0.004 -18"><span class='ocrx_word' id='word_1_190' title='bbox 2210 492 2304 544; x_wconf 92' lang='grc' dir='ltr'><strong>τοῦ</strong></span> <span class='ocrx_word' id='word_1_191' title='bbox 2331 492 2466 544; x_wconf 88' lang='grc' dir='ltr'>Θεοῦ</span> <span class='ocrx_word' id='word_1_192' title='bbox 2497 491 2846 560; x_wconf 76' lang='grc' dir='ltr'>ἐπαγγελίας,</span> <span class='ocrx_word' id='word_1_193' title='bbox 2876 490 3209 562; x_wconf 87' lang='grc' dir='ltr'>πληροῦσθαι</span> <span class='ocrx_word' id='word_1_194' title='bbox 3240 491 3292 544; x_wconf 80' lang='grc' dir='ltr'>δὲ</span> <span class='ocrx_word' id='word_1_195' title='bbox 3325 493 3506 556; x_wconf 73' lang='grc' dir='ltr'>αὑτὰς,</span> <span class='ocrx_word' id='word_1_196' title='bbox 3538 497 3639 548; x_wconf 81' lang='grc' dir='ltr'>καθ’</span> <span class='ocrx_word' id='word_1_197' title='bbox 3655 499 3723 561; x_wconf 68' lang='grc' dir='ltr'>οὓς</span> 
     </span>
    </p>
   </div>
   <div class='ocr_carea' id='block_1_26' title="bbox 2209 578 3721 654">
    <p class='ocr_par' dir='ltr' id='par_1_26' title="bbox 2209 578 3721 654">
     <span class='ocr_line' id='line_1_26' title="bbox 2209 578 3721 654; baseline 0.005 -20"><span class='ocrx_word' id='word_1_198' title='bbox 2209 578 2315 636; x_wconf 76' lang='grc' dir='ltr'>οἶδε</span> <span class='ocrx_word' id='word_1_199' title='bbox 2335 583 2544 651; x_wconf 80' lang='grc' dir='ltr'>λόγους.</span> <span class='ocrx_word' id='word_1_200' title='bbox 2577 585 2679 636; x_wconf 79' lang='grc' dir='ltr'><strong>Ἑν</strong></span> <span class='ocrx_word' id='word_1_201' title='bbox 2701 583 2808 652; x_wconf 86' lang='grc' dir='ltr'>γὰρ</span> <span class='ocrx_word' id='word_1_202' title='bbox 2831 582 2909 648; x_wconf 82' lang='grc' dir='ltr'>τῷ</span> <span class='ocrx_word' id='word_1_203' title='bbox 2929 582 3161 650; x_wconf 72' lang='grc' dir='ltr'>οὐρανῷ</span> <span class='ocrx_word' id='word_1_204' title='bbox 3177 624 3192 646; x_wconf 92' lang='grc'><strong>,</strong></span> <span class='ocrx_word' id='word_1_205' title='bbox 3220 585 3402 654; x_wconf 68' lang='grc' dir='ltr'>φησὶν,</span> <span class='ocrx_word' id='word_1_206' title='bbox 3427 585 3721 654; x_wconf 78' lang='grc' dir='ltr'>ἑτοιμασθή-</span> 
     </span>
    </p>
   </div>
   <div class='ocr_carea' id='block_1_27' title="bbox 2208 674 3723 746">
    <p class='ocr_par' dir='ltr' id='par_1_27' title="bbox 2208 674 3723 746">
     <span class='ocr_line' id='line_1_27' title="bbox 2208 674 3723 746; baseline 0.003 -20"><span class='ocrx_word' id='word_1_207' title='bbox 2208 688 2376 727; x_wconf 82' lang='grc' dir='ltr'><strong>σεται</strong></span> <span class='ocrx_word' id='word_1_208' title='bbox 2420 675 2457 741; x_wconf 74' lang='grc' dir='ltr'>ἡ</span> <span class='ocrx_word' id='word_1_209' title='bbox 2505 675 2754 742; x_wconf 76' lang='grc' dir='ltr'>ἀλήθειά</span> <span class='ocrx_word' id='word_1_210' title='bbox 2796 691 2945 727; x_wconf 82' lang='grc' dir='ltr'>σου’</span> <span class='ocrx_word' id='word_1_211' title='bbox 2984 674 3169 741; x_wconf 81' lang='grc' dir='ltr'>σαφῶς</span> <span class='ocrx_word' id='word_1_212' title='bbox 3210 674 3387 745; x_wconf 87' lang='grc' dir='ltr'>δηλῶν</span> <span class='ocrx_word' id='word_1_213' title='bbox 3427 677 3723 746; x_wconf 74' lang='grc' dir='ltr'>ἐπουρανίους</span> 
     </span>
    </p>
   </div>
   <div class='ocr_carea' id='block_1_28' title="bbox 2208 763 3723 843">
    <p class='ocr_par' dir='ltr' id='par_1_28' title="bbox 2208 763 3723 843">
     <span class='ocr_line' id='line_1_28' title="bbox 2208 763 3723 843; baseline 0.005 -26"><span class='ocrx_word' id='word_1_214' title='bbox 2208 763 2345 818; x_wconf 85' lang='grc' dir='ltr'>εἶναι</span> <span class='ocrx_word' id='word_1_215' title='bbox 2375 766 2468 818; x_wconf 80' lang='grc' dir='ltr'><strong>καὶ</strong></span> <span class='ocrx_word' id='word_1_216' title='bbox 2495 765 2639 828; x_wconf 82' lang='grc' dir='ltr'>θείας</span> <span class='ocrx_word' id='word_1_217' title='bbox 2663 765 2762 829; x_wconf 88' lang='grc' dir='ltr'><strong>τάς</strong></span> <span class='ocrx_word' id='word_1_218' title='bbox 2791 765 2884 818; x_wconf 88' lang='grc' dir='ltr'><strong>τοῦ</strong></span> <span class='ocrx_word' id='word_1_219' title='bbox 2919 765 3054 818; x_wconf 88' lang='grc' dir='ltr'>Θεοῦ</span> <span class='ocrx_word' id='word_1_220' title='bbox 3088 767 3437 834; x_wconf 75' lang='grc' dir='ltr'>ἐπαγγελίας.</span> <span class='ocrx_word' id='word_1_221' title='bbox 3483 769 3578 821; x_wconf 73' lang='grc' dir='ltr'>Καὶ</span> <span class='ocrx_word' id='word_1_222' title='bbox 3618 790 3723 843; x_wconf 78' lang='grc' dir='ltr'>παρ-</span> 
     </span>
    </p>
   </div>
   <div class='ocr_carea' id='block_1_29' title="bbox 2243 855 3725 931">
    <p class='ocr_par' dir='ltr' id='par_1_29' title="bbox 2243 855 3725 931">
     <span class='ocr_line' id='line_1_29' title="bbox 2243 855 3725 931; baseline 0.009 -26"><span class='ocrx_word' id='word_1_223' title='bbox 2243 873 2404 927; x_wconf 75' lang='grc' dir='ltr'>στηκε</span> <span class='ocrx_word' id='word_1_224' title='bbox 2435 856 2541 909; x_wconf 87' lang='grc' dir='ltr'><strong>τῶν</strong></span> <span class='ocrx_word' id='word_1_225' title='bbox 2562 856 2732 925; x_wconf 86' lang='grc' dir='ltr'>λόγων</span> <span class='ocrx_word' id='word_1_226' title='bbox 2764 855 2833 908; x_wconf 86' lang='grc' dir='ltr'><strong>τὰ</strong></span> <span class='ocrx_word' id='word_1_227' title='bbox 2866 856 3278 927; x_wconf 76' lang='grc' dir='ltr'><strong>ἀποτελέσματα</strong></span> <span class='ocrx_word' id='word_1_228' title='bbox 3299 858 3389 911; x_wconf 68' lang='grc' dir='ltr'><strong>διὰ</strong></span> <span class='ocrx_word' id='word_1_229' title='bbox 3416 859 3504 911; x_wconf 87' lang='grc' dir='ltr'><strong>τοῦ</strong></span> <span class='ocrx_word' id='word_1_230' title='bbox 3522 862 3725 931; x_wconf 70' lang='grc' dir='ltr'>Σωτῆρος</span> 
     </span>
    </p>
   </div>
   <div class='ocr_carea' id='block_1_30' title="bbox 2207 947 3724 1023">
    <p class='ocr_par' dir='ltr' id='par_1_30' title="bbox 2207 947 3724 1023">
     <span class='ocr_line' id='line_1_30' title="bbox 2207 947 3724 1023; baseline 0.004 -23"><span class='ocrx_word' id='word_1_231' title='bbox 2207 949 2360 1020; x_wconf 83' lang='grc' dir='ltr'>ήμῶν</span> <span class='ocrx_word' id='word_1_232' title='bbox 2401 949 2572 1020; x_wconf 85' lang='grc' dir='ltr'>Ἰησοῦ</span> <span class='ocrx_word' id='word_1_233' title='bbox 2619 947 2852 1019; x_wconf 76' lang='grc' dir='ltr'>Χριστοῦ</span> <span class='ocrx_word' id='word_1_234' title='bbox 2896 947 3014 1008; x_wconf 78' lang='grc' dir='ltr'>τοῦ,</span> <span class='ocrx_word' id='word_1_235' title='bbox 3042 950 3334 1020; x_wconf 81' lang='grc' dir='ltr'>γενομένου</span> <span class='ocrx_word' id='word_1_236' title='bbox 3379 952 3441 1003; x_wconf 83' lang='grc' dir='ltr'>ὲκ</span> <span class='ocrx_word' id='word_1_237' title='bbox 3469 953 3724 1023; x_wconf 78' lang='grc' dir='ltr'>σπέρματος</span> 
     </span>
    </p>
   </div>
   <div class='ocr_carea' id='block_1_31' title="bbox 2205 1039 3723 1114">
    <p class='ocr_par' dir='ltr' id='par_1_31' title="bbox 2205 1039 3723 1114">
     <span class='ocr_line' id='line_1_31' title="bbox 2205 1039 3723 1114; baseline 0.003 -21"><span class='ocrx_word' id='word_1_238' title='bbox 2205 1041 2366 1094; x_wconf 78' lang='grc' dir='ltr'>Δαυῒδ</span> <span class='ocrx_word' id='word_1_239' title='bbox 2400 1042 2800 1114; x_wconf 75' lang='grc' dir='ltr'>πεπληρωμένα</span> <span class='ocrx_word' id='word_1_240' title='bbox 2819 1060 2832 1073; x_wconf 73' lang='grc' dir='ltr'><strong>ο</strong></span> <span class='ocrx_word' id='word_1_241' title='bbox 2857 1043 3045 1096; x_wconf 78' lang='grc' dir='ltr'>τούτου</span> <span class='ocrx_word' id='word_1_242' title='bbox 3073 1043 3180 1113; x_wconf 75' lang='grc' dir='ltr'><strong>γὰρ</strong></span> <span class='ocrx_word' id='word_1_243' title='bbox 3203 1043 3235 1111; x_wconf 79' lang='grc' dir='ltr'><strong>ἡ</strong></span> <span class='ocrx_word' id='word_1_244' title='bbox 3269 1039 3506 1110; x_wconf 79' lang='grc' dir='ltr'>βασιλεία</span> <span class='ocrx_word' id='word_1_245' title='bbox 3529 1043 3610 1095; x_wconf 70' lang='grc' dir='ltr'><strong>καὶ</strong></span> <span class='ocrx_word' id='word_1_246' title='bbox 3629 1045 3723 1114; x_wconf 73' lang='grc' dir='ltr'>θρό-</span> 
     </span>
    </p>
   </div>
   <div class='ocr_carea' id='block_1_32' title="bbox 2205 1130 3722 1206">
    <p class='ocr_par' dir='ltr' id='par_1_32' title="bbox 2205 1130 3722 1206">
     <span class='ocr_line' id='line_1_32' title="bbox 2205 1130 3722 1206; baseline 0.004 -22"><span class='ocrx_word' id='word_1_247' title='bbox 2205 1150 2293 1196; x_wconf 90' lang='grc' dir='ltr'><strong>νος</strong></span> <span class='ocrx_word' id='word_1_248' title='bbox 2320 1133 2420 1186; x_wconf 74' lang='grc' dir='ltr'>οὐκ</span> <span class='ocrx_word' id='word_1_249' title='bbox 2457 1133 2794 1206; x_wconf 80' lang='grc' dir='ltr'>ἀνθρώπινος</span> <span class='ocrx_word' id='word_1_250' title='bbox 2825 1130 2893 1204; x_wconf 80' lang='grc' dir='ltr'>ἦν</span> <span class='ocrx_word' id='word_1_251' title='bbox 2914 1176 2929 1200; x_wconf 93' lang='grc'><strong>,</strong></span> <span class='ocrx_word' id='word_1_252' title='bbox 2962 1133 3083 1187; x_wconf 78' lang='grc' dir='ltr'>οὐδὲ</span> <span class='ocrx_word' id='word_1_253' title='bbox 3113 1136 3176 1187; x_wconf 83' lang='grc' dir='ltr'>ἐκ</span> <span class='ocrx_word' id='word_1_254' title='bbox 3213 1133 3305 1186; x_wconf 88' lang='grc' dir='ltr'><strong>τοῦ</strong></span> <span class='ocrx_word' id='word_1_255' title='bbox 3335 1136 3533 1205; x_wconf 81' lang='grc' dir='ltr'>κόσμου</span> <span class='ocrx_word' id='word_1_256' title='bbox 3555 1135 3722 1190; x_wconf 68' lang='grc' dir='ltr'>τούτου.</span> 
     </span>
    </p>
   </div>
   <div class='ocr_carea' id='block_1_33' title="bbox 2204 1223 3724 1296">
    <p class='ocr_par' dir='ltr' id='par_1_33' title="bbox 2204 1223 3724 1296">
     <span class='ocr_line' id='line_1_33' title="bbox 2204 1223 3724 1296; baseline 0.004 -20"><span class='ocrx_word' id='word_1_257' title='bbox 2204 1224 2294 1276; x_wconf 81' lang='grc' dir='ltr'>Διὸ</span> <span class='ocrx_word' id='word_1_258' title='bbox 2323 1223 2505 1292; x_wconf 81' lang='grc' dir='ltr'>ἔλεγεν</span> <span class='ocrx_word' id='word_1_259' title='bbox 2535 1225 2626 1276; x_wconf 80' lang='grc' dir='ltr'>ἐπὶ</span> <span class='ocrx_word' id='word_1_260' title='bbox 2650 1225 2741 1278; x_wconf 89' lang='grc' dir='ltr'><strong>τοῦ</strong></span> <span class='ocrx_word' id='word_1_261' title='bbox 2769 1226 2997 1280; x_wconf 83' lang='grc' dir='ltr'><strong>Πιλάτου</strong></span> <span class='ocrx_word' id='word_1_262' title='bbox 3016 1246 3028 1256; x_wconf 91' lang='grc'><strong>·</strong></span> <span class='ocrx_word' id='word_1_263' title='bbox 3058 1228 3129 1281; x_wconf 80' lang='grc' dir='ltr'><em>Ἠ</em></span> <span class='ocrx_word' id='word_1_264' title='bbox 3145 1227 3434 1290; x_wconf 85' lang='grc' dir='ltr'>,ϐασιλεία</span> <span class='ocrx_word' id='word_1_265' title='bbox 3462 1229 3498 1293; x_wconf 77' lang='grc' dir='ltr'><em>ὴ</em></span> <span class='ocrx_word' id='word_1_266' title='bbox 3526 1227 3624 1296; x_wconf 76' lang='grc' dir='ltr'><strong>ἐμὴ</strong></span> <span class='ocrx_word' id='word_1_267' title='bbox 3643 1233 3724 1281; x_wconf 74' lang='grc' dir='ltr'>οὐκ</span> 
     </span>
    </p>
   </div>
   <div class='ocr_carea' id='block_1_34' title="bbox 2202 1313 3725 1386">
    <p class='ocr_par' dir='ltr' id='par_1_34' title="bbox 2202 1313 3725 1386">
     <span class='ocr_line' id='line_1_34' title="bbox 2202 1313 3725 1386; baseline 0.003 -20"><span class='ocrx_word' id='word_1_268' title='bbox 2202 1314 2373 1366; x_wconf 77' lang='grc' dir='ltr'>ἐστιν</span> <span class='ocrx_word' id='word_1_269' title='bbox 2399 1314 2467 1366; x_wconf 82' lang='grc' dir='ltr'>ἐκ</span> <span class='ocrx_word' id='word_1_270' title='bbox 2498 1313 2603 1367; x_wconf 87' lang='grc' dir='ltr'><strong>τοῦ</strong></span> <span class='ocrx_word' id='word_1_271' title='bbox 2638 1315 2866 1384; x_wconf 83' lang='grc' dir='ltr'><strong>κόσμου</strong></span> <span class='ocrx_word' id='word_1_272' title='bbox 2900 1317 3134 1369; x_wconf 85' lang='grc' dir='ltr'>τούτου.</span> <span class='ocrx_word' id='word_1_273' title='bbox 3207 1316 3529 1386; x_wconf 82' lang='grc' dir='ltr'>Ἐρωτηθείς</span> <span class='ocrx_word' id='word_1_274' title='bbox 3569 1333 3620 1369; x_wconf 82' lang='grc' dir='ltr'><strong>τε</strong></span> <span class='ocrx_word' id='word_1_275' title='bbox 3658 1319 3725 1370; x_wconf 79' lang='grc' dir='ltr'>ὑπ’</span> 
     </span>
    </p>
   </div>
   <div class='ocr_carea' id='block_1_35' title="bbox 2204 1402 3722 1474">
    <p class='ocr_par' dir='ltr' id='par_1_35' title="bbox 2204 1402 3722 1474">
     <span class='ocr_line' id='line_1_35' title="bbox 2204 1402 3722 1474; baseline 0.003 -19"><span class='ocrx_word' id='word_1_276' title='bbox 2204 1403 2366 1455; x_wconf 71' lang='grc' dir='ltr'>αὐτοῦ</span> <span class='ocrx_word' id='word_1_277' title='bbox 2397 1406 2444 1457; x_wconf 87' lang='grc' dir='ltr'><strong>εί</strong></span> <span class='ocrx_word' id='word_1_278' title='bbox 2478 1402 2728 1471; x_wconf 80' lang='grc' dir='ltr'>βασιλεὺς</span> <span class='ocrx_word' id='word_1_279' title='bbox 2774 1405 2856 1474; x_wconf 80' lang='grc' dir='ltr'><strong>εἴη</strong></span> <span class='ocrx_word' id='word_1_280' title='bbox 2877 1442 2891 1467; x_wconf 95' lang='grc'><strong>,</strong></span> <span class='ocrx_word' id='word_1_281' title='bbox 2927 1403 3288 1474; x_wconf 87' lang='grc' dir='ltr'>ἀπεκρίνατο,</span> <span class='ocrx_word' id='word_1_282' title='bbox 3335 1407 3439 1468; x_wconf 79' lang='grc' dir='ltr'><strong>Εἰς</strong></span> <span class='ocrx_word' id='word_1_283' title='bbox 3472 1404 3627 1458; x_wconf 80' lang='grc' dir='ltr'>τοῦτο</span> <span class='ocrx_word' id='word_1_284' title='bbox 3654 1409 3722 1459; x_wconf 76' lang='lat' dir='ltr'><strong>xal</strong></span> 
     </span>
    </p>
   </div>
   <div class='ocr_carea' id='block_1_36' title="bbox 2203 1494 3722 1567">
    <p class='ocr_par' dir='ltr' id='par_1_36' title="bbox 2203 1494 3722 1567">
     <span class='ocr_line' id='line_1_36' title="bbox 2203 1494 3722 1567; baseline 0 -19"><span class='ocrx_word' id='word_1_285' title='bbox 2203 1496 2572 1566; x_wconf 71' lang='grc' dir='ltr'><strong>γεγέννημαι.</strong></span> <span class='ocrx_word' id='word_1_286' title='bbox 2625 1494 2836 1548; x_wconf 73' lang='grc' dir='ltr'>οὐκοῦν</span> <span class='ocrx_word' id='word_1_287' title='bbox 2862 1497 2911 1549; x_wconf 87' lang='grc' dir='ltr'>εἰ</span> <span class='ocrx_word' id='word_1_288' title='bbox 2937 1495 3278 1567; x_wconf 81' lang='grc' dir='ltr'>γεγέννηται,</span> <span class='ocrx_word' id='word_1_289' title='bbox 3312 1499 3462 1566; x_wconf 86' lang='grc' dir='ltr'>μενεῖ</span> <span class='ocrx_word' id='word_1_290' title='bbox 3491 1498 3564 1558; x_wconf 77' lang='grc' dir='ltr'><strong>είς</strong></span> <span class='ocrx_word' id='word_1_291' title='bbox 3584 1496 3722 1550; x_wconf 80' lang='grc' dir='ltr'>τοῦτο.</span> 
     </span>
    </p>
   </div>
   <div class='ocr_carea' id='block_1_37' title="bbox 2204 1587 3722 1662">
    <p class='ocr_par' dir='ltr' id='par_1_37' title="bbox 2204 1587 3722 1662">
     <span class='ocr_line' id='line_1_37' title="bbox 2204 1587 3722 1662; baseline 0.001 -21"><span class='ocrx_word' id='word_1_292' title='bbox 2204 1589 2312 1641; x_wconf 73' lang='grc' dir='ltr'><strong>Καὶ</strong></span> <span class='ocrx_word' id='word_1_293' title='bbox 2343 1590 2606 1660; x_wconf 81' lang='grc' dir='ltr'>μαρτυρεῖ</span> <span class='ocrx_word' id='word_1_294' title='bbox 2633 1587 2709 1658; x_wconf 82' lang='grc' dir='ltr'>τῷ</span> <span class='ocrx_word' id='word_1_295' title='bbox 2733 1588 2876 1657; x_wconf 85' lang='grc' dir='ltr'>λόγῳ</span> <span class='ocrx_word' id='word_1_296' title='bbox 2905 1589 2932 1640; x_wconf 88' lang='grc' dir='ltr'><strong>ό</strong></span> <span class='ocrx_word' id='word_1_297' title='bbox 2955 1589 3051 1659; x_wconf 80' lang='grc' dir='ltr'><strong>τὴν</strong></span> <span class='ocrx_word' id='word_1_298' title='bbox 3084 1589 3296 1658; x_wconf 87' lang='grc' dir='ltr'>γένεσιν</span> <span class='ocrx_word' id='word_1_299' title='bbox 3329 1588 3490 1642; x_wconf 76' lang='grc' dir='ltr'>αὑτοῦ</span> <span class='ocrx_word' id='word_1_300' title='bbox 3522 1593 3581 1659; x_wconf 80' lang='grc' dir='ltr'>τῇ</span> <span class='ocrx_word' id='word_1_301' title='bbox 3613 1591 3722 1662; x_wconf 78' lang='grc' dir='ltr'>Παρ-</span> 
     </span>
    </p>
   </div>
   <div class='ocr_carea' id='block_1_38' title="bbox 2203 1679 3725 1753">
    <p class='ocr_par' dir='ltr' id='par_1_38' title="bbox 2203 1679 3725 1753">
     <span class='ocr_line' id='line_1_38' title="bbox 2203 1679 3725 1753; baseline 0.001 -21"><span class='ocrx_word' id='word_1_302' title='bbox 2203 1680 2339 1750; x_wconf 82' lang='grc' dir='ltr'>θένῳ</span> <span class='ocrx_word' id='word_1_303' title='bbox 2370 1679 2858 1750; x_wconf 78' lang='grc' dir='ltr'>εὐαγγελισάμενος</span> <span class='ocrx_word' id='word_1_304' title='bbox 2887 1681 3115 1749; x_wconf 78' lang='grc' dir='ltr'>ἄγγελος</span> <span class='ocrx_word' id='word_1_305' title='bbox 3142 1684 3169 1735; x_wconf 89' lang='grc' dir='ltr'><strong>ό</strong></span> <span class='ocrx_word' id='word_1_306' title='bbox 3192 1681 3433 1753; x_wconf 73' lang='grc' dir='ltr'>Γαϐριὴλ</span> <span class='ocrx_word' id='word_1_307' title='bbox 3455 1681 3608 1734; x_wconf 85' lang='grc' dir='ltr'>είπὼν</span> 
     </span>
    </p>
   </div>
   <div class='ocr_carea' id='block_1_39' title="bbox 2130 1770 3721 1842">
    <p class='ocr_par' dir='ltr' id='par_1_39' title="bbox 2130 1770 3721 1842">
     <span class='ocr_line' id='line_1_39' title="bbox 2130 1770 3721 1842; baseline 0.001 -18"><span class='ocrx_word' id='word_1_308' title='bbox 2130 1779 2170 1830; x_wconf 74' lang='grc' dir='ltr'><strong>Β</strong></span> <span class='ocrx_word' id='word_1_309' title='bbox 2200 1773 2394 1842; x_wconf 73' lang='grc' dir='ltr'>αὑτήν·</span> <span class='ocrx_word' id='word_1_310' title='bbox 2452 1771 2561 1825; x_wconf 84' lang='grc' dir='ltr'><strong>Καὶ</strong></span> <span class='ocrx_word' id='word_1_311' title='bbox 2599 1771 2729 1824; x_wconf 75' lang='grc' dir='ltr'>ἰδοὺ</span> <span class='ocrx_word' id='word_1_312' title='bbox 2761 1770 3057 1841; x_wconf 70' lang='grc' dir='ltr'>συλλήψῃ</span> <span class='ocrx_word' id='word_1_313' title='bbox 3090 1773 3160 1825; x_wconf 84' lang='grc' dir='ltr'><strong>ἐν</strong></span> <span class='ocrx_word' id='word_1_314' title='bbox 3189 1773 3434 1842; x_wconf 72' lang='grc' dir='ltr'>γαστρὶ,</span> <span class='ocrx_word' id='word_1_315' title='bbox 3481 1773 3568 1826; x_wconf 76' lang='grc' dir='ltr'><strong>καί</strong></span> <span class='ocrx_word' id='word_1_316' title='bbox 3595 1774 3721 1840; x_wconf 72' lang='grc' dir='ltr'>τέξῃ,</span> 
     </span>
    </p>
   </div>
   <div class='ocr_carea' id='block_1_40' title="bbox 2201 1861 3723 1932">
    <p class='ocr_par' dir='ltr' id='par_1_40' title="bbox 2201 1861 3723 1932">
     <span class='ocr_line' id='line_1_40' title="bbox 2201 1861 3723 1932; baseline -0.002 -13"><span class='ocrx_word' id='word_1_317' title='bbox 2201 1865 2294 1918; x_wconf 77' lang='grc' dir='ltr'>καὶ</span> <span class='ocrx_word' id='word_1_318' title='bbox 2316 1863 2593 1929; x_wconf 77' lang='grc' dir='ltr'>καλέσεις</span> <span class='ocrx_word' id='word_1_319' title='bbox 2614 1862 2677 1916; x_wconf 84' lang='grc' dir='ltr'>τὸ</span> <span class='ocrx_word' id='word_1_320' title='bbox 2703 1863 2888 1932; x_wconf 79' lang='grc' dir='ltr'>ὄνομα</span> <span class='ocrx_word' id='word_1_321' title='bbox 2909 1864 3094 1917; x_wconf 84' lang='grc' dir='ltr'>αὐτοῦ</span> <span class='ocrx_word' id='word_1_322' title='bbox 3124 1865 3388 1930; x_wconf 81' lang='grc' dir='ltr'>Ἰησοῦν.</span> <span class='ocrx_word' id='word_1_323' title='bbox 3409 1861 3582 1930; x_wconf 82' lang='grc' dir='ltr'>Οὗτος</span> <span class='ocrx_word' id='word_1_324' title='bbox 3595 1865 3723 1916; x_wconf 78' lang='grc' dir='ltr'>ἔσται</span> 
     </span>
    </p>
   </div>
   <div class='ocr_carea' id='block_1_41' title="bbox 2193 1938 3723 2027">
    <p class='ocr_par' dir='ltr' id='par_1_41' title="bbox 2193 1938 3723 2027">
     <span class='ocr_line' id='line_1_41' title="bbox 2193 1938 3723 2027; baseline 0.002 -20"><span class='ocrx_word' id='word_1_325' title='bbox 2193 1957 2399 2027; x_wconf 73' lang='grc' dir='ltr'>μέγας,</span> <span class='ocrx_word' id='word_1_326' title='bbox 2435 1955 2530 2009; x_wconf 74' lang='grc' dir='ltr'>καὶ</span> <span class='ocrx_word' id='word_1_327' title='bbox 2563 1955 2691 2021; x_wconf 72' lang='grc' dir='ltr'>υίὸς</span> <span class='ocrx_word' id='word_1_328' title='bbox 2721 1938 3015 2024; x_wconf 64' lang='grc' dir='ltr'><strong>’Υψίσὲου</strong></span> <span class='ocrx_word' id='word_1_329' title='bbox 3045 1958 3438 2025; x_wconf 80' lang='grc' dir='ltr'>κληθήσεται.</span> <span class='ocrx_word' id='word_1_330' title='bbox 3470 1959 3569 2011; x_wconf 77' lang='grc' dir='ltr'><strong>Καὶ</strong></span> <span class='ocrx_word' id='word_1_331' title='bbox 3589 1957 3723 2010; x_wconf 70' lang='grc' dir='ltr'>δώσει</span> 
     </span>
    </p>
   </div>
   <div class='ocr_carea' id='block_1_42' title="bbox 2199 2042 3720 2113">
    <p class='ocr_par' dir='ltr' id='par_1_42' title="bbox 2199 2042 3720 2113">
     <span class='ocr_line' id='line_1_42' title="bbox 2199 2042 3720 2113; baseline 0.001 -17"><span class='ocrx_word' id='word_1_332' title='bbox 2199 2042 2357 2108; x_wconf 68' lang='grc' dir='ltr'><strong>αἱ)τῷ</strong></span> <span class='ocrx_word' id='word_1_333' title='bbox 2383 2046 2416 2095; x_wconf 83' lang='grc' dir='ltr'><strong>ό</strong></span> <span class='ocrx_word' id='word_1_334' title='bbox 2453 2042 2593 2108; x_wconf 78' lang='grc' dir='ltr'>Θεὸς</span> <span class='ocrx_word' id='word_1_335' title='bbox 2616 2043 2722 2094; x_wconf 83' lang='grc' dir='ltr'><strong>τὸν</strong></span> <span class='ocrx_word' id='word_1_336' title='bbox 2748 2044 2966 2111; x_wconf 81' lang='grc' dir='ltr'><em>θρόνον</em></span> <span class='ocrx_word' id='word_1_337' title='bbox 2987 2045 3168 2098; x_wconf 70' lang='grc' dir='ltr'>Δαινῒδ</span> <span class='ocrx_word' id='word_1_338' title='bbox 3189 2046 3296 2100; x_wconf 87' lang='grc' dir='ltr'><strong>τοῦ</strong></span> <span class='ocrx_word' id='word_1_339' title='bbox 3321 2048 3536 2113; x_wconf 77' lang='grc' dir='ltr'>πατρὸς</span> <span class='ocrx_word' id='word_1_340' title='bbox 3559 2046 3720 2109; x_wconf 71' lang='grc' dir='ltr'>αὐτοῦ,</span> 
     </span>
    </p>
   </div>
   <div class='ocr_carea' id='block_1_43' title="bbox 2201 2134 3722 2204">
    <p class='ocr_par' dir='ltr' id='par_1_43' title="bbox 2201 2134 3722 2204">
     <span class='ocr_line' id='line_1_43' title="bbox 2201 2134 3722 2204; baseline 0.001 -18"><span class='ocrx_word' id='word_1_341' title='bbox 2201 2136 2296 2186; x_wconf 76' lang='grc' dir='ltr'>καὶ</span> <span class='ocrx_word' id='word_1_342' title='bbox 2324 2135 2687 2197; x_wconf 77' lang='grc' dir='ltr'>βασιλεύσει</span> <span class='ocrx_word' id='word_1_343' title='bbox 2720 2136 2806 2199; x_wconf 81' lang='grc' dir='ltr'>εὶς</span> <span class='ocrx_word' id='word_1_344' title='bbox 2829 2134 2937 2187; x_wconf 84' lang='grc' dir='ltr'>τὸν</span> <span class='ocrx_word' id='word_1_345' title='bbox 2963 2135 3169 2198; x_wconf 77' lang='grc' dir='ltr'>αἰῶνα,</span> <span class='ocrx_word' id='word_1_346' title='bbox 3205 2137 3306 2189; x_wconf 76' lang='grc' dir='ltr'><strong>καί</strong></span> <span class='ocrx_word' id='word_1_347' title='bbox 3329 2137 3438 2204; x_wconf 81' lang='grc' dir='ltr'>τῆς</span> <span class='ocrx_word' id='word_1_348' title='bbox 3454 2138 3722 2203; x_wconf 76' lang='grc' dir='ltr'>,ϐασιλείας</span> 
     </span>
    </p>
   </div>
   <div class='ocr_carea' id='block_1_44' title="bbox 519 2220 3720 2320">
    <p class='ocr_par' dir='ltr' id='par_1_44' title="bbox 519 2220 3720 2320">
     <span class='ocr_line' id='line_1_44' title="bbox 519 2220 3720 2320; baseline 0 -42"><span class='ocrx_word' id='word_1_349' title='bbox 519 2227 705 2280; x_wconf 74' lang='grc' dir='ltr'>αὐτοῦ</span> <span class='ocrx_word' id='word_1_350' title='bbox 743 2231 854 2282; x_wconf 80' lang='grc' dir='ltr'>οὐκ</span> <span class='ocrx_word' id='word_1_351' title='bbox 882 2229 1052 2283; x_wconf 81' lang='grc' dir='ltr'>ἔσται</span> <span class='ocrx_word' id='word_1_352' title='bbox 1081 2231 1274 2296; x_wconf 82' lang='grc' dir='ltr'>τέλος.</span> <span class='ocrx_word' id='word_1_353' title='bbox 1307 2232 1632 2302; x_wconf 79' lang='grc' dir='ltr'>Γεγέννηται</span> <span class='ocrx_word' id='word_1_354' title='bbox 1653 2235 1829 2286; x_wconf 81' lang='grc' dir='ltr'>τοίνυν</span> <span class='ocrx_word' id='word_1_355' title='bbox 1851 2235 1930 2297; x_wconf 87' lang='grc' dir='ltr'><strong>είς</strong></span> <span class='ocrx_word' id='word_1_356' title='bbox 1946 2232 2126 2292; x_wconf 82' lang='grc' dir='ltr'>τοῦτο,</span> <span class='ocrx_word' id='word_1_357' title='bbox 2157 2227 2269 2281; x_wconf 78' lang='grc' dir='ltr'>ἀλλ’</span> <span class='ocrx_word' id='word_1_358' title='bbox 2294 2227 2391 2279; x_wconf 76' lang='grc' dir='ltr'><strong>οὐκ</strong></span> <span class='ocrx_word' id='word_1_359' title='bbox 2424 2220 2491 2295; x_wconf 83' lang='grc' dir='ltr'>ἦν</span> <span class='ocrx_word' id='word_1_360' title='bbox 2525 2227 2557 2286; x_wconf 83' lang='grc' dir='ltr'>ὴ</span> <span class='ocrx_word' id='word_1_361' title='bbox 2587 2225 2830 2294; x_wconf 79' lang='grc' dir='ltr'>βασιλεία</span> <span class='ocrx_word' id='word_1_362' title='bbox 2887 2227 3054 2280; x_wconf 74' lang='grc' dir='ltr'>αὐτοῦ</span> <span class='ocrx_word' id='word_1_363' title='bbox 3092 2230 3155 2282; x_wconf 81' lang='grc' dir='ltr'>ἐκ</span> <span class='ocrx_word' id='word_1_364' title='bbox 3176 2227 3268 2281; x_wconf 81' lang='grc' dir='ltr'><strong>τοῦ</strong></span> <span class='ocrx_word' id='word_1_365' title='bbox 3300 2229 3503 2300; x_wconf 84' lang='grc' dir='ltr'>κόσμου</span> <span class='ocrx_word' id='word_1_366' title='bbox 3545 2229 3720 2320; x_wconf 40' lang='grc' dir='ltr'>τούτους</span> 
     </span>
    </p>
   </div>
   <div class='ocr_carea' id='block_1_45' title="bbox 519 2317 3708 2396">
    <p class='ocr_par' dir='ltr' id='par_1_45' title="bbox 519 2317 3708 2396">
     <span class='ocr_line' id='line_1_45' title="bbox 519 2317 3708 2396; baseline 0 -26"><span class='ocrx_word' id='word_1_367' title='bbox 519 2319 551 2386; x_wconf 81' lang='grc' dir='ltr'><strong>ή</strong></span> <span class='ocrx_word' id='word_1_368' title='bbox 585 2319 682 2388; x_wconf 77' lang='grc' dir='ltr'>μὲν</span> <span class='ocrx_word' id='word_1_369' title='bbox 709 2319 819 2389; x_wconf 79' lang='grc' dir='ltr'>γὰρ</span> <span class='ocrx_word' id='word_1_370' title='bbox 845 2319 937 2372; x_wconf 89' lang='grc' dir='ltr'><strong>τοῦ</strong></span> <span class='ocrx_word' id='word_1_371' title='bbox 959 2322 1161 2391; x_wconf 83' lang='grc' dir='ltr'>κόσμου</span> <span class='ocrx_word' id='word_1_372' title='bbox 1181 2324 1370 2376; x_wconf 79' lang='grc' dir='ltr'>τοῦτου</span> <span class='ocrx_word' id='word_1_373' title='bbox 1399 2325 1643 2393; x_wconf 81' lang='grc' dir='ltr'>βασιλεία</span> <span class='ocrx_word' id='word_1_374' title='bbox 1666 2326 1764 2396; x_wconf 78' lang='grc' dir='ltr'>οὐχ</span> <span class='ocrx_word' id='word_1_375' title='bbox 1787 2327 1872 2380; x_wconf 76' lang='grc' dir='ltr'><strong>οἵα</strong></span> <span class='ocrx_word' id='word_1_376' title='bbox 1893 2326 1949 2378; x_wconf 83' lang='grc' dir='ltr'><em>τέ</em></span> <span class='ocrx_word' id='word_1_377' title='bbox 1973 2327 2086 2376; x_wconf 81' lang='grc' dir='ltr'>ἐστι</span> <span class='ocrx_word' id='word_1_378' title='bbox 2116 2324 2356 2393; x_wconf 85' lang='grc' dir='ltr'>διαρκεῖν</span> <span class='ocrx_word' id='word_1_379' title='bbox 2391 2320 2470 2381; x_wconf 84' lang='grc' dir='ltr'><strong>είς</strong></span> <span class='ocrx_word' id='word_1_380' title='bbox 2501 2319 2590 2370; x_wconf 80' lang='grc' dir='ltr'>τὸν</span> <span class='ocrx_word' id='word_1_381' title='bbox 2631 2317 2800 2371; x_wconf 80' lang='grc' dir='ltr'>αἰῶνα</span> <span class='ocrx_word' id='word_1_382' title='bbox 2825 2358 2840 2382; x_wconf 92' lang='grc'><strong>,</strong></span> <span class='ocrx_word' id='word_1_383' title='bbox 2887 2319 2995 2372; x_wconf 75' lang='grc' dir='ltr'>οὐδ’</span> <span class='ocrx_word' id='word_1_384' title='bbox 3048 2321 3195 2373; x_wconf 71' lang='grc' dir='ltr'>ἐστὶν</span> <span class='ocrx_word' id='word_1_385' title='bbox 3240 2319 3581 2390; x_wconf 80' lang='grc' dir='ltr'>ἀτελεύτητος</span> <span class='ocrx_word' id='word_1_386' title='bbox 3599 2361 3611 2382; x_wconf 92' lang='grc'><strong>,</strong></span> <span class='ocrx_word' id='word_1_387' title='bbox 3639 2319 3708 2371; x_wconf 67' lang='grc' dir='ltr'><strong>οῦδ</strong></span> 
     </span>
    </p>
   </div>
   <div class='ocr_carea' id='block_1_46' title="bbox 522 2409 3715 2490">
    <p class='ocr_par' dir='ltr' id='par_1_46' title="bbox 522 2409 3715 2490">
     <span class='ocr_line' id='line_1_46' title="bbox 522 2409 3715 2490; baseline 0 -29"><span class='ocrx_word' id='word_1_388' title='bbox 522 2414 600 2473; x_wconf 79' lang='grc' dir='ltr'>εἰς</span> <span class='ocrx_word' id='word_1_389' title='bbox 633 2409 691 2463; x_wconf 82' lang='grc' dir='ltr'><strong>τὸ</strong></span> <span class='ocrx_word' id='word_1_390' title='bbox 727 2412 950 2482; x_wconf 73' lang='grc' dir='ltr'>ἄπειρον</span> <span class='ocrx_word' id='word_1_391' title='bbox 976 2415 1322 2485; x_wconf 69' lang='grc' dir='ltr'>ἐκτεινομένη</span> <span class='ocrx_word' id='word_1_392' title='bbox 1343 2435 1354 2446; x_wconf 88' lang='grc'><strong>·</strong></span> <span class='ocrx_word' id='word_1_393' title='bbox 1386 2417 1418 2486; x_wconf 84' lang='grc' dir='ltr'>ὴ</span> <span class='ocrx_word' id='word_1_394' title='bbox 1447 2415 1501 2468; x_wconf 81' lang='grc' dir='ltr'><strong>δὲ</strong></span> <span class='ocrx_word' id='word_1_395' title='bbox 1533 2417 1610 2487; x_wconf 80' lang='grc' dir='ltr'>τῷ</span> <span class='ocrx_word' id='word_1_396' title='bbox 1639 2420 1916 2490; x_wconf 88' lang='grc' dir='ltr'>σπέρματι</span> <span class='ocrx_word' id='word_1_397' title='bbox 1938 2416 2099 2471; x_wconf 77' lang='grc' dir='ltr'>Δαυῒδ</span> <span class='ocrx_word' id='word_1_398' title='bbox 2128 2413 2508 2486; x_wconf 83' lang='grc' dir='ltr'>ὲπηγγελμένη</span> <span class='ocrx_word' id='word_1_399' title='bbox 2546 2413 2790 2484; x_wconf 84' lang='grc' dir='ltr'>βασιλεία</span> <span class='ocrx_word' id='word_1_400' title='bbox 2821 2411 3036 2476; x_wconf 87' lang='grc' dir='ltr'>αἰώνιός</span> <span class='ocrx_word' id='word_1_401' title='bbox 3080 2430 3163 2476; x_wconf 89' lang='grc' dir='ltr'><strong>τις</strong></span> <span class='ocrx_word' id='word_1_402' title='bbox 3213 2409 3282 2483; x_wconf 83' lang='grc' dir='ltr'>ἦν</span> <span class='ocrx_word' id='word_1_403' title='bbox 3335 2414 3428 2467; x_wconf 75' lang='grc' dir='ltr'><strong>καὶ</strong></span> <span class='ocrx_word' id='word_1_404' title='bbox 3468 2414 3715 2474; x_wconf 76' lang='grc' dir='ltr'>ἀθάνατος·</span> 
     </span>
    </p>
   </div>
   <div class='ocr_carea' id='block_1_47' title="bbox 521 2501 3719 2581">
    <p class='ocr_par' dir='ltr' id='par_1_47' title="bbox 521 2501 3719 2581">
     <span class='ocr_line' id='line_1_47' title="bbox 521 2501 3719 2581; baseline 0.003 -29"><span class='ocrx_word' id='word_1_405' title='bbox 521 2501 626 2553; x_wconf 77' lang='grc' dir='ltr'><strong>Καὶ</strong></span> <span class='ocrx_word' id='word_1_406' title='bbox 663 2504 694 2554; x_wconf 88' lang='grc' dir='ltr'><strong>ό</strong></span> <span class='ocrx_word' id='word_1_407' title='bbox 734 2503 962 2570; x_wconf 78' lang='grc' dir='ltr'><strong>θρόνος,</strong></span> <span class='ocrx_word' id='word_1_408' title='bbox 987 2505 1094 2578; x_wconf 80' lang='grc' dir='ltr'>γὰρ</span> <span class='ocrx_word' id='word_1_409' title='bbox 1125 2524 1306 2576; x_wconf 77' lang='grc' dir='ltr'>φησιν,</span> <span class='ocrx_word' id='word_1_410' title='bbox 1364 2512 1533 2564; x_wconf 76' lang='grc' dir='ltr'>ἔσται</span> <span class='ocrx_word' id='word_1_411' title='bbox 1593 2515 1778 2568; x_wconf 84' lang='grc' dir='ltr'>αὐτοῦ</span> <span class='ocrx_word' id='word_1_412' title='bbox 1807 2515 1886 2580; x_wconf 83' lang='grc' dir='ltr'>ὡς</span> <span class='ocrx_word' id='word_1_413' title='bbox 1925 2514 2096 2581; x_wconf 79' lang='grc' dir='ltr'>ἣλιος</span> <span class='ocrx_word' id='word_1_414' title='bbox 2127 2514 2380 2566; x_wconf 77' lang='grc' dir='ltr'>ἐνώπιόν</span> <span class='ocrx_word' id='word_1_415' title='bbox 2410 2530 2560 2581; x_wconf 83' lang='grc' dir='ltr'>μου,</span> <span class='ocrx_word' id='word_1_416' title='bbox 2589 2510 2686 2564; x_wconf 80' lang='grc' dir='ltr'>καὶ</span> <span class='ocrx_word' id='word_1_417' title='bbox 2713 2512 2793 2574; x_wconf 84' lang='grc' dir='ltr'>ὠς</span> <span class='ocrx_word' id='word_1_418' title='bbox 2818 2511 2855 2578; x_wconf 72' lang='grc' dir='ltr'><strong><em>ἡ</em></strong></span> <span class='ocrx_word' id='word_1_419' title='bbox 2916 2509 3148 2578; x_wconf 79' lang='grc' dir='ltr'>σελήνη</span> <span class='ocrx_word' id='word_1_420' title='bbox 3199 2509 3618 2580; x_wconf 84' lang='grc' dir='ltr'>κατηρτισμένη</span> <span class='ocrx_word' id='word_1_421' title='bbox 3657 2512 3719 2572; x_wconf 79' lang='grc' dir='ltr'>εἰς</span> 
     </span>
    </p>
   </div>
   <div class='ocr_carea' id='block_1_48' title="bbox 521 2592 1928 2673">
    <p class='ocr_par' dir='ltr' id='par_1_48' title="bbox 521 2592 1928 2673">
     <span class='ocr_line' id='line_1_48' title="bbox 521 2592 1928 2673; baseline 0.013 -30"><span class='ocrx_word' id='word_1_422' title='bbox 521 2592 626 2644; x_wconf 81' lang='grc' dir='ltr'>τὸν</span> <span class='ocrx_word' id='word_1_423' title='bbox 651 2592 853 2656; x_wconf 68' lang='grc' dir='ltr'>αἰῶνα,</span> <span class='ocrx_word' id='word_1_424' title='bbox 879 2596 977 2649; x_wconf 80' lang='grc' dir='ltr'>καὶ</span> <span class='ocrx_word' id='word_1_425' title='bbox 1001 2600 1034 2651; x_wconf 89' lang='grc' dir='ltr'><strong>ό</strong></span> <span class='ocrx_word' id='word_1_426' title='bbox 1065 2598 1295 2667; x_wconf 80' lang='grc' dir='ltr'>μάρτυς</span> <span class='ocrx_word' id='word_1_427' title='bbox 1319 2603 1390 2655; x_wconf 80' lang='grc' dir='ltr'><strong>ἐν</strong></span> <span class='ocrx_word' id='word_1_428' title='bbox 1422 2606 1655 2673; x_wconf 64' lang='grc' dir='ltr'>οἰερανῷ</span> <span class='ocrx_word' id='word_1_429' title='bbox 1693 2609 1928 2672; x_wconf 80' lang='grc' dir='ltr'>πιστός.</span> 
     </span>
    </p>
   </div>
   <div class='ocr_carea' id='block_1_49' title="bbox 590 2704 2091 2788">
    <p class='ocr_par' dir='ltr' id='par_1_49' title="bbox 590 2704 2091 2788">
     <span class='ocr_line' id='line_1_49' title="bbox 590 2704 2091 2788; baseline 0.01 -29"><span class='ocrx_word' id='word_1_430' title='bbox 590 2704 741 2761; x_wconf 89' lang='lat' dir='ltr'><strong>Talia</strong></span> <span class='ocrx_word' id='word_1_431' title='bbox 779 2723 945 2780; x_wconf 84' lang='lat' dir='ltr'><strong>porro</strong></span> <span class='ocrx_word' id='word_1_432' title='bbox 989 2719 1116 2767; x_wconf 88' lang='lat' dir='ltr'><strong>sunt</strong></span> <span class='ocrx_word' id='word_1_433' title='bbox 1145 2730 1265 2783; x_wconf 72' lang='lat' dir='ltr'><strong>qua:</strong></span> <span class='ocrx_word' id='word_1_434' title='bbox 1317 2717 1522 2788; x_wconf 76' lang='lat' dir='ltr'><strong>Virgini</strong></span> <span class='ocrx_word' id='word_1_435' title='bbox 1558 2720 1624 2776; x_wconf 90' lang='lat' dir='ltr'><strong>de</strong></span> <span class='ocrx_word' id='word_1_436' title='bbox 1672 2721 1783 2776; x_wconf 89' lang='lat' dir='ltr'><strong>lilio</strong></span> <span class='ocrx_word' id='word_1_437' title='bbox 1808 2738 1872 2777; x_wconf 78' lang='lat' dir='ltr'><strong>ex</strong></span> <span class='ocrx_word' id='word_1_438' title='bbox 1901 2738 1960 2776; x_wconf 93' lang='lat' dir='ltr'><strong>se</strong></span> <span class='ocrx_word' id='word_1_439' title='bbox 1994 2737 2091 2774; x_wconf 82' lang='lat' dir='ltr'><strong>na-</strong></span> 
     </span>
    </p>
   </div>
   <div class='ocr_carea' id='block_1_50' title="bbox 519 2798 2089 2883">
    <p class='ocr_par' dir='ltr' id='par_1_50' title="bbox 519 2798 2089 2883">
     <span class='ocr_line' id='line_1_50' title="bbox 519 2798 2089 2883; baseline 0.011 -31"><span class='ocrx_word' id='word_1_440' title='bbox 519 2798 725 2853; x_wconf 88' lang='lat' dir='ltr'><strong>scituro</strong></span> <span class='ocrx_word' id='word_1_441' title='bbox 767 2802 1034 2870; x_wconf 83' lang='lat' dir='ltr'><strong>promissa</strong></span> <span class='ocrx_word' id='word_1_442' title='bbox 1075 2816 1222 2860; x_wconf 89' lang='lat' dir='ltr'><strong>sunt.</strong></span> <span class='ocrx_word' id='word_1_443' title='bbox 1260 2807 1492 2865; x_wconf 88' lang='lat' dir='ltr'><strong>Oracnla</strong></span> <span class='ocrx_word' id='word_1_444' title='bbox 1523 2813 1665 2866; x_wconf 90' lang='lat' dir='ltr'><strong>enim</strong></span> <span class='ocrx_word' id='word_1_445' title='bbox 1717 2815 1818 2883; x_wconf 90' lang='lat' dir='ltr'><strong>ipsi</strong></span> <span class='ocrx_word' id='word_1_446' title='bbox 1857 2815 2089 2870; x_wconf 82' lang='lat' dir='ltr'><strong>fundens</strong></span> 
     </span>
    </p>
   </div>
   <div class='ocr_carea' id='block_1_51' title="bbox 517 2893 2088 2983">
    <p class='ocr_par' dir='ltr' id='par_1_51' title="bbox 517 2893 2088 2983">
     <span class='ocr_line' id='line_1_51' title="bbox 517 2893 2088 2983; baseline 0.011 -40"><span class='ocrx_word' id='word_1_447' title='bbox 517 2893 760 2962; x_wconf 77' lang='lat' dir='ltr'><strong>angelus,</strong></span> <span class='ocrx_word' id='word_1_448' title='bbox 793 2893 907 2949; x_wconf 70' lang='lat' dir='ltr'><strong>haec</strong></span> <span class='ocrx_word' id='word_1_449' title='bbox 936 2897 1209 2966; x_wconf 80' lang='lat' dir='ltr'><strong>pollicitus</strong></span> <span class='ocrx_word' id='word_1_450' title='bbox 1236 2909 1320 2956; x_wconf 87' lang='lat' dir='ltr'><strong>est</strong></span> <span class='ocrx_word' id='word_1_451' title='bbox 1345 2921 1358 2956; x_wconf 90' lang='lat'><strong>:</strong></span> <span class='ocrx_word' id='word_1_452' title='bbox 1391 2901 1460 2955; x_wconf 87' lang='lat' dir='ltr'><strong>Et</strong></span> <span class='ocrx_word' id='word_1_453' title='bbox 1489 2903 1634 2957; x_wconf 86' lang='lat' dir='ltr'><strong>dabit</strong></span> <span class='ocrx_word' id='word_1_454' title='bbox 1667 2905 1748 2958; x_wconf 89' lang='lat' dir='ltr'><strong>illi</strong></span> <span class='ocrx_word' id='word_1_455' title='bbox 1775 2905 1917 2960; x_wconf 84' lang='lat' dir='ltr'><strong>Deus</strong></span> <span class='ocrx_word' id='word_1_456' title='bbox 1942 2906 2088 2983; x_wconf 74' lang='lat' dir='ltr'><strong>thro-</strong></span> 
     </span>
    </p>
   </div>
   <div class='ocr_carea' id='block_1_52' title="bbox 518 2982 2087 3067">
    <p class='ocr_par' dir='ltr' id='par_1_52' title="bbox 518 2982 2087 3067">
     <span class='ocr_line' id='line_1_52' title="bbox 518 2982 2087 3067; baseline 0.012 -33"><span class='ocrx_word' id='word_1_457' title='bbox 518 3000 642 3037; x_wconf 84' lang='lat' dir='ltr'><strong>num</strong></span> <span class='ocrx_word' id='word_1_458' title='bbox 671 2982 840 3040; x_wconf 75' lang='lat' dir='ltr'><strong>David</strong></span> <span class='ocrx_word' id='word_1_459' title='bbox 875 2991 1044 3057; x_wconf 81' lang='lat' dir='ltr'><strong>patris</strong></span> <span class='ocrx_word' id='word_1_460' title='bbox 1075 2991 1209 3060; x_wconf 85' lang='lat' dir='ltr'><strong>ejus.</strong></span> <span class='ocrx_word' id='word_1_461' title='bbox 1245 2992 1434 3058; x_wconf 84' lang='lat' dir='ltr'><strong>Qualis</strong></span> <span class='ocrx_word' id='word_1_462' title='bbox 1462 2996 1759 3051; x_wconf 74' lang='lat' dir='ltr'><strong>veroilleet</strong></span> <span class='ocrx_word' id='word_1_463' title='bbox 1779 2982 2087 3067; x_wconf 84' lang='lat' dir='ltr'><strong>cujusmodi</strong></span> 
     </span>
    </p>
   </div>
   <div class='ocr_carea' id='block_1_53' title="bbox 515 3084 2088 3160">
    <p class='ocr_par' dir='ltr' id='par_1_53' title="bbox 515 3084 2088 3160">
     <span class='ocr_line' id='line_1_53' title="bbox 515 3084 2088 3160; baseline 0.008 -26"><span class='ocrx_word' id='word_1_464' title='bbox 515 3090 680 3146; x_wconf 86' lang='lat' dir='ltr'><strong>esset,</strong></span> <span class='ocrx_word' id='word_1_465' title='bbox 714 3084 816 3139; x_wconf 85' lang='lat' dir='ltr'><strong>sub</strong></span> <span class='ocrx_word' id='word_1_466' title='bbox 839 3084 951 3139; x_wconf 70' lang='lat' dir='ltr'><strong>haec</strong></span> <span class='ocrx_word' id='word_1_467' title='bbox 985 3087 1221 3155; x_wconf 78' lang='lat' dir='ltr'><strong>explicat</strong></span> <span class='ocrx_word' id='word_1_468' title='bbox 1244 3086 1454 3154; x_wconf 84' lang='lat' dir='ltr'><strong>dicens,</strong></span> <span class='ocrx_word' id='word_1_469' title='bbox 1484 3087 1554 3141; x_wconf 88' lang='lat' dir='ltr'><strong>Et</strong></span> <span class='ocrx_word' id='word_1_470' title='bbox 1586 3090 1823 3160; x_wconf 84' lang='lat' dir='ltr'><strong>regnabit</strong></span> <span class='ocrx_word' id='word_1_471' title='bbox 1855 3093 1907 3144; x_wconf 86' lang='lat' dir='ltr'><strong>in</strong></span> <span class='ocrx_word' id='word_1_472' title='bbox 1935 3103 2088 3146; x_wconf 68' lang='lat' dir='ltr'><strong>ceter-</strong></span> 
     </span>
    </p>
   </div>
   <div class='ocr_carea' id='block_1_54' title="bbox 2262 2710 3716 2783">
    <p class='ocr_par' dir='ltr' id='par_1_54' title="bbox 2262 2710 3716 2783">
     <span class='ocr_line' id='line_1_54' title="bbox 2262 2710 3716 2783; baseline -0.006 -14"><span class='ocrx_word' id='word_1_473' title='bbox 2262 2715 2499 2769; x_wconf 84' lang='grc' dir='ltr'>Τοιαῦτα</span> <span class='ocrx_word' id='word_1_474' title='bbox 2531 2714 2587 2767; x_wconf 81' lang='grc' dir='ltr'>δὲ</span> <span class='ocrx_word' id='word_1_475' title='bbox 2614 2712 2870 2783; x_wconf 80' lang='grc' dir='ltr'>τυγχάνει</span> <span class='ocrx_word' id='word_1_476' title='bbox 2897 2710 2964 2764; x_wconf 70' lang='grc' dir='ltr'>τὰ</span> <span class='ocrx_word' id='word_1_477' title='bbox 3003 2714 3097 2764; x_wconf 76' lang='grc' dir='ltr'><strong>καὶ</strong></span> <span class='ocrx_word' id='word_1_478' title='bbox 3121 2712 3187 2782; x_wconf 80' lang='grc' dir='ltr'>τῇ</span> <span class='ocrx_word' id='word_1_479' title='bbox 3214 2711 3476 2782; x_wconf 75' lang='grc' dir='ltr'>Παρθένῳ</span> <span class='ocrx_word' id='word_1_480' title='bbox 3500 2711 3716 2780; x_wconf 74' lang='grc' dir='ltr'>ἐπηγγελ-</span> 
     </span>
    </p>
   </div>
   <div class='ocr_carea' id='block_1_55' title="bbox 2195 2801 3716 2879">
    <p class='ocr_par' dir='ltr' id='par_1_55' title="bbox 2195 2801 3716 2879">
     <span class='ocr_line' id='line_1_55' title="bbox 2195 2801 3716 2879; baseline -0.006 -18"><span class='ocrx_word' id='word_1_481' title='bbox 2195 2809 2328 2879; x_wconf 88' lang='grc' dir='ltr'>μένα</span> <span class='ocrx_word' id='word_1_482' title='bbox 2357 2807 2483 2878; x_wconf 72' lang='grc' dir='ltr'>περὶ</span> <span class='ocrx_word' id='word_1_483' title='bbox 2509 2806 2599 2859; x_wconf 86' lang='grc' dir='ltr'><strong>τοῦ</strong></span> <span class='ocrx_word' id='word_1_484' title='bbox 2633 2803 2688 2869; x_wconf 76' lang='grc' dir='ltr'>ἐξ</span> <span class='ocrx_word' id='word_1_485' title='bbox 2714 2805 2882 2875; x_wconf 80' lang='grc' dir='ltr'>αὐτῆς</span> <span class='ocrx_word' id='word_1_486' title='bbox 2903 2803 3391 2875; x_wconf 83' lang='grc' dir='ltr'>γεννηθησομένου.</span> <span class='ocrx_word' id='word_1_487' title='bbox 3413 2801 3716 2874; x_wconf 81' lang='grc' dir='ltr'>Χρηματίζων</span> 
     </span>
    </p>
   </div>
   <div class='ocr_carea' id='block_1_56' title="bbox 2192 2892 3713 2968">
    <p class='ocr_par' dir='ltr' id='par_1_56' title="bbox 2192 2892 3713 2968">
     <span class='ocr_line' id='line_1_56' title="bbox 2192 2892 3713 2968; baseline -0.005 -16"><span class='ocrx_word' id='word_1_488' title='bbox 2192 2898 2322 2967; x_wconf 91' lang='grc' dir='ltr'>γοῦν</span> <span class='ocrx_word' id='word_1_489' title='bbox 2349 2898 2484 2968; x_wconf 75' lang='grc' dir='ltr'>αὐτῇ</span> <span class='ocrx_word' id='word_1_490' title='bbox 2518 2898 2546 2949; x_wconf 88' lang='grc' dir='ltr'><strong>ό</strong></span> <span class='ocrx_word' id='word_1_491' title='bbox 2578 2895 2805 2965; x_wconf 80' lang='grc' dir='ltr'>ἄγγελος</span> <span class='ocrx_word' id='word_1_492' title='bbox 2827 2894 3187 2964; x_wconf 76' lang='grc' dir='ltr'>ἐπηγγείλατο</span> <span class='ocrx_word' id='word_1_493' title='bbox 3216 2895 3392 2963; x_wconf 83' lang='grc' dir='ltr'>λέγων</span> <span class='ocrx_word' id='word_1_494' title='bbox 3412 2912 3425 2924; x_wconf 92' lang='grc'>·</span> <span class='ocrx_word' id='word_1_495' title='bbox 3453 2893 3553 2948; x_wconf 83' lang='lat' dir='ltr'><strong>Kal</strong></span> <span class='ocrx_word' id='word_1_496' title='bbox 3578 2892 3713 2945; x_wconf 68' lang='grc' dir='ltr'>δώσει</span> 
     </span>
    </p>
   </div>
   <div class='ocr_carea' id='block_1_57' title="bbox 2189 2983 3712 3055">
    <p class='ocr_par' dir='ltr' id='par_1_57' title="bbox 2189 2983 3712 3055">
     <span class='ocr_line' id='line_1_57' title="bbox 2189 2983 3712 3055; baseline -0.006 -12"><span class='ocrx_word' id='word_1_497' title='bbox 2189 2988 2350 3054; x_wconf 78' lang='grc' dir='ltr'>αὐτῷ</span> <span class='ocrx_word' id='word_1_498' title='bbox 2374 2991 2407 3042; x_wconf 88' lang='grc' dir='ltr'><strong>ό</strong></span> <span class='ocrx_word' id='word_1_499' title='bbox 2441 2987 2585 3053; x_wconf 74' lang='grc' dir='ltr'><strong>Θεές</strong></span> <span class='ocrx_word' id='word_1_500' title='bbox 2612 2988 2718 3040; x_wconf 82' lang='grc' dir='ltr'><strong>τὸν</strong></span> <span class='ocrx_word' id='word_1_501' title='bbox 2741 2988 2956 3055; x_wconf 83' lang='grc' dir='ltr'>θρόνον</span> <span class='ocrx_word' id='word_1_502' title='bbox 2980 2987 3162 3040; x_wconf 78' lang='grc' dir='ltr'>Δαυῒδ</span> <span class='ocrx_word' id='word_1_503' title='bbox 3185 2987 3289 3040; x_wconf 81' lang='grc' dir='ltr'><strong>τοῦ</strong></span> <span class='ocrx_word' id='word_1_504' title='bbox 3317 2986 3533 3054; x_wconf 77' lang='grc' dir='ltr'>πατρὸς</span> <span class='ocrx_word' id='word_1_505' title='bbox 3552 2983 3712 3038; x_wconf 56' lang='lat' dir='ltr'><strong>domi.</strong></span> 
     </span>
    </p>
   </div>
   <div class='ocr_carea' id='block_1_58' title="bbox 2189 3075 3711 3150">
    <p class='ocr_par' dir='ltr' id='par_1_58' title="bbox 2189 3075 3711 3150">
     <span class='ocr_line' id='line_1_58' title="bbox 2189 3075 3711 3150; baseline -0.005 -15"><span class='ocrx_word' id='word_1_506' title='bbox 2189 3084 2347 3146; x_wconf 83' lang='grc' dir='ltr'>ῐΙοῖος</span> <span class='ocrx_word' id='word_1_507' title='bbox 2377 3082 2433 3135; x_wconf 85' lang='grc' dir='ltr'>δὲ</span> <span class='ocrx_word' id='word_1_508' title='bbox 2475 3075 2629 3144; x_wconf 77' lang='grc' dir='ltr'>οὗτος</span> <span class='ocrx_word' id='word_1_509' title='bbox 2676 3081 2768 3134; x_wconf 72' lang='grc' dir='ltr'><strong>καὶ</strong></span> <span class='ocrx_word' id='word_1_510' title='bbox 2802 3080 3042 3143; x_wconf 80' lang='grc' dir='ltr'>ποταπὸς</span> <span class='ocrx_word' id='word_1_511' title='bbox 3073 3075 3140 3150; x_wconf 77' lang='grc' dir='ltr'>ἦν</span> <span class='ocrx_word' id='word_1_512' title='bbox 3160 3121 3173 3142; x_wconf 93' lang='grc'><strong>,</strong></span> <span class='ocrx_word' id='word_1_513' title='bbox 3227 3079 3359 3148; x_wconf 76' lang='grc' dir='ltr'>ἑξῆς</span> <span class='ocrx_word' id='word_1_514' title='bbox 3388 3075 3711 3149; x_wconf 71' lang='grc' dir='ltr'>διερμηνεύσει</span> 
     </span>
    </p>
   </div>
   <div class='ocr_carea' id='block_1_59' title="bbox 516 3163 2088 3248">
    <p class='ocr_par' dir='ltr' id='par_1_59' title="bbox 516 3177 2085 3248">
     <span class='ocr_line' id='line_1_59' title="bbox 516 3177 2085 3248; baseline 0.008 -23"><span class='ocrx_word' id='word_1_515' title='bbox 516 3189 660 3238; x_wconf 88' lang='lat' dir='ltr'><strong>num,</strong></span> <span class='ocrx_word' id='word_1_516' title='bbox 686 3185 734 3229; x_wconf 90' lang='lat' dir='ltr'><strong>et</strong></span> <span class='ocrx_word' id='word_1_517' title='bbox 769 3178 912 3246; x_wconf 87' lang='lat' dir='ltr'><strong>regni</strong></span> <span class='ocrx_word' id='word_1_518' title='bbox 939 3177 1051 3245; x_wconf 85' lang='lat' dir='ltr'><strong>ejus</strong></span> <span class='ocrx_word' id='word_1_519' title='bbox 1079 3196 1179 3230; x_wconf 89' lang='lat' dir='ltr'><strong>non</strong></span> <span class='ocrx_word' id='word_1_520' title='bbox 1220 3179 1317 3232; x_wconf 84' lang='lat' dir='ltr'><strong>erit</strong></span> <span class='ocrx_word' id='word_1_521' title='bbox 1348 3180 1490 3248; x_wconf 83' lang='lat' dir='ltr'><strong>ﬁnis.</strong></span> <span class='ocrx_word' id='word_1_522' title='bbox 1521 3179 1669 3236; x_wconf 90' lang='lat' dir='ltr'><strong>Talis</strong></span> <span class='ocrx_word' id='word_1_523' title='bbox 1710 3183 1799 3236; x_wconf 88' lang='lat' dir='ltr'><strong>ille</strong></span> <span class='ocrx_word' id='word_1_524' title='bbox 1857 3183 2085 3238; x_wconf 82' lang='lat' dir='ltr'><strong>thronus</strong></span> 
     </span>
    </p>
   </div>
   <div class='ocr_carea' id='block_1_60' title="bbox 2190 3163 3712 3248">
    <p class='ocr_par' dir='ltr' id='par_1_60' title="bbox 2193 3171 3712 3244">
     <span class='ocr_line' id='line_1_60' title="bbox 2193 3171 3712 3244; baseline -0.006 -15"><span class='ocrx_word' id='word_1_525' title='bbox 2193 3176 2413 3244; x_wconf 79' lang='grc' dir='ltr'>φάσκων</span> <span class='ocrx_word' id='word_1_526' title='bbox 2434 3192 2447 3205; x_wconf 88' lang='grc'><strong>·</strong></span> <span class='ocrx_word' id='word_1_527' title='bbox 2493 3175 2602 3228; x_wconf 88' lang='lat' dir='ltr'><strong>Kal</strong></span> <span class='ocrx_word' id='word_1_528' title='bbox 2629 3174 2990 3238; x_wconf 75' lang='grc' dir='ltr'>βασιλεύσει</span> <span class='ocrx_word' id='word_1_529' title='bbox 3016 3176 3104 3238; x_wconf 87' lang='grc' dir='ltr'>εὶς</span> <span class='ocrx_word' id='word_1_530' title='bbox 3123 3173 3228 3225; x_wconf 81' lang='grc' dir='ltr'>τὸν</span> <span class='ocrx_word' id='word_1_531' title='bbox 3258 3171 3446 3225; x_wconf 79' lang='grc' dir='ltr'>αἰῶνα</span> <span class='ocrx_word' id='word_1_532' title='bbox 3463 3212 3478 3230; x_wconf 83' lang='grc'><strong>.</strong></span> <span class='ocrx_word' id='word_1_533' title='bbox 3521 3172 3603 3222; x_wconf 74' lang='grc' dir='ltr'>καὶ</span> <span class='ocrx_word' id='word_1_534' title='bbox 3630 3186 3712 3234; x_wconf 81' lang='grc' dir='ltr'><strong>της</strong></span> 
     </span>
    </p>
   </div>
   <div class='ocr_carea' id='block_1_61' title="bbox 515 3269 2084 3345">
    <p class='ocr_par' dir='ltr' id='par_1_61' title="bbox 515 3269 2084 3345">
     <span class='ocr_line' id='line_1_61' title="bbox 515 3269 2084 3345; baseline 0.01 -27"><span class='ocrx_word' id='word_1_535' title='bbox 515 3276 658 3331; x_wconf 90' lang='lat' dir='ltr'><strong>erat,</strong></span> <span class='ocrx_word' id='word_1_536' title='bbox 690 3285 849 3338; x_wconf 90' lang='lat' dir='ltr'><strong>quem</strong></span> <span class='ocrx_word' id='word_1_537' title='bbox 886 3269 1074 3322; x_wconf 74' lang='lat' dir='ltr'><strong>Daviili</strong></span> <span class='ocrx_word' id='word_1_538' title='bbox 1109 3269 1250 3325; x_wconf 82' lang='lat' dir='ltr'><strong>Deus</strong></span> <span class='ocrx_word' id='word_1_539' title='bbox 1291 3289 1414 3326; x_wconf 85' lang='lat' dir='ltr'><strong>eum</strong></span> <span class='ocrx_word' id='word_1_540' title='bbox 1463 3274 1774 3343; x_wconf 90' lang='lat' dir='ltr'><strong>juramento</strong></span> <span class='ocrx_word' id='word_1_541' title='bbox 1809 3279 2084 3345; x_wconf 85' lang='lat' dir='ltr'><strong>pollicitus</strong></span> 
     </span>
    </p>
   </div>
   <div class='ocr_carea' id='block_1_62' title="bbox 513 3357 2083 3432">
    <p class='ocr_par' dir='ltr' id='par_1_62' title="bbox 513 3357 2083 3432">
     <span class='ocr_line' id='line_1_62' title="bbox 513 3357 2083 3432; baseline 0.011 -26"><span class='ocrx_word' id='word_1_542' title='bbox 513 3364 616 3411; x_wconf 84' lang='lat' dir='ltr'><strong>est.</strong></span> <span class='ocrx_word' id='word_1_543' title='bbox 645 3357 800 3424; x_wconf 85' lang='lat' dir='ltr'><strong>Quod</strong></span> <span class='ocrx_word' id='word_1_544' title='bbox 838 3360 1124 3415; x_wconf 86' lang='lat' dir='ltr'><strong>declarans</strong></span> <span class='ocrx_word' id='word_1_545' title='bbox 1163 3364 1417 3432; x_wconf 82' lang='lat' dir='ltr'><strong>angelus.</strong></span> <span class='ocrx_word' id='word_1_546' title='bbox 1469 3367 1749 3421; x_wconf 90' lang='lat' dir='ltr'><strong>oraculum</strong></span> <span class='ocrx_word' id='word_1_547' title='bbox 1805 3385 1963 3422; x_wconf 90' lang='lat' dir='ltr'><strong>suum</strong></span> <span class='ocrx_word' id='word_1_548' title='bbox 2000 3371 2083 3424; x_wconf 87' lang='lat' dir='ltr'><strong>in-</strong></span> 
     </span>
    </p>
   </div>
   <div class='ocr_carea' id='block_1_63' title="bbox 515 3454 2086 3523">
    <p class='ocr_par' dir='ltr' id='par_1_63' title="bbox 515 3454 2086 3523">
     <span class='ocr_line' id='line_1_63' title="bbox 515 3454 2086 3523; baseline 0.011 -27"><span class='ocrx_word' id='word_1_549' title='bbox 515 3455 844 3517; x_wconf 81' lang='lat' dir='ltr'><strong>terpretatus</strong></span> <span class='ocrx_word' id='word_1_550' title='bbox 873 3461 986 3506; x_wconf 89' lang='lat' dir='ltr'><strong>est:</strong></span> <span class='ocrx_word' id='word_1_551' title='bbox 1021 3454 1196 3522; x_wconf 88' lang='lat' dir='ltr'><strong>primo</strong></span> <span class='ocrx_word' id='word_1_552' title='bbox 1220 3455 1436 3523; x_wconf 89' lang='lat' dir='ltr'><strong>quidem</strong></span> <span class='ocrx_word' id='word_1_553' title='bbox 1466 3455 1674 3520; x_wconf 90' lang='lat' dir='ltr'><strong>dicens,</strong></span> <span class='ocrx_word' id='word_1_554' title='bbox 1708 3456 1774 3510; x_wconf 83' lang='lat' dir='ltr'><strong>Et</strong></span> <span class='ocrx_word' id='word_1_555' title='bbox 1814 3458 1962 3512; x_wconf 81' lang='lat' dir='ltr'><strong>dabit</strong></span> <span class='ocrx_word' id='word_1_556' title='bbox 2004 3460 2086 3514; x_wconf 83' lang='lat' dir='ltr'><strong>illi</strong></span> 
     </span>
    </p>
   </div>
   <div class='ocr_carea' id='block_1_64' title="bbox 517 3537 2082 3620">
    <p class='ocr_par' dir='ltr' id='par_1_64' title="bbox 517 3537 2082 3620">
     <span class='ocr_line' id='line_1_64' title="bbox 517 3537 2082 3620; baseline 0.01 -32"><span class='ocrx_word' id='word_1_557' title='bbox 517 3537 656 3593; x_wconf 80' lang='lat' dir='ltr'><strong>Deus</strong></span> <span class='ocrx_word' id='word_1_558' title='bbox 678 3539 920 3594; x_wconf 81' lang='lat' dir='ltr'><strong>thronum</strong></span> <span class='ocrx_word' id='word_1_559' title='bbox 952 3541 1123 3596; x_wconf 81' lang='lat' dir='ltr'><strong>David</strong></span> <span class='ocrx_word' id='word_1_560' title='bbox 1151 3546 1320 3613; x_wconf 81' lang='lat' dir='ltr'><strong>patris</strong></span> <span class='ocrx_word' id='word_1_561' title='bbox 1361 3545 1512 3615; x_wconf 83' lang='lat' dir='ltr'><strong>ejus;</strong></span> <span class='ocrx_word' id='word_1_562' title='bbox 1548 3555 1731 3616; x_wconf 85' lang='lat' dir='ltr'><strong>postea</strong></span> <span class='ocrx_word' id='word_1_563' title='bbox 1767 3565 1896 3604; x_wconf 89' lang='lat' dir='ltr'><strong>vero</strong></span> <span class='ocrx_word' id='word_1_564' title='bbox 1939 3552 2082 3620; x_wconf 81' lang='lat' dir='ltr'><strong>adji-</strong></span> 
     </span>
    </p>
   </div>
   <div class='ocr_carea' id='block_1_65' title="bbox 515 3629 2083 3708">
    <p class='ocr_par' dir='ltr' id='par_1_65' title="bbox 515 3629 2083 3708">
     <span class='ocr_line' id='line_1_65' title="bbox 515 3629 2083 3708; baseline 0.01 -28"><span class='ocrx_word' id='word_1_565' title='bbox 515 3629 688 3692; x_wconf 76' lang='lat' dir='ltr'><strong>ciens,</strong></span> <span class='ocrx_word' id='word_1_566' title='bbox 717 3629 785 3685; x_wconf 83' lang='lat' dir='ltr'><strong>Et</strong></span> <span class='ocrx_word' id='word_1_567' title='bbox 815 3633 1048 3702; x_wconf 85' lang='lat' dir='ltr'><strong>regnabit</strong></span> <span class='ocrx_word' id='word_1_568' title='bbox 1083 3635 1138 3688; x_wconf 84' lang='lat' dir='ltr'><strong>in</strong></span> <span class='ocrx_word' id='word_1_569' title='bbox 1169 3644 1440 3697; x_wconf 76' lang='lat' dir='ltr'><strong>wternum,</strong></span> <span class='ocrx_word' id='word_1_570' title='bbox 1465 3649 1515 3691; x_wconf 84' lang='lat' dir='ltr'><strong>et</strong></span> <span class='ocrx_word' id='word_1_571' title='bbox 1542 3640 1686 3708; x_wconf 88' lang='lat' dir='ltr'><strong>regni</strong></span> <span class='ocrx_word' id='word_1_572' title='bbox 1707 3641 1819 3708; x_wconf 85' lang='lat' dir='ltr'><strong>ejus</strong></span> <span class='ocrx_word' id='word_1_573' title='bbox 1851 3657 1953 3694; x_wconf 87' lang='lat' dir='ltr'><strong>non</strong></span> <span class='ocrx_word' id='word_1_574' title='bbox 1983 3644 2083 3696; x_wconf 85' lang='lat' dir='ltr'><strong>erit</strong></span> 
     </span>
    </p>
   </div>
   <div class='ocr_carea' id='block_1_66' title="bbox 513 3719 2083 3794">
    <p class='ocr_par' dir='ltr' id='par_1_66' title="bbox 513 3719 2083 3794">
     <span class='ocr_line' id='line_1_66' title="bbox 513 3719 2083 3794; baseline 0.01 -22"><span class='ocrx_word' id='word_1_575' title='bbox 513 3720 654 3786; x_wconf 78' lang='lat' dir='ltr'><strong>ﬁnis.</strong></span> <span class='ocrx_word' id='word_1_576' title='bbox 690 3719 815 3776; x_wconf 63' lang='lat' dir='ltr'><strong>Haec</strong></span> <span class='ocrx_word' id='word_1_577' title='bbox 847 3738 1009 3792; x_wconf 86' lang='lat' dir='ltr'><strong>opere</strong></span> <span class='ocrx_word' id='word_1_578' title='bbox 1033 3727 1299 3794; x_wconf 88' lang='lat' dir='ltr'><strong>completa</strong></span> <span class='ocrx_word' id='word_1_579' title='bbox 1337 3738 1465 3782; x_wconf 89' lang='lat' dir='ltr'><strong>sunt</strong></span> <span class='ocrx_word' id='word_1_580' title='bbox 1495 3729 1546 3783; x_wconf 92' lang='lat' dir='ltr'><strong>in</strong></span> <span class='ocrx_word' id='word_1_581' title='bbox 1581 3730 1860 3786; x_wconf 88' lang='lat' dir='ltr'><strong>Salvatore</strong></span> <span class='ocrx_word' id='word_1_582' title='bbox 1896 3742 2083 3788; x_wconf 89' lang='lat' dir='ltr'><strong>nostro</strong></span> 
     </span>
    </p>
   </div>
   <div class='ocr_carea' id='block_1_67' title="bbox 511 3809 2078 3887">
    <p class='ocr_par' dir='ltr' id='par_1_67' title="bbox 511 3809 2078 3887">
     <span class='ocr_line' id='line_1_67' title="bbox 511 3809 2078 3887; baseline 0.011 -25"><span class='ocrx_word' id='word_1_583' title='bbox 511 3809 662 3874; x_wconf 81' lang='lat' dir='ltr'><strong>Jesu,</strong></span> <span class='ocrx_word' id='word_1_584' title='bbox 689 3811 909 3868; x_wconf 90' lang='lat' dir='ltr'><strong>Christo</strong></span> <span class='ocrx_word' id='word_1_585' title='bbox 941 3814 1054 3878; x_wconf 86' lang='lat' dir='ltr'><strong>Dei,</strong></span> <span class='ocrx_word' id='word_1_586' title='bbox 1083 3819 1176 3886; x_wconf 87' lang='lat' dir='ltr'><strong>qui</strong></span> <span class='ocrx_word' id='word_1_587' title='bbox 1207 3834 1273 3873; x_wconf 77' lang='lat' dir='ltr'><strong>ex</strong></span> <span class='ocrx_word' id='word_1_588' title='bbox 1321 3821 1530 3876; x_wconf 85' lang='lat' dir='ltr'><strong>semine</strong></span> <span class='ocrx_word' id='word_1_589' title='bbox 1572 3821 1738 3877; x_wconf 81' lang='lat' dir='ltr'><strong>David</strong></span> <span class='ocrx_word' id='word_1_590' title='bbox 1764 3833 1938 3887; x_wconf 90' lang='lat' dir='ltr'><strong>ortus,</strong></span> <span class='ocrx_word' id='word_1_591' title='bbox 1977 3827 2078 3878; x_wconf 84' lang='lat' dir='ltr'><strong>irn-</strong></span> 
     </span>
    </p>
   </div>
   <div class='ocr_carea' id='block_1_68' title="bbox 513 3901 2078 3981">
    <p class='ocr_par' dir='ltr' id='par_1_68' title="bbox 513 3901 2078 3981">
     <span class='ocr_line' id='line_1_68' title="bbox 513 3901 2078 3981; baseline 0.013 -31"><span class='ocrx_word' id='word_1_592' title='bbox 513 3908 688 3968; x_wconf 84' lang='lat' dir='ltr'><strong>perat,</strong></span> <span class='ocrx_word' id='word_1_593' title='bbox 718 3901 890 3973; x_wconf 71' lang='lat' dir='ltr'><strong>legem</strong></span> <span class='ocrx_word' id='word_1_594' title='bbox 925 3904 1036 3970; x_wconf 85' lang='lat' dir='ltr'><strong>dat,</strong></span> <span class='ocrx_word' id='word_1_595' title='bbox 1063 3915 1113 3963; x_wconf 88' lang='lat' dir='ltr'><strong>et</strong></span> <span class='ocrx_word' id='word_1_596' title='bbox 1147 3921 1336 3980; x_wconf 79' lang='lat' dir='ltr'><strong>regnat</strong></span> <span class='ocrx_word' id='word_1_597' title='bbox 1377 3913 1430 3965; x_wconf 83' lang='lat' dir='ltr'><strong>in</strong></span> <span class='ocrx_word' id='word_1_598' title='bbox 1459 3913 1718 3968; x_wconf 90' lang='lat' dir='ltr'><strong>universo</strong></span> <span class='ocrx_word' id='word_1_599' title='bbox 1766 3917 1899 3970; x_wconf 88' lang='lat' dir='ltr'><strong>orbe</strong></span> <span class='ocrx_word' id='word_1_600' title='bbox 1925 3935 1939 3981; x_wconf 90' lang='lat'><strong>;</strong></span> <span class='ocrx_word' id='word_1_601' title='bbox 1971 3934 2078 3972; x_wconf 89' lang='lat' dir='ltr'><strong>non</strong></span> 
     </span>
    </p>
   </div>
   <div class='ocr_carea' id='block_1_69' title="bbox 513 3995 2080 4065">
    <p class='ocr_par' dir='ltr' id='par_1_69' title="bbox 513 3995 2080 4065">
     <span class='ocr_line' id='line_1_69' title="bbox 513 3995 2080 4065; baseline 0.012 -21"><span class='ocrx_word' id='word_1_602' title='bbox 513 3995 750 4048; x_wconf 85' lang='lat' dir='ltr'><strong>humano</strong></span> <span class='ocrx_word' id='word_1_603' title='bbox 777 3996 994 4064; x_wconf 88' lang='lat' dir='ltr'><strong>quidem</strong></span> <span class='ocrx_word' id='word_1_604' title='bbox 1033 4001 1196 4055; x_wconf 87' lang='lat' dir='ltr'><strong>modo</strong></span> <span class='ocrx_word' id='word_1_605' title='bbox 1219 4044 1234 4065; x_wconf 88' lang='lat'><strong>,</strong></span> <span class='ocrx_word' id='word_1_606' title='bbox 1286 4003 1379 4058; x_wconf 90' lang='lat' dir='ltr'><strong>sed</strong></span> <span class='ocrx_word' id='word_1_607' title='bbox 1424 4005 1607 4058; x_wconf 86' lang='lat' dir='ltr'><strong>divina</strong></span> <span class='ocrx_word' id='word_1_608' title='bbox 1638 4007 1875 4061; x_wconf 87' lang='lat' dir='ltr'><strong>virtute:</strong></span> <span class='ocrx_word' id='word_1_609' title='bbox 1910 4017 1963 4062; x_wconf 89' lang='lat' dir='ltr'><strong>et</strong></span> <span class='ocrx_word' id='word_1_610' title='bbox 1995 4025 2080 4062; x_wconf 83' lang='lat' dir='ltr'><strong>se-</strong></span> 
     </span>
    </p>
   </div>
   <div class='ocr_carea' id='block_1_70' title="bbox 513 4085 2081 4161">
    <p class='ocr_par' dir='ltr' id='par_1_70' title="bbox 513 4085 2081 4161">
     <span class='ocr_line' id='line_1_70' title="bbox 513 4085 2081 4161; baseline 0.01 -26"><span class='ocrx_word' id='word_1_611' title='bbox 513 4100 636 4138; x_wconf 90' lang='lat' dir='ltr'><strong>men</strong></span> <span class='ocrx_word' id='word_1_612' title='bbox 669 4085 790 4154; x_wconf 89' lang='lat' dir='ltr'><strong>ejns</strong></span> <span class='ocrx_word' id='word_1_613' title='bbox 815 4102 939 4142; x_wconf 80' lang='lat' dir='ltr'><strong>vere</strong></span> <span class='ocrx_word' id='word_1_614' title='bbox 962 4089 1016 4144; x_wconf 89' lang='lat' dir='ltr'><strong>in</strong></span> <span class='ocrx_word' id='word_1_615' title='bbox 1049 4094 1306 4146; x_wconf 64' lang='lat' dir='ltr'><strong>saeculum</strong></span> <span class='ocrx_word' id='word_1_616' title='bbox 1341 4101 1559 4161; x_wconf 88' lang='lat' dir='ltr'><strong>manet;</strong></span> <span class='ocrx_word' id='word_1_617' title='bbox 1591 4096 1645 4149; x_wconf 89' lang='lat' dir='ltr'><strong>id</strong></span> <span class='ocrx_word' id='word_1_618' title='bbox 1674 4108 1778 4161; x_wconf 89' lang='lat' dir='ltr'><strong>est,</strong></span> <span class='ocrx_word' id='word_1_619' title='bbox 1802 4099 2081 4153; x_wconf 86' lang='lat' dir='ltr'><strong>successio</strong></span> 
     </span>
    </p>
   </div>
   <div class='ocr_carea' id='block_1_71' title="bbox 511 4175 2077 4256">
    <p class='ocr_par' dir='ltr' id='par_1_71' title="bbox 511 4175 2077 4256">
     <span class='ocr_line' id='line_1_71' title="bbox 511 4175 2077 4256; baseline 0.01 -29"><span class='ocrx_word' id='word_1_620' title='bbox 511 4175 631 4242; x_wconf 89' lang='lat' dir='ltr'><strong>ejus</strong></span> <span class='ocrx_word' id='word_1_621' title='bbox 652 4218 666 4240; x_wconf 92' lang='lat'><strong>,</strong></span> <span class='ocrx_word' id='word_1_622' title='bbox 703 4193 824 4246; x_wconf 78' lang='lat' dir='ltr'><strong>qua:</strong></span> <span class='ocrx_word' id='word_1_623' title='bbox 855 4196 951 4248; x_wconf 88' lang='lat' dir='ltr'><strong>per</strong></span> <span class='ocrx_word' id='word_1_624' title='bbox 980 4183 1254 4250; x_wconf 78' lang='lat' dir='ltr'><strong>apostolos</strong></span> <span class='ocrx_word' id='word_1_625' title='bbox 1288 4192 1342 4238; x_wconf 88' lang='lat' dir='ltr'><strong>et</strong></span> <span class='ocrx_word' id='word_1_626' title='bbox 1371 4185 1673 4256; x_wconf 89' lang='lat' dir='ltr'><strong>discipulos</strong></span> <span class='ocrx_word' id='word_1_627' title='bbox 1705 4189 1876 4255; x_wconf 78' lang='lat' dir='ltr'><strong>ipsius</strong></span> <span class='ocrx_word' id='word_1_628' title='bbox 1906 4198 2077 4243; x_wconf 88' lang='lat' dir='ltr'><strong>totum</strong></span> 
     </span>
    </p>
   </div>
   <div class='ocr_carea' id='block_1_72' title="bbox 511 4265 2081 4337">
    <p class='ocr_par' dir='ltr' id='par_1_72' title="bbox 511 4265 2081 4337">
     <span class='ocr_line' id='line_1_72' title="bbox 511 4265 2081 4337; baseline 0.012 -20"><span class='ocrx_word' id='word_1_629' title='bbox 511 4265 700 4336; x_wconf 87' lang='lat' dir='ltr'><strong>implet</strong></span> <span class='ocrx_word' id='word_1_630' title='bbox 725 4271 1018 4337; x_wconf 86' lang='lat' dir='ltr'><strong>mundum;</strong></span> <span class='ocrx_word' id='word_1_631' title='bbox 1049 4273 1164 4326; x_wconf 82' lang='lat' dir='ltr'><strong>sive</strong></span> <span class='ocrx_word' id='word_1_632' title='bbox 1196 4276 1518 4332; x_wconf 88' lang='lat' dir='ltr'><strong>rationabile</strong></span> <span class='ocrx_word' id='word_1_633' title='bbox 1548 4279 1791 4333; x_wconf 81' lang='lat' dir='ltr'><strong>cmlestis</strong></span> <span class='ocrx_word' id='word_1_634' title='bbox 1821 4279 2081 4336; x_wconf 70' lang='lat' dir='ltr'><strong>doctrinm</strong></span> 
     </span>
    </p>
   </div>
   <div class='ocr_carea' id='block_1_73' title="bbox 509 4360 2081 4439">
    <p class='ocr_par' dir='ltr' id='par_1_73' title="bbox 509 4360 2081 4439">
     <span class='ocr_line' id='line_1_73' title="bbox 509 4360 2081 4439; baseline 0.008 -25"><span class='ocrx_word' id='word_1_635' title='bbox 509 4360 631 4428; x_wconf 82' lang='lat' dir='ltr'><strong>ejus</strong></span> <span class='ocrx_word' id='word_1_636' title='bbox 663 4378 869 4417; x_wconf 89' lang='lat' dir='ltr'><strong>semen.</strong></span> <span class='ocrx_word' id='word_1_637' title='bbox 929 4363 1032 4419; x_wconf 84' lang='lat' dir='ltr'><strong>Sed</strong></span> <span class='ocrx_word' id='word_1_638' title='bbox 1064 4367 1227 4419; x_wconf 83' lang='lat' dir='ltr'><strong>etiam</strong></span> <span class='ocrx_word' id='word_1_639' title='bbox 1278 4369 1506 4425; x_wconf 87' lang='lat' dir='ltr'><strong>thronus</strong></span> <span class='ocrx_word' id='word_1_640' title='bbox 1561 4371 1679 4439; x_wconf 87' lang='lat' dir='ltr'><strong>ejus</strong></span> <span class='ocrx_word' id='word_1_641' title='bbox 1727 4373 1859 4428; x_wconf 77' lang='lat' dir='ltr'><strong>solis</strong></span> <span class='ocrx_word' id='word_1_642' title='bbox 1909 4374 2081 4428; x_wconf 83' lang='lat' dir='ltr'><strong>instar</strong></span> 
     </span>
    </p>
   </div>
   <div class='ocr_carea' id='block_1_74' title="bbox 509 4455 2080 4524">
    <p class='ocr_par' dir='ltr' id='par_1_74' title="bbox 509 4455 2080 4524">
     <span class='ocr_line' id='line_1_74' title="bbox 509 4455 2080 4524; baseline 0.01 -18"><span class='ocrx_word' id='word_1_643' title='bbox 509 4455 839 4524; x_wconf 85' lang='lat' dir='ltr'><strong>resplendet,</strong></span> <span class='ocrx_word' id='word_1_644' title='bbox 874 4457 1152 4514; x_wconf 89' lang='lat' dir='ltr'><strong>hominum</strong></span> <span class='ocrx_word' id='word_1_645' title='bbox 1195 4462 1404 4518; x_wconf 90' lang='lat' dir='ltr'><strong>animas</strong></span> <span class='ocrx_word' id='word_1_646' title='bbox 1457 4464 1770 4521; x_wconf 86' lang='lat' dir='ltr'><strong>illuminans</strong></span> <span class='ocrx_word' id='word_1_647' title='bbox 1817 4479 1870 4520; x_wconf 85' lang='lat' dir='ltr'><strong>ct</strong></span> <span class='ocrx_word' id='word_1_648' title='bbox 1915 4467 2080 4521; x_wconf 87' lang='lat' dir='ltr'><strong>radiis</strong></span> 
     </span>
    </p>
   </div>
   <div class='ocr_carea' id='block_1_75' title="bbox 508 4543 2082 4622">
    <p class='ocr_par' dir='ltr' id='par_1_75' title="bbox 508 4543 2082 4622">
     <span class='ocr_line' id='line_1_75' title="bbox 508 4543 2082 4622; baseline 0.01 -25"><span class='ocrx_word' id='word_1_649' title='bbox 508 4543 810 4602; x_wconf 90' lang='lat' dir='ltr'><strong>illustrans.</strong></span> <span class='ocrx_word' id='word_1_650' title='bbox 843 4546 966 4603; x_wconf 76' lang='lat' dir='ltr'><strong>Ihec</strong></span> <span class='ocrx_word' id='word_1_651' title='bbox 998 4566 1159 4618; x_wconf 90' lang='lat' dir='ltr'><strong>porro</strong></span> <span class='ocrx_word' id='word_1_652' title='bbox 1180 4555 1361 4606; x_wconf 90' lang='lat' dir='ltr'><strong>omnia</strong></span> <span class='ocrx_word' id='word_1_653' title='bbox 1399 4555 1510 4622; x_wconf 88' lang='lat' dir='ltr'><strong>jam</strong></span> <span class='ocrx_word' id='word_1_654' title='bbox 1543 4557 1609 4609; x_wconf 89' lang='lat' dir='ltr'><strong>ad</strong></span> <span class='ocrx_word' id='word_1_655' title='bbox 1633 4558 1878 4612; x_wconf 71' lang='lat' dir='ltr'><strong>eliectum</strong></span> <span class='ocrx_word' id='word_1_656' title='bbox 1912 4560 2082 4614; x_wconf 77' lang='lat' dir='ltr'><strong>dedu-</strong></span> 
     </span>
    </p>
   </div>
   <div class='ocr_carea' id='block_1_76' title="bbox 509 4641 2076 4712">
    <p class='ocr_par' dir='ltr' id='par_1_76' title="bbox 509 4641 2076 4712">
     <span class='ocr_line' id='line_1_76' title="bbox 509 4641 2076 4712; baseline 0.011 -26"><span class='ocrx_word' id='word_1_657' title='bbox 509 4644 593 4688; x_wconf 86' lang='lat' dir='ltr'><strong>cta</strong></span> <span class='ocrx_word' id='word_1_658' title='bbox 627 4646 774 4698; x_wconf 89' lang='lat' dir='ltr'><strong>sunt,</strong></span> <span class='ocrx_word' id='word_1_659' title='bbox 805 4647 858 4692; x_wconf 90' lang='lat' dir='ltr'><strong>et</strong></span> <span class='ocrx_word' id='word_1_660' title='bbox 891 4641 943 4692; x_wconf 91' lang='lat' dir='ltr'><strong>in</strong></span> <span class='ocrx_word' id='word_1_661' title='bbox 974 4642 1091 4696; x_wconf 91' lang='lat' dir='ltr'><strong>dies</strong></span> <span class='ocrx_word' id='word_1_662' title='bbox 1117 4643 1384 4698; x_wconf 84' lang='lat' dir='ltr'><strong>hactenus</strong></span> <span class='ocrx_word' id='word_1_663' title='bbox 1416 4646 1734 4712; x_wconf 90' lang='lat' dir='ltr'><strong>implentur,</strong></span> <span class='ocrx_word' id='word_1_664' title='bbox 1773 4653 2076 4705; x_wconf 78' lang='lat' dir='ltr'><strong>secundum</strong></span> 
     </span>
    </p>
   </div>
   <div class='ocr_carea' id='block_1_77' title="bbox 507 4728 2079 4810">
    <p class='ocr_par' dir='ltr' id='par_1_77' title="bbox 507 4728 2079 4810">
     <span class='ocr_line' id='line_1_77' title="bbox 507 4728 2079 4810; baseline 0.013 -31"><span class='ocrx_word' id='word_1_665' title='bbox 507 4744 571 4780; x_wconf 86' lang='lat' dir='ltr'><strong>ea</strong></span> <span class='ocrx_word' id='word_1_666' title='bbox 602 4744 722 4796; x_wconf 77' lang='grc' dir='ltr'>ιιιιιε</span> <span class='ocrx_word' id='word_1_667' title='bbox 753 4728 942 4785; x_wconf 86' lang='lat' dir='ltr'><strong>Davidi</strong></span> <span class='ocrx_word' id='word_1_668' title='bbox 972 4734 1178 4801; x_wconf 79' lang='lat' dir='ltr'><strong>juravit</strong></span> <span class='ocrx_word' id='word_1_669' title='bbox 1227 4734 1390 4791; x_wconf 83' lang='lat' dir='ltr'><strong>Deus.</strong></span> <span class='ocrx_word' id='word_1_670' title='bbox 1433 4735 1633 4792; x_wconf 70' lang='lat' dir='ltr'><strong>Verum</strong></span> <span class='ocrx_word' id='word_1_671' title='bbox 1677 4744 1932 4810; x_wconf 91' lang='lat' dir='ltr'><strong>quoniam</strong></span> <span class='ocrx_word' id='word_1_672' title='bbox 1969 4761 2079 4799; x_wconf 91' lang='lat' dir='ltr'><strong>non</strong></span> 
     </span>
    </p>
   </div>
   <div class='ocr_carea' id='block_1_78' title="bbox 510 4818 2077 4903">
    <p class='ocr_par' dir='ltr' id='par_1_78' title="bbox 510 4818 2077 4903">
     <span class='ocr_line' id='line_1_78' title="bbox 510 4818 2077 4903; baseline 0.014 -34"><span class='ocrx_word' id='word_1_673' title='bbox 510 4818 746 4873; x_wconf 88' lang='lat' dir='ltr'><strong>humano</strong></span> <span class='ocrx_word' id='word_1_674' title='bbox 768 4820 896 4884; x_wconf 86' lang='lat' dir='ltr'><strong>ritu,</strong></span> <span class='ocrx_word' id='word_1_675' title='bbox 924 4839 1096 4892; x_wconf 89' lang='lat' dir='ltr'><strong>neque</strong></span> <span class='ocrx_word' id='word_1_676' title='bbox 1117 4827 1418 4880; x_wconf 89' lang='lat' dir='ltr'><strong>secundum</strong></span> <span class='ocrx_word' id='word_1_677' title='bbox 1468 4845 1671 4886; x_wconf 90' lang='lat' dir='ltr'><strong>morem</strong></span> <span class='ocrx_word' id='word_1_678' title='bbox 1709 4849 1894 4903; x_wconf 73' lang='lat' dir='ltr'><strong>regum</strong></span> <span class='ocrx_word' id='word_1_679' title='bbox 1921 4851 2077 4890; x_wconf 92' lang='lat' dir='ltr'><strong>mun-</strong></span> 
     </span>
    </p>
   </div>
   <div class='ocr_carea' id='block_1_79' title="bbox 507 4908 2076 4983">
    <p class='ocr_par' dir='ltr' id='par_1_79' title="bbox 507 4908 2076 4983">
     <span class='ocr_line' id='line_1_79' title="bbox 507 4908 2076 4983; baseline 0.015 -24"><span class='ocrx_word' id='word_1_680' title='bbox 507 4908 796 4971; x_wconf 90' lang='lat' dir='ltr'><strong>danorum,</strong></span> <span class='ocrx_word' id='word_1_681' title='bbox 829 4911 942 4965; x_wconf 74' lang='lat' dir='ltr'><strong>haec</strong></span> <span class='ocrx_word' id='word_1_682' title='bbox 972 4916 1240 4982; x_wconf 86' lang='lat' dir='ltr'><strong>promissa</strong></span> <span class='ocrx_word' id='word_1_683' title='bbox 1287 4918 1341 4972; x_wconf 89' lang='lat' dir='ltr'><strong>in</strong></span> <span class='ocrx_word' id='word_1_684' title='bbox 1389 4924 1800 4979; x_wconf 88' lang='lat' dir='ltr'><strong>successoribus</strong></span> <span class='ocrx_word' id='word_1_685' title='bbox 1856 4925 2076 4983; x_wconf 82' lang='lat' dir='ltr'><strong>Davidis</strong></span> 
     </span>
    </p>
   </div>
   <div class='ocr_carea' id='block_1_80' title="bbox 509 4999 2078 5081">
    <p class='ocr_par' dir='ltr' id='par_1_80' title="bbox 509 4999 2078 5081">
     <span class='ocr_line' id='line_1_80' title="bbox 509 4999 2078 5081; baseline 0.015 -32"><span class='ocrx_word' id='word_1_686' title='bbox 509 4999 730 5067; x_wconf 90' lang='lat' dir='ltr'><strong>impleta</strong></span> <span class='ocrx_word' id='word_1_687' title='bbox 764 5011 928 5066; x_wconf 89' lang='lat' dir='ltr'><strong>sunt;</strong></span> <span class='ocrx_word' id='word_1_688' title='bbox 966 5021 1142 5074; x_wconf 89' lang='lat' dir='ltr'><strong>neque</strong></span> <span class='ocrx_word' id='word_1_689' title='bbox 1170 5008 1222 5060; x_wconf 91' lang='lat' dir='ltr'><strong>in</strong></span> <span class='ocrx_word' id='word_1_690' title='bbox 1257 5009 1375 5077; x_wconf 89' lang='lat' dir='ltr'><strong>ipso</strong></span> <span class='ocrx_word' id='word_1_691' title='bbox 1409 5012 1690 5068; x_wconf 82' lang='lat' dir='ltr'><strong>Salvatore</strong></span> <span class='ocrx_word' id='word_1_692' title='bbox 1713 5024 1920 5081; x_wconf 85' lang='lat' dir='ltr'><strong>nostro,</strong></span> <span class='ocrx_word' id='word_1_693' title='bbox 1954 5033 2078 5072; x_wconf 88' lang='lat' dir='ltr'><strong>cor-</strong></span> 
     </span>
    </p>
   </div>
   <div class='ocr_carea' id='block_1_81' title="bbox 510 5092 2077 5176">
    <p class='ocr_par' dir='ltr' id='par_1_81' title="bbox 510 5092 2077 5176">
     <span class='ocr_line' id='line_1_81' title="bbox 510 5092 2077 5176; baseline 0.015 -36"><span class='ocrx_word' id='word_1_694' title='bbox 510 5104 674 5156; x_wconf 87' lang='lat' dir='ltr'><strong>poreo</strong></span> <span class='ocrx_word' id='word_1_695' title='bbox 703 5105 851 5145; x_wconf 88' lang='lat' dir='ltr'><strong>tnore</strong></span> <span class='ocrx_word' id='word_1_696' title='bbox 883 5092 1042 5146; x_wconf 79' lang='lat' dir='ltr'><strong>linem</strong></span> <span class='ocrx_word' id='word_1_697' title='bbox 1087 5109 1452 5166; x_wconf 79' lang='lat' dir='ltr'><strong>acceperunt,</strong></span> <span class='ocrx_word' id='word_1_698' title='bbox 1508 5103 1635 5171; x_wconf 84' lang='lat' dir='ltr'><strong>quia</strong></span> <span class='ocrx_word' id='word_1_699' title='bbox 1693 5120 1919 5174; x_wconf 75' lang='lat' dir='ltr'><strong>regnum</strong></span> <span class='ocrx_word' id='word_1_700' title='bbox 1955 5108 2077 5176; x_wconf 88' lang='lat' dir='ltr'><strong>ejus</strong></span> 
     </span>
    </p>
   </div>
   <div class='ocr_carea' id='block_1_82' title="bbox 507 5178 2077 5259">
    <p class='ocr_par' dir='ltr' id='par_1_82' title="bbox 507 5178 2077 5259">
     <span class='ocr_line' id='line_1_82' title="bbox 507 5178 2077 5259; baseline 0.014 -29"><span class='ocrx_word' id='word_1_701' title='bbox 507 5193 615 5231; x_wconf 91' lang='lat' dir='ltr'><strong>non</strong></span> <span class='ocrx_word' id='word_1_702' title='bbox 652 5178 753 5232; x_wconf 81' lang='lat' dir='ltr'><strong>fuit</strong></span> <span class='ocrx_word' id='word_1_703' title='bbox 783 5195 848 5233; x_wconf 76' lang='lat' dir='ltr'><strong>ex</strong></span> <span class='ocrx_word' id='word_1_704' title='bbox 878 5180 982 5236; x_wconf 88' lang='lat' dir='ltr'><strong>hoc</strong></span> <span class='ocrx_word' id='word_1_705' title='bbox 1031 5187 1254 5250; x_wconf 86' lang='lat' dir='ltr'><strong>mundo,</strong></span> <span class='ocrx_word' id='word_1_706' title='bbox 1287 5205 1462 5259; x_wconf 82' lang='lat' dir='ltr'><strong>neque</strong></span> <span class='ocrx_word' id='word_1_707' title='bbox 1497 5193 1584 5245; x_wconf 91' lang='lat' dir='ltr'><strong>ille</strong></span> <span class='ocrx_word' id='word_1_708' title='bbox 1616 5193 1667 5246; x_wconf 90' lang='lat' dir='ltr'><strong>in</strong></span> <span class='ocrx_word' id='word_1_709' title='bbox 1695 5197 1938 5250; x_wconf 88' lang='lat' dir='ltr'><strong>sensibili</strong></span> <span class='ocrx_word' id='word_1_710' title='bbox 1973 5197 2077 5251; x_wconf 86' lang='lat' dir='ltr'><strong>Da-</strong></span> 
     </span>
    </p>
   </div>
   <div class='ocr_carea' id='block_1_83' title="bbox 507 5270 2073 5354">
    <p class='ocr_par' dir='ltr' id='par_1_83' title="bbox 507 5270 2073 5354">
     <span class='ocr_line' id='line_1_83' title="bbox 507 5270 2073 5354; baseline 0.013 -33"><span class='ocrx_word' id='word_1_711' title='bbox 507 5270 648 5325; x_wconf 83' lang='lat' dir='ltr'><strong>vidis</strong></span> <span class='ocrx_word' id='word_1_712' title='bbox 683 5271 882 5326; x_wconf 92' lang='lat' dir='ltr'><strong>throno</strong></span> <span class='ocrx_word' id='word_1_713' title='bbox 910 5275 1084 5342; x_wconf 89' lang='lat' dir='ltr'><strong>sedit;</strong></span> <span class='ocrx_word' id='word_1_714' title='bbox 1122 5277 1230 5330; x_wconf 94' lang='lat' dir='ltr'><strong>imo</strong></span> <span class='ocrx_word' id='word_1_715' title='bbox 1283 5295 1408 5335; x_wconf 89' lang='lat' dir='ltr'><strong>vero</strong></span> <span class='ocrx_word' id='word_1_716' title='bbox 1459 5283 1794 5338; x_wconf 86' lang='lat' dir='ltr'><strong>contrarium</strong></span> <span class='ocrx_word' id='word_1_717' title='bbox 1850 5288 2073 5354; x_wconf 85' lang='lat' dir='ltr'><strong>accidit,</strong></span> 
     </span>
    </p>
   </div>
   <div class='ocr_carea' id='block_1_84' title="bbox 505 5363 2078 5447">
    <p class='ocr_par' dir='ltr' id='par_1_84' title="bbox 505 5363 2078 5447">
     <span class='ocr_line' id='line_1_84' title="bbox 505 5363 2078 5447; baseline 0.013 -35"><span class='ocrx_word' id='word_1_718' title='bbox 505 5363 827 5419; x_wconf 84' lang='lat' dir='ltr'><strong>adveniente</strong></span> <span class='ocrx_word' id='word_1_719' title='bbox 861 5368 1114 5435; x_wconf 88' lang='lat' dir='ltr'><strong>passione</strong></span> <span class='ocrx_word' id='word_1_720' title='bbox 1142 5369 1261 5438; x_wconf 89' lang='lat' dir='ltr'><strong>ejus</strong></span> <span class='ocrx_word' id='word_1_721' title='bbox 1287 5389 1300 5435; x_wconf 89' lang='lat'><strong>;</strong></span> <span class='ocrx_word' id='word_1_722' title='bbox 1336 5371 1450 5425; x_wconf 68' lang='lat' dir='ltr'><strong>haec</strong></span> <span class='ocrx_word' id='word_1_723' title='bbox 1481 5373 1596 5442; x_wconf 84' lang='lat' dir='ltr'><strong>ipsa</strong></span> <span class='ocrx_word' id='word_1_724' title='bbox 1631 5374 1849 5432; x_wconf 82' lang='lat' dir='ltr'><strong>divinus</strong></span> <span class='ocrx_word' id='word_1_725' title='bbox 1879 5387 1932 5432; x_wconf 91' lang='lat' dir='ltr'><strong>et</strong></span> <span class='ocrx_word' id='word_1_726' title='bbox 1951 5394 2078 5447; x_wconf 87' lang='lat' dir='ltr'><strong>pro-</strong></span> 
     </span>
    </p>
   </div>
   <div class='ocr_carea' id='block_1_85' title="bbox 507 5457 2073 5536">
    <p class='ocr_par' dir='ltr' id='par_1_85' title="bbox 507 5457 2073 5536">
     <span class='ocr_line' id='line_1_85' title="bbox 507 5457 2073 5536; baseline 0.012 -30"><span class='ocrx_word' id='word_1_727' title='bbox 507 5457 755 5522; x_wconf 80' lang='lat' dir='ltr'><strong>pheticus</strong></span> <span class='ocrx_word' id='word_1_728' title='bbox 800 5457 1037 5526; x_wconf 84' lang='lat' dir='ltr'><strong>Spiritus</strong></span> <span class='ocrx_word' id='word_1_729' title='bbox 1080 5461 1204 5528; x_wconf 90' lang='lat' dir='ltr'><strong>jure</strong></span> <span class='ocrx_word' id='word_1_730' title='bbox 1257 5479 1319 5516; x_wconf 91' lang='lat' dir='ltr'><strong>ac</strong></span> <span class='ocrx_word' id='word_1_731' title='bbox 1379 5465 1573 5518; x_wconf 87' lang='lat' dir='ltr'><strong>merito</strong></span> <span class='ocrx_word' id='word_1_732' title='bbox 1626 5466 1954 5536; x_wconf 83' lang='lat' dir='ltr'><strong>declaravit,</strong></span> <span class='ocrx_word' id='word_1_733' title='bbox 2007 5472 2073 5525; x_wconf 85' lang='lat' dir='ltr'><strong>ad</strong></span> 
     </span>
    </p>
   </div>
   <div class='ocr_carea' id='block_1_86' title="bbox 507 5547 2072 5616">
    <p class='ocr_par' dir='ltr' id='par_1_86' title="bbox 507 5547 2072 5616">
     <span class='ocr_line' id='line_1_86' title="bbox 507 5547 2072 5616; baseline 0.012 -18"><span class='ocrx_word' id='word_1_734' title='bbox 507 5547 952 5615; x_wconf 84' lang='lat' dir='ltr'><strong>pcrquisitioncm</strong></span> <span class='ocrx_word' id='word_1_735' title='bbox 1011 5553 1500 5608; x_wconf 83' lang='lat' dir='ltr'><strong>consummationis</strong></span> <span class='ocrx_word' id='word_1_736' title='bbox 1580 5556 1747 5611; x_wconf 86' lang='lat' dir='ltr'><strong>divini</strong></span> <span class='ocrx_word' id='word_1_737' title='bbox 1805 5563 2072 5616; x_wconf 88' lang='lat' dir='ltr'><strong>sermonis</strong></span> 
     </span>
    </p>
   </div>
   <div class='ocr_carea' id='block_1_87' title="bbox 577 5697 1721 5774">
    <p class='ocr_par' dir='ltr' id='par_1_87' title="bbox 577 5697 1721 5774">
     <span class='ocr_line' id='line_1_87' title="bbox 577 5697 1721 5774; baseline 0.01 -22"><span class='ocrx_word' id='word_1_738' title='bbox 577 5697 620 5729; x_wconf 75' lang='grc'><strong>⁵⁸</strong></span> <span class='ocrx_word' id='word_1_739' title='bbox 658 5697 825 5755; x_wconf 76' lang='lat' dir='ltr'><strong>Joan:</strong></span> <span class='ocrx_word' id='word_1_740' title='bbox 856 5719 1016 5762; x_wconf 77' lang='lat' dir='ltr'><strong>mu.</strong></span> <span class='ocrx_word' id='word_1_741' title='bbox 1222 5708 1263 5739; x_wconf 71' lang='grc'><strong>⁵⁷</strong></span> <span class='ocrx_word' id='word_1_742' title='bbox 1305 5706 1416 5760; x_wconf 82' lang='lat' dir='ltr'><strong>an</strong></span> <span class='ocrx_word' id='word_1_743' title='bbox 1450 5723 1503 5774; x_wconf 81' lang='grc' dir='ltr'><strong>ι,</strong></span> <span class='ocrx_word' id='word_1_744' title='bbox 1538 5710 1721 5764; x_wconf 73' lang='grc'><strong>31-55.</strong></span> 
     </span>
    </p>
   </div>
   <div class='ocr_carea' id='block_1_88' title="bbox 2185 3253 3713 3330">
    <p class='ocr_par' dir='ltr' id='par_1_88' title="bbox 2185 3253 3713 3330">
     <span class='ocr_line' id='line_1_88' title="bbox 2185 3253 3713 3330; baseline -0.009 -10"><span class='ocrx_word' id='word_1_745' title='bbox 2185 3265 2510 3330; x_wconf 78' lang='grc' dir='ltr'>,ϐασιλείας</span> <span class='ocrx_word' id='word_1_746' title='bbox 2553 3262 2739 3318; x_wconf 85' lang='grc' dir='ltr'>αὐτοῦ</span> <span class='ocrx_word' id='word_1_747' title='bbox 2771 3264 2881 3316; x_wconf 82' lang='grc' dir='ltr'>οὐκ</span> <span class='ocrx_word' id='word_1_748' title='bbox 2912 3262 3083 3316; x_wconf 80' lang='grc' dir='ltr'>ἔσται</span> <span class='ocrx_word' id='word_1_749' title='bbox 3114 3263 3310 3328; x_wconf 82' lang='grc' dir='ltr'>τέλος.</span> <span class='ocrx_word' id='word_1_750' title='bbox 3349 3260 3584 3323; x_wconf 83' lang='grc' dir='ltr'>Τοιοῦτος</span> <span class='ocrx_word' id='word_1_751' title='bbox 3608 3253 3713 3325; x_wconf 72' lang='grc' dir='ltr'>δ’ἧν</span> 
     </span>
    </p>
   </div>
   <div class='ocr_carea' id='block_1_89' title="bbox 2190 3350 3712 3426">
    <p class='ocr_par' dir='ltr' id='par_1_89' title="bbox 2190 3350 3712 3426">
     <span class='ocr_line' id='line_1_89' title="bbox 2190 3350 3712 3426; baseline -0.005 -17"><span class='ocrx_word' id='word_1_752' title='bbox 2190 3358 2218 3409; x_wconf 88' lang='grc' dir='ltr'><strong>ό</strong></span> <span class='ocrx_word' id='word_1_753' title='bbox 2240 3355 2316 3426; x_wconf 81' lang='grc' dir='ltr'>τῷ</span> <span class='ocrx_word' id='word_1_754' title='bbox 2334 3355 2492 3408; x_wconf 77' lang='grc' dir='ltr'>Δαυῒδ</span> <span class='ocrx_word' id='word_1_755' title='bbox 2522 3354 2638 3426; x_wconf 82' lang='grc' dir='ltr'>μεθ’</span> <span class='ocrx_word' id='word_1_756' title='bbox 2657 3353 3003 3426; x_wconf 83' lang='grc' dir='ltr'>ὁρκωμοσίας</span> <span class='ocrx_word' id='word_1_757' title='bbox 3026 3354 3130 3406; x_wconf 82' lang='grc' dir='ltr'><strong>ὑπὸ</strong></span> <span class='ocrx_word' id='word_1_758' title='bbox 3155 3353 3244 3406; x_wconf 86' lang='grc' dir='ltr'><strong>τοῦ</strong></span> <span class='ocrx_word' id='word_1_759' title='bbox 3268 3354 3408 3406; x_wconf 85' lang='grc' dir='ltr'>Θεοῦ</span> <span class='ocrx_word' id='word_1_760' title='bbox 3435 3350 3712 3424; x_wconf 68' lang='grc' dir='ltr'>ἐπηγγελμέ-</span> 
     </span>
    </p>
   </div>
   <div class='ocr_carea' id='block_1_90' title="bbox 2191 3441 3707 3518">
    <p class='ocr_par' dir='ltr' id='par_1_90' title="bbox 2191 3441 3707 3518">
     <span class='ocr_line' id='line_1_90' title="bbox 2191 3441 3707 3518; baseline -0.005 -18"><span class='ocrx_word' id='word_1_761' title='bbox 2191 3465 2297 3510; x_wconf 92' lang='grc' dir='ltr'>νος.</span> <span class='ocrx_word' id='word_1_762' title='bbox 2337 3449 2400 3500; x_wconf 82' lang='lat'><strong>‘0</strong></span> <span class='ocrx_word' id='word_1_763' title='bbox 2425 3446 2488 3518; x_wconf 81' lang='grc' dir='ltr'>δὴ</span> <span class='ocrx_word' id='word_1_764' title='bbox 2522 3446 2790 3517; x_wconf 79' lang='grc' dir='ltr'>παριστὰς</span> <span class='ocrx_word' id='word_1_765' title='bbox 2817 3446 3066 3514; x_wconf 79' lang='grc' dir='ltr'>ἄγγελος,</span> <span class='ocrx_word' id='word_1_766' title='bbox 3091 3446 3421 3516; x_wconf 79' lang='grc' dir='ltr'>διηρμήνευε</span> <span class='ocrx_word' id='word_1_767' title='bbox 3453 3448 3535 3498; x_wconf 75' lang='grc' dir='ltr'><strong>τὸν</strong></span> <span class='ocrx_word' id='word_1_768' title='bbox 3560 3441 3707 3496; x_wconf 73' lang='grc' dir='ltr'>ἑαυτοῦ</span> 
     </span>
    </p>
   </div>
   <div class='ocr_carea' id='block_1_91' title="bbox 2190 3533 3709 3613">
    <p class='ocr_par' dir='ltr' id='par_1_91' title="bbox 2190 3533 3709 3613">
     <span class='ocr_line' id='line_1_91' title="bbox 2190 3533 3709 3613; baseline -0.004 -22"><span class='ocrx_word' id='word_1_769' title='bbox 2190 3539 2468 3613; x_wconf 82' lang='grc' dir='ltr'>χρησμόν·</span> <span class='ocrx_word' id='word_1_770' title='bbox 2501 3540 2762 3609; x_wconf 86' lang='grc' dir='ltr'>πρότερον</span> <span class='ocrx_word' id='word_1_771' title='bbox 2795 3537 2892 3608; x_wconf 82' lang='grc' dir='ltr'>μὲν</span> <span class='ocrx_word' id='word_1_772' title='bbox 2916 3536 3084 3590; x_wconf 79' lang='grc' dir='ltr'>εἰπὼν</span> <span class='ocrx_word' id='word_1_773' title='bbox 3105 3578 3118 3600; x_wconf 88' lang='grc'><strong>,</strong></span> <span class='ocrx_word' id='word_1_774' title='bbox 3152 3538 3260 3591; x_wconf 86' lang='lat' dir='ltr'><strong>Kal</strong></span> <span class='ocrx_word' id='word_1_775' title='bbox 3307 3538 3484 3591; x_wconf 81' lang='grc' dir='ltr'>δώσει</span> <span class='ocrx_word' id='word_1_776' title='bbox 3523 3533 3654 3598; x_wconf 76' lang='grc' dir='ltr'>αὐτῷ</span> <span class='ocrx_word' id='word_1_777' title='bbox 3686 3537 3709 3585; x_wconf 86' lang='grc' dir='ltr'><strong>ό</strong></span> 
     </span>
    </p>
   </div>
   <div class='ocr_carea' id='block_1_92' title="bbox 2192 3628 3710 3701">
    <p class='ocr_par' dir='ltr' id='par_1_92' title="bbox 2192 3628 3710 3701">
     <span class='ocr_line' id='line_1_92' title="bbox 2192 3628 3710 3701; baseline -0.002 -14"><span class='ocrx_word' id='word_1_778' title='bbox 2192 3633 2334 3699; x_wconf 79' lang='grc' dir='ltr'>Θεὸς</span> <span class='ocrx_word' id='word_1_779' title='bbox 2363 3634 2470 3686; x_wconf 72' lang='grc' dir='ltr'>τὸν</span> <span class='ocrx_word' id='word_1_780' title='bbox 2511 3634 2725 3700; x_wconf 81' lang='grc' dir='ltr'>θρόνον</span> <span class='ocrx_word' id='word_1_781' title='bbox 2771 3633 2954 3685; x_wconf 78' lang='grc' dir='ltr'>Δαυῒδ</span> <span class='ocrx_word' id='word_1_782' title='bbox 3006 3634 3111 3688; x_wconf 85' lang='grc' dir='ltr'><strong>τοῦ</strong></span> <span class='ocrx_word' id='word_1_783' title='bbox 3145 3633 3372 3701; x_wconf 78' lang='grc' dir='ltr'>πατρὸς</span> <span class='ocrx_word' id='word_1_784' title='bbox 3399 3633 3602 3687; x_wconf 75' lang='grc' dir='ltr'>αὐτοῦ’</span> <span class='ocrx_word' id='word_1_785' title='bbox 3639 3628 3710 3697; x_wconf 65' lang='grc' dir='ltr'>εἷθ’</span> 
     </span>
    </p>
   </div>
   <div class='ocr_carea' id='block_1_93' title="bbox 2189 3724 3709 3796">
    <p class='ocr_par' dir='ltr' id='par_1_93' title="bbox 2189 3724 3709 3796">
     <span class='ocr_line' id='line_1_93' title="bbox 2189 3724 3709 3796; baseline -0.003 -18"><span class='ocrx_word' id='word_1_786' title='bbox 2189 3727 2316 3796; x_wconf 78' lang='grc' dir='ltr'>ἑξῆς</span> <span class='ocrx_word' id='word_1_787' title='bbox 2337 3725 2652 3794; x_wconf 80' lang='grc' dir='ltr'>ἐπαγαγὼν,</span> <span class='ocrx_word' id='word_1_788' title='bbox 2675 3726 2782 3780; x_wconf 80' lang='grc' dir='ltr'><strong>Καὶ</strong></span> <span class='ocrx_word' id='word_1_789' title='bbox 2799 3726 3162 3789; x_wconf 73' lang='grc' dir='ltr'>βασιλεύσει</span> <span class='ocrx_word' id='word_1_790' title='bbox 3199 3729 3287 3793; x_wconf 78' lang='grc' dir='ltr'>εἰς</span> <span class='ocrx_word' id='word_1_791' title='bbox 3310 3727 3418 3781; x_wconf 86' lang='grc' dir='ltr'>τὸν</span> <span class='ocrx_word' id='word_1_792' title='bbox 3437 3726 3616 3788; x_wconf 71' lang='grc' dir='ltr'>αἰῶνα,</span> <span class='ocrx_word' id='word_1_793' title='bbox 3641 3724 3709 3777; x_wconf 76' lang='grc' dir='ltr'><strong>καί</strong></span> 
     </span>
    </p>
   </div>
   <div class='ocr_carea' id='block_1_94' title="bbox 2188 3814 3708 3885">
    <p class='ocr_par' dir='ltr' id='par_1_94' title="bbox 2188 3814 3708 3885">
     <span class='ocr_line' id='line_1_94' title="bbox 2188 3814 3708 3885; baseline -0.004 -13"><span class='ocrx_word' id='word_1_794' title='bbox 2188 3818 2298 3885; x_wconf 83' lang='grc' dir='ltr'>τῆς</span> <span class='ocrx_word' id='word_1_795' title='bbox 2321 3819 2645 3883; x_wconf 79' lang='grc' dir='ltr'>βασιλείας</span> <span class='ocrx_word' id='word_1_796' title='bbox 2669 3818 2857 3872; x_wconf 81' lang='grc' dir='ltr'>αὐτοῦ</span> <span class='ocrx_word' id='word_1_797' title='bbox 2896 3821 3006 3871; x_wconf 83' lang='grc' dir='ltr'>οὐκ</span> <span class='ocrx_word' id='word_1_798' title='bbox 3041 3817 3210 3870; x_wconf 83' lang='grc' dir='ltr'>ἕσται</span> <span class='ocrx_word' id='word_1_799' title='bbox 3239 3817 3436 3884; x_wconf 83' lang='grc' dir='ltr'>τέλος.</span> <span class='ocrx_word' id='word_1_800' title='bbox 3491 3817 3646 3869; x_wconf 75' lang='grc' dir='ltr'>Ταῦτα</span> <span class='ocrx_word' id='word_1_801' title='bbox 3669 3814 3708 3866; x_wconf 79' lang='grc' dir='ltr'>δὲ</span> 
     </span>
    </p>
   </div>
   <div class='ocr_carea' id='block_1_95' title="bbox 2184 3908 3707 3983">
    <p class='ocr_par' dir='ltr' id='par_1_95' title="bbox 2184 3908 3707 3983">
     <span class='ocr_line' id='line_1_95' title="bbox 2184 3908 3707 3983; baseline -0.004 -19"><span class='ocrx_word' id='word_1_802' title='bbox 2184 3915 2298 3973; x_wconf 88' lang='grc' dir='ltr'>τοῖς</span> <span class='ocrx_word' id='word_1_803' title='bbox 2320 3910 2500 3983; x_wconf 78' lang='grc' dir='ltr'>ἔργοις</span> <span class='ocrx_word' id='word_1_804' title='bbox 2528 3909 2853 3981; x_wconf 66' lang='grc' dir='ltr'>ἐπληροῦτο,</span> <span class='ocrx_word' id='word_1_805' title='bbox 2883 3911 2962 3973; x_wconf 84' lang='grc' dir='ltr'><strong>είς</strong></span> <span class='ocrx_word' id='word_1_806' title='bbox 2992 3910 3084 3962; x_wconf 80' lang='grc' dir='ltr'><strong>τὸν</strong></span> <span class='ocrx_word' id='word_1_807' title='bbox 3113 3910 3382 3982; x_wconf 82' lang='grc' dir='ltr'>ἡμέτερον</span> <span class='ocrx_word' id='word_1_808' title='bbox 3413 3911 3612 3979; x_wconf 72' lang='grc' dir='ltr'>Σωτῆρα</span> <span class='ocrx_word' id='word_1_809' title='bbox 3636 3908 3707 3974; x_wconf 73' lang='grc' dir='ltr'><strong>’1η-</strong></span> 
     </span>
    </p>
   </div>
   <div class='ocr_carea' id='block_1_96' title="bbox 2189 3999 3706 4075">
    <p class='ocr_par' dir='ltr' id='par_1_96' title="bbox 2189 3999 3706 4075">
     <span class='ocr_line' id='line_1_96' title="bbox 2189 3999 3706 4075; baseline -0.003 -20"><span class='ocrx_word' id='word_1_810' title='bbox 2189 4003 2314 4056; x_wconf 90' lang='grc' dir='ltr'>σοῦν</span> <span class='ocrx_word' id='word_1_811' title='bbox 2334 4043 2348 4066; x_wconf 95' lang='grc'><strong>,</strong></span> <span class='ocrx_word' id='word_1_812' title='bbox 2378 4003 2469 4057; x_wconf 86' lang='grc' dir='ltr'><strong>τὸν</strong></span> <span class='ocrx_word' id='word_1_813' title='bbox 2494 4003 2728 4075; x_wconf 82' lang='grc' dir='ltr'>Χριστὸν</span> <span class='ocrx_word' id='word_1_814' title='bbox 2767 4001 2861 4055; x_wconf 91' lang='grc' dir='ltr'><strong>τοῦ</strong></span> <span class='ocrx_word' id='word_1_815' title='bbox 2893 4001 3025 4054; x_wconf 86' lang='grc' dir='ltr'>Θεοῦ</span> <span class='ocrx_word' id='word_1_816' title='bbox 3046 4043 3059 4066; x_wconf 93' lang='grc'><strong>,</strong></span> <span class='ocrx_word' id='word_1_817' title='bbox 3093 4001 3151 4066; x_wconf 86' lang='grc' dir='ltr'>ὃς</span> <span class='ocrx_word' id='word_1_818' title='bbox 3181 4005 3244 4056; x_wconf 83' lang='grc' dir='ltr'>ὲκ</span> <span class='ocrx_word' id='word_1_819' title='bbox 3268 4005 3568 4075; x_wconf 76' lang='grc' dir='ltr'>σπέρματος</span> <span class='ocrx_word' id='word_1_820' title='bbox 3587 3999 3706 4053; x_wconf 72' lang='grc' dir='ltr'>Δαυίὸ</span> 
     </span>
    </p>
   </div>
   <div class='ocr_carea' id='block_1_97' title="bbox 2186 4092 3704 4166">
    <p class='ocr_par' dir='ltr' id='par_1_97' title="bbox 2186 4092 3704 4166">
     <span class='ocr_line' id='line_1_97' title="bbox 2186 4092 3704 4166; baseline 0.002 -19"><span class='ocrx_word' id='word_1_821' title='bbox 2186 4093 2422 4163; x_wconf 86' lang='grc' dir='ltr'>γεγονὼς</span> <span class='ocrx_word' id='word_1_822' title='bbox 2446 4098 2637 4166; x_wconf 82' lang='grc' dir='ltr'>κρατεῖ</span> <span class='ocrx_word' id='word_1_823' title='bbox 2665 4095 2758 4149; x_wconf 71' lang='grc' dir='ltr'><strong>καὶ</strong></span> <span class='ocrx_word' id='word_1_824' title='bbox 2781 4094 3060 4165; x_wconf 84' lang='grc' dir='ltr'>νομοθετεῖ</span> <span class='ocrx_word' id='word_1_825' title='bbox 3077 4096 3170 4147; x_wconf 73' lang='grc' dir='ltr'><strong>καὶ</strong></span> <span class='ocrx_word' id='word_1_826' title='bbox 3197 4092 3704 4165; x_wconf 69' lang='grc' dir='ltr'>βασιλεύει.καο’-ὃλης</span> 
     </span>
    </p>
   </div>
   <div class='ocr_carea' id='block_1_98' title="bbox 2185 4182 3703 4260">
    <p class='ocr_par' dir='ltr' id='par_1_98' title="bbox 2185 4182 3703 4260">
     <span class='ocr_line' id='line_1_98' title="bbox 2185 4182 3703 4260; baseline -0.002 -21"><span class='ocrx_word' id='word_1_827' title='bbox 2185 4188 2285 4256; x_wconf 79' lang='grc' dir='ltr'>τῆς</span> <span class='ocrx_word' id='word_1_828' title='bbox 2318 4185 2618 4258; x_wconf 83' lang='grc' dir='ltr'>ἀνθρώπων</span> <span class='ocrx_word' id='word_1_829' title='bbox 2650 4189 2976 4258; x_wconf 82' lang='grc' dir='ltr'>οἰκουμένης</span> <span class='ocrx_word' id='word_1_830' title='bbox 2997 4227 3010 4250; x_wconf 95' lang='grc'><strong>,</strong></span> <span class='ocrx_word' id='word_1_831' title='bbox 3061 4188 3161 4240; x_wconf 76' lang='grc' dir='ltr'>οὐκ</span> <span class='ocrx_word' id='word_1_832' title='bbox 3191 4188 3566 4260; x_wconf 78' lang='grc' dir='ltr'>ἀνθρωπίνως,</span> <span class='ocrx_word' id='word_1_833' title='bbox 3605 4182 3703 4236; x_wconf 75' lang='grc' dir='ltr'>ἀλλᾶ</span> 
     </span>
    </p>
   </div>
   <div class='ocr_carea' id='block_1_99' title="bbox 2189 4275 3701 4349">
    <p class='ocr_par' dir='ltr' id='par_1_99' title="bbox 2189 4275 3701 4349">
     <span class='ocr_line' id='line_1_99' title="bbox 2189 4275 3701 4349; baseline -0.003 -20"><span class='ocrx_word' id='word_1_834' title='bbox 2189 4277 2342 4349; x_wconf 82' lang='grc' dir='ltr'>θεῖκῇ</span> <span class='ocrx_word' id='word_1_835' title='bbox 2373 4278 2635 4348; x_wconf 78' lang='grc' dir='ltr'>δυνάμει·</span> <span class='ocrx_word' id='word_1_836' title='bbox 2674 4280 2766 4332; x_wconf 73' lang='grc' dir='ltr'><strong>καὶ</strong></span> <span class='ocrx_word' id='word_1_837' title='bbox 2795 4279 2854 4331; x_wconf 89' lang='grc' dir='ltr'><strong>τό</strong></span> <span class='ocrx_word' id='word_1_838' title='bbox 2898 4295 2957 4330; x_wconf 88' lang='grc' dir='ltr'><strong>τε</strong></span> <span class='ocrx_word' id='word_1_839' title='bbox 2986 4279 3205 4348; x_wconf 86' lang='grc' dir='ltr'>σπέρμα</span> <span class='ocrx_word' id='word_1_840' title='bbox 3239 4279 3403 4332; x_wconf 74' lang='grc' dir='ltr'>αὐτοῦ</span> <span class='ocrx_word' id='word_1_841' title='bbox 3436 4276 3623 4348; x_wconf 71' lang='grc' dir='ltr'>ἀληθῶς</span> <span class='ocrx_word' id='word_1_842' title='bbox 3646 4275 3701 4334; x_wconf 78' lang='grc' dir='ltr'><strong>είς</strong></span> 
     </span>
    </p>
   </div>
   <div class='ocr_carea' id='block_1_100' title="bbox 2185 4363 3704 4440">
    <p class='ocr_par' dir='ltr' id='par_1_100' title="bbox 2185 4363 3704 4440">
     <span class='ocr_line' id='line_1_100' title="bbox 2185 4363 3704 4440; baseline -0.004 -20"><span class='ocrx_word' id='word_1_843' title='bbox 2185 4369 2275 4420; x_wconf 77' lang='grc' dir='ltr'>τὸν</span> <span class='ocrx_word' id='word_1_844' title='bbox 2311 4369 2480 4423; x_wconf 84' lang='grc' dir='ltr'>αἰῶνα</span> <span class='ocrx_word' id='word_1_845' title='bbox 2515 4369 2663 4440; x_wconf 86' lang='grc' dir='ltr'>μένει</span> <span class='ocrx_word' id='word_1_846' title='bbox 2682 4386 2695 4400; x_wconf 74' lang='grc' dir='ltr'><strong>ο</strong></span> <span class='ocrx_word' id='word_1_847' title='bbox 2725 4371 2843 4439; x_wconf 82' lang='grc' dir='ltr'>ἦτοι</span> <span class='ocrx_word' id='word_1_848' title='bbox 2879 4369 2936 4422; x_wconf 73' lang='grc' dir='ltr'>τὸ</span> <span class='ocrx_word' id='word_1_849' title='bbox 2962 4370 3060 4439; x_wconf 83' lang='grc' dir='ltr'>τῆς</span> <span class='ocrx_word' id='word_1_850' title='bbox 3086 4368 3334 4440; x_wconf 79' lang='grc' dir='ltr'>διαδοχῆς</span> <span class='ocrx_word' id='word_1_851' title='bbox 3368 4368 3522 4422; x_wconf 84' lang='grc' dir='ltr'>αὑτοῦ</span> <span class='ocrx_word' id='word_1_852' title='bbox 3543 4368 3623 4435; x_wconf 73' lang='grc' dir='ltr'>τῆς</span> <span class='ocrx_word' id='word_1_853' title='bbox 3641 4363 3704 4415; x_wconf 65' lang='grc' dir='ltr'>διὰ</span> 
     </span>
    </p>
   </div>
   <div class='ocr_carea' id='block_1_101' title="bbox 2185 4460 3700 4532">
    <p class='ocr_par' dir='ltr' id='par_1_101' title="bbox 2185 4460 3700 4532">
     <span class='ocr_line' id='line_1_101' title="bbox 2185 4460 3700 4532; baseline 0 -18"><span class='ocrx_word' id='word_1_854' title='bbox 2185 4463 2293 4514; x_wconf 81' lang='grc' dir='ltr'><strong>τῶν</strong></span> <span class='ocrx_word' id='word_1_855' title='bbox 2339 4463 2650 4516; x_wconf 85' lang='grc' dir='ltr'>ἀποστόλων</span> <span class='ocrx_word' id='word_1_856' title='bbox 2696 4460 2860 4514; x_wconf 82' lang='grc' dir='ltr'>αὐτοῦ</span> <span class='ocrx_word' id='word_1_857' title='bbox 2905 4462 2998 4514; x_wconf 71' lang='grc' dir='ltr'><strong>καὶ</strong></span> <span class='ocrx_word' id='word_1_858' title='bbox 3043 4461 3302 4532; x_wconf 87' lang='grc' dir='ltr'>μαθητῶν</span> <span class='ocrx_word' id='word_1_859' title='bbox 3351 4463 3435 4514; x_wconf 79' lang='grc' dir='ltr'><strong>τὸν</strong></span> <span class='ocrx_word' id='word_1_860' title='bbox 3469 4460 3700 4530; x_wconf 72' lang='grc' dir='ltr'>σύμπαντα</span> 
     </span>
    </p>
   </div>
   <div class='ocr_carea' id='block_1_102' title="bbox 2188 4548 3700 4623">
    <p class='ocr_par' dir='ltr' id='par_1_102' title="bbox 2188 4548 3700 4623">
     <span class='ocr_line' id='line_1_102' title="bbox 2188 4548 3700 4623; baseline -0.005 -19"><span class='ocrx_word' id='word_1_861' title='bbox 2188 4553 2389 4623; x_wconf 78' lang='grc' dir='ltr'>κόσμον</span> <span class='ocrx_word' id='word_1_862' title='bbox 2409 4552 2614 4623; x_wconf 82' lang='grc' dir='ltr'>πληροῦ</span> <span class='ocrx_word' id='word_1_863' title='bbox 2624 4570 2720 4623; x_wconf 85' lang='grc' dir='ltr'><strong>σης</strong></span> <span class='ocrx_word' id='word_1_864' title='bbox 2735 4569 2748 4582; x_wconf 77' lang='grc' dir='ltr'><strong>ο</strong></span> <span class='ocrx_word' id='word_1_865' title='bbox 2776 4552 2808 4623; x_wconf 83' lang='grc' dir='ltr'>ἢ</span> <span class='ocrx_word' id='word_1_866' title='bbox 2833 4553 2892 4605; x_wconf 87' lang='grc' dir='ltr'><strong>τὸ</strong></span> <span class='ocrx_word' id='word_1_867' title='bbox 2913 4553 3126 4621; x_wconf 84' lang='grc' dir='ltr'>λογικὸν</span> <span class='ocrx_word' id='word_1_868' title='bbox 3153 4553 3372 4623; x_wconf 85' lang='grc' dir='ltr'>σπέρμα</span> <span class='ocrx_word' id='word_1_869' title='bbox 3393 4554 3486 4623; x_wconf 78' lang='grc' dir='ltr'>τῆς</span> <span class='ocrx_word' id='word_1_870' title='bbox 3503 4548 3700 4620; x_wconf 69' lang='grc' dir='ltr'>οὐρανίου</span> 
     </span>
    </p>
   </div>
   <div class='ocr_carea' id='block_1_103' title="bbox 2185 4638 3700 4714">
    <p class='ocr_par' dir='ltr' id='par_1_103' title="bbox 2185 4638 3700 4714">
     <span class='ocr_line' id='line_1_103' title="bbox 2185 4638 3700 4714; baseline 0.001 -20"><span class='ocrx_word' id='word_1_871' title='bbox 2185 4643 2534 4705; x_wconf 82' lang='grc' dir='ltr'>διδασκαλίας</span> <span class='ocrx_word' id='word_1_872' title='bbox 2553 4642 2736 4696; x_wconf 79' lang='grc' dir='ltr'>αὐτοῦ.</span> <span class='ocrx_word' id='word_1_873' title='bbox 2758 4643 2916 4695; x_wconf 74' lang='grc' dir='ltr'>Ἀλλὰ</span> <span class='ocrx_word' id='word_1_874' title='bbox 2935 4644 3026 4696; x_wconf 74' lang='grc' dir='ltr'><strong>καὶ</strong></span> <span class='ocrx_word' id='word_1_875' title='bbox 3049 4645 3077 4696; x_wconf 87' lang='grc' dir='ltr'>ὁ</span> <span class='ocrx_word' id='word_1_876' title='bbox 3094 4642 3279 4714; x_wconf 84' lang='grc' dir='ltr'>θρόνος</span> <span class='ocrx_word' id='word_1_877' title='bbox 3301 4643 3460 4696; x_wconf 75' lang='grc' dir='ltr'>αὑτοῦ</span> <span class='ocrx_word' id='word_1_878' title='bbox 3479 4638 3700 4708; x_wconf 43' lang='lat' dir='ltr'><strong>satis;</strong></span> 
     </span>
    </p>
   </div>
   <div class='ocr_carea' id='block_1_104' title="bbox 2185 4727 3700 4804">
    <p class='ocr_par' dir='ltr' id='par_1_104' title="bbox 2185 4727 3700 4804">
     <span class='ocr_line' id='line_1_104' title="bbox 2185 4727 3700 4804; baseline 0 -20"><span class='ocrx_word' id='word_1_879' title='bbox 2185 4734 2456 4802; x_wconf 75' lang='grc' dir='ltr'>ἐκλάμπει</span> <span class='ocrx_word' id='word_1_880' title='bbox 2479 4773 2491 4796; x_wconf 92' lang='grc'><strong>,</strong></span> <span class='ocrx_word' id='word_1_881' title='bbox 2521 4735 2766 4804; x_wconf 81' lang='grc' dir='ltr'>φωτίζων</span> <span class='ocrx_word' id='word_1_882' title='bbox 2790 4737 2883 4788; x_wconf 83' lang='grc' dir='ltr'><strong>καὶ</strong></span> <span class='ocrx_word' id='word_1_883' title='bbox 2911 4735 3266 4804; x_wconf 74' lang='grc' dir='ltr'>καταυγάζων</span> <span class='ocrx_word' id='word_1_884' title='bbox 3295 4735 3394 4800; x_wconf 81' lang='grc' dir='ltr'>τὰς</span> <span class='ocrx_word' id='word_1_885' title='bbox 3422 4735 3520 4788; x_wconf 84' lang='grc' dir='ltr'><strong>τῶν</strong></span> <span class='ocrx_word' id='word_1_886' title='bbox 3539 4727 3700 4798; x_wconf 78' lang='grc' dir='ltr'>ἀνθρὼ-</span> 
     </span>
    </p>
   </div>
   <div class='ocr_carea' id='block_1_105' title="bbox 2183 4823 3696 4898">
    <p class='ocr_par' dir='ltr' id='par_1_105' title="bbox 2183 4823 3696 4898">
     <span class='ocr_line' id='line_1_105' title="bbox 2183 4823 3696 4898; baseline -0.011 -13"><span class='ocrx_word' id='word_1_887' title='bbox 2183 4842 2300 4877; x_wconf 68' lang='grc' dir='ltr'><strong>πων</strong></span> <span class='ocrx_word' id='word_1_888' title='bbox 2324 4825 2519 4894; x_wconf 74' lang='grc' dir='ltr'>ψυχάς.</span> <span class='ocrx_word' id='word_1_889' title='bbox 2553 4825 2738 4880; x_wconf 84' lang='grc' dir='ltr'>Ταῦτα</span> <span class='ocrx_word' id='word_1_890' title='bbox 2762 4827 2818 4880; x_wconf 82' lang='grc' dir='ltr'>δὲ</span> <span class='ocrx_word' id='word_1_891' title='bbox 2843 4828 3017 4880; x_wconf 81' lang='grc' dir='ltr'>πάντα</span> <span class='ocrx_word' id='word_1_892' title='bbox 3039 4827 3225 4891; x_wconf 84' lang='grc' dir='ltr'>τέλους</span> <span class='ocrx_word' id='word_1_893' title='bbox 3267 4827 3494 4898; x_wconf 69' lang='grc' dir='ltr'>ἠξιοῦτο,</span> <span class='ocrx_word' id='word_1_894' title='bbox 3516 4825 3592 4878; x_wconf 74' lang='grc' dir='ltr'><strong>καὶ</strong></span> <span class='ocrx_word' id='word_1_895' title='bbox 3616 4823 3696 4872; x_wconf 76' lang='grc' dir='ltr'>εἰσι</span> 
     </span>
    </p>
   </div>
   <div class='ocr_carea' id='block_1_106' title="bbox 2183 4909 3696 4992">
    <p class='ocr_par' dir='ltr' id='par_1_106' title="bbox 2183 4909 3696 4992">
     <span class='ocr_line' id='line_1_106' title="bbox 2183 4909 3696 4992; baseline 0.006 -23"><span class='ocrx_word' id='word_1_896' title='bbox 2183 4918 2264 4970; x_wconf 88' lang='grc' dir='ltr'><strong>έτι</strong></span> <span class='ocrx_word' id='word_1_897' title='bbox 2293 4918 2388 4970; x_wconf 86' lang='grc' dir='ltr'><strong>νῦν</strong></span> <span class='ocrx_word' id='word_1_898' title='bbox 2426 4918 2723 4990; x_wconf 82' lang='grc' dir='ltr'>πληροῦται</span> <span class='ocrx_word' id='word_1_899' title='bbox 2751 4920 3056 4984; x_wconf 77' lang='grc' dir='ltr'>ἀκολούθως</span> <span class='ocrx_word' id='word_1_900' title='bbox 3111 4915 3191 4984; x_wconf 78' lang='grc' dir='ltr'>οἷς</span> <span class='ocrx_word' id='word_1_901' title='bbox 3219 4921 3480 4992; x_wconf 20' lang='grc' dir='ltr'>ὥμοσενκό</span> <span class='ocrx_word' id='word_1_902' title='bbox 3507 4915 3616 4977; x_wconf 71' lang='grc' dir='ltr'>θεὸς</span> <span class='ocrx_word' id='word_1_903' title='bbox 3641 4909 3696 4978; x_wconf 71' lang='grc' dir='ltr'>τῷ</span> 
     </span>
    </p>
   </div>
   <div class='ocr_carea' id='block_1_107' title="bbox 2181 5005 3695 5085">
    <p class='ocr_par' dir='ltr' id='par_1_107' title="bbox 2181 5005 3695 5085">
     <span class='ocr_line' id='line_1_107' title="bbox 2181 5005 3695 5085; baseline 0.001 -23"><span class='ocrx_word' id='word_1_904' title='bbox 2181 5011 2364 5065; x_wconf 84' lang='grc' dir='ltr'>Δαυῖδ.</span> <span class='ocrx_word' id='word_1_905' title='bbox 2443 5011 2574 5064; x_wconf 70' lang='grc' dir='ltr'>’Ἀλλ’</span> <span class='ocrx_word' id='word_1_906' title='bbox 2610 5013 2794 5084; x_wconf 76' lang='grc' dir='ltr'>ἐπειδὴ</span> <span class='ocrx_word' id='word_1_907' title='bbox 2825 5013 2898 5085; x_wconf 82' lang='grc' dir='ltr'>μὴ</span> <span class='ocrx_word' id='word_1_908' title='bbox 2926 5013 3310 5084; x_wconf 82' lang='grc' dir='ltr'>ἀνθρωπίνως,</span> <span class='ocrx_word' id='word_1_909' title='bbox 3349 5011 3474 5083; x_wconf 78' lang='grc' dir='ltr'>μηδὲ</span> <span class='ocrx_word' id='word_1_910' title='bbox 3503 5005 3695 5073; x_wconf 72' lang='grc' dir='ltr'>συνήθως</span> 
     </span>
    </p>
   </div>
   <div class='ocr_carea' id='block_1_108' title="bbox 2182 5091 3693 5176">
    <p class='ocr_par' dir='ltr' id='par_1_108' title="bbox 2182 5101 3693 5176">
     <span class='ocr_line' id='line_1_108' title="bbox 2182 5101 3693 5176; baseline 0.003 -20"><span class='ocrx_word' id='word_1_911' title='bbox 2182 5107 2292 5167; x_wconf 85' lang='grc' dir='ltr'>τοῖς</span> <span class='ocrx_word' id='word_1_912' title='bbox 2318 5104 2461 5158; x_wconf 85' lang='grc' dir='ltr'><strong>κατά</strong></span> <span class='ocrx_word' id='word_1_913' title='bbox 2479 5105 2761 5176; x_wconf 83' lang='grc' dir='ltr'>ἄνθρωπον</span> <span class='ocrx_word' id='word_1_914' title='bbox 2785 5105 3094 5174; x_wconf 79' lang='grc' dir='ltr'>βασιλεῦσιν</span> <span class='ocrx_word' id='word_1_915' title='bbox 3113 5107 3191 5168; x_wconf 85' lang='grc' dir='ltr'><strong>είς</strong></span> <span class='ocrx_word' id='word_1_916' title='bbox 3212 5106 3337 5168; x_wconf 77' lang='grc' dir='ltr'>τοῦς</span> <span class='ocrx_word' id='word_1_917' title='bbox 3363 5101 3606 5170; x_wconf 76' lang='grc' dir='ltr'>διαδόχους</span> <span class='ocrx_word' id='word_1_918' title='bbox 3623 5109 3693 5145; x_wconf 67' lang='grc' dir='ltr'><strong>τω</strong></span> 
     </span>
    </p>
   </div>
   <div class='ocr_carea' id='block_1_109' title="bbox 2183 5183 3692 5267">
    <p class='ocr_par' dir='ltr' id='par_1_109' title="bbox 2183 5183 3692 5267">
     <span class='ocr_line' id='line_1_109' title="bbox 2183 5183 3692 5267; baseline -0.005 -18"><span class='ocrx_word' id='word_1_919' title='bbox 2183 5197 2342 5250; x_wconf 84' lang='grc' dir='ltr'>Δαυῒδ</span> <span class='ocrx_word' id='word_1_920' title='bbox 2371 5196 2673 5267; x_wconf 80' lang='grc' dir='ltr'>ἐπληροῦτο</span> <span class='ocrx_word' id='word_1_921' title='bbox 2697 5195 2763 5248; x_wconf 82' lang='grc' dir='ltr'>τὰ</span> <span class='ocrx_word' id='word_1_922' title='bbox 2792 5197 3193 5266; x_wconf 77' lang='grc' dir='ltr'>ἐπηγγελμένα,</span> <span class='ocrx_word' id='word_1_923' title='bbox 3220 5195 3332 5248; x_wconf 79' lang='grc' dir='ltr'>ἀλλ’</span> <span class='ocrx_word' id='word_1_924' title='bbox 3351 5194 3452 5246; x_wconf 71' lang='grc' dir='ltr'>οὐδ’</span> <span class='ocrx_word' id='word_1_925' title='bbox 3473 5192 3548 5244; x_wconf 77' lang='grc' dir='ltr'>ἐπ’</span> <span class='ocrx_word' id='word_1_926' title='bbox 3568 5183 3692 5240; x_wconf 72' lang='grc' dir='ltr'>αὐτὸν</span> 
     </span>
    </p>
   </div>
   <div class='ocr_carea' id='block_1_110' title="bbox 2182 5282 3687 5377">
    <p class='ocr_par' dir='ltr' id='par_1_110' title="bbox 2182 5282 3687 5377">
     <span class='ocr_line' id='line_1_110' title="bbox 2182 5282 3687 5377; baseline -0.005 -37"><span class='ocrx_word' id='word_1_927' title='bbox 2182 5288 2272 5341; x_wconf 73' lang='grc' dir='ltr'>τὸν</span> <span class='ocrx_word' id='word_1_928' title='bbox 2319 5290 2582 5360; x_wconf 75' lang='grc' dir='ltr'>ἡμέτερον</span> <span class='ocrx_word' id='word_1_929' title='bbox 2616 5288 2844 5358; x_wconf 79' lang='grc' dir='ltr'>Σωτῆρα</span> <span class='ocrx_word' id='word_1_930' title='bbox 2877 5289 3200 5358; x_wconf 85' lang='grc' dir='ltr'>σωματικῶς</span> <span class='ocrx_word' id='word_1_931' title='bbox 3225 5287 3407 5349; x_wconf 85' lang='grc' dir='ltr'>τέλους</span> <span class='ocrx_word' id='word_1_932' title='bbox 3434 5282 3687 5377; x_wconf 49' lang='lat' dir='ltr'><strong>itif/Mi.</strong></span> 
     </span>
    </p>
   </div>
   <div class='ocr_carea' id='block_1_111' title="bbox 2182 5379 3690 5452">
    <p class='ocr_par' dir='ltr' id='par_1_111' title="bbox 2182 5379 3690 5452">
     <span class='ocr_line' id='line_1_111' title="bbox 2182 5379 3690 5452; baseline -0.003 -21"><span class='ocrx_word' id='word_1_933' title='bbox 2182 5381 2303 5432; x_wconf 73' lang='grc' dir='ltr'>ἐπεὶ</span> <span class='ocrx_word' id='word_1_934' title='bbox 2330 5380 2404 5450; x_wconf 82' lang='grc' dir='ltr'>μὴ</span> <span class='ocrx_word' id='word_1_935' title='bbox 2434 5379 2656 5447; x_wconf 87' lang='grc' dir='ltr'>γέγονεν</span> <span class='ocrx_word' id='word_1_936' title='bbox 2685 5380 2850 5434; x_wconf 80' lang='grc' dir='ltr'>αὑτοῦ</span> <span class='ocrx_word' id='word_1_937' title='bbox 2875 5383 2908 5452; x_wconf 82' lang='grc' dir='ltr'>ὴ</span> <span class='ocrx_word' id='word_1_938' title='bbox 2935 5380 3177 5450; x_wconf 78' lang='grc' dir='ltr'>βασιλεία</span> <span class='ocrx_word' id='word_1_939' title='bbox 3203 5384 3267 5434; x_wconf 82' lang='grc' dir='ltr'>ὲκ</span> <span class='ocrx_word' id='word_1_940' title='bbox 3298 5380 3387 5434; x_wconf 89' lang='grc' dir='ltr'><strong>τοῦ</strong></span> <span class='ocrx_word' id='word_1_941' title='bbox 3411 5380 3587 5446; x_wconf 81' lang='grc' dir='ltr'>κόσμου</span> <span class='ocrx_word' id='word_1_942' title='bbox 3607 5387 3690 5422; x_wconf 76' lang='grc' dir='ltr'>του·</span> 
     </span>
    </p>
   </div>
   <div class='ocr_carea' id='block_1_112' title="bbox 2180 5461 3682 5543">
    <p class='ocr_par' dir='ltr' id='par_1_112' title="bbox 2180 5461 3682 5543">
     <span class='ocr_line' id='line_1_112' title="bbox 2180 5461 3682 5543; baseline -0.013 -13"><span class='ocrx_word' id='word_1_943' title='bbox 2180 5487 2270 5523; x_wconf 82' lang='grc' dir='ltr'>του</span> <span class='ocrx_word' id='word_1_944' title='bbox 2291 5509 2305 5534; x_wconf 87' lang='grc'><em>,</em></span> <span class='ocrx_word' id='word_1_945' title='bbox 2342 5470 2463 5541; x_wconf 77' lang='grc' dir='ltr'>μηδ’</span> <span class='ocrx_word' id='word_1_946' title='bbox 2499 5473 2589 5524; x_wconf 75' lang='grc' dir='ltr'><strong>ἐπὶ</strong></span> <span class='ocrx_word' id='word_1_947' title='bbox 2621 5471 2711 5524; x_wconf 81' lang='grc' dir='ltr'><strong>τὸν</strong></span> <span class='ocrx_word' id='word_1_948' title='bbox 2743 5472 2999 5542; x_wconf 78' lang='grc' dir='ltr'>αἰσθητὸν</span> <span class='ocrx_word' id='word_1_949' title='bbox 3031 5473 3219 5543; x_wconf 88' lang='grc' dir='ltr'>θρόνον</span> <span class='ocrx_word' id='word_1_950' title='bbox 3257 5470 3506 5538; x_wconf 81' lang='grc' dir='ltr'>ὲκαθέσθη</span> <span class='ocrx_word' id='word_1_951' title='bbox 3535 5461 3682 5518; x_wconf 76' lang='grc' dir='ltr'><strong>Δαυῖδ·</strong></span> 
     </span>
    </p>
   </div>
   <div class='ocr_carea' id='block_1_113' title="bbox 2179 5550 3684 5635">
    <p class='ocr_par' dir='ltr' id='par_1_113' title="bbox 2179 5550 3684 5635">
     <span class='ocr_line' id='line_1_113' title="bbox 2179 5550 3684 5635; baseline -0.008 -20"><span class='ocrx_word' id='word_1_952' title='bbox 2179 5563 2482 5616; x_wconf 77' lang='grc' dir='ltr'>τούναντίον</span> <span class='ocrx_word' id='word_1_953' title='bbox 2527 5564 2581 5618; x_wconf 80' lang='grc' dir='ltr'>δὲ</span> <span class='ocrx_word' id='word_1_954' title='bbox 2619 5566 2795 5635; x_wconf 72' lang='grc' dir='ltr'>ἀπέϐη</span> <span class='ocrx_word' id='word_1_955' title='bbox 2841 5565 2927 5619; x_wconf 78' lang='grc' dir='ltr'>διὰ</span> <span class='ocrx_word' id='word_1_956' title='bbox 2963 5566 3020 5618; x_wconf 75' lang='grc' dir='ltr'>τὸ</span> <span class='ocrx_word' id='word_1_957' title='bbox 3053 5563 3390 5635; x_wconf 74' lang='grc' dir='ltr'>συμϐεΰηκὸς</span> <span class='ocrx_word' id='word_1_958' title='bbox 3429 5559 3538 5629; x_wconf 80' lang='grc' dir='ltr'>περὶ</span> <span class='ocrx_word' id='word_1_959' title='bbox 3565 5550 3684 5607; x_wconf 70' lang='grc' dir='ltr'>αὑτὸν</span> 
     </span>
    </p>
   </div>
   <div class='ocr_carea' id='block_1_114' title="bbox 2119 4519 2158 4572">
    <p class='ocr_par' dir='ltr' id='par_1_114' title="bbox 2119 4519 2158 4572">
     <span class='ocr_line' id='line_1_114' title="bbox 2119 4519 2158 4572; baseline 0 0"><span class='ocrx_word' id='word_1_960' title='bbox 2119 4519 2158 4572; x_wconf 85' lang='grc'><strong>1)</strong></span> 
     </span>
    </p>
   </div>
  </div>
