3974 6572
586 328 725 382 HIS

1364 325 1636 383 EUSEBII
1675 320 2152 381 CESARlENSIS
2188 320 2338 376 ()PP.
2372 316 2552 373 PARS
2590 313 2679 370 ιιι.
2713 342 2784 355 ——
2818 307 3228 364 EXEGETICA.

3618 320 3710 365 “ib

582 451 733 496 nitus
761 441 853 497 Dei
884 439 1068 497 vocari
1098 460 1110 495 :
1142 442 1578 513 quandoquidem
1607 451 1731 496 ante
1758 449 1811 496 et
1838 449 1959 511 post
1992 440 2143 493 illum

2251 453 2339 505 γον
2352 436 2441 489 τὸν
2456 433 2616 488 Δαυῗδ
2634 432 2837 485 ἐκεῖνον
2850 426 3199 499 Πρωτότοκον
3215 423 3511 494 χρηματίσαι
3528 423 3594 474 τοῦ
3604 424 3709 477 θεοῦ*

583 535 823 589 sexcenti
848 534 938 587 illo
964 535 1367 603 praestantiores
1396 535 1564 589 fuere.
1602 531 1785 603 Neque
1812 534 2025 586 videtur
2059 529 2155 583 Da-

584 627 670 680 vid
703 626 979 680 dexteram
1014 627 1070 680 in
1114 626 1357 689 ﬂumina,
1394 630 1674 681 sinistram
1705 627 1760 679 in
1790 640 1939 679 mare
1966 635 2155 679 exten-

582 714 750 777 disse,
782 729 957 783 neque
977 714 1288 770 dominatus
1317 723 1402 770 est
1446 730 1476 768 a
1518 715 1653 769 mari
1680 730 1853 784 usque
1878 712 1945 766 ad
1981 728 2152 777 mare,

582 820 759 874 neque
792 821 1013 875 regnum
1048 806 1305 871 obtinuit,
1344 808 1488 877 quod
1518 807 1847 876 pertingeret
1881 821 2054 874 usque
2087 804 2153 858 ad

582 896 845 950 terminos
873 905 1045 951 terrae.
1070 895 1253 966 Neque
1274 897 1435 951 etiam
1460 897 1570 951 lilio
1592 896 1712 964 ejus
1740 895 2015 949 Salomoni
2041 894 2153 948 haec

583 987 830 1057 adaptari
878 997 1158 1057 possunt:
1198 1004 1325 1042 nam
1377 989 1466 1042 hic
1518 988 1743 1058 perinde
1797 994 1959 1056 atque
2000 996 2155 1057 pater

580 1079 722 1147 ejus,
755 1094 865 1133 non
905 1081 1044 1135 ultra
1072 1080 1312 1135 Iudaeam
1344 1081 1651 1157 imperavit,
1687 1095 1866 1148 neque
1899 1086 1957 1132 ut
2001 1087 2155 1149 pater

580 1171 722 1240 ejus,
752 1172 874 1243 plus
903 1174 1263 1243 quadraginta
1296 1173 1454 1229 annis
1499 1172 1747 1243 regnavit
1780 1191 1793 1227 :
1828 1186 2002 1241 neque
2046 1171 2156 1224 cri-

582 1264 727 1318 mine
754 1279 981 1319 vacuam
1014 1264 1178 1319 vitam
1206 1278 1463 1320 emensus
1490 1270 1593 1319 est.
1622 1263 1739 1317 Tali
1779 1278 2013 1333 namque
2044 1277 2156 1316 mo-

582 1352 653 1406 do
675 1368 735 1408 se
762 1354 952 1423 gessit,
982 1361 1042 1407 ut
1070 1361 1291 1424 propter
1314 1354 1564 1408 insanum
1591 1353 1877 1406 mulierum
1911 1367 2152 1406 amorem

580 1451 633 1497 et
665 1442 1025 1498 idololatriam
1063 1446 1202 1499 male
1231 1444 1485 1507 audierit,
1519 1459 1625 1513 qua
1672 1443 1739 1498 de
1787 1457 1955 1497 causa
2001 1442 2154 1495 Sata-

582 1545 705 1584 nam
734 1532 836 1601 ipsi
878 1532 1174 1587 suscitasse
1204 1533 1405 1587 dicitur
1431 1531 1802 1587 DeusNerum
1831 1548 2006 1602 neque
2030 1539 2153 1602 post

583 1621 928 1689 Salomonem
962 1623 1030 1678 ad
1060 1624 1287 1678 alterum
1328 1639 1515 1694 regum
1545 1621 1855 1678 Iudaeorum
1883 1640 1947 1678 ex
1981 1622 2150 1678 semi-

582 1729 649 1767 ne
681 1721 734 1768 et
763 1715 1115 1770 successione
1155 1714 1321 1768 David
1356 1723 1584 1784 possunt
1621 1716 2014 1785 promissiones
2046 1716 2151 1771 illae

2257 529 2379 580 ἐπεὶ
2413 527 2505 580 καὶ
2544 526 2648 595 πρὸ
2691 521 2852 578 αύτοῦ
2890 518 3068 591 μυρίοι
3102 515 3342 576 καλλίους
3370 513 3508 567 αὑτοῦ
3540 516 3610 567 καί
3638 521 3733 584 μετ’·

2255 620 2416 672 αὑτὸν
2442 619 2747 687 γεγόνασιν.
2800 613 2936 666 Ἀλλ’
2967 612 3086 665 οὐδὲ
3118 608 3356 679 φαίνεται
3375 606 3400 656 ὁ
3424 605 3556 657 Δαυῗδ
3574 605 3715 674 τηνδε-

2256 708 2374 773 ξιὰν
2405 707 2498 760 ἐπὶ
2533 705 2809 775 ποταμοὺς
2850 701 3091 764 ἐκτείνας
3112 740 3127 763 ,
3173 698 3266 751 καὶ
3289 696 3377 767 τὴν
3403 696 3635 766 ἀριστερὰν
3657 698 3717 749 ἐπὶ

2255 799 2526 853 θάλασσαν
2549 837 2564 861 ,
2598 798 2717 850 ούδέ
2771 791 3207 865 κατακυριεύσας
3252 789 3354 842 ἀπὸ
3393 786 3618 855 θαλάσσης
3648 786 3717 849 ἕως

2255 890 2527 960 Θαλάσσης
2546 929 2560 951 ,
2593 888 2712 940 οὐδέ
2743 886 3017 958 βασιλείαν
3049 882 3381 953 κτησάμενος
3406 879 3491 950 τὴν
3519 897 3717 950 rapax-.1-

2255 982 2439 1035 θεῖσαν
2479 981 2583 1043 ἓως
2608 978 2714 1032 τῶν
2746 977 2997 1047 περάτων
3018 977 3117 1046 τῆς
3144 972 3468 1042 οἰκουμένης.
3648 970 3719 1021 οὐδ’

2253 1075 2343 1127 ἐπὶ
2386 1074 2478 1126 τὸν
2518 1072 2575 1138 ἐξ
2621 1069 2783 1123 αὑτοῦ
2822 1068 3109 1139 γενόμενον
3140 1063 3413 1135 Σολομῶνα
3441 1059 3580 1115 ταῦτα
3603 1062 3722 1113 πάντα.

2254 1163 2730 1235 ἐφαρμοσθήσεται
2749 1178 2761 1190 ’
2793 1161 2853 1213 ού
2880 1159 3039 1212 πλέον
3069 1158 3178 1229 γὰρ
3206 1157 3302 1227 τῆς
3336 1155 3558 1217 Ἰουδαίας
3576 1154 3655 1205 οὐδ’
3670 1151 3722 1206 οἱ·

2251 1274 2342 1320 τος
2388 1257 2665 1325 κρατήσας
2714 1253 2914 1324 ὁμοίως
2947 1249 3024 1320 τῷ
3065 1247 3255 1301 ἐαυτοῦ
3291 1248 3549 1316 ἱστορεῖται
3586 1244 3722 1313 πατρί·

2253 1347 2365 1400 ἀλλ’
2387 1346 2494 1399 οὐδ’
2513 1344 2753 1415 ὑπερϐὰς
2776 1343 2965 1414 χρόνον
2982 1340 3116 1393 ἐτῶν
3142 1345 3202 1410 μ’
3218 1339 3315 1407 τῆς
3336 1335 3575 1406 βασιλείας
3588 1334 3725 1403 ὁμοίως

2252 1436 2330 1507 τῷ
2365 1436 2557 1490 ἑαυτοῦ
2595 1435 2789 1504 πατρί’
2823 1433 2935 1486 ἀλλ’
2964 1430 3085 1485 ούδέ
3114 1428 3463 1496 ἀνεπίληπτον
3498 1424 3588 1495 βίον
3609 1424 3727 1476 διατε-

2253 1528 2433 1590 λέσας.
2461 1526 2695 1580 Τοιαῦτα
2727 1523 2855 1593 γοῦν
2882 1519 2949 1594 ἦν
2982 1521 3050 1574 τὰ
3076 1519 3203 1591 περὶ
3230 1518 3387 1571 αὑτὸν
3408 1518 3475 1580 ὡς
3501 1518 3579 1569 καὶ
3602 1533 3727 1584 γυναι-

2254 1618 2519 1689 κομανίαν
2548 1618 2642 1670 καὶ
2674 1612 3110 1685 είδωλολατρείαν
3132 1608 3512 1671 διαϐάλλεσθαι,
3542 1600 3602 1659 ὧν
3619 1607 3729 1658 ἕνεκα

2253 1711 2346 1763 κα)⁵
2377 1709 2617 1762 Σατανᾶν
2652 1706 2797 1777 αὐτῷ
2826 1704 3132 1775 ἐπιπέμψαι
3167 1702 3379 1771 λέγεται
3406 1703 3432 1753 ό
3455 1700 3586 1760 Θεός.
3638 1698 3729 1748 Ἀλλ’

580 1802 769 1859 referri
802 1821 816 1859 :
852 1805 947 1859 sed
974 1806 1153 1859 omnia
1184 1806 1365 1869 simul,
1392 1807 1505 1861 sive
1534 1807 1770 1870 mitiora,
1808 1807 1923 1862 sive
1946 1808 2148 1873 tristia,

2251 1801 2357 1855 οὐδ’
2375 1802 2459 1869 ἐφ’
2474 1800 2561 1852 ἐτε
2568 1816 2661 1870 ρον
2676 1799 2765 1851 τὸν
2784 1796 2920 1867 μετὰ
2937 1795 3224 1865 Σολομῶνα
3238 1793 3332 1847 τοῦ
3360 1791 3590 1845 Ἰουδαίων
3606 1790 3730 1851 ἔθνους

580 1897 635 1949 in
666 1911 776 1951 uno
805 1897 944 1962 solo,
991 1914 1058 1954 ex
1108 1899 1315 1955 semine
1346 1898 1514 1954 David
1538 1908 1679 1964 orto,
1713 1900 1805 1970 qui
1838 1900 2039 1955 dicitur
2062 1898 2155 1957 Je-

579 2004 677 2044 sus
722 1988 978 2046 Christus
1027 1990 1278 2046 Salvator
1308 2000 1516 2054 noster,
1569 1994 1786 2062 impleta
1822 1992 1992 2048 fuisse
2020 2009 2155 2048 con-

580 2089 731 2137 stat:
765 2098 886 2153 quae
939 2083 1151 2139 scilicet
1198 2083 1419 2139 divinus
1454 2083 1691 2155 Spiritus
1744 2084 2150 2155 praenuntiavit,

579 2177 915 2244 praemittens
960 2175 1180 2247 quidem
1226 2176 1440 2231 divinas
1473 2177 1912 2246 pollicitationes,
1949 2177 2153 2233 docens

578 2271 760 2318 autem
792 2266 1215 2335 exspectandum
1243 2282 1388 2331 esse,
1422 2274 1483 2321 ut
1514 2268 1568 2321 in
1599 2284 1708 2323 uno
1738 2276 1792 2323 et
1821 2268 2011 2323 eodem
2042 2269 2154 2323 haec

578 2356 823 2411 tristiora
854 2358 1233 2429 contingerent
1263 2378 1276 2415 :
1314 2374 1440 2413 cum
1487 2360 1721 2415 maxime
1752 2360 2063 2416 sensibilem
2096 2361 2157 2416 il-

580 2447 689 2500 lum
721 2448 890 2503 totius
921 2465 987 2503 ex
1034 2446 1235 2503 Davide
1272 2449 1643 2505 successionis
1695 2450 1951 2504 thronum
1997 2466 2156 2506 ever-

579 2537 800 2592 tendum
828 2553 951 2594 esse
985 2539 1340 2608 prospiceret.
1362 2538 1499 2592 Nam
1527 2553 1684 2611 reges
1715 2555 1779 2593 ex
1810 2541 2019 2595 semine
2050 2538 2153 2593 Da-

577 2629 718 2686 vidis
753 2631 860 2684 orti
894 2631 961 2685 ad
995 2646 1167 2701 usque
1201 2631 1568 2700 captivitatem
1593 2632 1778 2701 populi
1803 2633 1856 2686 in
1880 2631 2154 2703 Babylone

580 2723 941 2791 perdurarunt
974 2742 988 2778 :
1022 2739 1199 2793 neque
1231 2724 1329 2778 toti
1360 2722 1669 2779 Judaeorum
1713 2725 1881 2794 genti,
1914 2725 2009 2780 sed
2049 2725 2151 2778 tri-

576 2816 680 2870 bus
712 2816 887 2870 solum
919 2817 1170 2872 tribubus
1215 2832 1279 2872 ac
1305 2833 1373 2874 ne
1405 2818 1622 2888 quidem
1657 2817 1883 2888 integris
1920 2818 2154 2888 impera-

578 2906 709 2959 bant
742 2925 756 2961 :
799 2913 963 2975 atque
992 2914 1167 2961 totum
1200 2909 1412 2978 imperii
1445 2923 1634 2962 eorum
1668 2914 1882 2978 tempus
1913 2909 1978 2962 ad
2010 2924 2150 2978 qua-

577 2994 899 3065 dringentos
951 2996 1172 3052 circiter
1200 3012 1373 3055 annos
1403 2998 1579 3052 solum
1614 2998 1918 3068 pertingit:
1954 3000 2151 3069 quibus

574 3089 782 3145 exactis
825 3087 1087 3144 Jechonia
1132 3105 1195 3145 ex
1243 3090 1593 3145 successione
1626 3088 1845 3144 Davidis
1872 3098 2150 3160 postremo

2255 1895 2319 1946 ἐκ
2341 1892 2653 1963 σπέρματος
2672 1891 2765 1944 καὶ
2789 1889 3037 1959 διαδοχῆς
3058 1886 3220 1941 Δαυῒδ
3244 1885 3629 1956 βασιλευσάντων
3648 1884 3732 1939 ἀνε-

2255 1983 2514 2055 φέρεσθαι
2550 1982 2771 2035 δύναται
2814 1980 2882 2033 τὰ
2921 1978 3339 2051 ἐπηγγελμένα·
3390 1976 3547 2028 πάντα
3572 1974 3617 2026 δὲ
3641 1970 3730 2041 ὁμοῦ

2255 2078 2349 2130 καὶ
2376 2075 2514 2129 κατὰ
2554 2075 2616 2128 τὸ
2642 2074 2771 2127 αὐτὸ
2793 2074 2860 2126 τά
2890 2090 2949 2125 τε
2984 2072 3323 2142 χρηστότερα
3352 2070 3441 2122 καὶ
3474 2067 3533 2119 τὰ
3560 2064 3733 2134 σκυθρω-

2254 2168 2333 2222 πὰ
2362 2169 2441 2230 είς
2466 2166 2561 2220 ἕνα
2598 2166 2757 2237 μόνον
2791 2166 2882 2218 τὸν
2914 2166 2978 2217 ἐκ
3014 2163 3327 2234 σπέρματος
3354 2160 3501 2214 Δαυῒδ
3524 2161 3733 2229 λεγόμενον

2265 2256 2471 2329 Ἰησοῦν
2520 2256 2749 2328 Χριστὸν
2805 2257 2895 2309 τὸν
2940 2255 3207 2326 ἡμέτερον
3236 2255 3463 2325 Σωτῆρα
3506 2252 3736 2306 συνίσταται

2253 2346 2689 2418 πεπληρωμένα’
2715 2346 2754 2400 ἃ.
2777 2345 2841 2417 δὴ
2875 2346 2967 2400 καὶ
2995 2346 3293 2417 προείληφε
3319 2346 3379 2398 τὸ
3412 2344 3536 2397 θεῖον
3559 2342 3734 2411 Πνεῦμςη

2254 2435 2526 2507 προτάξειν
2578 2435 2677 2506 μὲν
2707 2435 2803 2498 τὰς
2836 2434 3051 2498 ἐνθέους
3102 2433 3435 2502 ἐπαγγελίας
3456 2474 3471 2497 ,
3514 2432 3684 2497 διδάξειν
3703 2430 3739 2482 ii

2253 2527 2448 2598 χρῆναι
2482 2525 2784 2597 προσδοκᾷν
2814 2527 2940 2596 περί
2978 2526 3075 2579 ἕνα
3108 2527 3200 2578 καὶ
3233 2525 3328 2578 τὸν
3357 2525 3508 2578 αὑτὸν
3535 2522 3737 2593 συμϐήσε-

2255 2617 2378 2672 σθαι
2406 2618 2475 2671 τὰ
2518 2617 2942 2689 σκυθρωπότερα
2963 2634 2975 2647 ·
3007 2618 3242 2688 μάλιστα
3271 2618 3363 2670 ὅτε
3399 2617 3487 2671 καὶ
3513 2616 3655 2683 πάσης
3676 2612 3741 2681 τῆς

2251 2709 2344 2762 τοῦ
2374 2709 2535 2763 Δαυῒδ
2564 2710 2844 2780 διαδοχῆς,
2873 2710 2961 2763 τὸν
2997 2710 3249 2780 αἰσθητὸν
3277 2711 3378 2779 τῆς
3410 2707 3641 2777 βασιλείας
3661 2704 3741 2771 θρό-

2253 2818 2339 2856 νον
2361 2801 2867 2872 καταλυθησόμενον
2894 2801 3105 2873 θεωρεῖ.
3134 2800 3318 2872 Μέχρι
3344 2800 3467 2868 γοῦν
3494 2799 3581 2868 τῆς
3601 2800 3657 2859 εἰς
3674 2796 3742 2845 ih-

2253 2894 2467 2948 ϐυλῶνα
2500 2894 2871 2965 αἰχμαλωσίας
2896 2894 2987 2948 τοῦ
3022 2894 3151 2947 λαοῦ
3177 2895 3470 2965 διήρκεσαν
3493 2894 3535 2945 οἱ
3558 2894 3610 2943 ἐκ
3631 2888 3743 2955 σπέρ·

2255 3003 2423 3057 ματος
2454 2986 2614 3039 Δαυῒδ
2641 2985 3082 3056 βεϐασιλευκότες
3102 3003 3116 3016 ·
3150 2987 3242 3039 καὶ
3273 2987 3395 3039 οὐδὲ
3426 2986 3538 3040 ὅλου
3560 2982 3634 3036 τοῦ
3658 2982 3743 3033 Ἰω-

2252 3077 2414 3131 δαίων
2434 3078 2618 3142 ἔθνους
2642 3079 3054 3149 βασιλεύσαντες
3073 3079 3209 3133 ἀλλὰ
3234 3082 3413 3150 μόνων
3434 3078 3581 3149 τριῶν
3599 3074 3741 3144 φυλῶν.

576 3184 859 3245 regnante,
896 3180 1078 3233 nullus
1103 3181 1241 3235 alius
1263 3178 1572 3233 Iudaeorum
1603 3196 1696 3235 rex
1720 3196 1784 3236 ex
1818 3182 2026 3236 semine
2047 3181 2152 3241 Da-

2256 3170 2349 3221 καὶ
2394 3170 2511 3223 οὐδὲ
2550 3170 2756 3224 τούτων
2801 3172 2973 3224 ὅλων·
3020 3170 3160 3224 ἀλλὰ
3203 3174 3301 3225 καὶ
3334 3173 3541 3243 σύμπας
3566 3172 3589 3223 ό
3612 3168 3743 3238 κρόκης

578 3262 667 3315 vid
702 3273 1065 3329 memoratur;
1100 3264 1172 3317 ita
1208 3271 1265 3317 ut
1300 3264 1401 3317 hoc
1436 3264 1561 3318 item
1596 3264 1756 3319 modo
1795 3265 2014 3335 impleta
2043 3266 2152 3322 sint

2251 3261 2347 3331 τῆς
2377 3261 2577 3315 τούτων
2609 3264 2779 3335 ἀρχῆς
2802 3264 2943 3335 ἀμφὶ
2968 3264 3037 3317 τὰ
3064 3265 3391 3335 τετρακόσια
3421 3264 3508 3333 ἐτη
3539 3262 3647 3332 μόνα
3666 3274 3745 3308 συν·

580 3354 769 3407 isthaac
788 3354 955 3407 divini
975 3353 1214 3423 Spiritus
1237 3355 1481 3418 oracula,
1501 3355 1702 3424 quibus
1725 3354 1928 3410 dicitur
1952 3376 1964 3410 :
1996 3354 2152 3410 Nunc

2251 3353 2447 3419 τείνει,
2487 3354 2602 3425 μεθ’
2630 3355 2683 3420 5.,
2724 3357 2973 3426 Ἰεχονίου
3005 3356 3235 3409 ὑπάτου
3269 3357 3370 3426 τῆς
3403 3355 3490 3408 τοῦ
3522 3348 3651 3405 Δαυῖδ
3669 3349 3745 3399 διι-

578 3453 753 3496 autem
770 3445 1011 3513 repulisti
1034 3455 1081 3499 et
1106 3445 1411 3515 despexisti,
1432 3445 1673 3515 abjecisti
1691 3444 1959 3501 Christum
1984 3458 2150 3504 tuum.

2251 3444 2412 3516 δοχῆς
2461 3447 2752 3518 γενομένου
2775 3488 2789 3512 ,
2840 3448 3117 3519 οὐδέτερος
3152 3444 3408 3517 βασιλεὺς
3457 3443 3678 3497 Ἰουδαίων
3707 3439 3745 3486 ἐκ

581 3532 827 3588 Evertisti
865 3544 1230 3590 testamentum
1278 3538 1415 3592 servi
1449 3539 1545 3601 tui,
1578 3537 1879 3607 profanasti
1924 3540 1978 3593 in
2014 3551 2152 3596 terra

2254 3540 2567 3611 σπέρματος
2591 3541 2753 3595 Δαυῒδ
2784 3540 3025 3611 γεγονὼς
3058 3543 3456 3613 μνημονεύεται
3473 3558 3487 3571 ·
3509 3540 3575 3602 ὡς
3600 3533 3670 3588 καὶ
3685 3548 3747 3584 xa-

580 3626 946 3679 sanctuarium
972 3626 1114 3696 ejus,
1144 3636 1197 3683 et
1226 3638 1442 3691 cetera.

2253 3632 2321 3685 τὰ
2360 3632 2547 3685 τοῦτον
2588 3633 2680 3685 τὸν
2721 3634 2918 3705 τρόπον
2964 3634 3359 3705 πεπληρῶσθαι
3400 3635 3464 3686 τὰ
3498 3627 3748 3703 προκείμενα

576 3718 671 3772 τοῦ
702 3718 846 3773 θείου
884 3721 1023 3775 [Ινεύ
1034 3740 1203 3792 ματος
1236 3724 1415 3793 λόγια,
1451 3726 1520 3779 δι’
1566 3719 1642 3781 ὧν
1704 3727 1945 3797 εἴρηται’
1979 3726 2131 3780 Νυνὶ
2160 3724 2228 3778 δὲ
2265 3726 2486 3781 ἀπώσω
2519 3729 2616 3783 καὶ
2646 3728 3079 3794 ἐξοινδένωσας,
3116 3727 3213 3780 καὶ
3250 3727 3541 3780 cia-sai.va
3566 3721 3649 3773 τὸν
3668 3718 3748 3781 X131-

576 3811 727 3863 στόν-
777 3826 916 3866 σου.
978 3817 1401 3886 Κατέστρεψας
1440 3816 1556 3885 τὴν
1609 3817 1904 3888 διαθήκην
1956 3817 2063 3872 τοῦ
2115 3817 2342 3875 δούλου
2379 3836 2532 3887 σου,
2590 3820 3101 3891 é6£61j.lwoa¢.slq
3138 3819 3253 3888 τὴν
3286 3817 3405 3889 7-171-
3447 3817 3509 3870 τὸ
3560 3812 3749 3882 dim?“

572 3903 793 3957 αὐτοῦ·
828 3906 922 3959 καὶ
944 3906 1014 3958 τὰ
1033 3906 1241 3971 τούτοις
1263 3910 1652 3980 ἐπιφερόμενα.

648 4017 852 4074 Deinde
896 4019 1025 4088 quia
1079 4018 1175 4074 Dei
1226 4020 1294 4075 ad
1334 4021 1591 4079 Davidem
1630 4024 2022 4093 promissiones
2050 4026 2149 4079 bo-

578 4124 705 4163 nam
740 4118 796 4165 et
821 4111 1095 4181 ingentem
1125 4111 1343 4169 Davidis
1369 4115 1562 4170 semini
1584 4131 1735 4185 spem
1765 4116 2145 4184 ascribehant;

577 4208 631 4254 et
670 4207 857 4255 tamen
892 4218 1013 4272 quae
1042 4205 1379 4260 successioni
1408 4207 1527 4276 ejus
1557 4208 1889 4269 acciderant,
1924 4212 2148 4263 omnino

577 4289 853 4343 contraria
894 4290 1252 4359 videbantur;
1295 4309 1419 4348 nam
1452 4296 1683 4351 thronus
1710 4298 1867 4367 regni
1900 4299 2019 4366 ejus
2047 4298 2151 4351 hu—

2323 4020 2432 4078 Εἶτ’
2458 4022 2753 4094 ἐπειδήπερ
2767 4020 2836 4074 τὰ
2861 4022 2957 4092 μὲν
2978 4019 3087 4075 τῶν
3112 4021 3205 4074 τοῦ
3232 4020 3372 4074 Θεοῦ
3399 4022 3525 4093 πρὸς
3549 4019 3624 4071 τὸν
3645 4013 3750 4068 Δινῖ

2252 4115 2591 4184 ἐπαγγελιῶν
2647 4114 2855 4183 ἀγαθάς
2910 4131 3062 4177 τινας
3094 4115 3186 4167 καὶ
3239 4113 3482 4184 μεγάλας
3512 4103 3750 4171 ἐλπίδαςτῷ

2258 4209 2533 4278 σπέρματι
2567 4206 2729 4259 Δαυῖδ
2749 4206 3074 4277 1ὑπέγραφε,
3104 4206 3172 4257 τὰ
3200 4205 3259 4258 δὲ
3299 4205 3428 4275 περί
3459 4206 3550 4274 τὴν
3574 4196 3751 4265 διαδοχὴ

2257 4299 2421 4352 αὑτοῦ
2458 4298 2839 4369 συμϐεϐηκότα
2874 4297 3132 4351 τάναντία
3164 4298 3344 4350 πάντα
3373 4298 3646 4366 περιεῖχεν,
3671 4288 3691 4339 δ
3716 4301 3751 4334 τε

578 4394 740 4435 niano
766 4396 915 4437 more
948 4384 1150 4453 sumpti
1184 4398 1215 4437 a
1244 4391 1487 4455 tempore
1500 4386 1777 4443 Jechonize
1790 4390 2009 4445 solutus
2032 4404 2152 4444 ces-

2251 4390 2441 4462 θρόνος
2485 4390 2584 4460 τῆς
2620 4390 2759 4443 κατὰ
2794 4388 3080 4460 ἄνθρωπον
3117 4387 3397 4458 βασιλείας
3436 4385 3586 4440 αὑτοῦ
3626 4380 3755 4433 mm

577 4480 792 4527 saverat
824 4492 837 4529 :
866 4473 981 4528 haec
1003 4476 1339 4545 prospiciens
1358 4479 1600 4549 spiritus
1632 4482 2007 4550 propheticus,
2026 4482 2150 4551 jure

2253 4481 2600 4551 πεπαυμένος
2627 4481 2733 4533 ἀπὸ
2760 4480 2865 4533 τῶν
2907 4481 3151 4551 Ἰεχονίου
3183 4482 3395 4551 χρόνων
3414 4498 3428 4510 ⁸
3461 4480 3652 4535 εἰκότως
3671 4467 3753 4523 715‘

576 4563 645 4619 ad
676 4566 918 4622 veritatis
949 4582 1261 4623 sermonum
1292 4569 1386 4625 Dei
1419 4571 1862 4641 perquisitionem
1889 4588 1988 4629 nos
2008 4574 2149 4628 invi-

2252 4590 2318 4625 τα
2349 4572 2733 4643 προθεωρῆσαν
2759 4572 2820 4624 τὸ
2850 4573 3182 4642 προφητικὸν
3213 4572 3460 4643 Πνεῦμα,
3486 4572 3568 4622 ἐπὶ
3593 4568 3754 4635 ζήτησιν

575 4660 676 4717 tat,
711 4670 918 4727 nosque
952 4658 1191 4714 instituit
1226 4668 1284 4714 ut
1317 4661 1371 4714 id
1405 4678 1434 4715 a
1463 4660 1573 4717 Deo
1616 4679 1926 4733 qumramus
1955 4675 2009 4719 et
2034 4667 2150 4720 edi-

575 4761 815 4812 scamus,
852 4750 1197 4807 sciscitantes
1229 4752 1404 4823 ipsum
1450 4768 1515 4808 ac
1562 4755 1804 4810 dicentes
1837 4776 1849 4810 :
1889 4756 1989 4811 Ubi
2025 4769 2149 4811 sunt

576 4840 952 4895 misericordia:
978 4852 1081 4898 tua:
1107 4846 1360 4912 antiquw,
1390 4845 1632 4910 Domine,
1656 4863 1787 4916 quas
1808 4847 2008 4916 jarasti
2042 4848 2152 4901 Da-

575 4929 699 4982 vid?
749 4929 882 4985 Nam
932 4935 1083 5004 regni
1124 4936 1244 5003 ejus
1283 4937 1571 4992 'sensibiiis
1615 4945 1670 4991 et
1700 4937 1959 5007 ihumano
2002 4955 2152 4993 more

575 5020 777 5090 sumpti
825 5026 1105 5081 successio
1140 5028 1339 5093 soluta,
1381 5036 1435 5083 et
1483 5044 1512 5083 a
1562 5030 1723 5100 long-0
1762 5030 1872 5100 jam
1907 5038 2153 5099 tempore

577 5113 788 5166 sublata
844 5115 1042 5183 fuerat,
1077 5133 1199 5172 cum
1248 5136 1315 5175 ex
1367 5123 1574 5177 semine
1623 5123 1743 5191 ejus
1789 5129 1943 5177 ortus
1993 5120 2152 5178 Jesus

576 5202 849 5270 Christus,
883 5208 975 5278 qui
1006 5211 1434 5280 promissionum
1467 5212 1653 5266 Davidi
1683 5213 1951 5268 factarum
1977 5213 2149 5268 hmres

574 5295 793 5353 futurus
843 5303 1283 5370 exspectabatur,
1332 5320 1439 5358 non
1470 5304 1728 5359 sensibile
1757 5319 1933 5374 neque
1959 5305 2151 5358 huma-

576 5404 706 5441 num
760 5405 986 5460 regnum
1039 5396 1324 5465 possedit;
1362 5395 1456 5450 sed
1507 5412 1732 5465 prorsus
1779 5398 2057 5450 contraria
2084 5397 2151 5449 iis

578 5494 699 5548 quae
730 5480 979 5541 homines
1006 5488 1394 5556 exspectabant
1438 5502 1634 5556 passus
1686 5497 1791 5552 est,
1822 5488 1889 5542 ad
1921 5496 2152 5542 mortem

582 5584 755 5638 usque
780 5587 1124 5643 progressus,
1147 5576 1435 5644 omniaque
1451 5591 1765 5646 perpessus,
1790 5594 1909 5647 qua:
1934 5579 2154 5634 divinus

584 5660 827 5734 Spiritus
874 5667 1228 5738 pricscientia:
1257 5668 1455 5724 virtute
1496 5662 2061 5741 pranuntiarat.'Qua
2089 5671 2154 5727 de

2253 4665 2399 4733 ἡμᾶς
2427 4665 2684 4734 παρθρμᾷ
2706 4664 2803 4734 τῆς
2828 4663 2936 4716 τῶν
2956 4664 3126 4726 λόγων
3151 4664 3244 4717 τοῦ
3275 4664 3411 4716 Θεοῦ
3435 4661 3674 4733 ἀληθείας,
3697 4650 3752 4703 11‘-

2256 4756 2382 4825 παρ’
2416 4753 2582 4807 αὐτοῦ
2612 4754 2707 4807 τοῦ
2753 4754 2888 4807 Θεοῦ
2928 4756 3107 4826 ζητεῖν
3135 4758 3229 4809 καὶ
3265 4756 3549 4825 μανθάνειν
3580 4749 3753 4802 διδάσκει

2252 4842 2569 4913 ἐρωτῶντας
2592 4844 2753 4898 αὑτὸν
2782 4846 2877 4897 καὶ
2917 4845 3201 4913 λέγονταςο
3254 4847 3381 4899 Ποῦ
3420 4840 3628 4897 ἐστιτὰ
3659 4837 3752 4891 ita:

2251 4944 2367 4986 σου
2396 4932 2469 4986 τὰ
2501 4933 2717 5003 ἀρχαῖα
2738 4975 2753 4999 ,
2803 4936 2977 5004 Κύριε
2997 4976 3011 5001 ,
3041 4935 3084 4988 d
3116 4935 3357 5004 ὤμοσας
3393 4934 3473 5000 τῷ
3503 4929 3656 4987 Δαινῖδ
3670 4943 3683 4987 ἱ
3708 4921 3752 4972 Ἥ

2250 5040 2309 5074 τε
2359 5023 2467 5097 γὰρ
2504 5027 2601 5094 τῆς
2629 5024 2901 5094 βασιλείας
2939 5025 3101 5079 αὑτοῦ
3131 5027 3229 5097 τῆς
3268 5026 3529 5097 αἰσθητῆς
3554 5022 3633 5074 καὶ
3660 5014 3753 5069 κατέ

2252 5115 2535 5186 ἄνθρωπον
2567 5116 2782 5189 διαδοχὴ
2804 5117 3010 5181 λέλυτο,
3044 5119 3107 5169 ἐκ
3133 5116 3352 5188 μακροῦ
3392 5101 3754 5185 καθῃρημένηοδ

2252 5226 2310 5261 τε
2345 5212 2409 5262 ἐκ
2439 5210 2750 5279 σπέρματος
2782 5209 2941 5263 αὐτοῦ
2985 5210 3221 5279 γεγονὼς
3267 5209 3473 5282 Ἰησοῦς
3510 5211 3535 5260 ὁ
3559 5199 3751 5273 Χ’ίκτῖτδθ

2255 5302 2636 5373 προπδοκηοεὶς
2661 5302 2819 5365 αὐτὸς
2847 5299 2983 5356 εἶναι
3015 5305 3042 5355 ὁ
3062 5302 3167 5353 τῶν
3198 5301 3329 5372 πρὸς
3359 5301 3449 5353 τὸν
3473 5296 3614 5352 me
3638 5295 3756 5373 my

2254 5391 2449 5459 γελιῶν
2490 5393 2839 5464 κληρονόμος,
2876 5390 3133 5461 αἰσθητὴν
3160 5392 3256 5461 μέν
3282 5390 3381 5441 οὐκ
3405 5388 3664 5456 ἐκτήσατο.
3680 5372 3755 5427 οὔδ’

2254 5463 2605 5554 ἀνθρωπίνην
2626 5483 2900 5553 βασιλείαν
2921 5501 2933 5513 ·
2956 5482 3209 5535 τάναντία
3237 5481 3292 5533 δὲ
3330 5480 3505 5533 πάντα
3540 5475 3623 5530 καὶ
3642 5463 3755 5523 αὐτὸς

2228 5634 2231 5639 ν
2255 5571 2335 5640 οἷς
2366 5576 2765 5647 προσεδόκησαν
2788 5576 3060 5647 ἄνθρωποι
3083 5575 3333 5637 πέπονθε,
3371 5576 3527 5645 μέχρι
3551 5569 3627 5622 καὶ
3649 5559 3757 5616 Θανά-

2254 5688 2347 5724 του
2375 5677 2611 5741 φθαδας,
2640 5671 2728 5731 καὶ
2755 5671 2929 5726 πάντα
2959 5669 3269 5741 ὑπομείνας,
3304 5669 3338 5723 ἂ
3361 5670 3423 5740 δὴ
3450 5650 3756 5739 προγνωπικέ
