3974 6548
568 316 708 371 1119

1250 314 1521 371 EUSEBII
1558 314 2037 373 CESARIENSIS
2076 316 2230 375 OPP.
2276 315 2475 371 PARS.
2521 313 2610 370 ill.
2646 343 2722 355 —
2762 312 3167 370 EXEGETICA.
3607 326 3703 381 “‘20

563 433 648 489 vel
674 447 801 488 sero
835 430 1271 488 tandem’mittas
1310 432 1469 488 nobis
1515 447 1661 495 eum,
1690 434 1782 502 qui
1815 440 1869 488 et
1896 448 1928 488 a
1963 441 2132 490 morte

2135 457 2138 484 ε
2166 442 2211 500 Α
2239 432 2397 503 θῆναι
2420 432 2518 501 τὴν
2550 430 2719 502 ὀργήν
2759 446 2875 492 σου,
2912 429 3212 500 μνησθῆναι
3238 429 3291 482 δὲ
3319 430 3394 495 τίς
3428 450 3514 502 μου
3548 436 3655 489 ἐστὶν
3682 443 3704 509 ἡ

564 531 811 588 eruatur,
843 531 897 578 et
920 524 989 577 ab
1020 522 1233 578 inferno
1264 531 1545 578 revocetur
1570 522 1679 595 (l);
1709 531 1762 579 et
1781 532 1840 578 ut
1870 524 2029 579 ﬁnem
2058 524 2137 582 fa-

566 618 681 671 cias
705 627 755 671 te
777 631 807 668 a
830 615 986 670 nobis
1014 614 1311 681 avertendi,
1344 616 1587 685 iramque
1618 624 1763 669 tuam
1789 616 1965 679 sedes,
1996 618 2137 687 ignis

565 708 738 761 instar
766 706 965 774 pepulo
998 713 1091 758 tuo
1125 706 1487 776 ingruentem,
1519 722 1582 761 ac
1607 723 1727 776 qua:
1763 708 1980 777 juratus
2010 723 2137 778 pro-

564 799 731 852 missa
761 796 948 851 Davidi
974 797 1194 862 dedisti,
1227 799 1482 867 operibus
1516 801 1782 868 perﬁcias.

2244 526 2556 587 ὑπόστασις,
2579 522 2673 575 τοῦ
2706 522 2878 575 ταῦτα
2906 523 3043 593 ὑπὲρ
3062 522 3240 575 αὐτῶν
3272 525 3623 593 πρεσϐεύοντος,
3643 533 3707 582 καὶ

2240 618 2325 679 τίς
2352 618 2383 686 ή
2416 614 2520 668 τῶν
2552 613 2850 685 ἀνθρώπων
2873 613 3142 675 ἀσθένεια,
3163 613 3269 666 τῶν
3297 614 3475 685 θνητὴν
3501 617 3625 685 φύσιν
3645 624 3709 675 καὶ

2242 706 2458 777 θανάτῳ
2489 706 2886 776 δεδουλωμένην
2930 704 3217 775 εἰληχότων
3238 722 3251 735 ⁸
3287 708 3556 778 μνησθῆναι
3575 711 3617 764 δὲ
3645 714 3711 766 καὶ

2248 798 2444 850 σαυτοῦ
2476 798 2549 867 μὴ
2578 798 2669 849 ἐπὶ
2707 797 2919 867 ματαίῳ
2944 796 3226 858 κτίσαντος
3252 799 3370 861 τοὺς
3394 799 3522 863 υἱοὺς
3541 802 3625 854 τῶν
3648 806 3709 856 ἁν-

565 886 818 958 θρὼπων,
866 888 980 942 ἀλλ’
1024 889 1117 954 ἐπὶ
1164 890 1425 961 μεγάλαις
1467 890 1643 946 ἐλπίσι
1688 896 1807 956 ταῖς
1878 890 2028 963 παρᾶ
2081 889 2182 943 σοί.
2242 891 2351 943 Καὶ
2393 889 2595 942 τούτων
2643 890 2722 951 είς
2772 888 2989 957 μνήμην
3043 885 3299 939 ἐλθόντων
3350 889 3612 960 ἱκετεύομεν
3644 895 3713 963 ἤδη

566 980 695 1033 ποτέ
718 980 809 1032 τὸν
854 981 947 1032 καὶ
992 982 1057 1033 ἐκ
1111 979 1342 1034 θανάτου
1382 981 1663 1053 ῥυόμενον,
1713 984 1807 1037 καὶ
1856 981 1915 1047 ἐξ
1956 982 2083 1053 ᾅδου
2128 979 2564 1048 ἀνακαλούμενον
2608 977 2962 1047 καταπέμψαι
3005 977 3173 1048 ἡμῖν,
3222 978 3312 1030 καὶ
3352 978 3615 1033 παύσασθαι
3648 985 3712 1050 μὲν

565 1071 975 1144 ἀποστρέφοντα
1017 1072 1208 1125 ἐαυτὸν
1254 1071 1312 1137 ἐξ
1340 1074 1518 1143 ἡμῶν,
1569 1075 1916 1130 καταπαῦσαι
1948 1074 2006 1127 δὲ
2046 1072 2139 1125 καὶ
2166 1074 2261 1144 τὴν
2287 1072 2457 1142 πυρὸς
2498 1071 2651 1141 δίκην
2676 1069 3005 1123 ἐπελθοῦσαν
3058 1072 3152 1123 ἐπὶ
3209 1070 3297 1123 τὸν
3321 1071 3439 1123 λαόν
3461 1089 3540 1124 σου
3579 1073 3712 1145 ὀργὴν,

565 1167 746 1238 ἔργοις
771 1166 826 1218 δὲ
861 1166 1164 1219 ἐπιτελέσαι
1197 1167 1262 1231 ἃς
1303 1167 1522 1238 ὤμοσας
1557 1170 1692 1241 πρὸς
1718 1170 1877 1223 Δαυῖδ
1910 1168 2258 1239 ἐπαγγελίας.

641 1256 807 1312 Vens.
838 1258 926 1312 50.
964 1257 1064 1311 Ubi
1082 1268 1204 1311 sunt
1233 1260 1605 1314 misericordia:
1627 1272 1729 1315 tua:
1751 1265 1998 1331 antiquae,
2034 1260 2141 1314 Do-

570 1351 728 1412 mine,
766 1364 896 1418 quas
913 1348 1116 1417 jurasti
1151 1349 1321 1402 David
1353 1352 1403 1403 in
1437 1353 1651 1405 veritate
1673 1364 1763 1405 tua
1786 1356 1812 1407 ?
1847 1353 1985 1419 Quia
2031 1367 2139 1406 non

572 1441 625 1494 in
650 1454 872 1501 vanum,
907 1439 1104 1509 inquit,
1130 1440 1332 1493 creasti
1362 1455 1552 1495 omnes
1589 1441 1729 1496 ﬁlios
1762 1442 2062 1505 hominum,
2088 1447 2141 1494 et

571 1531 715 1602 apud
750 1541 801 1584 te
823 1530 899 1583 illi
927 1531 982 1584 in
1010 1530 1219 1585 honore
1253 1531 1539 1599 habentur,
1565 1548 1738 1601 neque
1765 1548 1884 1588 sese
1912 1540 2141 1603 possunt

570 1639 601 1676 a
630 1630 803 1676 morte
843 1636 1071 1683 eruere;
1121 1621 1243 1675 ideo
1266 1637 1469 1691 precor
1496 1631 1551 1676 et
1583 1624 1831 1694 supplico
1875 1632 1933 1678 ut
1963 1632 2140 1678 matu-

570 1727 658 1765 res
689 1712 955 1765 bonarum
989 1711 1412 1780 promissionum
1460 1714 1855 1783 complementa
1884 1714 2139 1769 exhibere

571 1800 749 1863 nobis,
786 1816 907 1869 qua:
959 1816 987 1853 a
1032 1798 1250 1855 Christo
1295 1810 1408 1865 tuo,
1448 1811 1572 1871 post
1616 1802 1888 1857 sublatum
1921 1801 2139 1856 Davidis

568 1906 817 1960 regnum,
872 1890 1202 1945 conferenda
1259 1899 1407 1946 sunt.
1456 1891 1737 1947 Festinare
1787 1901 1967 1955 autem
2008 1909 2140 1963 rogo

571 1992 861 2052 antequam
894 1982 1196 2037 .hominum
1241 1998 1415 2056 genus
1455 1984 1700 2039 funditus
1743 1994 1946 2055 pereat.
2008 1984 2141 2051 Quis

570 2075 716 2128 enim
748 2074 1027 2128 hominum
1064 2082 1242 2144 potest
1296 2092 1356 2131 se
1403 2078 1470 2131 de
1512 2092 1673 2130 manu
1724 2076 1883 2132 inferi
1913 2094 2137 2144 eruere;

574 2165 676 2218 nisi
708 2180 848 2219 unus
878 2166 968 2220 ille
996 2168 1089 2236 qui
1130 2168 1305 2239 primo
1338 2169 1603 2238 seipsum,
1633 2168 1830 2224 deinde
1867 2185 2056 2224 omnes
2086 2172 2138 2223 in
2182 2178 2186 2182 '

568 2271 629 2309 se
666 2265 974 2327 sperantes,
1023 2273 1053 2312 a
1086 2261 1259 2328 portis
1291 2264 1484 2315 mortis
1522 2261 1808 2316 liberavit?
1836 2262 1886 2316 Is
1927 2263 2140 2316 etiamsi

568 2364 631 2401 ea
656 2364 921 2418 passurus
943 2351 1014 2405 sit
1040 2366 1161 2420 qua:
1198 2352 1253 2405 in
1293 2353 1578 2423 prophetia
1617 2354 1867 2409 feruntur
1908 2354 1995 2410 his
2021 2369 2141 2408 ver-

573 2441 653 2495 bis
699 2460 712 2495 :
759 2439 914 2494 Nunc
953 2452 1130 2497 autem
1167 2445 1410 2513 repulisti
1452 2457 1500 2499 et
1552 2445 1868 2514 despexisti,
1905 2445 2142 2513 abjecisti

571 2533 842 2588 Christum
874 2544 1057 2600 tuum;
1089 2543 1327 2591 attamen
1352 2544 1445 2591 tua
1471 2538 1536 2591 ad
1569 2537 1823 2592 Davidcm
1855 2536 1996 2590 facta
2022 2550 2144 2605 pro-

576 2622 744 2675 missa
772 2632 1159 2694 consequetur.
1178 2623 1311 2682 Nam
1333 2626 1721 2681 misericordiae
1745 2634 1869 2692 tum,
1896 2625 2139 2687 Domine.

570 2723 624 2767 et
660 2717 860 2772 veritas
887 2725 978 2771 tua
1015 2717 1068 2771 in
1112 2720 1368 2772 saeculum
1405 2731 1643 2786 manent,
1677 2736 1737 2774 ac
1767 2736 1835 2774 ne
1864 2720 1943 2775 vel
1977 2735 2141 2773 unum

576 2805 1001 2873 promissionum
1026 2817 1241 2863 tuarum
1276 2812 1500 2864 verbum
1523 2811 1757 2866 excidet.
1786 2810 1936 2865 Licet
1962 2818 2142 2865 autem

572 2911 717 2950 nunc
744 2898 980 2952 tristium
1010 2899 1224 2954 illorum
1247 2915 1366 2968 qua:
1390 2910 1647 2955 eventura
1676 2910 1803 2957 sunt
1827 2902 2142 2956 memoriam

572 2994 841 3053 repetens.
875 2986 1052 3040 dicam
1096 3004 1109 3041 :

571 3090 709 3143 quia,
749 3075 992 3141 Domine,
1043 3093 1173 3147 quas
1210 3078 1416 3147 jurain
1464 3079 1634 3133 David
1674 3081 1727 3133 in
1768 3081 1983 3134 veritate
2009 3084 2144 3137 tua?

572 3175 625 3219 at
667 3183 777 3220 non
814 3168 1003 3237 ignoro
1027 3176 1077 3222 te
1110 3172 1163 3222 in
1190 3171 1416 3225 veritate
1454 3170 1671 3238 jurasse
1708 3187 1720 3222 :
1749 3187 1917 3241 quare
1948 3174 2000 3224 in
2026 3174 2142 3242 ipso

574 3257 843 3311 sermonis
892 3259 1119 3313 exordio
1176 3260 1377 3315 bonum
1428 3262 1577 3316 illum
1614 3264 1771 3317 linem
1821 3264 2140 3333 respiciens,

574 3347 821 3400 dicebam
851 3367 863 3402 :
890 3347 946 3401 Μ
952 3349 1286 3405 isericordias
1308 3351 1520 3405 Domini
1537 3355 1590 3406 in
1615 3363 1865 3408 aeternum
1885 3355 2107 3409 cantabo
2124 3372 2143 3410 :

576 3436 627 3489 in
660 3440 1043 3505 generationem
1090 3451 1140 3495 et
1173 3444 1555 3512 generationem
1597 3444 1920 3499 annuntiabo
1952 3448 2147 3501 verita—

577 3536 676 3579 tem
708 3535 852 3579 tuam
895 3529 947 3581 in
993 3546 1081 3584 ore
1137 3547 1281 3597 "eeo;
1316 3548 1379 3589 ac
1411 3549 1629 3587 rursum
1682 3535 1795 3588 haec
1836 3535 2096 3605 loquebar
2129 3557 2142 3593 :

575 3617 640 3669 la
673 3628 924 3672 wternum
953 3622 1315 3677 misericordia
1341 3625 1719 3696 mdi/icabitur,
1749 3628 1802 3680 in
1845 3628 1969 3681 cmlo
2008 3644 2148 3696 pra:-

575 3709 852 3776 parabitur
886 3715 1079 3767 veritas
1130 3724 1241 3769 tua.
1284 3715 1375 3768 liae
1426 3732 1557 3788 ergo
1592 3718 1978 3773 misericordia:
2021 3730 2143 3785 tua},

573 3800 822 3866 Domine,
851 3805 1073 3859 ubinam
1122 3808 1254 3871 sint,
1306 3806 1549 3862 ediscere
1596 3808 1797 3879 ﬂagito,
1832 3817 1884 3865 et
1924 3811 2013 3864 ubi
2058 3826 2149 3866 oc-

574 3893 732 3947 culta:
760 3894 983 3959 lateant,
1008 3898 1297 3966 etquando
1326 3907 1565 3952 ventura:
1595 3900 1723 3954 sint.
1756 3901 1982 3954 Atenim
2014 3917 2146 3970 sup-

574 3985 717 4053 plico
747 3992 805 4039 ut
834 3986 947 4055 jam
1003 3988 1258 4045 festinent
1288 3996 1342 4045 et
1395 3990 1617 4045 veniant
1667 4006 1731 4045 ac
1778 3991 2147 4046 inﬁrmitatem

576 4087 820 4133 nostram
860 4082 1182 4150 suscipiant.
1235 4082 1351 4137 Nisi
1395 4084 1542 4137 enim
1588 4084 1994 4139 misericordias
2026 4092 2148 4139 tuas

575 4170 839 4239 antiquas
854 4173 1177 4237 ostenderis,
1210 4189 1349 4243 quas
1379 4190 1488 4228 non
1511 4174 1672 4228 modo
1703 4175 2026 4244 promisisti,
2055 4175 2149 4230 sed

576 4259 740 4313 etiam
769 4261 968 4330 jurasti
1000 4261 1168 4317 David
1210 4263 1263 4317 in
1300 4264 1526 4319 veritate
1569 4272 1682 4327 tua,
1720 4265 1865 4320 nulla
1915 4264 2149 4319 homini-

2310 1254 2435 1310 Ποῦ
2456 1255 2585 1307 ἐστι
2614 1252 2686 1307 τὰ
2707 1254 2847 1321 mn
2875 1271 2990 1307 σου
3018 1253 3090 1306 τὰ
3114 1253 3346 1322 ἀρχαῖα,
3368 1255 3542 1320 Κύριε,
3563 1254 3591 1307 ci
3616 1254 3717 1324 ὠμο-

2239 1364 2357 1412 σας
2386 1344 2465 1411 τῷ
2501 1344 2679 1397 Δαυῒδ
2710 1345 2780 1397 ἐν
2819 1343 2891 1412 τῇ
2936 1344 3185 1411 ἀληθείᾳ
3232 1360 3381 1407 σου;
3413 1346 3518 1397 Ὅτι
3554 1347 3611 1415 μὴ
3650 1365 3718 1417 μα-

2241 1439 2427 1500 ταίως,
2467 1436 2652 1508 φησιν,
2700 1435 2920 1498 ἔκτισας
2966 1436 3170 1497 πάντας
3210 1437 3337 1498 τοὺς
3375 1436 3507 1499 υἱοὺς
3541 1435 3627 1488 τῶν
3659 1438 3718 1489 ἁν-

2243 1527 2497 1599 θρώττων,
2531 1525 2848 1596 τετίμηνται
2877 1524 2933 1577 δὲ
2969 1525 3118 1594 παρὰ
3147 1524 3247 1586 σοὶ,
3283 1525 3380 1593 ούχ
3406 1523 3497 1575 οἶοί
3533 1541 3581 1576 τε
3612 1525 3719 1576 δέεξο

2245 1637 2327 1673 σιν
2384 1619 2608 1681 ἑαυτοὺς
2664 1615 2926 1687 ῥύσασθαι
2980 1617 3042 1667 ἐκ
3101 1614 3360 1667 θανάτου·
3406 1614 3571 1666 τούτου
3612 1614 3720 1684 χάριν

2241 1708 2428 1779 δέομαι
2478 1706 2572 1759 καὶ
2608 1703 2868 1759 ἀντιϐολῶ
2914 1702 3145 1755 σπεῦσαι
3184 1702 3276 1755 καὶ
3317 1702 3419 1755 τῶν
3462 1702 3720 1769 ἐπαγγελιῶν

2245 1817 2335 1851 σου
2360 1799 2466 1850 τῶν
2501 1797 2720 1866 ἀγαθῶν
2750 1797 2919 1860 δεῖξαι
2946 1800 3078 1868 ἡμῖν
3116 1796 3184 1849 τὰ
3212 1797 3611 1867 ἀποτελέσματα,
3638 1813 3719 1847 συν-

2242 1891 2522 1960 ενεχθέντα
2538 1890 2676 1943 κατὰ
2692 1888 2783 1941 τοῦ
2816 1888 3048 1960 Χριστοῦ
3075 1889 3149 1958 (:2)
3175 1905 3265 1941 σου
3294 1888 3385 1940 καὶ
3415 1887 3537 1956 μετὰ
3561 1888 3636 1955 τὴν
3659 1887 3722 1953 τῆς

2245 1982 2519 2053 βασιλείας
2540 1981 2631 2035 τοῦ
2669 1981 2830 2034 Δαυῖδ
2863 1980 3199 2051 καθαίρεσιν.
3232 1980 3430 2049 Δέομαι
3464 1979 3513 2030 δέ
3537 1978 3723 2047 ἐπιταχὶ-

2242 2092 2327 2127 ναι
2382 2075 2509 2143 πρὶν
2556 2074 2903 2127 κατάπτωσιν
2960 2071 3193 2142 παντελῆ
3239 2069 3302 2122 τὸ
3352 2068 3454 2122 τῶν
3496 2068 3722 2139 ἀνθρώπωί

2243 2165 2541 2233 ὑποστῆναι
2582 2165 2755 2232 γένος.
2797 2164 2893 2227 Τίς
2933 2165 3040 2233 γάρ
3079 2164 3223 2215 ἐστιν
3259 2161 3543 2232 ἀνθρώπων
3574 2160 3724 2211 ὀδυνά-

2246 2273 2401 2327 μενος
2439 2256 2602 2319 αὐτὸς
2637 2257 2824 2311 ἑαυτὸν
2851 2258 2915 2308 ἐκ
2946 2255 3127 2325 χειρὸς
3155 2254 3278 2325 ᾅδου
3321 2251 3581 2324 ῥύσασθαι,
3619 2252 3654 2302 εἰ
3679 2250 3727 2319 ξιξ

2242 2342 2320 2410 εἷς
2368 2348 2524 2417 μόνος
2551 2350 2579 2401 ὁ
2620 2346 2833 2418 πρῶτος
2871 2348 2967 2416 μὲν
3004 2347 3163 2408 αὐτὸς
3206 2346 3417 2408 ἑαυτὸν,
3464 2340 3563 2396 εἶτα
3590 2342 3633 2394 δὲ
3666 2346 3725 2393 καὶ

2244 2440 2450 2504 πάντας
2491 2441 2616 2503 τους
2660 2442 2738 2502 εἰς
2783 2440 2941 2491 αὑτὸν
2984 2438 3409 2499 πεπιστευκότας
3455 2440 3513 2490 ἐκ
3550 2436 3633 2488 τῶν
3667 2435 3727 2486 τού

2245 2530 2474 2587 θανάτου
2510 2533 2690 2592 πυλῶν
2722 2531 3052 2603 ῥυσάμενος
3086 2531 3145 2582 Εἰ
3177 2531 3272 2582 καὶ
3302 2526 3516 2581 τοιαῦτα
3536 2525 3726 2583 πείσεται,

2242 2624 2329 2681 οἷα
2345 2628 2581 2697 διείληφε
2601 2629 2633 2696 ἡ
2653 2623 2956 2696 προφητεία
2976 2623 3044 2675 τὰ
3070 2623 3175 2675 ἀπὸ
3192 2620 3311 2684 τοῦ,
3336 2620 3479 2675 Νυνὶ
3504 2619 3562 2672 δὲ
3578 2616 3730 2671 ἀπώσω

2245 2720 2341 2773 καὶ
2362 2718 2793 2783 ἑξουδένωσας,
2823 2714 3119 2770 ἀνεϐάλου
3145 2714 3250 2767 τὸν
3275 2714 3521 2781 Χριστόν
3540 2709 3728 2775 σου,φῄ

2249 2827 2386 2862 σασα
2411 2825 2424 2839 ’
2483 2811 2632 2880 ὅμως
2667 2809 2758 2861 καὶ
2790 2807 2896 2859 τῶν
2926 2805 3033 2858 σῶν
3076 2804 3211 2875 πρὸς
3252 2803 3345 2856 τὸν
3381 2799 3531 2855 Δαυῒδ
3560 2801 3728 2864 Emm-

2245 2901 2373 2954 λιῶν
2412 2900 2677 2967 τεύξεται.
2714 2898 2795 2952 Τὰ
2833 2898 2942 2970 γὰρ
2975 2897 3098 2967 ἐλέη
3132 2913 3246 2955 σου,
3280 2896 3467 2966 Κύριε,
3499 2888 3728 2960 uti)“;

1156 2986 1254 3040 Ubi
1300 3000 1420 3041 sunt
1458 2989 1831 3043 misericordia:
1871 2999 1973 3043 tua:
2005 2992 2145 3043 anti-
2170 3014 2211 3069 ρ
2247 2993 2368 3047 Θειά
2395 3010 2487 3046 σου
2524 2996 2603 3055 εἰς
2630 2992 2719 3045 τὸν

2170 3014 2211 3069 C
2247 2993 2368 3047 θειά
2395 3010 2487 3046 σου
2524 2996 2603 3055 εἰς
2630 2992 2719 3045 τὸν
2748 2992 2917 3045 αἰῶνα
2958 2990 3106 3059 μένει
3141 2988 3233 3040 καὶ
3262 2987 3382 3040 οὐδὲ
3424 2980 3496 3049 εἷς
3516 2984 3640 3051 λόγος
3662 2977 3730 3031 τῶν

2248 3086 2355 3138 σῶν
2381 3083 2719 3153 ἐπαγγελιῶν
2750 3083 3103 3136 διαπεσεῖται.
3128 3080 3190 3131 Εἰ
3231 3078 3289 3131 δὲ
3320 3078 3413 3131 καί
3441 3094 3564 3147 φημι
3585 3073 3657 3126 νῦν
3682 3072 3731 3128 ei;

2247 3177 2549 3247 ὑπόμνησιν
2594 3174 2763 3227 ἐλθὼν
2810 3172 2918 3225 τῶν
2973 3171 3403 3242 συμϐησομένων
3457 3162 3728 3237 σκυθρωπῶντ

2245 3269 2369 3321 Ποῦ
2400 3268 2531 3321 ἐστι
2562 3267 2635 3320 τὰ
2660 3265 2801 3332 ἐλέη
2837 3281 2952 3318 σου
2982 3263 3053 3317 τὰ
3096 3261 3337 3329 ἀρχαῖα,
3370 3262 3553 3327 Κύριε,
3578 3256 3607 3308 ἆ
3632 3254 3730 3322 ὦμο-

2246 3376 2363 3425 σας
2418 3358 2497 3424 τῷ
2551 3357 2731 3411 Δαυῒδ
2793 3357 2863 3410 ἐν
2927 3354 3001 3423 τῇ
3060 3354 3313 3421 ἀληθείᾳ
3362 3367 3505 3412 c‘ov;
3540 3349 3631 3404 ἀλλ’
3669 3346 3733 3398 οὐκ

2248 3450 2445 3519 ἀγνοῶ.
2480 3451 2561 3502 ὅτι
2614 3452 2670 3501 ἐν
2715 3451 2779 3518 τῇ
2822 3445 3047 3518 ἀληθεία
3086 3444 3339 3514 ὤμοσαςο
3384 3443 3555 3511 διόπερ
3598 3436 3669 3490 καὶ
3697 3437 3732 3485 ἐν

2248 3544 2387 3612 ἀρχῇ
2417 3540 2509 3593 τοῦ
2538 3541 2734 3603 παντὸς
2776 3538 2931 3606 λόγου
2966 3539 3045 3599 εἰς
3069 3536 3129 3587 τὸ
3154 3534 3391 3606 χρηστὸν
3418 3532 3555 3594 τέλος
3575 3525 3730 3583 ἀποϐλέ-

2248 3649 2364 3683 πων
2407 3630 2621 3700 ἐλεγον·
2666 3632 2739 3684 Τὰ
2777 3629 2918 3698 ἐλέη
2960 3629 3065 3683 τοῦ
3108 3630 3331 3695 Κυρίου
3375 3632 3458 3692 εἰς
3490 3628 3580 3679 τὸν
3610 3619 3732 3677 alam

2248 3720 2497 3790 ᾄσομαι·
2526 3724 2612 3787 εἰς
2676 3721 2888 3791 γενεὰν
2933 3720 3030 3773 καὶ
3083 3720 3297 3789 γενεὰν
3348 3714 3629 3787 ἀπαγγελῶ
3662 3710 3732 3776 τὴν

2248 3811 2534 3877 ἀλήθειάν
2571 3828 2685 3866 σου
2715 3813 2784 3864 ἐν
2819 3812 2896 3876 τῷ
2930 3812 3178 3879 στόματί
3200 3828 3323 3879 μου
3345 3828 3359 3841 ⁸
3395 3811 3483 3862 καὶ
3510 3808 3641 3861 πάλιν
3663 3803 3733 3855 ξλε-

2249 3920 2370 3972 γον·
2417 3907 2518 3968 Εἰς
2565 3904 2671 3956 τὸν
2718 3903 2900 3955 αἰῶνα
2940 3904 3110 3968 ἕλεος
3157 3892 3727 3970 οἰκοδομηθήσεταε,ἒ⁷

2248 3991 2326 4057 τῷ
2356 3991 2587 4059 οὐρανῷ
2617 3986 3104 4061 ἐτοιμᾰσθήσεται
3137 3990 3174 4056 ἠ
3211 3988 3461 4058 ἀλήθειὰ
3490 4004 3605 4040 σου.
3637 3980 3733 4033 Ain

2248 4084 2291 4136 δ’
2321 4080 2412 4137 οῦν
2441 4086 2621 4137 ἐκεῖνα
2647 4084 2716 4136 τὰ
2756 4084 2877 4154 ἐλέη
2926 4099 3039 4145 σου,
3086 4081 3279 4152 Κύριε,
3321 4080 3422 4132 ποῦ
3466 4080 3568 4130 ἐστι
3606 4070 3734 4143 μαθεῖν

2274 4174 2429 4237 ἀξιῶ,
2455 4176 2549 4227 καὶ
2580 4174 2677 4227 ποῦ
2695 4174 2964 4227 ⁸λανθςίινει
2997 4172 3377 4246 κρυπτόμενα,
3404 4171 3493 4224 καὶ
3640 4162 3733 4231 ἥξειν

2265 4266 2422 4319 Ἀλλὰ
2468 4266 2577 4338 γὰρ
2617 4267 2862 4329 ἱκετεύω,
2901 4266 3188 4319 σπευσάτω
3222 4264 3318 4318 νῦν
3355 4264 3447 4316 καὶ
3483 4259 3648 4330 ἡκέτω,
3675 4251 3735 4304 καὶ

574 4350 677 4404 bus
702 4367 829 4426 spes
860 4354 1055 4409 saiutis
1085 4355 1429 4425 relinquitur.
1470 4354 1541 4412 Ut
1577 4338 1754 4411 autem
1798 4371 1979 4413 sermo
2019 4365 2143 4411 tuus

2178 4365 2218 4419 D
2249 4359 2600 4412 καταλαὸἐτω
2628 4360 2723 4429 τὴν
2749 4358 3017 4429 ἡμετέραν
3048 4355 3346 4411 ἀσθένειαν.
3377 4355 3437 4406 Ei
3463 4352 3560 4421 γὰρ
3583 4347 3639 4418 μὴ
3657 4347 3735 4396 ἐπι-

575 4441 641 4496 de
667 4442 919 4498 tristibus
951 4444 1147 4500 futuris
1174 4461 1337 4500 verax
1374 4446 1494 4511 fuit,
1528 4448 1816 4517 omniaque
1855 4448 1946 4502 illa
1975 4448 2149 4502 conti-

572 4543 769 4605 gerunt
800 4542 855 4590 et
891 4537 1155 4607 completa
1194 4546 1354 4604 sunt;
1397 4539 1470 4592 ita
1509 4548 1931 4594 consentaneum
1974 4545 2054 4593 est
2091 4547 2151 4593 ut

578 4625 861 4682 meliorum
895 4628 1316 4697 pollicitationes
1357 4644 1465 4682 non
1517 4629 1683 4682 irrita:
1736 4630 1844 4684 sint
1885 4646 1899 4683 :
1950 4629 2147 4698 quibus

574 4717 784 4771 scilicet
812 4719 972 4774 nobis
996 4721 1377 4775 annuntiatum
1399 4728 1502 4783 est,
1528 4728 1787 4774 internum
1820 4719 1933 4774 fore
1962 4736 2149 4775 semen

580 4807 819 4877 Davidis,
850 4822 903 4866 et
928 4812 1184 4868 thronum
1208 4813 1326 4883 ejus
1354 4813 1526 4866 instar
1556 4813 1751 4867 solaris
1776 4812 1999 4868 luminis
2023 4814 2147 4867 uni-

578 4915 797 4955 versum
828 4903 1016 4958 orbem
1052 4905 1452 4958 illustraturum
1482 4918 1624 4958 esse.
1654 4901 1777 4956 llaec
1814 4904 1993 4972 itaque
2039 4905 2146 4959 illis

577 4992 707 5045 olim
732 4994 971 5064 antiquis
992 4996 1046 5049 in
1076 5003 1202 5049 voto
1237 4996 1408 5058 fuere,
1443 5002 1496 5049 et
1540 4995 1607 5049 ab
1636 4995 1703 5049 iis
1732 4995 1824 5062 qui
1869 4994 2150 5064 propheti-

575 5099 767 5141 carum
796 5102 988 5140 vocum
1018 5087 1355 5141 meditationi
1379 5086 1545 5140 dediti
1578 5094 1734 5140 erant
1762 5088 2153 5155 exspectaban-

577 5188 667 5233 tur
698 5197 711 5232 :
741 5194 769 5231 a
802 5178 959 5234 nobis
987 5193 1115 5233 vero
1146 5180 1280 5249 ipsis
1302 5180 1559 5248 operibus
1578 5177 1845 5247 completa
1870 5176 2146 5243 videntur,

573 5289 667 5341 per
726 5270 1244 5325 consummationem
1282 5285 1464 5324 rerum
1511 5283 1630 5337 quze
1687 5267 1741 5321 in
1790 5266 2069 5325 Salvatore
2097 5278 2151 5324 et

575 5363 808 5419 Domino
852 5372 1041 5417 nostro
1066 5360 1195 5417 Jesu
1226 5362 1444 5415 Christo
1473 5360 1726 5430 perfectae
1754 5369 1903 5414 sunt.

2248 4449 2477 4515 δείξειας
2514 4468 2604 4502 σου
2646 4450 2712 4503 τὰ
2759 4450 2879 4520 ἐλέη
2917 4449 2985 4502 τὰ
3037 4450 3253 4520 ἀρχαῖα,
3302 4447 3446 4516 ἅπερ
3485 4444 3571 4510 οὐχ
3608 4432 3735 4491 ariis

2251 4543 2583 4612 ἐπηγγείλω,
2611 4542 2746 4595 ἀλλά
2771 4543 2862 4595 και
2882 4540 3099 4613 ὤμοσας
3124 4541 3201 4611 τῷ
3230 4539 3393 4593 Δαυῖδ
3420 4539 3475 4589 ὲν
3500 4537 3557 4604 τῇ
3576 4525 3733 4599 ἀληθείὲ

2255 4652 2369 4698 σου,
2394 4634 2511 4687 οὐδε
2520 4634 2616 4705 μία
2637 4634 2875 4687 λείπεται
2900 4633 3207 4705 ἀνθρώποις
3228 4632 3383 4693 ἐλπὶς
3410 4624 3660 4695 σωτηρίας.
3681 4618 3737 4675 ὀἵ

2251 4723 2343 4780 οὖν
2388 4726 2751 4798 ἐπηλήθευσεν
2797 4728 2825 4780 ό
2863 4726 3018 4795 λόγος
3052 4726 3141 4778 ἐπὶ
3173 4723 3285 4777 τῶν
3324 4714 3649 4789 σκυθρωπῶν,
3679 4708 3738 4760 καὶ

2251 4817 2439 4887 γέγονε
2464 4819 2556 4871 καὶ
2584 4820 2895 4889 ἀπήντησεν
2925 4818 3158 4882 ἅπαντα,
3186 4816 3359 4878 οῦτως
3391 4806 3645 4867 ἀκόλουθόν
3660 4807 3735 4854 ἐστ

2253 4909 2345 4962 καὶ
2369 4910 2436 4961 τὰ
2476 4909 2756 4980 κρείττονα
2792 4909 2899 4962 τῶν
2934 4908 3272 4978 ἐπαγγελιῶν
3304 4907 3377 4977 μὴ
3409 4893 3736 4972 διαψεύσασθαι.

2250 5001 2316 5054 δι’
2334 4995 2408 5054 ὧν
2427 5004 2454 5053 ὁ
2468 5002 2621 5068 λόγος
2642 5003 2770 5071 ἡμῖν
2797 5000 3183 5071 εὐηγγελίσατο
3194 4999 3407 5051 αἰώνιον
3425 4981 3737 5063 σπέρμα

2258 5090 2353 5144 καὶ
2366 5090 2550 5160 θρόνον
2567 5090 2728 5144 αὐτοῦ
2757 5092 2908 5162 δίκην
2924 5091 3071 5161 ἡλίου
3088 5090 3261 5161 φωτὸς
3278 5084 3667 5155 καταλάμψαντα
3689 5072 3737 5142 (³)

2254 5182 2433 5234 πᾶσαν
2469 5183 2568 5252 τὴν
2612 5183 2717 5236 τῶν
2759 5182 3057 5255 ἀνθρώπων
3112 5183 3453 5253 οἰκουμένην.
3494 5174 3648 5229 Ταῦτα
3674 5166 3736 5237 μέν

2253 5269 2344 5328 οῦν
2364 5276 2422 5327 ἐν
2439 5275 2620 5344 εὐχαῖς
2635 5275 2808 5328 ἔκειτο
2822 5278 2931 5340 τοῖς
2952 5275 3215 5339 παλαιοῖς,
3229 5274 3320 5328 καὶ
3336 5258 3737 5343 προσεδοκᾶτοτίλί

2250 5362 2348 5427 τὰς
2374 5366 2715 5436 προφητικάς
2742 5366 2921 5435 φωνὰς
2952 5366 3390 5438 μεμελετηκόσινο
3414 5358 3598 5432 ήμῖνδέ
3612 5349 3738 5405 αὺτοῖς

571 5456 752 5527 ἔργοις
801 5456 993 5525 ὁρᾶται
1026 5454 1451 5525 πεπληρωμένα,
1501 5452 1587 5504 διὰ
1615 5452 1721 5505 τῶν
1762 5456 1841 5517 είς
1864 5452 1955 5507 τὸν
1996 5453 2222 5526 Σωτῆρα
2271 5458 2365 5511 καὶ
2417 5458 2618 5532 Κύριον
2663 5461 2819 5533 ημῶν
2858 5460 3061 5532 Ἰησοῦν
3084 5459 3311 5531 Χριστὸν
3343 5446 3737 5519 ἀποτελεσμάτων·

648 5598 723 5659 (l)
762 5594 974 5654 Graeca.
1000 5594 1277 5664 ῥυόμενον,
1308 5589 1768 5664 ἀνακαλούμενον,
1791 5592 1968 5664 active
1986 5592 2149 5664 etiam

578 5669 729 5720 reddi
768 5660 1018 5736 possunt,
1053 5660 1293 5736 nemch
1324 5663 1411 5731 qui
1439 5673 1588 5715 eruat
1622 5672 1669 5716 et
1697 5672 1915 5718 revocet.
1940 5660 2152 5719 Judicet

585 5740 752 5792 lector
774 5732 974 5790 'utrum
1003 5732 1225 5789 rectius.
1254 5732 1407 5788 Enn.

2330 5597 2405 5669 (2)
2430 5597 2737 5670 [iegendum
2769 5598 2978 5652 videtur
3009 5597 3157 5670 παρὰ
3188 5595 3278 5670 τοῦ
3297 5588 3542 5670 Χριστοῦ.
3568 5582 3690 5638 Epit.

2330 5661 2407 5741 (3)
2441 5661 2602 5727 Fovtte
2625 5670 2909 5742 legendum
2933 5661 3365 5739 καταλάμψονταζ
3397 5661 3541 5717 Enn.
