  <div class='ocr_page' id='page_1' title='image "/cluster/home/n/w/nwhite01/storage/ocr_20150623/23/hvd.32044019207711/590.png"; bbox 0 0 3974 6530; ppageno 0'>
   <div class='ocr_carea' id='block_1_1' title="bbox 250 447 388 500">
    <p class='ocr_par' dir='ltr' id='par_1_1' title="bbox 250 447 388 500">
     <span class='ocr_line' id='line_1_1' title="bbox 250 447 388 500; baseline 0 0"><span class='ocrx_word' id='word_1_1' title='bbox 250 447 388 500; x_wconf 70' lang='grc'><strong>1121</strong></span> 
     </span>
    </p>
   </div>
   <div class='ocr_carea' id='block_1_2' title="bbox 1353 456 2323 518">
    <p class='ocr_par' dir='ltr' id='par_1_2' title="bbox 1353 456 2323 518">
     <span class='ocr_line' id='line_1_2' title="bbox 1353 456 2323 518; baseline 0.003 -6"><span class='ocrx_word' id='word_1_2' title='bbox 1353 456 1858 515; x_wconf 74' lang='lat' dir='ltr'><strong><em>COMMENTARIA</em></strong></span> <span class='ocrx_word' id='word_1_3' title='bbox 1894 461 1962 516; x_wconf 68' lang='lat' dir='ltr'><strong><em>IN</em></strong></span> <span class='ocrx_word' id='word_1_4' title='bbox 2004 461 2323 518; x_wconf 77' lang='lat' dir='ltr'><strong><em>PSALMOS</em></strong></span> 
     </span>
    </p>
   </div>
   <div class='ocr_carea' id='block_1_3' title="bbox 3375 461 3516 518">
    <p class='ocr_par' dir='ltr' id='par_1_3' title="bbox 3375 461 3516 518">
     <span class='ocr_line' id='line_1_3' title="bbox 3375 461 3516 518; baseline 0.028 -4"><span class='ocrx_word' id='word_1_5' title='bbox 3375 461 3516 518; x_wconf 57' lang='grc' dir='ltr'><strong><em>ΜΞ</em></strong></span> 
     </span>
    </p>
   </div>
   <div class='ocr_carea' id='block_1_4' title="bbox 317 566 1824 653">
    <p class='ocr_par' dir='ltr' id='par_1_4' title="bbox 317 566 1824 647">
     <span class='ocr_line' id='line_1_4' title="bbox 317 566 1824 647; baseline 0.009 -26"><span class='ocrx_word' id='word_1_6' title='bbox 317 566 652 637; x_wconf 79' lang='grc' dir='ltr'>Μνήσθήτι,</span> <span class='ocrx_word' id='word_1_7' title='bbox 685 573 882 640; x_wconf 74' lang='grc' dir='ltr'>Κύριε,</span> <span class='ocrx_word' id='word_1_8' title='bbox 926 573 1032 628; x_wconf 87' lang='grc' dir='ltr'><strong><em>τοῦ</em></strong></span> <span class='ocrx_word' id='word_1_9' title='bbox 1071 576 1414 647; x_wconf 81' lang='grc' dir='ltr'>ὀνειδισμοῦ</span> <span class='ocrx_word' id='word_1_10' title='bbox 1446 579 1564 633; x_wconf 87' lang='grc' dir='ltr'><strong><em>τῶν</em></strong></span> <span class='ocrx_word' id='word_1_11' title='bbox 1591 579 1824 635; x_wconf 75' lang='grc' dir='ltr'>δούλων</span> 
     </span>
    </p>
   </div>
   <div class='ocr_carea' id='block_1_5' title="bbox 1926 566 3515 653">
    <p class='ocr_par' dir='ltr' id='par_1_5' title="bbox 2000 581 3515 653">
     <span class='ocr_line' id='line_1_5' title="bbox 2000 581 3515 653; baseline 0.002 -18"><span class='ocrx_word' id='word_1_12' title='bbox 2000 582 2168 639; x_wconf 75' lang='lat' dir='ltr'><strong><em>Vens.</em></strong></span> <span class='ocrx_word' id='word_1_13' title='bbox 2225 583 2408 640; x_wconf 74' lang='lat' dir='ltr'><strong><em>Eii-53.</em></strong></span> <span class='ocrx_word' id='word_1_14' title='bbox 2477 581 2682 637; x_wconf 70' lang='lat' dir='ltr'><strong><em>Memor</em></strong></span> <span class='ocrx_word' id='word_1_15' title='bbox 2734 591 2866 645; x_wconf 88' lang='lat' dir='ltr'><strong><em>esto,</em></strong></span> <span class='ocrx_word' id='word_1_16' title='bbox 2946 581 3186 646; x_wconf 88' lang='lat' dir='ltr'><strong><em>Domine,</em></strong></span> <span class='ocrx_word' id='word_1_17' title='bbox 3249 591 3515 653; x_wconf 72' lang='lat' dir='ltr'><strong><em>opprobrii</em></strong></span> 
     </span>
    </p>
   </div>
   <div class='ocr_carea' id='block_1_6' title="bbox 246 657 1826 740">
    <p class='ocr_par' dir='ltr' id='par_1_6' title="bbox 246 657 1826 740">
     <span class='ocr_line' id='line_1_6' title="bbox 246 657 1826 740; baseline 0.009 -27"><span class='ocrx_word' id='word_1_18' title='bbox 246 676 397 723; x_wconf 82' lang='grc' dir='ltr'>σουο,</span> <span class='ocrx_word' id='word_1_19' title='bbox 451 657 539 716; x_wconf 84' lang='grc' dir='ltr'><strong><em>οὗ⁹</em></strong></span> <span class='ocrx_word' id='word_1_20' title='bbox 580 662 857 733; x_wconf 76' lang='grc' dir='ltr'><strong><em>ὑπέσχον</em></strong></span> <span class='ocrx_word' id='word_1_21' title='bbox 913 666 984 720; x_wconf 85' lang='grc' dir='ltr'>ἐν</span> <span class='ocrx_word' id='word_1_22' title='bbox 1023 666 1102 733; x_wconf 83' lang='grc' dir='ltr'><strong><em>τῷ</em></strong></span> <span class='ocrx_word' id='word_1_23' title='bbox 1152 671 1357 738; x_wconf 75' lang='grc' dir='ltr'>κόλπῳ</span> <span class='ocrx_word' id='word_1_24' title='bbox 1403 689 1526 740; x_wconf 83' lang='grc' dir='ltr'><strong><em>μου</em></strong></span> <span class='ocrx_word' id='word_1_25' title='bbox 1577 672 1826 727; x_wconf 75' lang='grc' dir='ltr'>πολλῶν</span> 
     </span>
    </p>
   </div>
   <div class='ocr_carea' id='block_1_7' title="bbox 244 750 1824 834">
    <p class='ocr_par' dir='ltr' id='par_1_7' title="bbox 244 750 1824 834">
     <span class='ocr_line' id='line_1_7' title="bbox 244 750 1824 834; baseline 0.01 -30"><span class='ocrx_word' id='word_1_26' title='bbox 244 751 470 805; x_wconf 77' lang='grc' dir='ltr'>ἐθνῶν·</span> <span class='ocrx_word' id='word_1_27' title='bbox 508 750 581 810; x_wconf 82' lang='grc' dir='ltr'>οὗ</span> <span class='ocrx_word' id='word_1_28' title='bbox 636 754 955 812; x_wconf 80' lang='grc' dir='ltr'>ὼνείδισαν</span> <span class='ocrx_word' id='word_1_29' title='bbox 1001 762 1055 812; x_wconf 78' lang='grc' dir='ltr'>οἱ</span> <span class='ocrx_word' id='word_1_30' title='bbox 1096 761 1297 830; x_wconf 83' lang='grc' dir='ltr'>ἐχθροί</span> <span class='ocrx_word' id='word_1_31' title='bbox 1341 779 1478 823; x_wconf 85' lang='grc' dir='ltr'>σου,</span> <span class='ocrx_word' id='word_1_32' title='bbox 1510 767 1710 834; x_wconf 78' lang='grc' dir='ltr'>Κύριε,</span> <span class='ocrx_word' id='word_1_33' title='bbox 1752 761 1824 822; x_wconf 86' lang='grc' dir='ltr'>οὗ</span> 
     </span>
    </p>
   </div>
   <div class='ocr_carea' id='block_1_8' title="bbox 244 842 1826 921">
    <p class='ocr_par' dir='ltr' id='par_1_8' title="bbox 244 842 1826 921">
     <span class='ocr_line' id='line_1_8' title="bbox 244 842 1826 921; baseline 0.011 -27"><span class='ocrx_word' id='word_1_34' title='bbox 244 842 568 899; x_wconf 78' lang='grc' dir='ltr'>ὠνείδισαν</span> <span class='ocrx_word' id='word_1_35' title='bbox 592 847 657 899; x_wconf 84' lang='grc' dir='ltr'><strong><em>τὸ</em></strong></span> <span class='ocrx_word' id='word_1_36' title='bbox 687 848 1080 920; x_wconf 72' lang='grc' dir='ltr'><em>ἀντάλλαγμα</em></span> <span class='ocrx_word' id='word_1_37' title='bbox 1111 856 1215 905; x_wconf 91' lang='grc' dir='ltr'><strong><em>τοῦ</em></strong></span> <span class='ocrx_word' id='word_1_38' title='bbox 1240 855 1494 921; x_wconf 82' lang='grc' dir='ltr'><strong><em>Χριστοῦ</em></strong></span> <span class='ocrx_word' id='word_1_39' title='bbox 1530 871 1665 910; x_wconf 87' lang='grc' dir='ltr'>σου.</span> <span class='ocrx_word' id='word_1_40' title='bbox 1713 858 1826 911; x_wconf 80' lang='grc' dir='ltr'><strong><em>Εὐ-</em></strong></span> 
     </span>
    </p>
   </div>
   <div class='ocr_carea' id='block_1_9' title="bbox 244 938 1826 1020">
    <p class='ocr_par' dir='ltr' id='par_1_9' title="bbox 244 938 1826 1020">
     <span class='ocr_line' id='line_1_9' title="bbox 244 938 1826 1020; baseline 0.011 -32"><span class='ocrx_word' id='word_1_41' title='bbox 244 938 505 1006; x_wconf 67' lang='grc' dir='ltr'>λογητὸς</span> <span class='ocrx_word' id='word_1_42' title='bbox 547 941 762 1008; x_wconf 84' lang='grc' dir='ltr'>Κύριος</span> <span class='ocrx_word' id='word_1_43' title='bbox 788 945 875 1008; x_wconf 84' lang='grc' dir='ltr'><strong><em>είς</em></strong></span> <span class='ocrx_word' id='word_1_44' title='bbox 909 943 1017 996; x_wconf 85' lang='grc' dir='ltr'><strong><em>τὸν</em></strong></span> <span class='ocrx_word' id='word_1_45' title='bbox 1052 945 1267 999; x_wconf 77' lang='grc' dir='ltr'><strong><em>αἰῶνα·</em></strong></span> <span class='ocrx_word' id='word_1_46' title='bbox 1296 947 1547 1016; x_wconf 75' lang='grc' dir='ltr'>γένοιτο,</span> <span class='ocrx_word' id='word_1_47' title='bbox 1577 949 1826 1020; x_wconf 75' lang='grc' dir='ltr'>γένοιτο.</span> 
     </span>
    </p>
   </div>
   <div class='ocr_carea' id='block_1_10' title="bbox 261 1030 1828 1113">
    <p class='ocr_par' dir='ltr' id='par_1_10' title="bbox 261 1030 1828 1113">
     <span class='ocr_line' id='line_1_10' title="bbox 261 1030 1828 1113; baseline 0.009 -31"><span class='ocrx_word' id='word_1_48' title='bbox 261 1030 396 1083; x_wconf 72' lang='grc' dir='ltr'>’Ἀπὸ</span> <span class='ocrx_word' id='word_1_49' title='bbox 421 1030 515 1085; x_wconf 89' lang='grc' dir='ltr'><strong><em>τοῦ</em></strong></span> <span class='ocrx_word' id='word_1_50' title='bbox 555 1035 992 1105; x_wconf 68' lang='grc' dir='ltr'><strong><em>προτεταγμένοι)</em></strong></span> <span class='ocrx_word' id='word_1_51' title='bbox 1027 1037 1395 1110; x_wconf 72' lang='grc' dir='ltr'>διαψάλματος</span> <span class='ocrx_word' id='word_1_52' title='bbox 1425 1041 1572 1095; x_wconf 86' lang='grc' dir='ltr'>δοκεῖ</span> <span class='ocrx_word' id='word_1_53' title='bbox 1604 1060 1692 1112; x_wconf 87' lang='grc' dir='ltr'><strong><em>μοι</em></strong></span> <span class='ocrx_word' id='word_1_54' title='bbox 1735 1060 1828 1113; x_wconf 87' lang='grc' dir='ltr'>με-</span> 
     </span>
    </p>
   </div>
   <div class='ocr_carea' id='block_1_11' title="bbox 249 1121 1830 1201">
    <p class='ocr_par' dir='ltr' id='par_1_11' title="bbox 249 1121 1830 1201">
     <span class='ocr_line' id='line_1_11' title="bbox 249 1121 1830 1201; baseline 0.009 -28"><span class='ocrx_word' id='word_1_55' title='bbox 249 1121 447 1193; x_wconf 73' lang='grc' dir='ltr'>ταϐολὴ</span> <span class='ocrx_word' id='word_1_56' title='bbox 508 1125 790 1194; x_wconf 80' lang='grc' dir='ltr'>γεγονέναι</span> <span class='ocrx_word' id='word_1_57' title='bbox 865 1127 966 1197; x_wconf 79' lang='grc' dir='ltr'>τῆς</span> <span class='ocrx_word' id='word_1_58' title='bbox 1031 1129 1290 1194; x_wconf 84' lang='grc' dir='ltr'>διανοίας.</span> <span class='ocrx_word' id='word_1_59' title='bbox 1363 1133 1434 1184; x_wconf 85' lang='grc' dir='ltr'>Τὸ</span> <span class='ocrx_word' id='word_1_60' title='bbox 1492 1132 1624 1201; x_wconf 90' lang='grc' dir='ltr'>γοῦν</span> <span class='ocrx_word' id='word_1_61' title='bbox 1688 1135 1830 1188; x_wconf 86' lang='grc' dir='ltr'>θεῖον</span> 
     </span>
    </p>
   </div>
   <div class='ocr_carea' id='block_1_12' title="bbox 249 1214 1831 1297">
    <p class='ocr_par' dir='ltr' id='par_1_12' title="bbox 249 1214 1831 1297">
     <span class='ocr_line' id='line_1_12' title="bbox 249 1214 1831 1297; baseline 0.009 -30"><span class='ocrx_word' id='word_1_62' title='bbox 249 1214 494 1287; x_wconf 79' lang='grc' dir='ltr'><strong><em>Πνεῦμα,</em></strong></span> <span class='ocrx_word' id='word_1_63' title='bbox 529 1216 825 1289; x_wconf 78' lang='grc' dir='ltr'><strong><em>εὐξάμενον</em></strong></span> <span class='ocrx_word' id='word_1_64' title='bbox 858 1221 1000 1292; x_wconf 83' lang='grc' dir='ltr'>ὑπὲρ</span> <span class='ocrx_word' id='word_1_65' title='bbox 1039 1221 1134 1275; x_wconf 86' lang='grc' dir='ltr'><strong><em>τοῦ</em></strong></span> <span class='ocrx_word' id='word_1_66' title='bbox 1176 1221 1304 1276; x_wconf 84' lang='grc' dir='ltr'>λαοῦ</span> <span class='ocrx_word' id='word_1_67' title='bbox 1351 1225 1436 1278; x_wconf 74' lang='grc' dir='ltr'>διὰ</span> <span class='ocrx_word' id='word_1_68' title='bbox 1478 1227 1584 1278; x_wconf 82' lang='grc' dir='ltr'>τῶν</span> <span class='ocrx_word' id='word_1_69' title='bbox 1624 1226 1831 1297; x_wconf 77' lang='grc' dir='ltr'>ἐμπρο-</span> 
     </span>
    </p>
   </div>
   <div class='ocr_carea' id='block_1_13' title="bbox 250 1305 1829 1387">
    <p class='ocr_par' dir='ltr' id='par_1_13' title="bbox 250 1305 1829 1387">
     <span class='ocr_line' id='line_1_13' title="bbox 250 1305 1829 1387; baseline 0.008 -28"><span class='ocrx_word' id='word_1_70' title='bbox 250 1305 399 1371; x_wconf 87' lang='grc' dir='ltr'>σθεν,</span> <span class='ocrx_word' id='word_1_71' title='bbox 429 1307 526 1371; x_wconf 75' lang='grc' dir='ltr'><strong><em>τὰς</em></strong></span> <span class='ocrx_word' id='word_1_72' title='bbox 555 1311 886 1379; x_wconf 76' lang='grc' dir='ltr'>ἐπαγγελίας</span> <span class='ocrx_word' id='word_1_73' title='bbox 912 1311 1005 1365; x_wconf 89' lang='grc' dir='ltr'><strong><em>τοῦ</em></strong></span> <span class='ocrx_word' id='word_1_74' title='bbox 1032 1312 1166 1366; x_wconf 84' lang='grc' dir='ltr'>Θεοῦ</span> <span class='ocrx_word' id='word_1_75' title='bbox 1195 1316 1545 1387; x_wconf 74' lang='grc' dir='ltr'><strong><em>προκαλεῖται</em></strong></span> <span class='ocrx_word' id='word_1_76' title='bbox 1574 1317 1682 1370; x_wconf 74' lang='grc' dir='ltr'><strong><em>ἀπὸ</em></strong></span> <span class='ocrx_word' id='word_1_77' title='bbox 1712 1317 1829 1381; x_wconf 88' lang='grc' dir='ltr'>τοῦ,</span> 
     </span>
    </p>
   </div>
   <div class='ocr_carea' id='block_1_14' title="bbox 246 1398 1830 1474">
    <p class='ocr_par' dir='ltr' id='par_1_14' title="bbox 246 1398 1830 1474">
     <span class='ocr_line' id='line_1_14' title="bbox 246 1398 1830 1474; baseline 0.006 -24"><span class='ocrx_word' id='word_1_78' title='bbox 246 1398 372 1451; x_wconf 90' lang='grc' dir='ltr'><strong><em>Ποῦ</em></strong></span> <span class='ocrx_word' id='word_1_79' title='bbox 397 1399 527 1452; x_wconf 82' lang='grc' dir='ltr'>ἐστι</span> <span class='ocrx_word' id='word_1_80' title='bbox 566 1399 636 1453; x_wconf 84' lang='grc' dir='ltr'><strong><em>τὰ</em></strong></span> <span class='ocrx_word' id='word_1_81' title='bbox 659 1400 798 1469; x_wconf 54' lang='lat' dir='ltr'><strong><em>me.</em></strong></span> <span class='ocrx_word' id='word_1_82' title='bbox 828 1417 944 1456; x_wconf 90' lang='grc' dir='ltr'>σου</span> <span class='ocrx_word' id='word_1_83' title='bbox 979 1405 1050 1457; x_wconf 88' lang='grc' dir='ltr'><em>τὰ</em></span> <span class='ocrx_word' id='word_1_84' title='bbox 1084 1405 1321 1474; x_wconf 77' lang='grc' dir='ltr'>ἀρχαῖα,</span> <span class='ocrx_word' id='word_1_85' title='bbox 1364 1409 1576 1474; x_wconf 79' lang='grc' dir='ltr'>Κύριε;</span> <span class='ocrx_word' id='word_1_86' title='bbox 1608 1407 1749 1473; x_wconf 79' lang='grc' dir='ltr'>ἀξιοῖ</span> <span class='ocrx_word' id='word_1_87' title='bbox 1773 1408 1830 1460; x_wconf 83' lang='grc' dir='ltr'><strong><em>δὲ</em></strong></span> 
     </span>
    </p>
   </div>
   <div class='ocr_carea' id='block_1_15' title="bbox 246 1489 1830 1568">
    <p class='ocr_par' dir='ltr' id='par_1_15' title="bbox 246 1489 1830 1568">
     <span class='ocr_line' id='line_1_15' title="bbox 246 1489 1830 1568; baseline 0.008 -26"><span class='ocrx_word' id='word_1_88' title='bbox 246 1489 348 1560; x_wconf 63' lang='grc' dir='ltr'>ἤδη</span> <span class='ocrx_word' id='word_1_89' title='bbox 378 1492 506 1544; x_wconf 88' lang='grc' dir='ltr'><strong><em>ποτέ</em></strong></span> <span class='ocrx_word' id='word_1_90' title='bbox 553 1493 838 1565; x_wconf 75' lang='grc' dir='ltr'><strong><em>ἐπιστῆναι</em></strong></span> <span class='ocrx_word' id='word_1_91' title='bbox 879 1495 987 1548; x_wconf 85' lang='grc' dir='ltr'><strong><em>τῶν</em></strong></span> <span class='ocrx_word' id='word_1_92' title='bbox 1029 1498 1408 1568; x_wconf 84' lang='grc' dir='ltr'>χρηστοτέρων</span> <span class='ocrx_word' id='word_1_93' title='bbox 1458 1499 1528 1552; x_wconf 76' lang='grc' dir='ltr'><strong><em>τὰ</em></strong></span> <span class='ocrx_word' id='word_1_94' title='bbox 1571 1501 1830 1554; x_wconf 80' lang='grc' dir='ltr'>ἀποτελέ-</span> 
     </span>
    </p>
   </div>
   <div class='ocr_carea' id='block_1_16' title="bbox 247 1579 1831 1659">
    <p class='ocr_par' dir='ltr' id='par_1_16' title="bbox 247 1579 1831 1659">
     <span class='ocr_line' id='line_1_16' title="bbox 247 1579 1831 1659; baseline 0.007 -28"><span class='ocrx_word' id='word_1_95' title='bbox 247 1595 450 1650; x_wconf 81' lang='grc' dir='ltr'>σματα,</span> <span class='ocrx_word' id='word_1_96' title='bbox 486 1579 522 1634; x_wconf 76' lang='grc' dir='ltr'>ἃ</span> <span class='ocrx_word' id='word_1_97' title='bbox 548 1580 760 1652; x_wconf 79' lang='grc' dir='ltr'><strong><em>ὤμοσεν</em></strong></span> <span class='ocrx_word' id='word_1_98' title='bbox 784 1585 812 1636; x_wconf 86' lang='grc' dir='ltr'>ὀ</span> <span class='ocrx_word' id='word_1_99' title='bbox 850 1585 984 1649; x_wconf 87' lang='grc' dir='ltr'>Θεὸς</span> <span class='ocrx_word' id='word_1_100' title='bbox 1018 1586 1096 1656; x_wconf 83' lang='grc' dir='ltr'>τῷ</span> <span class='ocrx_word' id='word_1_101' title='bbox 1121 1586 1281 1640; x_wconf 73' lang='grc' dir='ltr'>Δαυῒδ</span> <span class='ocrx_word' id='word_1_102' title='bbox 1312 1590 1368 1639; x_wconf 91' lang='grc' dir='ltr'><strong><em>ἐν</em></strong></span> <span class='ocrx_word' id='word_1_103' title='bbox 1391 1591 1456 1659; x_wconf 80' lang='grc' dir='ltr'>τῇ</span> <span class='ocrx_word' id='word_1_104' title='bbox 1481 1588 1705 1658; x_wconf 73' lang='grc' dir='ltr'>ἀληθείᾳ</span> <span class='ocrx_word' id='word_1_105' title='bbox 1732 1591 1831 1642; x_wconf 76' lang='grc' dir='ltr'>αὐ-</span> 
     </span>
    </p>
   </div>
   <div class='ocr_carea' id='block_1_17' title="bbox 245 1669 1832 1752">
    <p class='ocr_par' dir='ltr' id='par_1_17' title="bbox 245 1669 1832 1752">
     <span class='ocr_line' id='line_1_17' title="bbox 245 1669 1832 1752; baseline 0.008 -29"><span class='ocrx_word' id='word_1_106' title='bbox 245 1671 361 1724; x_wconf 89' lang='grc' dir='ltr'>τοῦ.</span> <span class='ocrx_word' id='word_1_107' title='bbox 407 1669 539 1726; x_wconf 81' lang='grc' dir='ltr'>Εἶτα</span> <span class='ocrx_word' id='word_1_108' title='bbox 572 1676 881 1746; x_wconf 81' lang='grc' dir='ltr'>παρακαλεῖ</span> <span class='ocrx_word' id='word_1_109' title='bbox 925 1679 1232 1749; x_wconf 81' lang='grc' dir='ltr'>μνησθῆναι</span> <span class='ocrx_word' id='word_1_110' title='bbox 1266 1680 1360 1733; x_wconf 90' lang='grc' dir='ltr'><strong><em>τοῦ</em></strong></span> <span class='ocrx_word' id='word_1_111' title='bbox 1393 1681 1699 1752; x_wconf 82' lang='grc' dir='ltr'>ὀνειδισμοῦ</span> <span class='ocrx_word' id='word_1_112' title='bbox 1724 1681 1832 1736; x_wconf 85' lang='grc' dir='ltr'>τῶν</span> 
     </span>
    </p>
   </div>
   <div class='ocr_carea' id='block_1_18' title="bbox 243 1758 1832 1844">
    <p class='ocr_par' dir='ltr' id='par_1_18' title="bbox 243 1758 1832 1844">
     <span class='ocr_line' id='line_1_18' title="bbox 243 1758 1832 1844; baseline 0.008 -30"><span class='ocrx_word' id='word_1_113' title='bbox 243 1761 445 1816; x_wconf 85' lang='grc' dir='ltr'>δούλων</span> <span class='ocrx_word' id='word_1_114' title='bbox 471 1763 657 1818; x_wconf 80' lang='grc' dir='ltr'>αὑτοῦ.</span> <span class='ocrx_word' id='word_1_115' title='bbox 675 1758 764 1830; x_wconf 76' lang='grc' dir='ltr'>Ὠς</span> <span class='ocrx_word' id='word_1_116' title='bbox 789 1768 899 1840; x_wconf 81' lang='grc' dir='ltr'>γὰρ</span> <span class='ocrx_word' id='word_1_117' title='bbox 929 1769 1030 1840; x_wconf 73' lang='grc' dir='ltr'>ήδη</span> <span class='ocrx_word' id='word_1_118' title='bbox 1063 1769 1270 1834; x_wconf 71' lang='grc' dir='ltr'>λοιπὸν,</span> <span class='ocrx_word' id='word_1_119' title='bbox 1301 1772 1441 1825; x_wconf 79' lang='grc' dir='ltr'>κατὰ</span> <span class='ocrx_word' id='word_1_120' title='bbox 1466 1773 1526 1825; x_wconf 84' lang='grc' dir='ltr'><strong><em>τὸ</em></strong></span> <span class='ocrx_word' id='word_1_121' title='bbox 1555 1789 1832 1844; x_wconf 81' lang='grc' dir='ltr'>σεσιωπη-</span> 
     </span>
    </p>
   </div>
   <div class='ocr_carea' id='block_1_19' title="bbox 248 1845 1834 1937">
    <p class='ocr_par' dir='ltr' id='par_1_19' title="bbox 248 1845 1834 1937">
     <span class='ocr_line' id='line_1_19' title="bbox 248 1845 1834 1937; baseline 0.008 -30"><span class='ocrx_word' id='word_1_122' title='bbox 248 1845 432 1924; x_wconf 78' lang='grc' dir='ltr'>μὲνον,</span> <span class='ocrx_word' id='word_1_123' title='bbox 470 1860 837 1930; x_wconf 77' lang='grc' dir='ltr'><strong><em>χωρησάντων</em></strong></span> <span class='ocrx_word' id='word_1_124' title='bbox 883 1863 964 1925; x_wconf 87' lang='grc' dir='ltr'><strong><em>είς</em></strong></span> <span class='ocrx_word' id='word_1_125' title='bbox 1000 1861 1137 1933; x_wconf 72' lang='grc' dir='ltr'>ἔργα</span> <span class='ocrx_word' id='word_1_126' title='bbox 1185 1863 1292 1916; x_wconf 85' lang='grc' dir='ltr'><strong><em>τῶν</em></strong></span> <span class='ocrx_word' id='word_1_127' title='bbox 1344 1866 1834 1937; x_wconf 80' lang='grc' dir='ltr'>προηγορευμένων</span> 
     </span>
    </p>
   </div>
   <div class='ocr_carea' id='block_1_20' title="bbox 245 1947 1835 2032">
    <p class='ocr_par' dir='ltr' id='par_1_20' title="bbox 245 1947 1835 2032">
     <span class='ocr_line' id='line_1_20' title="bbox 245 1947 1835 2032; baseline 0.009 -33"><span class='ocrx_word' id='word_1_128' title='bbox 245 1947 605 2020; x_wconf 81' lang='grc' dir='ltr'><strong><em>σκυθρωπῶν,</em></strong></span> <span class='ocrx_word' id='word_1_129' title='bbox 653 1953 862 2008; x_wconf 81' lang='grc' dir='ltr'>πολλῶν</span> <span class='ocrx_word' id='word_1_130' title='bbox 889 1972 947 2008; x_wconf 89' lang='grc' dir='ltr'><strong><em>τε</em></strong></span> <span class='ocrx_word' id='word_1_131' title='bbox 983 1957 1191 2028; x_wconf 83' lang='grc' dir='ltr'>ἐχθρῶν</span> <span class='ocrx_word' id='word_1_132' title='bbox 1232 1959 1327 2011; x_wconf 74' lang='grc' dir='ltr'>καὶ</span> <span class='ocrx_word' id='word_1_133' title='bbox 1356 1959 1525 2012; x_wconf 84' lang='grc' dir='ltr'>ἐθνῶν</span> <span class='ocrx_word' id='word_1_134' title='bbox 1554 1962 1835 2032; x_wconf 83' lang='grc' dir='ltr'>ἐπικειμέ-</span> 
     </span>
    </p>
   </div>
   <div class='ocr_carea' id='block_1_21' title="bbox 240 2041 1828 2112">
    <p class='ocr_par' dir='ltr' id='par_1_21' title="bbox 240 2041 1828 2112">
     <span class='ocr_line' id='line_1_21' title="bbox 240 2041 1828 2112; baseline 0.009 -21"><span class='ocrx_word' id='word_1_135' title='bbox 240 2056 350 2092; x_wconf 84' lang='grc' dir='ltr'><strong><em>νων</em></strong></span> <span class='ocrx_word' id='word_1_136' title='bbox 389 2042 480 2093; x_wconf 66' lang='grc' dir='ltr'><strong><em>καὶ</em></strong></span> <span class='ocrx_word' id='word_1_137' title='bbox 510 2041 878 2107; x_wconf 75' lang='grc' dir='ltr'>ὀνειδιζόντων</span> <span class='ocrx_word' id='word_1_138' title='bbox 909 2048 1035 2110; x_wconf 76' lang='grc' dir='ltr'>τοὺς</span> <span class='ocrx_word' id='word_1_139' title='bbox 1076 2047 1293 2112; x_wconf 75' lang='grc' dir='ltr'>δούλους</span> <span class='ocrx_word' id='word_1_140' title='bbox 1333 2050 1425 2102; x_wconf 89' lang='grc' dir='ltr'><strong><em>τοῦ</em></strong></span> <span class='ocrx_word' id='word_1_141' title='bbox 1467 2049 1602 2104; x_wconf 86' lang='grc' dir='ltr'>Θεοῦ</span> <span class='ocrx_word' id='word_1_142' title='bbox 1647 2051 1734 2104; x_wconf 80' lang='grc' dir='ltr'>διὰ</span> <span class='ocrx_word' id='word_1_143' title='bbox 1763 2053 1828 2107; x_wconf 77' lang='grc' dir='ltr'><strong><em>τά</em></strong></span> 
     </span>
    </p>
   </div>
   <div class='ocr_carea' id='block_1_22' title="bbox 244 2131 1828 2214">
    <p class='ocr_par' dir='ltr' id='par_1_22' title="bbox 244 2131 1828 2214">
     <span class='ocr_line' id='line_1_22' title="bbox 244 2131 1828 2214; baseline 0.009 -31"><span class='ocrx_word' id='word_1_144' title='bbox 244 2131 661 2203; x_wconf 75' lang='grc' dir='ltr'>συμϐεϐηκότα,</span> <span class='ocrx_word' id='word_1_145' title='bbox 708 2137 805 2208; x_wconf 84' lang='grc' dir='ltr'>τὴν</span> <span class='ocrx_word' id='word_1_146' title='bbox 853 2139 993 2210; x_wconf 75' lang='grc' dir='ltr'>ὑπὲρ</span> <span class='ocrx_word' id='word_1_147' title='bbox 1034 2139 1239 2194; x_wconf 77' lang='grc' dir='ltr'>τούτων</span> <span class='ocrx_word' id='word_1_148' title='bbox 1295 2141 1459 2212; x_wconf 74' lang='grc' dir='ltr'>εὐχὴν</span> <span class='ocrx_word' id='word_1_149' title='bbox 1514 2144 1828 2214; x_wconf 80' lang='grc' dir='ltr'>ἀναπέμπει</span> 
     </span>
    </p>
   </div>
   <div class='ocr_carea' id='block_1_23' title="bbox 238 2220 1831 2300">
    <p class='ocr_par' dir='ltr' id='par_1_23' title="bbox 238 2220 1831 2300">
     <span class='ocr_line' id='line_1_23' title="bbox 238 2220 1831 2300; baseline 0.009 -28"><span class='ocrx_word' id='word_1_150' title='bbox 238 2220 400 2289; x_wconf 78' lang='grc' dir='ltr'>λέγον</span> <span class='ocrx_word' id='word_1_151' title='bbox 423 2239 436 2253; x_wconf 90' lang='grc'><strong>·</strong></span> <span class='ocrx_word' id='word_1_152' title='bbox 463 2223 799 2293; x_wconf 80' lang='grc' dir='ltr'>Μνήσθητι,</span> <span class='ocrx_word' id='word_1_153' title='bbox 825 2230 1021 2296; x_wconf 76' lang='grc' dir='ltr'>Κύριε,</span> <span class='ocrx_word' id='word_1_154' title='bbox 1045 2230 1150 2283; x_wconf 87' lang='grc' dir='ltr'><strong><em>τοῦ</em></strong></span> <span class='ocrx_word' id='word_1_155' title='bbox 1175 2230 1518 2300; x_wconf 78' lang='grc' dir='ltr'>ὀνειδισμοῦ</span> <span class='ocrx_word' id='word_1_156' title='bbox 1549 2232 1666 2285; x_wconf 85' lang='grc' dir='ltr'><strong><em>τῶν</em></strong></span> <span class='ocrx_word' id='word_1_157' title='bbox 1694 2232 1831 2286; x_wconf 83' lang='grc' dir='ltr'>δού-</span> 
     </span>
    </p>
   </div>
   <div class='ocr_carea' id='block_1_24' title="bbox 234 2317 1830 2392">
    <p class='ocr_par' dir='ltr' id='par_1_24' title="bbox 234 2317 1830 2392">
     <span class='ocr_line' id='line_1_24' title="bbox 234 2317 1830 2392; baseline 0.008 -27"><span class='ocrx_word' id='word_1_158' title='bbox 234 2318 364 2366; x_wconf 73' lang='grc' dir='ltr'><em>λων</em></span> <span class='ocrx_word' id='word_1_159' title='bbox 403 2329 540 2370; x_wconf 87' lang='grc' dir='ltr'>σου.</span> <span class='ocrx_word' id='word_1_160' title='bbox 607 2319 751 2372; x_wconf 78' lang='grc' dir='ltr'>Ἀντὶ</span> <span class='ocrx_word' id='word_1_161' title='bbox 780 2320 896 2384; x_wconf 90' lang='grc' dir='ltr'>τοῦ,</span> <span class='ocrx_word' id='word_1_162' title='bbox 951 2317 1033 2377; x_wconf 81' lang='grc' dir='ltr'><em>υῦ</em></span> <span class='ocrx_word' id='word_1_163' title='bbox 1079 2322 1356 2392; x_wconf 81' lang='grc' dir='ltr'><strong><em>ὑπέσχον</em></strong></span> <span class='ocrx_word' id='word_1_164' title='bbox 1391 2324 1460 2376; x_wconf 83' lang='grc' dir='ltr'><strong><em>ἐν</em></strong></span> <span class='ocrx_word' id='word_1_165' title='bbox 1498 2323 1578 2389; x_wconf 84' lang='grc' dir='ltr'>τῷ</span> <span class='ocrx_word' id='word_1_166' title='bbox 1624 2325 1830 2388; x_wconf 64' lang='grc' dir='ltr'>κόλπῳ</span> 
     </span>
    </p>
   </div>
   <div class='ocr_carea' id='block_1_25' title="bbox 230 2407 1829 2486">
    <p class='ocr_par' dir='ltr' id='par_1_25' title="bbox 230 2407 1829 2486">
     <span class='ocr_line' id='line_1_25' title="bbox 230 2407 1829 2486; baseline 0.008 -28"><span class='ocrx_word' id='word_1_167' title='bbox 230 2423 355 2474; x_wconf 77' lang='grc' dir='ltr'><strong><em>μου</em></strong></span> <span class='ocrx_word' id='word_1_168' title='bbox 386 2407 638 2461; x_wconf 71' lang='grc' dir='ltr'>πολλῶν</span> <span class='ocrx_word' id='word_1_169' title='bbox 669 2410 882 2474; x_wconf 84' lang='grc' dir='ltr'><strong><em>ἐθνῶν,</em></strong></span> <span class='ocrx_word' id='word_1_170' title='bbox 930 2413 1262 2486; x_wconf 79' lang='grc' dir='ltr'>σαφέστερον</span> <span class='ocrx_word' id='word_1_171' title='bbox 1301 2417 1328 2468; x_wconf 81' lang='grc' dir='ltr'>ὁ</span> <span class='ocrx_word' id='word_1_172' title='bbox 1370 2415 1599 2479; x_wconf 77' lang='grc' dir='ltr'><strong><em>Ἀκύλας</em></strong></span> <span class='ocrx_word' id='word_1_173' title='bbox 1637 2417 1829 2482; x_wconf 77' lang='grc' dir='ltr'>ἐξέδω-</span> 
     </span>
    </p>
   </div>
   <div class='ocr_carea' id='block_1_26' title="bbox 239 2495 1828 2568">
    <p class='ocr_par' dir='ltr' id='par_1_26' title="bbox 239 2495 1828 2568">
     <span class='ocr_line' id='line_1_26' title="bbox 239 2495 1828 2568; baseline 0.003 -19"><span class='ocrx_word' id='word_1_174' title='bbox 239 2513 336 2549; x_wconf 86' lang='grc' dir='ltr'><strong><em>κεν</em></strong></span> <span class='ocrx_word' id='word_1_175' title='bbox 383 2495 578 2560; x_wconf 87' lang='grc' dir='ltr'>είπὼν,</span> <span class='ocrx_word' id='word_1_176' title='bbox 620 2497 908 2564; x_wconf 79' lang='grc' dir='ltr'>Αῐροντός</span> <span class='ocrx_word' id='word_1_177' title='bbox 945 2517 1066 2567; x_wconf 78' lang='grc' dir='ltr'>μου</span> <span class='ocrx_word' id='word_1_178' title='bbox 1091 2500 1162 2552; x_wconf 87' lang='grc' dir='ltr'>ἐν</span> <span class='ocrx_word' id='word_1_179' title='bbox 1201 2502 1406 2568; x_wconf 66' lang='grc' dir='ltr'>κόλπῳ</span> <span class='ocrx_word' id='word_1_180' title='bbox 1455 2500 1652 2567; x_wconf 76' lang='grc' dir='ltr'>πάσας</span> <span class='ocrx_word' id='word_1_181' title='bbox 1702 2501 1828 2556; x_wconf 82' lang='grc' dir='ltr'>ἀδι-</span> 
     </span>
    </p>
   </div>
   <div class='ocr_carea' id='block_1_27' title="bbox 237 2588 1828 2662">
    <p class='ocr_par' dir='ltr' id='par_1_27' title="bbox 237 2588 1828 2662">
     <span class='ocr_line' id='line_1_27' title="bbox 237 2588 1828 2662; baseline 0.003 -20"><span class='ocrx_word' id='word_1_182' title='bbox 237 2590 375 2654; x_wconf 81' lang='grc' dir='ltr'>κίας</span> <span class='ocrx_word' id='word_1_183' title='bbox 434 2588 634 2643; x_wconf 70' lang='grc' dir='ltr'>λαῶν·</span> <span class='ocrx_word' id='word_1_184' title='bbox 684 2591 712 2642; x_wconf 83' lang='grc' dir='ltr'>ὁ</span> <span class='ocrx_word' id='word_1_185' title='bbox 763 2590 821 2643; x_wconf 86' lang='grc' dir='ltr'>δὲ</span> <span class='ocrx_word' id='word_1_186' title='bbox 877 2591 1194 2662; x_wconf 75' lang='grc' dir='ltr'><strong><em>Σύμμαχος,</em></strong></span> <span class='ocrx_word' id='word_1_187' title='bbox 1241 2592 1576 2646; x_wconf 81' lang='grc' dir='ltr'><strong><em>Ἐϐἁστασα</em></strong></span> <span class='ocrx_word' id='word_1_188' title='bbox 1627 2593 1698 2646; x_wconf 86' lang='grc' dir='ltr'>ἐν</span> <span class='ocrx_word' id='word_1_189' title='bbox 1747 2592 1828 2658; x_wconf 85' lang='grc' dir='ltr'><strong><em>τῷ</em></strong></span> 
     </span>
    </p>
   </div>
   <div class='ocr_carea' id='block_1_28' title="bbox 237 2681 1828 2757">
    <p class='ocr_par' dir='ltr' id='par_1_28' title="bbox 237 2681 1828 2757">
     <span class='ocr_line' id='line_1_28' title="bbox 237 2681 1828 2757; baseline 0.004 -23"><span class='ocrx_word' id='word_1_190' title='bbox 237 2684 446 2748; x_wconf 67' lang='grc' dir='ltr'>κόλπῳ</span> <span class='ocrx_word' id='word_1_191' title='bbox 462 2699 582 2751; x_wconf 83' lang='grc' dir='ltr'><strong><em>μου</em></strong></span> <span class='ocrx_word' id='word_1_192' title='bbox 608 2681 851 2736; x_wconf 81' lang='grc' dir='ltr'>πάντων</span> <span class='ocrx_word' id='word_1_193' title='bbox 883 2683 1002 2736; x_wconf 86' lang='grc' dir='ltr'><strong><em>τῶν</em></strong></span> <span class='ocrx_word' id='word_1_194' title='bbox 1028 2685 1240 2738; x_wconf 80' lang='grc' dir='ltr'><strong><em>ἐθνῶν.</em></strong></span> <span class='ocrx_word' id='word_1_195' title='bbox 1287 2687 1350 2738; x_wconf 85' lang='grc' dir='ltr'><strong><em>Οἱ</em></strong></span> <span class='ocrx_word' id='word_1_196' title='bbox 1394 2687 1488 2757; x_wconf 82' lang='grc' dir='ltr'><strong><em>μὲν</em></strong></span> <span class='ocrx_word' id='word_1_197' title='bbox 1513 2682 1607 2740; x_wconf 73' lang='grc' dir='ltr'><strong><em>οῦν</em></strong></span> <span class='ocrx_word' id='word_1_198' title='bbox 1644 2687 1828 2740; x_wconf 86' lang='grc' dir='ltr'>ὀνειδι-</span> 
     </span>
    </p>
   </div>
   <div class='ocr_carea' id='block_1_29' title="bbox 238 2773 1825 2848">
    <p class='ocr_par' dir='ltr' id='par_1_29' title="bbox 238 2773 1825 2848">
     <span class='ocr_line' id='line_1_29' title="bbox 238 2773 1825 2848; baseline 0.003 -21"><span class='ocrx_word' id='word_1_199' title='bbox 238 2773 458 2845; x_wconf 83' lang='grc' dir='ltr'>ζόμενοι</span> <span class='ocrx_word' id='word_1_200' title='bbox 493 2775 541 2828; x_wconf 81' lang='lat' dir='ltr'><strong><em>oi</em></strong></span> <span class='ocrx_word' id='word_1_201' title='bbox 577 2774 754 2828; x_wconf 86' lang='grc' dir='ltr'>δοῦλοί</span> <span class='ocrx_word' id='word_1_202' title='bbox 787 2778 893 2829; x_wconf 76' lang='grc' dir='ltr'>εἱσι</span> <span class='ocrx_word' id='word_1_203' title='bbox 931 2775 1023 2829; x_wconf 87' lang='grc' dir='ltr'><strong><em>τοῦ</em></strong></span> <span class='ocrx_word' id='word_1_204' title='bbox 1060 2777 1227 2830; x_wconf 87' lang='grc' dir='ltr'>Θεοῦ·</span> <span class='ocrx_word' id='word_1_205' title='bbox 1264 2778 1344 2830; x_wconf 84' lang='grc' dir='ltr'><strong><em>διὸ</em></strong></span> <span class='ocrx_word' id='word_1_206' title='bbox 1387 2779 1624 2848; x_wconf 79' lang='grc' dir='ltr'>ἔφασκε·</span> <span class='ocrx_word' id='word_1_207' title='bbox 1660 2777 1825 2844; x_wconf 78' lang='grc' dir='ltr'><strong><em>Μνή-</em></strong></span> 
     </span>
    </p>
   </div>
   <div class='ocr_carea' id='block_1_30' title="bbox 234 2868 1822 2938">
    <p class='ocr_par' dir='ltr' id='par_1_30' title="bbox 234 2868 1822 2938">
     <span class='ocr_line' id='line_1_30' title="bbox 234 2868 1822 2938; baseline 0.004 -19"><span class='ocrx_word' id='word_1_208' title='bbox 234 2871 436 2932; x_wconf 82' lang='grc' dir='ltr'>σθητι,</span> <span class='ocrx_word' id='word_1_209' title='bbox 484 2869 682 2934; x_wconf 79' lang='grc' dir='ltr'>Κύριε,</span> <span class='ocrx_word' id='word_1_210' title='bbox 721 2868 828 2921; x_wconf 87' lang='grc' dir='ltr'><strong><em>τοῦ</em></strong></span> <span class='ocrx_word' id='word_1_211' title='bbox 871 2869 1218 2938; x_wconf 80' lang='grc' dir='ltr'>ὀνειδισμοῦ</span> <span class='ocrx_word' id='word_1_212' title='bbox 1256 2869 1376 2922; x_wconf 84' lang='grc' dir='ltr'><strong><em>τῶν</em></strong></span> <span class='ocrx_word' id='word_1_213' title='bbox 1408 2870 1645 2924; x_wconf 68' lang='grc' dir='ltr'>δούλων</span> <span class='ocrx_word' id='word_1_214' title='bbox 1669 2887 1822 2924; x_wconf 73' lang='grc' dir='ltr'>σουσ</span> 
     </span>
    </p>
   </div>
   <div class='ocr_carea' id='block_1_31' title="bbox 234 2957 1827 3031">
    <p class='ocr_par' dir='ltr' id='par_1_31' title="bbox 234 2957 1827 3031">
     <span class='ocr_line' id='line_1_31' title="bbox 234 2957 1827 3031; baseline 0.003 -21"><span class='ocrx_word' id='word_1_215' title='bbox 234 2961 284 3012; x_wconf 77' lang='grc' dir='ltr'>οἱ</span> <span class='ocrx_word' id='word_1_216' title='bbox 328 2959 386 3011; x_wconf 78' lang='grc' dir='ltr'>δὲ</span> <span class='ocrx_word' id='word_1_217' title='bbox 425 2957 779 3022; x_wconf 79' lang='grc' dir='ltr'>ὀνειδίζοντες</span> <span class='ocrx_word' id='word_1_218' title='bbox 822 2961 872 3011; x_wconf 84' lang='lat' dir='ltr'><strong><em>oi</em></strong></span> <span class='ocrx_word' id='word_1_219' title='bbox 915 2960 1100 3030; x_wconf 73' lang='grc' dir='ltr'>ἐχθροὶ</span> <span class='ocrx_word' id='word_1_220' title='bbox 1141 2959 1236 3012; x_wconf 89' lang='grc' dir='ltr'><strong><em>τοῦ</em></strong></span> <span class='ocrx_word' id='word_1_221' title='bbox 1262 2960 1432 3014; x_wconf 76' lang='grc' dir='ltr'>Θεοῦ’</span> <span class='ocrx_word' id='word_1_222' title='bbox 1475 2961 1556 3014; x_wconf 74' lang='grc' dir='ltr'><strong><em>διὸ</em></strong></span> <span class='ocrx_word' id='word_1_223' title='bbox 1585 2961 1827 3031; x_wconf 79' lang='grc' dir='ltr'>ἐπιλέγει</span> 
     </span>
    </p>
   </div>
   <div class='ocr_carea' id='block_1_32' title="bbox 236 3047 1828 3122">
    <p class='ocr_par' dir='ltr' id='par_1_32' title="bbox 236 3047 1828 3122">
     <span class='ocr_line' id='line_1_32' title="bbox 236 3047 1828 3122; baseline 0.003 -18"><span class='ocrx_word' id='word_1_224' title='bbox 236 3051 385 3122; x_wconf 76' lang='grc' dir='ltr'>ἑξῆς,</span> <span class='ocrx_word' id='word_1_225' title='bbox 417 3047 498 3106; x_wconf 85' lang='grc' dir='ltr'><strong><em>Οὗ</em></strong></span> <span class='ocrx_word' id='word_1_226' title='bbox 529 3051 852 3105; x_wconf 80' lang='grc' dir='ltr'>ὠνείδισαν</span> <span class='ocrx_word' id='word_1_227' title='bbox 879 3055 931 3106; x_wconf 79' lang='grc' dir='ltr'>οἱ</span> <span class='ocrx_word' id='word_1_228' title='bbox 953 3053 1158 3122; x_wconf 82' lang='grc' dir='ltr'>ἐχθροί</span> <span class='ocrx_word' id='word_1_229' title='bbox 1181 3069 1320 3118; x_wconf 89' lang='grc' dir='ltr'>σου,</span> <span class='ocrx_word' id='word_1_230' title='bbox 1347 3055 1544 3122; x_wconf 77' lang='grc' dir='ltr'>Κύριε,</span> <span class='ocrx_word' id='word_1_231' title='bbox 1572 3051 1644 3109; x_wconf 88' lang='grc' dir='ltr'>οὗ</span> <span class='ocrx_word' id='word_1_232' title='bbox 1670 3054 1828 3109; x_wconf 85' lang='grc' dir='ltr'>ὠνεί-</span> 
     </span>
    </p>
   </div>
   <div class='ocr_carea' id='block_1_33' title="bbox 233 3143 1825 3213">
    <p class='ocr_par' dir='ltr' id='par_1_33' title="bbox 233 3143 1825 3213">
     <span class='ocr_line' id='line_1_33' title="bbox 233 3143 1825 3213; baseline 0.002 -18"><span class='ocrx_word' id='word_1_233' title='bbox 233 3145 421 3197; x_wconf 75' lang='grc' dir='ltr'>ὃισαν</span> <span class='ocrx_word' id='word_1_234' title='bbox 464 3143 529 3197; x_wconf 84' lang='grc' dir='ltr'><strong><em>τὸ</em></strong></span> <span class='ocrx_word' id='word_1_235' title='bbox 569 3143 962 3213; x_wconf 68' lang='grc' dir='ltr'><strong><em>ἀντάλλαγμα</em></strong></span> <span class='ocrx_word' id='word_1_236' title='bbox 1009 3144 1116 3198; x_wconf 86' lang='grc' dir='ltr'><strong><em>τοῦ</em></strong></span> <span class='ocrx_word' id='word_1_237' title='bbox 1167 3144 1426 3213; x_wconf 81' lang='grc' dir='ltr'>Χριστοῦ</span> <span class='ocrx_word' id='word_1_238' title='bbox 1485 3161 1622 3199; x_wconf 90' lang='grc' dir='ltr'>σου.</span> <span class='ocrx_word' id='word_1_239' title='bbox 1666 3147 1723 3200; x_wconf 88' lang='lat'><strong><em>&#39;0</em></strong></span> <span class='ocrx_word' id='word_1_240' title='bbox 1769 3146 1825 3199; x_wconf 84' lang='grc' dir='ltr'>δὲ</span> 
     </span>
    </p>
   </div>
   <div class='ocr_carea' id='block_1_34' title="bbox 233 3233 1821 3308">
    <p class='ocr_par' dir='ltr' id='par_1_34' title="bbox 233 3233 1821 3308">
     <span class='ocr_line' id='line_1_34' title="bbox 233 3233 1821 3308; baseline 0.003 -23"><span class='ocrx_word' id='word_1_241' title='bbox 233 3233 408 3286; x_wconf 87' lang='grc' dir='ltr'>ταῦτα</span> <span class='ocrx_word' id='word_1_242' title='bbox 433 3233 570 3305; x_wconf 76' lang='grc' dir='ltr'>πρὸς</span> <span class='ocrx_word' id='word_1_243' title='bbox 593 3234 685 3287; x_wconf 84' lang='grc' dir='ltr'><strong><em>τὸν</em></strong></span> <span class='ocrx_word' id='word_1_244' title='bbox 710 3233 842 3287; x_wconf 82' lang='grc' dir='ltr'>Θεὸν</span> <span class='ocrx_word' id='word_1_245' title='bbox 871 3235 1045 3304; x_wconf 77' lang='grc' dir='ltr'>λέγων</span> <span class='ocrx_word' id='word_1_246' title='bbox 1075 3236 1157 3306; x_wconf 79' lang='grc' dir='ltr'><strong><em>εἴη</em></strong></span> <span class='ocrx_word' id='word_1_247' title='bbox 1188 3235 1253 3290; x_wconf 85' lang='grc' dir='ltr'><strong><em>ἂν</em></strong></span> <span class='ocrx_word' id='word_1_248' title='bbox 1279 3237 1308 3288; x_wconf 85' lang='grc' dir='ltr'><strong><em>ό</em></strong></span> <span class='ocrx_word' id='word_1_249' title='bbox 1335 3237 1600 3308; x_wconf 82' lang='grc' dir='ltr'>σωτήριος</span> <span class='ocrx_word' id='word_1_250' title='bbox 1631 3237 1821 3305; x_wconf 86' lang='grc' dir='ltr'>Λόγος,</span> 
     </span>
    </p>
   </div>
   <div class='ocr_carea' id='block_1_35' title="bbox 1932 673 3516 744">
    <p class='ocr_par' dir='ltr' id='par_1_35' title="bbox 1932 673 3516 744">
     <span class='ocr_line' id='line_1_35' title="bbox 1932 673 3516 744; baseline 0.001 -17"><span class='ocrx_word' id='word_1_251' title='bbox 1932 689 2202 727; x_wconf 80' lang='lat' dir='ltr'><strong><em>servorum</em></strong></span> <span class='ocrx_word' id='word_1_252' title='bbox 2243 683 2474 737; x_wconf 89' lang='lat' dir='ltr'><strong><em>tuorum,</em></strong></span> <span class='ocrx_word' id='word_1_253' title='bbox 2523 673 2662 744; x_wconf 86' lang='lat' dir='ltr'><strong><em>quod</em></strong></span> <span class='ocrx_word' id='word_1_254' title='bbox 2714 673 2949 726; x_wconf 73' lang='lat' dir='ltr'><strong><em>continui</em></strong></span> <span class='ocrx_word' id='word_1_255' title='bbox 2995 674 3048 726; x_wconf 89' lang='lat' dir='ltr'><strong><em>in</em></strong></span> <span class='ocrx_word' id='word_1_256' title='bbox 3083 674 3204 726; x_wconf 88' lang='lat' dir='ltr'><strong><em>sinu</em></strong></span> <span class='ocrx_word' id='word_1_257' title='bbox 3236 690 3346 728; x_wconf 90' lang='lat' dir='ltr'><strong><em>meo</em></strong></span> <span class='ocrx_word' id='word_1_258' title='bbox 3378 675 3516 728; x_wconf 81' lang='lat' dir='ltr'><strong><em>mut-</em></strong></span> 
     </span>
    </p>
   </div>
   <div class='ocr_carea' id='block_1_36' title="bbox 1931 764 3511 837">
    <p class='ocr_par' dir='ltr' id='par_1_36' title="bbox 1931 764 3511 837">
     <span class='ocr_line' id='line_1_36' title="bbox 1931 764 3511 837; baseline -0.001 -17"><span class='ocrx_word' id='word_1_259' title='bbox 1931 775 2107 820; x_wconf 88' lang='lat' dir='ltr'><strong><em>tarum</em></strong></span> <span class='ocrx_word' id='word_1_260' title='bbox 2150 767 2377 837; x_wconf 88' lang='lat' dir='ltr'><strong><em>gentium</em></strong></span> <span class='ocrx_word' id='word_1_261' title='bbox 2413 764 2592 836; x_wconf 86' lang='lat' dir='ltr'><strong><em>:quod</em></strong></span> <span class='ocrx_word' id='word_1_262' title='bbox 2642 764 3088 834; x_wconf 71' lang='lat' dir='ltr'><strong><em>exprobrauerunt</em></strong></span> <span class='ocrx_word' id='word_1_263' title='bbox 3156 765 3360 819; x_wconf 87' lang='lat' dir='ltr'><strong><em>inimici</em></strong></span> <span class='ocrx_word' id='word_1_264' title='bbox 3413 765 3511 830; x_wconf 89' lang='lat' dir='ltr'><strong><em>tui,</em></strong></span> 
     </span>
    </p>
   </div>
   <div class='ocr_carea' id='block_1_37' title="bbox 1929 855 3515 928">
    <p class='ocr_par' dir='ltr' id='par_1_37' title="bbox 1929 855 3515 928">
     <span class='ocr_line' id='line_1_37' title="bbox 1929 855 3515 928; baseline -0.001 -16"><span class='ocrx_word' id='word_1_265' title='bbox 1929 857 2173 921; x_wconf 80' lang='lat' dir='ltr'><strong><em>Domine,</em></strong></span> <span class='ocrx_word' id='word_1_266' title='bbox 2213 858 2352 928; x_wconf 85' lang='lat' dir='ltr'><strong><em>quod</em></strong></span> <span class='ocrx_word' id='word_1_267' title='bbox 2394 858 2837 924; x_wconf 60' lang='lat' dir='ltr'><strong><em>exprobraverat!</em></strong></span> <span class='ocrx_word' id='word_1_268' title='bbox 2859 858 3326 911; x_wconf 74' lang='lat' dir='ltr'><strong><em>commutationem</em></strong></span> <span class='ocrx_word' id='word_1_269' title='bbox 3359 855 3515 912; x_wconf 54' lang='lat' dir='ltr'><strong><em>Chric</em></strong></span> 
     </span>
    </p>
   </div>
   <div class='ocr_carea' id='block_1_38' title="bbox 1928 943 3509 1012">
    <p class='ocr_par' dir='ltr' id='par_1_38' title="bbox 1928 943 3509 1012">
     <span class='ocr_line' id='line_1_38' title="bbox 1928 943 3509 1012; baseline 0 -14"><span class='ocrx_word' id='word_1_270' title='bbox 1928 945 1997 998; x_wconf 87' lang='lat' dir='ltr'><strong><em>sti</em></strong></span> <span class='ocrx_word' id='word_1_271' title='bbox 2027 944 2125 999; x_wconf 89' lang='lat' dir='ltr'><strong><em>tui.</em></strong></span> <span class='ocrx_word' id='word_1_272' title='bbox 2158 943 2468 997; x_wconf 81' lang='lat' dir='ltr'><strong><em>Benedictus</em></strong></span> <span class='ocrx_word' id='word_1_273' title='bbox 2507 943 2764 997; x_wconf 86' lang='lat' dir='ltr'><strong><em>Dominus</em></strong></span> <span class='ocrx_word' id='word_1_274' title='bbox 2820 944 2871 997; x_wconf 91' lang='lat' dir='ltr'><strong><em>in</em></strong></span> <span class='ocrx_word' id='word_1_275' title='bbox 2903 953 3201 1008; x_wconf 63' lang='lat' dir='ltr'><strong><em>a’ternum;</em></strong></span> <span class='ocrx_word' id='word_1_276' title='bbox 3234 944 3351 1012; x_wconf 79' lang='lat' dir='ltr'><strong><em>ﬁat,</em></strong></span> <span class='ocrx_word' id='word_1_277' title='bbox 3393 945 3509 1012; x_wconf 81' lang='lat' dir='ltr'><strong><em>ﬁat.</em></strong></span> 
     </span>
    </p>
   </div>
   <div class='ocr_carea' id='block_1_39' title="bbox 1930 1031 3514 1102">
    <p class='ocr_par' dir='ltr' id='par_1_39' title="bbox 1930 1031 3514 1102">
     <span class='ocr_line' id='line_1_39' title="bbox 1930 1031 3514 1102; baseline 0.001 -16"><span class='ocrx_word' id='word_1_278' title='bbox 1930 1031 1973 1086; x_wconf 83' lang='lat' dir='ltr'><strong>A</strong></span> <span class='ocrx_word' id='word_1_279' title='bbox 2019 1033 2306 1102; x_wconf 62' lang='lat' dir='ltr'><strong><em>prmmisao</em></strong></span> <span class='ocrx_word' id='word_1_280' title='bbox 2353 1033 2713 1102; x_wconf 87' lang='lat' dir='ltr'><strong><em>diapsalmate</em></strong></span> <span class='ocrx_word' id='word_1_281' title='bbox 2767 1031 2977 1087; x_wconf 82' lang='lat' dir='ltr'><strong><em>videtur</em></strong></span> <span class='ocrx_word' id='word_1_282' title='bbox 3041 1033 3175 1087; x_wconf 88' lang='lat' dir='ltr'><strong><em>mihi</em></strong></span> <span class='ocrx_word' id='word_1_283' title='bbox 3229 1033 3514 1088; x_wconf 69' lang='lat' dir='ltr'><strong><em>sententia:</em></strong></span> 
     </span>
    </p>
   </div>
   <div class='ocr_carea' id='block_1_40' title="bbox 1934 1122 3513 1193">
    <p class='ocr_par' dir='ltr' id='par_1_40' title="bbox 1934 1122 3513 1193">
     <span class='ocr_line' id='line_1_40' title="bbox 1934 1122 3513 1193; baseline 0.003 -17"><span class='ocrx_word' id='word_1_284' title='bbox 1934 1124 2294 1177; x_wconf 88' lang='lat' dir='ltr'><strong><em>nmtationem</em></strong></span> <span class='ocrx_word' id='word_1_285' title='bbox 2346 1124 2620 1178; x_wconf 77' lang='lat' dir='ltr'><strong><em>invectam</em></strong></span> <span class='ocrx_word' id='word_1_286' title='bbox 2655 1139 2796 1179; x_wconf 88' lang='lat' dir='ltr'><strong><em>esse.</em></strong></span> <span class='ocrx_word' id='word_1_287' title='bbox 2841 1122 2976 1177; x_wconf 88' lang='lat' dir='ltr'><strong><em>Nam</em></strong></span> <span class='ocrx_word' id='word_1_288' title='bbox 3026 1122 3265 1193; x_wconf 73' lang='lat' dir='ltr'><strong><em>Spiritus</em></strong></span> <span class='ocrx_word' id='word_1_289' title='bbox 3294 1125 3513 1180; x_wconf 85' lang='lat' dir='ltr'><strong><em>divinus</em></strong></span> 
     </span>
    </p>
   </div>
   <div class='ocr_carea' id='block_1_41' title="bbox 1933 1215 3510 1286">
    <p class='ocr_par' dir='ltr' id='par_1_41' title="bbox 1933 1215 3510 1286">
     <span class='ocr_line' id='line_1_41' title="bbox 1933 1215 3510 1286; baseline 0 -18"><span class='ocrx_word' id='word_1_290' title='bbox 1933 1231 2033 1285; x_wconf 91' lang='lat' dir='ltr'><strong><em>pro</em></strong></span> <span class='ocrx_word' id='word_1_291' title='bbox 2068 1216 2270 1285; x_wconf 90' lang='lat' dir='ltr'><strong><em>populo</em></strong></span> <span class='ocrx_word' id='word_1_292' title='bbox 2302 1223 2556 1286; x_wconf 79' lang='lat' dir='ltr'><strong><em>precatus</em></strong></span> <span class='ocrx_word' id='word_1_293' title='bbox 2595 1216 2649 1270; x_wconf 90' lang='lat' dir='ltr'><strong><em>in</em></strong></span> <span class='ocrx_word' id='word_1_294' title='bbox 2675 1215 3074 1285; x_wconf 87' lang='lat' dir='ltr'><strong><em>superioribus,</em></strong></span> <span class='ocrx_word' id='word_1_295' title='bbox 3121 1216 3391 1285; x_wconf 87' lang='lat' dir='ltr'><strong><em>promissa</em></strong></span> <span class='ocrx_word' id='word_1_296' title='bbox 3419 1215 3510 1270; x_wconf 85' lang='lat' dir='ltr'><strong><em>Dei</em></strong></span> 
     </span>
    </p>
   </div>
   <div class='ocr_carea' id='block_1_42' title="bbox 1933 1305 3513 1377">
    <p class='ocr_par' dir='ltr' id='par_1_42' title="bbox 1933 1305 3513 1377">
     <span class='ocr_line' id='line_1_42' title="bbox 1933 1305 3513 1377; baseline 0.001 -17"><span class='ocrx_word' id='word_1_297' title='bbox 1933 1313 1994 1360; x_wconf 89' lang='lat' dir='ltr'><strong><em>ut</em></strong></span> <span class='ocrx_word' id='word_1_298' title='bbox 2020 1307 2278 1361; x_wconf 81' lang='lat' dir='ltr'><strong><em>eveniant</em></strong></span> <span class='ocrx_word' id='word_1_299' title='bbox 2314 1307 2416 1360; x_wconf 91' lang='lat' dir='ltr'><strong><em>hoc</em></strong></span> <span class='ocrx_word' id='word_1_300' title='bbox 2442 1305 2589 1361; x_wconf 88' lang='lat' dir='ltr'><strong><em>dicto</em></strong></span> <span class='ocrx_word' id='word_1_301' title='bbox 2621 1307 2880 1377; x_wconf 89' lang='lat' dir='ltr'><strong><em>postulat,</em></strong></span> <span class='ocrx_word' id='word_1_302' title='bbox 2913 1305 3013 1360; x_wconf 89' lang='lat' dir='ltr'><strong><em>Ubi</em></strong></span> <span class='ocrx_word' id='word_1_303' title='bbox 3053 1316 3173 1360; x_wconf 88' lang='lat' dir='ltr'><strong><em>sunt</em></strong></span> <span class='ocrx_word' id='word_1_304' title='bbox 3213 1309 3513 1362; x_wconf 85' lang='lat' dir='ltr'><strong><em>misericor-</em></strong></span> 
     </span>
    </p>
   </div>
   <div class='ocr_carea' id='block_1_43' title="bbox 1934 1397 3510 1469">
    <p class='ocr_par' dir='ltr' id='par_1_43' title="bbox 1934 1397 3510 1469">
     <span class='ocr_line' id='line_1_43' title="bbox 1934 1397 3510 1469; baseline 0.001 -19"><span class='ocrx_word' id='word_1_305' title='bbox 1934 1397 2040 1452; x_wconf 76' lang='grc' dir='ltr'><strong><em>ὀίω</em></strong></span> <span class='ocrx_word' id='word_1_306' title='bbox 2073 1407 2179 1451; x_wconf 63' lang='lat' dir='ltr'><strong><em>tua!</em></strong></span> <span class='ocrx_word' id='word_1_307' title='bbox 2226 1401 2481 1468; x_wconf 70' lang='lat' dir='ltr'><strong><em>antiquar,</em></strong></span> <span class='ocrx_word' id='word_1_308' title='bbox 2534 1397 2803 1453; x_wconf 85' lang='lat' dir='ltr'><strong><em>Domine?</em></strong></span> <span class='ocrx_word' id='word_1_309' title='bbox 2854 1407 3011 1469; x_wconf 83' lang='lat' dir='ltr'><strong><em>rogat</em></strong></span> <span class='ocrx_word' id='word_1_310' title='bbox 3061 1407 3241 1454; x_wconf 89' lang='lat' dir='ltr'><strong><em>autem</em></strong></span> <span class='ocrx_word' id='word_1_311' title='bbox 3303 1408 3362 1454; x_wconf 91' lang='lat' dir='ltr'><strong><em>ut</em></strong></span> <span class='ocrx_word' id='word_1_312' title='bbox 3397 1399 3510 1468; x_wconf 86' lang='lat' dir='ltr'><strong><em>jam</em></strong></span> 
     </span>
    </p>
   </div>
   <div class='ocr_carea' id='block_1_44' title="bbox 1932 1490 3514 1562">
    <p class='ocr_par' dir='ltr' id='par_1_44' title="bbox 1932 1490 3514 1562">
     <span class='ocr_line' id='line_1_44' title="bbox 1932 1490 3514 1562; baseline 0.002 -18"><span class='ocrx_word' id='word_1_313' title='bbox 1932 1490 2189 1544; x_wconf 85' lang='lat' dir='ltr'><strong><em>eveniant</em></strong></span> <span class='ocrx_word' id='word_1_314' title='bbox 2247 1491 2532 1545; x_wconf 82' lang='lat' dir='ltr'><strong><em>meliorum</em></strong></span> <span class='ocrx_word' id='word_1_315' title='bbox 2585 1491 2799 1545; x_wconf 90' lang='lat' dir='ltr'><strong><em>illorum</em></strong></span> <span class='ocrx_word' id='word_1_316' title='bbox 2837 1492 3253 1561; x_wconf 89' lang='lat' dir='ltr'><strong><em>complementa,</em></strong></span> <span class='ocrx_word' id='word_1_317' title='bbox 3279 1493 3514 1562; x_wconf 60' lang='lat' dir='ltr'><strong><em>quaaju-</em></strong></span> 
     </span>
    </p>
   </div>
   <div class='ocr_carea' id='block_1_45' title="bbox 1936 1581 3513 1654">
    <p class='ocr_par' dir='ltr' id='par_1_45' title="bbox 1936 1581 3513 1654">
     <span class='ocr_line' id='line_1_45' title="bbox 1936 1581 3513 1654; baseline 0.001 -18"><span class='ocrx_word' id='word_1_318' title='bbox 1936 1583 2074 1636; x_wconf 80' lang='lat' dir='ltr'><strong><em>lavit</em></strong></span> <span class='ocrx_word' id='word_1_319' title='bbox 2110 1581 2255 1637; x_wconf 86' lang='lat' dir='ltr'><strong><em>Deus</em></strong></span> <span class='ocrx_word' id='word_1_320' title='bbox 2289 1581 2461 1636; x_wconf 84' lang='lat' dir='ltr'><strong><em>David</em></strong></span> <span class='ocrx_word' id='word_1_321' title='bbox 2511 1583 2566 1636; x_wconf 90' lang='lat' dir='ltr'><strong><em>in</em></strong></span> <span class='ocrx_word' id='word_1_322' title='bbox 2595 1582 2826 1638; x_wconf 74' lang='lat' dir='ltr'><strong><em>veritate</em></strong></span> <span class='ocrx_word' id='word_1_323' title='bbox 2857 1598 2978 1639; x_wconf 87' lang='lat' dir='ltr'><strong><em>sua.</em></strong></span> <span class='ocrx_word' id='word_1_324' title='bbox 3022 1582 3227 1638; x_wconf 89' lang='lat' dir='ltr'><strong><em>Deinde</em></strong></span> <span class='ocrx_word' id='word_1_325' title='bbox 3256 1593 3513 1654; x_wconf 82' lang='lat' dir='ltr'><strong><em>precatur</em></strong></span> 
     </span>
    </p>
   </div>
   <div class='ocr_carea' id='block_1_46' title="bbox 1935 1674 3509 1744">
    <p class='ocr_par' dir='ltr' id='par_1_46' title="bbox 1935 1674 3509 1744">
     <span class='ocr_line' id='line_1_46' title="bbox 1935 1674 3509 1744; baseline 0.003 -19"><span class='ocrx_word' id='word_1_326' title='bbox 1935 1683 1995 1726; x_wconf 86' lang='lat' dir='ltr'><strong><em>ut</em></strong></span> <span class='ocrx_word' id='word_1_327' title='bbox 2037 1689 2246 1729; x_wconf 89' lang='lat' dir='ltr'><strong><em>memor</em></strong></span> <span class='ocrx_word' id='word_1_328' title='bbox 2291 1674 2364 1729; x_wconf 87' lang='lat' dir='ltr'><strong><em>sit</em></strong></span> <span class='ocrx_word' id='word_1_329' title='bbox 2411 1675 2691 1744; x_wconf 87' lang='lat' dir='ltr'><strong><em>opprobrii</em></strong></span> <span class='ocrx_word' id='word_1_330' title='bbox 2735 1690 3015 1730; x_wconf 88' lang='lat' dir='ltr'><strong><em>servorum</em></strong></span> <span class='ocrx_word' id='word_1_331' title='bbox 3070 1690 3319 1731; x_wconf 90' lang='lat' dir='ltr'><strong><em>suorum.</em></strong></span> <span class='ocrx_word' id='word_1_332' title='bbox 3376 1675 3509 1730; x_wconf 81' lang='lat' dir='ltr'><strong><em>Nam</em></strong></span> 
     </span>
    </p>
   </div>
   <div class='ocr_carea' id='block_1_47' title="bbox 1936 1766 3514 1840">
    <p class='ocr_par' dir='ltr' id='par_1_47' title="bbox 1936 1766 3514 1840">
     <span class='ocr_line' id='line_1_47' title="bbox 1936 1766 3514 1840; baseline 0.003 -21"><span class='ocrx_word' id='word_1_333' title='bbox 1936 1766 2095 1834; x_wconf 87' lang='lat' dir='ltr'><strong><em>quasi</em></strong></span> <span class='ocrx_word' id='word_1_334' title='bbox 2116 1767 2255 1835; x_wconf 86' lang='lat' dir='ltr'><strong><em>jam,</em></strong></span> <span class='ocrx_word' id='word_1_335' title='bbox 2281 1777 2340 1820; x_wconf 92' lang='lat' dir='ltr'><strong><em>ut</em></strong></span> <span class='ocrx_word' id='word_1_336' title='bbox 2373 1767 2544 1821; x_wconf 89' lang='lat' dir='ltr'><strong><em>tacite</em></strong></span> <span class='ocrx_word' id='word_1_337' title='bbox 2568 1767 2799 1836; x_wconf 79' lang='lat' dir='ltr'><strong><em>judicat,</em></strong></span> <span class='ocrx_word' id='word_1_338' title='bbox 2825 1768 3001 1821; x_wconf 84' lang='lat' dir='ltr'><strong><em>tristia</em></strong></span> <span class='ocrx_word' id='word_1_339' title='bbox 3041 1768 3130 1822; x_wconf 88' lang='lat' dir='ltr'><strong><em>illa</em></strong></span> <span class='ocrx_word' id='word_1_340' title='bbox 3161 1769 3314 1840; x_wconf 89' lang='lat' dir='ltr'><strong><em>prius</em></strong></span> <span class='ocrx_word' id='word_1_341' title='bbox 3347 1783 3514 1824; x_wconf 87' lang='lat' dir='ltr'><strong><em>enun-</em></strong></span> 
     </span>
    </p>
   </div>
   <div class='ocr_carea' id='block_1_48' title="bbox 1937 1857 3514 1931">
    <p class='ocr_par' dir='ltr' id='par_1_48' title="bbox 1937 1857 3514 1931">
     <span class='ocr_line' id='line_1_48' title="bbox 1937 1857 3514 1931; baseline 0.003 -21"><span class='ocrx_word' id='word_1_342' title='bbox 1937 1859 2085 1922; x_wconf 88' lang='lat' dir='ltr'><strong><em>tiata,</em></strong></span> <span class='ocrx_word' id='word_1_343' title='bbox 2114 1873 2278 1928; x_wconf 90' lang='lat' dir='ltr'><strong><em>opere</em></strong></span> <span class='ocrx_word' id='word_1_344' title='bbox 2321 1857 2559 1926; x_wconf 78' lang='lat' dir='ltr'><strong><em>perfecta</em></strong></span> <span class='ocrx_word' id='word_1_345' title='bbox 2591 1859 2723 1922; x_wconf 92' lang='lat' dir='ltr'><strong><em>sint,</em></strong></span> <span class='ocrx_word' id='word_1_346' title='bbox 2759 1873 2883 1913; x_wconf 89' lang='lat' dir='ltr'><strong><em>cum</em></strong></span> <span class='ocrx_word' id='word_1_347' title='bbox 2918 1859 3125 1914; x_wconf 90' lang='lat' dir='ltr'><strong><em>inimici</em></strong></span> <span class='ocrx_word' id='word_1_348' title='bbox 3149 1861 3306 1914; x_wconf 89' lang='lat' dir='ltr'><strong><em>multi</em></strong></span> <span class='ocrx_word' id='word_1_349' title='bbox 3347 1868 3399 1914; x_wconf 90' lang='lat' dir='ltr'><strong><em>et</em></strong></span> <span class='ocrx_word' id='word_1_350' title='bbox 3424 1877 3514 1931; x_wconf 81' lang='lat' dir='ltr'><strong><em>po-</em></strong></span> 
     </span>
    </p>
   </div>
   <div class='ocr_carea' id='block_1_49' title="bbox 1938 1948 3512 2022">
    <p class='ocr_par' dir='ltr' id='par_1_49' title="bbox 1938 1948 3512 2022">
     <span class='ocr_line' id='line_1_49' title="bbox 1938 1948 3512 2022; baseline 0.004 -21"><span class='ocrx_word' id='word_1_351' title='bbox 1938 1948 2048 2018; x_wconf 91' lang='lat' dir='ltr'><strong><em>puli</em></strong></span> <span class='ocrx_word' id='word_1_352' title='bbox 2078 1948 2302 2013; x_wconf 85' lang='lat' dir='ltr'><strong><em>instent,</em></strong></span> <span class='ocrx_word' id='word_1_353' title='bbox 2331 1956 2384 2003; x_wconf 90' lang='lat' dir='ltr'><strong><em>et</em></strong></span> <span class='ocrx_word' id='word_1_354' title='bbox 2418 1964 2607 2004; x_wconf 86' lang='lat' dir='ltr'><strong><em>servos</em></strong></span> <span class='ocrx_word' id='word_1_355' title='bbox 2648 1949 2740 2005; x_wconf 90' lang='lat' dir='ltr'><strong><em>Dei</em></strong></span> <span class='ocrx_word' id='word_1_356' title='bbox 2785 1959 3006 2022; x_wconf 83' lang='lat' dir='ltr'><strong><em>propter</em></strong></span> <span class='ocrx_word' id='word_1_357' title='bbox 3044 1966 3106 2006; x_wconf 89' lang='lat' dir='ltr'><strong><em>ea</em></strong></span> <span class='ocrx_word' id='word_1_358' title='bbox 3150 1967 3270 2022; x_wconf 66' lang='lat' dir='ltr'><strong><em>qua:</em></strong></span> <span class='ocrx_word' id='word_1_359' title='bbox 3299 1951 3512 2007; x_wconf 86' lang='lat' dir='ltr'><strong><em>accide-</em></strong></span> 
     </span>
    </p>
   </div>
   <div class='ocr_carea' id='block_1_50' title="bbox 1935 2041 3511 2113">
    <p class='ocr_par' dir='ltr' id='par_1_50' title="bbox 1935 2041 3511 2113">
     <span class='ocr_line' id='line_1_50' title="bbox 1935 2041 3511 2113; baseline 0.004 -19"><span class='ocrx_word' id='word_1_360' title='bbox 1935 2049 2057 2095; x_wconf 90' lang='lat' dir='ltr'><strong><em>rant</em></strong></span> <span class='ocrx_word' id='word_1_361' title='bbox 2085 2041 2400 2112; x_wconf 83' lang='lat' dir='ltr'><strong><em>Opprobriis</em></strong></span> <span class='ocrx_word' id='word_1_362' title='bbox 2429 2050 2680 2106; x_wconf 86' lang='lat' dir='ltr'><strong><em>onerent,</em></strong></span> <span class='ocrx_word' id='word_1_363' title='bbox 2714 2059 2812 2113; x_wconf 90' lang='lat' dir='ltr'><strong><em>pro</em></strong></span> <span class='ocrx_word' id='word_1_364' title='bbox 2846 2045 2954 2100; x_wconf 87' lang='lat' dir='ltr'><strong><em>illis</em></strong></span> <span class='ocrx_word' id='word_1_365' title='bbox 2990 2044 3084 2099; x_wconf 83' lang='lat' dir='ltr'><strong><em>Dei</em></strong></span> <span class='ocrx_word' id='word_1_366' title='bbox 3131 2045 3350 2100; x_wconf 81' lang='lat' dir='ltr'><strong><em>famulis</em></strong></span> <span class='ocrx_word' id='word_1_367' title='bbox 3385 2061 3511 2106; x_wconf 82' lang='lat' dir='ltr'><strong><em>ora-</em></strong></span> 
     </span>
    </p>
   </div>
   <div class='ocr_carea' id='block_1_51' title="bbox 1932 2134 3574 2206">
    <p class='ocr_par' dir='ltr' id='par_1_51' title="bbox 1932 2134 3574 2206">
     <span class='ocr_line' id='line_1_51' title="bbox 1932 2134 3574 2206; baseline 0.002 -18"><span class='ocrx_word' id='word_1_368' title='bbox 1932 2137 2133 2190; x_wconf 88' lang='lat' dir='ltr'><strong><em>tionem</em></strong></span> <span class='ocrx_word' id='word_1_369' title='bbox 2162 2135 2361 2190; x_wconf 86' lang='lat' dir='ltr'><strong><em>emittit</em></strong></span> <span class='ocrx_word' id='word_1_370' title='bbox 2389 2134 2618 2190; x_wconf 88' lang='lat' dir='ltr'><strong><em>dieens:</em></strong></span> <span class='ocrx_word' id='word_1_371' title='bbox 2656 2135 2858 2190; x_wconf 78' lang='lat' dir='ltr'><strong><em>Mentor</em></strong></span> <span class='ocrx_word' id='word_1_372' title='bbox 2888 2147 3018 2201; x_wconf 88' lang='lat' dir='ltr'><strong><em>esto,</em></strong></span> <span class='ocrx_word' id='word_1_373' title='bbox 3051 2137 3288 2202; x_wconf 85' lang='lat' dir='ltr'><strong><em>Domine,</em></strong></span> <span class='ocrx_word' id='word_1_374' title='bbox 3320 2153 3510 2206; x_wconf 88' lang='lat' dir='ltr'><strong><em>oppro-</em></strong></span> <span class='ocrx_word' id='word_1_375' title='bbox 3569 2187 3574 2192; x_wconf 93' lang='lat'>.</span> 
     </span>
    </p>
   </div>
   <div class='ocr_carea' id='block_1_52' title="bbox 1932 2227 3502 2296">
    <p class='ocr_par' dir='ltr' id='par_1_52' title="bbox 1932 2227 3502 2296">
     <span class='ocr_line' id='line_1_52' title="bbox 1932 2227 3502 2296; baseline 0.003 -18"><span class='ocrx_word' id='word_1_376' title='bbox 1932 2227 2033 2280; x_wconf 89' lang='lat' dir='ltr'><strong><em>brii</em></strong></span> <span class='ocrx_word' id='word_1_377' title='bbox 2055 2243 2324 2282; x_wconf 85' lang='lat' dir='ltr'><strong><em>servorum</em></strong></span> <span class='ocrx_word' id='word_1_378' title='bbox 2356 2238 2592 2283; x_wconf 86' lang='lat' dir='ltr'><strong><em>tuorum.</em></strong></span> <span class='ocrx_word' id='word_1_379' title='bbox 2625 2229 2735 2283; x_wconf 88' lang='lat' dir='ltr'><strong><em>Pro</em></strong></span> <span class='ocrx_word' id='word_1_380' title='bbox 2784 2229 2878 2283; x_wconf 92' lang='lat' dir='ltr'><strong><em>illo</em></strong></span> <span class='ocrx_word' id='word_1_381' title='bbox 2907 2239 3110 2295; x_wconf 87' lang='lat' dir='ltr'><strong><em>autem,</em></strong></span> <span class='ocrx_word' id='word_1_382' title='bbox 3144 2229 3296 2296; x_wconf 90' lang='lat' dir='ltr'><strong><em>Quod</em></strong></span> <span class='ocrx_word' id='word_1_383' title='bbox 3342 2231 3502 2283; x_wconf 89' lang='lat' dir='ltr'><strong><em>conti-</em></strong></span> 
     </span>
    </p>
   </div>
   <div class='ocr_carea' id='block_1_53' title="bbox 1931 2320 3542 2391">
    <p class='ocr_par' dir='ltr' id='par_1_53' title="bbox 1931 2320 3542 2391">
     <span class='ocr_line' id='line_1_53' title="bbox 1931 2320 3542 2391; baseline 0.002 -20"><span class='ocrx_word' id='word_1_384' title='bbox 1931 2320 2024 2372; x_wconf 87' lang='lat' dir='ltr'><strong><em>nui</em></strong></span> <span class='ocrx_word' id='word_1_385' title='bbox 2053 2320 2104 2372; x_wconf 88' lang='lat' dir='ltr'><strong><em>in</em></strong></span> <span class='ocrx_word' id='word_1_386' title='bbox 2136 2320 2256 2373; x_wconf 87' lang='lat' dir='ltr'><strong><em>sinu</em></strong></span> <span class='ocrx_word' id='word_1_387' title='bbox 2295 2336 2408 2372; x_wconf 87' lang='lat' dir='ltr'><strong><em>meo</em></strong></span> <span class='ocrx_word' id='word_1_388' title='bbox 2463 2320 2753 2373; x_wconf 88' lang='lat' dir='ltr'><strong><em>multarum</em></strong></span> <span class='ocrx_word' id='word_1_389' title='bbox 2779 2321 3036 2390; x_wconf 83' lang='lat' dir='ltr'><strong><em>gentium,</em></strong></span> <span class='ocrx_word' id='word_1_390' title='bbox 3072 2322 3279 2378; x_wconf 86' lang='lat' dir='ltr'><strong><em>clarius</em></strong></span> <span class='ocrx_word' id='word_1_391' title='bbox 3314 2321 3509 2391; x_wconf 83' lang='lat' dir='ltr'><strong><em>Aquila</em></strong></span> <span class='ocrx_word' id='word_1_392' title='bbox 3537 2361 3542 2366; x_wconf 64' lang='grc' dir='ltr'><strong><em>ι</em></strong></span> 
     </span>
    </p>
   </div>
   <div class='ocr_carea' id='block_1_54' title="bbox 1929 2409 3508 2484">
    <p class='ocr_par' dir='ltr' id='par_1_54' title="bbox 1929 2409 3508 2484">
     <span class='ocr_line' id='line_1_54' title="bbox 1929 2409 3508 2484; baseline 0.004 -22"><span class='ocrx_word' id='word_1_393' title='bbox 1929 2409 2099 2463; x_wconf 87' lang='lat' dir='ltr'><strong><em>edidit</em></strong></span> <span class='ocrx_word' id='word_1_394' title='bbox 2134 2409 2344 2472; x_wconf 90' lang='lat' dir='ltr'><strong><em>dicens,</em></strong></span> <span class='ocrx_word' id='word_1_395' title='bbox 2378 2409 2465 2464; x_wconf 75' lang='lat' dir='ltr'><strong><em>Me</em></strong></span> <span class='ocrx_word' id='word_1_396' title='bbox 2493 2411 2689 2480; x_wconf 72' lang='lat' dir='ltr'><strong><em>ferente</em></strong></span> <span class='ocrx_word' id='word_1_397' title='bbox 2727 2413 2778 2466; x_wconf 89' lang='lat' dir='ltr'><strong><em>in</em></strong></span> <span class='ocrx_word' id='word_1_398' title='bbox 2805 2415 2923 2466; x_wconf 86' lang='lat' dir='ltr'><strong><em>sinu</em></strong></span> <span class='ocrx_word' id='word_1_399' title='bbox 2973 2431 3152 2468; x_wconf 86' lang='lat' dir='ltr'><strong><em>omnes</em></strong></span> <span class='ocrx_word' id='word_1_400' title='bbox 3203 2414 3508 2484; x_wconf 78' lang='lat' dir='ltr'><strong><em>iniquitates</em></strong></span> 
     </span>
    </p>
   </div>
   <div class='ocr_carea' id='block_1_55' title="bbox 1925 2501 3508 2572">
    <p class='ocr_par' dir='ltr' id='par_1_55' title="bbox 1925 2501 3508 2572">
     <span class='ocr_line' id='line_1_55' title="bbox 1925 2501 3508 2572; baseline 0.004 -19"><span class='ocrx_word' id='word_1_401' title='bbox 1925 2501 2281 2569; x_wconf 86' lang='lat' dir='ltr'><strong><em>populorum;</em></strong></span> <span class='ocrx_word' id='word_1_402' title='bbox 2320 2501 2682 2572; x_wconf 86' lang='lat' dir='ltr'><strong><em>Symmachus</em></strong></span> <span class='ocrx_word' id='word_1_403' title='bbox 2729 2513 2933 2567; x_wconf 84' lang='lat' dir='ltr'><strong><em>autem,</em></strong></span> <span class='ocrx_word' id='word_1_404' title='bbox 2985 2505 3109 2559; x_wconf 81' lang='lat' dir='ltr'><strong><em>Tuti</em></strong></span> <span class='ocrx_word' id='word_1_405' title='bbox 3144 2506 3199 2558; x_wconf 88' lang='lat' dir='ltr'><strong><em>in</em></strong></span> <span class='ocrx_word' id='word_1_406' title='bbox 3240 2506 3358 2559; x_wconf 87' lang='lat' dir='ltr'><strong><em>sinu</em></strong></span> <span class='ocrx_word' id='word_1_407' title='bbox 3396 2523 3508 2560; x_wconf 88' lang='lat' dir='ltr'><strong><em>meo</em></strong></span> 
     </span>
    </p>
   </div>
   <div class='ocr_carea' id='block_1_56' title="bbox 1927 2593 3503 2666">
    <p class='ocr_par' dir='ltr' id='par_1_56' title="bbox 1927 2593 3503 2666">
     <span class='ocr_line' id='line_1_56' title="bbox 1927 2593 3503 2666; baseline 0.002 -19"><span class='ocrx_word' id='word_1_408' title='bbox 1927 2597 2162 2648; x_wconf 89' lang='lat' dir='ltr'><strong><em>omnium</em></strong></span> <span class='ocrx_word' id='word_1_409' title='bbox 2194 2595 2451 2665; x_wconf 82' lang='lat' dir='ltr'><strong><em>gentium.</em></strong></span> <span class='ocrx_word' id='word_1_410' title='bbox 2486 2593 2590 2661; x_wconf 84' lang='lat' dir='ltr'><strong><em>Qui</em></strong></span> <span class='ocrx_word' id='word_1_411' title='bbox 2617 2597 2801 2665; x_wconf 86' lang='lat' dir='ltr'><strong><em>itaque</em></strong></span> <span class='ocrx_word' id='word_1_412' title='bbox 2827 2596 3137 2666; x_wconf 83' lang='lat' dir='ltr'><strong><em>opprobriis</em></strong></span> <span class='ocrx_word' id='word_1_413' title='bbox 3171 2595 3503 2661; x_wconf 73' lang='lat' dir='ltr'><strong><em>adiciuntur,</em></strong></span> 
     </span>
    </p>
   </div>
   <div class='ocr_carea' id='block_1_57' title="bbox 1928 2685 3504 2757">
    <p class='ocr_par' dir='ltr' id='par_1_57' title="bbox 1928 2685 3504 2757">
     <span class='ocr_line' id='line_1_57' title="bbox 1928 2685 3504 2757; baseline 0.001 -17"><span class='ocrx_word' id='word_1_414' title='bbox 1928 2687 2070 2740; x_wconf 82' lang='lat' dir='ltr'><strong><em>servi</em></strong></span> <span class='ocrx_word' id='word_1_415' title='bbox 2106 2685 2200 2741; x_wconf 89' lang='lat' dir='ltr'><strong><em>Dei</em></strong></span> <span class='ocrx_word' id='word_1_416' title='bbox 2233 2695 2361 2741; x_wconf 88' lang='lat' dir='ltr'><strong><em>sunt</em></strong></span> <span class='ocrx_word' id='word_1_417' title='bbox 2389 2705 2401 2740; x_wconf 91' lang='lat'>:</span> <span class='ocrx_word' id='word_1_418' title='bbox 2432 2702 2604 2757; x_wconf 88' lang='lat' dir='ltr'><strong><em>quare</em></strong></span> <span class='ocrx_word' id='word_1_419' title='bbox 2624 2686 2860 2750; x_wconf 86' lang='lat' dir='ltr'><strong><em>dicebat,</em></strong></span> <span class='ocrx_word' id='word_1_420' title='bbox 2879 2687 3080 2742; x_wconf 83' lang='lat' dir='ltr'><strong><em>Memor</em></strong></span> <span class='ocrx_word' id='word_1_421' title='bbox 3099 2698 3232 2751; x_wconf 89' lang='lat' dir='ltr'><strong><em>esto,</em></strong></span> <span class='ocrx_word' id='word_1_422' title='bbox 3261 2687 3504 2750; x_wconf 87' lang='lat' dir='ltr'><strong><em>Domine,</em></strong></span> 
     </span>
    </p>
   </div>
   <div class='ocr_carea' id='block_1_58' title="bbox 1928 2778 3506 2850">
    <p class='ocr_par' dir='ltr' id='par_1_58' title="bbox 1928 2778 3506 2850">
     <span class='ocr_line' id='line_1_58' title="bbox 1928 2778 3506 2850; baseline 0 -18"><span class='ocrx_word' id='word_1_423' title='bbox 1928 2778 2195 2846; x_wconf 85' lang='lat' dir='ltr'><strong><em>opprobrii</em></strong></span> <span class='ocrx_word' id='word_1_424' title='bbox 2228 2794 2496 2832; x_wconf 84' lang='lat' dir='ltr'><strong><em>servorum</em></strong></span> <span class='ocrx_word' id='word_1_425' title='bbox 2549 2788 2796 2842; x_wconf 89' lang='lat' dir='ltr'><strong><em>tuorum;</em></strong></span> <span class='ocrx_word' id='word_1_426' title='bbox 2835 2779 2926 2848; x_wconf 90' lang='lat' dir='ltr'><strong><em>qui</em></strong></span> <span class='ocrx_word' id='word_1_427' title='bbox 2979 2786 3161 2834; x_wconf 89' lang='lat' dir='ltr'><strong><em>autem</em></strong></span> <span class='ocrx_word' id='word_1_428' title='bbox 3212 2780 3506 2850; x_wconf 86' lang='lat' dir='ltr'><strong><em>opprobria</em></strong></span> 
     </span>
    </p>
   </div>
   <div class='ocr_carea' id='block_1_59' title="bbox 1928 2868 3508 2940">
    <p class='ocr_par' dir='ltr' id='par_1_59' title="bbox 1928 2868 3508 2940">
     <span class='ocr_line' id='line_1_59' title="bbox 1928 2868 3508 2940; baseline -0.001 -17"><span class='ocrx_word' id='word_1_429' title='bbox 1928 2869 2194 2931; x_wconf 80' lang='lat' dir='ltr'><strong><em>inferunt,</em></strong></span> <span class='ocrx_word' id='word_1_430' title='bbox 2227 2877 2354 2924; x_wconf 91' lang='lat' dir='ltr'><strong><em>sunt</em></strong></span> <span class='ocrx_word' id='word_1_431' title='bbox 2391 2869 2600 2923; x_wconf 90' lang='lat' dir='ltr'><strong><em>inimici</em></strong></span> <span class='ocrx_word' id='word_1_432' title='bbox 2647 2868 2741 2923; x_wconf 90' lang='lat' dir='ltr'><strong><em>Dei</em></strong></span> <span class='ocrx_word' id='word_1_433' title='bbox 2772 2888 2784 2924; x_wconf 92' lang='lat'><strong>:</strong></span> <span class='ocrx_word' id='word_1_434' title='bbox 2821 2869 3176 2939; x_wconf 80' lang='lat' dir='ltr'><strong><em>quamobrem</em></strong></span> <span class='ocrx_word' id='word_1_435' title='bbox 3227 2870 3508 2940; x_wconf 79' lang='lat' dir='ltr'><strong><em>subjungit</em></strong></span> 
     </span>
    </p>
   </div>
   <div class='ocr_carea' id='block_1_60' title="bbox 1927 2959 3504 3030">
    <p class='ocr_par' dir='ltr' id='par_1_60' title="bbox 1927 2959 3504 3030">
     <span class='ocr_line' id='line_1_60' title="bbox 1927 2959 3504 3030; baseline 0.001 -16"><span class='ocrx_word' id='word_1_436' title='bbox 1927 2974 2135 3030; x_wconf 82' lang='lat' dir='ltr'><strong><em>postea,</em></strong></span> <span class='ocrx_word' id='word_1_437' title='bbox 2171 2959 2324 3026; x_wconf 85' lang='lat' dir='ltr'><strong><em>Quod</em></strong></span> <span class='ocrx_word' id='word_1_438' title='bbox 2362 2960 2812 3029; x_wconf 76' lang='lat' dir='ltr'><strong><em>exprobrauerunt</em></strong></span> <span class='ocrx_word' id='word_1_439' title='bbox 2861 2960 3064 3013; x_wconf 88' lang='lat' dir='ltr'><strong><em>inimici</em></strong></span> <span class='ocrx_word' id='word_1_440' title='bbox 3112 2961 3210 3023; x_wconf 90' lang='lat' dir='ltr'><strong><em>tui,</em></strong></span> <span class='ocrx_word' id='word_1_441' title='bbox 3261 2959 3504 3024; x_wconf 88' lang='lat' dir='ltr'><strong><em>Domine,</em></strong></span> 
     </span>
    </p>
   </div>
   <div class='ocr_carea' id='block_1_61' title="bbox 1926 3051 3503 3125">
    <p class='ocr_par' dir='ltr' id='par_1_61' title="bbox 1926 3051 3503 3125">
     <span class='ocr_line' id='line_1_61' title="bbox 1926 3051 3503 3125; baseline -0.001 -18"><span class='ocrx_word' id='word_1_442' title='bbox 1926 3053 2066 3125; x_wconf 84' lang='lat' dir='ltr'><strong><em>quod</em></strong></span> <span class='ocrx_word' id='word_1_443' title='bbox 2113 3053 2562 3121; x_wconf 76' lang='lat' dir='ltr'><strong><em>exprobrauerunt</em></strong></span> <span class='ocrx_word' id='word_1_444' title='bbox 2621 3053 3089 3106; x_wconf 88' lang='lat' dir='ltr'><strong><em>commutationem</em></strong></span> <span class='ocrx_word' id='word_1_445' title='bbox 3143 3051 3347 3106; x_wconf 85' lang='lat' dir='ltr'><strong><em>Christi</em></strong></span> <span class='ocrx_word' id='word_1_446' title='bbox 3407 3055 3503 3106; x_wconf 84' lang='lat' dir='ltr'><strong><em>tui.</em></strong></span> 
     </span>
    </p>
   </div>
   <div class='ocr_carea' id='block_1_62' title="bbox 1927 3143 3505 3213">
    <p class='ocr_par' dir='ltr' id='par_1_62' title="bbox 1927 3143 3505 3213">
     <span class='ocr_line' id='line_1_62' title="bbox 1927 3143 3505 3213; baseline -0.001 -13"><span class='ocrx_word' id='word_1_447' title='bbox 1927 3146 2032 3213; x_wconf 89' lang='lat' dir='ltr'><strong><em>Qui</em></strong></span> <span class='ocrx_word' id='word_1_448' title='bbox 2055 3154 2236 3200; x_wconf 91' lang='lat' dir='ltr'><strong><em>autem</em></strong></span> <span class='ocrx_word' id='word_1_449' title='bbox 2271 3146 2386 3200; x_wconf 67' lang='lat' dir='ltr'><strong><em>haec</em></strong></span> <span class='ocrx_word' id='word_1_450' title='bbox 2427 3144 2537 3199; x_wconf 86' lang='lat' dir='ltr'><strong><em>Deo</em></strong></span> <span class='ocrx_word' id='word_1_451' title='bbox 2569 3144 2723 3208; x_wconf 85' lang='lat' dir='ltr'><strong><em>dicit,</em></strong></span> <span class='ocrx_word' id='word_1_452' title='bbox 2753 3146 2990 3200; x_wconf 88' lang='lat' dir='ltr'><strong><em>salutare</em></strong></span> <span class='ocrx_word' id='word_1_453' title='bbox 3042 3143 3280 3199; x_wconf 88' lang='lat' dir='ltr'><strong><em>Verbum</em></strong></span> <span class='ocrx_word' id='word_1_454' title='bbox 3318 3143 3505 3207; x_wconf 81' lang='lat' dir='ltr'><strong><em>fuerit,</em></strong></span> 
     </span>
    </p>
   </div>
   <div class='ocr_carea' id='block_1_63' title="bbox 1927 3237 3504 3309">
    <p class='ocr_par' dir='ltr' id='par_1_63' title="bbox 1927 3237 3504 3309">
     <span class='ocr_line' id='line_1_63' title="bbox 1927 3237 3504 3309; baseline -0.001 -15"><span class='ocrx_word' id='word_1_455' title='bbox 1927 3239 2075 3309; x_wconf 90' lang='lat' dir='ltr'><strong><em>quod</em></strong></span> <span class='ocrx_word' id='word_1_456' title='bbox 2124 3239 2180 3293; x_wconf 88' lang='lat' dir='ltr'><strong><em>in</em></strong></span> <span class='ocrx_word' id='word_1_457' title='bbox 2231 3238 2354 3294; x_wconf 91' lang='lat' dir='ltr'><strong><em>sinu</em></strong></span> <span class='ocrx_word' id='word_1_458' title='bbox 2430 3255 2531 3294; x_wconf 93' lang='lat' dir='ltr'><strong><em>suo</em></strong></span> <span class='ocrx_word' id='word_1_459' title='bbox 2577 3238 2896 3309; x_wconf 83' lang='lat' dir='ltr'><strong><em>iniquitates</em></strong></span> <span class='ocrx_word' id='word_1_460' title='bbox 2950 3237 3273 3308; x_wconf 85' lang='lat' dir='ltr'><strong><em>populorqu</em></strong></span> <span class='ocrx_word' id='word_1_461' title='bbox 3343 3239 3504 3293; x_wconf 88' lang='lat' dir='ltr'><strong><em>tollit.</em></strong></span> 
     </span>
    </p>
   </div>
   <div class='ocr_carea' id='block_1_64' title="bbox 232 3324 1824 3409">
    <p class='ocr_par' dir='ltr' id='par_1_64' title="bbox 232 3324 1815 3396">
     <span class='ocr_line' id='line_1_64' title="bbox 232 3324 1815 3396; baseline 0.004 -20"><span class='ocrx_word' id='word_1_462' title='bbox 232 3327 264 3376; x_wconf 78' lang='grc' dir='ltr'><strong>ὁ</strong></span> <span class='ocrx_word' id='word_1_463' title='bbox 294 3325 466 3395; x_wconf 84' lang='grc' dir='ltr'>αίρων</span> <span class='ocrx_word' id='word_1_464' title='bbox 496 3327 556 3378; x_wconf 89' lang='grc' dir='ltr'><strong><em>ἐν</em></strong></span> <span class='ocrx_word' id='word_1_465' title='bbox 587 3324 664 3396; x_wconf 81' lang='grc' dir='ltr'><strong><em>τῷ</em></strong></span> <span class='ocrx_word' id='word_1_466' title='bbox 707 3325 902 3380; x_wconf 90' lang='grc' dir='ltr'>ἐαυτοῦ</span> <span class='ocrx_word' id='word_1_467' title='bbox 933 3327 1120 3396; x_wconf 85' lang='grc' dir='ltr'>κόλπῳ</span> <span class='ocrx_word' id='word_1_468' title='bbox 1149 3327 1249 3391; x_wconf 79' lang='grc' dir='ltr'><strong><em>τάς</em></strong></span> <span class='ocrx_word' id='word_1_469' title='bbox 1273 3328 1489 3391; x_wconf 83' lang='grc' dir='ltr'>ἀδικίας</span> <span class='ocrx_word' id='word_1_470' title='bbox 1517 3329 1626 3383; x_wconf 84' lang='grc' dir='ltr'><strong><em>τῶν</em></strong></span> <span class='ocrx_word' id='word_1_471' title='bbox 1655 3329 1815 3383; x_wconf 85' lang='grc' dir='ltr'>λαῶν.</span> 
     </span>
    </p>
   </div>
   <div class='ocr_carea' id='block_1_65' title="bbox 1926 3324 3504 3409">
    <p class='ocr_par' dir='ltr' id='par_1_65' title="bbox 1926 3327 3504 3399">
     <span class='ocr_line' id='line_1_65' title="bbox 1926 3327 3504 3399; baseline -0.003 -15"><span class='ocrx_word' id='word_1_472' title='bbox 1926 3329 2294 3385; x_wconf 88' lang='lat' dir='ltr'><strong><em>Commutatio</em></strong></span> <span class='ocrx_word' id='word_1_473' title='bbox 2324 3339 2504 3383; x_wconf 89' lang='lat' dir='ltr'><strong><em>autem</em></strong></span> <span class='ocrx_word' id='word_1_474' title='bbox 2541 3329 2747 3384; x_wconf 75' lang='lat' dir='ltr'><strong><em>Christi</em></strong></span> <span class='ocrx_word' id='word_1_475' title='bbox 2799 3343 2907 3399; x_wconf 93' lang='lat' dir='ltr'><strong><em>quo</em></strong></span> <span class='ocrx_word' id='word_1_476' title='bbox 2947 3343 3111 3383; x_wconf 62' lang='lat' dir='ltr'><strong><em>svnsu</em></strong></span> <span class='ocrx_word' id='word_1_477' title='bbox 3145 3329 3288 3383; x_wconf 81' lang='lat' dir='ltr'><strong><em>diota</em></strong></span> <span class='ocrx_word' id='word_1_478' title='bbox 3320 3327 3504 3393; x_wconf 80' lang='lat' dir='ltr'><strong><em>fuerit,</em></strong></span> 
     </span>
    </p>
   </div>
   <div class='ocr_carea' id='block_1_66' title="bbox 248 3411 1822 3492">
    <p class='ocr_par' dir='ltr' id='par_1_66' title="bbox 248 3411 1822 3492">
     <span class='ocr_line' id='line_1_66' title="bbox 248 3411 1822 3492; baseline 0.006 -28"><span class='ocrx_word' id='word_1_479' title='bbox 248 3411 632 3484; x_wconf 82' lang='grc' dir='ltr'>Ἀντάλλαγμα</span> <span class='ocrx_word' id='word_1_480' title='bbox 664 3413 722 3467; x_wconf 83' lang='grc' dir='ltr'>δὲ</span> <span class='ocrx_word' id='word_1_481' title='bbox 761 3415 856 3468; x_wconf 85' lang='grc' dir='ltr'><strong><em>τοῦ</em></strong></span> <span class='ocrx_word' id='word_1_482' title='bbox 885 3416 1122 3488; x_wconf 85' lang='grc' dir='ltr'>Χριστοῦ</span> <span class='ocrx_word' id='word_1_483' title='bbox 1157 3418 1304 3482; x_wconf 78' lang='grc' dir='ltr'>ὅπως</span> <span class='ocrx_word' id='word_1_484' title='bbox 1332 3420 1568 3490; x_wconf 74' lang='grc' dir='ltr'>εἴρηται,</span> <span class='ocrx_word' id='word_1_485' title='bbox 1610 3422 1822 3492; x_wconf 77' lang='grc' dir='ltr'>νοήσεις</span> 
     </span>
    </p>
   </div>
   <div class='ocr_carea' id='block_1_67' title="bbox 235 3503 1818 3585">
    <p class='ocr_par' dir='ltr' id='par_1_67' title="bbox 235 3503 1818 3585">
     <span class='ocr_line' id='line_1_67' title="bbox 235 3503 1818 3585; baseline 0.008 -30"><span class='ocrx_word' id='word_1_486' title='bbox 235 3503 348 3556; x_wconf 67' lang='grc' dir='ltr'><strong><em>ἀπὸ</em></strong></span> <span class='ocrx_word' id='word_1_487' title='bbox 394 3505 494 3575; x_wconf 83' lang='grc' dir='ltr'><strong><em>τῆς</em></strong></span> <span class='ocrx_word' id='word_1_488' title='bbox 536 3504 630 3558; x_wconf 89' lang='grc' dir='ltr'><strong><em>τοῦ</em></strong></span> <span class='ocrx_word' id='word_1_489' title='bbox 677 3508 976 3578; x_wconf 87' lang='grc' dir='ltr'>Συμμάχου</span> <span class='ocrx_word' id='word_1_490' title='bbox 1023 3510 1340 3580; x_wconf 81' lang='grc' dir='ltr'>ἑρμηνείας,</span> <span class='ocrx_word' id='word_1_491' title='bbox 1375 3512 1440 3565; x_wconf 87' lang='grc' dir='ltr'>δι’</span> <span class='ocrx_word' id='word_1_492' title='bbox 1487 3507 1553 3584; x_wconf 72' lang='grc' dir='ltr'>ἧς</span> <span class='ocrx_word' id='word_1_493' title='bbox 1586 3515 1818 3585; x_wconf 74' lang='grc' dir='ltr'>εἴρηται,</span> 
     </span>
    </p>
   </div>
   <div class='ocr_carea' id='block_1_68' title="bbox 239 3592 1823 3677">
    <p class='ocr_par' dir='ltr' id='par_1_68' title="bbox 239 3592 1823 3677">
     <span class='ocr_line' id='line_1_68' title="bbox 239 3592 1823 3677; baseline 0.008 -29"><span class='ocrx_word' id='word_1_494' title='bbox 239 3592 326 3651; x_wconf 82' lang='grc' dir='ltr'><strong><em>οὗ</em></strong></span> <span class='ocrx_word' id='word_1_495' title='bbox 360 3596 684 3651; x_wconf 83' lang='grc' dir='ltr'>ὠνείδισαν</span> <span class='ocrx_word' id='word_1_496' title='bbox 714 3600 786 3653; x_wconf 84' lang='grc' dir='ltr'><strong><em>τὰ</em></strong></span> <span class='ocrx_word' id='word_1_497' title='bbox 811 3599 950 3668; x_wconf 83' lang='grc' dir='ltr'>ιχνη</span> <span class='ocrx_word' id='word_1_498' title='bbox 981 3600 1087 3654; x_wconf 91' lang='grc' dir='ltr'><strong><em>τοῦ</em></strong></span> <span class='ocrx_word' id='word_1_499' title='bbox 1110 3602 1368 3669; x_wconf 86' lang='grc' dir='ltr'>Χριστοῦ</span> <span class='ocrx_word' id='word_1_500' title='bbox 1398 3620 1538 3659; x_wconf 91' lang='grc' dir='ltr'>σου.</span> <span class='ocrx_word' id='word_1_501' title='bbox 1568 3605 1678 3676; x_wconf 79' lang='grc' dir='ltr'><strong><em>Τὴν</em></strong></span> <span class='ocrx_word' id='word_1_502' title='bbox 1712 3607 1823 3677; x_wconf 78' lang='grc' dir='ltr'><strong><em>γὰρ</em></strong></span> 
     </span>
    </p>
   </div>
   <div class='ocr_carea' id='block_1_69' title="bbox 237 3687 1821 3764">
    <p class='ocr_par' dir='ltr' id='par_1_69' title="bbox 237 3687 1821 3764">
     <span class='ocr_line' id='line_1_69' title="bbox 237 3687 1821 3764; baseline 0.005 -24"><span class='ocrx_word' id='word_1_503' title='bbox 237 3687 468 3759; x_wconf 82' lang='grc' dir='ltr'>πορείαν</span> <span class='ocrx_word' id='word_1_504' title='bbox 498 3688 590 3742; x_wconf 87' lang='grc' dir='ltr'><strong><em>τοῦ</em></strong></span> <span class='ocrx_word' id='word_1_505' title='bbox 624 3689 860 3761; x_wconf 88' lang='grc' dir='ltr'>Χριστοῦ</span> <span class='ocrx_word' id='word_1_506' title='bbox 904 3690 997 3744; x_wconf 89' lang='grc' dir='ltr'><strong><em>τοῦ</em></strong></span> <span class='ocrx_word' id='word_1_507' title='bbox 1036 3691 1171 3746; x_wconf 88' lang='grc' dir='ltr'>Θεοῦ</span> <span class='ocrx_word' id='word_1_508' title='bbox 1225 3693 1319 3746; x_wconf 77' lang='grc' dir='ltr'><strong><em>καὶ</em></strong></span> <span class='ocrx_word' id='word_1_509' title='bbox 1358 3693 1457 3764; x_wconf 81' lang='grc' dir='ltr'>τὴν</span> <span class='ocrx_word' id='word_1_510' title='bbox 1485 3695 1602 3747; x_wconf 76' lang='grc' dir='ltr'>ὁδὸν</span> <span class='ocrx_word' id='word_1_511' title='bbox 1655 3695 1821 3748; x_wconf 80' lang='grc' dir='ltr'>αὑτοῦ</span> 
     </span>
    </p>
   </div>
   <div class='ocr_carea' id='block_1_70' title="bbox 233 3784 1825 3862">
    <p class='ocr_par' dir='ltr' id='par_1_70' title="bbox 233 3784 1825 3862">
     <span class='ocr_line' id='line_1_70' title="bbox 233 3784 1825 3862; baseline 0.003 -25"><span class='ocrx_word' id='word_1_512' title='bbox 233 3785 336 3855; x_wconf 78' lang='grc' dir='ltr'><strong><em>τὴν</em></strong></span> <span class='ocrx_word' id='word_1_513' title='bbox 368 3784 508 3838; x_wconf 79' lang='grc' dir='ltr'>κατὰ</span> <span class='ocrx_word' id='word_1_514' title='bbox 537 3786 596 3838; x_wconf 79' lang='grc' dir='ltr'>τὸ</span> <span class='ocrx_word' id='word_1_515' title='bbox 629 3785 820 3850; x_wconf 80' lang='grc' dir='ltr'>πάθος,</span> <span class='ocrx_word' id='word_1_516' title='bbox 847 3787 918 3848; x_wconf 75' lang='grc' dir='ltr'><strong><em>τά</em></strong></span> <span class='ocrx_word' id='word_1_517' title='bbox 946 3803 1007 3840; x_wconf 87' lang='grc' dir='ltr'><strong><em>τε</em></strong></span> <span class='ocrx_word' id='word_1_518' title='bbox 1036 3787 1156 3856; x_wconf 75' lang='grc' dir='ltr'>ἴχνη</span> <span class='ocrx_word' id='word_1_519' title='bbox 1191 3787 1292 3856; x_wconf 79' lang='grc' dir='ltr'><strong><em>τῆς</em></strong></span> <span class='ocrx_word' id='word_1_520' title='bbox 1321 3788 1463 3842; x_wconf 84' lang='grc' dir='ltr'><strong><em>κατὰ</em></strong></span> <span class='ocrx_word' id='word_1_521' title='bbox 1492 3790 1585 3842; x_wconf 74' lang='grc' dir='ltr'><strong><em>τὸν</em></strong></span> <span class='ocrx_word' id='word_1_522' title='bbox 1617 3789 1825 3862; x_wconf 81' lang='grc' dir='ltr'>ἀνθρώ-</span> 
     </span>
    </p>
   </div>
   <div class='ocr_carea' id='block_1_71' title="bbox 235 3875 1818 3952">
    <p class='ocr_par' dir='ltr' id='par_1_71' title="bbox 235 3875 1818 3952">
     <span class='ocr_line' id='line_1_71' title="bbox 235 3875 1818 3952; baseline 0.003 -23"><span class='ocrx_word' id='word_1_523' title='bbox 235 3893 392 3929; x_wconf 88' lang='grc' dir='ltr'>πινον</span> <span class='ocrx_word' id='word_1_524' title='bbox 428 3875 540 3946; x_wconf 81' lang='grc' dir='ltr'>βίον</span> <span class='ocrx_word' id='word_1_525' title='bbox 585 3877 918 3948; x_wconf 76' lang='grc' dir='ltr'>οἰκονομίας,</span> <span class='ocrx_word' id='word_1_526' title='bbox 961 3877 1151 3931; x_wconf 87' lang='grc' dir='ltr'>τοῦτον</span> <span class='ocrx_word' id='word_1_527' title='bbox 1196 3877 1416 3950; x_wconf 75' lang='grc' dir='ltr'>ᾐνίξατο</span> <span class='ocrx_word' id='word_1_528' title='bbox 1460 3879 1550 3934; x_wconf 81' lang='grc' dir='ltr'><strong><em>τὸν</em></strong></span> <span class='ocrx_word' id='word_1_529' title='bbox 1597 3881 1818 3952; x_wconf 83' lang='grc' dir='ltr'>τρόπον.</span> 
     </span>
    </p>
   </div>
   <div class='ocr_carea' id='block_1_72' title="bbox 235 3967 1822 4041">
    <p class='ocr_par' dir='ltr' id='par_1_72' title="bbox 235 3967 1822 4041">
     <span class='ocr_line' id='line_1_72' title="bbox 235 3967 1822 4041; baseline 0.001 -21"><span class='ocrx_word' id='word_1_530' title='bbox 235 3967 424 4021; x_wconf 84' lang='grc' dir='ltr'>Ταῦτα</span> <span class='ocrx_word' id='word_1_531' title='bbox 465 3968 575 4040; x_wconf 80' lang='grc' dir='ltr'>γὰρ</span> <span class='ocrx_word' id='word_1_532' title='bbox 604 3969 858 4022; x_wconf 77' lang='grc' dir='ltr'>εἰώθασιν</span> <span class='ocrx_word' id='word_1_533' title='bbox 907 3968 1184 4034; x_wconf 75' lang='grc' dir='ltr'>ὀνειδίζειν</span> <span class='ocrx_word' id='word_1_534' title='bbox 1225 3972 1357 4040; x_wconf 82' lang='grc' dir='ltr'>ἡμῖν</span> <span class='ocrx_word' id='word_1_535' title='bbox 1397 3971 1450 4022; x_wconf 82' lang='lat' dir='ltr'><strong><em>oi</em></strong></span> <span class='ocrx_word' id='word_1_536' title='bbox 1495 3969 1679 4041; x_wconf 83' lang='grc' dir='ltr'>ἐχθροὶ</span> <span class='ocrx_word' id='word_1_537' title='bbox 1727 3969 1822 4022; x_wconf 87' lang='grc' dir='ltr'><strong><em>τοῦ</em></strong></span> 
     </span>
    </p>
   </div>
   <div class='ocr_carea' id='block_1_73' title="bbox 234 4061 1824 4133">
    <p class='ocr_par' dir='ltr' id='par_1_73' title="bbox 234 4061 1824 4133">
     <span class='ocr_line' id='line_1_73' title="bbox 234 4061 1824 4133; baseline 0.003 -23"><span class='ocrx_word' id='word_1_538' title='bbox 234 4061 396 4116; x_wconf 73' lang='grc' dir='ltr'>Θεοῦ.</span> <span class='ocrx_word' id='word_1_539' title='bbox 455 4061 616 4114; x_wconf 73' lang='grc' dir='ltr'>Ἀλλὰ</span> <span class='ocrx_word' id='word_1_540' title='bbox 669 4062 778 4133; x_wconf 80' lang='grc' dir='ltr'>γὰρ</span> <span class='ocrx_word' id='word_1_541' title='bbox 831 4061 907 4126; x_wconf 83' lang='grc' dir='ltr'>ὡς</span> <span class='ocrx_word' id='word_1_542' title='bbox 956 4061 1313 4125; x_wconf 74' lang='grc' dir='ltr'>ἐπακουσθεὶς</span> <span class='ocrx_word' id='word_1_543' title='bbox 1369 4062 1468 4116; x_wconf 80' lang='grc' dir='ltr'>καὶ</span> <span class='ocrx_word' id='word_1_544' title='bbox 1527 4061 1824 4124; x_wconf 81' lang='grc' dir='ltr'>πιστεύσας</span> 
     </span>
    </p>
   </div>
   <div class='ocr_carea' id='block_1_74' title="bbox 233 4148 1823 4227">
    <p class='ocr_par' dir='ltr' id='par_1_74' title="bbox 233 4148 1823 4227">
     <span class='ocr_line' id='line_1_74' title="bbox 233 4148 1823 4227; baseline -0.001 -21"><span class='ocrx_word' id='word_1_545' title='bbox 233 4152 523 4216; x_wconf 77' lang='grc' dir='ltr'>τεύξεσθαι</span> <span class='ocrx_word' id='word_1_546' title='bbox 547 4154 654 4206; x_wconf 84' lang='grc' dir='ltr'>τῶν</span> <span class='ocrx_word' id='word_1_547' title='bbox 686 4153 884 4224; x_wconf 77' lang='grc' dir='ltr'>εὐχῶν,</span> <span class='ocrx_word' id='word_1_548' title='bbox 914 4154 1140 4217; x_wconf 78' lang='grc' dir='ltr'>ἐλπίσας</span> <span class='ocrx_word' id='word_1_549' title='bbox 1182 4170 1240 4206; x_wconf 90' lang='grc' dir='ltr'><strong><em>τε</em></strong></span> <span class='ocrx_word' id='word_1_550' title='bbox 1342 4154 1505 4223; x_wconf 84' lang='grc' dir='ltr'>τάχος</span> <span class='ocrx_word' id='word_1_551' title='bbox 1534 4155 1823 4223; x_wconf 76' lang='grc' dir='ltr'>ἐπιστήσε-</span> 
     </span>
    </p>
   </div>
   <div class='ocr_carea' id='block_1_75' title="bbox 233 4245 1826 4318">
    <p class='ocr_par' dir='ltr' id='par_1_75' title="bbox 233 4245 1826 4318">
     <span class='ocr_line' id='line_1_75' title="bbox 233 4245 1826 4318; baseline 0 -18"><span class='ocrx_word' id='word_1_552' title='bbox 233 4247 366 4300; x_wconf 79' lang='grc' dir='ltr'>σθαι</span> <span class='ocrx_word' id='word_1_553' title='bbox 399 4245 498 4308; x_wconf 76' lang='grc' dir='ltr'><strong><em>τὰς</em></strong></span> <span class='ocrx_word' id='word_1_554' title='bbox 524 4246 660 4318; x_wconf 78' lang='grc' dir='ltr'>πρὸς</span> <span class='ocrx_word' id='word_1_555' title='bbox 683 4246 774 4298; x_wconf 79' lang='grc' dir='ltr'><strong><em>τὸν</em></strong></span> <span class='ocrx_word' id='word_1_556' title='bbox 801 4245 965 4298; x_wconf 80' lang='grc' dir='ltr'>Δαυῒδ</span> <span class='ocrx_word' id='word_1_557' title='bbox 993 4245 1321 4316; x_wconf 83' lang='grc' dir='ltr'>ἐπαγγελίας</span> <span class='ocrx_word' id='word_1_558' title='bbox 1347 4247 1442 4300; x_wconf 89' lang='grc' dir='ltr'><strong><em>τοῦ</em></strong></span> <span class='ocrx_word' id='word_1_559' title='bbox 1472 4247 1628 4310; x_wconf 87' lang='grc' dir='ltr'>Θεοῦ,</span> <span class='ocrx_word' id='word_1_560' title='bbox 1651 4247 1712 4300; x_wconf 83' lang='grc' dir='ltr'>τὸ</span> <span class='ocrx_word' id='word_1_561' title='bbox 1740 4247 1826 4300; x_wconf 72' lang='grc' dir='ltr'><strong><em>τέο</em></strong></span> 
     </span>
    </p>
   </div>
   <div class='ocr_carea' id='block_1_76' title="bbox 231 4333 1826 4404">
    <p class='ocr_par' dir='ltr' id='par_1_76' title="bbox 231 4333 1826 4404">
     <span class='ocr_line' id='line_1_76' title="bbox 231 4333 1826 4404; baseline -0.001 -16"><span class='ocrx_word' id='word_1_562' title='bbox 231 4335 330 4400; x_wconf 80' lang='grc' dir='ltr'><strong><em>λος</em></strong></span> <span class='ocrx_word' id='word_1_563' title='bbox 354 4334 450 4389; x_wconf 87' lang='grc' dir='ltr'><strong><em>τοῦ</em></strong></span> <span class='ocrx_word' id='word_1_564' title='bbox 477 4335 676 4398; x_wconf 81' lang='grc' dir='ltr'>παντὸς</span> <span class='ocrx_word' id='word_1_565' title='bbox 707 4335 866 4402; x_wconf 84' lang='grc' dir='ltr'>λόγου</span> <span class='ocrx_word' id='word_1_566' title='bbox 900 4333 988 4388; x_wconf 76' lang='grc' dir='ltr'>διὰ</span> <span class='ocrx_word' id='word_1_567' title='bbox 1015 4335 1116 4404; x_wconf 82' lang='grc' dir='ltr'>τῆς</span> <span class='ocrx_word' id='word_1_568' title='bbox 1159 4334 1508 4404; x_wconf 83' lang='grc' dir='ltr'>εὐχαριστίας</span> <span class='ocrx_word' id='word_1_569' title='bbox 1538 4335 1633 4386; x_wconf 78' lang='grc' dir='ltr'>καὶ</span> <span class='ocrx_word' id='word_1_570' title='bbox 1675 4333 1826 4386; x_wconf 82' lang='grc' dir='ltr'>εὐλο-</span> 
     </span>
    </p>
   </div>
   <div class='ocr_carea' id='block_1_77' title="bbox 232 4424 1823 4498">
    <p class='ocr_par' dir='ltr' id='par_1_77' title="bbox 232 4424 1823 4498">
     <span class='ocr_line' id='line_1_77' title="bbox 232 4424 1823 4498; baseline -0.003 -17"><span class='ocrx_word' id='word_1_571' title='bbox 232 4429 366 4498; x_wconf 85' lang='grc' dir='ltr'>γίας</span> <span class='ocrx_word' id='word_1_572' title='bbox 395 4425 848 4498; x_wconf 76' lang='grc' dir='ltr'>ἐπισφραγίζεται</span> <span class='ocrx_word' id='word_1_573' title='bbox 878 4425 1079 4494; x_wconf 85' lang='grc' dir='ltr'>λέγων·</span> <span class='ocrx_word' id='word_1_574' title='bbox 1117 4424 1463 4496; x_wconf 79' lang='grc' dir='ltr'>Εὐλογητὸς</span> <span class='ocrx_word' id='word_1_575' title='bbox 1498 4426 1712 4493; x_wconf 76' lang='grc' dir='ltr'>Κύριος</span> <span class='ocrx_word' id='word_1_576' title='bbox 1738 4427 1823 4490; x_wconf 81' lang='grc' dir='ltr'>εις</span> 
     </span>
    </p>
   </div>
   <div class='ocr_carea' id='block_1_78' title="bbox 234 4516 1821 4590">
    <p class='ocr_par' dir='ltr' id='par_1_78' title="bbox 234 4516 1821 4590">
     <span class='ocr_line' id='line_1_78' title="bbox 234 4516 1821 4590; baseline -0.003 -16"><span class='ocrx_word' id='word_1_577' title='bbox 234 4525 349 4574; x_wconf 84' lang='grc' dir='ltr'><strong><em>τὸν</em></strong></span> <span class='ocrx_word' id='word_1_578' title='bbox 377 4518 595 4574; x_wconf 70' lang='grc' dir='ltr'><em>αίῶνασ</em></span> <span class='ocrx_word' id='word_1_579' title='bbox 621 4520 768 4589; x_wconf 83' lang='grc' dir='ltr'>ἡμᾶς</span> <span class='ocrx_word' id='word_1_580' title='bbox 794 4536 853 4571; x_wconf 91' lang='grc' dir='ltr'><strong><em>τε</em></strong></span> <span class='ocrx_word' id='word_1_581' title='bbox 871 4518 1109 4572; x_wconf 84' lang='grc' dir='ltr'>διδάσκει</span> <span class='ocrx_word' id='word_1_582' title='bbox 1139 4518 1578 4590; x_wconf 78' lang='grc' dir='ltr'>προσυπακούειν</span> <span class='ocrx_word' id='word_1_583' title='bbox 1602 4518 1684 4582; x_wconf 84' lang='grc' dir='ltr'><strong><em>τὺ,</em></strong></span> <span class='ocrx_word' id='word_1_584' title='bbox 1716 4516 1821 4570; x_wconf 88' lang='grc' dir='ltr'><strong><em>Γέ-</em></strong></span> 
     </span>
    </p>
   </div>
   <div class='ocr_carea' id='block_1_79' title="bbox 232 4608 1822 4682">
    <p class='ocr_par' dir='ltr' id='par_1_79' title="bbox 232 4608 1822 4682">
     <span class='ocr_line' id='line_1_79' title="bbox 232 4608 1822 4682; baseline -0.001 -17"><span class='ocrx_word' id='word_1_585' title='bbox 232 4627 425 4674; x_wconf 66' lang='lat' dir='ltr'><strong><em>retro,</em></strong></span> <span class='ocrx_word' id='word_1_586' title='bbox 455 4609 706 4679; x_wconf 77' lang='grc' dir='ltr'>γένοιτο,</span> <span class='ocrx_word' id='word_1_587' title='bbox 735 4611 872 4682; x_wconf 84' lang='grc' dir='ltr'>ὅπερ</span> <span class='ocrx_word' id='word_1_588' title='bbox 894 4611 1040 4664; x_wconf 72' lang='grc' dir='ltr'>ἐστὶν</span> <span class='ocrx_word' id='word_1_589' title='bbox 1055 4609 1318 4682; x_wconf 76' lang='grc' dir='ltr'>Ἐεραῖκὴ</span> <span class='ocrx_word' id='word_1_590' title='bbox 1342 4609 1492 4680; x_wconf 79' lang='grc' dir='ltr'>φωνὴ</span> <span class='ocrx_word' id='word_1_591' title='bbox 1509 4610 1606 4680; x_wconf 78' lang='grc' dir='ltr'><strong><em>(Ι),</em></strong></span> <span class='ocrx_word' id='word_1_592' title='bbox 1626 4608 1822 4678; x_wconf 82' lang='grc' dir='ltr'>Ἀμὴν,</span> 
     </span>
    </p>
   </div>
   <div class='ocr_carea' id='block_1_80' title="bbox 232 4699 1822 4773">
    <p class='ocr_par' dir='ltr' id='par_1_80' title="bbox 232 4699 1822 4773">
     <span class='ocr_line' id='line_1_80' title="bbox 232 4699 1822 4773; baseline -0.001 -17"><span class='ocrx_word' id='word_1_593' title='bbox 232 4699 423 4771; x_wconf 80' lang='grc' dir='ltr'>ἀμήν.</span> <span class='ocrx_word' id='word_1_594' title='bbox 471 4701 606 4772; x_wconf 80' lang='grc' dir='ltr'>Περὶ</span> <span class='ocrx_word' id='word_1_595' title='bbox 634 4701 691 4754; x_wconf 80' lang='grc' dir='ltr'>δὲ</span> <span class='ocrx_word' id='word_1_596' title='bbox 731 4701 824 4754; x_wconf 81' lang='grc' dir='ltr'><strong><em>τοῦ</em></strong></span> <span class='ocrx_word' id='word_1_597' title='bbox 870 4701 1260 4773; x_wconf 66' lang='grc' dir='ltr'>διαψάλματος,</span> <span class='ocrx_word' id='word_1_598' title='bbox 1309 4701 1570 4766; x_wconf 84' lang='grc' dir='ltr'>πολλάκις</span> <span class='ocrx_word' id='word_1_599' title='bbox 1621 4700 1822 4772; x_wconf 78' lang='grc' dir='ltr'>μεταξὺ</span> 
     </span>
    </p>
   </div>
   <div class='ocr_carea' id='block_1_81' title="bbox 235 4794 1824 4868">
    <p class='ocr_par' dir='ltr' id='par_1_81' title="bbox 235 4794 1824 4868">
     <span class='ocr_line' id='line_1_81' title="bbox 235 4794 1824 4868; baseline 0.001 -21"><span class='ocrx_word' id='word_1_600' title='bbox 235 4794 788 4866; x_wconf 67' lang='grc' dir='ltr'>παρεμϐεϐλημιένου,</span> <span class='ocrx_word' id='word_1_601' title='bbox 825 4795 996 4848; x_wconf 87' lang='grc' dir='ltr'>ταῦτα</span> <span class='ocrx_word' id='word_1_602' title='bbox 1021 4797 1259 4849; x_wconf 81' lang='grc' dir='ltr'>λεκτέον.</span> <span class='ocrx_word' id='word_1_603' title='bbox 1277 4797 1343 4850; x_wconf 82' lang='grc' dir='ltr'><em>Ἡ</em></span> <span class='ocrx_word' id='word_1_604' title='bbox 1370 4795 1561 4868; x_wconf 83' lang='grc' dir='ltr'>πρώτη</span> <span class='ocrx_word' id='word_1_605' title='bbox 1584 4797 1824 4864; x_wconf 79' lang='grc' dir='ltr'>ἐπαγγε-</span> 
     </span>
    </p>
   </div>
   <div class='ocr_carea' id='block_1_82' title="bbox 234 4886 1822 4960">
    <p class='ocr_par' dir='ltr' id='par_1_82' title="bbox 234 4886 1822 4960">
     <span class='ocr_line' id='line_1_82' title="bbox 234 4886 1822 4960; baseline -0.001 -20"><span class='ocrx_word' id='word_1_606' title='bbox 234 4887 330 4940; x_wconf 83' lang='grc' dir='ltr'><strong><em>λία</em></strong></span> <span class='ocrx_word' id='word_1_607' title='bbox 363 4886 458 4939; x_wconf 87' lang='grc' dir='ltr'><strong><em>τοῦ</em></strong></span> <span class='ocrx_word' id='word_1_608' title='bbox 487 4887 622 4940; x_wconf 89' lang='grc' dir='ltr'>Θεοῦ</span> <span class='ocrx_word' id='word_1_609' title='bbox 661 4889 720 4940; x_wconf 87' lang='grc' dir='ltr'><strong><em>ἐν</em></strong></span> <span class='ocrx_word' id='word_1_610' title='bbox 761 4888 902 4958; x_wconf 81' lang='grc' dir='ltr'>ἀρχῇ</span> <span class='ocrx_word' id='word_1_611' title='bbox 939 4886 1191 4957; x_wconf 84' lang='grc' dir='ltr'>λεχθεῖσα</span> <span class='ocrx_word' id='word_1_612' title='bbox 1232 4893 1497 4960; x_wconf 81' lang='grc' dir='ltr'>περιεῖχε,</span> <span class='ocrx_word' id='word_1_613' title='bbox 1538 4887 1822 4957; x_wconf 79' lang='grc' dir='ltr'>Διεθέμην</span> 
     </span>
    </p>
   </div>
   <div class='ocr_carea' id='block_1_83' title="bbox 234 4978 1820 5050">
    <p class='ocr_par' dir='ltr' id='par_1_83' title="bbox 234 4978 1820 5050">
     <span class='ocr_line' id='line_1_83' title="bbox 234 4978 1820 5050; baseline 0 -18"><span class='ocrx_word' id='word_1_614' title='bbox 234 4979 555 5048; x_wconf 78' lang='grc' dir='ltr'>διαθήκην,</span> <span class='ocrx_word' id='word_1_615' title='bbox 576 4981 691 5043; x_wconf 75' lang='grc' dir='ltr'>καὶ,</span> <span class='ocrx_word' id='word_1_616' title='bbox 715 4982 946 5050; x_wconf 84' lang='grc' dir='ltr'>Ὠμοσα</span> <span class='ocrx_word' id='word_1_617' title='bbox 967 4979 1167 5041; x_wconf 83' lang='grc' dir='ltr'>Δαυτδ,</span> <span class='ocrx_word' id='word_1_618' title='bbox 1196 4981 1291 5034; x_wconf 75' lang='grc' dir='ltr'>καὶ</span> <span class='ocrx_word' id='word_1_619' title='bbox 1320 4980 1391 5033; x_wconf 83' lang='grc' dir='ltr'>τὰ</span> <span class='ocrx_word' id='word_1_620' title='bbox 1419 4981 1566 5050; x_wconf 76' lang='grc' dir='ltr'>ἐξῆςο</span> <span class='ocrx_word' id='word_1_621' title='bbox 1586 4978 1703 5033; x_wconf 69' lang='grc' dir='ltr'>εἶτα</span> <span class='ocrx_word' id='word_1_622' title='bbox 1727 4979 1820 5032; x_wconf 89' lang='grc' dir='ltr'><strong><em>τοῦ</em></strong></span> 
     </span>
    </p>
   </div>
   <div class='ocr_carea' id='block_1_84' title="bbox 233 5070 1821 5144">
    <p class='ocr_par' dir='ltr' id='par_1_84' title="bbox 233 5070 1821 5144">
     <span class='ocr_line' id='line_1_84' title="bbox 233 5070 1821 5144; baseline -0.002 -18"><span class='ocrx_word' id='word_1_623' title='bbox 233 5072 608 5142; x_wconf 73' lang='grc' dir='ltr'>διαψάλματος</span> <span class='ocrx_word' id='word_1_624' title='bbox 658 5071 1077 5144; x_wconf 79' lang='grc' dir='ltr'>παρατεθέντος,</span> <span class='ocrx_word' id='word_1_625' title='bbox 1117 5071 1439 5142; x_wconf 78' lang='grc' dir='ltr'>μεταϐαλὼν</span> <span class='ocrx_word' id='word_1_626' title='bbox 1485 5075 1514 5126; x_wconf 86' lang='grc' dir='ltr'>ὁ</span> <span class='ocrx_word' id='word_1_627' title='bbox 1562 5072 1719 5140; x_wconf 87' lang='grc' dir='ltr'>λόγος</span> <span class='ocrx_word' id='word_1_628' title='bbox 1758 5070 1821 5124; x_wconf 84' lang='grc' dir='ltr'><strong><em>τὸ</em></strong></span> 
     </span>
    </p>
   </div>
   <div class='ocr_carea' id='block_1_85' title="bbox 238 5163 1818 5234">
    <p class='ocr_par' dir='ltr' id='par_1_85' title="bbox 238 5163 1818 5234">
     <span class='ocr_line' id='line_1_85' title="bbox 238 5163 1818 5234; baseline -0.001 -17"><span class='ocrx_word' id='word_1_629' title='bbox 238 5164 549 5234; x_wconf 86' lang='grc' dir='ltr'>πρόσωπον,</span> <span class='ocrx_word' id='word_1_630' title='bbox 579 5164 854 5232; x_wconf 76' lang='grc' dir='ltr'>ἐπιλέγει·</span> <span class='ocrx_word' id='word_1_631' title='bbox 894 5163 1468 5234; x_wconf 75' lang='grc' dir='ltr'>Ἐξομολοτήσονται</span> <span class='ocrx_word' id='word_1_632' title='bbox 1495 5167 1549 5218; x_wconf 81' lang='lat' dir='ltr'><strong><em>ot</em></strong></span> <span class='ocrx_word' id='word_1_633' title='bbox 1574 5164 1818 5232; x_wconf 78' lang='grc' dir='ltr'>οὐρανοὶ</span> 
     </span>
    </p>
   </div>
   <div class='ocr_carea' id='block_1_86' title="bbox 235 5255 1820 5327">
    <p class='ocr_par' dir='ltr' id='par_1_86' title="bbox 235 5255 1820 5327">
     <span class='ocr_line' id='line_1_86' title="bbox 235 5255 1820 5327; baseline 0 -18"><span class='ocrx_word' id='word_1_634' title='bbox 235 5257 314 5310; x_wconf 83' lang='grc' dir='ltr'><em>τὰ</em></span> <span class='ocrx_word' id='word_1_635' title='bbox 350 5255 653 5325; x_wconf 80' lang='grc' dir='ltr'>θαυμάσιά</span> <span class='ocrx_word' id='word_1_636' title='bbox 688 5273 837 5310; x_wconf 87' lang='grc' dir='ltr'>σου·</span> <span class='ocrx_word' id='word_1_637' title='bbox 873 5258 970 5311; x_wconf 72' lang='grc' dir='ltr'>καὶ</span> <span class='ocrx_word' id='word_1_638' title='bbox 1013 5257 1198 5320; x_wconf 84' lang='grc' dir='ltr'>πάλιν,</span> <span class='ocrx_word' id='word_1_639' title='bbox 1246 5256 1579 5326; x_wconf 81' lang='grc' dir='ltr'>ἐπαγγελίας</span> <span class='ocrx_word' id='word_1_640' title='bbox 1611 5257 1820 5327; x_wconf 82' lang='grc' dir='ltr'>λεχθεί-</span> 
     </span>
    </p>
   </div>
   <div class='ocr_carea' id='block_1_87' title="bbox 239 5345 1820 5418">
    <p class='ocr_par' dir='ltr' id='par_1_87' title="bbox 239 5345 1820 5418">
     <span class='ocr_line' id='line_1_87' title="bbox 239 5345 1820 5418; baseline 0.002 -21"><span class='ocrx_word' id='word_1_641' title='bbox 239 5361 344 5415; x_wconf 84' lang='grc' dir='ltr'><strong><em>σης</em></strong></span> <span class='ocrx_word' id='word_1_642' title='bbox 389 5345 456 5398; x_wconf 77' lang='grc' dir='ltr'><strong><em>ἐκ</em></strong></span> <span class='ocrx_word' id='word_1_643' title='bbox 498 5345 787 5418; x_wconf 84' lang='grc' dir='ltr'>προσώπου</span> <span class='ocrx_word' id='word_1_644' title='bbox 832 5347 927 5399; x_wconf 86' lang='grc' dir='ltr'><strong><em>τοῦ</em></strong></span> <span class='ocrx_word' id='word_1_645' title='bbox 957 5346 1094 5400; x_wconf 87' lang='grc' dir='ltr'>Θεοῦ</span> <span class='ocrx_word' id='word_1_646' title='bbox 1140 5348 1240 5417; x_wconf 81' lang='grc' dir='ltr'>τῆς</span> <span class='ocrx_word' id='word_1_647' title='bbox 1280 5348 1388 5400; x_wconf 85' lang='grc' dir='ltr'>ἀπὸ</span> <span class='ocrx_word' id='word_1_648' title='bbox 1418 5347 1536 5410; x_wconf 87' lang='grc' dir='ltr'>τοῦ,</span> <span class='ocrx_word' id='word_1_649' title='bbox 1576 5346 1820 5416; x_wconf 80' lang='grc' dir='ltr'>Ἐθέμην</span> 
     </span>
    </p>
   </div>
   <div class='ocr_carea' id='block_1_88' title="bbox 230 5439 1820 5512">
    <p class='ocr_par' dir='ltr' id='par_1_88' title="bbox 230 5439 1820 5512">
     <span class='ocr_line' id='line_1_88' title="bbox 230 5439 1820 5512; baseline 0 -18"><span class='ocrx_word' id='word_1_650' title='bbox 230 5439 530 5508; x_wconf 80' lang='grc' dir='ltr'>,ϐοήθειαν</span> <span class='ocrx_word' id='word_1_651' title='bbox 556 5440 653 5493; x_wconf 74' lang='grc' dir='ltr'>ἐπὶ</span> <span class='ocrx_word' id='word_1_652' title='bbox 683 5439 965 5504; x_wconf 83' lang='grc' dir='ltr'>δυνατὸν,</span> <span class='ocrx_word' id='word_1_653' title='bbox 994 5440 1155 5512; x_wconf 82' lang='grc' dir='ltr'>μέχρι</span> <span class='ocrx_word' id='word_1_654' title='bbox 1187 5440 1305 5503; x_wconf 85' lang='grc' dir='ltr'>τοῦ,</span> <span class='ocrx_word' id='word_1_655' title='bbox 1346 5441 1446 5494; x_wconf 75' lang='grc' dir='ltr'><strong><em>καὶ</em></strong></span> <span class='ocrx_word' id='word_1_656' title='bbox 1483 5440 1717 5510; x_wconf 81' lang='grc' dir='ltr'>μάρτυς</span> <span class='ocrx_word' id='word_1_657' title='bbox 1750 5441 1820 5494; x_wconf 87' lang='grc' dir='ltr'><strong><em>ἐν</em></strong></span> 
     </span>
    </p>
   </div>
   <div class='ocr_carea' id='block_1_89' title="bbox 237 5533 1820 5605">
    <p class='ocr_par' dir='ltr' id='par_1_89' title="bbox 237 5533 1820 5605">
     <span class='ocr_line' id='line_1_89' title="bbox 237 5533 1820 5605; baseline -0.001 -17"><span class='ocrx_word' id='word_1_658' title='bbox 237 5533 477 5602; x_wconf 63' lang='grc' dir='ltr'><strong><em>οἱφανῷ</em></strong></span> <span class='ocrx_word' id='word_1_659' title='bbox 509 5533 745 5600; x_wconf 76' lang='grc' dir='ltr'>πιστὸς.</span> <span class='ocrx_word' id='word_1_660' title='bbox 785 5535 946 5588; x_wconf 81' lang='grc' dir='ltr'>πάλιν</span> <span class='ocrx_word' id='word_1_661' title='bbox 972 5535 1065 5588; x_wconf 89' lang='grc' dir='ltr'><strong><em>τοῦ</em></strong></span> <span class='ocrx_word' id='word_1_662' title='bbox 1097 5533 1467 5604; x_wconf 72' lang='grc' dir='ltr'>διαψάλματος</span> <span class='ocrx_word' id='word_1_663' title='bbox 1501 5533 1820 5605; x_wconf 77' lang='grc' dir='ltr'>παρεμϐλη-</span> 
     </span>
    </p>
   </div>
   <div class='ocr_carea' id='block_1_90' title="bbox 239 5623 1812 5696">
    <p class='ocr_par' dir='ltr' id='par_1_90' title="bbox 239 5623 1812 5696">
     <span class='ocr_line' id='line_1_90' title="bbox 239 5623 1812 5696; baseline -0.001 -20"><span class='ocrx_word' id='word_1_664' title='bbox 239 5623 447 5687; x_wconf 83' lang='grc' dir='ltr'>θέντος,</span> <span class='ocrx_word' id='word_1_665' title='bbox 493 5623 817 5695; x_wconf 76' lang='grc' dir='ltr'>μεταϐάλλει</span> <span class='ocrx_word' id='word_1_666' title='bbox 852 5625 952 5696; x_wconf 79' lang='grc' dir='ltr'>τὴν</span> <span class='ocrx_word' id='word_1_667' title='bbox 981 5625 1216 5679; x_wconf 85' lang='grc' dir='ltr'>διάνοιαν</span> <span class='ocrx_word' id='word_1_668' title='bbox 1245 5625 1274 5678; x_wconf 80' lang='grc' dir='ltr'>ὁ</span> <span class='ocrx_word' id='word_1_669' title='bbox 1299 5623 1475 5692; x_wconf 89' lang='grc' dir='ltr'>λόγος,</span> <span class='ocrx_word' id='word_1_670' title='bbox 1507 5625 1602 5678; x_wconf 89' lang='grc' dir='ltr'><strong><em>καί</em></strong></span> <span class='ocrx_word' id='word_1_671' title='bbox 1645 5641 1779 5696; x_wconf 84' lang='grc' dir='ltr'>φησι</span> <span class='ocrx_word' id='word_1_672' title='bbox 1799 5640 1812 5653; x_wconf 89' lang='grc'><strong>·</strong></span> 
     </span>
    </p>
   </div>
   <div class='ocr_carea' id='block_1_91' title="bbox 241 5715 1818 5784">
    <p class='ocr_par' dir='ltr' id='par_1_91' title="bbox 241 5715 1818 5784">
     <span class='ocr_line' id='line_1_91' title="bbox 241 5715 1818 5784; baseline -0.002 -13"><span class='ocrx_word' id='word_1_673' title='bbox 241 5718 328 5771; x_wconf 84' lang='grc' dir='ltr'><strong><em>Σὺ</em></strong></span> <span class='ocrx_word' id='word_1_674' title='bbox 375 5716 443 5770; x_wconf 81' lang='grc' dir='ltr'>δὲ</span> <span class='ocrx_word' id='word_1_675' title='bbox 481 5716 702 5772; x_wconf 78' lang='grc' dir='ltr'>ἀπώσω</span> <span class='ocrx_word' id='word_1_676' title='bbox 746 5719 843 5771; x_wconf 79' lang='grc' dir='ltr'><strong><em>καὶ</em></strong></span> <span class='ocrx_word' id='word_1_677' title='bbox 885 5717 1324 5784; x_wconf 77' lang='grc' dir='ltr'>ἐξουδένωσας,</span> <span class='ocrx_word' id='word_1_678' title='bbox 1375 5716 1672 5770; x_wconf 74' lang='grc' dir='ltr'>ἀνεϐάλου</span> <span class='ocrx_word' id='word_1_679' title='bbox 1711 5715 1818 5769; x_wconf 78' lang='grc' dir='ltr'><strong><em>τὸν</em></strong></span> 
     </span>
    </p>
   </div>
   <div class='ocr_carea' id='block_1_92' title="bbox 240 5804 1814 5879">
    <p class='ocr_par' dir='ltr' id='par_1_92' title="bbox 240 5804 1814 5879">
     <span class='ocr_line' id='line_1_92' title="bbox 240 5804 1814 5879; baseline -0.001 -18"><span class='ocrx_word' id='word_1_680' title='bbox 240 5809 501 5876; x_wconf 79' lang='grc' dir='ltr'>Χριστόν</span> <span class='ocrx_word' id='word_1_681' title='bbox 542 5825 678 5863; x_wconf 85' lang='grc' dir='ltr'>σου.</span> <span class='ocrx_word' id='word_1_682' title='bbox 733 5804 887 5872; x_wconf 79' lang='grc' dir='ltr'>Εἶτα,</span> <span class='ocrx_word' id='word_1_683' title='bbox 934 5808 1214 5876; x_wconf 80' lang='grc' dir='ltr'>διεξελθὼν</span> <span class='ocrx_word' id='word_1_684' title='bbox 1257 5808 1326 5863; x_wconf 68' lang='grc' dir='ltr'><strong><em>τὰ</em></strong></span> <span class='ocrx_word' id='word_1_685' title='bbox 1367 5806 1814 5879; x_wconf 84' lang='grc' dir='ltr'>σκυθρωπότερα,</span> 
     </span>
    </p>
   </div>
   <div class='ocr_carea' id='block_1_93' title="bbox 1923 3420 3508 3494">
    <p class='ocr_par' dir='ltr' id='par_1_93' title="bbox 1923 3420 3508 3494">
     <span class='ocr_line' id='line_1_93' title="bbox 1923 3420 3508 3494; baseline -0.001 -19"><span class='ocrx_word' id='word_1_686' title='bbox 1923 3437 1990 3476; x_wconf 85' lang='lat' dir='ltr'><strong><em>ex</em></strong></span> <span class='ocrx_word' id='word_1_687' title='bbox 2027 3421 2338 3494; x_wconf 83' lang='lat' dir='ltr'><strong><em>Symmachi</em></strong></span> <span class='ocrx_word' id='word_1_688' title='bbox 2383 3422 2833 3491; x_wconf 83' lang='lat' dir='ltr'><strong><em>interpretatione</em></strong></span> <span class='ocrx_word' id='word_1_689' title='bbox 2878 3421 3168 3492; x_wconf 81' lang='lat' dir='ltr'><strong><em>intelliges,</em></strong></span> <span class='ocrx_word' id='word_1_690' title='bbox 3220 3435 3326 3490; x_wconf 91' lang='lat' dir='ltr'><strong><em>qua</em></strong></span> <span class='ocrx_word' id='word_1_691' title='bbox 3373 3420 3508 3474; x_wconf 81' lang='lat' dir='ltr'><strong><em>dici-</em></strong></span> 
     </span>
    </p>
   </div>
   <div class='ocr_carea' id='block_1_94' title="bbox 1925 3512 3509 3585">
    <p class='ocr_par' dir='ltr' id='par_1_94' title="bbox 1925 3512 3509 3585">
     <span class='ocr_line' id='line_1_94' title="bbox 1925 3512 3509 3585; baseline -0.001 -17"><span class='ocrx_word' id='word_1_692' title='bbox 1925 3523 2036 3578; x_wconf 86' lang='lat' dir='ltr'><strong><em>tur,</em></strong></span> <span class='ocrx_word' id='word_1_693' title='bbox 2067 3515 2222 3581; x_wconf 85' lang='lat' dir='ltr'><strong><em>Quod</em></strong></span> <span class='ocrx_word' id='word_1_694' title='bbox 2252 3516 2696 3585; x_wconf 73' lang='lat' dir='ltr'><strong><em>exprobrauerunt</em></strong></span> <span class='ocrx_word' id='word_1_695' title='bbox 2729 3515 2942 3582; x_wconf 77' lang='lat' dir='ltr'><strong><em>vestigia</em></strong></span> <span class='ocrx_word' id='word_1_696' title='bbox 2973 3512 3171 3568; x_wconf 80' lang='lat' dir='ltr'><strong><em>Christi</em></strong></span> <span class='ocrx_word' id='word_1_697' title='bbox 3201 3514 3300 3568; x_wconf 87' lang='lat' dir='ltr'><strong><em>tui.</em></strong></span> <span class='ocrx_word' id='word_1_698' title='bbox 3333 3513 3509 3568; x_wconf 80' lang='lat' dir='ltr'><strong><em>Inces-</em></strong></span> 
     </span>
    </p>
   </div>
   <div class='ocr_carea' id='block_1_95' title="bbox 1926 3605 3503 3674">
    <p class='ocr_par' dir='ltr' id='par_1_95' title="bbox 1926 3605 3503 3674">
     <span class='ocr_line' id='line_1_95' title="bbox 1926 3605 3503 3674; baseline -0.002 -14"><span class='ocrx_word' id='word_1_699' title='bbox 1926 3621 2047 3660; x_wconf 90' lang='lat' dir='ltr'><strong><em>sum</em></strong></span> <span class='ocrx_word' id='word_1_700' title='bbox 2093 3607 2236 3660; x_wconf 89' lang='lat' dir='ltr'><strong><em>enim</em></strong></span> <span class='ocrx_word' id='word_1_701' title='bbox 2291 3607 2498 3661; x_wconf 88' lang='lat' dir='ltr'><strong><em>Christi</em></strong></span> <span class='ocrx_word' id='word_1_702' title='bbox 2536 3605 2628 3660; x_wconf 87' lang='lat' dir='ltr'><strong><em>Dei</em></strong></span> <span class='ocrx_word' id='word_1_703' title='bbox 2675 3614 2728 3660; x_wconf 88' lang='lat' dir='ltr'><strong><em>et</em></strong></span> <span class='ocrx_word' id='word_1_704' title='bbox 2771 3606 2914 3660; x_wconf 87' lang='lat' dir='ltr'><strong><em>viam</em></strong></span> <span class='ocrx_word' id='word_1_705' title='bbox 2955 3606 3075 3674; x_wconf 87' lang='lat' dir='ltr'><strong><em>ejus</em></strong></span> <span class='ocrx_word' id='word_1_706' title='bbox 3114 3605 3169 3659; x_wconf 91' lang='lat' dir='ltr'><strong><em>in</em></strong></span> <span class='ocrx_word' id='word_1_707' title='bbox 3224 3605 3503 3674; x_wconf 87' lang='lat' dir='ltr'><strong><em>passione,</em></strong></span> 
     </span>
    </p>
   </div>
   <div class='ocr_carea' id='block_1_96' title="bbox 1926 3691 3507 3768">
    <p class='ocr_par' dir='ltr' id='par_1_96' title="bbox 1926 3691 3507 3768">
     <span class='ocr_line' id='line_1_96' title="bbox 1926 3691 3507 3768; baseline 0.001 -17"><span class='ocrx_word' id='word_1_708' title='bbox 1926 3697 2155 3768; x_wconf 81' lang='lat' dir='ltr'><strong><em>vestigia</em></strong></span> <span class='ocrx_word' id='word_1_709' title='bbox 2197 3699 2326 3753; x_wconf 87' lang='lat' dir='ltr'><strong><em>item</em></strong></span> <span class='ocrx_word' id='word_1_710' title='bbox 2361 3698 2414 3752; x_wconf 91' lang='lat' dir='ltr'><strong><em>in</em></strong></span> <span class='ocrx_word' id='word_1_711' title='bbox 2440 3699 2692 3752; x_wconf 71' lang='lat' dir='ltr'><strong><em>humana:</em></strong></span> <span class='ocrx_word' id='word_1_712' title='bbox 2719 3699 2844 3752; x_wconf 64' lang='lat' dir='ltr'><strong><em>vitae</em></strong></span> <span class='ocrx_word' id='word_1_713' title='bbox 2899 3712 3011 3752; x_wconf 76' lang='lat' dir='ltr'><strong><em>sua:</em></strong></span> <span class='ocrx_word' id='word_1_714' title='bbox 3045 3698 3372 3761; x_wconf 57' lang='lat' dir='ltr'><strong><em>oeconomia,</em></strong></span> <span class='ocrx_word' id='word_1_715' title='bbox 3399 3691 3507 3752; x_wconf 78' lang='lat' dir='ltr'><strong><em>hac</em></strong></span> 
     </span>
    </p>
   </div>
   <div class='ocr_carea' id='block_1_97' title="bbox 1925 3789 3509 3859">
    <p class='ocr_par' dir='ltr' id='par_1_97' title="bbox 1925 3789 3509 3859">
     <span class='ocr_line' id='line_1_97' title="bbox 1925 3789 3509 3859; baseline 0.001 -15"><span class='ocrx_word' id='word_1_716' title='bbox 1925 3792 2138 3846; x_wconf 84' lang='lat' dir='ltr'><strong><em>ratione</em></strong></span> <span class='ocrx_word' id='word_1_717' title='bbox 2174 3791 2563 3846; x_wconf 78' lang='lat' dir='ltr'><strong><em>subindicavit.</em></strong></span> <span class='ocrx_word' id='word_1_718' title='bbox 2609 3789 2733 3844; x_wconf 63' lang='lat' dir='ltr'><strong><em>Haec</em></strong></span> <span class='ocrx_word' id='word_1_719' title='bbox 2783 3790 2929 3844; x_wconf 91' lang='lat' dir='ltr'><strong><em>enim</em></strong></span> <span class='ocrx_word' id='word_1_720' title='bbox 2972 3790 3306 3859; x_wconf 83' lang='lat' dir='ltr'><strong><em>exprobrare</em></strong></span> <span class='ocrx_word' id='word_1_721' title='bbox 3349 3789 3509 3846; x_wconf 83' lang='lat' dir='ltr'><strong><em>nobis</em></strong></span> 
     </span>
    </p>
   </div>
   <div class='ocr_carea' id='block_1_98' title="bbox 1926 3877 3505 3949">
    <p class='ocr_par' dir='ltr' id='par_1_98' title="bbox 1926 3877 3505 3949">
     <span class='ocr_line' id='line_1_98' title="bbox 1926 3877 3505 3949; baseline -0.001 -16"><span class='ocrx_word' id='word_1_722' title='bbox 1926 3879 2104 3934; x_wconf 89' lang='lat' dir='ltr'><strong><em>solent</em></strong></span> <span class='ocrx_word' id='word_1_723' title='bbox 2137 3879 2343 3932; x_wconf 91' lang='lat' dir='ltr'><strong><em>inimici</em></strong></span> <span class='ocrx_word' id='word_1_724' title='bbox 2376 3878 2491 3934; x_wconf 89' lang='lat' dir='ltr'><strong><em>Dei.</em></strong></span> <span class='ocrx_word' id='word_1_725' title='bbox 2517 3877 2718 3932; x_wconf 83' lang='lat' dir='ltr'><strong><em>Verum</em></strong></span> <span class='ocrx_word' id='word_1_726' title='bbox 2755 3880 2842 3933; x_wconf 89' lang='lat' dir='ltr'><strong><em>ille</em></strong></span> <span class='ocrx_word' id='word_1_727' title='bbox 2867 3879 3023 3949; x_wconf 88' lang='lat' dir='ltr'><strong><em>quasi</em></strong></span> <span class='ocrx_word' id='word_1_728' title='bbox 3047 3878 3355 3942; x_wconf 80' lang='lat' dir='ltr'><strong><em>exauditus,</em></strong></span> <span class='ocrx_word' id='word_1_729' title='bbox 3389 3893 3505 3933; x_wconf 90' lang='lat' dir='ltr'><strong><em>cer-</em></strong></span> 
     </span>
    </p>
   </div>
   <div class='ocr_carea' id='block_1_99' title="bbox 1927 3980 3505 4041">
    <p class='ocr_par' dir='ltr' id='par_1_99' title="bbox 1927 3980 3505 4041">
     <span class='ocr_line' id='line_1_99' title="bbox 1927 3980 3505 4041; baseline -0.001 -17"><span class='ocrx_word' id='word_1_730' title='bbox 1927 3980 2126 4041; x_wconf 88' lang='lat' dir='ltr'><strong><em>tusque</em></strong></span> <span class='ocrx_word' id='word_1_731' title='bbox 2185 3987 2245 4027; x_wconf 88' lang='lat' dir='ltr'><strong><em>se</em></strong></span> <span class='ocrx_word' id='word_1_732' title='bbox 2298 3980 2421 4024; x_wconf 71' lang='lat' dir='ltr'><strong><em>vota</em></strong></span> <span class='ocrx_word' id='word_1_733' title='bbox 2470 3980 2920 4036; x_wconf 82' lang='lat' dir='ltr'><strong><em>consecuturum,</em></strong></span> <span class='ocrx_word' id='word_1_734' title='bbox 2967 3985 3030 4023; x_wconf 91' lang='lat' dir='ltr'><strong><em>ac</em></strong></span> <span class='ocrx_word' id='word_1_735' title='bbox 3064 3985 3292 4039; x_wconf 86' lang='lat' dir='ltr'><strong><em>sperans</em></strong></span> <span class='ocrx_word' id='word_1_736' title='bbox 3342 3985 3505 4040; x_wconf 88' lang='lat' dir='ltr'><strong><em>quam</em></strong></span> 
     </span>
    </p>
   </div>
   <div class='ocr_carea' id='block_1_100' title="bbox 1927 4059 3507 4132">
    <p class='ocr_par' dir='ltr' id='par_1_100' title="bbox 1927 4059 3507 4132">
     <span class='ocr_line' id='line_1_100' title="bbox 1927 4059 3507 4132; baseline -0.001 -18"><span class='ocrx_word' id='word_1_737' title='bbox 1927 4061 2163 4132; x_wconf 90' lang='lat' dir='ltr'><strong><em>primum</em></strong></span> <span class='ocrx_word' id='word_1_738' title='bbox 2191 4061 2494 4131; x_wconf 86' lang='lat' dir='ltr'><strong><em>implendas</em></strong></span> <span class='ocrx_word' id='word_1_739' title='bbox 2520 4076 2642 4116; x_wconf 91' lang='lat' dir='ltr'><strong><em>esse</em></strong></span> <span class='ocrx_word' id='word_1_740' title='bbox 2665 4059 2758 4114; x_wconf 86' lang='lat' dir='ltr'><strong><em>Dei</em></strong></span> <span class='ocrx_word' id='word_1_741' title='bbox 2793 4061 2858 4115; x_wconf 87' lang='lat' dir='ltr'><strong><em>ad</em></strong></span> <span class='ocrx_word' id='word_1_742' title='bbox 2883 4059 3138 4116; x_wconf 82' lang='lat' dir='ltr'><strong><em>Davidem</em></strong></span> <span class='ocrx_word' id='word_1_743' title='bbox 3176 4059 3352 4116; x_wconf 84' lang='lat' dir='ltr'><strong><em>factas</em></strong></span> <span class='ocrx_word' id='word_1_744' title='bbox 3379 4075 3507 4131; x_wconf 89' lang='lat' dir='ltr'><strong><em>pro-</em></strong></span> 
     </span>
    </p>
   </div>
   <div class='ocr_carea' id='block_1_101' title="bbox 1926 4153 3508 4223">
    <p class='ocr_par' dir='ltr' id='par_1_101' title="bbox 1926 4153 3508 4223">
     <span class='ocr_line' id='line_1_101' title="bbox 1926 4153 3508 4223; baseline -0.003 -15"><span class='ocrx_word' id='word_1_745' title='bbox 1926 4154 2241 4218; x_wconf 89' lang='lat' dir='ltr'><strong><em>missiones,</em></strong></span> <span class='ocrx_word' id='word_1_746' title='bbox 2261 4154 2535 4209; x_wconf 89' lang='lat' dir='ltr'><strong><em>sermonis</em></strong></span> <span class='ocrx_word' id='word_1_747' title='bbox 2567 4155 2738 4209; x_wconf 82' lang='lat' dir='ltr'><strong><em>totius</em></strong></span> <span class='ocrx_word' id='word_1_748' title='bbox 2771 4154 2930 4208; x_wconf 82' lang='lat' dir='ltr'><strong><em>tinem</em></strong></span> <span class='ocrx_word' id='word_1_749' title='bbox 2962 4155 3261 4223; x_wconf 83' lang='lat' dir='ltr'><strong><em>gratiarum</em></strong></span> <span class='ocrx_word' id='word_1_750' title='bbox 3293 4153 3508 4207; x_wconf 75' lang='lat' dir='ltr'><strong><em>actione</em></strong></span> 
     </span>
    </p>
   </div>
   <div class='ocr_carea' id='block_1_102' title="bbox 1923 4245 3508 4318">
    <p class='ocr_par' dir='ltr' id='par_1_102' title="bbox 1923 4245 3508 4318">
     <span class='ocr_line' id='line_1_102' title="bbox 1923 4245 3508 4318; baseline -0.003 -15"><span class='ocrx_word' id='word_1_751' title='bbox 1923 4256 1981 4303; x_wconf 85' lang='lat' dir='ltr'><strong><em>et</em></strong></span> <span class='ocrx_word' id='word_1_752' title='bbox 2007 4245 2389 4302; x_wconf 86' lang='lat' dir='ltr'><strong><em>benedictione</em></strong></span> <span class='ocrx_word' id='word_1_753' title='bbox 2422 4247 2676 4318; x_wconf 87' lang='lat' dir='ltr'><strong><em>obsignat</em></strong></span> <span class='ocrx_word' id='word_1_754' title='bbox 2708 4247 2922 4309; x_wconf 88' lang='lat' dir='ltr'><strong><em>dicens,</em></strong></span> <span class='ocrx_word' id='word_1_755' title='bbox 2961 4245 3279 4300; x_wconf 85' lang='lat' dir='ltr'><strong><em>Benedictus</em></strong></span> <span class='ocrx_word' id='word_1_756' title='bbox 3323 4245 3508 4298; x_wconf 88' lang='lat' dir='ltr'><strong><em>Domi-</em></strong></span> 
     </span>
    </p>
   </div>
   <div class='ocr_carea' id='block_1_103' title="bbox 1926 4338 3502 4410">
    <p class='ocr_par' dir='ltr' id='par_1_103' title="bbox 1926 4338 3502 4410">
     <span class='ocr_line' id='line_1_103' title="bbox 1926 4338 3502 4410; baseline -0.001 -16"><span class='ocrx_word' id='word_1_757' title='bbox 1926 4356 2024 4394; x_wconf 86' lang='lat' dir='ltr'><strong><em>nus</em></strong></span> <span class='ocrx_word' id='word_1_758' title='bbox 2047 4341 2101 4393; x_wconf 84' lang='lat' dir='ltr'><strong><em>in</em></strong></span> <span class='ocrx_word' id='word_1_759' title='bbox 2127 4349 2382 4394; x_wconf 78' lang='lat' dir='ltr'><strong><em>wternum</em></strong></span> <span class='ocrx_word' id='word_1_760' title='bbox 2400 4355 2418 4392; x_wconf 93' lang='lat'><em>:</em></span> <span class='ocrx_word' id='word_1_761' title='bbox 2439 4356 2650 4410; x_wconf 90' lang='lat' dir='ltr'><strong><em>nosque</em></strong></span> <span class='ocrx_word' id='word_1_762' title='bbox 2667 4340 2860 4394; x_wconf 84' lang='lat' dir='ltr'><strong><em>educet</em></strong></span> <span class='ocrx_word' id='word_1_763' title='bbox 2890 4338 3328 4410; x_wconf 88' lang='lat' dir='ltr'><strong><em>respondendum</em></strong></span> <span class='ocrx_word' id='word_1_764' title='bbox 3358 4353 3502 4400; x_wconf 90' lang='lat' dir='ltr'><strong><em>esse,</em></strong></span> 
     </span>
    </p>
   </div>
   <div class='ocr_carea' id='block_1_104' title="bbox 1926 4430 3502 4502">
    <p class='ocr_par' dir='ltr' id='par_1_104' title="bbox 1926 4430 3502 4502">
     <span class='ocr_line' id='line_1_104' title="bbox 1926 4430 3502 4502; baseline 0 -18"><span class='ocrx_word' id='word_1_765' title='bbox 1926 4430 2080 4496; x_wconf 88' lang='lat' dir='ltr'><strong><em>Fiat,</em></strong></span> <span class='ocrx_word' id='word_1_766' title='bbox 2117 4433 2236 4502; x_wconf 79' lang='lat' dir='ltr'><strong><em>ﬁat,</em></strong></span> <span class='ocrx_word' id='word_1_767' title='bbox 2267 4431 2412 4502; x_wconf 90' lang='lat' dir='ltr'><strong><em>quod</em></strong></span> <span class='ocrx_word' id='word_1_768' title='bbox 2445 4430 2711 4486; x_wconf 82' lang='lat' dir='ltr'><strong><em>llebraica</em></strong></span> <span class='ocrx_word' id='word_1_769' title='bbox 2767 4446 2899 4486; x_wconf 83' lang='lat' dir='ltr'><strong><em>voce</em></strong></span> <span class='ocrx_word' id='word_1_770' title='bbox 2949 4439 3053 4495; x_wconf 91' lang='lat' dir='ltr'><strong><em>est,</em></strong></span> <span class='ocrx_word' id='word_1_771' title='bbox 3089 4430 3276 4495; x_wconf 79' lang='lat' dir='ltr'><strong><em>Amen,</em></strong></span> <span class='ocrx_word' id='word_1_772' title='bbox 3331 4447 3502 4484; x_wconf 87' lang='lat' dir='ltr'><strong><em>amen.</em></strong></span> 
     </span>
    </p>
   </div>
   <div class='ocr_carea' id='block_1_105' title="bbox 1927 4521 3505 4593">
    <p class='ocr_par' dir='ltr' id='par_1_105' title="bbox 1927 4521 3505 4593">
     <span class='ocr_line' id='line_1_105' title="bbox 1927 4521 3505 4593; baseline -0.001 -16"><span class='ocrx_word' id='word_1_773' title='bbox 1927 4523 2004 4580; x_wconf 82' lang='lat' dir='ltr'><strong><em>De</em></strong></span> <span class='ocrx_word' id='word_1_774' title='bbox 2035 4523 2392 4593; x_wconf 87' lang='lat' dir='ltr'><strong><em>diapsalmate</em></strong></span> <span class='ocrx_word' id='word_1_775' title='bbox 2432 4539 2558 4577; x_wconf 76' lang='lat' dir='ltr'><strong><em>vero</em></strong></span> <span class='ocrx_word' id='word_1_776' title='bbox 2581 4521 2724 4592; x_wconf 87' lang='lat' dir='ltr'><strong><em>quod</em></strong></span> <span class='ocrx_word' id='word_1_777' title='bbox 2745 4523 3065 4592; x_wconf 89' lang='lat' dir='ltr'><strong><em>plerumque</em></strong></span> <span class='ocrx_word' id='word_1_778' title='bbox 3087 4521 3372 4585; x_wconf 78' lang='lat' dir='ltr'><strong><em>inseritur,</em></strong></span> <span class='ocrx_word' id='word_1_779' title='bbox 3391 4521 3505 4576; x_wconf 62' lang='lat' dir='ltr'><strong><em>hac</em></strong></span> 
     </span>
    </p>
   </div>
   <div class='ocr_carea' id='block_1_106' title="bbox 1927 4611 3504 4681">
    <p class='ocr_par' dir='ltr' id='par_1_106' title="bbox 1927 4611 3504 4681">
     <span class='ocr_line' id='line_1_106' title="bbox 1927 4611 3504 4681; baseline -0.003 -13"><span class='ocrx_word' id='word_1_780' title='bbox 1927 4613 2158 4669; x_wconf 86' lang='lat' dir='ltr'><strong><em>dicenda</em></strong></span> <span class='ocrx_word' id='word_1_781' title='bbox 2189 4622 2338 4668; x_wconf 88' lang='lat' dir='ltr'><strong><em>sunt.</em></strong></span> <span class='ocrx_word' id='word_1_782' title='bbox 2364 4611 2546 4666; x_wconf 86' lang='lat' dir='ltr'><strong><em>Prima</em></strong></span> <span class='ocrx_word' id='word_1_783' title='bbox 2579 4611 2673 4666; x_wconf 90' lang='lat' dir='ltr'><strong><em>Dei</em></strong></span> <span class='ocrx_word' id='word_1_784' title='bbox 2727 4611 3022 4681; x_wconf 90' lang='lat' dir='ltr'><strong><em>promissio</em></strong></span> <span class='ocrx_word' id='word_1_785' title='bbox 3073 4611 3232 4665; x_wconf 91' lang='lat' dir='ltr'><strong><em>initio</em></strong></span> <span class='ocrx_word' id='word_1_786' title='bbox 3271 4612 3504 4680; x_wconf 90' lang='lat' dir='ltr'><strong><em>prolata,</em></strong></span> 
     </span>
    </p>
   </div>
   <div class='ocr_carea' id='block_1_107' title="bbox 1860 4692 3504 4773">
    <p class='ocr_par' dir='ltr' id='par_1_107' title="bbox 1860 4692 3504 4773">
     <span class='ocr_line' id='line_1_107' title="bbox 1860 4692 3504 4773; baseline -0.001 -16"><span class='ocrx_word' id='word_1_787' title='bbox 1860 4692 1900 4746; x_wconf 75' lang='grc' dir='ltr'><strong>Ι)</strong></span> <span class='ocrx_word' id='word_1_788' title='bbox 1928 4713 2067 4767; x_wconf 87' lang='lat' dir='ltr'><strong><em>erat,</em></strong></span> <span class='ocrx_word' id='word_1_789' title='bbox 2095 4702 2348 4773; x_wconf 81' lang='lat' dir='ltr'><strong><em>Disposui</em></strong></span> <span class='ocrx_word' id='word_1_790' title='bbox 2369 4711 2756 4763; x_wconf 79' lang='lat' dir='ltr'><strong><em>testamentum,</em></strong></span> <span class='ocrx_word' id='word_1_791' title='bbox 2781 4709 2855 4763; x_wconf 87' lang='lat' dir='ltr'><strong><em>et,</em></strong></span> <span class='ocrx_word' id='word_1_792' title='bbox 2876 4699 3068 4754; x_wconf 82' lang='lat' dir='ltr'><strong><em>Juravi</em></strong></span> <span class='ocrx_word' id='word_1_793' title='bbox 3097 4699 3293 4764; x_wconf 83' lang='lat' dir='ltr'><strong><em>David,</em></strong></span> <span class='ocrx_word' id='word_1_794' title='bbox 3321 4707 3376 4754; x_wconf 88' lang='lat' dir='ltr'><strong><em>et</em></strong></span> <span class='ocrx_word' id='word_1_795' title='bbox 3404 4716 3504 4755; x_wconf 70' lang='lat' dir='ltr'><strong><em>ra:-</em></strong></span> 
     </span>
    </p>
   </div>
   <div class='ocr_carea' id='block_1_108' title="bbox 1927 4790 3505 4862">
    <p class='ocr_par' dir='ltr' id='par_1_108' title="bbox 1927 4790 3505 4862">
     <span class='ocr_line' id='line_1_108' title="bbox 1927 4790 3505 4862; baseline -0.001 -16"><span class='ocrx_word' id='word_1_796' title='bbox 1927 4803 2063 4848; x_wconf 88' lang='lat' dir='ltr'><strong><em>tera.</em></strong></span> <span class='ocrx_word' id='word_1_797' title='bbox 2096 4793 2320 4858; x_wconf 87' lang='lat' dir='ltr'><strong><em>Deinde,</em></strong></span> <span class='ocrx_word' id='word_1_798' title='bbox 2345 4792 2594 4862; x_wconf 87' lang='lat' dir='ltr'><strong><em>apposito</em></strong></span> <span class='ocrx_word' id='word_1_799' title='bbox 2619 4790 2997 4860; x_wconf 87' lang='lat' dir='ltr'><strong><em>diapsalmate,</em></strong></span> <span class='ocrx_word' id='word_1_800' title='bbox 3030 4797 3237 4845; x_wconf 88' lang='lat' dir='ltr'><strong><em>mutata</em></strong></span> <span class='ocrx_word' id='word_1_801' title='bbox 3273 4805 3505 4859; x_wconf 85' lang='lat' dir='ltr'><strong><em>persona</em></strong></span> 
     </span>
    </p>
   </div>
   <div class='ocr_carea' id='block_1_109' title="bbox 1927 4881 3507 4956">
    <p class='ocr_par' dir='ltr' id='par_1_109' title="bbox 1927 4881 3507 4956">
     <span class='ocr_line' id='line_1_109' title="bbox 1927 4881 3507 4956; baseline -0.004 -14"><span class='ocrx_word' id='word_1_802' title='bbox 1927 4886 2296 4956; x_wconf 83' lang='lat' dir='ltr'><strong><em>subjungitur,</em></strong></span> <span class='ocrx_word' id='word_1_803' title='bbox 2335 4883 2741 4953; x_wconf 76' lang='lat' dir='ltr'><strong><em>Conﬁtebuntur</em></strong></span> <span class='ocrx_word' id='word_1_804' title='bbox 2781 4881 2896 4934; x_wconf 68' lang='lat' dir='ltr'><strong><em>caeli</em></strong></span> <span class='ocrx_word' id='word_1_805' title='bbox 2933 4881 3204 4936; x_wconf 85' lang='lat' dir='ltr'><strong><em>mirabilia</em></strong></span> <span class='ocrx_word' id='word_1_806' title='bbox 3247 4891 3342 4935; x_wconf 88' lang='lat' dir='ltr'><strong><em>tua</em></strong></span> <span class='ocrx_word' id='word_1_807' title='bbox 3389 4897 3404 4937; x_wconf 89' lang='lat'><em>:</em></span> <span class='ocrx_word' id='word_1_808' title='bbox 3439 4896 3507 4936; x_wconf 77' lang='lat' dir='ltr'><strong><em>ac</em></strong></span> 
     </span>
    </p>
   </div>
   <div class='ocr_carea' id='block_1_110' title="bbox 1933 4974 3506 5050">
    <p class='ocr_par' dir='ltr' id='par_1_110' title="bbox 1933 4974 3506 5050">
     <span class='ocr_line' id='line_1_110' title="bbox 1933 4974 3506 5050; baseline -0.004 -15"><span class='ocrx_word' id='word_1_809' title='bbox 1933 4995 2177 5042; x_wconf 88' lang='lat' dir='ltr'><strong><em>rursum,</em></strong></span> <span class='ocrx_word' id='word_1_810' title='bbox 2225 4979 2591 5050; x_wconf 89' lang='lat' dir='ltr'><strong><em>promissione</em></strong></span> <span class='ocrx_word' id='word_1_811' title='bbox 2623 4993 2689 5031; x_wconf 85' lang='lat' dir='ltr'><strong><em>ex</em></strong></span> <span class='ocrx_word' id='word_1_812' title='bbox 2725 4991 2958 5045; x_wconf 76' lang='lat' dir='ltr'><strong><em>persona</em></strong></span> <span class='ocrx_word' id='word_1_813' title='bbox 2993 4974 3086 5030; x_wconf 90' lang='lat' dir='ltr'><strong><em>Dei</em></strong></span> <span class='ocrx_word' id='word_1_814' title='bbox 3123 4974 3287 5040; x_wconf 79' lang='lat' dir='ltr'><strong><em>facta,</em></strong></span> <span class='ocrx_word' id='word_1_815' title='bbox 3320 4974 3506 5030; x_wconf 84' lang='lat' dir='ltr'><strong><em>abhis</em></strong></span> 
     </span>
    </p>
   </div>
   <div class='ocr_carea' id='block_1_111' title="bbox 1925 5066 3503 5140">
    <p class='ocr_par' dir='ltr' id='par_1_111' title="bbox 1925 5066 3503 5140">
     <span class='ocr_line' id='line_1_111' title="bbox 1925 5066 3503 5140; baseline -0.003 -14"><span class='ocrx_word' id='word_1_816' title='bbox 1925 5071 2128 5137; x_wconf 78' lang='lat' dir='ltr'><strong><em>verbis,</em></strong></span> <span class='ocrx_word' id='word_1_817' title='bbox 2156 5070 2323 5125; x_wconf 84' lang='lat' dir='ltr'><strong><em>Posui</em></strong></span> <span class='ocrx_word' id='word_1_818' title='bbox 2345 5070 2746 5140; x_wconf 87' lang='lat' dir='ltr'><strong><em>adjutoriumin</em></strong></span> <span class='ocrx_word' id='word_1_819' title='bbox 2777 5078 3002 5137; x_wconf 86' lang='lat' dir='ltr'><strong><em>potente,</em></strong></span> <span class='ocrx_word' id='word_1_820' title='bbox 3041 5083 3217 5138; x_wconf 89' lang='lat' dir='ltr'><strong><em>usque</em></strong></span> <span class='ocrx_word' id='word_1_821' title='bbox 3247 5069 3314 5122; x_wconf 89' lang='lat' dir='ltr'><strong><em>ad</em></strong></span> <span class='ocrx_word' id='word_1_822' title='bbox 3347 5066 3503 5132; x_wconf 85' lang='lat' dir='ltr'><strong><em>illud,</em></strong></span> 
     </span>
    </p>
   </div>
   <div class='ocr_carea' id='block_1_112' title="bbox 1922 5157 3506 5230">
    <p class='ocr_par' dir='ltr' id='par_1_112' title="bbox 1922 5157 3506 5230">
     <span class='ocr_line' id='line_1_112' title="bbox 1922 5157 3506 5230; baseline -0.006 -10"><span class='ocrx_word' id='word_1_823' title='bbox 1922 5174 1974 5220; x_wconf 86' lang='lat' dir='ltr'><strong><em>et</em></strong></span> <span class='ocrx_word' id='word_1_824' title='bbox 2008 5166 2154 5218; x_wconf 88' lang='lat' dir='ltr'><strong><em>testis</em></strong></span> <span class='ocrx_word' id='word_1_825' title='bbox 2182 5166 2236 5217; x_wconf 89' lang='lat' dir='ltr'><strong><em>in</em></strong></span> <span class='ocrx_word' id='word_1_826' title='bbox 2259 5164 2388 5218; x_wconf 74' lang='lat' dir='ltr'><strong><em>creto</em></strong></span> <span class='ocrx_word' id='word_1_827' title='bbox 2421 5162 2614 5230; x_wconf 78' lang='lat' dir='ltr'><strong><em>ﬁdelis,</em></strong></span> <span class='ocrx_word' id='word_1_828' title='bbox 2655 5176 2875 5217; x_wconf 81' lang='lat' dir='ltr'><strong><em>rursum</em></strong></span> <span class='ocrx_word' id='word_1_829' title='bbox 2917 5160 3245 5230; x_wconf 85' lang='lat' dir='ltr'><strong><em>interposito</em></strong></span> <span class='ocrx_word' id='word_1_830' title='bbox 3268 5157 3506 5228; x_wconf 72' lang='lat' dir='ltr'><strong><em>diapsal-</em></strong></span> 
     </span>
    </p>
   </div>
   <div class='ocr_carea' id='block_1_113' title="bbox 1921 5251 3507 5320">
    <p class='ocr_par' dir='ltr' id='par_1_113' title="bbox 1921 5251 3507 5320">
     <span class='ocr_line' id='line_1_113' title="bbox 1921 5251 3507 5320; baseline -0.005 -9"><span class='ocrx_word' id='word_1_831' title='bbox 1921 5266 2087 5320; x_wconf 84' lang='lat' dir='ltr'><strong><em>male,</em></strong></span> <span class='ocrx_word' id='word_1_832' title='bbox 2123 5255 2396 5311; x_wconf 87' lang='lat' dir='ltr'><strong><em>sententia</em></strong></span> <span class='ocrx_word' id='word_1_833' title='bbox 2441 5260 2686 5308; x_wconf 84' lang='lat' dir='ltr'><strong><em>mutatur</em></strong></span> <span class='ocrx_word' id='word_1_834' title='bbox 2715 5268 2779 5306; x_wconf 89' lang='lat' dir='ltr'><strong><em>ac</em></strong></span> <span class='ocrx_word' id='word_1_835' title='bbox 2811 5251 3034 5316; x_wconf 88' lang='lat' dir='ltr'><strong><em>dicitur,</em></strong></span> <span class='ocrx_word' id='word_1_836' title='bbox 3076 5251 3155 5305; x_wconf 88' lang='lat' dir='ltr'><strong><em>Tu</em></strong></span> <span class='ocrx_word' id='word_1_837' title='bbox 3197 5267 3316 5304; x_wconf 66' lang='lat' dir='ltr'><strong><em>vero</em></strong></span> <span class='ocrx_word' id='word_1_838' title='bbox 3362 5263 3507 5317; x_wconf 81' lang='lat' dir='ltr'><strong><em>repu-</em></strong></span> 
     </span>
    </p>
   </div>
   <div class='ocr_carea' id='block_1_114' title="bbox 1923 5337 3506 5418">
    <p class='ocr_par' dir='ltr' id='par_1_114' title="bbox 1923 5337 3506 5418">
     <span class='ocr_line' id='line_1_114' title="bbox 1923 5337 3506 5418; baseline -0.006 -17"><span class='ocrx_word' id='word_1_839' title='bbox 1923 5349 2035 5402; x_wconf 82' lang='lat' dir='ltr'><strong><em>tisti</em></strong></span> <span class='ocrx_word' id='word_1_840' title='bbox 2056 5357 2107 5401; x_wconf 90' lang='lat' dir='ltr'><strong><em>et</em></strong></span> <span class='ocrx_word' id='word_1_841' title='bbox 2139 5346 2445 5418; x_wconf 69' lang='lat' dir='ltr'><strong><em>despexisti,</em></strong></span> <span class='ocrx_word' id='word_1_842' title='bbox 2479 5344 2708 5414; x_wconf 82' lang='lat' dir='ltr'><strong><em>rejecisti</em></strong></span> <span class='ocrx_word' id='word_1_843' title='bbox 2734 5342 3008 5397; x_wconf 81' lang='lat' dir='ltr'><strong><em>Christum</em></strong></span> <span class='ocrx_word' id='word_1_844' title='bbox 3040 5351 3211 5396; x_wconf 84' lang='lat' dir='ltr'><strong><em>tuum.</em></strong></span> <span class='ocrx_word' id='word_1_845' title='bbox 3249 5339 3362 5393; x_wconf 89' lang='lat' dir='ltr'><strong><em>Sub</em></strong></span> <span class='ocrx_word' id='word_1_846' title='bbox 3390 5337 3506 5394; x_wconf 60' lang='lat' dir='ltr'><strong><em>hac</em></strong></span> 
     </span>
    </p>
   </div>
   <div class='ocr_carea' id='block_1_115' title="bbox 1918 5429 3503 5503">
    <p class='ocr_par' dir='ltr' id='par_1_115' title="bbox 1918 5429 3503 5503">
     <span class='ocr_line' id='line_1_115' title="bbox 1918 5429 3503 5503; baseline -0.008 -7"><span class='ocrx_word' id='word_1_847' title='bbox 1918 5440 2196 5496; x_wconf 86' lang='lat' dir='ltr'><strong><em>enarratis</em></strong></span> <span class='ocrx_word' id='word_1_848' title='bbox 2246 5438 2606 5501; x_wconf 77' lang='lat' dir='ltr'><strong><em>triStioribus,</em></strong></span> <span class='ocrx_word' id='word_1_849' title='bbox 2642 5451 2865 5490; x_wconf 89' lang='lat' dir='ltr'><strong><em>rursum</em></strong></span> <span class='ocrx_word' id='word_1_850' title='bbox 2923 5432 3226 5503; x_wconf 88' lang='lat' dir='ltr'><strong><em>diapsalma</em></strong></span> <span class='ocrx_word' id='word_1_851' title='bbox 3285 5429 3503 5491; x_wconf 79' lang='lat' dir='ltr'><strong><em>inserit.</em></strong></span> 
     </span>
    </p>
   </div>
   <div class='ocr_carea' id='block_1_116' title="bbox 1922 5522 3499 5602">
    <p class='ocr_par' dir='ltr' id='par_1_116' title="bbox 1922 5522 3499 5602">
     <span class='ocr_line' id='line_1_116' title="bbox 1922 5522 3499 5602; baseline -0.008 -14"><span class='ocrx_word' id='word_1_852' title='bbox 1922 5533 2343 5602; x_wconf 89' lang='lat' dir='ltr'><strong><em>doctrinamque</em></strong></span> <span class='ocrx_word' id='word_1_853' title='bbox 2398 5537 2575 5584; x_wconf 85' lang='lat' dir='ltr'><strong><em>mutat</em></strong></span> <span class='ocrx_word' id='word_1_854' title='bbox 2622 5529 2844 5591; x_wconf 91' lang='lat' dir='ltr'><strong><em>dicens,</em></strong></span> <span class='ocrx_word' id='word_1_855' title='bbox 2909 5523 3205 5596; x_wconf 86' lang='lat' dir='ltr'><strong><em>Usquequo,</em></strong></span> <span class='ocrx_word' id='word_1_856' title='bbox 3256 5522 3499 5584; x_wconf 88' lang='lat' dir='ltr'><strong><em>Domine,</em></strong></span> 
     </span>
    </p>
   </div>
   <div class='ocr_carea' id='block_1_117' title="bbox 1924 5612 3498 5691">
    <p class='ocr_par' dir='ltr' id='par_1_117' title="bbox 1924 5612 3498 5691">
     <span class='ocr_line' id='line_1_117' title="bbox 1924 5612 3498 5691; baseline -0.011 -12"><span class='ocrx_word' id='word_1_857' title='bbox 1924 5634 2125 5680; x_wconf 84' lang='lat' dir='ltr'><strong><em>avertes</em></strong></span> <span class='ocrx_word' id='word_1_858' title='bbox 2176 5623 2232 5675; x_wconf 91' lang='lat' dir='ltr'><strong><em>in</em></strong></span> <span class='ocrx_word' id='word_1_859' title='bbox 2269 5621 2472 5691; x_wconf 81' lang='lat' dir='ltr'><strong><em>ﬁnem?</em></strong></span> <span class='ocrx_word' id='word_1_860' title='bbox 2503 5627 2558 5673; x_wconf 88' lang='lat' dir='ltr'><strong><em>et</em></strong></span> <span class='ocrx_word' id='word_1_861' title='bbox 2589 5618 2790 5672; x_wconf 87' lang='lat' dir='ltr'><strong><em>emissa</em></strong></span> <span class='ocrx_word' id='word_1_862' title='bbox 2828 5615 3101 5680; x_wconf 88' lang='lat' dir='ltr'><strong><em>oratione,</em></strong></span> <span class='ocrx_word' id='word_1_863' title='bbox 3151 5613 3347 5667; x_wconf 87' lang='lat' dir='ltr'><strong><em>iterum</em></strong></span> <span class='ocrx_word' id='word_1_864' title='bbox 3378 5612 3498 5666; x_wconf 87' lang='lat' dir='ltr'><strong><em>dia-</em></strong></span> 
     </span>
    </p>
   </div>
   <div class='ocr_carea' id='block_1_118' title="bbox 1923 5703 3500 5789">
    <p class='ocr_par' dir='ltr' id='par_1_118' title="bbox 1923 5703 3500 5789">
     <span class='ocr_line' id='line_1_118' title="bbox 1923 5703 3500 5789; baseline -0.011 -15"><span class='ocrx_word' id='word_1_865' title='bbox 1923 5719 2189 5789; x_wconf 87' lang='lat' dir='ltr'><strong><em>psalmate</em></strong></span> <span class='ocrx_word' id='word_1_866' title='bbox 2207 5714 2533 5784; x_wconf 89' lang='lat' dir='ltr'><strong><em>interposito</em></strong></span> <span class='ocrx_word' id='word_1_867' title='bbox 2565 5711 2757 5773; x_wconf 89' lang='lat' dir='ltr'><strong><em>utitur,</em></strong></span> <span class='ocrx_word' id='word_1_868' title='bbox 2782 5723 2846 5762; x_wconf 90' lang='lat' dir='ltr'><strong><em>ac</em></strong></span> <span class='ocrx_word' id='word_1_869' title='bbox 2877 5705 3082 5770; x_wconf 90' lang='lat' dir='ltr'><strong><em>subdit,</em></strong></span> <span class='ocrx_word' id='word_1_870' title='bbox 3119 5703 3220 5758; x_wconf 89' lang='lat' dir='ltr'><strong><em>Ubi</em></strong></span> <span class='ocrx_word' id='word_1_871' title='bbox 3249 5713 3371 5759; x_wconf 81' lang='lat' dir='ltr'><strong><em>sunt</em></strong></span> <span class='ocrx_word' id='word_1_872' title='bbox 3403 5705 3500 5757; x_wconf 86' lang='lat' dir='ltr'><strong><em>mi-</em></strong></span> 
     </span>
    </p>
   </div>
   <div class='ocr_carea' id='block_1_119' title="bbox 1922 5793 3501 5874">
    <p class='ocr_par' dir='ltr' id='par_1_119' title="bbox 1922 5793 3501 5874">
     <span class='ocr_line' id='line_1_119' title="bbox 1922 5793 3501 5874; baseline -0.009 -10"><span class='ocrx_word' id='word_1_873' title='bbox 1922 5809 2223 5865; x_wconf 69' lang='lat' dir='ltr'><strong><em>sericordia&#39;</em></strong></span> <span class='ocrx_word' id='word_1_874' title='bbox 2246 5817 2350 5861; x_wconf 78' lang='lat' dir='ltr'><strong><em>ture</em></strong></span> <span class='ocrx_word' id='word_1_875' title='bbox 2379 5805 2631 5874; x_wconf 75' lang='lat' dir='ltr'><strong><em>aritiquw,</em></strong></span> <span class='ocrx_word' id='word_1_876' title='bbox 2662 5799 2924 5856; x_wconf 78' lang='lat' dir='ltr'><strong><em>Domine?</em></strong></span> <span class='ocrx_word' id='word_1_877' title='bbox 2953 5805 3162 5853; x_wconf 82' lang='lat' dir='ltr'><strong><em>mutata</em></strong></span> <span class='ocrx_word' id='word_1_878' title='bbox 3210 5793 3460 5852; x_wconf 78' lang='lat' dir='ltr'><strong><em>sententi:</em></strong></span> <span class='ocrx_word' id='word_1_879' title='bbox 3487 5834 3501 5860; x_wconf 88' lang='lat'><strong><em>,</em></strong></span> 
     </span>
    </p>
   </div>
   <div class='ocr_carea' id='block_1_120' title="bbox 230 5901 1984 5977">
    <p class='ocr_par' dir='ltr' id='par_1_120' title="bbox 230 5901 1984 5977">
     <span class='ocr_line' id='line_1_120' title="bbox 230 5901 1984 5977; baseline 0 -20"><span class='ocrx_word' id='word_1_880' title='bbox 230 5937 237 5977; x_wconf 45' lang='grc' dir='ltr'>ξ</span> <span class='ocrx_word' id='word_1_881' title='bbox 317 5903 394 5975; x_wconf 59' lang='lat'><strong><em>(1)</em></strong></span> <span class='ocrx_word' id='word_1_882' title='bbox 428 5901 703 5974; x_wconf 83' lang='lat' dir='ltr'><strong><em>lntcrpres</em></strong></span> <span class='ocrx_word' id='word_1_883' title='bbox 735 5903 885 5975; x_wconf 86' lang='lat' dir='ltr'><strong><em>legit,</em></strong></span> <span class='ocrx_word' id='word_1_884' title='bbox 928 5912 987 5960; x_wconf 88' lang='lat' dir='ltr'><strong><em>ut</em></strong></span> <span class='ocrx_word' id='word_1_885' title='bbox 1013 5905 1246 5960; x_wconf 76' lang='lat' dir='ltr'><strong><em>videtur.</em></strong></span> <span class='ocrx_word' id='word_1_886' title='bbox 1317 5901 1579 5972; x_wconf 79' lang='grc' dir='ltr'>Ἐὗραῖκῇ</span> <span class='ocrx_word' id='word_1_887' title='bbox 1612 5905 1785 5971; x_wconf 78' lang='grc' dir='ltr'>φωνῇ.</span> <span class='ocrx_word' id='word_1_888' title='bbox 1827 5901 1984 5957; x_wconf 57' lang='lat' dir='ltr'><strong><em>Enna</em></strong></span> 
     </span>
    </p>
   </div>
  </div>
