3974 6582
600 471 744 529 4123

1242 470 1511 536 EUSEBII
1551 474 2036 534 CAESARIENSIS
2075 478 2160 534 01³

2267 479 2448 535 PARS
2483 477 2572 538 ιιι.
2610 510 2684 524 -
2721 482 3132 542 EXEGETICA.
3631 502 3720 558 ιιιι

599 600 656 647 et
689 595 961 648 revocatis
991 607 1265 662 priortnus
1301 595 1457 650 initio
1502 598 1729 668 prolatis
1765 599 1864 653 Dei
1906 599 2160 669 pollicita-

2282 601 2439 654 πάλιν
2468 603 2709 673 ἐντίθησι
2738 606 2797 657 τὸ
2841 605 3136 676 διάψαλμα,
3171 608 3263 658 καὶ
3309 609 3566 667 malum:
3587 618 3720 686 τὴνδι.

599 680 863 749 tionibus,
915 685 988 739 ita
1027 692 1086 739 ut
1138 686 1498 756 diapsalmata
1552 690 1816 744 rationem
1877 691 2168 760 quamdam

600 780 819 831 servent
849 790 911 830 ac
967 786 1231 832 mutatam
1282 782 1606 835 sententiam
1655 783 1737 836 vel
1775 798 2064 852 personam
2101 783 2177 836 si-

596 865 879 940 gnificent.
912 868 1024 923 lloc
1052 885 1216 939 porro
1264 872 1416 926 dicas
1457 873 1523 928 de
1570 875 1825 928 omnibus
1871 874 2097 943 psalmis
2120 874 2173 928 in

597 963 799 1034 quibus
848 963 1151 1037 diapsalma
1206 963 1428 1020 fertur:
1469 982 1594 1020 nam
1641 975 1735 1022 aut
1781 984 2030 1039 persona:
2082 975 2176 1022 aut

597 1056 886 1110 sententiae
942 1058 1297 1111 mutationem
1351 1057 1594 1114 declarat
1638 1077 1650 1114 :
1703 1061 1998 1131 aliquando
2044 1077 2175 1114 vero

596 1145 880 1203 Hebraicae
909 1149 1155 1203 melodis:
1185 1152 1599 1206 conversionem
1634 1160 1806 1206 notat.
1836 1154 2031 1223 Aquila
2066 1170 2170 1207 au-

595 1246 705 1293 tem
756 1255 1026 1310 nusquam
1065 1240 1424 1311 diapsalmate
1467 1245 1673 1310 utitur;
1717 1243 1811 1300 sed
1840 1246 2095 1300 onmibus
2119 1246 2171 1299 in

596 1331 734 1388 locis
761 1334 879 1389 vice
909 1332 1076 1398 illius,
1105 1334 1452 1404 interpretari
1479 1336 1632 1400 solet,
1653 1353 1874 1405 semper.
1891 1337 2046 1403 Quod
2077 1353 2175 1392 no-

595 1423 682 1479 bis
711 1425 1075 1495 ignorandum
1107 1440 1216 1479 non
1247 1435 1386 1480 erat.
1419 1427 1475 1481 ln
1513 1427 1606 1480 illo
1639 1435 1820 1483 autem
1855 1428 2026 1482 totius
2059 1444 2176 1482 ser-

593 1514 774 1568 monis
798 1529 899 1570 ceu
931 1515 1132 1586 sigillo,
1181 1514 1492 1570 Benedictus
1527 1516 1785 1570 Dominus
1816 1517 1870 1570 in
1897 1526 2171 1583 artornum,

593 1607 714 1676 ﬁat,
744 1607 878 1676 ﬁat;
927 1608 1228 1663 secundum
1279 1611 1554 1680 Aquilam,
1604 1625 1702 1680 pro
1734 1610 1828 1664 illo
1874 1609 2021 1672 Fiat,
2053 1610 2172 1678 ﬁat,

594 1699 796 1770 legitur
825 1697 1106 1767 Fideliter,
1140 1701 1405 1772 ﬁdeliter;
1449 1702 1751 1758 secundum
1785 1700 2171 1773 Symmachum

591 1805 747 1858 vero,
774 1793 1004 1862 perinde
1034 1805 1198 1865 atque
1223 1794 1278 1849 in
1330 1792 1598 1850 Hebraico
1627 1794 1947 1864 exemplari,
1983 1793 2170 1856 Amen,

593 1897 767 1938 amen.

2204 1881 2248 1936 B
2276 1885 2333 1936 ἐν
2361 1884 2494 1942 πᾶσι
2520 1885 2632 1946 τοῖς
2655 1883 2841 1952 τόποις
2870 1884 3060 1938 εἴωθεν
3085 1886 3402 1957 ἑρμηνεύειν
3425 1886 3495 1949 τὸ,
3515 1887 3605 1940 ἀεί.
3625 1888 3738 1956 Ὅπερ

590 1972 758 2044 ἐχρῆν
787 1974 934 2046 ἡμᾶς
964 1973 1037 2050 μὴ
1071 1977 1303 2044 ἀγνοεῖν.
1334 1975 1408 2028 Τὸ
1439 1976 1497 2029 δὲ
1524 1976 1942 2048 ἐπισφράγισμα
1967 1974 2168 2038 παντὸς
2191 1972 2287 2028 τοῦ
2318 1972 2479 2042 λόγου
2510 1973 2591 2036 τὸ,
2620 1975 2963 2044 Εὐλογητὸς
2984 1977 3198 2044 Κύριος
3224 1979 3312 2043 εὶς
3353 1977 3450 2034 τὸν
3488 1978 3649 2040 αἰῶνα,
3681 1979 3736 2047 τέ-

2275 691 2568 746 δασκαλίαν
2595 695 2818 764 φάσκων
2844 713 2854 723 ·
2885 697 3028 762 Ἕως
3049 699 3213 759 πότε,
3236 701 3414 765 Κύριε,
3434 703 3724 776 (inerret-nc

2279 786 2366 850 εἰς
2396 784 2600 851 τέ.ὶος;
2631 785 2726 837 καὶ
2754 787 2853 856 τὴν
2883 788 3045 858 εὐχὴν
3070 789 3403 860 ἀναπέμψας,
3434 796 3562 848 πάλιν
3585 800 3716 868 τῴδια.

2277 875 2519 945 ψάλματι
2556 877 2756 947 μεταξῦ
2785 879 3069 948 κέχρηται,
3109 881 3205 932 καὶ
3239 882 3458 950 ἐπιλέγει
3479 901 3490 913 °
3516 889 3612 940 Ποῦ
3642 891 3725 942 ἐστι

2277 968 2350 1021 τὰ
2396 969 2537 1037 ἑλέη
2583 987 2698 1022 σου
2741 972 2811 1024 τὰ
2854 970 3069 1038 ἀρχαῖα
3097 1013 3108 1033 ,
3151 975 3348 1040 Κύριες
3385 977 3635 1044 μεταϐαλὼν
3665 983 3724 1050 τὴν

2275 1060 2514 1115 διάνοιαν
2559 1064 2652 1115 καὶ
2700 1063 3132 1134 ἀνακαλούμενος
3180 1065 3277 1128 τὰς
3317 1067 3508 1137 πρώτας
3542 1071 3614 1123 τοῦ
3641 1075 3727 1126 Geo}

2279 1151 2628 1220 ἐπαγγελίας,
2681 1153 2780 1215 τὰς
2832 1155 2887 1205 ἐν
2943 1154 3084 1225 ἀρχῇ
3137 1155 3432 1226 λεχθείσας’
3481 1159 3591 1212 ὥστε
3630 1163 3728 1230 λόγον

2279 1241 2422 1312 ἔχειν
2451 1243 2574 1301 τινὰ
2616 1245 2709 1300 καὶ
2737 1244 2807 1306 τὰ
2839 1245 3188 1318 διαψᾴλματα
3224 1249 3500 1319 μταὸολῆς
3523 1252 3729 1324 διανοίκῆ

2278 1332 2568 1405 προσώπου
2598 1335 2897 1406 ἐναλλαγῆς
2926 1336 2992 1397 δι’
3021 1337 3197 1391 αὐτῶν
3230 1341 3600 1412 σημαινομένης.
3623 1345 3731 1396 Toim

2275 1426 2332 1478 δὲ
2364 1427 2456 1478 ἐπὶ
2489 1427 2705 1485 πάντων
2749 1429 2896 1499 ἐρεῖς
2926 1429 3032 1482 τῶν
3069 1429 3294 1499 ψαλμῶν
3326 1435 3380 1484 ἐν
3421 1427 3490 1496 οἷς
3514 1434 3678 1504 φέρεται
3694 1439 3734 1488 ti

2275 1515 2583 1586 διάψαλμα’
2615 1517 2647 1586 ἢ
2683 1517 2791 1588 γὰρ
2824 1517 2913 1570 τοῦ
2949 1519 3240 1592 προσώπου
3274 1523 3562 1592 παρίστησιν
3585 1527 3732 1578 ἐναλλα-

2276 1608 2380 1678 γὴν
2423 1609 2456 1679 ἣ
2491 1609 2590 1679 τῆς
2631 1609 2905 1673 διανοίας·
2941 1610 3056 1663 ἐστι
3101 1612 3146 1664 δ’
3189 1614 3278 1667 ὅτε
3323 1615 3409 1666 καὶ
3441 1616 3654 1684 μεταϐολὴ
3672 1617 3734 1686 τῆς

2274 1700 2417 1754 κατά
2457 1700 2518 1753 τὸ
2567 1701 2852 1772 Ἐὃραῐκὸν
2901 1702 3182 1773 μελῳδίας.
3234 1705 3298 1756 Ὃ
3343 1721 3401 1772 γε
3446 1706 3530 1775 μὴν
3594 1705 3735 1765 Audita;

2273 1789 2510 1860 οὐδαμοῦ
2556 1790 2820 1861 κέχρηται
2857 1791 2935 1863 τῷ
2981 1791 3346 1864 διαψάλματιο
3391 1795 3499 1847 ἀντὶ
3533 1795 3579 1848 δὲ
3613 1795 3736 1847 τοῦτον

588 2081 772 2130 νοιτο,
822 2067 1074 2137 γένοιτο,
1128 2069 1272 2122 κατά
1318 2069 1417 2140 μὲν
1461 2069 1554 2122 τὸν
1605 2068 1833 2122 Ἀκύλαν
1885 2067 2006 2120 ἀντὶ
2051 2065 2168 2128 τοῦ,
2202 2064 2468 2128 Γένοιτο,
2517 2064 2768 2134 γένοιτο,
2823 2067 3311 2137 Πεπιστωμένως,
3364 2070 3734 2140 πεπιστωμένως,

590 2159 836 2228 περιέχει
866 2176 880 2189 ο
949 2160 1090 2214 κατά
1149 2160 1207 2214 δὲ
1270 2161 1361 2214 τδν
1421 2159 1714 2232 Σύμμαχον
1743 2200 1758 2224 ,
1825 2159 2027 2231 ὁμοίως
2086 2156 2163 2227 τῷ
2203 2155 2500 2228 Ἐϐραῖκῷ,
2535 2155 2713 2226 Ἀμὴν
2740 2158 2838 2214 καὶ
2872 2158 3055 2228 ἀμήν.

861 2277 914 2332 Ι.
967 2276 1253 2332 LXXXIX.
1281 2276 1542 2332 ORATIO
1581 2276 1858 2332 MOYSIS.

661 2369 904 2431 γεκαὶ.
943 2371 1186 2439 Domine,
1219 2373 1481 2444 refugium
1512 2373 1686 2444 factus
1717 2390 1771 2427 es
1812 2371 1961 2433 nobis
1989 2373 2043 2426 in
2080 2388 2167 2442 ge-

590 2464 863 2521 neratione
895 2472 945 2517 et
979 2465 1334 2534 generatione.
1374 2462 1698 2539 Priusquam
1743 2474 1942 2520 montes
1975 2465 2166 2532 ﬁrma-

590 2565 795 2616 rentur,
828 2563 920 2611 aut
969 2555 1292 2623 [armaretur
1337 2567 1480 2610 terra
1508 2567 1557 2609 et
1591 2557 1753 2618 orbis,
1802 2565 1851 2609 et
1908 2573 1940 2608 a
1970 2554 2165 2609 sarculo

590 2662 752 2717 usque
777 2647 832 2699 in
873 2647 1126 2700 sa'culum
1158 2655 1212 2700 tu
1239 2664 1316 2711 es,
1344 2646 1508 2701 Deus.
1550 2646 1644 2702 His
1687 2647 1984 2702 edocemur
2024 2647 2164 2701 divi-

589 2755 722 2795 num
777 2739 1000 2810 quidem
1047 2738 1260 2794 Numen
1305 2748 1625 2810 perpetuum
1672 2748 1726 2796 et
1773 2739 2164 2807 sempiternum

587 2846 732 2887 esse.
766 2831 902 2886 Nam
932 2831 1027 2902 qui
1059 2831 1216 2898 dixit,
1239 2832 1380 2887 Deus
1405 2849 1497 2902 ego
1517 2849 1656 2896 sum,
1681 2833 1771 2902 qui
1799 2848 2000 2900 semper
2023 2849 2162 2896 sum,

585 2933 637 2979 et
667 2924 806 2977 idem
836 2939 976 2989 sum,
1010 2931 1061 2977 et
1093 2923 1162 2977 in‘
1198 2923 1411 2993 inﬁnita
1447 2923 1645 2977 swcula
1690 2939 1993 2990 permaneo,
2026 2939 2166 2976 nun-

586 3030 755 3086 quam
787 3023 1037 3076 naturam
1068 3021 1242 3067 mutat
1270 3030 1447 3068 suam.
1466 3013 1577 3069 Nos
1599 3024 1802 3077 autem,
1827 3014 1919 3084 qui
1949 3013 2002 3068 in
2035 3022 2166 3068 tem-

587 3121 721 3176 pore
763 3105 832 3160 ad
878 3107 1045 3164 vitam
1074 3105 1409 3171 accedimus,
1453 3105 1715 3162 torrentis
1767 3104 1942 3160 instar
1991 3105 2165 3160 efflui-

585 3211 752 3251 mus:
797 3197 1058 3266 quoniam
1103 3195 1406 3258 secundum
1458 3193 1828 3260 Salomonem,
1884 3193 2163 3250 Generatio

585 3286 842 3350 abscedit,
878 3295 927 3340 et
962 3286 1230 3358 generatio
1270 3288 1407 3342 venit
1429 3284 1494 3347 ⁸⁸,
1518 3293 1573 3339 et
1611 3300 1700 3340 res
1734 3284 1985 3339 humana:
2025 3302 2166 3340 nun-

584 3393 750 3448 quam
778 3379 968 3433 eodem
1000 3378 1056 3432 in
1080 3384 1228 3432 statu
1257 3384 1479 3431 manent
1501 3393 1515 3441 ;
1534 3375 1630 3432 sed
1654 3376 2023 3432 diversimode
2043 3393 2165 3432 mu-

585 3475 797 3525 tantur.
827 3466 1092 3524 Dominus
1116 3479 1317 3532 autem,
1338 3466 1430 3537 qui
1459 3467 1516 3520 in
1547 3466 1778 3544 singulis
1799 3467 2164 3540 generationi-

2605 2275 2978 2328 ΠΡΟΣΕΥΧΗ
3011 2277 3344 2340 ΜΩΥΣΕΩΣ,
3373 2277 3488 2330 HG’.

2345 2365 2542 2433 Κύριε,
2583 2366 2898 2436 καταφυγὴ
2936 2367 3224 2436 ἐγενήθης
3263 2368 3405 2436 ἡμῖν
3438 2370 3500 2421 ἐν
3527 2365 3661 2438 τεγεᾷ
3681 2367 3741 2418 καί

2273 2456 2465 2526 γενεᾷ.
2517 2456 2637 2525 Πρὸ
2681 2457 2785 2510 τοῦ
2818 2457 2924 2525 ὄρη
2953 2458 3318 2526 ἑδρασθῆναι
3366 2459 3458 2512 καί
3497 2458 3742 2524 adactum:

2272 2546 2387 2613 τὴν
2416 2544 2530 2617 γῆν
2557 2546 2657 2599 καί
2679 2546 2794 2614 τὴν
2819 2547 3197 2617 οἰκουμένην,
3231 2550 3333 2602 καὶ
3363 2548 3474 2602 ἀπὸ
3499 2548 3587 2601 τοῦ
3602 2547 3742 2602 utimr

2272 2637 2382 2704 ἕως
2403 2639 2508 2693 τοῦ
2533 2639 2746 2702 αἰῶνος
2767 2639 2851 2692 σὺ
2878 2639 2952 2701 εἷ,
2979 2642 3012 2692 ὁ
3045 2641 3207 2704 Θεός.
3231 2640 3420 2710 Δόγμα
3441 2639 3673 2694 παιδεύειὸ
3690 2638 3742 2690 λί-

2273 2747 2391 2800 γος,
2417 2731 2682 2784 διδάσκων
2705 2730 2765 2784 τὸ
2799 2731 2897 2801 μὲν
2919 2731 3072 2785 Θεῖον
3103 2731 3326 2803 διαρκὲς
3353 2733 3590 2804 ὑπάρχειν
3607 2731 3673 2784 καὶ
3692 2731 3745 2782 ὤ·
3852 2765 3853 2774 η

2270 2821 2402 2874 διον.
2427 2820 2483 2873 Ὀ
2511 2819 2619 2892 γὰρ
2647 2818 2835 2882 εἰπὼν,
2865 2819 3008 2886 Θεὸς
3031 2818 3146 2890 ἐγώ
3167 2823 3287 2890 εἰμι
3318 2825 3350 2875 ὀ
3373 2820 3471 2885 ὢν,
3495 2821 3570 2874 ἀεὶ
3596 2818 3671 2881 ὢν,
3687 2819 3744 2871 τιιῖ

2272 2913 2306 2965 ό
2333 2910 2514 2976 αὐτὸς
2548 2910 2652 2974 ὢν,
2686 2909 2780 2962 καί
2804 2913 2906 2976 ἐίς
2936 2911 3077 2976 τοὺς
3097 2912 3384 2980 ἀπείρους
3409 2912 3599 2977 αἰῶνας
3617 2911 3744 2977 διαμέ-
3852 2933 3853 2972 ι

2269 3019 2411 3067 νων,
2461 3000 2658 3055 οὔποτε
2705 3001 3026 3072 μεταϐάλλει
3065 3003 3164 3074 τὴν
3209 3004 3377 3060 αὐτοῦ
3427 3003 3585 3074 φύσιν.

2268 3092 2345 3156 δὲ,
2382 3091 2524 3145 κατά
2557 3094 2782 3163 καιροὺς
2824 3093 3110 3163 παριόντες
3141 3095 3220 3156 είς
3252 3095 3347 3148 τὸν
3385 3095 3512 3165 βίον,
3535 3093 3745 3164 χειμάρμν

2269 3184 2468 3256 τρόπον
2509 3184 2853 3257 ἀπορῤέομεν
2873 3200 2886 3213 ο
2929 3184 3052 3236 ἐπεὶ
3082 3184 3176 3237 καί
3226 3186 3373 3238 κατά
3413 3186 3498 3248 τὸν
3527 3183 3744 3254 Σολομῶνα.

2270 3278 2458 3333 Γενεὰ
2485 3278 2817 3346 πορεύεται,
2865 3279 2965 3330 καὶ
3007 3277 3184 3346 γενεὰ
3229 3277 3482 3348 ἔρχεται,
3510 3279 3588 3331 καὶ
3614 3277 3663 3329 τὰ
3689 3275 3746 3326 ἁν-

2269 3369 2517 3443 θρώπινα
2542 3370 2846 3441 πράγματα
2876 3370 2933 3422 δὲ
2973 3370 3095 3423 οὐδὲ
3126 3370 3349 3427 πώποτε
3373 3373 3428 3426 ἐν
3451 3368 3609 3438 ταύτῷ
3635 3368 3746 3437 μένει.

2268 3462 2455 3516 ἄλλοτε
2506 3461 2550 3514 δ’
2602 3461 2778 3525 ἄλλως
2828 3460 3172 3531 μεταϐάλλει.
3223 3462 3287 3515 '0
3338 3461 3396 3515 δέ
3442 3461 3636 3531 διαρκὴς
3671 3456 3746 3509 καθ’

584 3559 690 3616 bus
730 3567 935 3625 manet,
970 3560 1026 3615 in
1064 3575 1124 3615 se
1163 3559 1504 3634 sperantium
1532 3558 1803 3630 refugium
1848 3558 2024 3614 factus
2056 3567 2160 3616 est.

2266 3555 2502 3626 ἑκάστην
2545 3555 2737 3624 γενεὰν
2774 3555 2978 3625 Κύριος
3021 3555 3126 3608 τῶν
3171 3556 3255 3618 εἰς
3305 3555 3466 3610 αὐτὸν
3507 3552 3746 3616 ἐλπιζόντων

583 3651 718 3711 Nam
751 3661 877 3708 ante
903 3651 1168 3712 diluvium
1210 3649 1418 3714 Enoch,
1447 3657 1502 3704 et
1525 3649 1571 3704 si
1600 3650 1725 3726 quis
1754 3649 1896 3705 alius
1915 3649 2161 3724 ejusdem

581 3743 977 3816 generationis,
1013 3743 1069 3804 in
1105 3741 1376 3812 refugium
1409 3742 1590 3812 ipsum
1636 3739 1867 3795 habuit:
1895 3748 2162 3812 pereunte

581 3842 766 3890 autem
801 3833 857 3887 in
891 3832 1097 3886 diluvio
1141 3831 1424 3886 hominum
1451 3844 1671 3900 genere,
1716 3845 1909 3884 rursus
1938 3828 2051 3885 Noe
2081 3829 2163 3898 ip-

582 3939 705 3983 sum
734 3931 789 3982 et
830 3939 939 3978 non
977 3923 1147 3976 alium
1193 3922 1249 3975 in
1281 3921 1556 3991 refugium
1585 3920 1845 3975 obtinuit.
1881 3918 1947 3972 Et
1970 3928 2160 3990 postea

581 4015 685 4072 Lot
714 4032 779 4072 ex
812 4013 1221 4070 Sodomitarum
1259 4013 1646 4084 generatione;
1684 4013 1980 4079 Abraham,
2009 4011 2161 4068 Isaac

580 4117 636 4164 et
665 4107 858 4172 Jacob,
896 4106 1096 4178 singuli
1151 4106 1207 4159 in
1247 4120 1377 4170 sua;
1416 4104 1524 4158 imo
1553 4105 1716 4158 etiam
1745 4102 1946 4173 Joseph
1989 4103 2043 4156 in
2066 4118 2160 4172 ge-

581 4201 871 4256 neratione
908 4215 1027 4262 sua,
1059 4214 1124 4253 ac
1154 4197 1369 4270 Moyses
1399 4213 1619 4253 rursum
1660 4197 1714 4251 in
1746 4196 1849 4251 alia
1876 4215 1890 4264 ;
1916 4198 1969 4251 in
2006 4212 2154 4251 sum-

579 4307 668 4346 ma
696 4307 793 4363 per
827 4291 1075 4362 singulas
1107 4290 1514 4360 generationes,
1547 4288 1860 4353 Dominum,
1891 4287 1985 4358 qui
2014 4302 2159 4344 sem-

581 4397 681 4454 per
706 4388 810 4444 est,
844 4381 898 4433 in
947 4379 1217 4450 refugium
1252 4379 1563 4434 habuerunt
1607 4379 1700 4449 qui
1732 4380 1785 4434 in
1819 4381 1937 4452 ipso
1971 4393 2158 4458 spera-

579 4480 727 4535 runt.
754 4469 851 4526 His
886 4486 1050 4543 porro
1083 4487 1183 4526 nos
1231 4471 1517 4549 Scriptura
1554 4472 1826 4534 hortatur,
1880 4478 1939 4523 ut
1984 4485 2053 4525 ne
2098 4471 2153 4524 in

577 4564 748 4622 alium
813 4579 976 4639 quam
1033 4562 1084 4617 in
1146 4561 1317 4617 Deum
1378 4577 1701 4632 speremus;
1755 4562 1847 4616 sed
1901 4563 1954 4615 in
2006 4563 2153 4616 omni

575 4665 844 4727 tempore,
887 4657 942 4710 in
991 4656 1226 4727 singulis
1263 4654 1458 4709 diebus
1509 4662 1565 4707 et
1601 4653 1775 4717 horis,
1818 4655 1873 4707 in
1921 4654 2154 4722 singulis

575 4748 704 4803 item
737 4747 1068 4809 actionibus,
1089 4747 1435 4815 maximeque
1466 4745 1521 4799 in
1552 4753 1798 4814 tempore
1825 4745 2154 4801 calamitatis

577 4840 647 4895 ad
682 4841 859 4912 ipsum
910 4839 1315 4909 confugiamus.
1371 4835 1437 4891 Et
1485 4837 1744 4907 quoniam
1805 4837 1897 4907 qui
1951 4837 2154 4909 frigore

2264 3648 2554 3718 καταφυγὴ
2603 3646 2834 3716 γίνεται.
2883 3646 2997 3718 Πρὸ
3041 3647 3142 3717 μὲν
3178 3648 3291 3719 γὰρ
3331 3648 3426 3702 τοῦ
3458 3641 3745 3711 κατακλυσμῷ

2276 3737 2466 3808 Ἑνὼχ,
2496 3738 2590 3791 καὶ
2615 3739 2668 3790 ετ
2687 3754 2772 3801 τις
2800 3735 2959 3800 ἄλλος
2993 3736 3095 3807 τῆς
3125 3737 3247 3790 τότε
3284 3740 3492 3807 γενεᾶς,
3514 3732 3745 3803 meum“!

2261 3828 2423 3883 αὐτὸν
2463 3829 2726 3900 ἔσχηκενο
2753 3828 3126 3899 ἀπολλυμένου
3170 3829 3229 3888 δὲ
3269 3829 3365 3884 τοῦ
3411 3831 3512 3883 τῶν
3534 3826 3746 3898 ἀνθρώπων

2259 3920 2452 3990 γένους
2482 3922 2539 3974 ἐν
2583 3920 2660 3991 τῷ
2707 3921 3096 3992 κατακλυσμῷ,
3144 3922 3309 3974 πάλιν
3352 3923 3473 3976 Νῶε
3515 3919 3745 3989 καταφυγὴ

2259 4013 2442 4078 αὑτὸν,
2467 4013 2581 4069 ἀλλ’
2607 4012 2668 4066 οὓ
2689 4030 2808 4067 τινα
2831 4013 3017 4084 ἕτερον
3045 4014 3336 4084 ἐκτήσατο.
3371 4015 3477 4068 Καὶ
3506 4012 3621 4087 μετὰ
3637 4009 3748 4063 ait:

2260 4106 2422 4160 πάλιν
2458 4107 2487 4158 ὁ
2521 4104 2646 4158 Λὼτ
2685 4108 2748 4159 ἐκ
2782 4105 2883 4176 τῆς
2913 4107 3215 4177 Σοδομιτῶν
3258 4109 3470 4177 γενεᾶς,
3509 4104 3746 4174 ’Λόραὰμτε

2259 4198 2354 4251 καὶ
2394 4197 2580 4251 Ἰσαὰκ
2631 4197 2726 4250 καὶ
2770 4197 2986 4261 Ἰακὼϐ,
3037 4200 3130 4251 ἐπὶ
3177 4199 3281 4271 τῆς
3325 4199 3529 4257 ἑαυτῶν
3563 4198 3747 4252 ἕκαστος·

2257 4288 2318 4341 οὐ
2350 4288 2456 4359 μὴν
2489 4288 2625 4342 ἀλλά
2667 4289 2760 4342 καὶ
2799 4289 2994 4360 Ἰωσὴφ
3015 4290 3110 4343 ἐπὶ
3137 4291 3238 4362 τῆς
3267 4293 3390 4348 κατ’
3430 4289 3577 4344 αὑτὸν
3601 4286 3745 4356 γενεᾶε.

2257 4378 2349 4432 καὶ
2381 4380 2621 4450 Μωῡσῆς
2645 4379 2806 4433 πάλιν
2838 4380 2933 4436 ἐπὶ
2960 4379 3127 4450 ἄλλης
3147 4397 3160 4411 ο
3208 4384 3306 4436 καὶ
3348 4381 3649 4447 ἁπαξαπλῶς
3670 4374 3748 4429 κεῖθ’
3852 4447 3853 4450 η

2256 4470 2491 4540 ὲκαστην
2516 4471 2707 4538 γενεὰν
2733 4471 2822 4524 τὸν
2844 4472 2930 4524 ἀεὶ
2951 4473 3079 4525 ὄντα
3102 4473 3310 4544 Κύριον
3335 4473 3628 4543 καταφυγὴν

2255 4576 2412 4612 κασιν
2440 4562 2488 4612 oi
2519 4562 2599 4624 είς
2636 4561 2796 4615 αὑτὸν
2827 4563 3134 4633 ἠλπικότες.
3167 4567 3477 4639 Προτρέπει
3512 4567 3562 4620 δὲ
3585 4564 3653 4618 διὰ
3669 4559 3747 4612 ταὶ-

2253 4668 2361 4705 των
2418 4654 2512 4706 καὶ
2561 4656 2709 4724 ἡμᾶς
2755 4657 2784 4707 ό
2824 4655 2980 4723 λόγος
3037 4657 3110 4727 μὴ
3151 4659 3244 4710 ἐπί
3294 4677 3421 4715 τινα
3454 4661 3618 4729 ἕτερον
3651 4651 3747 4718 περὶ

2252 4743 2344 4796 τὸν
2374 4745 2505 4798 Θεὸν
2530 4745 2792 4809 ἐλπίζειν,
2830 4748 2996 4800 παντὶ
3038 4747 3094 4800 δὲ
3140 4750 3320 4821 καιρῷ
3343 4751 3438 4804 καὶ
3475 4750 3632 4820 ἡμέρᾳ

2253 4835 2347 4888 καὶ
2414 4835 2565 4908 ὥρᾳ,
2632 4837 2692 4889 ἐν
2760 4837 2965 4910 ἑκάστῃ
3035 4855 3089 4891 τε
3153 4840 3383 4911 πράξει,
3451 4843 3538 4894 καὶ
3586 4839 3747 4907 palis-.1

577 4910 868 4995 vexantur,
909 4937 1265 5000 tegumento;
1315 4929 1407 4998 qui
1444 4927 1500 4982 in
1549 4928 1686 4982 mari
1735 4929 2151 4998 tempestatibus

2255 4927 2312 4979 ἐν
2348 4929 2461 4991 τοῖς
2506 4932 2914 5000 περιστατικοῖς
2963 4933 3190 5002 καιροῖς,
3247 4933 3338 4986 ἐπ’
3386 4934 3541 4987 αὺτίν
3577 4943 3749 4991 καταει-

571 5021 874 5092 jactantur,
925 5029 1126 5092 portu;
1180 5021 1274 5092 qui
1336 5021 1406 5076 ab
1469 5020 1708 5076 inimicis
1765 5028 1820 5075 et
1876 5021 2147 5083 hostibus,

575 5122 667 5166 aut
695 5128 724 5165 a
749 5112 882 5168 feris
903 5113 1210 5184 agrestibus
1247 5113 1546 5183 pelluntur,
1585 5112 1757 5165 muris
1785 5111 1850 5165 ad
1879 5112 2145 5181 refugium

573 5220 712 5274 opus
740 5204 976 5271 habent;
1007 5220 1130 5259 cum
1157 5204 1240 5260 his
1271 5216 1452 5258 autem
1494 5203 1753 5258 omnibus
1791 5203 1951 5257 homo
1981 5203 2072 5257 Dei
2092 5205 2146 5258 in

573 5297 828 5368 presenti
860 5297 971 5356 vita
1009 5303 1321 5352 concertat:
1360 5296 1675 5351 necessario
1709 5297 1937 5350 docetur
1965 5304 2024 5349 ut
2054 5313 2141 5351 re-

2257 5023 2393 5087 γεῖν.
2445 5021 2555 5076 Καὶ
2599 5021 2896 5092 ἐπειδήπερ
2939 5023 2988 5074 οἱ
3033 5023 3130 5092 μὲν
3176 5025 3556 5094 χειμαζόμενοι
3596 5019 3747 5082 στέγης.

2255 5114 2302 5165 οἱ
2355 5113 2411 5165 δὲ
2469 5112 2612 5166 κατὰ
2674 5113 2771 5184 τὴν
2825 5113 3098 5167 θάλασσαν
3162 5115 3601 5187 κλυδωνιζόμενοι
3649 5109 3750 5177 λιμέ-

2253 5223 2362 5268 νος,
2407 5207 2458 5258 oi
2515 5206 2572 5258 δὲ
2621 5206 2727 5259 ὑπὸ
2751 5206 2961 5279 ἐχθρῶν
3017 5207 3112 5260 καὶ
3165 5207 3446 5277 πολεμίων
3498 5207 3528 5277 ἦ
3578 5204 3652 5257 καὶ
3691 5199 3750 5261 57:
3852 5255 3853 5280 η

2254 5298 2362 5368 ρῶν
2394 5298 2598 5370 ἀγρίων
2618 5298 2958 5369 διωκόμενοι,
2991 5298 3198 5368 τείχους
3224 5301 3302 5361 είς
3338 5295 3636 5367 καταφυγὴν
3656 5289 3752 5344 δέω·
3852 5309 3853 5322 ξ

574 5390 803 5462 fugium,
828 5401 1412 5466 murum,portumque
1433 5389 1671 5445 salutare
1702 5388 1805 5443 sibi
1839 5396 1988 5459 putet
2020 5403 2143 5444 esse

2252 5407 2365 5443 ταν
2395 5393 2528 5444 πᾶσι
2561 5389 2616 5444 δὲ
2641 5395 2848 5454 τούτοις
2879 5393 2907 5444 ό
2943 5390 3036 5443 τοῦ
3066 5390 3200 5445 Θεοῦ
3233 5390 3518 5463 ἄνθρωπος
3549 5386 3665 5442 κατὰ
3697 5381 3752 5432 τὸν
3852 5441 3853 5456 1

572 5481 898 5548 Dominum;
935 5491 994 5536 ut
1023 5483 1139 5536 sive
1172 5480 1569 5554 persecutionis
1593 5490 1836 5551 tempore
1868 5481 1938 5534 ab
1961 5479 2142 5533 inimi-

577 5575 652 5630 εἰς
680 5573 979 5645 pellamur,
1012 5574 1127 5630 sive
1172 5571 1242 5626 ab
1287 5571 1653 5627 invisibilibus
1683 5572 1932 5634 hostibus
1969 5585 2142 5640 Oppu-

568 5681 823 5736 gncmur,
856 5665 972 5721 sive
1005 5665 1283 5720 hominum
1313 5665 1366 5718 in
1404 5680 1504 5720 nos
1540 5666 1974 5734 conspirantium
2010 5663 2142 5716 insi-

567 5758 676 5812 diis
715 5763 1011 5820 tentcmur,
1038 5757 1325 5828 vigilan’tcr
1363 5758 1428 5811 ad
1466 5755 1756 5810 Dominmn
1803 5766 2050 5809 nostrum
2085 5764 2138 5809 ct

568 5845 740 5906 Deum
764 5847 1166 5918 confugiamus.
1208 5848 1301 5919 qui
1341 5849 1393 5904 in
1425 5849 1774 5920 generatione
1825 5855 1878 5902 ct
1908 5861 2129 5917 genera-

645 5936 690 5968 "
732 5936 878 5999 Eccl.
914 5953 964 6002 ι,
1000 5937 1049 5994 4.

2250 5483 2490 5556 παρόντα
2525 5484 2638 5556 βίον
2678 5484 2922 5537 παλαίει·
2962 5483 3271 5552 ἀναγκαίως
3317 5483 3614 5541 διδάσκεται
3633 5489 3750 5529 κατι·

2248 5575 2423 5647 φυγὴν
2457 5576 2649 5629 ἑαυτοῦ
2683 5576 2777 5631 καί
2807 5579 3003 5648 τεῖχος,
3045 5575 3236 5646 λιμένα
3267 5594 3330 5630 τε
3367 5579 3615 5648 σωτήριον
3652 5569 3750 5640 ἡγεῖ·

2251 5667 2371 5722 σθαι
2398 5667 2491 5720 τὸν
2523 5667 2716 5722 ἑαυτοῦ
2740 5669 2939 5740 Κύριον
2959 5684 2972 5696 ·
3007 5668 3094 5731 ἵν’,
3130 5669 3235 5720 εἴτε
3259 5669 3321 5720 ἐν
3345 5672 3549 5740 καιροῖς
3563 5658 3748 5731 διαγτμιῖίέ

2247 5759 2336 5811 ὑπ’
2371 5758 2579 5830 ἐχθρῶν
2607 5759 2974 5830 ἐλαυνὼμεθα,
3010 5759 3118 5813 εἴτε
3150 5760 3252 5812 ὑπὸ
3273 5761 3520 5831 ἀοράτων
3547 5753 3730 5820 milesii?

2246 5849 2646 5924 πολεμούμεθα,
2676 5852 2784 5904 εἴτε
2820 5852 2922 5906 ὑπὸ
2949 5851 3052 5905 τῶν
3090 5851 3513 5915 συσκευάζεσθαι
3532 5849 3652 5921 ἡμεῖς
3668 5857 3743 5904 β’
