3974 6534
302 423 448 481 “25

1437 444 1941 502 COMMENTARIA
1983 449 2047 503 IN
2086 451 2424 509 PSALMOS.

3412 469 3551 523 “26

288 537 550 610 ρωμένων
579 542 1081 616 ὲπιϐουλευοίμεθα,
1118 552 1394 621 νηφόντως
1433 557 1526 609 ἐπὶ
1552 559 1639 611 τὸν
1666 559 1831 630 Κύριε

1935 603 1941 624 ,
1974 562 2119 617 tione
2143 564 2511 620 invocantium
2546 583 2605 622 se
2644 580 3016 642 propugnator
3042 581 3095 629 ct
3141 580 3417 646 protestor
3446 590 3552 636 est.

284 631 442 700 ήμῶν
484 634 699 688 καὶτὸν
738 637 869 692 Θεὸν
908 641 1338 714 καταφύγοιμεν,
1368 648 1458 700 τὸν
1503 652 1642 705 κατὰ
1675 653 1866 720 γενεὰν

282 725 378 777 καὶ
398 726 589 793 γενεὰν
616 728 933 802 ὑπέρμαχον
968 735 1285 805 γιγνόμενον
1316 741 1407 791 καὶ
1451 741 1866 815 ὑπερασπιστὴν

277 815 388 869 τῶν
424 818 869 890 ἐπικαλουμένων
906 823 1088 879 αὐτόν.
1128 826 1271 879 ’Λντὶ
1308 828 1365 880 δὲ
1398 829 1514 894 τοῦ,
1560 834 1653 885 Ἐν
1690 835 1867 905 γενεᾷ

277 910 379 963 καί
409 909 605 979 γενεᾷ,
635 912 965 985 σαφέστερον
998 917 1026 968 ὁ
1052 917 1347 989 Σύμμαχος
1376 922 1635 988 ἐξέδωκεν
1671 928 1860 996 εἰπὼν,

286 1001 389 1055 Ἑν
416 1000 643 1073 ἑκάστῃ
678 1004 851 1072 γενεᾷ
871 1022 883 1034 ·
914 1008 1006 1060 καὶ
1040 1009 1202 1063 πάλιν
1223 1028 1235 1040 ⁸
1268 1012 1387 1079 Πρὸ
1416 1014 1522 1067 τοῦ
1550 1015 1655 1084 ὅρη
1692 1036 1864 1087 γενη-

271 1091 451 1160 θῆναι
488 1092 589 1146 καί
634 1097 982 1164 πλασθῆναι
1023 1099 1139 1166 τὴν
1178 1099 1293 1170 γῆν
1338 1106 1434 1156 καί
1479 1107 1857 1178 οἰκουμένην,

271 1181 578 1251 συμφώνως
611 1183 746 1254 ὁμοῦ
784 1186 1016 1251 Ἀκύλας
1047 1190 1140 1242 καὶ
1186 1191 1480 1263 Σύμμαχός
1508 1213 1639 1264 φασι
1664 1214 1678 1227 ⁸
1711 1200 1861 1268 Πρὶν

238 1270 241 1273 ’
268 1270 376 1339 ὄρη
402 1272 686 1341 τεχθῆναι
723 1276 820 1329 καὶ
860 1278 1222 1347 ὠδινηθῆναι
1255 1283 1372 1351 γῆν
1400 1285 1495 1339 καί
1527 1287 1640 1353 τὴν
1672 1292 1860 1351 οἰκου-

262 1363 477 1432 μένην.
513 1367 623 1419 Καί
646 1385 735 1438 μοι
758 1369 905 1422 δοκεῖ
934 1372 965 1442 ἡ
1009 1372 1271 1445 Ἐὁραῖκὴ
1300 1375 1444 1441 λέξις
1465 1381 1689 1447 φυσικὸν
1719 1384 1855 1437 ἀπο-

263 1457 557 1512 δεδωκέναι
608 1459 786 1528 λόγον,
828 1462 886 1514 ἐν
927 1463 1109 1528 αὑτοῖς
1153 1465 1475 1522 διδάσκουσα
1505 1471 1579 1543 μὴ
1618 1473 1855 1544 ἀρχῆθεν

265 1548 605 1619 συνυπάρξαι
633 1554 699 1621 τῇ
746 1554 816 1623 γῇ
846 1552 915 1607 τὰ
948 1554 1006 1605 ὲν
1055 1555 1192 1625 αὑτῇ
1225 1556 1348 1628 ὅρη,
1391 1559 1505 1611 ἀλλ’
1546 1561 1853 1633 ἀναφυῆναι

260 1639 418 1709 δίκην
446 1640 554 1693 τῶν
577 1644 911 1714 τικτομένων
928 1661 943 1676 ⁸
970 1644 1050 1698 διὸ
1080 1646 1295 1717 εἴρηται
1315 1663 1328 1675 ⁸
1358 1650 1473 1717 Πρὸ
1500 1652 1604 1707 τοῦ
1629 1653 1734 1723 ὄρη
1764 1674 1855 1725 γε-

259 1725 537 1795 νηθῆναι,
574 1730 631 1801 ἢ,
674 1732 824 1799 Πρὶν
849 1732 955 1801 ὄρη
981 1734 1264 1803 τεχθῆναι
1284 1753 1298 1766 ⁸
1334 1739 1426 1790 καὶ
1459 1739 1604 1804 εἰκὸς
1631 1742 1748 1813 ἅμα
1774 1744 1852 1815 τῷ

257 1817 516 1888 τεχθῆναι
540 1819 607 1873 τὰ
631 1821 731 1895 δρη
763 1824 857 1876 καὶ
883 1824 1258 1895 προϐληθῆναι
1280 1826 1386 1881 ἀπὸ
1409 1828 1506 1900 τῆς
1530 1830 1634 1900 γῆς
1658 1834 1852 1888 καταλ-

1969 652 2075 707 Pro
2107 655 2197 707 illo
2235 665 2439 720 autem,
2473 657 2539 711 In
2586 664 2919 729 generatione
2961 674 3009 717 et
3053 668 3407 734 generatione,
3441 671 3547 724 cla-

1967 745 2081 798 rius
2112 742 2472 815 Symmachus
2495 748 2666 801 edidit
2700 749 2786 804 his
2823 752 3026 815 ver‘bis,
3057 753 3122 807 In
3143 753 3366 824 singulis
3396 773 3550 826 gene-

1966 835 2306 899 rationibus;
2339 852 2401 890 ac
2446 853 2668 894 rursum
2721 840 2859 904 hzec,
2897 843 3193 915 Antequam
3221 861 3420 904 montes
3455 851 3551 920 fie-

1965 935 2099 988 rent,
2133 935 2182 979 et
2215 927 2540 987 formaretur
2587 940 2728 984 terra
2776 944 2825 986 et
2859 936 3038 999 orbis;
3070 938 3264 1009 Aquila
3304 951 3358 996 et
3392 942 3550 1012 Sym-

1964 1017 2192 1072 machus
2230 1020 2481 1074 similiter
2518 1022 2597 1076 sic
2629 1023 2799 1078 edttnt
2834 1044 2848 1079 :
2886 1026 3177 1099 Antequam
3222 1044 3421 1087 montes
3446 1051 3537 1103 pa-

1962 1122 2224 1175 rerentur,
2253 1120 2301 1165 et
2355 1114 2716 1180 parturiretur
2741 1125 2883 1169 terra
2913 1128 2961 1171 et
3013 1120 3174 1175 orbis.
3209 1121 3546 1196 Videturque

1962 1198 2093 1253 mihi
2122 1198 2388 1255 Hebraica
2412 1204 2575 1257 lectio
2604 1205 2887 1276 physicam
2914 1212 3181 1264 rationem
3220 1214 3543 1283 reddidisse,

1960 1288 2167 1347 docens
2217 1308 2329 1346 non
2361 1294 2428 1347 ab
2469 1295 2625 1348 initio
2653 1306 2866 1353 montes
2900 1316 3007 1354 una
3038 1318 3161 1356 cum
3206 1312 3348 1360 terra
3379 1311 3543 1362 exsti-

1960 1379 2115 1446 tisse,
2148 1382 2241 1437 sed
2270 1392 2526 1454 partitum
2554 1385 2728 1440 instar
2754 1397 2904 1446 ortos
2930 1408 3053 1447 esse
3088 1412 3100 1447 :
3135 1409 3305 1464 quare
3334 1397 3539 1453 dictum

1965 1480 2073 1537 est,
2136 1471 2457 1546 Priusquam
2514 1488 2711 1535 montes
2766 1483 2981 1551 ﬁerent;
3042 1493 3155 1550 aut,
3218 1486 3539 1561 Priusquam

1956 1576 2159 1621 montes
2209 1580 2525 1636 parerentur
2548 1588 2567 1625 :
2603 1589 2667 1627 ac
2698 1575 2996 1632 verisimile
3024 1588 3129 1643 est,
3168 1590 3381 1638 montes
3411 1600 3534 1638 cum

1955 1669 2302 1728 parerentur,
2332 1677 2396 1717 ac
2434 1665 2585 1718 velut
2619 1665 2857 1723 infantes
2895 1685 2925 1724 e
2957 1680 3101 1725 terra
3134 1676 3534 1736 emitterentur.

1953 1764 2064 1803 non
2109 1766 2172 1806 ea
2206 1768 2313 1822 qua
2355 1770 2503 1809 nunc
2552 1765 2680 1810 sunt
2725 1740 3056 1818 celsitudine
3090 1765 3293 1833 fuisse;
3329 1767 3422 1823 sed
3450 1785 3537 1827 re-

1953 1856 2086 1898 cens
2115 1852 2297 1908 natos,
2336 1854 2396 1900 ut
2426 1847 2663 1903 infantes
2700 1866 2875 1920 nuper
2913 1862 3086 1919 ortos,
3111 1857 3341 1927 exiguos
3372 1860 3533 1913 minio

257 1905 435 1977 λήλως
474 1912 588 1972 τοῖς
631 1910 892 1982 βρέφεσι,
933 1915 1008 1988 μὴ
1039 1917 1197 1970 ὁποῖα
1225 1915 1321 1970 νῦν
1350 1918 1412 1971 τὸ
1452 1919 1681 1989 μέγεθος
1714 1925 1831 1978 ὑπο-

2288 1905 2293 1908 ,
2778 1905 2828 1920 ,ν
2924 1905 2962 1907 η
3011 1905 3086 1919 --,
3115 1905 3340 1927 η-ον-

1953 1950 2181 2004 mosque
2211 1937 2530 2006 exstitisse;
2565 1940 2935 2013 diuturnoque
2969 1960 3086 2001 aevo
3126 1948 3529 2006 incrementum

255 1999 473 2069 στῆναι,
491 2000 605 2055 ἀλλ’
627 2003 754 2075 ἄρτι
773 2005 871 2076 μὲν
899 2008 1226 2079 γεννηθέντα
1250 2010 1342 2063 καὶ
1356 2011 1636 2082 τεχθέντα,
1655 2015 1843 2089 ὥσπερ

250 2095 518 2167 ἀρτιγενῆ
552 2096 660 2151 τῶν
694 2098 929 2171 βρεφῶν,
972 2103 1143 2175 μικρὰ
1175 2105 1268 2157 καὶ
1293 2106 1551 2178 ἐλάχιστα
1579 2110 1838 2184 ὑπάρξαι.

245 2185 328 2254 τῷ
351 2186 409 2239 δὲ
441 2189 637 2262 μακρῷ
656 2191 812 2245 αἰῶνι
836 2191 1004 2263 αὔξην
1027 2196 1119 2250 καὶ
1143 2197 1373 2267 μέγεθος
1393 2200 1685 2255 ἐπιδοῦναι.
1703 2203 1840 2256 Φασὶ

243 2277 381 2344 γοῦν
408 2281 489 2344 είς
509 2280 588 2335 ἔτι
609 2281 770 2355 δεῦρό
790 2303 933 2349 τινες
951 2286 1061 2339 τῶν
1078 2288 1409 2359 φυσιολόγων
1430 2291 1614 2359 αὔξειν
1629 2293 1696 2346 τὰ
1717 2294 1840 2365 ὅρη,

244 2369 343 2422 καὶ
383 2369 484 2434 τὰς
530 2373 736 2444 πέτρας
772 2375 992 2445 μείζους
1020 2380 1230 2433 ἑαυτῶν
1261 2382 1505 2450 γίνεσθαι
1531 2386 1670 2438 κατά
1693 2404 1844 2451 τινας

248 2457 618 2526 λανθανούσας
639 2466 787 2534 ἡμᾶς
813 2466 901 2520 διὰ
933 2469 1159 2541 μακρῶν
1198 2473 1463 2541 περιόδων
1493 2473 1841 2545 βραχυτάτας

248 2552 587 2623 προσθήκας.
622 2555 775 2609 Ἐπεὶ
800 2556 856 2609 δὲ
884 2558 977 2610 καὶ
1006 2558 1331 2631 ὼδινηθῆναι
1362 2563 1460 2635 τῆν
1488 2566 1589 2637 γῆν
1620 2567 1715 2619 καὶ
1737 2567 1834 2642 τὴν

244 2643 571 2715 οἰκουμένην
604 2645 887 2718 εἰρήκασιν
918 2650 967 2703 οἱ
1000 2650 1452 2721 έρμηνεύσαντες,
1482 2655 1834 2730 ἐξακολουθή-

246 2751 438 2799 σαντες
463 2736 541 2808 τῴ
581 2737 873 2810 Ἐϐραῖκῷ,
901 2741 1110 2812 μήποτε
1145 2744 1237 2796 κειὺ⁸
1267 2745 1357 2797 ἐπὶ
1387 2747 1485 2817 τῆς
1513 2748 1616 2819 γῆς
1636 2750 1695 2802 τὸ
1730 2770 1833 2805 πα-

244 2826 546 2899 ραπλήσιον
590 2833 703 2894 τοῖς
733 2830 882 2904 ὄρεσι
912 2834 1101 2904 νοῆσαι
1138 2838 1422 2907 προσήκει,
1454 2839 1529 2902 ὡς
1561 2841 1619 2908 ἐξ
1640 2843 1829 2914 ἐτέρου

1950 2030 2003 2075 et
2037 2027 2469 2095 magnitudinem
2514 2032 2811 2103 accepisse.
2839 2033 2973 2090 Nam
3013 2039 3235 2108 quidam
3278 2056 3342 2095 ex
3391 2042 3531 2116 phyo

1949 2113 2171 2187 siologis
2199 2119 2469 2191 hodieque
2495 2123 2667 2188 aiunt,
2696 2134 2909 2181 montes
2937 2143 3207 2194 crescere,
3227 2146 3291 2186 ac
3314 2113 3520 2202 petras,

1947 2210 2188 2279 acceptis
2244 2212 2407 2284 longo
2455 2222 2760 2287 temporum
2815 2220 3091 2276 curriculo
3125 2224 3376 2292 modicis,
3410 2239 3531 2296 qua;

1946 2299 2107 2354 nobis
2146 2301 2335 2367 latent,
2362 2305 2736 2371 incrementis,
2768 2312 3005 2380 majores
3034 2314 3238 2368 sensim
3275 2318 3524 2373 evadere.

1944 2387 2081 2454 Quia
2125 2406 2253 2445 vero
2304 2393 2655 2464 interpretes,
2684 2398 3009 2457 Hebraicum
3059 2415 3374 2475 sequentes,
3418 2417 3526 2461 ter-

1942 2494 2058 2532 rum
2110 2489 2163 2535 et
2205 2484 2392 2539 orbem
2445 2489 2748 2557 parturisse
2776 2491 3061 2560 dixerunt;
3098 2512 3227 2550 num
3264 2499 3427 2553 etiam
3458 2501 3526 2555 de

1943 2578 2089 2626 terra
2142 2574 2294 2642 paria
2331 2575 2397 2630 iis
2443 2593 2564 2646 qua:
2596 2579 2663 2634 de
2698 2584 2975 2640 montibus
3009 2589 3251 2656 cogitare
3278 2604 3376 2658 par
3404 2592 3523 2644 lue-

1941 2661 2031 2726 rit,
2072 2665 2229 2734 quasi
2262 2666 2378 2735 ipsa
2412 2684 2635 2738 quoque
2673 2687 2740 2725 ex
2779 2675 2888 2728 alio
2919 2677 3189 2733 elemento
3232 2682 3515 2750 procedat,

1939 2755 2011 2809 ita
2049 2764 2107 2809 ut
2132 2758 2296 2812 etiam
2335 2760 2425 2813 illa
2458 2763 2635 2830 prius,
2668 2767 2827 2833 quasi
2861 2782 2892 2820 a
2924 2773 3335 2839 praegnantibus
3374 2780 3426 2828 et
3457 2775 3512 2827 in

1938 2855 2097 2916 partu
2119 2848 2338 2904 dolores
2368 2852 2723 2921 patientibus,
2759 2860 3163 2926 parturire-tur?

245 2920 511 2991 στοιχείου
536 2923 907 2995 προελθούσης
936 2926 1128 2997 αὑτῆς,
1171 2928 1556 3002 καὶπρότερον
1616 2934 1713 3003 μὲν
1770 2935 2121 3009 ὼδινηθείσης
2163 2940 2320 3011 δίκην
2370 2920 2482 2995 τῶν
2525 2948 2928 3017 κυοφορουσῶν,
2960 2952 3052 3003 καὶ
3077 2954 3133 3003 ὲν
3173 2952 3252 3023 τῷ
3310 2954 3521 3008 τίκτειν

239 3014 629 3086 ὑπομενουσῶν
651 3016 847 3082 ὠδῖνας
867 3035 881 3084 ;

309 3133 376 3186 Εἰ
404 3132 449 3185 δ’
476 3128 569 3187 οὖν
621 3134 947 3206 συνέστηκεν
984 3136 1012 3187 ὁ
1048 3136 1157 3191 τῶν
1200 3140 1445 3208 φυσικῶν
1484 3140 1640 3211 λόγος
1672 3145 1700 3197 ὁ
1729 3144 1831 3213 φά-

2010 3144 2068 3199 Si
2096 3147 2282 3218 itaque
2306 3148 2658 3220 physicorum
2694 3166 2874 3206 sermo
2899 3159 3134 3215 constet,
3168 3155 3261 3224 qui
3295 3155 3372 3209 ait
3394 3160 3514 3227 pri-

237 3241 408 3290 σκων,
444 3226 662 3299 πρῶτον
711 3233 973 3299 στοιχεῖον
1012 3232 1292 3299 γεγονέναι
1323 3234 1383 3286 τὸ
1426 3233 1589 3306 ὕδωρ,
1614 3231 1731 3289 εἶτα
1772 3236 1831 3303 ἐξ

1938 3253 2086 3291 mttm
2125 3239 2456 3296 elementum
2510 3240 2686 3297 fuisse
2739 3258 2936 3313 aquam
2962 3283 2979 3308 ,
3032 3245 3229 3301 deinde
3268 3264 3401 3304 vero
3442 3266 3513 3306 ex

235 3317 432 3383 ὓδατος
477 3320 570 3372 καὶ
620 3321 719 3391 τῆς
764 3322 939 3394 ὑγρᾶς
978 3324 1165 3387 οὐσίας
1216 3325 1517 3395 ὑποστῆναι
1557 3327 1625 3380 τὰ
1669 3328 1831 3382 λοιπὰ

1935 3343 2074 3399 aqua
2111 3338 2166 3386 et
2202 3331 2425 3386 humida
2458 3334 2787 3400 substantia,
2822 3336 3031 3406 reliqua
3066 3338 3333 3393 elementa
3380 3341 3514 3401 sub-

236 3412 513 3479 στοιχεῖα·
544 3409 692 3464 εἴποι
743 3412 809 3466 ἄν
837 3431 921 3477 τις
961 3414 1119 3468 τοῦτο
1159 3416 1254 3469 καὶ¹
1282 3418 1376 3471 ἐπὶ
1414 3420 1513 3490 τῆς
1549 3420 1829 3492 παρούσης

1935 3420 2142 3476 stitisse
2166 3439 2180 3487 ;
2203 3421 2405 3478 dixerit
2442 3423 2673 3480 fortasse
2696 3426 2989 3495 quispiam,
3026 3427 3130 3482 hoc
3161 3430 3215 3483 in
3255 3433 3512 3500 praesenti

230 3499 459 3572 Γραφῆς
497 3503 858 3573 σημαίνεσθαι
901 3506 1189 3579 δηλούσης,
1232 3510 1313 3563 ὅτι
1344 3507 1413 3582 ἧν
1447 3513 1535 3564 ὅτε
1567 3513 1625 3565 ὲν
1655 3514 1826 3586 ἑτέρῳ

228 3590 369 3647 οὖσα
394 3597 427 3665 ἡ
453 3595 527 3665 γῆ
553 3597 800 3668 στοιχείῳ
823 3599 1031 3670 ἀφανὴς
1059 3595 1148 3671 ἦν,
1178 3604 1451 3675 κυουμένη
1475 3604 1571 3657 καὶ
1597 3606 1827 3678 συλλαμ-

229 3686 504 3758 ϐανομένη
537 3689 596 3741 ἐν
640 3692 703 3761 τῇ
738 3690 899 3760 φύσει
926 3692 1026 3763 τῆς
1069 3694 1242 3765 ὑγρᾶς
1281 3696 1485 3760 οὐσίας.
1517 3698 1607 3751 Διὸ
1641 3701 1735 3753 καὶ
1766 3702 1825 3753 ὲν

223 3781 296 3850 τῇ
342 3782 672 3853 κοσμοποιία
712 3783 956 3855 εἴρηται⁸
999 3784 1069 3837 ἸΙ
1110 3785 1179 3839 δὲ
1216 3785 1293 3856 γῆ
1332 3784 1412 3858 ἦν
1443 3789 1692 3856 ἀόρατος
1726 3792 1824 3845 καὶ

226 3871 801 3940 ἀκατασκεύαστος·
845 3877 943 3929 καὶ
983 3879 1206 3944 σκότος
1249 3878 1450 3933 ἐπάνω
1492 3879 1602 3949 τῆς
1636 3882 1822 3935 ἀϐύσ-

222 3977 383 4016 σου·
419 3963 533 4017 ἀλλ’
582 3963 809 4037 ὕστερον
849 3966 1038 4040 ὥσπερ
1088 3969 1519 4041 ἀπογεννηθεῖσα
1551 3972 1821 4043 προῆλθεν

217 4055 293 4106 ἑκ
323 4054 422 4125 τῆς
447 4055 555 4107 τῶν
581 4056 786 4110 ὑδάτων
818 4058 1025 4122 οὑσίας.
1070 4060 1168 4113 οὑκ
1200 4059 1327 4114 ἄνευ
1356 4061 1506 4126 θείας
1539 4062 1820 4134 δυνάμεως

220 4146 325 4199 καὶ
352 4147 659 4219 κρείττονος
699 4149 945 4220 ἀνάγκης
986 4152 1331 4224 ἐπιτεθείσης
1368 4156 1506 4227 αὑτῇ
1528 4170 1539 4183 ⁸
1576 4155 1713 4225 αὕτη
1759 4157 1817 4209 δὲ

215 4236 295 4311 ῆν
322 4241 353 4310 ἡ
382 4239 478 4292 τοῦ
513 4242 859 4314 Δημιουργοῦ
896 4242 1169 4316 βούλησις.
1199 4245 1287 4308 Ὠς
1310 4246 1419 4318 γὰρ
1449 4247 1541 4298 ἐπὶ
1568 4246 1677 4299 τῶν
1700 4264 1820 4300 κυο-

218 4330 509 4399 φορουσῶν
551 4331 846 4398 γυναικῶν,
881 4332 1001 4403 βίας
1047 4335 1143 4387 καὶ
1190 4335 1437 4408 ἀνάγκης
1483 4337 1816 4408 ἐπελθούσης

214 4421 439 4485 αὑταῖς,
469 4422 530 4475 τὸ
559 4424 700 4477 κατὰ
737 4426 975 4497 γαστρὸς
1022 4427 1344 4497 προάγεται,
1380 4428 1474 4481 τοῦ
1508 4429 1811 4501 ὡρισμένου

1932 3511 2218 3583 Scriptura
2258 3514 2579 3585 signiﬁcari,
2623 3532 2687 3571 ac
2744 3518 3033 3585 declarari,
3074 3518 3245 3575 fuisse
3297 3528 3513 3593 tempus

1929 3620 2055 3659 cum
2088 3614 2233 3662 terra
2267 3610 2321 3663 in
2363 3610 2471 3663 alio
2509 3612 2779 3666 elemento
2829 3614 3027 3683 posita,
3076 3616 3180 3670 sub
3224 3626 3508 3688 aspectum

1927 3713 2039 3753 non
2080 3700 2322 3764 caderet,
2356 3701 2514 3770 quasi
2569 3710 2727 3757 utero
2778 3712 2989 3774 gestata
3046 3714 3100 3761 et
3139 3717 3400 3778 concepta
3452 3711 3507 3766 in

1927 3788 2166 3843 humidae
2194 3790 2516 3846 substantiae
2559 3800 2774 3846 natura.
2817 3792 2996 3859 Quare
3040 3796 3093 3850 in
3130 3798 3316 3851 mundi
3351 3814 3505 3855 crea-

1925 3878 2074 3933 tione
2100 3878 2362 3933 dicitur"
2390 3901 2401 3935 :
2430 3882 2593 3936 Terra
2608 3893 2783 3937 autem
2805 3896 2917 3938 erat
2946 3886 3226 3942 invisibilis
3253 3898 3302 3942 et
3317 3891 3489 3944 incom

1922 3971 2118 4037 posita,
2154 3980 2203 4024 et
2246 3971 2468 4026 tenebrae
2517 3990 2672 4041 super
2729 3975 3019 4045 abyssum;
3071 3977 3167 4032 sed
3226 3989 3503 4050 postremo

1922 4062 2082 4131 quasi
2128 4064 2308 4132 genita
2349 4079 2417 4118 ex
2464 4080 2728 4135 aquarum
2785 4068 3096 4123 substantia
3136 4073 3359 4140 prodiit,
3390 4090 3498 4129 non

1922 4155 2043 4209 sine
2062 4154 2244 4209 divina
2276 4156 2500 4223 virtute,
2533 4158 2628 4212 sed
2668 4158 2863 4227 majori
2904 4169 3097 4215 coacta
3129 4163 3179 4216 vi
3215 4172 3269 4216 et
3310 4180 3498 4221 neces-

1921 4245 2083 4301 sitate
2113 4265 2125 4300 :
2159 4246 2273 4301 haec
2304 4263 2431 4301 vero
2453 4257 2571 4303 erat
2604 4249 2884 4306 Creatoris
2910 4252 3183 4307 voluntas.
3223 4254 3499 4319 Quemad-

1918 4337 2138 4392 modum
2174 4339 2318 4393 enim
2350 4355 2378 4393 a
2410 4341 2819 4411 praegnantibus
2843 4344 3184 4407 mulieribus,
3209 4345 3500 4405 imminen-

1918 4436 1970 4484 te
2019 4430 2071 4483 vi
2118 4445 2182 4484 ac
2214 4433 2565 4494 necessitate,
2613 4432 2838 4487 definito
2891 4445 3082 4503 partus
3136 4445 3379 4505 tempore
3412 4439 3499 4497 in-

215 4516 416 4588 χρδνου
443 4516 543 4587 τῆς
580 4518 886 4583 ἀποτέξεως
913 4521 1255 4585 ἐπιστάντος,
1288 4521 1407 4575 καθ’
1440 4522 1497 4575 ὃν
1527 4523 1808 4579 ὠδίνουσαι

1935 4530 2115 4588 stante,
2166 4524 2311 4594 quod
2375 4524 2428 4577 in
2482 4536 2633 4580 utero
2676 4533 2793 4580 erat
2848 4527 3135 4590 emittitur,
3174 4537 3336 4599 atque
3389 4531 3492 4586 illa:

213 4608 464 4661 τίκτουσι
483 4623 496 4637 ⁸
520 4608 612 4661 τὸν
636 4609 796 4663 αὑτὸν
815 4610 1015 4681 τρόπον
1037 4612 1263 4683 δυνάμει
1286 4614 1380 4667 καὶ
1402 4615 1563 4686 σοφίᾳ
1583 4614 1676 4668 τοῦ
1697 4617 1806 4670 τῶν

210 4699 359 4753 ὅλων
388 4698 720 4771 δημιουργοῦ
759 4704 865 4772 γῆν
896 4704 992 4756 καὶ
1018 4704 1114 4773 τὴν
1141 4704 1251 4757 τῶν
1286 4704 1588 4777 ἀνθρώπων
1629 4708 1808 4760 οἰκου-

216 4791 394 4862 μένην
422 4792 490 4846 τὰ
533 4791 700 4846 ὕδατα
736 4794 1130 4864 προηνέγκατο.
1163 4796 1273 4849 Καὶ
1301 4796 1444 4850 τοῦτ’
1480 4798 1804 4870 ἐπληροῦτο,

212 4883 457 4952 ὁπηνίκα
492 4879 644 4937 εἷπεν
670 4886 700 4937 ὀ
731 4884 897 4947 Θεός·
926 4886 1286 4953 Συναχθήτω
1322 4887 1395 4941 τὰ
1432 4887 1622 4942 ὕδατα
1658 4891 1806 4944 ὑπο-

213 4974 379 5029 κάτω
432 4974 537 5031 τοῦ
590 4976 853 5045 οὐρανοῦ
905 4980 992 5042 εἰς
1047 4979 1410 5048 συναγωγὴν
1467 4982 1647 5050 μίαν,
1706 4982 1804 5035 καί

213 5067 457 5137 ὀφθήτω
489 5071 526 5137 ἡ
552 5070 725 5138 ξηρά.
769 5071 878 5125 Καὶ
933 5071 1170 5141 ἐγένετο
1207 5072 1377 5126 οὕτω.
1407 5074 1516 5128 Θέα
1560 5076 1670 5146 γάρ
1714 5093 1804 5146 μοι

210 5163 283 5231 τῇ
308 5160 515 5233 διανοίᾳ
546 5162 645 5232 τὴν
671 5162 774 5233 γῆν
809 5162 955 5216 ἔνδον
988 5164 1046 5214 ὲν
1082 5165 1193 5226 τοῖς
1226 5162 1379 5217 ὕδασι
1403 5164 1568 5219 πάλαι
1604 5166 1805 5236 πρότε-

212 5268 311 5325 ρον
356 5253 832 5323 ὲγκεκρυμμένην,
873 5254 1075 5324 τρόπον
1105 5272 1165 5307 τε
1205 5254 1347 5319 ἰλύος
1378 5256 1801 5329 ἀναλελυμένην,

212 5344 311 5397 καὶ
336 5344 416 5414 τῷ
441 5344 631 5416 πλήθει
655 5346 763 5398 τῶν
784 5346 990 5400 ὑδάτων
1021 5347 1492 5419 ἀνακεκραμένην,
1516 5349 1591 5413 ὼς
1619 5351 1799 5423 ἁφανῆ

212 5431 354 5489 εἶναι
380 5436 474 5489 καὶ
504 5437 734 5507 ἀόρατον
754 5455 767 5468 ⁸
802 5438 882 5491 διὸ
900 5437 1160 5506 λέγεσθαι
1185 5454 1197 5467 ⁸
1242 5440 1313 5494 Ἠ
1336 5442 1403 5494 δὲ
1429 5441 1499 5512 γῆ
1525 5440 1601 5513 ἦν
1630 5445 1801 5511 ἀόρα-

209 5544 318 5593 τος
370 5529 467 5581 καὶ
511 5530 1042 5597 ἀκατασκεύαστος
1067 5546 1080 5559 ⁸
1125 5526 1223 5585 εἷθ’
1272 5532 1496 5605 ὓστερον
1549 5536 1798 5608 βουλήσει

209 5619 351 5672 Θεοῦ
406 5620 574 5691 αὑτὴν
625 5622 1000 5693 συναγομένην
1047 5621 1334 5680 πιλοῦσθαι
1386 5628 1648 5699 πρότερον
1701 5628 1796 5681 καὶ

1915 4630 2040 4669 cum
2071 4615 2259 4670 dolore
2299 4617 2554 4685 pariunt;
2590 4615 2779 4671 eodem
2818 4633 3046 4686 prorsus
3083 4620 3243 4673 modo
3269 4621 3487 4681 univcr-

1914 4719 2103 4758 sorum
2156 4705 2366 4776 Opiﬁcis
2402 4705 2453 4758 vi
2505 4712 2559 4758 et
2614 4704 2901 4775 sapientia,
2939 4714 3137 4759 terram
3200 4716 3253 4761 et
3305 4709 3491 4764 orbem

1911 4811 2068 4866 aqua;
2099 4797 2470 4865 protulerunt.
2506 4795 2573 4847 Et
2601 4796 2705 4849 hoc
2738 4795 3069 4865 implebatur
3101 4798 3322 4867 quando
3355 4800 3493 4855 dixit

1911 4890 2058 4944 Deus
2084 4888 2131 4919 ⁵⁰
2162 4906 2174 4941 ;
2205 4886 2596 4957 Congregentur
2612 4904 2761 4958 aquae
2791 4888 2886 4941 sub
2904 4890 3029 4942 cazlo
3052 4891 3105 4943 in
3137 4892 3491 4949 collectionem

1910 4997 2095 5048 unum,
2117 4991 2167 5036 et
2189 4992 2442 5051 appareat
2475 4982 2652 5035 arida.
2691 4981 2759 5033 Et
2793 4980 2994 5049 factum
3023 4992 3100 5036 est
3132 4984 3230 5038 ita.
3260 4984 3321 5036 Et
3352 5001 3489 5039 con-

1909 5075 2141 5136 sideres,
2168 5090 2373 5144 quaeso,
2402 5083 2603 5129 terram
2646 5074 2699 5129 in
2731 5076 2888 5144 aquis
2914 5076 3042 5129 olim
3083 5076 3485 5140 absconditam,

1909 5176 2075 5237 atque
2115 5168 2289 5221 instar
2322 5167 2420 5220 luti
2459 5167 2717 5230 solutam,
2758 5178 2812 5221 et
2837 5183 3103 5237 aquarum
3147 5169 3486 5227 multitudini

1907 5260 2261 5314 commixtam
2299 5259 2498 5323 fuisse;
2532 5258 2607 5311 ita
2632 5266 2689 5312 ut
2711 5259 3004 5314 invisibilis
3032 5269 3087 5314 et
3117 5260 3335 5313 occulta
3370 5276 3487 5319 ma-

1907 5358 2060 5405 neret
2096 5370 2109 5404 :
2144 5358 2477 5423 quapropter
2505 5350 2730 5414 dicitur,
2759 5349 2923 5403 Terra
2948 5360 3125 5406 autem
3155 5360 3269 5405 erat
3298 5350 3483 5404 inuisi—

1904 5443 2023 5498 bilis
2057 5453 2106 5498 et
2148 5444 2533 5512 incomposita;
2564 5443 2759 5498 deinde
2790 5460 2917 5499 vero
2961 5460 3025 5499 ex
3075 5443 3168 5497 Dei
3204 5444 3485 5500 voluntate

1901 5546 2243 5608 compactam
2283 5546 2338 5593 et
2366 5538 2710 5608 coagulatam
2742 5537 2934 5600 fuisse,
2960 5543 3014 5591 et
3041 5544 3227 5605 postea
3261 5537 3482 5593 confer-

1900 5629 1999 5683 tim
2030 5629 2086 5684 in
2127 5629 2303 5685 lucem
2339 5630 2565 5692 editam,
2604 5629 2658 5684 in
2697 5644 2891 5697 purum
2927 5642 3105 5682 aerem
3148 5630 3479 5685 emersisse:

213 5713 656 5784 συμπήγνυσθαι,
692 5716 786 5768 καὶ
813 5716 951 5785 μετὰ
994 5717 1166 5772 ταῦτα
1195 5720 1405 5791 ἀθρόως
1442 5720 1795 5776 ἀναδοθεῖσαν

1935 5722 2363 5788 tanimadverte,
2390 5722 2525 5777 nihil
2544 5722 2655 5778 fere
2680 5730 2791 5776 tum
2818 5722 3198 5781 intercessisse
3215 5721 3483 5784 discrimi-

284 5868 331 5904 δ’
369 5869 506 5926 Gen.
544 5887 596 5936 ι,
635 5872 689 5927 2.
767 5873 812 5905 ⁵⁸
851 5873 983 5928 Gen.
1024 5889 1059 5940 ι,
1092 5875 1145 5929 9.
