  <div class='ocr_page' id='page_1' title='image "/cluster/home/n/w/nwhite01/storage/ocr_20150623/23/hvd.32044019207711/593.png"; bbox 0 0 3974 6556; ppageno 0'>
   <div class='ocr_carea' id='block_1_1' title="bbox 585 470 720 526">
    <p class='ocr_par' dir='ltr' id='par_1_1' title="bbox 585 470 720 526">
     <span class='ocr_line' id='line_1_1' title="bbox 585 470 720 526; baseline 0.015 -2"><span class='ocrx_word' id='word_1_1' title='bbox 585 470 720 526; x_wconf 75' lang='lat'><strong>“9.7</strong></span> 
     </span>
    </p>
   </div>
   <div class='ocr_carea' id='block_1_2' title="bbox 1281 462 3114 526">
    <p class='ocr_par' dir='ltr' id='par_1_2' title="bbox 1281 462 3114 526">
     <span class='ocr_line' id='line_1_2' title="bbox 1281 462 3114 526; baseline -0.002 -4"><span class='ocrx_word' id='word_1_2' title='bbox 1281 469 1547 526; x_wconf 82' lang='lat' dir='ltr'><strong>EUSEBll</strong></span> <span class='ocrx_word' id='word_1_3' title='bbox 1582 465 2057 523; x_wconf 66' lang='lat' dir='ltr'><strong>C.£SARiENSIS</strong></span> <span class='ocrx_word' id='word_1_4' title='bbox 2090 465 2237 520; x_wconf 72' lang='lat' dir='ltr'><strong>Ol’l’.</strong></span> <span class='ocrx_word' id='word_1_5' title='bbox 2278 465 2454 520; x_wconf 64' lang='lat' dir='ltr'><strong>PARS</strong></span> <span class='ocrx_word' id='word_1_6' title='bbox 2490 462 2577 523; x_wconf 80' lang='grc' dir='ltr'>ιιι.</span> <span class='ocrx_word' id='word_1_7' title='bbox 2608 495 2678 506; x_wconf 71' lang='grc' dir='ltr'><strong>-ο</strong></span> <span class='ocrx_word' id='word_1_8' title='bbox 2712 463 3114 519; x_wconf 71' lang='lat' dir='ltr'><strong>EXEGETICA.</strong></span> 
     </span>
    </p>
   </div>
   <div class='ocr_carea' id='block_1_3' title="bbox 3620 473 3711 530">
    <p class='ocr_par' dir='ltr' id='par_1_3' title="bbox 3620 473 3711 530">
     <span class='ocr_line' id='line_1_3' title="bbox 3620 473 3711 530; baseline 0.055 -5"><span class='ocrx_word' id='word_1_9' title='bbox 3620 473 3711 530; x_wconf 67' lang='lat' dir='ltr'><strong>nes</strong></span> 
     </span>
    </p>
   </div>
   <div class='ocr_carea' id='block_1_4' title="bbox 585 585 2149 660">
    <p class='ocr_par' dir='ltr' id='par_1_4' title="bbox 585 588 2136 659">
     <span class='ocr_line' id='line_1_4' title="bbox 585 588 2136 659; baseline -0.004 -14"><span class='ocrx_word' id='word_1_10' title='bbox 585 591 827 646; x_wconf 86' lang='lat' dir='ltr'><strong>nisinter</strong></span> <span class='ocrx_word' id='word_1_11' title='bbox 854 589 1002 644; x_wconf 83' lang='lat' dir='ltr'><strong>illam</strong></span> <span class='ocrx_word' id='word_1_12' title='bbox 1035 598 1086 643; x_wconf 89' lang='lat' dir='ltr'><strong>et</strong></span> <span class='ocrx_word' id='word_1_13' title='bbox 1130 604 1190 644; x_wconf 90' lang='lat' dir='ltr'><strong>ea</strong></span> <span class='ocrx_word' id='word_1_14' title='bbox 1220 604 1340 658; x_wconf 67' lang='lat' dir='ltr'><strong>quae</strong></span> <span class='ocrx_word' id='word_1_15' title='bbox 1377 605 1442 643; x_wconf 79' lang='lat' dir='ltr'><strong>ex</strong></span> <span class='ocrx_word' id='word_1_16' title='bbox 1467 597 1623 643; x_wconf 90' lang='lat' dir='ltr'><strong>utero</strong></span> <span class='ocrx_word' id='word_1_17' title='bbox 1659 592 1973 659; x_wconf 75' lang='lat' dir='ltr'><strong>gignuntur.</strong></span> <span class='ocrx_word' id='word_1_18' title='bbox 2005 588 2136 640; x_wconf 81' lang='lat' dir='ltr'><strong>Cum</strong></span> 
     </span>
    </p>
   </div>
   <div class='ocr_carea' id='block_1_5' title="bbox 2238 585 3709 660">
    <p class='ocr_par' dir='ltr' id='par_1_5' title="bbox 2247 585 3709 660">
     <span class='ocr_line' id='line_1_5' title="bbox 2247 585 3709 660; baseline 0.002 -20"><span class='ocrx_word' id='word_1_19' title='bbox 2247 589 2326 651; x_wconf 82' lang='grc' dir='ltr'>εἰς</span> <span class='ocrx_word' id='word_1_20' title='bbox 2356 587 2471 656; x_wconf 78' lang='grc' dir='ltr'><strong>φῶς</strong></span> <span class='ocrx_word' id='word_1_21' title='bbox 2517 586 2815 658; x_wconf 81' lang='grc' dir='ltr'>προελθεῖν,</span> <span class='ocrx_word' id='word_1_22' title='bbox 2847 585 2940 638; x_wconf 78' lang='grc' dir='ltr'>καὶ</span> <span class='ocrx_word' id='word_1_23' title='bbox 2971 585 3242 654; x_wconf 64' lang='grc' dir='ltr'>ἀνακύψαι</span> <span class='ocrx_word' id='word_1_24' title='bbox 3276 587 3348 647; x_wconf 82' lang='grc' dir='ltr'>εἰς</span> <span class='ocrx_word' id='word_1_25' title='bbox 3381 586 3577 658; x_wconf 56' lang='grc' dir='ltr'>καθαῷν</span> <span class='ocrx_word' id='word_1_26' title='bbox 3605 592 3709 660; x_wconf 61' lang='grc' dir='ltr'>ἀέρι.</span> 
     </span>
    </p>
   </div>
   <div class='ocr_carea' id='block_1_6' title="bbox 585 678 2150 750">
    <p class='ocr_par' dir='ltr' id='par_1_6' title="bbox 585 678 2150 750">
     <span class='ocr_line' id='line_1_6' title="bbox 585 678 2150 750; baseline -0.002 -17"><span class='ocrx_word' id='word_1_27' title='bbox 585 679 747 750; x_wconf 82' lang='lat' dir='ltr'><strong>igitur</strong></span> <span class='ocrx_word' id='word_1_28' title='bbox 772 693 838 732; x_wconf 79' lang='lat' dir='ltr'><strong>ex</strong></span> <span class='ocrx_word' id='word_1_29' title='bbox 863 678 1023 748; x_wconf 82' lang='lat' dir='ltr'><strong>aquis</strong></span> <span class='ocrx_word' id='word_1_30' title='bbox 1055 693 1268 733; x_wconf 85' lang='lat' dir='ltr'><strong>emersa</strong></span> <span class='ocrx_word' id='word_1_31' title='bbox 1306 678 1568 748; x_wconf 88' lang='lat' dir='ltr'><strong>prodiret,</strong></span> <span class='ocrx_word' id='word_1_32' title='bbox 1593 687 1725 733; x_wconf 90' lang='lat' dir='ltr'><strong>tunc</strong></span> <span class='ocrx_word' id='word_1_33' title='bbox 1754 679 1898 748; x_wconf 73' lang='lat' dir='ltr'><strong>gigni</strong></span> <span class='ocrx_word' id='word_1_34' title='bbox 1921 686 1974 733; x_wconf 92' lang='lat' dir='ltr'><strong>et</strong></span> <span class='ocrx_word' id='word_1_35' title='bbox 2002 678 2150 732; x_wconf 84' lang='lat' dir='ltr'><strong>nasci</strong></span> 
     </span>
    </p>
   </div>
   <div class='ocr_carea' id='block_1_7' title="bbox 582 769 2155 839">
    <p class='ocr_par' dir='ltr' id='par_1_7' title="bbox 582 769 2155 839">
     <span class='ocr_line' id='line_1_7' title="bbox 582 769 2155 839; baseline -0.001 -15"><span class='ocrx_word' id='word_1_36' title='bbox 582 770 865 825; x_wconf 84' lang='lat' dir='ltr'><strong>videbatur</strong></span> <span class='ocrx_word' id='word_1_37' title='bbox 901 788 914 822; x_wconf 91' lang='lat'>:</span> <span class='ocrx_word' id='word_1_38' title='bbox 949 776 1076 823; x_wconf 90' lang='lat' dir='ltr'><strong>ante</strong></span> <span class='ocrx_word' id='word_1_39' title='bbox 1105 777 1284 823; x_wconf 88' lang='lat' dir='ltr'><strong>ortum</strong></span> <span class='ocrx_word' id='word_1_40' title='bbox 1319 784 1447 824; x_wconf 87' lang='lat' dir='ltr'><strong>vero</strong></span> <span class='ocrx_word' id='word_1_41' title='bbox 1485 770 1635 824; x_wconf 91' lang='lat' dir='ltr'><strong>intus</strong></span> <span class='ocrx_word' id='word_1_42' title='bbox 1674 769 1728 823; x_wconf 91' lang='lat' dir='ltr'><strong>in</strong></span> <span class='ocrx_word' id='word_1_43' title='bbox 1773 770 1931 839; x_wconf 81' lang='lat' dir='ltr'><strong>aquis</strong></span> <span class='ocrx_word' id='word_1_44' title='bbox 1976 769 2032 822; x_wconf 94' lang='lat' dir='ltr'><strong>in</strong></span> <span class='ocrx_word' id='word_1_45' title='bbox 2071 769 2155 822; x_wconf 90' lang='lat' dir='ltr'><strong>lu-</strong></span> 
     </span>
    </p>
   </div>
   <div class='ocr_carea' id='block_1_8' title="bbox 581 859 2156 931">
    <p class='ocr_par' dir='ltr' id='par_1_8' title="bbox 581 859 2156 931">
     <span class='ocr_line' id='line_1_8' title="bbox 581 859 2156 931; baseline -0.001 -16"><span class='ocrx_word' id='word_1_46' title='bbox 581 869 694 916; x_wconf 91' lang='lat' dir='ltr'><strong>tum</strong></span> <span class='ocrx_word' id='word_1_47' title='bbox 745 867 1048 930; x_wconf 89' lang='lat' dir='ltr'><strong>compacta,</strong></span> <span class='ocrx_word' id='word_1_48' title='bbox 1083 865 1136 915; x_wconf 87' lang='lat' dir='ltr'><strong>et</strong></span> <span class='ocrx_word' id='word_1_49' title='bbox 1169 859 1342 914; x_wconf 86' lang='lat' dir='ltr'><strong>instar</strong></span> <span class='ocrx_word' id='word_1_50' title='bbox 1369 860 1484 913; x_wconf 89' lang='lat' dir='ltr'><strong>limi</strong></span> <span class='ocrx_word' id='word_1_51' title='bbox 1529 860 1584 914; x_wconf 92' lang='lat' dir='ltr'><strong>in</strong></span> <span class='ocrx_word' id='word_1_52' title='bbox 1628 863 1845 931; x_wconf 88' lang='lat' dir='ltr'><strong>propria</strong></span> <span class='ocrx_word' id='word_1_53' title='bbox 1892 861 2156 930; x_wconf 81' lang='lat' dir='ltr'><strong>gravitate</strong></span> 
     </span>
    </p>
   </div>
   <div class='ocr_carea' id='block_1_9' title="bbox 581 949 2154 1020">
    <p class='ocr_par' dir='ltr' id='par_1_9' title="bbox 581 949 2154 1020">
     <span class='ocr_line' id='line_1_9' title="bbox 581 949 2154 1020; baseline 0 -16"><span class='ocrx_word' id='word_1_54' title='bbox 581 950 892 1005; x_wconf 82' lang='lat' dir='ltr'><strong>subsistens</strong></span> <span class='ocrx_word' id='word_1_55' title='bbox 925 959 980 1004; x_wconf 92' lang='lat' dir='ltr'><strong>et</strong></span> <span class='ocrx_word' id='word_1_56' title='bbox 1027 951 1344 1014; x_wconf 89' lang='lat' dir='ltr'><strong>considens,</strong></span> <span class='ocrx_word' id='word_1_57' title='bbox 1383 958 1515 1003; x_wconf 91' lang='lat' dir='ltr'><strong>tunc</strong></span> <span class='ocrx_word' id='word_1_58' title='bbox 1556 950 2006 1020; x_wconf 82' lang='lat' dir='ltr'><strong>concipiebatur;</strong></span> <span class='ocrx_word' id='word_1_59' title='bbox 2059 949 2154 1004; x_wconf 79' lang='lat' dir='ltr'><strong>de-</strong></span> 
     </span>
    </p>
   </div>
   <div class='ocr_carea' id='block_1_10' title="bbox 584 1041 2155 1114">
    <p class='ocr_par' dir='ltr' id='par_1_10' title="bbox 584 1041 2155 1114">
     <span class='ocr_line' id='line_1_10' title="bbox 584 1041 2155 1114; baseline -0.002 -17"><span class='ocrx_word' id='word_1_60' title='bbox 584 1060 839 1114; x_wconf 86' lang='lat' dir='ltr'><strong>tnumque</strong></span> <span class='ocrx_word' id='word_1_61' title='bbox 863 1044 1021 1114; x_wconf 87' lang='lat' dir='ltr'><strong>quasi</strong></span> <span class='ocrx_word' id='word_1_62' title='bbox 1046 1061 1109 1098; x_wconf 83' lang='lat' dir='ltr'><strong>ex</strong></span> <span class='ocrx_word' id='word_1_63' title='bbox 1152 1053 1306 1098; x_wconf 91' lang='lat' dir='ltr'><strong>utero</strong></span> <span class='ocrx_word' id='word_1_64' title='bbox 1346 1051 1527 1106; x_wconf 89' lang='lat' dir='ltr'><strong>enata,</strong></span> <span class='ocrx_word' id='word_1_65' title='bbox 1561 1052 2012 1110; x_wconf 86' lang='lat' dir='ltr'><strong>terrenorumque</strong></span> <span class='ocrx_word' id='word_1_66' title='bbox 2038 1041 2155 1094; x_wconf 89' lang='lat' dir='ltr'><strong>ani-</strong></span> 
     </span>
    </p>
   </div>
   <div class='ocr_carea' id='block_1_11' title="bbox 582 1133 2153 1201">
    <p class='ocr_par' dir='ltr' id='par_1_11' title="bbox 582 1133 2153 1201">
     <span class='ocr_line' id='line_1_11' title="bbox 582 1133 2153 1201; baseline -0.001 -13"><span class='ocrx_word' id='word_1_67' title='bbox 582 1136 806 1190; x_wconf 87' lang='lat' dir='ltr'><strong>malium</strong></span> <span class='ocrx_word' id='word_1_68' title='bbox 849 1136 1218 1191; x_wconf 79' lang='lat' dir='ltr'><strong>habitaculum</strong></span> <span class='ocrx_word' id='word_1_69' title='bbox 1273 1135 1463 1190; x_wconf 81' lang='lat' dir='ltr'><strong>cll‘ecta</strong></span> <span class='ocrx_word' id='word_1_70' title='bbox 1492 1143 1594 1190; x_wconf 89' lang='lat' dir='ltr'><strong>est.</strong></span> <span class='ocrx_word' id='word_1_71' title='bbox 1627 1133 1830 1188; x_wconf 77' lang='lat' dir='ltr'><strong>Verum</strong></span> <span class='ocrx_word' id='word_1_72' title='bbox 1863 1140 2153 1201; x_wconf 87' lang='lat' dir='ltr'><strong>antequam</strong></span> 
     </span>
    </p>
   </div>
   <div class='ocr_carea' id='block_1_12' title="bbox 582 1223 2151 1293">
    <p class='ocr_par' dir='ltr' id='par_1_12' title="bbox 582 1223 2151 1293">
     <span class='ocr_line' id='line_1_12' title="bbox 582 1223 2151 1293; baseline -0.003 -13"><span class='ocrx_word' id='word_1_73' title='bbox 582 1226 694 1281; x_wconf 74' lang='lat' dir='ltr'><strong>lucc</strong></span> <span class='ocrx_word' id='word_1_74' title='bbox 726 1226 938 1293; x_wconf 77' lang='lat' dir='ltr'><strong>tierent,</strong></span> <span class='ocrx_word' id='word_1_75' title='bbox 962 1234 1017 1282; x_wconf 90' lang='lat' dir='ltr'><strong>et</strong></span> <span class='ocrx_word' id='word_1_76' title='bbox 1047 1234 1172 1280; x_wconf 86' lang='lat' dir='ltr'><strong>ante</strong></span> <span class='ocrx_word' id='word_1_77' title='bbox 1196 1225 1382 1279; x_wconf 90' lang='lat' dir='ltr'><strong>mundi</strong></span> <span class='ocrx_word' id='word_1_78' title='bbox 1414 1224 1891 1287; x_wconf 87' lang='lat' dir='ltr'><strong>constitutionem,</strong></span> <span class='ocrx_word' id='word_1_79' title='bbox 1923 1230 1979 1276; x_wconf 90' lang='lat' dir='ltr'><strong>tu</strong></span> <span class='ocrx_word' id='word_1_80' title='bbox 2014 1223 2151 1292; x_wconf 88' lang='lat' dir='ltr'><strong>ipse,</strong></span> 
     </span>
    </p>
   </div>
   <div class='ocr_carea' id='block_1_13' title="bbox 582 1321 2150 1394">
    <p class='ocr_par' dir='ltr' id='par_1_13' title="bbox 582 1321 2150 1394">
     <span class='ocr_line' id='line_1_13' title="bbox 582 1321 2150 1394; baseline -0.004 -16"><span class='ocrx_word' id='word_1_81' title='bbox 582 1326 779 1394; x_wconf 87' lang='lat' dir='ltr'><strong>inquit,</strong></span> <span class='ocrx_word' id='word_1_82' title='bbox 834 1321 994 1386; x_wconf 88' lang='lat' dir='ltr'><strong>Deus,</strong></span> <span class='ocrx_word' id='word_1_83' title='bbox 1035 1339 1114 1377; x_wconf 90' lang='lat' dir='ltr'><strong>es.</strong></span> <span class='ocrx_word' id='word_1_84' title='bbox 1147 1321 1211 1374; x_wconf 87' lang='lat' dir='ltr'><strong>Et</strong></span> <span class='ocrx_word' id='word_1_85' title='bbox 1243 1322 1468 1392; x_wconf 88' lang='lat' dir='ltr'><strong>pulchre</strong></span> <span class='ocrx_word' id='word_1_86' title='bbox 1502 1321 1718 1390; x_wconf 88' lang='lat' dir='ltr'><strong>quidem</strong></span> <span class='ocrx_word' id='word_1_87' title='bbox 1753 1336 1886 1384; x_wconf 90' lang='lat' dir='ltr'><strong>non,</strong></span> <span class='ocrx_word' id='word_1_88' title='bbox 1919 1328 1973 1372; x_wconf 89' lang='lat' dir='ltr'><strong>tu</strong></span> <span class='ocrx_word' id='word_1_89' title='bbox 2009 1337 2150 1380; x_wconf 88' lang='lat' dir='ltr'><strong>eras.</strong></span> 
     </span>
    </p>
   </div>
   <div class='ocr_carea' id='block_1_14' title="bbox 581 1411 2151 1483">
    <p class='ocr_par' dir='ltr' id='par_1_14' title="bbox 581 1411 2151 1483">
     <span class='ocr_line' id='line_1_14' title="bbox 581 1411 2151 1483; baseline -0.004 -14"><span class='ocrx_word' id='word_1_90' title='bbox 581 1417 689 1482; x_wconf 86' lang='lat' dir='ltr'><strong>ait;</strong></span> <span class='ocrx_word' id='word_1_91' title='bbox 718 1415 836 1478; x_wconf 90' lang='lat' dir='ltr'><strong>sed,</strong></span> <span class='ocrx_word' id='word_1_92' title='bbox 864 1425 918 1467; x_wconf 87' lang='lat' dir='ltr'><strong>tu</strong></span> <span class='ocrx_word' id='word_1_93' title='bbox 942 1428 1175 1468; x_wconf 84' lang='lat' dir='ltr'><strong>es:na|n</strong></span> <span class='ocrx_word' id='word_1_94' title='bbox 1208 1423 1261 1468; x_wconf 93' lang='lat' dir='ltr'><strong>tu</strong></span> <span class='ocrx_word' id='word_1_95' title='bbox 1296 1415 1430 1483; x_wconf 90' lang='lat' dir='ltr'><strong>ipse,</strong></span> <span class='ocrx_word' id='word_1_96' title='bbox 1464 1413 1662 1483; x_wconf 88' lang='lat' dir='ltr'><strong>inquit,</strong></span> <span class='ocrx_word' id='word_1_97' title='bbox 1684 1427 1906 1475; x_wconf 88' lang='lat' dir='ltr'><strong>eras,es</strong></span> <span class='ocrx_word' id='word_1_98' title='bbox 1937 1419 1990 1465; x_wconf 91' lang='lat' dir='ltr'><strong>et</strong></span> <span class='ocrx_word' id='word_1_99' title='bbox 2007 1411 2151 1477; x_wconf 89' lang='lat' dir='ltr'><strong>eris;</strong></span> 
     </span>
    </p>
   </div>
   <div class='ocr_carea' id='block_1_15' title="bbox 581 1501 2154 1577">
    <p class='ocr_par' dir='ltr' id='par_1_15' title="bbox 581 1501 2154 1577">
     <span class='ocr_line' id='line_1_15' title="bbox 581 1501 2154 1577; baseline -0.003 -19"><span class='ocrx_word' id='word_1_100' title='bbox 581 1505 690 1559; x_wconf 89' lang='lat' dir='ltr'><strong>imo</strong></span> <span class='ocrx_word' id='word_1_101' title='bbox 726 1512 906 1577; x_wconf 73' lang='lat' dir='ltr'><strong>potius</strong></span> <span class='ocrx_word' id='word_1_102' title='bbox 939 1503 1078 1558; x_wconf 84' lang='lat' dir='ltr'><strong>idem</strong></span> <span class='ocrx_word' id='word_1_103' title='bbox 1117 1519 1330 1573; x_wconf 87' lang='lat' dir='ltr'><strong>semper</strong></span> <span class='ocrx_word' id='word_1_104' title='bbox 1359 1519 1441 1565; x_wconf 89' lang='lat' dir='ltr'><strong>es,</strong></span> <span class='ocrx_word' id='word_1_105' title='bbox 1473 1513 1525 1559; x_wconf 90' lang='lat' dir='ltr'><strong>et</strong></span> <span class='ocrx_word' id='word_1_106' title='bbox 1547 1504 1685 1557; x_wconf 86' lang='lat' dir='ltr'><strong>idem</strong></span> <span class='ocrx_word' id='word_1_107' title='bbox 1735 1518 1795 1557; x_wconf 92' lang='lat' dir='ltr'><strong>es</strong></span> <span class='ocrx_word' id='word_1_108' title='bbox 1851 1501 2154 1556; x_wconf 79' lang='lat' dir='ltr'><strong>secundum</strong></span> 
     </span>
    </p>
   </div>
   <div class='ocr_carea' id='block_1_16' title="bbox 582 1590 2154 1663">
    <p class='ocr_par' dir='ltr' id='par_1_16' title="bbox 582 1590 2154 1663">
     <span class='ocr_line' id='line_1_16' title="bbox 582 1590 2154 1663; baseline -0.005 -14"><span class='ocrx_word' id='word_1_109' title='bbox 582 1595 721 1649; x_wconf 89' lang='lat' dir='ltr'><strong>hanc</strong></span> <span class='ocrx_word' id='word_1_110' title='bbox 759 1595 1081 1663; x_wconf 82' lang='lat' dir='ltr'><strong>theologiam</strong></span> <span class='ocrx_word' id='word_1_111' title='bbox 1122 1611 1135 1646; x_wconf 89' lang='lat'><strong>:</strong></span> <span class='ocrx_word' id='word_1_112' title='bbox 1178 1591 1255 1645; x_wconf 91' lang='lat' dir='ltr'><strong>Tu</strong></span> <span class='ocrx_word' id='word_1_113' title='bbox 1305 1603 1480 1645; x_wconf 86' lang='lat' dir='ltr'><strong>autem</strong></span> <span class='ocrx_word' id='word_1_114' title='bbox 1525 1592 1661 1646; x_wconf 82' lang='lat' dir='ltr'><strong>idem</strong></span> <span class='ocrx_word' id='word_1_115' title='bbox 1697 1594 1803 1659; x_wconf 86' lang='lat' dir='ltr'><strong>ipse</strong></span> <span class='ocrx_word' id='word_1_116' title='bbox 1833 1607 1909 1653; x_wconf 87' lang='lat' dir='ltr'><strong>es,</strong></span> <span class='ocrx_word' id='word_1_117' title='bbox 1939 1599 1988 1644; x_wconf 88' lang='lat' dir='ltr'><strong>et</strong></span> <span class='ocrx_word' id='word_1_118' title='bbox 2029 1590 2154 1642; x_wconf 89' lang='lat' dir='ltr'><strong>anni</strong></span> 
     </span>
    </p>
   </div>
   <div class='ocr_carea' id='block_1_17' title="bbox 581 1683 2151 1754">
    <p class='ocr_par' dir='ltr' id='par_1_17' title="bbox 581 1683 2151 1754">
     <span class='ocr_line' id='line_1_17' title="bbox 581 1683 2151 1754; baseline -0.002 -15"><span class='ocrx_word' id='word_1_119' title='bbox 581 1688 658 1739; x_wconf 86' lang='lat' dir='ltr'><strong>tui</strong></span> <span class='ocrx_word' id='word_1_120' title='bbox 679 1703 781 1740; x_wconf 91' lang='lat' dir='ltr'><strong>non</strong></span> <span class='ocrx_word' id='word_1_121' title='bbox 812 1684 1053 1754; x_wconf 80' lang='lat' dir='ltr'><strong>deﬁcient</strong></span> <span class='ocrx_word' id='word_1_122' title='bbox 1077 1685 1145 1738; x_wconf 78' lang='grc'><strong>⁵⁸.</strong></span> <span class='ocrx_word' id='word_1_123' title='bbox 1181 1683 1298 1738; x_wconf 87' lang='lat' dir='ltr'><strong>Non</strong></span> <span class='ocrx_word' id='word_1_124' title='bbox 1330 1685 1472 1737; x_wconf 91' lang='lat' dir='ltr'><strong>enim</strong></span> <span class='ocrx_word' id='word_1_125' title='bbox 1513 1684 1593 1738; x_wconf 80' lang='lat' dir='ltr'><strong>las</strong></span> <span class='ocrx_word' id='word_1_126' title='bbox 1618 1692 1699 1738; x_wconf 88' lang='lat' dir='ltr'><strong>est</strong></span> <span class='ocrx_word' id='word_1_127' title='bbox 1721 1684 1788 1738; x_wconf 88' lang='lat' dir='ltr'><strong>de</strong></span> <span class='ocrx_word' id='word_1_128' title='bbox 1828 1684 1920 1736; x_wconf 90' lang='lat' dir='ltr'><strong>illo</strong></span> <span class='ocrx_word' id='word_1_129' title='bbox 1951 1683 2151 1746; x_wconf 83' lang='lat' dir='ltr'><strong>dicere,</strong></span> 
     </span>
    </p>
   </div>
   <div class='ocr_carea' id='block_1_18' title="bbox 580 1757 2150 1846">
    <p class='ocr_par' dir='ltr' id='par_1_18' title="bbox 580 1757 2150 1846">
     <span class='ocr_line' id='line_1_18' title="bbox 580 1757 2150 1846; baseline -0.004 -14"><span class='ocrx_word' id='word_1_130' title='bbox 580 1796 719 1842; x_wconf 81' lang='lat' dir='ltr'><strong>eras,</strong></span> <span class='ocrx_word' id='word_1_131' title='bbox 750 1786 864 1841; x_wconf 89' lang='lat' dir='ltr'><strong>aut,</strong></span> <span class='ocrx_word' id='word_1_132' title='bbox 899 1787 1034 1839; x_wconf 86' lang='lat' dir='ltr'><strong>erat,</strong></span> <span class='ocrx_word' id='word_1_133' title='bbox 1088 1785 1200 1839; x_wconf 88' lang='lat' dir='ltr'><strong>aut,</strong></span> <span class='ocrx_word' id='word_1_134' title='bbox 1248 1777 1347 1831; x_wconf 84' lang='lat' dir='ltr'><strong>erit</strong></span> <span class='ocrx_word' id='word_1_135' title='bbox 1373 1757 1547 1828; x_wconf 32' lang='lat' dir='ltr'><strong>:‘nam</strong></span> <span class='ocrx_word' id='word_1_136' title='bbox 1594 1775 1748 1840; x_wconf 85' lang='lat' dir='ltr'><strong>illud,</strong></span> <span class='ocrx_word' id='word_1_137' title='bbox 1783 1776 2150 1846; x_wconf 64' lang='lat' dir='ltr'><strong>praeteritum;</strong></span> 
     </span>
    </p>
   </div>
   <div class='ocr_carea' id='block_1_19' title="bbox 581 1865 2149 1938">
    <p class='ocr_par' dir='ltr' id='par_1_19' title="bbox 581 1865 2149 1938">
     <span class='ocr_line' id='line_1_19' title="bbox 581 1865 2149 1938; baseline -0.003 -16"><span class='ocrx_word' id='word_1_138' title='bbox 581 1872 704 1934; x_wconf 84' lang='lat' dir='ltr'><strong>hoc,</strong></span> <span class='ocrx_word' id='word_1_139' title='bbox 744 1870 983 1922; x_wconf 80' lang='lat' dir='ltr'><strong>futurum</strong></span> <span class='ocrx_word' id='word_1_140' title='bbox 1043 1877 1258 1936; x_wconf 89' lang='lat' dir='ltr'><strong>tempus</strong></span> <span class='ocrx_word' id='word_1_141' title='bbox 1315 1868 1586 1938; x_wconf 79' lang='lat' dir='ltr'><strong>signiﬁcat</strong></span> <span class='ocrx_word' id='word_1_142' title='bbox 1628 1887 1641 1921; x_wconf 86' lang='lat'><strong>:</strong></span> <span class='ocrx_word' id='word_1_143' title='bbox 1677 1881 1908 1936; x_wconf 89' lang='lat' dir='ltr'><strong>quorum</strong></span> <span class='ocrx_word' id='word_1_144' title='bbox 1940 1865 2149 1919; x_wconf 89' lang='lat' dir='ltr'><strong>nullum</strong></span> 
     </span>
    </p>
   </div>
   <div class='ocr_carea' id='block_1_20' title="bbox 581 1957 2152 2028">
    <p class='ocr_par' dir='ltr' id='par_1_20' title="bbox 581 1957 2152 2028">
     <span class='ocr_line' id='line_1_20' title="bbox 581 1957 2152 2028; baseline -0.005 -14"><span class='ocrx_word' id='word_1_145' title='bbox 581 1961 675 2015; x_wconf 88' lang='lat' dir='ltr'><strong>Dei</strong></span> <span class='ocrx_word' id='word_1_146' title='bbox 709 1961 912 2014; x_wconf 88' lang='lat' dir='ltr'><strong>nomini</strong></span> <span class='ocrx_word' id='word_1_147' title='bbox 954 1960 1242 2025; x_wconf 89' lang='lat' dir='ltr'><strong>convenit;</strong></span> <span class='ocrx_word' id='word_1_148' title='bbox 1280 1975 1404 2012; x_wconf 89' lang='lat' dir='ltr'><strong>nam</strong></span> <span class='ocrx_word' id='word_1_149' title='bbox 1439 1958 1540 2028; x_wconf 89' lang='lat' dir='ltr'><strong>ipsi</strong></span> <span class='ocrx_word' id='word_1_150' title='bbox 1581 1959 1682 2012; x_wconf 89' lang='lat' dir='ltr'><strong>soli</strong></span> <span class='ocrx_word' id='word_1_151' title='bbox 1718 1957 1978 2027; x_wconf 88' lang='lat' dir='ltr'><strong>competit</strong></span> <span class='ocrx_word' id='word_1_152' title='bbox 2008 1971 2152 2011; x_wconf 90' lang='lat' dir='ltr'><strong>sem-</strong></span> 
     </span>
    </p>
   </div>
   <div class='ocr_carea' id='block_1_21' title="bbox 581 2046 2149 2120">
    <p class='ocr_par' dir='ltr' id='par_1_21' title="bbox 581 2046 2149 2120">
     <span class='ocr_line' id='line_1_21' title="bbox 581 2046 2149 2120; baseline -0.001 -16"><span class='ocrx_word' id='word_1_153' title='bbox 581 2066 676 2120; x_wconf 85' lang='lat' dir='ltr'><strong>per</strong></span> <span class='ocrx_word' id='word_1_154' title='bbox 693 2067 833 2106; x_wconf 90' lang='lat' dir='ltr'><strong>esse.</strong></span> <span class='ocrx_word' id='word_1_155' title='bbox 855 2050 1222 2116; x_wconf 85' lang='lat' dir='ltr'><strong>Quamobrem</strong></span> <span class='ocrx_word' id='word_1_156' title='bbox 1252 2049 1342 2102; x_wconf 90' lang='lat' dir='ltr'><strong>hic</strong></span> <span class='ocrx_word' id='word_1_157' title='bbox 1370 2048 1783 2102; x_wconf 88' lang='lat' dir='ltr'><strong>accuratissime</strong></span> <span class='ocrx_word' id='word_1_158' title='bbox 1805 2046 2011 2104; x_wconf 90' lang='lat' dir='ltr'><strong>dictum</strong></span> <span class='ocrx_word' id='word_1_159' title='bbox 2033 2056 2149 2102; x_wconf 91' lang='lat' dir='ltr'><strong>est:</strong></span> 
     </span>
    </p>
   </div>
   <div class='ocr_carea' id='block_1_22' title="bbox 579 2139 2150 2212">
    <p class='ocr_par' dir='ltr' id='par_1_22' title="bbox 579 2139 2150 2212">
     <span class='ocr_line' id='line_1_22' title="bbox 579 2139 2150 2212; baseline -0.003 -17"><span class='ocrx_word' id='word_1_160' title='bbox 579 2145 617 2195; x_wconf 84' lang='grc' dir='ltr'><em>Α</em></span> <span class='ocrx_word' id='word_1_161' title='bbox 653 2144 846 2196; x_wconf 72' lang='grc' dir='ltr'>εατιιίο</span> <span class='ocrx_word' id='word_1_162' title='bbox 883 2159 1044 2212; x_wconf 85' lang='lat' dir='ltr'><strong>usque</strong></span> <span class='ocrx_word' id='word_1_163' title='bbox 1087 2143 1140 2194; x_wconf 88' lang='lat' dir='ltr'><strong>in</strong></span> <span class='ocrx_word' id='word_1_164' title='bbox 1171 2140 1422 2194; x_wconf 71' lang='lat' dir='ltr'><strong>sa&#39;culum</strong></span> <span class='ocrx_word' id='word_1_165' title='bbox 1455 2149 1510 2192; x_wconf 91' lang='lat' dir='ltr'><strong>tu</strong></span> <span class='ocrx_word' id='word_1_166' title='bbox 1542 2157 1616 2203; x_wconf 85' lang='lat' dir='ltr'><strong>es,</strong></span> <span class='ocrx_word' id='word_1_167' title='bbox 1647 2139 1817 2201; x_wconf 82' lang='lat' dir='ltr'><strong>Deus;</strong></span> <span class='ocrx_word' id='word_1_168' title='bbox 1840 2139 1968 2192; x_wconf 86' lang='lat' dir='ltr'><strong>alibi</strong></span> <span class='ocrx_word' id='word_1_169' title='bbox 2001 2153 2150 2204; x_wconf 85' lang='lat' dir='ltr'><strong>vero,</strong></span> 
     </span>
    </p>
   </div>
   <div class='ocr_carea' id='block_1_23' title="bbox 583 2228 2153 2300">
    <p class='ocr_par' dir='ltr' id='par_1_23' title="bbox 583 2228 2153 2300">
     <span class='ocr_line' id='line_1_23' title="bbox 583 2228 2153 2300; baseline -0.003 -14"><span class='ocrx_word' id='word_1_170' title='bbox 583 2233 658 2286; x_wconf 90' lang='lat' dir='ltr'><strong>Tu</strong></span> <span class='ocrx_word' id='word_1_171' title='bbox 689 2243 861 2286; x_wconf 87' lang='lat' dir='ltr'><strong>autem</strong></span> <span class='ocrx_word' id='word_1_172' title='bbox 887 2232 1020 2286; x_wconf 85' lang='lat' dir='ltr'><strong>idem</strong></span> <span class='ocrx_word' id='word_1_173' title='bbox 1045 2233 1154 2300; x_wconf 85' lang='lat' dir='ltr'><strong>ipse</strong></span> <span class='ocrx_word' id='word_1_174' title='bbox 1191 2249 1245 2285; x_wconf 84' lang='lat' dir='ltr'><strong>es</strong></span> <span class='ocrx_word' id='word_1_175' title='bbox 1268 2240 1318 2284; x_wconf 88' lang='lat' dir='ltr'><strong>et</strong></span> <span class='ocrx_word' id='word_1_176' title='bbox 1363 2232 1489 2283; x_wconf 88' lang='lat' dir='ltr'><strong>anni</strong></span> <span class='ocrx_word' id='word_1_177' title='bbox 1515 2231 1592 2282; x_wconf 88' lang='lat' dir='ltr'><strong>tui</strong></span> <span class='ocrx_word' id='word_1_178' title='bbox 1623 2247 1724 2283; x_wconf 88' lang='lat' dir='ltr'><strong>non</strong></span> <span class='ocrx_word' id='word_1_179' title='bbox 1748 2229 2008 2298; x_wconf 81' lang='lat' dir='ltr'><strong>deﬁcient.</strong></span> <span class='ocrx_word' id='word_1_180' title='bbox 2045 2228 2153 2283; x_wconf 90' lang='lat' dir='ltr'><strong>Ob-</strong></span> 
     </span>
    </p>
   </div>
   <div class='ocr_carea' id='block_1_24' title="bbox 581 2319 2152 2388">
    <p class='ocr_par' dir='ltr' id='par_1_24' title="bbox 581 2319 2152 2388">
     <span class='ocr_line' id='line_1_24' title="bbox 581 2319 2152 2388; baseline -0.002 -13"><span class='ocrx_word' id='word_1_181' title='bbox 581 2325 908 2376; x_wconf 86' lang='lat' dir='ltr'><strong>servandum</strong></span> <span class='ocrx_word' id='word_1_182' title='bbox 946 2332 1124 2376; x_wconf 89' lang='lat' dir='ltr'><strong>autem</strong></span> <span class='ocrx_word' id='word_1_183' title='bbox 1160 2331 1244 2376; x_wconf 90' lang='lat' dir='ltr'><strong>est</strong></span> <span class='ocrx_word' id='word_1_184' title='bbox 1304 2323 1407 2374; x_wconf 91' lang='lat' dir='ltr'><strong>hoc</strong></span> <span class='ocrx_word' id='word_1_185' title='bbox 1455 2321 1511 2374; x_wconf 89' lang='lat' dir='ltr'><strong>in</strong></span> <span class='ocrx_word' id='word_1_186' title='bbox 1553 2321 1696 2383; x_wconf 81' lang='lat' dir='ltr'><strong>loco,</strong></span> <span class='ocrx_word' id='word_1_187' title='bbox 1741 2319 1981 2382; x_wconf 88' lang='lat' dir='ltr'><strong>Domine,</strong></span> <span class='ocrx_word' id='word_1_188' title='bbox 2007 2321 2152 2388; x_wconf 78' lang='lat' dir='ltr'><strong>refu-</strong></span> 
     </span>
    </p>
   </div>
   <div class='ocr_carea' id='block_1_25' title="bbox 578 2408 2155 2482">
    <p class='ocr_par' dir='ltr' id='par_1_25' title="bbox 578 2408 2155 2482">
     <span class='ocr_line' id='line_1_25' title="bbox 578 2408 2155 2482; baseline 0.001 -20"><span class='ocrx_word' id='word_1_189' title='bbox 578 2413 719 2482; x_wconf 84' lang='lat' dir='ltr'><strong>gium</strong></span> <span class='ocrx_word' id='word_1_190' title='bbox 755 2413 927 2480; x_wconf 81' lang='lat' dir='ltr'><strong>factus</strong></span> <span class='ocrx_word' id='word_1_191' title='bbox 966 2429 1019 2465; x_wconf 86' lang='lat' dir='ltr'><strong>es</strong></span> <span class='ocrx_word' id='word_1_192' title='bbox 1076 2411 1245 2474; x_wconf 87' lang='lat' dir='ltr'><strong>nobis,</strong></span> <span class='ocrx_word' id='word_1_193' title='bbox 1281 2409 1437 2472; x_wconf 89' lang='lat' dir='ltr'><strong>illud,</strong></span> <span class='ocrx_word' id='word_1_194' title='bbox 1494 2408 1732 2471; x_wconf 81' lang='lat' dir='ltr'><strong>Domine,</strong></span> <span class='ocrx_word' id='word_1_195' title='bbox 1769 2426 1880 2463; x_wconf 89' lang='lat' dir='ltr'><strong>non</strong></span> <span class='ocrx_word' id='word_1_196' title='bbox 1917 2419 2155 2479; x_wconf 86' lang='lat' dir='ltr'><strong>quatuor</strong></span> 
     </span>
    </p>
   </div>
   <div class='ocr_carea' id='block_1_26' title="bbox 581 2498 2152 2569">
    <p class='ocr_par' dir='ltr' id='par_1_26' title="bbox 581 2498 2152 2569">
     <span class='ocr_line' id='line_1_26' title="bbox 581 2498 2152 2569; baseline 0.001 -17"><span class='ocrx_word' id='word_1_197' title='bbox 581 2501 883 2554; x_wconf 83' lang='lat' dir='ltr'><strong>litterarum</strong></span> <span class='ocrx_word' id='word_1_198' title='bbox 912 2501 1175 2554; x_wconf 77' lang='lat' dir='ltr'><strong>vocabulo</strong></span> <span class='ocrx_word' id='word_1_199' title='bbox 1237 2500 1377 2569; x_wconf 91' lang='lat' dir='ltr'><strong>apud</strong></span> <span class='ocrx_word' id='word_1_200' title='bbox 1439 2498 1694 2554; x_wconf 64' lang='lat' dir='ltr'><strong>Hebraeos</strong></span> <span class='ocrx_word' id='word_1_201' title='bbox 1750 2500 2020 2569; x_wconf 84' lang='lat' dir='ltr'><strong>exprimi;</strong></span> <span class='ocrx_word' id='word_1_202' title='bbox 2058 2500 2152 2555; x_wconf 82' lang='lat' dir='ltr'><strong>sed</strong></span> 
     </span>
    </p>
   </div>
   <div class='ocr_carea' id='block_1_27' title="bbox 579 2590 2153 2660">
    <p class='ocr_par' dir='ltr' id='par_1_27' title="bbox 579 2590 2153 2660">
     <span class='ocr_line' id='line_1_27' title="bbox 579 2590 2153 2660; baseline 0 -15"><span class='ocrx_word' id='word_1_203' title='bbox 579 2592 897 2660; x_wconf 72' lang='lat' dir='ltr'><strong>vulgaribus</strong></span> <span class='ocrx_word' id='word_1_204' title='bbox 924 2600 976 2643; x_wconf 79' lang='grc' dir='ltr'><strong>ιιι</strong></span> <span class='ocrx_word' id='word_1_205' title='bbox 1003 2591 1278 2645; x_wconf 87' lang='lat' dir='ltr'><strong>consuetis</strong></span> <span class='ocrx_word' id='word_1_206' title='bbox 1309 2591 1613 2653; x_wconf 86' lang='lat' dir='ltr'><strong>elementis,</strong></span> <span class='ocrx_word' id='word_1_207' title='bbox 1641 2590 1732 2660; x_wconf 90' lang='lat' dir='ltr'><strong>qui</strong></span> <span class='ocrx_word' id='word_1_208' title='bbox 1767 2590 1930 2644; x_wconf 89' lang='lat' dir='ltr'><strong>etiam</strong></span> <span class='ocrx_word' id='word_1_209' title='bbox 1968 2591 2021 2644; x_wconf 91' lang='lat' dir='ltr'><strong>in</strong></span> <span class='ocrx_word' id='word_1_210' title='bbox 2047 2591 2153 2645; x_wconf 91' lang='lat' dir='ltr'><strong>hu-</strong></span> 
     </span>
    </p>
   </div>
   <div class='ocr_carea' id='block_1_28' title="bbox 533 2681 2150 2756">
    <p class='ocr_par' dir='ltr' id='par_1_28' title="bbox 533 2681 2150 2756">
     <span class='ocr_line' id='line_1_28' title="bbox 533 2681 2150 2756; baseline 0.002 -23"><span class='ocrx_word' id='word_1_211' title='bbox 533 2754 535 2756; x_wconf 15' lang='grc' dir='ltr'><strong>η</strong></span> <span class='ocrx_word' id='word_1_212' title='bbox 583 2696 741 2734; x_wconf 89' lang='lat' dir='ltr'><strong>mana</strong></span> <span class='ocrx_word' id='word_1_213' title='bbox 793 2682 1156 2750; x_wconf 84' lang='lat' dir='ltr'><strong>appellatione</strong></span> <span class='ocrx_word' id='word_1_214' title='bbox 1192 2689 1553 2751; x_wconf 88' lang='lat' dir='ltr'><strong>usurpantur,</strong></span> <span class='ocrx_word' id='word_1_215' title='bbox 1585 2681 1632 2735; x_wconf 90' lang='lat' dir='ltr'><strong>si</strong></span> <span class='ocrx_word' id='word_1_216' title='bbox 1693 2681 1914 2751; x_wconf 88' lang='lat' dir='ltr'><strong>quando</strong></span> <span class='ocrx_word' id='word_1_217' title='bbox 1961 2682 2150 2737; x_wconf 89' lang='lat' dir='ltr'><strong>herum</strong></span> 
     </span>
    </p>
   </div>
   <div class='ocr_carea' id='block_1_29' title="bbox 579 2772 2151 2842">
    <p class='ocr_par' dir='ltr' id='par_1_29' title="bbox 579 2772 2151 2842">
     <span class='ocr_line' id='line_1_29' title="bbox 579 2772 2151 2842; baseline 0.001 -16"><span class='ocrx_word' id='word_1_218' title='bbox 579 2773 890 2842; x_wconf 89' lang='lat' dir='ltr'><strong>quempiam</strong></span> <span class='ocrx_word' id='word_1_219' title='bbox 944 2773 998 2827; x_wconf 93' lang='lat' dir='ltr'><strong>in</strong></span> <span class='ocrx_word' id='word_1_220' title='bbox 1031 2773 1346 2826; x_wconf 88' lang='lat' dir='ltr'><strong>hominibus</strong></span> <span class='ocrx_word' id='word_1_221' title='bbox 1397 2772 1677 2827; x_wconf 88' lang='lat' dir='ltr'><strong>dominum</strong></span> <span class='ocrx_word' id='word_1_222' title='bbox 1705 2787 1984 2828; x_wconf 89' lang='lat' dir='ltr'><strong>vocemus.</strong></span> <span class='ocrx_word' id='word_1_223' title='bbox 2017 2773 2151 2828; x_wconf 79' lang='lat' dir='ltr'><strong>Nam</strong></span> 
     </span>
    </p>
   </div>
   <div class='ocr_carea' id='block_1_30' title="bbox 579 2863 2152 2933">
    <p class='ocr_par' dir='ltr' id='par_1_30' title="bbox 579 2863 2152 2933">
     <span class='ocr_line' id='line_1_30' title="bbox 579 2863 2152 2933; baseline 0.001 -17"><span class='ocrx_word' id='word_1_224' title='bbox 579 2865 633 2918; x_wconf 92' lang='lat' dir='ltr'><strong>in</strong></span> <span class='ocrx_word' id='word_1_225' title='bbox 665 2866 917 2933; x_wconf 65' lang='lat' dir='ltr'><strong>praesenti</strong></span> <span class='ocrx_word' id='word_1_226' title='bbox 953 2865 1109 2929; x_wconf 88' lang='lat' dir='ltr'><strong>illud,</strong></span> <span class='ocrx_word' id='word_1_227' title='bbox 1136 2864 1367 2922; x_wconf 82' lang='lat' dir='ltr'><strong>Adonai.</strong></span> <span class='ocrx_word' id='word_1_228' title='bbox 1389 2864 1697 2932; x_wconf 81' lang='lat' dir='ltr'><strong>explicatur</strong></span> <span class='ocrx_word' id='word_1_229' title='bbox 1733 2863 2006 2928; x_wconf 76' lang='lat' dir='ltr'><strong>(laminas,</strong></span> <span class='ocrx_word' id='word_1_230' title='bbox 2028 2881 2152 2920; x_wconf 90' lang='lat' dir='ltr'><strong>cum</strong></span> 
     </span>
    </p>
   </div>
   <div class='ocr_carea' id='block_1_31' title="bbox 577 2958 2154 3029">
    <p class='ocr_par' dir='ltr' id='par_1_31' title="bbox 577 2958 2154 3029">
     <span class='ocr_line' id='line_1_31' title="bbox 577 2958 2154 3029; baseline 0.002 -18"><span class='ocrx_word' id='word_1_231' title='bbox 577 2966 814 3028; x_wconf 89' lang='lat' dir='ltr'><strong>quatuor</strong></span> <span class='ocrx_word' id='word_1_232' title='bbox 845 2959 1148 3013; x_wconf 84' lang='lat' dir='ltr'><strong>litterarum</strong></span> <span class='ocrx_word' id='word_1_233' title='bbox 1179 2958 1562 3029; x_wconf 88' lang='lat' dir='ltr'><strong>uomen,quod</strong></span> <span class='ocrx_word' id='word_1_234' title='bbox 1592 2973 1846 3014; x_wconf 88' lang='lat' dir='ltr'><strong>arcanam</strong></span> <span class='ocrx_word' id='word_1_235' title='bbox 1883 2960 1972 3014; x_wconf 85' lang='lat' dir='ltr'><strong>Dei</strong></span> <span class='ocrx_word' id='word_1_236' title='bbox 1999 2959 2154 3014; x_wconf 90' lang='lat' dir='ltr'><strong>theo-</strong></span> 
     </span>
    </p>
   </div>
   <div class='ocr_carea' id='block_1_32' title="bbox 577 3053 2151 3123">
    <p class='ocr_par' dir='ltr' id='par_1_32' title="bbox 577 3053 2151 3123">
     <span class='ocr_line' id='line_1_32' title="bbox 577 3053 2151 3123; baseline 0.001 -19"><span class='ocrx_word' id='word_1_237' title='bbox 577 3053 772 3121; x_wconf 72' lang='lat' dir='ltr'><strong>lo;iam</strong></span> <span class='ocrx_word' id='word_1_238' title='bbox 801 3053 1096 3123; x_wconf 76' lang='lat' dir='ltr'><strong>significat,</strong></span> <span class='ocrx_word' id='word_1_239' title='bbox 1137 3053 1191 3107; x_wconf 92' lang='lat' dir='ltr'><strong>in</strong></span> <span class='ocrx_word' id='word_1_240' title='bbox 1224 3054 1478 3121; x_wconf 68' lang='lat' dir='ltr'><strong>praesenti</strong></span> <span class='ocrx_word' id='word_1_241' title='bbox 1509 3053 1741 3106; x_wconf 79' lang='lat' dir='ltr'><strong>lectione</strong></span> <span class='ocrx_word' id='word_1_242' title='bbox 1777 3068 1886 3106; x_wconf 91' lang='lat' dir='ltr'><strong>non</strong></span> <span class='ocrx_word' id='word_1_243' title='bbox 1925 3067 2151 3121; x_wconf 87' lang='lat' dir='ltr'><strong>compa-</strong></span> 
     </span>
    </p>
   </div>
   <div class='ocr_carea' id='block_1_33' title="bbox 577 3144 2150 3216">
    <p class='ocr_par' dir='ltr' id='par_1_33' title="bbox 577 3144 2150 3216">
     <span class='ocr_line' id='line_1_33' title="bbox 577 3144 2150 3216; baseline 0.001 -20"><span class='ocrx_word' id='word_1_244' title='bbox 577 3152 728 3208; x_wconf 89' lang='lat' dir='ltr'><strong>reat,</strong></span> <span class='ocrx_word' id='word_1_245' title='bbox 770 3147 865 3199; x_wconf 88' lang='lat' dir='ltr'><strong>sed</strong></span> <span class='ocrx_word' id='word_1_246' title='bbox 908 3145 1172 3199; x_wconf 89' lang='lat' dir='ltr'><strong>Dominus</strong></span> <span class='ocrx_word' id='word_1_247' title='bbox 1205 3153 1516 3215; x_wconf 86' lang='lat' dir='ltr'><strong>opportune</strong></span> <span class='ocrx_word' id='word_1_248' title='bbox 1545 3146 1872 3216; x_wconf 88' lang='lat' dir='ltr'><strong>appelletur,</strong></span> <span class='ocrx_word' id='word_1_249' title='bbox 1909 3152 1969 3198; x_wconf 91' lang='lat' dir='ltr'><strong>ut</strong></span> <span class='ocrx_word' id='word_1_250' title='bbox 2004 3144 2150 3199; x_wconf 90' lang='lat' dir='ltr'><strong>indi-</strong></span> 
     </span>
    </p>
   </div>
   <div class='ocr_carea' id='block_1_34' title="bbox 577 3235 2218 3331">
    <p class='ocr_par' dir='ltr' id='par_1_34' title="bbox 577 3235 2218 3331">
     <span class='ocr_line' id='line_1_34' title="bbox 577 3235 2218 3331; baseline 0.002 -46"><span class='ocrx_word' id='word_1_251' title='bbox 577 3245 733 3288; x_wconf 86' lang='lat' dir='ltr'><strong>cetur</strong></span> <span class='ocrx_word' id='word_1_252' title='bbox 771 3251 960 3289; x_wconf 89' lang='lat' dir='ltr'><strong>curam</strong></span> <span class='ocrx_word' id='word_1_253' title='bbox 1008 3235 1548 3305; x_wconf 90' lang='lat' dir='ltr'><strong>sollicitudinemque</strong></span> <span class='ocrx_word' id='word_1_254' title='bbox 1574 3251 1766 3306; x_wconf 79' lang='lat' dir='ltr'><strong>gerere</strong></span> <span class='ocrx_word' id='word_1_255' title='bbox 1812 3235 2148 3290; x_wconf 87' lang='lat' dir='ltr'><strong>domestico-</strong></span> <span class='ocrx_word' id='word_1_256' title='bbox 2178 3275 2218 3331; x_wconf 65' lang='grc' dir='ltr'>ο</span> 
     </span>
    </p>
   </div>
   <div class='ocr_carea' id='block_1_35' title="bbox 576 3326 2148 3398">
    <p class='ocr_par' dir='ltr' id='par_1_35' title="bbox 576 3326 2148 3398">
     <span class='ocr_line' id='line_1_35' title="bbox 576 3326 2148 3398; baseline 0 -18"><span class='ocrx_word' id='word_1_257' title='bbox 576 3343 697 3380; x_wconf 89' lang='lat' dir='ltr'><strong>rum</strong></span> <span class='ocrx_word' id='word_1_258' title='bbox 747 3343 995 3389; x_wconf 90' lang='lat' dir='ltr'><strong>suorum,</strong></span> <span class='ocrx_word' id='word_1_259' title='bbox 1027 3343 1263 3397; x_wconf 89' lang='lat' dir='ltr'><strong>quorum</strong></span> <span class='ocrx_word' id='word_1_260' title='bbox 1306 3327 1576 3398; x_wconf 81' lang='lat' dir='ltr'><strong>refugium</strong></span> <span class='ocrx_word' id='word_1_261' title='bbox 1607 3338 1710 3382; x_wconf 88' lang='lat' dir='ltr'><strong>est.</strong></span> <span class='ocrx_word' id='word_1_262' title='bbox 1756 3326 1823 3380; x_wconf 84' lang='lat' dir='ltr'><strong>Et</strong></span> <span class='ocrx_word' id='word_1_263' title='bbox 1855 3327 2148 3396; x_wconf 87' lang='lat' dir='ltr'><strong>perpende,</strong></span> 
     </span>
    </p>
   </div>
   <div class='ocr_carea' id='block_1_36' title="bbox 576 3415 2150 3471">
    <p class='ocr_par' dir='ltr' id='par_1_36' title="bbox 576 3415 2150 3471">
     <span class='ocr_line' id='line_1_36' title="bbox 576 3415 2150 3471; baseline 0 -2"><span class='ocrx_word' id='word_1_264' title='bbox 576 3431 706 3470; x_wconf 79' lang='lat' dir='ltr'><strong>nuru</strong></span> <span class='ocrx_word' id='word_1_265' title='bbox 743 3417 882 3471; x_wconf 74' lang='lat' dir='ltr'><strong>forte</strong></span> <span class='ocrx_word' id='word_1_266' title='bbox 913 3416 979 3469; x_wconf 87' lang='lat' dir='ltr'><strong>ad</strong></span> <span class='ocrx_word' id='word_1_267' title='bbox 1014 3415 1182 3470; x_wconf 91' lang='lat' dir='ltr'><strong>Deum</strong></span> <span class='ocrx_word' id='word_1_268' title='bbox 1213 3415 1451 3470; x_wconf 82' lang='lat' dir='ltr'><strong>Verbum</strong></span> <span class='ocrx_word' id='word_1_269' title='bbox 1504 3417 1619 3470; x_wconf 64' lang='lat' dir='ltr'><strong>haec</strong></span> <span class='ocrx_word' id='word_1_270' title='bbox 1669 3416 1920 3470; x_wconf 87' lang='lat' dir='ltr'><strong>doctrina</strong></span> <span class='ocrx_word' id='word_1_271' title='bbox 1945 3415 2150 3470; x_wconf 79' lang='lat' dir='ltr'><strong>refera-</strong></span> 
     </span>
    </p>
   </div>
   <div class='ocr_carea' id='block_1_37' title="bbox 575 3507 2152 3578">
    <p class='ocr_par' dir='ltr' id='par_1_37' title="bbox 575 3507 2152 3578">
     <span class='ocr_line' id='line_1_37' title="bbox 575 3507 2152 3578; baseline 0.002 -20"><span class='ocrx_word' id='word_1_272' title='bbox 575 3515 839 3560; x_wconf 78' lang='lat' dir='ltr'><strong>turznon</strong></span> <span class='ocrx_word' id='word_1_273' title='bbox 887 3508 1034 3562; x_wconf 87' lang='lat' dir='ltr'><strong>enim</strong></span> <span class='ocrx_word' id='word_1_274' title='bbox 1090 3507 1324 3562; x_wconf 87' lang='lat' dir='ltr'><strong>multmn</strong></span> <span class='ocrx_word' id='word_1_275' title='bbox 1374 3507 1503 3561; x_wconf 90' lang='lat' dir='ltr'><strong>huic</strong></span> <span class='ocrx_word' id='word_1_276' title='bbox 1553 3509 1836 3563; x_wconf 71' lang='lat' dir='ltr'><strong>sententia:</strong></span> <span class='ocrx_word' id='word_1_277' title='bbox 1884 3517 2152 3578; x_wconf 76' lang='lat' dir='ltr'><strong>repugnat</strong></span> 
     </span>
    </p>
   </div>
   <div class='ocr_carea' id='block_1_38' title="bbox 575 3597 2153 3670">
    <p class='ocr_par' dir='ltr' id='par_1_38' title="bbox 575 3597 2153 3670">
     <span class='ocr_line' id='line_1_38' title="bbox 575 3597 2153 3670; baseline 0.003 -20"><span class='ocrx_word' id='word_1_278' title='bbox 575 3597 693 3651; x_wconf 61' lang='lat' dir='ltr'><strong>haec</strong></span> <span class='ocrx_word' id='word_1_279' title='bbox 729 3597 1264 3670; x_wconf 81' lang='lat' dir='ltr'><strong>lectio:Priusquam</strong></span> <span class='ocrx_word' id='word_1_280' title='bbox 1295 3611 1494 3654; x_wconf 77' lang='lat' dir='ltr'><strong>montes</strong></span> <span class='ocrx_word' id='word_1_281' title='bbox 1529 3601 1735 3670; x_wconf 73' lang='lat' dir='ltr'><strong>fierent,</strong></span> <span class='ocrx_word' id='word_1_282' title='bbox 1769 3610 1864 3654; x_wconf 88' lang='lat' dir='ltr'><strong>aut</strong></span> <span class='ocrx_word' id='word_1_283' title='bbox 1890 3601 2153 3663; x_wconf 76' lang='lat' dir='ltr'><strong>formare-</strong></span> 
     </span>
    </p>
   </div>
   <div class='ocr_carea' id='block_1_39' title="bbox 575 3690 2149 3757">
    <p class='ocr_par' dir='ltr' id='par_1_39' title="bbox 575 3690 2149 3757">
     <span class='ocr_line' id='line_1_39' title="bbox 575 3690 2149 3757; baseline 0.005 -19"><span class='ocrx_word' id='word_1_284' title='bbox 575 3696 662 3742; x_wconf 77' lang='grc' dir='ltr'>ιω·</span> <span class='ocrx_word' id='word_1_285' title='bbox 694 3699 832 3743; x_wconf 81' lang='lat' dir='ltr'><strong>terra</strong></span> <span class='ocrx_word' id='word_1_286' title='bbox 857 3699 905 3742; x_wconf 88' lang='lat' dir='ltr'><strong>et</strong></span> <span class='ocrx_word' id='word_1_287' title='bbox 937 3690 1100 3754; x_wconf 78' lang='lat' dir='ltr'><strong>orbis,</strong></span> <span class='ocrx_word' id='word_1_288' title='bbox 1129 3700 1182 3743; x_wconf 90' lang='lat' dir='ltr'><strong>tu</strong></span> <span class='ocrx_word' id='word_1_289' title='bbox 1213 3707 1290 3757; x_wconf 87' lang='lat' dir='ltr'><strong>es,</strong></span> <span class='ocrx_word' id='word_1_290' title='bbox 1318 3690 1496 3744; x_wconf 78' lang='lat' dir='ltr'><strong>Deus:</strong></span> <span class='ocrx_word' id='word_1_291' title='bbox 1527 3706 1650 3744; x_wconf 92' lang='lat' dir='ltr'><strong>cum</strong></span> <span class='ocrx_word' id='word_1_292' title='bbox 1687 3691 1788 3745; x_wconf 91' lang='lat' dir='ltr'><strong>hoc</strong></span> <span class='ocrx_word' id='word_1_293' title='bbox 1841 3691 2149 3747; x_wconf 85' lang='lat' dir='ltr'><strong>Salomonis</strong></span> 
     </span>
    </p>
   </div>
   <div class='ocr_carea' id='block_1_40' title="bbox 574 3780 2148 3852">
    <p class='ocr_par' dir='ltr' id='par_1_40' title="bbox 574 3780 2148 3852">
     <span class='ocr_line' id='line_1_40' title="bbox 574 3780 2148 3852; baseline 0.001 -20"><span class='ocrx_word' id='word_1_294' title='bbox 574 3780 778 3834; x_wconf 88' lang='lat' dir='ltr'><strong>dictum</strong></span> <span class='ocrx_word' id='word_1_295' title='bbox 812 3797 876 3836; x_wconf 78' lang='lat' dir='ltr'><strong>ex</strong></span> <span class='ocrx_word' id='word_1_296' title='bbox 907 3797 1141 3851; x_wconf 88' lang='lat' dir='ltr'><strong>persona</strong></span> <span class='ocrx_word' id='word_1_297' title='bbox 1179 3783 1460 3850; x_wconf 73' lang='lat' dir='ltr'><strong>sapientia:</strong></span> <span class='ocrx_word' id='word_1_298' title='bbox 1491 3781 1822 3852; x_wconf 79' lang='lat' dir='ltr'><strong>proferatur,</strong></span> <span class='ocrx_word' id='word_1_299' title='bbox 1858 3784 2148 3852; x_wconf 82' lang='lat' dir='ltr'><strong>Antequam</strong></span> 
     </span>
    </p>
   </div>
   <div class='ocr_carea' id='block_1_41' title="bbox 575 3873 2149 3945">
    <p class='ocr_par' dir='ltr' id='par_1_41' title="bbox 575 3873 2149 3945">
     <span class='ocr_line' id='line_1_41' title="bbox 575 3873 2149 3945; baseline 0.003 -21"><span class='ocrx_word' id='word_1_300' title='bbox 575 3883 773 3926; x_wconf 78' lang='lat' dir='ltr'><strong>montes</strong></span> <span class='ocrx_word' id='word_1_301' title='bbox 805 3874 1166 3943; x_wconf 83' lang='lat' dir='ltr'><strong>ﬁrmarentur,</strong></span> <span class='ocrx_word' id='word_1_302' title='bbox 1183 3884 1232 3928; x_wconf 88' lang='lat' dir='ltr'><strong>et</strong></span> <span class='ocrx_word' id='word_1_303' title='bbox 1255 3883 1375 3927; x_wconf 90' lang='lat' dir='ltr'><strong>ante</strong></span> <span class='ocrx_word' id='word_1_304' title='bbox 1397 3890 1576 3927; x_wconf 88' lang='lat' dir='ltr'><strong>onmes</strong></span> <span class='ocrx_word' id='word_1_305' title='bbox 1603 3873 1762 3927; x_wconf 84' lang='lat' dir='ltr'><strong>colles</strong></span> <span class='ocrx_word' id='word_1_306' title='bbox 1789 3874 1955 3945; x_wconf 82' lang='lat' dir='ltr'><strong>gignit</strong></span> <span class='ocrx_word' id='word_1_307' title='bbox 1981 3891 2063 3928; x_wconf 86' lang='lat' dir='ltr'><strong>me</strong></span> <span class='ocrx_word' id='word_1_308' title='bbox 2081 3875 2149 3938; x_wconf 77' lang='grc'><strong>⁵⁸,</strong></span> 
     </span>
    </p>
   </div>
   <div class='ocr_carea' id='block_1_42' title="bbox 572 3965 2151 4035">
    <p class='ocr_par' dir='ltr' id='par_1_42' title="bbox 572 3965 2151 4035">
     <span class='ocr_line' id='line_1_42' title="bbox 572 3965 2151 4035; baseline 0.004 -21"><span class='ocrx_word' id='word_1_309' title='bbox 572 3965 729 4032; x_wconf 87' lang='lat' dir='ltr'><strong>queis</strong></span> <span class='ocrx_word' id='word_1_310' title='bbox 762 3966 1116 4019; x_wconf 78' lang='lat' dir='ltr'><strong>subindicare</strong></span> <span class='ocrx_word' id='word_1_311' title='bbox 1153 3965 1371 4018; x_wconf 86' lang='lat' dir='ltr'><strong>videtur</strong></span> <span class='ocrx_word' id='word_1_312' title='bbox 1398 3965 1752 4033; x_wconf 87' lang='lat' dir='ltr'><strong>incorporeas</strong></span> <span class='ocrx_word' id='word_1_313' title='bbox 1783 3974 1839 4018; x_wconf 87' lang='lat' dir='ltr'><strong>et</strong></span> <span class='ocrx_word' id='word_1_314' title='bbox 1875 3967 2151 4035; x_wconf 80' lang='lat' dir='ltr'><strong>angelicas</strong></span> 
     </span>
    </p>
   </div>
   <div class='ocr_carea' id='block_1_43' title="bbox 572 4057 2146 4130">
    <p class='ocr_par' dir='ltr' id='par_1_43' title="bbox 572 4057 2146 4130">
     <span class='ocr_line' id='line_1_43' title="bbox 572 4057 2146 4130; baseline 0.004 -21"><span class='ocrx_word' id='word_1_315' title='bbox 572 4058 822 4120; x_wconf 86' lang='lat' dir='ltr'><strong>virtutes,</strong></span> <span class='ocrx_word' id='word_1_316' title='bbox 867 4059 1068 4128; x_wconf 90' lang='lat' dir='ltr'><strong>quibus</strong></span> <span class='ocrx_word' id='word_1_317' title='bbox 1123 4058 1218 4111; x_wconf 87' lang='lat' dir='ltr'><strong>Dei</strong></span> <span class='ocrx_word' id='word_1_318' title='bbox 1267 4057 1502 4112; x_wconf 86' lang='lat' dir='ltr'><strong>Verbum</strong></span> <span class='ocrx_word' id='word_1_319' title='bbox 1553 4068 1609 4113; x_wconf 90' lang='lat' dir='ltr'><strong>et</strong></span> <span class='ocrx_word' id='word_1_320' title='bbox 1670 4058 1766 4113; x_wconf 83' lang='lat' dir='ltr'><strong>Dei</strong></span> <span class='ocrx_word' id='word_1_321' title='bbox 1823 4059 2146 4130; x_wconf 85' lang='lat' dir='ltr'><strong>sapientiam</strong></span> 
     </span>
    </p>
   </div>
   <div class='ocr_carea' id='block_1_44' title="bbox 573 4150 1596 4219">
    <p class='ocr_par' dir='ltr' id='par_1_44' title="bbox 573 4150 1596 4219">
     <span class='ocr_line' id='line_1_44' title="bbox 573 4150 1596 4219; baseline 0.006 -19"><span class='ocrx_word' id='word_1_322' title='bbox 573 4150 950 4217; x_wconf 68' lang='lat' dir='ltr'><strong>pmexsistere</strong></span> <span class='ocrx_word' id='word_1_323' title='bbox 981 4153 1142 4204; x_wconf 83' lang='lat' dir='ltr'><strong>docet</strong></span> <span class='ocrx_word' id='word_1_324' title='bbox 1168 4151 1284 4219; x_wconf 88' lang='lat' dir='ltr'><strong>ipsa</strong></span> <span class='ocrx_word' id='word_1_325' title='bbox 1309 4151 1596 4219; x_wconf 85' lang='lat' dir='ltr'><strong>sapientia.</strong></span> 
     </span>
    </p>
   </div>
   <div class='ocr_carea' id='block_1_45' title="bbox 2256 676 3713 748">
    <p class='ocr_par' dir='ltr' id='par_1_45' title="bbox 2256 676 3713 748">
     <span class='ocr_line' id='line_1_45' title="bbox 2256 676 3713 748; baseline 0.003 -18"><span class='ocrx_word' id='word_1_326' title='bbox 2256 679 2363 731; x_wconf 72' lang='grc' dir='ltr'><strong>Καὶ</strong></span> <span class='ocrx_word' id='word_1_327' title='bbox 2387 678 2479 742; x_wconf 75' lang='grc' dir='ltr'>ἰδὲ,</span> <span class='ocrx_word' id='word_1_328' title='bbox 2510 678 2584 742; x_wconf 83' lang='grc' dir='ltr'><strong>ὡς</strong></span> <span class='ocrx_word' id='word_1_329' title='bbox 2617 677 2767 731; x_wconf 77' lang='grc' dir='ltr'>οὐδὲν</span> <span class='ocrx_word' id='word_1_330' title='bbox 2793 676 2901 728; x_wconf 84' lang='grc' dir='ltr'>τῶν</span> <span class='ocrx_word' id='word_1_331' title='bbox 2933 676 3285 746; x_wconf 78' lang='grc' dir='ltr'><strong>γεννωμένων</strong></span> <span class='ocrx_word' id='word_1_332' title='bbox 3312 677 3410 729; x_wconf 70' lang='grc' dir='ltr'>ἀπὸ</span> <span class='ocrx_word' id='word_1_333' title='bbox 3431 681 3618 748; x_wconf 65' lang='grc' dir='ltr'>γαστρὸς</span> <span class='ocrx_word' id='word_1_334' title='bbox 3637 683 3713 734; x_wconf 71' lang='lat'><strong>6:1-</strong></span> 
     </span>
    </p>
   </div>
   <div class='ocr_carea' id='block_1_46' title="bbox 2256 765 3716 838">
    <p class='ocr_par' dir='ltr' id='par_1_46' title="bbox 2256 765 3716 838">
     <span class='ocr_line' id='line_1_46' title="bbox 2256 765 3716 838; baseline 0.002 -18"><span class='ocrx_word' id='word_1_335' title='bbox 2256 769 2439 838; x_wconf 84' lang='grc' dir='ltr'>φέρειν</span> <span class='ocrx_word' id='word_1_336' title='bbox 2462 767 2636 820; x_wconf 80' lang='grc' dir='ltr'>ἐδόκει</span> <span class='ocrx_word' id='word_1_337' title='bbox 2657 768 2799 820; x_wconf 87' lang='grc' dir='ltr'>τότε.</span> <span class='ocrx_word' id='word_1_338' title='bbox 2825 767 2954 818; x_wconf 86' lang='grc' dir='ltr'><strong>Ὅτε</strong></span> <span class='ocrx_word' id='word_1_339' title='bbox 2982 767 3079 836; x_wconf 80' lang='grc' dir='ltr'>μὲν</span> <span class='ocrx_word' id='word_1_340' title='bbox 3103 765 3196 818; x_wconf 80' lang='grc' dir='ltr'><strong>οὖν</strong></span> <span class='ocrx_word' id='word_1_341' title='bbox 3216 767 3519 838; x_wconf 75' lang='grc' dir='ltr'>προϐέϐλητο</span> <span class='ocrx_word' id='word_1_342' title='bbox 3535 771 3616 821; x_wconf 76' lang='grc' dir='ltr'>τῶν</span> <span class='ocrx_word' id='word_1_343' title='bbox 3635 773 3716 824; x_wconf 67' lang='grc' dir='ltr'>ὑδά-</span> 
     </span>
    </p>
   </div>
   <div class='ocr_carea' id='block_1_47' title="bbox 2252 858 3715 930">
    <p class='ocr_par' dir='ltr' id='par_1_47' title="bbox 2252 858 3715 930">
     <span class='ocr_line' id='line_1_47' title="bbox 2252 858 3715 930; baseline 0.003 -19"><span class='ocrx_word' id='word_1_344' title='bbox 2252 876 2359 911; x_wconf 90' lang='grc' dir='ltr'><strong>των</strong></span> <span class='ocrx_word' id='word_1_345' title='bbox 2401 858 2741 928; x_wconf 69' lang='grc' dir='ltr'>άνακύψασα,</span> <span class='ocrx_word' id='word_1_346' title='bbox 2775 859 3064 929; x_wconf 76' lang='grc' dir='ltr'><strong>τικτομένη</strong></span> <span class='ocrx_word' id='word_1_347' title='bbox 3117 859 3211 912; x_wconf 75' lang='grc' dir='ltr'>καὶ</span> <span class='ocrx_word' id='word_1_348' title='bbox 3260 860 3539 930; x_wconf 81' lang='grc' dir='ltr'>γεννωμένη</span> <span class='ocrx_word' id='word_1_349' title='bbox 3584 862 3715 915; x_wconf 60' lang='lat' dir='ltr'><strong>inira:-</strong></span> 
     </span>
    </p>
   </div>
   <div class='ocr_carea' id='block_1_48' title="bbox 2255 949 3716 1020">
    <p class='ocr_par' dir='ltr' id='par_1_48' title="bbox 2255 949 3716 1020">
     <span class='ocr_line' id='line_1_48' title="bbox 2255 949 3716 1020; baseline 0.001 -18"><span class='ocrx_word' id='word_1_350' title='bbox 2255 950 2361 1020; x_wconf 74' lang='grc' dir='ltr'><strong>πρὸ</strong></span> <span class='ocrx_word' id='word_1_351' title='bbox 2382 950 2437 1002; x_wconf 81' lang='grc' dir='ltr'>δὲ</span> <span class='ocrx_word' id='word_1_352' title='bbox 2463 951 2562 1020; x_wconf 79' lang='grc' dir='ltr'><strong>τῆς</strong></span> <span class='ocrx_word' id='word_1_353' title='bbox 2584 951 2890 1020; x_wconf 80' lang='grc' dir='ltr'>γεννήσεως</span> <span class='ocrx_word' id='word_1_354' title='bbox 2915 949 3061 1003; x_wconf 76' lang='grc' dir='ltr'>ἔνδον</span> <span class='ocrx_word' id='word_1_355' title='bbox 3089 952 3146 1002; x_wconf 84' lang='grc' dir='ltr'>ὲν</span> <span class='ocrx_word' id='word_1_356' title='bbox 3179 953 3289 1012; x_wconf 86' lang='grc' dir='ltr'>τοῖς</span> <span class='ocrx_word' id='word_1_357' title='bbox 3325 949 3463 1002; x_wconf 76' lang='grc' dir='ltr'>ὕδασι</span> <span class='ocrx_word' id='word_1_358' title='bbox 3491 954 3716 1020; x_wconf 48' lang='lat' dir='ltr'><strong>captain»-</strong></span> 
     </span>
    </p>
   </div>
   <div class='ocr_carea' id='block_1_49' title="bbox 2258 1038 3718 1112">
    <p class='ocr_par' dir='ltr' id='par_1_49' title="bbox 2258 1038 3718 1112">
     <span class='ocr_line' id='line_1_49' title="bbox 2258 1038 3718 1112; baseline 0 -18"><span class='ocrx_word' id='word_1_359' title='bbox 2258 1043 2392 1112; x_wconf 83' lang='grc' dir='ltr'>μένη</span> <span class='ocrx_word' id='word_1_360' title='bbox 2437 1041 2756 1111; x_wconf 79' lang='grc' dir='ltr'>πηγνυμένη</span> <span class='ocrx_word' id='word_1_361' title='bbox 2788 1057 2871 1106; x_wconf 86' lang='grc' dir='ltr'><strong>τε,</strong></span> <span class='ocrx_word' id='word_1_362' title='bbox 2906 1042 3000 1093; x_wconf 76' lang='grc' dir='ltr'><strong>καὶ</strong></span> <span class='ocrx_word' id='word_1_363' title='bbox 3037 1038 3371 1110; x_wconf 83' lang='grc' dir='ltr'>δίκην-·ίλύος</span> <span class='ocrx_word' id='word_1_364' title='bbox 3401 1041 3484 1092; x_wconf 75' lang='grc' dir='ltr'><strong>ἐπὶ</strong></span> <span class='ocrx_word' id='word_1_365' title='bbox 3514 1041 3562 1094; x_wconf 76' lang='grc' dir='ltr'>τὸ</span> <span class='ocrx_word' id='word_1_366' title='bbox 3586 1044 3718 1094; x_wconf 71' lang='grc' dir='ltr'>οἰκεῖον</span> 
     </span>
    </p>
   </div>
   <div class='ocr_carea' id='block_1_50' title="bbox 2257 1131 3720 1204">
    <p class='ocr_par' dir='ltr' id='par_1_50' title="bbox 2257 1131 3720 1204">
     <span class='ocr_line' id='line_1_50' title="bbox 2257 1131 3720 1204; baseline -0.001 -18"><span class='ocrx_word' id='word_1_367' title='bbox 2257 1133 2416 1204; x_wconf 82' lang='grc' dir='ltr'><strong>βάρος</strong></span> <span class='ocrx_word' id='word_1_368' title='bbox 2437 1131 2776 1202; x_wconf 79' lang='grc' dir='ltr'><strong>ὑφισταμένη</strong></span> <span class='ocrx_word' id='word_1_369' title='bbox 2803 1132 2898 1185; x_wconf 87' lang='grc' dir='ltr'><strong>καί</strong></span> <span class='ocrx_word' id='word_1_370' title='bbox 2921 1131 3294 1194; x_wconf 78' lang='grc' dir='ltr'><strong>συνιζάνουσα,</strong></span> <span class='ocrx_word' id='word_1_371' title='bbox 3311 1131 3367 1183; x_wconf 79' lang='grc' dir='ltr'>τὸ</span> <span class='ocrx_word' id='word_1_372' title='bbox 3383 1132 3626 1201; x_wconf 78' lang='grc' dir='ltr'>τηνικαῦτα</span> <span class='ocrx_word' id='word_1_373' title='bbox 3641 1150 3720 1184; x_wconf 74' lang='grc' dir='ltr'>συν-</span> 
     </span>
    </p>
   </div>
   <div class='ocr_carea' id='block_1_51' title="bbox 2253 1223 3720 1296">
    <p class='ocr_par' dir='ltr' id='par_1_51' title="bbox 2253 1223 3720 1296">
     <span class='ocr_line' id='line_1_51' title="bbox 2253 1223 3720 1296; baseline -0.001 -19"><span class='ocrx_word' id='word_1_374' title='bbox 2253 1223 2588 1296; x_wconf 76' lang='grc' dir='ltr'>ελαμϐάνετο</span> <span class='ocrx_word' id='word_1_375' title='bbox 2608 1238 2623 1254; x_wconf 87' lang='grc'><strong>·</strong></span> <span class='ocrx_word' id='word_1_376' title='bbox 2659 1225 2734 1286; x_wconf 85' lang='grc' dir='ltr'><strong>ὼς</strong></span> <span class='ocrx_word' id='word_1_377' title='bbox 2756 1223 2978 1295; x_wconf 78' lang='grc' dir='ltr'>ὕστερον</span> <span class='ocrx_word' id='word_1_378' title='bbox 2998 1223 3055 1276; x_wconf 83' lang='grc' dir='ltr'>δὲ</span> <span class='ocrx_word' id='word_1_379' title='bbox 3083 1224 3175 1278; x_wconf 75' lang='grc' dir='ltr'>καὶ</span> <span class='ocrx_word' id='word_1_380' title='bbox 3193 1223 3493 1291; x_wconf 83' lang='grc' dir='ltr'>ὼδινηθεῖσα</span> <span class='ocrx_word' id='word_1_381' title='bbox 3510 1225 3720 1294; x_wconf 53' lang='lat' dir='ltr'><strong>hastilia,</strong></span> 
     </span>
    </p>
   </div>
   <div class='ocr_carea' id='block_1_52' title="bbox 2255 1315 3722 1386">
    <p class='ocr_par' dir='ltr' id='par_1_52' title="bbox 2255 1315 3722 1386">
     <span class='ocr_line' id='line_1_52' title="bbox 2255 1315 3722 1386; baseline 0 -17"><span class='ocrx_word' id='word_1_382' title='bbox 2255 1317 2349 1370; x_wconf 68' lang='grc' dir='ltr'>καὶ</span> <span class='ocrx_word' id='word_1_383' title='bbox 2393 1316 2612 1386; x_wconf 88' lang='grc' dir='ltr'>γέγονεν</span> <span class='ocrx_word' id='word_1_384' title='bbox 2665 1316 2978 1386; x_wconf 75' lang='grc' dir='ltr'><strong>οἰκητήριον</strong></span> <span class='ocrx_word' id='word_1_385' title='bbox 3010 1315 3116 1367; x_wconf 82' lang='grc' dir='ltr'><strong>τῶν</strong></span> <span class='ocrx_word' id='word_1_386' title='bbox 3163 1315 3255 1368; x_wconf 78' lang='grc' dir='ltr'><strong>ἐπὶ</strong></span> <span class='ocrx_word' id='word_1_387' title='bbox 3287 1317 3382 1386; x_wconf 81' lang='grc' dir='ltr'><strong>γῆς</strong></span> <span class='ocrx_word' id='word_1_388' title='bbox 3424 1315 3578 1378; x_wconf 79' lang='grc' dir='ltr'>ζώων.</span> <span class='ocrx_word' id='word_1_389' title='bbox 3616 1317 3722 1369; x_wconf 74' lang='grc' dir='ltr'><strong>Ἀλλὰ</strong></span> 
     </span>
    </p>
   </div>
   <div class='ocr_carea' id='block_1_53' title="bbox 2256 1405 3723 1479">
    <p class='ocr_par' dir='ltr' id='par_1_53' title="bbox 2256 1405 3723 1479">
     <span class='ocr_line' id='line_1_53' title="bbox 2256 1405 3723 1479; baseline 0 -19"><span class='ocrx_word' id='word_1_390' title='bbox 2256 1407 2362 1476; x_wconf 81' lang='grc' dir='ltr'>πρὸ</span> <span class='ocrx_word' id='word_1_391' title='bbox 2401 1406 2494 1460; x_wconf 80' lang='grc' dir='ltr'><strong>τοῦ</strong></span> <span class='ocrx_word' id='word_1_392' title='bbox 2538 1406 2688 1459; x_wconf 77' lang='grc' dir='ltr'>ταῦθ’</span> <span class='ocrx_word' id='word_1_393' title='bbox 2719 1405 2861 1459; x_wconf 79' lang='grc' dir='ltr'>οὕτω</span> <span class='ocrx_word' id='word_1_394' title='bbox 2889 1406 3165 1474; x_wconf 81' lang='grc' dir='ltr'>γενέσθαι,</span> <span class='ocrx_word' id='word_1_395' title='bbox 3211 1407 3304 1459; x_wconf 68' lang='grc' dir='ltr'><strong>καὶ</strong></span> <span class='ocrx_word' id='word_1_396' title='bbox 3348 1408 3446 1477; x_wconf 83' lang='grc' dir='ltr'>πρό</span> <span class='ocrx_word' id='word_1_397' title='bbox 3477 1425 3532 1476; x_wconf 89' lang='grc' dir='ltr'><strong>γε</strong></span> <span class='ocrx_word' id='word_1_398' title='bbox 3556 1408 3632 1479; x_wconf 81' lang='grc' dir='ltr'><strong>τῆς</strong></span> <span class='ocrx_word' id='word_1_399' title='bbox 3663 1410 3723 1460; x_wconf 74' lang='grc' dir='ltr'><strong>τοῦ</strong></span> 
     </span>
    </p>
   </div>
   <div class='ocr_carea' id='block_1_54' title="bbox 2255 1495 3726 1570">
    <p class='ocr_par' dir='ltr' id='par_1_54' title="bbox 2255 1495 3726 1570">
     <span class='ocr_line' id='line_1_54' title="bbox 2255 1495 3726 1570; baseline -0.001 -17"><span class='ocrx_word' id='word_1_400' title='bbox 2255 1501 2459 1570; x_wconf 81' lang='grc' dir='ltr'><strong>κόσμου</strong></span> <span class='ocrx_word' id='word_1_401' title='bbox 2489 1499 2817 1562; x_wconf 81' lang='grc' dir='ltr'>συστάσεως,</span> <span class='ocrx_word' id='word_1_402' title='bbox 2843 1499 2928 1563; x_wconf 82' lang='grc' dir='ltr'>σὺ,</span> <span class='ocrx_word' id='word_1_403' title='bbox 2965 1500 3148 1568; x_wconf 79' lang='grc' dir='ltr'>φησὶν,</span> <span class='ocrx_word' id='word_1_404' title='bbox 3171 1499 3330 1561; x_wconf 77' lang='grc' dir='ltr'>αὐτὸς</span> <span class='ocrx_word' id='word_1_405' title='bbox 3356 1495 3422 1562; x_wconf 76' lang='grc' dir='ltr'>εἴ,</span> <span class='ocrx_word' id='word_1_406' title='bbox 3466 1501 3490 1552; x_wconf 89' lang='lat'><strong>6</strong></span> <span class='ocrx_word' id='word_1_407' title='bbox 3511 1501 3631 1554; x_wconf 76' lang='grc' dir='ltr'>Θεὸς.</span> <span class='ocrx_word' id='word_1_408' title='bbox 3658 1503 3726 1554; x_wconf 63' lang='grc' dir='ltr'><strong>Καὶ</strong></span> 
     </span>
    </p>
   </div>
   <div class='ocr_carea' id='block_1_55' title="bbox 2254 1587 3729 1662">
    <p class='ocr_par' dir='ltr' id='par_1_55' title="bbox 2254 1587 3729 1662">
     <span class='ocr_line' id='line_1_55' title="bbox 2254 1587 3729 1662; baseline 0 -18"><span class='ocrx_word' id='word_1_409' title='bbox 2254 1591 2432 1656; x_wconf 85' lang='grc' dir='ltr'>καλῶς</span> <span class='ocrx_word' id='word_1_410' title='bbox 2457 1607 2519 1659; x_wconf 88' lang='grc' dir='ltr'><strong>γε</strong></span> <span class='ocrx_word' id='word_1_411' title='bbox 2567 1591 2626 1643; x_wconf 74' lang='grc' dir='ltr'><strong>οὐ</strong></span> <span class='ocrx_word' id='word_1_412' title='bbox 2654 1591 2737 1644; x_wconf 85' lang='grc' dir='ltr'>σὺ</span> <span class='ocrx_word' id='word_1_413' title='bbox 2783 1587 2963 1660; x_wconf 82' lang='grc' dir='ltr'>ἦσθα,</span> <span class='ocrx_word' id='word_1_414' title='bbox 3006 1592 3188 1658; x_wconf 65' lang='grc' dir='ltr'>φησιν,</span> <span class='ocrx_word' id='word_1_415' title='bbox 3221 1591 3373 1653; x_wconf 83' lang='grc' dir='ltr'>ἀλλὰ,</span> <span class='ocrx_word' id='word_1_416' title='bbox 3413 1592 3485 1644; x_wconf 89' lang='grc' dir='ltr'>σὺ</span> <span class='ocrx_word' id='word_1_417' title='bbox 3514 1592 3625 1644; x_wconf 80' lang='grc' dir='ltr'><strong>εῐ’ὁ</strong></span> <span class='ocrx_word' id='word_1_418' title='bbox 3657 1593 3729 1662; x_wconf 66' lang='grc' dir='ltr'>γὰρ</span> 
     </span>
    </p>
   </div>
   <div class='ocr_carea' id='block_1_56' title="bbox 2255 1678 3729 1755">
    <p class='ocr_par' dir='ltr' id='par_1_56' title="bbox 2255 1678 3729 1755">
     <span class='ocr_line' id='line_1_56' title="bbox 2255 1678 3729 1755; baseline -0.001 -20"><span class='ocrx_word' id='word_1_419' title='bbox 2255 1683 2416 1746; x_wconf 78' lang='grc' dir='ltr'>αὐτὸς</span> <span class='ocrx_word' id='word_1_420' title='bbox 2438 1684 2530 1736; x_wconf 74' lang='grc' dir='ltr'>καὶ</span> <span class='ocrx_word' id='word_1_421' title='bbox 2555 1679 2643 1755; x_wconf 79' lang='grc' dir='ltr'><strong>ἧς,</strong></span> <span class='ocrx_word' id='word_1_422' title='bbox 2669 1685 2762 1735; x_wconf 72' lang='grc' dir='ltr'>καὶ</span> <span class='ocrx_word' id='word_1_423' title='bbox 2792 1678 2863 1746; x_wconf 81' lang='grc' dir='ltr'>εἴ,</span> <span class='ocrx_word' id='word_1_424' title='bbox 2890 1683 2984 1736; x_wconf 71' lang='grc' dir='ltr'>καὶ</span> <span class='ocrx_word' id='word_1_425' title='bbox 3021 1682 3149 1755; x_wconf 77' lang='grc' dir='ltr'><strong>ἔσῃ’</strong></span> <span class='ocrx_word' id='word_1_426' title='bbox 3181 1683 3375 1753; x_wconf 81' lang='grc' dir='ltr'>μᾶλλον</span> <span class='ocrx_word' id='word_1_427' title='bbox 3405 1684 3454 1736; x_wconf 84' lang='grc' dir='ltr'>δὲ</span> <span class='ocrx_word' id='word_1_428' title='bbox 3479 1687 3504 1736; x_wconf 90' lang='lat'><strong>6</strong></span> <span class='ocrx_word' id='word_1_429' title='bbox 3531 1685 3655 1747; x_wconf 71' lang='grc' dir='ltr'>αὐτὸς</span> <span class='ocrx_word' id='word_1_430' title='bbox 3676 1687 3729 1736; x_wconf 75' lang='grc' dir='ltr'><strong>ἀεὶ</strong></span> 
     </span>
    </p>
   </div>
   <div class='ocr_carea' id='block_1_57' title="bbox 2255 1769 3730 1845">
    <p class='ocr_par' dir='ltr' id='par_1_57' title="bbox 2255 1769 3730 1845">
     <span class='ocr_line' id='line_1_57' title="bbox 2255 1769 3730 1845; baseline 0 -20"><span class='ocrx_word' id='word_1_431' title='bbox 2255 1772 2328 1828; x_wconf 80' lang='grc' dir='ltr'>ὢν</span> <span class='ocrx_word' id='word_1_432' title='bbox 2358 1774 2660 1845; x_wconf 80' lang='grc' dir='ltr'>τυγχάνεις.</span> <span class='ocrx_word' id='word_1_433' title='bbox 2694 1775 2786 1827; x_wconf 79' lang='grc' dir='ltr'>καὶ</span> <span class='ocrx_word' id='word_1_434' title='bbox 2809 1773 2969 1837; x_wconf 79' lang='grc' dir='ltr'>αὐτὸς</span> <span class='ocrx_word' id='word_1_435' title='bbox 3001 1769 3071 1839; x_wconf 73' lang='grc' dir='ltr'>εἴ,</span> <span class='ocrx_word' id='word_1_436' title='bbox 3098 1774 3234 1828; x_wconf 82' lang='grc' dir='ltr'>κατὰ</span> <span class='ocrx_word' id='word_1_437' title='bbox 3260 1776 3358 1844; x_wconf 77' lang='grc' dir='ltr'>τὴν</span> <span class='ocrx_word' id='word_1_438' title='bbox 3379 1775 3639 1844; x_wconf 72' lang='grc' dir='ltr'>φάσκουσαν</span> <span class='ocrx_word' id='word_1_439' title='bbox 3656 1773 3730 1826; x_wconf 70' lang='grc' dir='ltr'>θεο-</span> 
     </span>
    </p>
   </div>
   <div class='ocr_carea' id='block_1_58' title="bbox 2255 1863 3731 1936">
    <p class='ocr_par' dir='ltr' id='par_1_58' title="bbox 2255 1863 3731 1936">
     <span class='ocr_line' id='line_1_58' title="bbox 2255 1863 3731 1936; baseline 0.001 -19"><span class='ocrx_word' id='word_1_440' title='bbox 2255 1866 2440 1934; x_wconf 78' lang='grc' dir='ltr'>λογίαν</span> <span class='ocrx_word' id='word_1_441' title='bbox 2457 1883 2470 1895; x_wconf 79' lang='lat'><strong><em>°</em></strong></span> <span class='ocrx_word' id='word_1_442' title='bbox 2501 1866 2584 1919; x_wconf 87' lang='grc' dir='ltr'><strong>Σὺ</strong></span> <span class='ocrx_word' id='word_1_443' title='bbox 2603 1865 2671 1918; x_wconf 83' lang='grc' dir='ltr'>δὲ</span> <span class='ocrx_word' id='word_1_444' title='bbox 2690 1871 2722 1920; x_wconf 84' lang='lat' dir='ltr'><strong>d</strong></span> <span class='ocrx_word' id='word_1_445' title='bbox 2747 1864 2929 1931; x_wconf 79' lang='grc' dir='ltr'>αὐτὸς</span> <span class='ocrx_word' id='word_1_446' title='bbox 2945 1863 3018 1930; x_wconf 81' lang='grc' dir='ltr'>εἷ,</span> <span class='ocrx_word' id='word_1_447' title='bbox 3044 1866 3141 1920; x_wconf 73' lang='grc' dir='ltr'>καὶ</span> <span class='ocrx_word' id='word_1_448' title='bbox 3163 1867 3235 1920; x_wconf 84' lang='grc' dir='ltr'>τὰ</span> <span class='ocrx_word' id='word_1_449' title='bbox 3257 1869 3360 1936; x_wconf 77' lang='grc' dir='ltr'><strong>ἐτη</strong></span> <span class='ocrx_word' id='word_1_450' title='bbox 3375 1885 3482 1921; x_wconf 88' lang='grc' dir='ltr'><strong>σου</strong></span> <span class='ocrx_word' id='word_1_451' title='bbox 3496 1870 3588 1920; x_wconf 80' lang='grc' dir='ltr'>οὐκ</span> <span class='ocrx_word' id='word_1_452' title='bbox 3603 1869 3731 1920; x_wconf 63' lang='grc' dir='ltr'>ἐκλεί-</span> 
     </span>
    </p>
   </div>
   <div class='ocr_carea' id='block_1_59' title="bbox 2254 1955 3729 2029">
    <p class='ocr_par' dir='ltr' id='par_1_59' title="bbox 2254 1955 3729 2029">
     <span class='ocr_line' id='line_1_59' title="bbox 2254 1955 3729 2029; baseline 0.016 -40"><span class='ocrx_word' id='word_1_453' title='bbox 2254 1961 2501 2026; x_wconf 47' lang='grc' dir='ltr'><strong>ϋηουσιν,</strong></span> <span class='ocrx_word' id='word_1_454' title='bbox 2543 1959 2677 2011; x_wconf 77' lang='grc' dir='ltr'><strong>Οὐδὲ</strong></span> <span class='ocrx_word' id='word_1_455' title='bbox 2708 1958 2815 2029; x_wconf 81' lang='grc' dir='ltr'><strong>γὰρ</strong></span> <span class='ocrx_word' id='word_1_456' title='bbox 2849 1958 3007 2028; x_wconf 82' lang='grc' dir='ltr'><strong>Θέμις</strong></span> <span class='ocrx_word' id='word_1_457' title='bbox 3050 1959 3136 2010; x_wconf 76' lang='grc' dir='ltr'><strong>ἐπ’</strong></span> <span class='ocrx_word' id='word_1_458' title='bbox 3165 1959 3330 2012; x_wconf 78' lang='grc' dir='ltr'>αὐτοῦ</span> <span class='ocrx_word' id='word_1_459' title='bbox 3357 1961 3509 2028; x_wconf 77' lang='grc' dir='ltr'>φάναι</span> <span class='ocrx_word' id='word_1_460' title='bbox 3532 1958 3597 2023; x_wconf 74' lang='grc' dir='ltr'>τὸ,</span> <span class='ocrx_word' id='word_1_461' title='bbox 3626 1955 3729 2026; x_wconf 55' lang='lat' dir='ltr'><strong>ﬁgi,</strong></span> 
     </span>
    </p>
   </div>
   <div class='ocr_carea' id='block_1_60' title="bbox 2252 2045 3730 2122">
    <p class='ocr_par' dir='ltr' id='par_1_60' title="bbox 2252 2045 3730 2122">
     <span class='ocr_line' id='line_1_60' title="bbox 2252 2045 3730 2122; baseline 0 -22"><span class='ocrx_word' id='word_1_462' title='bbox 2252 2049 2332 2114; x_wconf 76' lang='grc' dir='ltr'>τὸ,</span> <span class='ocrx_word' id='word_1_463' title='bbox 2359 2045 2457 2118; x_wconf 72' lang='grc' dir='ltr'><strong>ἦν,</strong></span> <span class='ocrx_word' id='word_1_464' title='bbox 2491 2049 2522 2118; x_wconf 82' lang='grc' dir='ltr'>ἢ</span> <span class='ocrx_word' id='word_1_465' title='bbox 2562 2049 2642 2113; x_wconf 82' lang='grc' dir='ltr'><strong>τὸ,</strong></span> <span class='ocrx_word' id='word_1_466' title='bbox 2676 2051 2876 2102; x_wconf 71' lang='grc' dir='ltr'>ἔσται·</span> <span class='ocrx_word' id='word_1_467' title='bbox 2907 2049 2976 2102; x_wconf 78' lang='grc' dir='ltr'><strong>τά</strong></span> <span class='ocrx_word' id='word_1_468' title='bbox 3022 2050 3121 2120; x_wconf 78' lang='grc' dir='ltr'>μὲν</span> <span class='ocrx_word' id='word_1_469' title='bbox 3153 2051 3263 2122; x_wconf 82' lang='grc' dir='ltr'><strong>γὰρ</strong></span> <span class='ocrx_word' id='word_1_470' title='bbox 3293 2050 3384 2103; x_wconf 79' lang='grc' dir='ltr'><strong>τοῦ</strong></span> <span class='ocrx_word' id='word_1_471' title='bbox 3418 2052 3730 2121; x_wconf 66' lang='grc' dir='ltr'>παρῳχηκύτις,</span> 
     </span>
    </p>
   </div>
   <div class='ocr_carea' id='block_1_61' title="bbox 2255 2140 3729 2214">
    <p class='ocr_par' dir='ltr' id='par_1_61' title="bbox 2255 2140 3729 2214">
     <span class='ocr_line' id='line_1_61' title="bbox 2255 2140 3729 2214; baseline -0.002 -21"><span class='ocrx_word' id='word_1_472' title='bbox 2255 2141 2322 2194; x_wconf 78' lang='grc' dir='ltr'><strong>τὰ</strong></span> <span class='ocrx_word' id='word_1_473' title='bbox 2350 2140 2406 2193; x_wconf 83' lang='grc' dir='ltr'>δὲ</span> <span class='ocrx_word' id='word_1_474' title='bbox 2437 2140 2531 2194; x_wconf 76' lang='grc' dir='ltr'>τοῦ</span> <span class='ocrx_word' id='word_1_475' title='bbox 2561 2140 2841 2212; x_wconf 83' lang='grc' dir='ltr'>μέλλοντος</span> <span class='ocrx_word' id='word_1_476' title='bbox 2869 2141 3086 2195; x_wconf 78' lang='grc' dir='ltr'>ἔσεσθαι</span> <span class='ocrx_word' id='word_1_477' title='bbox 3113 2143 3304 2214; x_wconf 85' lang='grc' dir='ltr'>χρόνου</span> <span class='ocrx_word' id='word_1_478' title='bbox 3332 2142 3576 2214; x_wconf 76' lang='grc' dir='ltr'><strong>δηλωτικὰ</strong></span> <span class='ocrx_word' id='word_1_479' title='bbox 3595 2141 3729 2208; x_wconf 66' lang='grc' dir='ltr'>τυγχά-</span> 
     </span>
    </p>
   </div>
   <div class='ocr_carea' id='block_1_62' title="bbox 2254 2225 3733 2305">
    <p class='ocr_par' dir='ltr' id='par_1_62' title="bbox 2254 2225 3733 2305">
     <span class='ocr_line' id='line_1_62' title="bbox 2254 2225 3733 2305; baseline -0.018 -20"><span class='ocrx_word' id='word_1_480' title='bbox 2254 2248 2368 2285; x_wconf 88' lang='grc' dir='ltr'>νει·</span> <span class='ocrx_word' id='word_1_481' title='bbox 2405 2225 2480 2284; x_wconf 81' lang='grc' dir='ltr'>ὧν</span> <span class='ocrx_word' id='word_1_482' title='bbox 2516 2233 2667 2286; x_wconf 75' lang='grc' dir='ltr'>οὐδὲν</span> <span class='ocrx_word' id='word_1_483' title='bbox 2707 2233 2933 2305; x_wconf 81' lang='grc' dir='ltr'>ἁρμόζει</span> <span class='ocrx_word' id='word_1_484' title='bbox 2982 2236 3047 2304; x_wconf 82' lang='grc' dir='ltr'><strong>τῇ</strong></span> <span class='ocrx_word' id='word_1_485' title='bbox 3103 2234 3222 2305; x_wconf 79' lang='grc' dir='ltr'>Θείᾳ</span> <span class='ocrx_word' id='word_1_486' title='bbox 3268 2233 3733 2305; x_wconf 50' lang='grc' dir='ltr'>προσηγορίᾳ.μύπ.,</span> 
     </span>
    </p>
   </div>
   <div class='ocr_carea' id='block_1_63' title="bbox 2255 2320 3732 2395">
    <p class='ocr_par' dir='ltr' id='par_1_63' title="bbox 2255 2320 3732 2395">
     <span class='ocr_line' id='line_1_63' title="bbox 2255 2320 3732 2395; baseline -0.002 -21"><span class='ocrx_word' id='word_1_487' title='bbox 2255 2323 2364 2395; x_wconf 77' lang='grc' dir='ltr'><strong>γάρ</strong></span> <span class='ocrx_word' id='word_1_488' title='bbox 2389 2325 2524 2394; x_wconf 72' lang='grc' dir='ltr'>αὐτῇ</span> <span class='ocrx_word' id='word_1_489' title='bbox 2561 2325 2620 2377; x_wconf 86' lang='grc' dir='ltr'>τὸ</span> <span class='ocrx_word' id='word_1_490' title='bbox 2642 2324 2727 2376; x_wconf 71' lang='grc' dir='ltr'><strong>ἀεὶ</strong></span> <span class='ocrx_word' id='word_1_491' title='bbox 2766 2320 2904 2378; x_wconf 80' lang='grc' dir='ltr'>εἶναι</span> <span class='ocrx_word' id='word_1_492' title='bbox 2934 2325 3211 2395; x_wconf 84' lang='grc' dir='ltr'>ἁρμόττει.</span> <span class='ocrx_word' id='word_1_493' title='bbox 3245 2325 3335 2377; x_wconf 78' lang='grc' dir='ltr'><strong>Διὸ</strong></span> <span class='ocrx_word' id='word_1_494' title='bbox 3360 2325 3543 2394; x_wconf 70' lang='grc' dir='ltr'>σφόδρα</span> <span class='ocrx_word' id='word_1_495' title='bbox 3567 2322 3732 2391; x_wconf 73' lang='grc' dir='ltr'>ὰκριῦὼς</span> 
     </span>
    </p>
   </div>
   <div class='ocr_carea' id='block_1_64' title="bbox 2254 2414 3733 2488">
    <p class='ocr_par' dir='ltr' id='par_1_64' title="bbox 2254 2414 3733 2488">
     <span class='ocr_line' id='line_1_64' title="bbox 2254 2414 3733 2488; baseline -0.003 -21"><span class='ocrx_word' id='word_1_496' title='bbox 2254 2415 2487 2469; x_wconf 74' lang='grc' dir='ltr'>ἐνταῦθά</span> <span class='ocrx_word' id='word_1_497' title='bbox 2539 2433 2597 2468; x_wconf 88' lang='grc' dir='ltr'><strong>τε</strong></span> <span class='ocrx_word' id='word_1_498' title='bbox 2651 2415 2892 2488; x_wconf 74' lang='grc' dir='ltr'>εἴρηταιο</span> <span class='ocrx_word' id='word_1_499' title='bbox 2979 2416 3106 2470; x_wconf 67' lang='lat' dir='ltr'><strong>Am}</strong></span> <span class='ocrx_word' id='word_1_500' title='bbox 3156 2417 3262 2470; x_wconf 84' lang='grc' dir='ltr'>τοῦ</span> <span class='ocrx_word' id='word_1_501' title='bbox 3314 2416 3514 2481; x_wconf 80' lang='grc' dir='ltr'><strong>αἰῶνος</strong></span> <span class='ocrx_word' id='word_1_502' title='bbox 3546 2416 3633 2478; x_wconf 82' lang='grc' dir='ltr'><strong>ἓως</strong></span> <span class='ocrx_word' id='word_1_503' title='bbox 3669 2414 3733 2464; x_wconf 71' lang='grc' dir='ltr'>τί-ῖι</span> 
     </span>
    </p>
   </div>
   <div class='ocr_carea' id='block_1_65' title="bbox 2253 2503 3734 2578">
    <p class='ocr_par' dir='ltr' id='par_1_65' title="bbox 2253 2503 3734 2578">
     <span class='ocr_line' id='line_1_65' title="bbox 2253 2503 3734 2578; baseline -0.005 -18"><span class='ocrx_word' id='word_1_504' title='bbox 2253 2506 2469 2573; x_wconf 74' lang='grc' dir='ltr'><strong>αἰῶνος</strong></span> <span class='ocrx_word' id='word_1_505' title='bbox 2500 2507 2580 2561; x_wconf 86' lang='grc' dir='ltr'>σὺ</span> <span class='ocrx_word' id='word_1_506' title='bbox 2626 2506 2700 2572; x_wconf 85' lang='grc' dir='ltr'>εἷ,</span> <span class='ocrx_word' id='word_1_507' title='bbox 2743 2511 2776 2560; x_wconf 85' lang='grc' dir='ltr'>ό</span> <span class='ocrx_word' id='word_1_508' title='bbox 2809 2508 2953 2573; x_wconf 81' lang='grc' dir='ltr'><strong>Θεός</strong></span> <span class='ocrx_word' id='word_1_509' title='bbox 2977 2523 2989 2535; x_wconf 87' lang='grc'><strong>·</strong></span> <span class='ocrx_word' id='word_1_510' title='bbox 3023 2509 3117 2561; x_wconf 76' lang='grc' dir='ltr'>καὶ</span> <span class='ocrx_word' id='word_1_511' title='bbox 3142 2511 3199 2560; x_wconf 74' lang='grc' dir='ltr'>ὲν</span> <span class='ocrx_word' id='word_1_512' title='bbox 3232 2508 3434 2578; x_wconf 77' lang='grc' dir='ltr'>ἑτέροις</span> <span class='ocrx_word' id='word_1_513' title='bbox 3470 2507 3542 2568; x_wconf 79' lang='grc' dir='ltr'><strong>τὸ,</strong></span> <span class='ocrx_word' id='word_1_514' title='bbox 3564 2505 3628 2559; x_wconf 86' lang='grc' dir='ltr'><strong>Σὺ</strong></span> <span class='ocrx_word' id='word_1_515' title='bbox 3647 2503 3693 2555; x_wconf 74' lang='grc' dir='ltr'>δὲ</span> <span class='ocrx_word' id='word_1_516' title='bbox 3716 2505 3734 2551; x_wconf 69' lang='grc' dir='ltr'><strong>(ἓ</strong></span> 
     </span>
    </p>
   </div>
   <div class='ocr_carea' id='block_1_66' title="bbox 2254 2596 3735 2667">
    <p class='ocr_par' dir='ltr' id='par_1_66' title="bbox 2254 2596 3735 2667">
     <span class='ocr_line' id='line_1_66' title="bbox 2254 2596 3735 2667; baseline -0.005 -13"><span class='ocrx_word' id='word_1_517' title='bbox 2254 2601 2435 2666; x_wconf 78' lang='grc' dir='ltr'>αὐτὸς</span> <span class='ocrx_word' id='word_1_518' title='bbox 2463 2596 2535 2662; x_wconf 83' lang='grc' dir='ltr'>εἷ,</span> <span class='ocrx_word' id='word_1_519' title='bbox 2571 2601 2666 2655; x_wconf 76' lang='grc' dir='ltr'><strong>καὶ</strong></span> <span class='ocrx_word' id='word_1_520' title='bbox 2705 2599 2777 2653; x_wconf 85' lang='grc' dir='ltr'>τὰ</span> <span class='ocrx_word' id='word_1_521' title='bbox 2815 2600 2918 2667; x_wconf 78' lang='grc' dir='ltr'>ἔτη</span> <span class='ocrx_word' id='word_1_522' title='bbox 2967 2617 3083 2656; x_wconf 85' lang='grc' dir='ltr'>σου</span> <span class='ocrx_word' id='word_1_523' title='bbox 3118 2602 3232 2654; x_wconf 78' lang='grc' dir='ltr'>οὐκ</span> <span class='ocrx_word' id='word_1_524' title='bbox 3274 2600 3643 2666; x_wconf 70' lang='grc' dir='ltr'>ἐκλείψουσιν.</span> <span class='ocrx_word' id='word_1_525' title='bbox 3664 2597 3735 2662; x_wconf 71' lang='grc' dir='ltr'><strong>Τη-</strong></span> 
     </span>
    </p>
   </div>
   <div class='ocr_carea' id='block_1_67' title="bbox 2256 2687 3733 2764">
    <p class='ocr_par' dir='ltr' id='par_1_67' title="bbox 2256 2687 3733 2764">
     <span class='ocr_line' id='line_1_67' title="bbox 2256 2687 3733 2764; baseline 0.002 -20"><span class='ocrx_word' id='word_1_526' title='bbox 2256 2693 2449 2764; x_wconf 81' lang='grc' dir='ltr'>ρητέον</span> <span class='ocrx_word' id='word_1_527' title='bbox 2495 2691 2571 2756; x_wconf 83' lang='grc' dir='ltr'>δὲ,</span> <span class='ocrx_word' id='word_1_528' title='bbox 2601 2693 2682 2744; x_wconf 83' lang='grc' dir='ltr'>ὅτι</span> <span class='ocrx_word' id='word_1_529' title='bbox 2737 2693 2796 2744; x_wconf 81' lang='grc' dir='ltr'>ὲν</span> <span class='ocrx_word' id='word_1_530' title='bbox 2834 2691 2931 2762; x_wconf 80' lang='grc' dir='ltr'><strong>τῷ,</strong></span> <span class='ocrx_word' id='word_1_531' title='bbox 2962 2693 3156 2759; x_wconf 81' lang='grc' dir='ltr'>Κύριε,</span> <span class='ocrx_word' id='word_1_532' title='bbox 3188 2690 3496 2760; x_wconf 57' lang='grc' dir='ltr'>καταφυγὴ</span> <span class='ocrx_word' id='word_1_533' title='bbox 3530 2687 3733 2758; x_wconf 59' lang='grc' dir='ltr'>ἐτειαήθηι</span> 
     </span>
    </p>
   </div>
   <div class='ocr_carea' id='block_1_68' title="bbox 2251 2779 3735 2855">
    <p class='ocr_par' dir='ltr' id='par_1_68' title="bbox 2251 2779 3735 2855">
     <span class='ocr_line' id='line_1_68' title="bbox 2251 2779 3735 2855; baseline -0.008 -16"><span class='ocrx_word' id='word_1_534' title='bbox 2251 2783 2416 2853; x_wconf 70' lang='grc' dir='ltr'>ἡμῖν,</span> <span class='ocrx_word' id='word_1_535' title='bbox 2452 2785 2534 2848; x_wconf 85' lang='grc' dir='ltr'>τὸ,</span> <span class='ocrx_word' id='word_1_536' title='bbox 2568 2785 2764 2853; x_wconf 77' lang='grc' dir='ltr'>Κύριε.</span> <span class='ocrx_word' id='word_1_537' title='bbox 2803 2783 2862 2836; x_wconf 75' lang='grc' dir='ltr'><strong>οὗ</strong></span> <span class='ocrx_word' id='word_1_538' title='bbox 2893 2782 2980 2836; x_wconf 71' lang='grc' dir='ltr'><strong>διὰ</strong></span> <span class='ocrx_word' id='word_1_539' title='bbox 3021 2782 3115 2836; x_wconf 80' lang='grc' dir='ltr'><strong>τοῦ</strong></span> <span class='ocrx_word' id='word_1_540' title='bbox 3150 2783 3558 2855; x_wconf 78' lang='grc' dir='ltr'>τετραγράμμου</span> <span class='ocrx_word' id='word_1_541' title='bbox 3583 2779 3735 2848; x_wconf 61' lang='grc' dir='ltr'>φέρεται</span> 
     </span>
    </p>
   </div>
   <div class='ocr_carea' id='block_1_69' title="bbox 2255 2870 3736 2951">
    <p class='ocr_par' dir='ltr' id='par_1_69' title="bbox 2255 2870 3736 2951">
     <span class='ocr_line' id='line_1_69' title="bbox 2255 2870 3736 2951; baseline -0.007 -20"><span class='ocrx_word' id='word_1_542' title='bbox 2255 2881 2386 2950; x_wconf 83' lang='grc' dir='ltr'>παρ’</span> <span class='ocrx_word' id='word_1_543' title='bbox 2428 2878 2719 2951; x_wconf 81' lang='grc' dir='ltr'>Ἑϐραίοις,</span> <span class='ocrx_word' id='word_1_544' title='bbox 2753 2877 2889 2932; x_wconf 73' lang='grc' dir='ltr'>ἀλλὰ</span> <span class='ocrx_word' id='word_1_545' title='bbox 2931 2876 3019 2930; x_wconf 82' lang='grc' dir='ltr'><strong>διὰ</strong></span> <span class='ocrx_word' id='word_1_546' title='bbox 3065 2875 3172 2930; x_wconf 82' lang='grc' dir='ltr'>τῶν</span> <span class='ocrx_word' id='word_1_547' title='bbox 3215 2876 3409 2929; x_wconf 77' lang='grc' dir='ltr'>κοινῶν</span> <span class='ocrx_word' id='word_1_548' title='bbox 3446 2875 3530 2928; x_wconf 78' lang='grc' dir='ltr'>καὶ</span> <span class='ocrx_word' id='word_1_549' title='bbox 3569 2870 3736 2941; x_wconf 71' lang='grc' dir='ltr'>συνήθων</span> 
     </span>
    </p>
   </div>
   <div class='ocr_carea' id='block_1_70' title="bbox 2253 2961 3736 3043">
    <p class='ocr_par' dir='ltr' id='par_1_70' title="bbox 2253 2961 3736 3043">
     <span class='ocr_line' id='line_1_70' title="bbox 2253 2961 3736 3043; baseline -0.002 -19"><span class='ocrx_word' id='word_1_550' title='bbox 2253 2971 2611 3043; x_wconf 71' lang='grc' dir='ltr'>γραφομένων</span> <span class='ocrx_word' id='word_1_551' title='bbox 2643 2971 2937 3040; x_wconf 83' lang='grc' dir='ltr'>στοιχείων,</span> <span class='ocrx_word' id='word_1_552' title='bbox 2967 2969 3075 3022; x_wconf 84' lang='grc' dir='ltr'><strong>τῶν</strong></span> <span class='ocrx_word' id='word_1_553' title='bbox 3105 2968 3199 3022; x_wconf 68' lang='grc' dir='ltr'>καὶ</span> <span class='ocrx_word' id='word_1_554' title='bbox 3225 2968 3318 3020; x_wconf 72' lang='grc' dir='ltr'><strong>ἐπὶ</strong></span> <span class='ocrx_word' id='word_1_555' title='bbox 3348 2968 3442 3038; x_wconf 83' lang='grc' dir='ltr'>τῆς</span> <span class='ocrx_word' id='word_1_556' title='bbox 3483 2961 3736 3034; x_wconf 61' lang='grc' dir='ltr'>ἀνθρωπίνης</span> 
     </span>
    </p>
   </div>
   <div class='ocr_carea' id='block_1_71' title="bbox 2253 3053 3737 3136">
    <p class='ocr_par' dir='ltr' id='par_1_71' title="bbox 2253 3053 3737 3136">
     <span class='ocr_line' id='line_1_71' title="bbox 2253 3053 3737 3136; baseline -0.004 -17"><span class='ocrx_word' id='word_1_557' title='bbox 2253 3061 2628 3136; x_wconf 83' lang='grc' dir='ltr'>προσηγορίας</span> <span class='ocrx_word' id='word_1_558' title='bbox 2671 3062 3035 3133; x_wconf 83' lang='grc' dir='ltr'>ταττομένων,</span> <span class='ocrx_word' id='word_1_559' title='bbox 3071 3061 3256 3114; x_wconf 81' lang='grc' dir='ltr'>εἴποτε</span> <span class='ocrx_word' id='word_1_560' title='bbox 3294 3059 3385 3112; x_wconf 82' lang='grc' dir='ltr'>τὸν</span> <span class='ocrx_word' id='word_1_561' title='bbox 3424 3061 3478 3111; x_wconf 84' lang='grc' dir='ltr'>ὲν</span> <span class='ocrx_word' id='word_1_562' title='bbox 3516 3053 3737 3124; x_wconf 69' lang='grc' dir='ltr'>ἀνθρώποις</span> 
     </span>
    </p>
   </div>
   <div class='ocr_carea' id='block_1_72' title="bbox 2251 3143 3737 3225">
    <p class='ocr_par' dir='ltr' id='par_1_72' title="bbox 2251 3143 3737 3225">
     <span class='ocr_line' id='line_1_72' title="bbox 2251 3143 3737 3225; baseline -0.007 -18"><span class='ocrx_word' id='word_1_563' title='bbox 2251 3155 2541 3225; x_wconf 76' lang='grc' dir='ltr'>δεσπότην,</span> <span class='ocrx_word' id='word_1_564' title='bbox 2577 3153 2763 3225; x_wconf 83' lang='grc' dir='ltr'>κύριον</span> <span class='ocrx_word' id='word_1_565' title='bbox 2806 3153 3082 3223; x_wconf 86' lang='grc' dir='ltr'>καλοῖμεν.</span> <span class='ocrx_word' id='word_1_566' title='bbox 3119 3151 3277 3206; x_wconf 78' lang='grc' dir='ltr'>Κατὰ</span> <span class='ocrx_word' id='word_1_567' title='bbox 3324 3150 3391 3204; x_wconf 79' lang='grc' dir='ltr'><strong>τὰ</strong></span> <span class='ocrx_word' id='word_1_568' title='bbox 3427 3147 3552 3202; x_wconf 68' lang='grc' dir='ltr'>αὐτὰ</span> <span class='ocrx_word' id='word_1_569' title='bbox 3571 3146 3653 3218; x_wconf 77' lang='grc' dir='ltr'><strong>γὰρ</strong></span> <span class='ocrx_word' id='word_1_570' title='bbox 3678 3143 3737 3196; x_wconf 71' lang='lat' dir='ltr'><strong>nl</strong></span> 
     </span>
    </p>
   </div>
   <div class='ocr_carea' id='block_1_73' title="bbox 2253 3236 3738 3318">
    <p class='ocr_par' dir='ltr' id='par_1_73' title="bbox 2253 3236 3738 3318">
     <span class='ocr_line' id='line_1_73' title="bbox 2253 3236 3738 3318; baseline -0.008 -19"><span class='ocrx_word' id='word_1_571' title='bbox 2253 3247 2346 3299; x_wconf 70' lang='grc' dir='ltr'><strong>ἐπὶ</strong></span> <span class='ocrx_word' id='word_1_572' title='bbox 2403 3245 2495 3298; x_wconf 78' lang='grc' dir='ltr'><strong>τοῦ</strong></span> <span class='ocrx_word' id='word_1_573' title='bbox 2541 3246 2807 3318; x_wconf 78' lang='grc' dir='ltr'>παρόντος</span> <span class='ocrx_word' id='word_1_574' title='bbox 2859 3245 2921 3298; x_wconf 80' lang='grc' dir='ltr'>τὸ</span> <span class='ocrx_word' id='word_1_575' title='bbox 2966 3243 3202 3298; x_wconf 78' lang='grc' dir='ltr'>Ἀδωναῒ</span> <span class='ocrx_word' id='word_1_576' title='bbox 3241 3245 3562 3314; x_wconf 77' lang='grc' dir='ltr'>ἡρμήνευται</span> <span class='ocrx_word' id='word_1_577' title='bbox 3592 3239 3652 3299; x_wconf 86' lang='grc' dir='ltr'><strong>εἰς</strong></span> <span class='ocrx_word' id='word_1_578' title='bbox 3682 3236 3738 3286; x_wconf 68' lang='grc' dir='ltr'>τὸν</span> 
     </span>
    </p>
   </div>
   <div class='ocr_carea' id='block_1_74' title="bbox 2252 3329 3737 3407">
    <p class='ocr_par' dir='ltr' id='par_1_74' title="bbox 2252 3329 3737 3407">
     <span class='ocr_line' id='line_1_74' title="bbox 2252 3329 3737 3407; baseline -0.004 -17"><span class='ocrx_word' id='word_1_579' title='bbox 2252 3338 2492 3404; x_wconf 82' lang='grc' dir='ltr'>Κύριον,</span> <span class='ocrx_word' id='word_1_580' title='bbox 2516 3335 2608 3390; x_wconf 78' lang='grc' dir='ltr'>τοῦ</span> <span class='ocrx_word' id='word_1_581' title='bbox 2639 3336 3063 3407; x_wconf 86' lang='grc' dir='ltr'>τετραγράμμου</span> <span class='ocrx_word' id='word_1_582' title='bbox 3089 3334 3375 3403; x_wconf 82' lang='grc' dir='ltr'>ὀνόματος,</span> <span class='ocrx_word' id='word_1_583' title='bbox 3404 3333 3432 3385; x_wconf 85' lang='grc' dir='ltr'>ὃ</span> <span class='ocrx_word' id='word_1_584' title='bbox 3457 3333 3545 3402; x_wconf 78' lang='grc' dir='ltr'>τὴν</span> <span class='ocrx_word' id='word_1_585' title='bbox 3569 3329 3737 3399; x_wconf 56' lang='lat' dir='ltr'><strong>arata.-</strong></span> 
     </span>
    </p>
   </div>
   <div class='ocr_carea' id='block_1_75' title="bbox 2251 3417 3738 3496">
    <p class='ocr_par' dir='ltr' id='par_1_75' title="bbox 2251 3417 3738 3496">
     <span class='ocr_line' id='line_1_75' title="bbox 2251 3417 3738 3496; baseline -0.006 -17"><span class='ocrx_word' id='word_1_586' title='bbox 2251 3443 2344 3479; x_wconf 91' lang='grc' dir='ltr'><strong>τον</strong></span> <span class='ocrx_word' id='word_1_587' title='bbox 2373 3425 2467 3478; x_wconf 81' lang='grc' dir='ltr'>τοῦ</span> <span class='ocrx_word' id='word_1_588' title='bbox 2498 3425 2633 3479; x_wconf 77' lang='grc' dir='ltr'>Θεοῦ</span> <span class='ocrx_word' id='word_1_589' title='bbox 2673 3426 2948 3494; x_wconf 83' lang='grc' dir='ltr'>θεολογίαν</span> <span class='ocrx_word' id='word_1_590' title='bbox 2979 3425 3257 3496; x_wconf 82' lang='grc' dir='ltr'>σημαίνει,</span> <span class='ocrx_word' id='word_1_591' title='bbox 3291 3425 3367 3493; x_wconf 84' lang='grc' dir='ltr'>μὴ</span> <span class='ocrx_word' id='word_1_592' title='bbox 3401 3422 3620 3492; x_wconf 80' lang='grc' dir='ltr'>κειμένου</span> <span class='ocrx_word' id='word_1_593' title='bbox 3650 3417 3738 3470; x_wconf 63' lang='grc' dir='ltr'><strong>κατὰ</strong></span> 
     </span>
    </p>
   </div>
   <div class='ocr_carea' id='block_1_76' title="bbox 2250 3507 3737 3590">
    <p class='ocr_par' dir='ltr' id='par_1_76' title="bbox 2250 3507 3737 3590">
     <span class='ocr_line' id='line_1_76' title="bbox 2250 3507 3737 3590; baseline -0.009 -19"><span class='ocrx_word' id='word_1_594' title='bbox 2250 3519 2351 3590; x_wconf 84' lang='grc' dir='ltr'>τὴν</span> <span class='ocrx_word' id='word_1_595' title='bbox 2378 3517 2656 3588; x_wconf 83' lang='grc' dir='ltr'>παροῦσαν</span> <span class='ocrx_word' id='word_1_596' title='bbox 2684 3516 2850 3584; x_wconf 78' lang='grc' dir='ltr'>λέξιν,</span> <span class='ocrx_word' id='word_1_597' title='bbox 2882 3517 3018 3571; x_wconf 80' lang='grc' dir='ltr'>ἀλλὰ</span> <span class='ocrx_word' id='word_1_598' title='bbox 3047 3516 3141 3570; x_wconf 81' lang='grc' dir='ltr'>τοῦ</span> <span class='ocrx_word' id='word_1_599' title='bbox 3169 3516 3431 3568; x_wconf 78' lang='grc' dir='ltr'>δεσπότου</span> <span class='ocrx_word' id='word_1_600' title='bbox 3476 3507 3737 3582; x_wconf 68' lang='grc' dir='ltr'>μάλισταεῦ·</span> 
     </span>
    </p>
   </div>
   <div class='ocr_carea' id='block_1_77' title="bbox 2254 3594 3738 3680">
    <p class='ocr_par' dir='ltr' id='par_1_77' title="bbox 2254 3594 3738 3680">
     <span class='ocr_line' id='line_1_77' title="bbox 2254 3594 3738 3680; baseline -0.018 -8"><span class='ocrx_word' id='word_1_601' title='bbox 2254 3609 2462 3680; x_wconf 79' lang='grc' dir='ltr'>καίρως</span> <span class='ocrx_word' id='word_1_602' title='bbox 2501 3608 2914 3679; x_wconf 78' lang='grc' dir='ltr'>ὠνομασμένον,</span> <span class='ocrx_word' id='word_1_603' title='bbox 2953 3610 3032 3671; x_wconf 85' lang='grc' dir='ltr'><strong>εἰς</strong></span> <span class='ocrx_word' id='word_1_604' title='bbox 3061 3605 3407 3677; x_wconf 78' lang='grc' dir='ltr'>παράστασιν</span> <span class='ocrx_word' id='word_1_605' title='bbox 3439 3601 3523 3656; x_wconf 78' lang='grc' dir='ltr'>τοῦ</span> <span class='ocrx_word' id='word_1_606' title='bbox 3561 3594 3738 3668; x_wconf 66' lang='grc' dir='ltr'>κήδεσθαι</span> 
     </span>
    </p>
   </div>
   <div class='ocr_carea' id='block_1_78' title="bbox 2252 3687 3738 3770">
    <p class='ocr_par' dir='ltr' id='par_1_78' title="bbox 2252 3687 3738 3770">
     <span class='ocr_line' id='line_1_78' title="bbox 2252 3687 3738 3770; baseline -0.009 -18"><span class='ocrx_word' id='word_1_607' title='bbox 2252 3697 2413 3752; x_wconf 79' lang='grc' dir='ltr'>αὐτὸν</span> <span class='ocrx_word' id='word_1_608' title='bbox 2447 3699 2540 3753; x_wconf 78' lang='grc' dir='ltr'>καὶ</span> <span class='ocrx_word' id='word_1_609' title='bbox 2569 3698 2871 3770; x_wconf 82' lang='grc' dir='ltr'>φροντίζειν</span> <span class='ocrx_word' id='word_1_610' title='bbox 2899 3699 3007 3751; x_wconf 85' lang='grc' dir='ltr'><strong>τῶν</strong></span> <span class='ocrx_word' id='word_1_611' title='bbox 3039 3697 3202 3751; x_wconf 78' lang='grc' dir='ltr'>αὑτοῦ</span> <span class='ocrx_word' id='word_1_612' title='bbox 3233 3696 3478 3759; x_wconf 84' lang='grc' dir='ltr'>οἰκετῶν,</span> <span class='ocrx_word' id='word_1_613' title='bbox 3500 3687 3564 3746; x_wconf 76' lang='grc' dir='ltr'>ὧν</span> <span class='ocrx_word' id='word_1_614' title='bbox 3589 3690 3738 3742; x_wconf 64' lang='grc' dir='ltr'>καικί-</span> 
     </span>
    </p>
   </div>
   <div class='ocr_carea' id='block_1_79' title="bbox 2253 3778 3740 3861">
    <p class='ocr_par' dir='ltr' id='par_1_79' title="bbox 2253 3778 3740 3861">
     <span class='ocr_line' id='line_1_79' title="bbox 2253 3778 3740 3861; baseline -0.022 0"><span class='ocrx_word' id='word_1_615' title='bbox 2253 3790 2470 3861; x_wconf 74' lang='grc' dir='ltr'><strong>ταφυγῆ</strong></span> <span class='ocrx_word' id='word_1_616' title='bbox 2494 3791 2771 3861; x_wconf 81' lang='grc' dir='ltr'>τυγχάνει.</span> <span class='ocrx_word' id='word_1_617' title='bbox 2802 3791 2911 3844; x_wconf 76' lang='grc' dir='ltr'><strong>Καὶ</strong></span> <span class='ocrx_word' id='word_1_618' title='bbox 2940 3791 3040 3861; x_wconf 87' lang='grc' dir='ltr'>ὅρα</span> <span class='ocrx_word' id='word_1_619' title='bbox 3071 3790 3284 3860; x_wconf 87' lang='grc' dir='ltr'>μήποτε</span> <span class='ocrx_word' id='word_1_620' title='bbox 3325 3789 3415 3840; x_wconf 80' lang='grc' dir='ltr'><strong>ἐπὶ</strong></span> <span class='ocrx_word' id='word_1_621' title='bbox 3444 3785 3527 3838; x_wconf 81' lang='grc' dir='ltr'>τὸν</span> <span class='ocrx_word' id='word_1_622' title='bbox 3558 3780 3659 3833; x_wconf 80' lang='grc' dir='ltr'>Θεὸν</span> <span class='ocrx_word' id='word_1_623' title='bbox 3679 3778 3740 3830; x_wconf 72' lang='lat' dir='ltr'><strong>M-</strong></span> 
     </span>
    </p>
   </div>
   <div class='ocr_carea' id='block_1_80' title="bbox 2260 3866 3736 3953">
    <p class='ocr_par' dir='ltr' id='par_1_80' title="bbox 2260 3866 3736 3953">
     <span class='ocr_line' id='line_1_80' title="bbox 2260 3866 3736 3953; baseline -0.001 -18"><span class='ocrx_word' id='word_1_624' title='bbox 2260 3897 2357 3950; x_wconf 89' lang='grc' dir='ltr'><strong>γον</strong></span> <span class='ocrx_word' id='word_1_625' title='bbox 2413 3883 2737 3953; x_wconf 82' lang='grc' dir='ltr'>ἀναφέρεται</span> <span class='ocrx_word' id='word_1_626' title='bbox 2783 3885 2813 3952; x_wconf 83' lang='grc' dir='ltr'>ἡ</span> <span class='ocrx_word' id='word_1_627' title='bbox 2866 3880 3114 3951; x_wconf 80' lang='grc' dir='ltr'>παροῦσα</span> <span class='ocrx_word' id='word_1_628' title='bbox 3163 3877 3509 3932; x_wconf 68' lang='grc' dir='ltr'>διδασκαλία·</span> <span class='ocrx_word' id='word_1_629' title='bbox 3545 3871 3641 3926; x_wconf 71' lang='grc' dir='ltr'>οὐδὲ</span> <span class='ocrx_word' id='word_1_630' title='bbox 3671 3866 3736 3934; x_wconf 65' lang='grc' dir='ltr'><strong>γάρ</strong></span> 
     </span>
    </p>
   </div>
   <div class='ocr_carea' id='block_1_81' title="bbox 2260 3955 3738 4045">
    <p class='ocr_par' dir='ltr' id='par_1_81' title="bbox 2260 3955 3738 4045">
     <span class='ocr_line' id='line_1_81' title="bbox 2260 3955 3738 4045; baseline -0.009 -17"><span class='ocrx_word' id='word_1_631' title='bbox 2260 3972 2478 4045; x_wconf 82' lang='grc' dir='ltr'>μακρὰν</span> <span class='ocrx_word' id='word_1_632' title='bbox 2517 3974 2710 4044; x_wconf 81' lang='grc' dir='ltr'>ἀπᾴδει</span> <span class='ocrx_word' id='word_1_633' title='bbox 2741 3976 2774 4044; x_wconf 85' lang='grc' dir='ltr'><strong>ή</strong></span> <span class='ocrx_word' id='word_1_634' title='bbox 2813 3973 3047 4027; x_wconf 80' lang='grc' dir='ltr'>ἐνταῦθα</span> <span class='ocrx_word' id='word_1_635' title='bbox 3085 3974 3306 4042; x_wconf 79' lang='grc' dir='ltr'>φήσασα</span> <span class='ocrx_word' id='word_1_636' title='bbox 3363 3971 3528 4036; x_wconf 83' lang='grc' dir='ltr'>λέξις·</span> <span class='ocrx_word' id='word_1_637' title='bbox 3553 3962 3648 4032; x_wconf 78' lang='grc' dir='ltr'><strong>Πρὸ</strong></span> <span class='ocrx_word' id='word_1_638' title='bbox 3673 3955 3738 4011; x_wconf 67' lang='grc' dir='ltr'>τοῦ</span> 
     </span>
    </p>
   </div>
   <div class='ocr_carea' id='block_1_82' title="bbox 2255 4048 3739 4134">
    <p class='ocr_par' dir='ltr' id='par_1_82' title="bbox 2255 4048 3739 4134">
     <span class='ocr_line' id='line_1_82' title="bbox 2255 4048 3739 4134; baseline -0.005 -17"><span class='ocrx_word' id='word_1_639' title='bbox 2255 4065 2362 4133; x_wconf 82' lang='grc' dir='ltr'><strong>ὅρη</strong></span> <span class='ocrx_word' id='word_1_640' title='bbox 2402 4064 2722 4134; x_wconf 78' lang='grc' dir='ltr'>γενηθῆναι</span> <span class='ocrx_word' id='word_1_641' title='bbox 2755 4064 2852 4117; x_wconf 76' lang='grc' dir='ltr'><strong>καὶ</strong></span> <span class='ocrx_word' id='word_1_642' title='bbox 2901 4061 3248 4129; x_wconf 71' lang='grc' dir='ltr'>πλασθῆναι</span> <span class='ocrx_word' id='word_1_643' title='bbox 3283 4061 3398 4130; x_wconf 76' lang='grc' dir='ltr'><strong>τὴν</strong></span> <span class='ocrx_word' id='word_1_644' title='bbox 3431 4058 3533 4127; x_wconf 64' lang='grc' dir='ltr'>γῆν</span> <span class='ocrx_word' id='word_1_645' title='bbox 3559 4053 3638 4108; x_wconf 80' lang='grc' dir='ltr'>καὶ</span> <span class='ocrx_word' id='word_1_646' title='bbox 3668 4048 3739 4110; x_wconf 68' lang='grc' dir='ltr'><strong>τὴν</strong></span> 
     </span>
    </p>
   </div>
   <div class='ocr_carea' id='block_1_83' title="bbox 2253 4140 3741 4224">
    <p class='ocr_par' dir='ltr' id='par_1_83' title="bbox 2253 4140 3741 4224">
     <span class='ocr_line' id='line_1_83' title="bbox 2253 4140 3741 4224; baseline -0.011 -16"><span class='ocrx_word' id='word_1_647' title='bbox 2253 4155 2612 4224; x_wconf 74' lang='grc' dir='ltr'>οἰκουμένην</span> <span class='ocrx_word' id='word_1_648' title='bbox 2649 4155 2729 4209; x_wconf 89' lang='grc' dir='ltr'>σὺ</span> <span class='ocrx_word' id='word_1_649' title='bbox 2762 4153 2834 4218; x_wconf 83' lang='grc' dir='ltr'>εἷ,</span> <span class='ocrx_word' id='word_1_650' title='bbox 2867 4159 2900 4209; x_wconf 91' lang='grc' dir='ltr'><strong><em>ό</em></strong></span> <span class='ocrx_word' id='word_1_651' title='bbox 2945 4157 3105 4220; x_wconf 83' lang='grc' dir='ltr'><strong>Θεός·</strong></span> <span class='ocrx_word' id='word_1_652' title='bbox 3146 4155 3245 4224; x_wconf 81' lang='grc' dir='ltr'><strong>τῆς</strong></span> <span class='ocrx_word' id='word_1_653' title='bbox 3275 4153 3426 4224; x_wconf 74' lang='grc' dir='ltr'>παρὰ</span> <span class='ocrx_word' id='word_1_654' title='bbox 3458 4144 3678 4218; x_wconf 80' lang='grc' dir='ltr'>Σολομῶνι</span> <span class='ocrx_word' id='word_1_655' title='bbox 3701 4140 3741 4190; x_wconf 66' lang='grc' dir='ltr'><strong>ξ’(</strong></span> 
     </span>
    </p>
   </div>
   <div class='ocr_carea' id='block_1_84' title="bbox 570 4226 3739 4314">
    <p class='ocr_par' dir='ltr' id='par_1_84' title="bbox 570 4226 3739 4314">
     <span class='ocr_line' id='line_1_84' title="bbox 570 4226 3739 4314; baseline -0.003 -11"><span class='ocrx_word' id='word_1_656' title='bbox 570 4237 860 4308; x_wconf 73' lang='grc' dir='ltr'><strong>προσώπου</strong></span> <span class='ocrx_word' id='word_1_657' title='bbox 883 4240 980 4308; x_wconf 83' lang='grc' dir='ltr'>τῆς</span> <span class='ocrx_word' id='word_1_658' title='bbox 1009 4239 1195 4307; x_wconf 78' lang='grc' dir='ltr'>σοφίας</span> <span class='ocrx_word' id='word_1_659' title='bbox 1217 4240 1548 4310; x_wconf 76' lang='grc' dir='ltr'>φασκούσης,</span> <span class='ocrx_word' id='word_1_660' title='bbox 1568 4240 1688 4309; x_wconf 85' lang='grc' dir='ltr'><strong>Πρὸ</strong></span> <span class='ocrx_word' id='word_1_661' title='bbox 1709 4242 1818 4296; x_wconf 84' lang='grc' dir='ltr'>τοῦ</span> <span class='ocrx_word' id='word_1_662' title='bbox 1841 4243 1950 4312; x_wconf 78' lang='grc' dir='ltr'>ὄρη</span> <span class='ocrx_word' id='word_1_663' title='bbox 1977 4244 2363 4312; x_wconf 78' lang='grc' dir='ltr'>ἑδρασθῆναι,</span> <span class='ocrx_word' id='word_1_664' title='bbox 2400 4246 2512 4312; x_wconf 79' lang='grc' dir='ltr'><strong>πρὸ</strong></span> <span class='ocrx_word' id='word_1_665' title='bbox 2552 4246 2620 4298; x_wconf 82' lang='grc' dir='ltr'>δὲ</span> <span class='ocrx_word' id='word_1_666' title='bbox 2667 4245 2906 4298; x_wconf 81' lang='grc' dir='ltr'>πάντων</span> <span class='ocrx_word' id='word_1_667' title='bbox 2946 4245 3192 4309; x_wconf 74' lang='grc' dir='ltr'>βουνῶν</span> <span class='ocrx_word' id='word_1_668' title='bbox 3237 4243 3422 4314; x_wconf 74' lang='grc' dir='ltr'>γεννᾷ</span> <span class='ocrx_word' id='word_1_669' title='bbox 3463 4256 3562 4310; x_wconf 78' lang='grc' dir='ltr'>με’</span> <span class='ocrx_word' id='word_1_670' title='bbox 3611 4236 3662 4288; x_wconf 79' lang='grc' dir='ltr'>δι’</span> <span class='ocrx_word' id='word_1_671' title='bbox 3691 4226 3739 4288; x_wconf 69' lang='grc' dir='ltr'>ὗν</span> 
     </span>
    </p>
   </div>
   <div class='ocr_carea' id='block_1_85' title="bbox 570 4325 3740 4410">
    <p class='ocr_par' dir='ltr' id='par_1_85' title="bbox 570 4325 3740 4410">
     <span class='ocr_line' id='line_1_85' title="bbox 570 4325 3740 4410; baseline 0.003 -28"><span class='ocrx_word' id='word_1_672' title='bbox 570 4331 747 4383; x_wconf 76' lang='grc' dir='ltr'>ἔοικεν</span> <span class='ocrx_word' id='word_1_673' title='bbox 776 4329 1103 4383; x_wconf 83' lang='grc' dir='ltr'>αἰνίττεσθαι</span> <span class='ocrx_word' id='word_1_674' title='bbox 1133 4331 1232 4394; x_wconf 85' lang='grc' dir='ltr'><strong>τὰς</strong></span> <span class='ocrx_word' id='word_1_675' title='bbox 1261 4331 1585 4401; x_wconf 80' lang='grc' dir='ltr'>ἀσωμάτους</span> <span class='ocrx_word' id='word_1_676' title='bbox 1614 4336 1708 4388; x_wconf 79' lang='grc' dir='ltr'>καὶ</span> <span class='ocrx_word' id='word_1_677' title='bbox 1737 4336 2030 4403; x_wconf 82' lang='grc' dir='ltr'>ἀγγελικὰς</span> <span class='ocrx_word' id='word_1_678' title='bbox 2059 4337 2338 4406; x_wconf 82' lang='grc' dir='ltr'>δυνάμεις,</span> <span class='ocrx_word' id='word_1_679' title='bbox 2368 4331 2443 4390; x_wconf 80' lang='grc' dir='ltr'>ὧν</span> <span class='ocrx_word' id='word_1_680' title='bbox 2471 4337 2844 4410; x_wconf 79' lang='grc' dir='ltr'>προϋπάρχειν</span> <span class='ocrx_word' id='word_1_681' title='bbox 2876 4337 2968 4392; x_wconf 82' lang='grc' dir='ltr'>τὸν</span> <span class='ocrx_word' id='word_1_682' title='bbox 3002 4336 3094 4389; x_wconf 81' lang='grc' dir='ltr'>τοῦ</span> <span class='ocrx_word' id='word_1_683' title='bbox 3147 4335 3282 4388; x_wconf 78' lang='grc' dir='ltr'>Θεοῦ</span> <span class='ocrx_word' id='word_1_684' title='bbox 3343 4333 3506 4402; x_wconf 84' lang='grc' dir='ltr'>Λόγον</span> <span class='ocrx_word' id='word_1_685' title='bbox 3557 4330 3632 4385; x_wconf 76' lang='grc' dir='ltr'>καὶ</span> <span class='ocrx_word' id='word_1_686' title='bbox 3677 4325 3740 4391; x_wconf 58' lang='grc' dir='ltr'><strong>τῆ⁷</strong></span> 
     </span>
    </p>
   </div>
   <div class='ocr_carea' id='block_1_86' title="bbox 572 4421 1786 4494">
    <p class='ocr_par' dir='ltr' id='par_1_86' title="bbox 572 4421 1786 4494">
     <span class='ocr_line' id='line_1_86' title="bbox 572 4421 1786 4494; baseline 0.002 -18"><span class='ocrx_word' id='word_1_687' title='bbox 572 4423 764 4493; x_wconf 82' lang='grc' dir='ltr'>σοφίαν</span> <span class='ocrx_word' id='word_1_688' title='bbox 795 4421 888 4475; x_wconf 80' lang='grc' dir='ltr'>τοῦ</span> <span class='ocrx_word' id='word_1_689' title='bbox 913 4423 1066 4486; x_wconf 77' lang='grc' dir='ltr'>Θεοῦ,</span> <span class='ocrx_word' id='word_1_690' title='bbox 1103 4421 1242 4494; x_wconf 74' lang='grc' dir='ltr'>αὕτη</span> <span class='ocrx_word' id='word_1_691' title='bbox 1270 4424 1303 4494; x_wconf 84' lang='grc' dir='ltr'>ἡ</span> <span class='ocrx_word' id='word_1_692' title='bbox 1341 4424 1500 4492; x_wconf 64' lang='grc' dir='ltr'>σοφία</span> <span class='ocrx_word' id='word_1_693' title='bbox 1527 4425 1786 4479; x_wconf 88' lang='grc' dir='ltr'>διδάσκει.</span> 
     </span>
    </p>
   </div>
   <div class='ocr_carea' id='block_1_87' title="bbox 641 4527 2149 4610">
    <p class='ocr_par' dir='ltr' id='par_1_87' title="bbox 641 4538 2142 4596">
     <span class='ocr_line' id='line_1_87' title="bbox 641 4538 2142 4596; baseline 0.003 -6"><span class='ocrx_word' id='word_1_694' title='bbox 641 4538 806 4594; x_wconf 75' lang='lat' dir='ltr'><strong>Vens.</strong></span> <span class='ocrx_word' id='word_1_695' title='bbox 836 4539 944 4594; x_wconf 76' lang='lat'><strong>5-7.</strong></span> <span class='ocrx_word' id='word_1_696' title='bbox 990 4538 1072 4593; x_wconf 88' lang='lat' dir='ltr'><strong>Ne</strong></span> <span class='ocrx_word' id='word_1_697' title='bbox 1107 4549 1314 4594; x_wconf 81' lang='lat' dir='ltr'><strong>avertas</strong></span> <span class='ocrx_word' id='word_1_698' title='bbox 1360 4541 1621 4595; x_wconf 79' lang='lat' dir='ltr'><strong>hominem</strong></span> <span class='ocrx_word' id='word_1_699' title='bbox 1656 4543 1711 4594; x_wconf 90' lang='lat' dir='ltr'><strong>in</strong></span> <span class='ocrx_word' id='word_1_700' title='bbox 1741 4542 2095 4596; x_wconf 79' lang='lat' dir='ltr'><strong>humilitatem</strong></span> <span class='ocrx_word' id='word_1_701' title='bbox 2123 4558 2142 4595; x_wconf 91' lang='lat'><em>:</em></span> 
     </span>
    </p>
   </div>
   <div class='ocr_carea' id='block_1_88' title="bbox 2238 4527 3738 4610">
    <p class='ocr_par' dir='ltr' id='par_1_88' title="bbox 2315 4527 3738 4610">
     <span class='ocr_line' id='line_1_88' title="bbox 2315 4527 3738 4610; baseline -0.026 11"><span class='ocrx_word' id='word_1_702' title='bbox 2315 4541 2413 4608; x_wconf 66' lang='grc' dir='ltr'><strong>Μὴ</strong></span> <span class='ocrx_word' id='word_1_703' title='bbox 2442 4540 2832 4610; x_wconf 64' lang='grc' dir='ltr'><strong>ἀποστρέψιις</strong></span> <span class='ocrx_word' id='word_1_704' title='bbox 2859 4540 3171 4609; x_wconf 71' lang='grc' dir='ltr'>ἄνθρωπον</span> <span class='ocrx_word' id='word_1_705' title='bbox 3194 4543 3284 4606; x_wconf 79' lang='grc' dir='ltr'>εις</span> <span class='ocrx_word' id='word_1_706' title='bbox 3310 4539 3653 4593; x_wconf 71' lang='grc' dir='ltr'>ταπείνωσιν·</span> <span class='ocrx_word' id='word_1_707' title='bbox 3675 4527 3738 4580; x_wconf 61' lang='grc' dir='ltr'>καὶ</span> 
     </span>
    </p>
   </div>
   <div class='ocr_carea' id='block_1_89' title="bbox 565 4623 2149 4702">
    <p class='ocr_par' dir='ltr' id='par_1_89' title="bbox 565 4630 2144 4702">
     <span class='ocr_line' id='line_1_89' title="bbox 565 4630 2144 4702; baseline 0.001 -16"><span class='ocrx_word' id='word_1_708' title='bbox 565 4641 615 4686; x_wconf 88' lang='lat' dir='ltr'><strong>et</strong></span> <span class='ocrx_word' id='word_1_709' title='bbox 658 4631 890 4686; x_wconf 69' lang='lat' dir='ltr'><strong>dixisti:</strong></span> <span class='ocrx_word' id='word_1_710' title='bbox 935 4630 1336 4696; x_wconf 87' lang='lat' dir='ltr'><strong>Convertimini,</strong></span> <span class='ocrx_word' id='word_1_711' title='bbox 1388 4633 1508 4702; x_wconf 82' lang='lat' dir='ltr'><strong>ﬁlii</strong></span> <span class='ocrx_word' id='word_1_712' title='bbox 1546 4635 1838 4690; x_wconf 84' lang='lat' dir='ltr'><strong>hominum.</strong></span> <span class='ocrx_word' id='word_1_713' title='bbox 1880 4634 2144 4701; x_wconf 85' lang='lat' dir='ltr'><strong>Quoniam</strong></span> 
     </span>
    </p>
   </div>
   <div class='ocr_carea' id='block_1_90' title="bbox 2238 4623 3738 4702">
    <p class='ocr_par' dir='ltr' id='par_1_90' title="bbox 2244 4623 3738 4702">
     <span class='ocr_line' id='line_1_90' title="bbox 2244 4623 3738 4702; baseline -0.006 -15"><span class='ocrx_word' id='word_1_714' title='bbox 2244 4631 2440 4699; x_wconf 77' lang='grc' dir='ltr'>εῖπας,</span> <span class='ocrx_word' id='word_1_715' title='bbox 2459 4633 2908 4702; x_wconf 70' lang='grc' dir='ltr'>Ἐπιστρένψατε,</span> <span class='ocrx_word' id='word_1_716' title='bbox 2936 4635 2991 4686; x_wconf 79' lang='grc' dir='ltr'>οὶ</span> <span class='ocrx_word' id='word_1_717' title='bbox 3023 4633 3142 4687; x_wconf 75' lang='lat' dir='ltr'><strong>viai</strong></span> <span class='ocrx_word' id='word_1_718' title='bbox 3171 4632 3293 4685; x_wconf 76' lang='grc' dir='ltr'>τῶν</span> <span class='ocrx_word' id='word_1_719' title='bbox 3321 4629 3634 4698; x_wconf 48' lang='grc' dir='ltr'>ἀνθρώπων.</span> <span class='ocrx_word' id='word_1_720' title='bbox 3654 4623 3738 4671; x_wconf 72' lang='grc' dir='ltr'><strong>Ὅτι</strong></span> 
     </span>
    </p>
   </div>
   <div class='ocr_carea' id='block_1_91' title="bbox 566 4714 2149 4797">
    <p class='ocr_par' dir='ltr' id='par_1_91' title="bbox 566 4725 2144 4797">
     <span class='ocr_line' id='line_1_91' title="bbox 566 4725 2144 4797; baseline 0.002 -19"><span class='ocrx_word' id='word_1_721' title='bbox 566 4725 710 4778; x_wconf 84' lang='lat' dir='ltr'><strong>mille</strong></span> <span class='ocrx_word' id='word_1_722' title='bbox 741 4726 867 4777; x_wconf 88' lang='lat' dir='ltr'><strong>anni</strong></span> <span class='ocrx_word' id='word_1_723' title='bbox 892 4728 945 4777; x_wconf 79' lang='lat' dir='ltr'><strong>in</strong></span> <span class='ocrx_word' id='word_1_724' title='bbox 969 4725 1134 4778; x_wconf 87' lang='lat' dir='ltr'><strong>oculis</strong></span> <span class='ocrx_word' id='word_1_725' title='bbox 1159 4727 1285 4788; x_wconf 83' lang='lat' dir='ltr'><strong>tuis,</strong></span> <span class='ocrx_word' id='word_1_726' title='bbox 1320 4736 1574 4795; x_wconf 84' lang='lat' dir='ltr'><strong>tanquam</strong></span> <span class='ocrx_word' id='word_1_727' title='bbox 1609 4725 1720 4779; x_wconf 83' lang='lat' dir='ltr'><strong>dies</strong></span> <span class='ocrx_word' id='word_1_728' title='bbox 1745 4725 2007 4790; x_wconf 84' lang='lat' dir='ltr'><strong>hesterna,</strong></span> <span class='ocrx_word' id='word_1_729' title='bbox 2027 4744 2144 4797; x_wconf 65' lang='lat' dir='ltr'><strong>quae</strong></span> 
     </span>
    </p>
   </div>
   <div class='ocr_carea' id='block_1_92' title="bbox 2238 4714 3738 4797">
    <p class='ocr_par' dir='ltr' id='par_1_92' title="bbox 2246 4714 3738 4794">
     <span class='ocr_line' id='line_1_92' title="bbox 2246 4714 3738 4794; baseline -0.003 -17"><span class='ocrx_word' id='word_1_730' title='bbox 2246 4727 2412 4794; x_wconf 79' lang='grc' dir='ltr'>χίλια</span> <span class='ocrx_word' id='word_1_731' title='bbox 2437 4725 2540 4792; x_wconf 80' lang='grc' dir='ltr'>ἔτη</span> <span class='ocrx_word' id='word_1_732' title='bbox 2569 4726 2639 4778; x_wconf 81' lang='grc' dir='ltr'>ἐν</span> <span class='ocrx_word' id='word_1_733' title='bbox 2664 4724 2990 4794; x_wconf 64' lang='grc' dir='ltr'>ὀφθαλμοῖς</span> <span class='ocrx_word' id='word_1_734' title='bbox 3012 4741 3148 4788; x_wconf 86' lang='grc' dir='ltr'>σου,</span> <span class='ocrx_word' id='word_1_735' title='bbox 3179 4725 3260 4790; x_wconf 82' lang='grc' dir='ltr'><strong>ὡς</strong></span> <span class='ocrx_word' id='word_1_736' title='bbox 3286 4725 3326 4792; x_wconf 71' lang='grc' dir='ltr'>ἡ</span> <span class='ocrx_word' id='word_1_737' title='bbox 3357 4721 3586 4792; x_wconf 80' lang='grc' dir='ltr'><strong>ήμέραή</strong></span> <span class='ocrx_word' id='word_1_738' title='bbox 3604 4714 3738 4784; x_wconf 59' lang='grc' dir='ltr'><strong>ἐχθὲς.</strong></span> 
     </span>
    </p>
   </div>
   <div class='ocr_carea' id='block_1_93' title="bbox 564 4801 2149 4886">
    <p class='ocr_par' dir='ltr' id='par_1_93' title="bbox 564 4816 2146 4886">
     <span class='ocr_line' id='line_1_93' title="bbox 564 4816 2146 4886; baseline 0.006 -21"><span class='ocrx_word' id='word_1_739' title='bbox 564 4817 842 4883; x_wconf 74' lang='lat' dir='ltr'><strong>prceteriit,</strong></span> <span class='ocrx_word' id='word_1_740' title='bbox 861 4826 910 4868; x_wconf 75' lang='lat' dir='ltr'><strong>et</strong></span> <span class='ocrx_word' id='word_1_741' title='bbox 940 4816 1179 4868; x_wconf 86' lang='lat' dir='ltr'><strong>custodia</strong></span> <span class='ocrx_word' id='word_1_742' title='bbox 1210 4816 1262 4869; x_wconf 90' lang='lat' dir='ltr'><strong>in</strong></span> <span class='ocrx_word' id='word_1_743' title='bbox 1291 4826 1461 4872; x_wconf 89' lang='lat' dir='ltr'><strong>nocte.</strong></span> <span class='ocrx_word' id='word_1_744' title='bbox 1495 4817 1626 4882; x_wconf 72' lang='lat' dir='ltr'><strong>Qua:</strong></span> <span class='ocrx_word' id='word_1_745' title='bbox 1645 4834 1741 4886; x_wconf 82' lang='lat' dir='ltr'><strong>pro</strong></span> <span class='ocrx_word' id='word_1_746' title='bbox 1762 4818 1925 4872; x_wconf 83' lang='lat' dir='ltr'><strong>nihilo</strong></span> <span class='ocrx_word' id='word_1_747' title='bbox 1951 4819 2146 4874; x_wconf 86' lang='lat' dir='ltr'><strong>haben-</strong></span> 
     </span>
    </p>
   </div>
   <div class='ocr_carea' id='block_1_94' title="bbox 2238 4801 3738 4886">
    <p class='ocr_par' dir='ltr' id='par_1_94' title="bbox 2244 4801 3738 4884">
     <span class='ocr_line' id='line_1_94' title="bbox 2244 4801 3738 4884; baseline -0.015 -7"><span class='ocrx_word' id='word_1_748' title='bbox 2244 4817 2377 4882; x_wconf 80' lang='grc' dir='ltr'>ἥτις</span> <span class='ocrx_word' id='word_1_749' title='bbox 2407 4814 2633 4883; x_wconf 74' lang='grc' dir='ltr'>διῆλθε.</span> <span class='ocrx_word' id='word_1_750' title='bbox 2668 4815 2766 4869; x_wconf 77' lang='grc' dir='ltr'>καὶ</span> <span class='ocrx_word' id='word_1_751' title='bbox 2801 4815 3046 4884; x_wconf 70' lang='grc' dir='ltr'><strong>φυλακὴ</strong></span> <span class='ocrx_word' id='word_1_752' title='bbox 3077 4816 3146 4869; x_wconf 80' lang='grc' dir='ltr'>ἐν</span> <span class='ocrx_word' id='word_1_753' title='bbox 3171 4815 3371 4868; x_wconf 78' lang='grc' dir='ltr'>νυκτί.</span> <span class='ocrx_word' id='word_1_754' title='bbox 3405 4801 3738 4874; x_wconf 53' lang='grc' dir='ltr'><strong>Τὰὲξουόιτπ·</strong></span> 
     </span>
    </p>
   </div>
   <div class='ocr_carea' id='block_1_95' title="bbox 567 4907 2139 4976">
    <p class='ocr_par' dir='ltr' id='par_1_95' title="bbox 567 4907 2139 4976">
     <span class='ocr_line' id='line_1_95' title="bbox 567 4907 2139 4976; baseline 0.006 -22"><span class='ocrx_word' id='word_1_755' title='bbox 567 4916 671 4967; x_wconf 82' lang='lat' dir='ltr'><strong>tur,</strong></span> <span class='ocrx_word' id='word_1_756' title='bbox 713 4922 895 4958; x_wconf 86' lang='lat' dir='ltr'><strong>eorum</strong></span> <span class='ocrx_word' id='word_1_757' title='bbox 926 4907 1052 4958; x_wconf 87' lang='lat' dir='ltr'><strong>anni</strong></span> <span class='ocrx_word' id='word_1_758' title='bbox 1086 4916 1261 4961; x_wconf 81' lang='lat' dir='ltr'><strong>erunt.</strong></span> <span class='ocrx_word' id='word_1_759' title='bbox 1304 4907 1467 4962; x_wconf 78' lang='lat' dir='ltr'><strong>Mane</strong></span> <span class='ocrx_word' id='word_1_760' title='bbox 1510 4909 1646 4961; x_wconf 84' lang='lat' dir='ltr'><strong>sicut</strong></span> <span class='ocrx_word' id='word_1_761' title='bbox 1690 4908 1851 4962; x_wconf 81' lang='lat' dir='ltr'><strong>herba</strong></span> <span class='ocrx_word' id='word_1_762' title='bbox 1883 4919 2139 4976; x_wconf 86' lang='lat' dir='ltr'><strong>transeat,</strong></span> 
     </span>
    </p>
   </div>
   <div class='ocr_carea' id='block_1_96' title="bbox 567 4996 2142 5067">
    <p class='ocr_par' dir='ltr' id='par_1_96' title="bbox 567 4996 2142 5067">
     <span class='ocr_line' id='line_1_96' title="bbox 567 4996 2142 5067; baseline 0.007 -22"><span class='ocrx_word' id='word_1_763' title='bbox 567 5010 719 5046; x_wconf 87' lang='lat' dir='ltr'><strong>mane</strong></span> <span class='ocrx_word' id='word_1_764' title='bbox 749 4996 934 5062; x_wconf 76' lang='lat' dir='ltr'><strong>ﬂoreat</strong></span> <span class='ocrx_word' id='word_1_765' title='bbox 965 5007 1012 5048; x_wconf 86' lang='lat' dir='ltr'><strong>et</strong></span> <span class='ocrx_word' id='word_1_766' title='bbox 1047 5005 1316 5061; x_wconf 85' lang='lat' dir='ltr'><strong>transeat;</strong></span> <span class='ocrx_word' id='word_1_767' title='bbox 1347 5015 1552 5067; x_wconf 83' lang='lat' dir='ltr'><strong>vespere</strong></span> <span class='ocrx_word' id='word_1_768' title='bbox 1581 4999 1814 5061; x_wconf 84' lang='lat' dir='ltr'><strong>decidat,</strong></span> <span class='ocrx_word' id='word_1_769' title='bbox 1847 5001 2142 5063; x_wconf 83' lang='lat' dir='ltr'><strong>induret,et</strong></span> 
     </span>
    </p>
   </div>
   <div class='ocr_carea' id='block_1_97' title="bbox 565 5086 2140 5158">
    <p class='ocr_par' dir='ltr' id='par_1_97' title="bbox 565 5086 2140 5158">
     <span class='ocr_line' id='line_1_97' title="bbox 565 5086 2140 5158; baseline 0.006 -21"><span class='ocrx_word' id='word_1_770' title='bbox 565 5094 792 5138; x_wconf 84' lang='lat' dir='ltr'><strong>arescat.</strong></span> <span class='ocrx_word' id='word_1_771' title='bbox 829 5086 967 5149; x_wconf 85' lang='lat' dir='ltr'><strong>Quia</strong></span> <span class='ocrx_word' id='word_1_772' title='bbox 993 5087 1276 5154; x_wconf 78' lang='lat' dir='ltr'><strong>defecimus</strong></span> <span class='ocrx_word' id='word_1_773' title='bbox 1304 5089 1356 5140; x_wconf 89' lang='lat' dir='ltr'><strong>in</strong></span> <span class='ocrx_word' id='word_1_774' title='bbox 1403 5090 1485 5142; x_wconf 90' lang='lat' dir='ltr'><strong>ira</strong></span> <span class='ocrx_word' id='word_1_775' title='bbox 1526 5099 1638 5154; x_wconf 88' lang='lat' dir='ltr'><strong>tua,</strong></span> <span class='ocrx_word' id='word_1_776' title='bbox 1665 5099 1714 5142; x_wconf 87' lang='lat' dir='ltr'><strong>et</strong></span> <span class='ocrx_word' id='word_1_777' title='bbox 1748 5092 1801 5143; x_wconf 84' lang='lat' dir='ltr'><strong>in</strong></span> <span class='ocrx_word' id='word_1_778' title='bbox 1835 5091 2014 5158; x_wconf 81' lang='lat' dir='ltr'><strong>furore</strong></span> <span class='ocrx_word' id='word_1_779' title='bbox 2052 5104 2140 5146; x_wconf 84' lang='lat' dir='ltr'><strong>tuo</strong></span> 
     </span>
    </p>
   </div>
   <div class='ocr_carea' id='block_1_98' title="bbox 567 5177 2142 5251">
    <p class='ocr_par' dir='ltr' id='par_1_98' title="bbox 567 5177 2142 5251">
     <span class='ocr_line' id='line_1_98' title="bbox 567 5177 2142 5251; baseline 0.008 -23"><span class='ocrx_word' id='word_1_780' title='bbox 567 5177 766 5230; x_wconf 84' lang='lat' dir='ltr'><strong>turbati</strong></span> <span class='ocrx_word' id='word_1_781' title='bbox 811 5193 1012 5232; x_wconf 86' lang='lat' dir='ltr'><strong>sumus.</strong></span> <span class='ocrx_word' id='word_1_782' title='bbox 1047 5177 1184 5243; x_wconf 86' lang='lat' dir='ltr'><strong>Quia</strong></span> <span class='ocrx_word' id='word_1_783' title='bbox 1237 5179 1335 5235; x_wconf 90' lang='lat' dir='ltr'><strong>has</strong></span> <span class='ocrx_word' id='word_1_784' title='bbox 1389 5195 1552 5234; x_wconf 87' lang='lat' dir='ltr'><strong>voces</strong></span> <span class='ocrx_word' id='word_1_785' title='bbox 1585 5180 1786 5251; x_wconf 82' lang='lat' dir='ltr'><strong>Moysis</strong></span> <span class='ocrx_word' id='word_1_786' title='bbox 1824 5199 1946 5238; x_wconf 82' lang='lat' dir='ltr'><strong>esse</strong></span> <span class='ocrx_word' id='word_1_787' title='bbox 1983 5184 2142 5240; x_wconf 88' lang='lat' dir='ltr'><strong>docet</strong></span> 
     </span>
    </p>
   </div>
   <div class='ocr_carea' id='block_1_99' title="bbox 566 5267 2144 5342">
    <p class='ocr_par' dir='ltr' id='par_1_99' title="bbox 566 5267 2144 5342">
     <span class='ocr_line' id='line_1_99' title="bbox 566 5267 2144 5342; baseline 0.008 -22"><span class='ocrx_word' id='word_1_788' title='bbox 566 5268 778 5328; x_wconf 88' lang='lat' dir='ltr'><strong>titulus.</strong></span> <span class='ocrx_word' id='word_1_789' title='bbox 817 5267 944 5322; x_wconf 91' lang='lat' dir='ltr'><strong>dum</strong></span> <span class='ocrx_word' id='word_1_790' title='bbox 975 5284 1068 5324; x_wconf 91' lang='lat' dir='ltr'><strong>eas</strong></span> <span class='ocrx_word' id='word_1_791' title='bbox 1099 5269 1300 5341; x_wconf 82' lang='lat' dir='ltr'><strong>Moysis</strong></span> <span class='ocrx_word' id='word_1_792' title='bbox 1332 5287 1578 5340; x_wconf 70' lang='lat' dir='ltr'><strong>persnnm</strong></span> <span class='ocrx_word' id='word_1_793' title='bbox 1608 5282 1796 5342; x_wconf 85' lang='lat' dir='ltr'><strong>aptare</strong></span> <span class='ocrx_word' id='word_1_794' title='bbox 1821 5290 2012 5337; x_wconf 87' lang='lat' dir='ltr'><strong>conor,</strong></span> <span class='ocrx_word' id='word_1_795' title='bbox 2035 5292 2144 5332; x_wconf 87' lang='lat' dir='ltr'><strong>me-</strong></span> 
     </span>
    </p>
   </div>
   <div class='ocr_carea' id='block_1_100' title="bbox 563 5361 2138 5436">
    <p class='ocr_par' dir='ltr' id='par_1_100' title="bbox 563 5361 2138 5436">
     <span class='ocr_line' id='line_1_100' title="bbox 563 5361 2138 5436; baseline 0.004 -22"><span class='ocrx_word' id='word_1_796' title='bbox 563 5375 687 5414; x_wconf 87' lang='lat' dir='ltr'><strong>cum</strong></span> <span class='ocrx_word' id='word_1_797' title='bbox 725 5369 914 5429; x_wconf 91' lang='lat' dir='ltr'><strong>reputo</strong></span> <span class='ocrx_word' id='word_1_798' title='bbox 948 5376 1077 5413; x_wconf 91' lang='lat' dir='ltr'><strong>num</strong></span> <span class='ocrx_word' id='word_1_799' title='bbox 1131 5361 1216 5416; x_wconf 89' lang='lat' dir='ltr'><strong>his</strong></span> <span class='ocrx_word' id='word_1_800' title='bbox 1255 5361 1509 5415; x_wconf 91' lang='lat' dir='ltr'><strong>latentem</strong></span> <span class='ocrx_word' id='word_1_801' title='bbox 1563 5361 1765 5434; x_wconf 82' lang='lat' dir='ltr'><strong>Moysis</strong></span> <span class='ocrx_word' id='word_1_802' title='bbox 1798 5368 2138 5436; x_wconf 87' lang='lat' dir='ltr'><strong>prophetiam</strong></span> 
     </span>
    </p>
   </div>
   <div class='ocr_carea' id='block_1_101' title="bbox 565 5450 2138 5521">
    <p class='ocr_par' dir='ltr' id='par_1_101' title="bbox 565 5450 2138 5521">
     <span class='ocr_line' id='line_1_101' title="bbox 565 5450 2138 5521; baseline 0.006 -16"><span class='ocrx_word' id='word_1_803' title='bbox 565 5467 743 5506; x_wconf 87' lang='lat' dir='ltr'><strong>sermo</strong></span> <span class='ocrx_word' id='word_1_804' title='bbox 768 5452 967 5505; x_wconf 85' lang='lat' dir='ltr'><strong>tradat.</strong></span> <span class='ocrx_word' id='word_1_805' title='bbox 1011 5450 1198 5521; x_wconf 88' lang='lat' dir='ltr'><strong>Neque</strong></span> <span class='ocrx_word' id='word_1_806' title='bbox 1225 5453 1371 5505; x_wconf 91' lang='lat' dir='ltr'><strong>enim</strong></span> <span class='ocrx_word' id='word_1_807' title='bbox 1405 5453 1648 5521; x_wconf 85' lang='lat' dir='ltr'><strong>psalmus</strong></span> <span class='ocrx_word' id='word_1_808' title='bbox 1677 5471 1800 5510; x_wconf 88' lang='lat' dir='ltr'><strong>esse</strong></span> <span class='ocrx_word' id='word_1_809' title='bbox 1832 5458 1964 5511; x_wconf 89' lang='lat' dir='ltr'><strong>mihi</strong></span> <span class='ocrx_word' id='word_1_810' title='bbox 1994 5459 2138 5514; x_wconf 78' lang='lat' dir='ltr'><strong>vide-</strong></span> 
     </span>
    </p>
   </div>
   <div class='ocr_carea' id='block_1_102' title="bbox 563 5542 2136 5619">
    <p class='ocr_par' dir='ltr' id='par_1_102' title="bbox 563 5542 2136 5619">
     <span class='ocr_line' id='line_1_102' title="bbox 563 5542 2136 5619; baseline 0.003 -22"><span class='ocrx_word' id='word_1_811' title='bbox 563 5554 687 5609; x_wconf 87' lang='lat' dir='ltr'><strong>tur;</strong></span> <span class='ocrx_word' id='word_1_812' title='bbox 721 5542 838 5604; x_wconf 87' lang='lat' dir='ltr'><strong>sed,</strong></span> <span class='ocrx_word' id='word_1_813' title='bbox 872 5552 930 5594; x_wconf 91' lang='lat' dir='ltr'><strong>ut</strong></span> <span class='ocrx_word' id='word_1_814' title='bbox 963 5543 1122 5596; x_wconf 88' lang='lat' dir='ltr'><strong>docet</strong></span> <span class='ocrx_word' id='word_1_815' title='bbox 1151 5543 1456 5614; x_wconf 90' lang='lat' dir='ltr'><strong>inscriptio,</strong></span> <span class='ocrx_word' id='word_1_816' title='bbox 1483 5547 1657 5600; x_wconf 89' lang='lat' dir='ltr'><strong>oratio</strong></span> <span class='ocrx_word' id='word_1_817' title='bbox 1684 5547 1906 5619; x_wconf 84' lang='lat' dir='ltr'><strong>Moysis.</strong></span> <span class='ocrx_word' id='word_1_818' title='bbox 1939 5548 2136 5614; x_wconf 70' lang='lat' dir='ltr'><strong>Quaero</strong></span> 
     </span>
    </p>
   </div>
   <div class='ocr_carea' id='block_1_103' title="bbox 563 5632 2129 5706">
    <p class='ocr_par' dir='ltr' id='par_1_103' title="bbox 563 5632 2129 5706">
     <span class='ocr_line' id='line_1_103' title="bbox 563 5632 2129 5706; baseline 0.004 -22"><span class='ocrx_word' id='word_1_819' title='bbox 563 5643 742 5686; x_wconf 85' lang='lat' dir='ltr'><strong>autem</strong></span> <span class='ocrx_word' id='word_1_820' title='bbox 773 5649 878 5702; x_wconf 89' lang='lat' dir='ltr'><strong>quo</strong></span> <span class='ocrx_word' id='word_1_821' title='bbox 911 5641 1157 5702; x_wconf 88' lang='lat' dir='ltr'><strong>tempore</strong></span> <span class='ocrx_word' id='word_1_822' title='bbox 1191 5632 1404 5706; x_wconf 84' lang='lat' dir='ltr'><strong>Moyses</strong></span> <span class='ocrx_word' id='word_1_823' title='bbox 1448 5636 1549 5690; x_wconf 90' lang='lat' dir='ltr'><strong>hac</strong></span> <span class='ocrx_word' id='word_1_824' title='bbox 1592 5653 1725 5692; x_wconf 91' lang='lat' dir='ltr'><strong>usus</strong></span> <span class='ocrx_word' id='word_1_825' title='bbox 1751 5637 1998 5692; x_wconf 89' lang='lat' dir='ltr'><strong>oratione</strong></span> <span class='ocrx_word' id='word_1_826' title='bbox 2021 5639 2087 5693; x_wconf 87' lang='lat' dir='ltr'><strong>sit</strong></span> <span class='ocrx_word' id='word_1_827' title='bbox 2116 5656 2129 5703; x_wconf 93' lang='lat'><strong>;</strong></span> 
     </span>
    </p>
   </div>
   <div class='ocr_carea' id='block_1_104' title="bbox 563 5722 2129 5798">
    <p class='ocr_par' dir='ltr' id='par_1_104' title="bbox 563 5722 2129 5798">
     <span class='ocr_line' id='line_1_104' title="bbox 563 5722 2129 5798; baseline 0.005 -24"><span class='ocrx_word' id='word_1_828' title='bbox 563 5731 616 5775; x_wconf 69' lang='grc' dir='ltr'><strong>ιι</strong></span> <span class='ocrx_word' id='word_1_829' title='bbox 645 5739 771 5775; x_wconf 90' lang='lat' dir='ltr'><strong>num</strong></span> <span class='ocrx_word' id='word_1_830' title='bbox 815 5723 939 5792; x_wconf 91' lang='lat' dir='ltr'><strong>ipsi,</strong></span> <span class='ocrx_word' id='word_1_831' title='bbox 967 5722 1048 5776; x_wconf 85' lang='lat' dir='ltr'><strong>vel</strong></span> <span class='ocrx_word' id='word_1_832' title='bbox 1078 5723 1258 5793; x_wconf 90' lang='lat' dir='ltr'><strong>potius</strong></span> <span class='ocrx_word' id='word_1_833' title='bbox 1288 5725 1490 5794; x_wconf 80' lang='lat' dir='ltr'><strong>populo</strong></span> <span class='ocrx_word' id='word_1_834' title='bbox 1517 5729 1840 5781; x_wconf 83' lang='lat' dir='ltr'><strong>conveniat:</strong></span> <span class='ocrx_word' id='word_1_835' title='bbox 1874 5743 2003 5781; x_wconf 89' lang='lat' dir='ltr'><strong>num</strong></span> <span class='ocrx_word' id='word_1_836' title='bbox 2039 5745 2129 5798; x_wconf 79' lang='lat' dir='ltr'><strong>ge-</strong></span> 
     </span>
    </p>
   </div>
   <div class='ocr_carea' id='block_1_105' title="bbox 634 5875 1706 5946">
    <p class='ocr_par' dir='ltr' id='par_1_105' title="bbox 634 5875 1706 5946">
     <span class='ocr_line' id='line_1_105' title="bbox 634 5875 1706 5946; baseline 0.007 -18"><span class='ocrx_word' id='word_1_837' title='bbox 634 5877 675 5906; x_wconf 86' lang='lat'><strong>&quot;</strong></span> <span class='ocrx_word' id='word_1_838' title='bbox 719 5875 861 5933; x_wconf 79' lang='lat' dir='ltr'><strong>Psal.</strong></span> <span class='ocrx_word' id='word_1_839' title='bbox 897 5893 970 5941; x_wconf 80' lang='lat' dir='ltr'><strong>et,</strong></span> <span class='ocrx_word' id='word_1_840' title='bbox 1006 5877 1098 5932; x_wconf 70' lang='lat'><strong>‘25.</strong></span> <span class='ocrx_word' id='word_1_841' title='bbox 1179 5881 1221 5910; x_wconf 70' lang='grc'>³³</span> <span class='ocrx_word' id='word_1_842' title='bbox 1261 5877 1420 5935; x_wconf 77' lang='lat' dir='ltr'><strong>Prov.</strong></span> <span class='ocrx_word' id='word_1_843' title='bbox 1463 5894 1580 5946; x_wconf 86' lang='lat' dir='ltr'><strong>vm,</strong></span> <span class='ocrx_word' id='word_1_844' title='bbox 1610 5878 1706 5937; x_wconf 72' lang='lat'><strong>25.</strong></span> 
     </span>
    </p>
   </div>
   <div class='ocr_carea' id='block_1_106' title="bbox 2239 4901 3740 4976">
    <p class='ocr_par' dir='ltr' id='par_1_106' title="bbox 2239 4901 3740 4976">
     <span class='ocr_line' id='line_1_106' title="bbox 2239 4901 3740 4976; baseline -0.004 -16"><span class='ocrx_word' id='word_1_845' title='bbox 2239 4923 2397 4976; x_wconf 83' lang='grc' dir='ltr'>ματα</span> <span class='ocrx_word' id='word_1_846' title='bbox 2413 4905 2633 4968; x_wconf 73' lang='grc' dir='ltr'>αὐτῶν,</span> <span class='ocrx_word' id='word_1_847' title='bbox 2655 4907 2759 4974; x_wconf 73' lang='grc' dir='ltr'><strong>ἔτη</strong></span> <span class='ocrx_word' id='word_1_848' title='bbox 2787 4907 3052 4962; x_wconf 75' lang='grc' dir='ltr'>ἔσονται.</span> <span class='ocrx_word' id='word_1_849' title='bbox 3077 4906 3147 4960; x_wconf 80' lang='grc' dir='ltr'><strong>Τὸ</strong></span> <span class='ocrx_word' id='word_1_850' title='bbox 3167 4906 3413 4973; x_wconf 77' lang='grc' dir='ltr'><strong>πρωῒὼς</strong></span> <span class='ocrx_word' id='word_1_851' title='bbox 3433 4903 3471 4969; x_wconf 78' lang='grc' dir='ltr'><strong>ἠ</strong></span> <span class='ocrx_word' id='word_1_852' title='bbox 3491 4901 3623 4970; x_wconf 70' lang='grc' dir='ltr'><strong>χλόη</strong></span> <span class='ocrx_word' id='word_1_853' title='bbox 3641 4909 3740 4959; x_wconf 65' lang='grc' dir='ltr'>περ·</span> 
     </span>
    </p>
   </div>
   <div class='ocr_carea' id='block_1_107' title="bbox 2241 4983 3739 5066">
    <p class='ocr_par' dir='ltr' id='par_1_107' title="bbox 2241 4983 3739 5066">
     <span class='ocr_line' id='line_1_107' title="bbox 2241 4983 3739 5066; baseline -0.007 -15"><span class='ocrx_word' id='word_1_854' title='bbox 2241 4999 2425 5062; x_wconf 75' lang='grc' dir='ltr'>ἐλθοι,</span> <span class='ocrx_word' id='word_1_855' title='bbox 2486 4998 2549 5052; x_wconf 83' lang='grc' dir='ltr'>τὸ</span> <span class='ocrx_word' id='word_1_856' title='bbox 2584 4999 2733 5066; x_wconf 79' lang='grc' dir='ltr'>πρωῒ</span> <span class='ocrx_word' id='word_1_857' title='bbox 2762 4989 3022 5065; x_wconf 81' lang='grc' dir='ltr'><em>ἀνθήσαὶ</em></span> <span class='ocrx_word' id='word_1_858' title='bbox 3062 4998 3162 5052; x_wconf 69' lang='grc' dir='ltr'>καὶ</span> <span class='ocrx_word' id='word_1_859' title='bbox 3199 4997 3499 5065; x_wconf 70' lang='grc' dir='ltr'>παρέλθοι,</span> <span class='ocrx_word' id='word_1_860' title='bbox 3533 4992 3586 5046; x_wconf 77' lang='grc' dir='ltr'>τὸ</span> <span class='ocrx_word' id='word_1_861' title='bbox 3613 4983 3739 5042; x_wconf 69' lang='grc' dir='ltr'>ἐσιτέ-</span> 
     </span>
    </p>
   </div>
   <div class='ocr_carea' id='block_1_108' title="bbox 2233 5075 3738 5158">
    <p class='ocr_par' dir='ltr' id='par_1_108' title="bbox 2233 5075 3738 5158">
     <span class='ocr_line' id='line_1_108' title="bbox 2233 5075 3738 5158; baseline -0.006 -16"><span class='ocrx_word' id='word_1_862' title='bbox 2233 5107 2348 5158; x_wconf 83' lang='grc' dir='ltr'>ρας</span> <span class='ocrx_word' id='word_1_863' title='bbox 2382 5089 2700 5155; x_wconf 80' lang='grc' dir='ltr'>ἀποπέσοι,</span> <span class='ocrx_word' id='word_1_864' title='bbox 2749 5091 3158 5158; x_wconf 68' lang='grc' dir='ltr'>σκληρυνθείη</span> <span class='ocrx_word' id='word_1_865' title='bbox 3199 5090 3299 5143; x_wconf 77' lang='grc' dir='ltr'>καὶ</span> <span class='ocrx_word' id='word_1_866' title='bbox 3342 5084 3658 5156; x_wconf 74' lang='grc' dir='ltr'>ξηρανθείη’</span> <span class='ocrx_word' id='word_1_867' title='bbox 3683 5075 3738 5128; x_wconf 68' lang='grc' dir='ltr'><strong>ὅτι</strong></span> 
     </span>
    </p>
   </div>
   <div class='ocr_carea' id='block_1_109' title="bbox 2240 5172 3739 5252">
    <p class='ocr_par' dir='ltr' id='par_1_109' title="bbox 2240 5172 3739 5252">
     <span class='ocr_line' id='line_1_109' title="bbox 2240 5172 3739 5252; baseline -0.009 -8"><span class='ocrx_word' id='word_1_868' title='bbox 2240 5181 2600 5250; x_wconf 73' lang='grc' dir='ltr'>ἐξελίπομεν</span> <span class='ocrx_word' id='word_1_869' title='bbox 2621 5183 2691 5237; x_wconf 73' lang='grc' dir='ltr'>ἐν</span> <span class='ocrx_word' id='word_1_870' title='bbox 2721 5182 2795 5251; x_wconf 77' lang='grc' dir='ltr'>τῇ</span> <span class='ocrx_word' id='word_1_871' title='bbox 2827 5181 2970 5252; x_wconf 73' lang='grc' dir='ltr'>ὀργῇ</span> <span class='ocrx_word' id='word_1_872' title='bbox 3003 5199 3139 5244; x_wconf 83' lang='grc' dir='ltr'>σου,</span> <span class='ocrx_word' id='word_1_873' title='bbox 3170 5182 3266 5235; x_wconf 71' lang='grc' dir='ltr'>καὶ</span> <span class='ocrx_word' id='word_1_874' title='bbox 3297 5182 3369 5234; x_wconf 76' lang='grc' dir='ltr'><strong>ἐν</strong></span> <span class='ocrx_word' id='word_1_875' title='bbox 3400 5178 3475 5243; x_wconf 79' lang='grc' dir='ltr'>τῷ</span> <span class='ocrx_word' id='word_1_876' title='bbox 3505 5172 3644 5243; x_wconf 81' lang='grc' dir='ltr'>θυμῷ</span> <span class='ocrx_word' id='word_1_877' title='bbox 3663 5183 3739 5223; x_wconf 62' lang='grc' dir='ltr'><strong>σου</strong></span> 
     </span>
    </p>
   </div>
   <div class='ocr_carea' id='block_1_110' title="bbox 2239 5267 3738 5346">
    <p class='ocr_par' dir='ltr' id='par_1_110' title="bbox 2239 5267 3738 5346">
     <span class='ocr_line' id='line_1_110' title="bbox 2239 5267 3738 5346; baseline 0.001 -21"><span class='ocrx_word' id='word_1_878' title='bbox 2239 5273 2666 5342; x_wconf 76' lang='grc' dir='ltr'>ἐταράχθημεν.</span> <span class='ocrx_word' id='word_1_879' title='bbox 2711 5275 2925 5346; x_wconf 82' lang='grc' dir='ltr'>Ἐπειδὴ</span> <span class='ocrx_word' id='word_1_880' title='bbox 2962 5273 3201 5336; x_wconf 81' lang='grc' dir='ltr'>Μωσέως</span> <span class='ocrx_word' id='word_1_881' title='bbox 3237 5273 3496 5342; x_wconf 81' lang='grc' dir='ltr'>ὑπάρχειν</span> <span class='ocrx_word' id='word_1_882' title='bbox 3528 5267 3610 5328; x_wconf 72' lang='grc' dir='ltr'><strong>τὰς</strong></span> <span class='ocrx_word' id='word_1_883' title='bbox 3645 5273 3738 5326; x_wconf 58' lang='grc' dir='ltr'>περ·</span> 
     </span>
    </p>
   </div>
   <div class='ocr_carea' id='block_1_111' title="bbox 2239 5352 3738 5439">
    <p class='ocr_par' dir='ltr' id='par_1_111' title="bbox 2239 5352 3738 5439">
     <span class='ocr_line' id='line_1_111' title="bbox 2239 5352 3738 5439; baseline -0.011 -8"><span class='ocrx_word' id='word_1_884' title='bbox 2239 5366 2405 5428; x_wconf 69' lang='grc' dir='ltr'><strong>θύσας</strong></span> <span class='ocrx_word' id='word_1_885' title='bbox 2437 5367 2620 5434; x_wconf 70' lang='grc' dir='ltr'>φωνὰς</span> <span class='ocrx_word' id='word_1_886' title='bbox 2651 5369 2685 5437; x_wconf 82' lang='grc' dir='ltr'>ἡ</span> <span class='ocrx_word' id='word_1_887' title='bbox 2714 5367 3002 5439; x_wconf 78' lang='grc' dir='ltr'>προγραφὴ</span> <span class='ocrx_word' id='word_1_888' title='bbox 3033 5363 3292 5425; x_wconf 78' lang='grc' dir='ltr'>διδάσκει,</span> <span class='ocrx_word' id='word_1_889' title='bbox 3355 5360 3658 5434; x_wconf 74' lang='grc' dir='ltr'>πειρώμενος</span> <span class='ocrx_word' id='word_1_890' title='bbox 3675 5352 3738 5402; x_wconf 57' lang='grc' dir='ltr'><strong>αὖ*</strong></span> 
     </span>
    </p>
   </div>
   <div class='ocr_carea' id='block_1_112' title="bbox 2237 5449 3737 5529">
    <p class='ocr_par' dir='ltr' id='par_1_112' title="bbox 2237 5449 3737 5529">
     <span class='ocr_line' id='line_1_112' title="bbox 2237 5449 3737 5529; baseline 0.002 -19"><span class='ocrx_word' id='word_1_891' title='bbox 2237 5457 2338 5520; x_wconf 78' lang='grc' dir='ltr'>τὰς·</span> <span class='ocrx_word' id='word_1_892' title='bbox 2387 5458 2693 5528; x_wconf 73' lang='grc' dir='ltr'>ἐφαρμόσαι</span> <span class='ocrx_word' id='word_1_893' title='bbox 2739 5457 2817 5529; x_wconf 82' lang='grc' dir='ltr'>τῷ</span> <span class='ocrx_word' id='word_1_894' title='bbox 2861 5458 3098 5519; x_wconf 82' lang='grc' dir='ltr'>Μωσέως</span> <span class='ocrx_word' id='word_1_895' title='bbox 3168 5455 3462 5526; x_wconf 78' lang='grc' dir='ltr'>προσώπῳ,</span> <span class='ocrx_word' id='word_1_896' title='bbox 3510 5449 3737 5520; x_wconf 51' lang='lat' dir='ltr'><strong>Epiri-Ti?&quot;</strong></span> 
     </span>
    </p>
   </div>
   <div class='ocr_carea' id='block_1_113' title="bbox 2246 5536 3738 5618">
    <p class='ocr_par' dir='ltr' id='par_1_113' title="bbox 2246 5536 3738 5618">
     <span class='ocr_line' id='line_1_113' title="bbox 2246 5536 3738 5618; baseline -0.011 -16"><span class='ocrx_word' id='word_1_897' title='bbox 2246 5550 2456 5618; x_wconf 80' lang='grc' dir='ltr'>μήποτε</span> <span class='ocrx_word' id='word_1_898' title='bbox 2485 5549 2848 5602; x_wconf 85' lang='grc' dir='ltr'>λανθάνουσαν</span> <span class='ocrx_word' id='word_1_899' title='bbox 2881 5549 2968 5602; x_wconf 79' lang='grc' dir='ltr'><strong>διὰ</strong></span> <span class='ocrx_word' id='word_1_900' title='bbox 3007 5549 3212 5600; x_wconf 80' lang='grc' dir='ltr'>τούτων</span> <span class='ocrx_word' id='word_1_901' title='bbox 3235 5548 3264 5597; x_wconf 87' lang='lat'><strong>6</strong></span> <span class='ocrx_word' id='word_1_902' title='bbox 3295 5546 3450 5614; x_wconf 78' lang='grc' dir='ltr'>λόγος</span> <span class='ocrx_word' id='word_1_903' title='bbox 3479 5536 3738 5612; x_wconf 71' lang='grc' dir='ltr'>παραδίδωσι</span> 
     </span>
    </p>
   </div>
   <div class='ocr_carea' id='block_1_114' title="bbox 2241 5631 3737 5713">
    <p class='ocr_par' dir='ltr' id='par_1_114' title="bbox 2241 5631 3737 5713">
     <span class='ocr_line' id='line_1_114' title="bbox 2241 5631 3737 5713; baseline -0.019 -20"><span class='ocrx_word' id='word_1_904' title='bbox 2241 5640 2578 5712; x_wconf 76' lang='grc' dir='ltr'>προφητείαν</span> <span class='ocrx_word' id='word_1_905' title='bbox 2629 5642 2891 5705; x_wconf 80' lang='grc' dir='ltr'>Μωσέως.</span> <span class='ocrx_word' id='word_1_906' title='bbox 2957 5641 3089 5694; x_wconf 79' lang='grc' dir='ltr'>Οὐδὲ</span> <span class='ocrx_word' id='word_1_907' title='bbox 3131 5640 3236 5713; x_wconf 76' lang='grc' dir='ltr'><strong>γὰρ</strong></span> <span class='ocrx_word' id='word_1_908' title='bbox 3275 5639 3486 5709; x_wconf 73' lang='grc' dir='ltr'>ψαλμδς</span> <span class='ocrx_word' id='word_1_909' title='bbox 3528 5631 3642 5688; x_wconf 66' lang='grc' dir='ltr'>εἶναι</span> 
     </span>
    </p>
   </div>
   <div class='ocr_carea' id='block_1_115' title="bbox 2233 5711 3735 5829">
    <p class='ocr_par' dir='ltr' id='par_1_115' title="bbox 2233 5711 3735 5829">
     <span class='ocr_line' id='line_1_115' title="bbox 2233 5711 3735 5829; baseline 0 -43"><span class='ocrx_word' id='word_1_910' title='bbox 2233 5731 2660 5829; x_wconf 49' lang='grc' dir='ltr'>ὃοκεί,άλξῖεεὶις</span> <span class='ocrx_word' id='word_1_911' title='bbox 2697 5735 2730 5804; x_wconf 83' lang='grc' dir='ltr'>ὴ</span> <span class='ocrx_word' id='word_1_912' title='bbox 2767 5734 3057 5805; x_wconf 71' lang='grc' dir='ltr'>προγραφὴ</span> <span class='ocrx_word' id='word_1_913' title='bbox 3095 5711 3356 5798; x_wconf 70' lang='grc' dir='ltr'>διδάσκει,</span> <span class='ocrx_word' id='word_1_914' title='bbox 3402 5722 3642 5802; x_wconf 71' lang='grc' dir='ltr'>προσευχὴ</span> <span class='ocrx_word' id='word_1_915' title='bbox 3674 5711 3735 5768; x_wconf 61' lang='grc'><strong>³⁵</strong></span> 
     </span>
    </p>
   </div>
  </div>
