3974 6544
218 380 355 443 1ης)

1382 376 1887 436 COMMENTABIA
1926 380 1992 434 IN
2031 379 2371 438 PSALMOS.

3326 384 3463 442 H30

208 492 437 561 Μωῦσῇ.
469 490 625 563 Ζητῶ
653 490 709 545 δὲ
739 492 879 547 κατὰ
926 494 1076 546 ποῖον
1104 493 1213 565 ἄρα
1257 495 1448 566 καιρὸν
1488 496 1660 568 ταύτῃ
1701 494 1787 547 κέ-

1896 495 2163 549 nerationi
2197 512 2309 551 sum
2337 504 2391 548 et
2424 496 2624 565 pepulo
2647 511 2832 553 secum
2873 498 3132 560 versanti,
3162 505 3255 551 aut
3284 499 3469 555 subse-

208 601 407 655 χρηται
426 586 491 655 τῇ
526 588 797 655 προσευχῇ
822 587 1084 657 Μωῦσῆς,
1110 587 1203 640 καὶ
1232 588 1390 659 εἴπερ
1414 590 1580 659 αὐτῷ,
1604 592 1636 661 ἦ
1664 593 1792 662 μᾶλ-

207 675 297 729 λον
323 673 397 744 τῷ
429 673 544 744 λαῷ
567 673 898 745 κατάλληλος
917 676 1193 745 τυγχάνει,
1214 676 1439 747 πότερον
1455 679 1520 747 τῇ
1544 680 1705 749 γενεᾷ
1722 682 1787 750 τῇ

206 770 328 823 κατ’
354 766 539 831 αὐτὸν,
566 767 662 820 καὶ
682 766 760 838 τῷ
784 768 997 820 συνόντι
1024 768 1173 838 αὑτῷ
1199 768 1384 840 λαῷ,ἥ
1410 772 1475 840 τῇ
1511 771 1625 841 μετ’
1648 770 1792 825 ὲκεί-

207 878 329 924 νους
353 859 571 930 διαδοχῇ
595 860 966 930 ἐφαρμοστέον
992 860 1178 931 αὑτήν.
1204 861 1326 913 Ὅτι
1352 861 1450 931 μὲν
1475 857 1569 915 οὖν
1588 862 1686 915 οὐκ
1711 864 1791 926 είς

204 952 368 1008 αὑτὸν
421 953 689 1023 προσήκει
749 951 821 1004 τὰ
872 951 1206 1023 προκείμενα
1263 954 1583 1024 ἀναφέρειν,
1639 950 1790 1025 οἶμαι

204 1043 364 1097 πάνθ’
394 1044 633 1097 ὁντινοῦν
649 1044 839 1115 όμολογ
851 1045 1023 1115 ήσειν.
1042 1042 1167 1107 Πῶς
1179 1043 1286 1115 γὰρ
1309 1044 1529 1099 δύναται
1549 1047 1791 1116 Μωῦσῆς

202 1136 232 1187 ὁ
265 1134 552 1206 ἄνθρωπος
580 1134 674 1188 τοῦ
689 1135 847 1201 Θεοῦ,
868 1135 996 1207 περὶ⁵
1030 1134 1195 1188 αὐτοῦ
1222 1134 1421 1203 λέγειν,
1450 1136 1570 1189 Ὅτι
1600 1137 1791 1201 ἐξελί-

204 1243 399 1296 πομεν
450 1227 521 1280 ἐν
560 1224 635 1295 τῇ
672 1223 821 1296 ὀργῇ
869 1244 1021 1282 σου·
1074 1226 1108 1299 ἦ
1148 1228 1288 1282 κατὰ
1328 1224 1419 1281 τὸν
1472 1229 1786 1300 Σύμμαχον,

205 1319 336 1372 ’Ότι
365 1318 757 1387 ἀνηλώθημεν
779 1319 852 1372 ἐν
870 1317 945 1387 τῇ
967 1318 1116 1388 ὀργῇ
1136 1335 1272 1382 σου,
1298 1320 1397 1372 καὶ
1426 1317 1496 1372 ἐν
1525 1319 1605 1385 τῷ
1628 1319 1791 1389 θυμῷ

203 1424 321 1464 σου
352 1408 779 1480 ἐταράχθημεν.
817 1413 998 1465 Ἕθου
1025 1410 1131 1476 τὰς
1151 1412 1403 1479 ἀνομίας
1424 1411 1591 1480 ἡμῶν
1619 1413 1792 1464 ἐναν-

202 1501 335 1554 τίον
376 1517 521 1555 σου·
554 1502 647 1554 καὶ
685 1500 881 1553 πάλιν·
916 1502 986 1553 Αἱ
1038 1500 1254 1569 ἡμέραι
1296 1499 1464 1569 ἡμῶν
1506 1499 1791 1564 ἐξέλιπον

202 1593 274 1647 ἐν
307 1591 382 1659 τῇ
415 1590 561 1662 ὀργῇ
592 1609 708 1646 σου
729 1611 741 1623 ο
774 1592 868 1646 καὶ
898 1593 1089 1646 πάλων
1126 1594 1222 1660 Τίς
1248 1594 1520 1662 γινώσκει
1554 1596 1621 1649 τὸ
1645 1595 1789 1663 κρά-

203 1698 308 1748 τος
336 1682 447 1753 τῆς
493 1682 673 1753 ὀργῆς
704 1699 840 1747 σου,
872 1685 969 1739 καὶ
1001 1683 1121 1739 ἀπὸ
1166 1684 1274 1739 τοῦ
1313 1688 1502 1754 φόϐου
1536 1702 1653 1740 σου
1684 1687 1791 1741 τόν

204 1774 396 1843 θυμόν
453 1788 612 1839 o‘ov;
660 1774 798 1828 Ἀλλ’
844 1776 927 1828 ὅτι
963 1777 1063 1846 μὲν
1101 1775 1276 1830 ταῦτα
1326 1777 1427 1829 οὐκ
1474 1777 1540 1831 ἂν
1584 1780 1663 1841 είς
1697 1776 1789 1832 τὸν

1894 586 2079 656 quenli
2113 588 2451 643 successioni
2482 589 2786 657 coaptanda
2813 590 2905 644 sit.
2945 588 3100 656 Quod
3137 597 3316 645 autem
3353 590 3469 644 lucc

1892 679 1996 749 ipsi
2026 679 2232 735 referre
2261 695 2370 734 non
2401 680 2716 743 conveniat,
2749 681 2891 751 apud
2924 696 3114 736 omnes
3147 681 3384 735 arbitror
3414 682 3469 735 in

1892 768 2144 824 confesso
2177 769 2419 825 futurum
2451 786 2591 826 esse.
2614 769 2713 837 Qui
2746 771 2890 825 enim
2922 772 3094 839 possit
3120 769 3351 840 Moyses,
3381 771 3472 827 lio—

1891 877 1983 915 mo
2020 860 2135 925 Dei,
2168 862 2235 917 de
2291 879 2351 917 se
2384 864 2567 919 dicere
2602 882 2614 916 :
2651 863 2792 929 Quia
2818 862 3102 931 defecimus
3122 862 3176 915 in
3209 864 3292 915 ira
3340 873 3470 926 tua;

1892 954 1976 1008 vel
2006 954 2306 1010 secundum
2340 954 2726 1027 Symmachum
2750 974 2763 1010 :
2787 955 2927 1021 Quia
2955 957 3253 1023 consumpti
3287 971 3471 1009 sumus

1893 1048 1947 1100 in
1988 1048 2071 1100 ira
2116 1058 2227 1110 tua,
2257 1058 2306 1101 et
2348 1048 2402 1101 in
2431 1049 2612 1117 furore
2643 1059 2731 1101 tuo
2761 1048 2964 1101 turbati
2996 1064 3198 1101 sumus.
3233 1046 3473 1101 Posuisti

1893 1138 2196 1207 iniquitates
2242 1150 2452 1192 nostras
2498 1140 2554 1193 in
2604 1149 2881 1207 conspectu
2930 1149 3055 1203 tuo;
3096 1153 3159 1193 ac
3203 1154 3469 1193 rursum:

1892 1227 2019 1284 Dies
2069 1232 2236 1284 nostri
2280 1231 2581 1300 defecerunt
2609 1233 2663 1284 in
2696 1233 2781 1285 ira
2811 1241 2938 1294 tua;
2964 1233 3270 1300 iterumque
3298 1249 3310 1285 :
3339 1230 3471 1295 Quis

1893 1323 2035 1376 novit
2070 1323 2172 1375 vim
2200 1324 2296 1377 ira:
2321 1334 2444 1387 tuae,
2479 1333 2529 1377 et
2567 1340 2599 1376 a
2631 1324 2819 1376 timore
2851 1332 2938 1375 tuo
2966 1324 3103 1376 iram
3140 1322 3328 1374 tuam?
3360 1319 3470 1373 νε·-

1892 1432 2012 1470 rum
2042 1415 2187 1485 quod
2223 1416 2337 1470 haec
2371 1418 2436 1469 ad
2469 1416 2710 1487 Moysem
2738 1430 2844 1469 non
2881 1415 3207 1477 referantur,
3244 1429 3351 1468 non
3386 1428 3472 1468 so-

1893 1508 2002 1560 lum
2032 1507 2161 1577 quia
2188 1506 2371 1560 omnia
2399 1507 2535 1561 iram
2564 1505 2658 1561 Dei
2681 1506 3016 1577 exprimunt,
3040 1505 3134 1559 sed
3156 1505 3318 1559 etiam
3340 1502 3468 1572 quia

1893 1600 2006 1653 haec
2058 1599 2342 1669 pluraliter
2392 1599 2763 1668 proferuntur,
2792 1598 3142 1652 manifestum
3191 1604 3296 1651 est.
3332 1593 3473 1647 Ilinc

1892 1694 2057 1761 igitur
2082 1692 2375 1747 verisimile
2394 1700 2495 1754 est,
2522 1692 2633 1746 bare
2658 1691 2964 1762 quempiam
2997 1689 3198 1760 pepulo
3226 1688 3320 1758 qui
3344 1702 3469 1741 cum

1892 1783 2010 1853 ipso
2044 1783 2097 1836 in
2126 1784 2346 1839 deserto
2374 1792 2514 1847 erat,
2548 1785 2914 1852 ascripturum
2938 1798 3079 1838 esse.
3111 1781 3180 1833 At
3211 1780 3263 1834 id
3291 1795 3359 1834 ne
3386 1779 3471 1834 vel

202 1866 443 1924 Μωῡσέα
489 1868 833 1939 ἀναφέροιτο,
873 1869 936 1922 οὐ
966 1844 1131 1939 μόνον
1168 1868 1279 1924 ἀπὸ
1308 1869 1403 1923 τοῦ
1437 1870 1616 1925 πάντα
1660 1870 1787 1942 περὶ

1891 1874 2131 1943 cogitare
2171 1872 2421 1927 concedit
2468 1872 2658 1928 series.
2688 1872 2801 1926 Cur
2847 1874 2991 1927 enim
3031 1870 3239 1925 diceret
3268 1888 3281 1924 :
3313 1868 3475 1922 Mane

198 1959 375 2029 ὀργῆς
399 1959 534 2013 Θεοῦ
563 1961 837 2032 εἰρῆσθαι,
868 1962 1003 2015 ἀλλὰ
1034 1962 1130 2016 καὶ
1160 1963 1269 2016 ἀπὸ
1294 1963 1388 2017 τοῦ
1413 1964 1789 2035 πληθυντικῶς

200 2051 597 2122 προενηνέχθαι
621 2053 689 2107 τὰ
707 2054 994 2126 εἰρημένα,
1011 2054 1167 2125 δῆλόν
1183 2056 1349 2108 ἐστιν.
1368 2056 1528 2118 Εἰκὸς
1552 2051 1643 2109 οῦν
1668 2073 1789 2108 τινα

194 2144 298 2196 ἐπὶ
322 2144 415 2197 τὸν
450 2146 677 2199 συνόντα
720 2146 870 2217 αὐτῷ
902 2145 1043 2200 κατὰ
1073 2146 1170 2218 τὴν
1213 2146 1419 2218 ἔρημον
1451 2147 1578 2201 λαὸν
1619 2148 1792 2202 ταῦτα

196 2236 521 2307 ἀναφέρειν.
564 2238 702 2291 Ἀλλ’
739 2240 862 2294 οὐδὲ
893 2241 1049 2295 τοῦτο
1088 2246 1365 2313 συγχωρεῖ
1387 2244 1527 2295 νοεῖν
1557 2244 1585 2294 ό
1612 2241 1786 2309 λόγος.

204 2326 272 2381 Τί
306 2328 413 2399 γὰρ
441 2327 535 2382 καί
564 2347 697 2401 φησι
717 2349 730 2361 ”
761 2332 830 2387 Τὸ
859 2335 1010 2401 πρωῒ
1035 2335 1115 2401 ὡς
1136 2336 1174 2403 ἠ
1206 2336 1357 2403 χλόη
1382 2334 1687 2403 παρέλθοι,
1723 2333 1789 2386 τὸ

198 2417 355 2486 πρωϊ
393 2415 657 2484 ἀνθῆσαι
687 2421 787 2474 καὶ
819 2421 1103 2489 παρέλθοι
1123 2440 1136 2452 ·
1169 2423 1236 2477 τὸ
1263 2423 1525 2491 ἑσπέρας
1560 2423 1790 2477 ἀποπέ-

199 2524 323 2567 σοι,
358 2510 766 2576 σκληρυνθείη
792 2509 887 2561 καὶ
917 2509 1265 2578 ξηρανθείη’
1307 2512 1395 2564 ὅτι
1431 2512 1791 2581 ἑξελίπομεν

196 2598 270 2650 ἐν
294 2597 368 2666 τῇ
389 2596 535 2668 ὀργῇ
564 2614 715 2662 σου;
748 2599 956 2653 Οὐκοῦν
982 2601 1041 2652 οὐ
1076 2600 1155 2671 τῷ
1180 2603 1325 2673 πρωῒ
1360 2620 1523 2674 φησιν
1552 2604 1784 2659 ὲκλελοι·

201 2690 384 2753 πέναι,
426 2688 565 2743 ἀλλὰ
592 2693 659 2745 Τὸ
692 2691 789 2761 μὲν
819 2692 969 2760 πρωῒ
993 2692 1073 2757 ὡς
1102 2692 1141 2759 η
1168 2694 1321 2762 χλόη
1350 2695 1665 2763 παρέλθοι·
1693 2698 1786 2752 καὶ

201 2779 387 2846 πάλιν,
409 2780 492 2842 οὐ,
523 2781 685 2835 Κατὰ
725 2780 792 2836 τὸ
819 2782 970 2849 πρωῒ
993 2783 1309 2849 ἀποπέσοι,
1328 2785 1466 2848 οὐδὲ,
1512 2786 1673 2841 Κατὰ
1722 2788 1786 2840 τὸ

196 2874 354 2941 πρωῒ
382 2875 791 2942 σκληρυνθείη
818 2877 917 2928 καὶ
948 2876 1290 2944 ξηρανθείη,
1322 2878 1437 2930 ἀλλ’
1480 2880 1784 2946 Ἀνθήσαι,

198 2963 368 3034 φησὶν
399 2965 428 3017 ὁ
470 2962 647 3031 λόγος,
687 2964 835 3018 κατὰ
863 2965 929 3018 τὸ
964 2966 1114 3032 πρωϊ
1139 2966 1233 3018 καὶ
1271 2967 1555 3035 παρέλθοι
1576 2984 1591 2999 ·
1638 2969 1700 3021 τὸ
1732 2968 1789 3021 δὲ

196 3056 499 3107 ἀποπεσεῖν
540 3055 634 3107 καὶ
683 3054 1083 3128 σκληρυνθῆναι
1111 3059 1205 3111 καὶ
1241 3057 1569 3129 ξηρανθῆναι
1623 3059 1789 3112 ἐσπέ-

1891 1965 2025 2017 sicut
2068 1964 2229 2017 herba
2270 1973 2529 2028 transeat,
2594 1980 2748 2018 mane
2779 1965 2968 2034 ﬂoreat
2996 1974 3045 2017 et
3072 1972 3345 2025 transeat;
3384 1978 3473 2015 ve-

1900 2073 2049 2124 spere
2074 2056 2307 2121 decidat,
2341 2056 2550 2110 induret
2580 2066 2631 2111 et
2674 2066 2912 2119 arescat;
2940 2057 3064 2125 quia
3095 2055 3379 2124 defecimus
3416 2055 3473 2107 in

1892 2150 1975 2201 ira
2003 2151 2134 2203 tua?
2165 2148 2349 2218 Itaque
2383 2165 2490 2201 nou
2521 2148 2654 2203 dicit
2688 2164 2846 2203 mane
2875 2148 3173 2211 defecisse,
3204 2145 3298 2201 sed
3318 2165 3331 2199 :
3352 2143 3473 2198 Ha-

1893 2255 1955 2292 ne
1994 2240 2128 2292 sicut
2176 2237 2337 2292 herba
2368 2247 2642 2301 transeat;
2684 2252 2861 2307 neque
2912 2251 3130 2290 rursum
3164 2235 3242 2288 ait
3271 2254 3285 2290 :
3319 2233 3473 2289 Mane

1892 2330 2122 2394 decidat,
2150 2346 2363 2400 neque:
2396 2328 2556 2384 Mane
2590 2328 2799 2382 induret
2832 2337 2880 2383 et
2913 2337 3152 2393 arescat;
3193 2327 3287 2384 sed
3331 2326 3472 2381 dici-

1894 2428 1983 2473 tur
2017 2440 2029 2473 :
2064 2419 2224 2474 Mane
2256 2420 2442 2489 ﬂoreat
2490 2430 2540 2473 et
2589 2428 2865 2482 transeat;
2899 2427 2959 2473 ut
3004 2430 3184 2473 autem
3232 2418 3466 2482 decidat,

1893 2511 2109 2566 induret
2138 2522 2191 2566 et
2222 2519 2458 2575 arescat,
2482 2526 2705 2581 vespere
2725 2509 2969 2564 futurum
2997 2524 3118 2564 esse
3135 2509 3210 2563 ait
3235 2508 3322 2564 his
3346 2524 3469 2563 ver-

1892 2603 1978 2659 bis
2009 2623 2021 2655 :
2066 2602 2284 2671 Vespere
2312 2603 2543 2668 decidat,
2563 2600 2773 2657 induret
2817 2611 2866 2655 et
2894 2610 3142 2664 arescat;
3174 2599 3307 2654 illud
3335 2613 3472 2669 quoa

1892 2713 1999 2767 que
2033 2716 2047 2751 :
2077 2696 2216 2763 Quia
2270 2696 2556 2765 defecimus
2603 2696 2661 2749 in
2704 2695 2788 2748 ira
2830 2703 2943 2759 tua,
2971 2708 3199 2765 vespere
3227 2692 3469 2746 futurum

1891 2805 2013 2844 esse
2047 2789 2254 2843 dictum
2285 2796 2369 2844 est
2410 2807 2422 2842 :
2454 2802 2583 2841 nam
2634 2785 2760 2848 hoc,
2794 2785 3068 2855 inquiunt,
3103 2792 3348 2853 tempore
3377 2786 3471 2837 de-

1892 2880 2139 2934 fecimus.
2174 2878 2442 2945 Quoniam
2472 2893 2597 2932 cum
2633 2891 2793 2930 mane
2840 2875 3025 2939 ﬂores,
3056 2874 3223 2929 herba
3257 2882 3309 2929 et
3337 2883 3473 2928 tem-

1892 2985 2131 3041 poranea
2163 2970 2408 3041 quaedam
2446 2968 2657 3039 species
2681 2967 3004 3031 exstitisset,
3035 2979 3261 3035 vespere
3288 2978 3471 3018 emar-

1892 3062 2005 3116 cuit
2037 3062 2227 3126 herba,
2260 3070 2312 3117 et
2362 3060 2525 3117 ﬂores
2568 3059 2831 3116 exsiccati
2881 3058 3219 3114 defecerunt.
3256 3055 3322 3109 Et
3350 3046 3473 3109 haec

199 3161 306 3215 ρας
338 3143 561 3198 ἔσεσθαί
604 3162 759 3217 φησι,
796 3145 970 3214 λέγων
992 3146 1071 3211 τὸ,
1122 3147 1420 3216 Ἐσπέριις
1461 3149 1782 3213 ἀποπέσοι,

1892 3154 2109 3223 quidem
2142 3154 2320 3207 oratio
2347 3152 2527 3223 quoad
2573 3151 2810 3206 litteram
2842 3150 2916 3204 ita
2952 3166 3011 3205 se
3043 3150 3239 3215 habet;
3273 3161 3471 3202 sensus

195 3237 611 3304 σκληρυνθείη
644 3238 742 3290 καὶ
779 3237 1133 3305 ξηρανθείη·
1177 3239 1272 3292 καὶ
1317 3240 1397 3291 τό·
1440 3241 1567 3293 Ὀτι
1596 3240 1788 3305 ἐξελί-

196 3343 394 3397 πομεν
414 3328 483 3381 ἐν
506 3327 580 3397 τῇ
608 3328 755 3398 ὀργῇ
782 3345 923 3396 σου,
952 3331 1093 3385 κατά
1117 3330 1178 3384 τὸ
1208 3331 1445 3402 ἑσπέρας
1472 3331 1686 3385 ἔσεσθαι
1711 3332 1789 3384 εῖ-

197 3438 366 3493 ρηται
389 3437 401 3452 ’
432 3422 490 3474 ὲν
516 3420 691 3493 τούτῳ
713 3422 840 3495 γὰρ,
877 3422 1060 3494 φησὶν,
1106 3422 1423 3494 ὲξελίπομεν
1445 3438 1456 3450 ·
1493 3424 1788 3496 ἐπειδήπερ

196 3513 262 3565 τὸ
294 3511 437 3583 πρωῒ
468 3512 636 3584 ἄνθης
665 3514 982 3585 γενομένης,
1016 3515 1109 3568 καὶ
1142 3514 1302 3586 χλόης
1326 3516 1418 3569 καὶ
1452 3518 1785 3590 προσκαίρου

195 3603 347 3666 τινὸς
389 3603 696 3675 ὠραϊσμοῦ,
733 3606 873 3659 κατά
903 3607 1001 3677 τὴν
1040 3606 1278 3679 ἑσπέραν
1324 3608 1718 3680 σκληρυνθεῖσα
1753 3613 1786 3681 ἡ

195 3693 333 3766 χλόη
370 3696 464 3779 καὶ
495 3695 935 3767 ἁποξηρανθεῖσα
959 3700 992 3767 ή
1029 3697 1160 3768 ἄνθη
1196 3698 1433 3764 ἐξέλιπε.
1458 3701 1567 3752 Καὶ
1598 3701 1665 3753 τὰ
1690 3701 1787 3772 μὲν

193 3786 304 3858 τῆς
329 3786 527 3851 λέξεως
551 3788 649 3858 τῆς
682 3788 962 3860 παρούσης
992 3790 1300 3861 προσευχῆς
1327 3790 1514 3843 τοῦτον
1554 3790 1667 3861 ἔχει
1696 3792 1789 3845 τὸν

191 3878 433 3949 τρόπον·
469 3880 536 3933 τὰ
573 3880 631 3933 δὲ
661 3880 760 3950 τῆς
801 3880 1037 3944 διανοίας
1062 3882 1161 3934 οὐκ
1203 3883 1486 3953 ἐπιτρέπει
1535 3884 1628 3935 ἐπὶ
1660 3886 1788 3948 τοὺς

188 3969 481 4034 Μωῦσέως
502 3971 727 4043 χρόνους
748 3973 839 4025 καὶ
861 3971 958 4043 τὴν
982 3974 1101 4025 κατ’
1123 3974 1283 4027 αὑτὸν
1308 3975 1498 4043 γενεὰν
1532 3976 1786 4044 συνάγειν

188 4064 268 4117 τὰ
290 4062 573 4135 εἰρημένα.
602 4065 675 4117 Οὐ
708 4064 818 4136 γὰρ
844 4063 1051 4135 ἑσπέρα
1084 4061 1152 4135 ἦν
1177 4066 1315 4129 τότε,
1348 4067 1471 4120 οὐδὲ
1490 4067 1558 4120 τὰ
1582 4066 1787 4122 ῦστατα

190 4154 297 4208 τοῦ
331 4157 395 4207 ὲκ
435 4156 736 4227 περιτομῆς
779 4156 909 4211 λαοῦ
934 4174 946 4186 ·
981 4158 1148 4229 ἀρχαὶ
1172 4156 1227 4211 δὲ
1264 4154 1405 4229 ἦσαν
1446 4160 1645 4223 αὐτῶν,
1694 4162 1786 4215 καὶ

190 4244 326 4302 τότε
362 4248 577 4320 πρῶτον
606 4250 789 4312 αὐτοῖς
817 4249 1167 4303 ἀνατετάλκει
1198 4252 1258 4303 τὸ
1291 4252 1353 4304 ἐκ
1384 4252 1518 4306 Θεοῦ
1560 4254 1783 4323 φέγγος.

192 4340 297 4393 Διὸ
313 4341 405 4393 καὶ
424 4340 485 4394 τὸ
507 4340 653 4413 πρωῒ
700 4341 991 4413 ὠνομάσθη
1012 4344 1043 4414 ἡ
1064 4341 1252 4395 τούτου
1284 4356 1353 4395 τε·
1383 4344 1574 4417 καιροῦ
1610 4346 1778 4398 κατά-

192 4448 412 4497 στασις,
430 4433 523 4487 καὶ
547 4436 579 4503 ἠ
606 4433 699 4486 τοῦ
720 4433 853 4488 Θεοῦ
879 4436 957 4499 εἰς
982 4435 1179 4498 αὐτοὺς
1208 4436 1497 4507 ἐπισκοπή.
1547 4437 1786 4508 Ἐσπέρα

1889 3262 2019 3300 vero
2053 3245 2119 3300 ad
2150 3243 2353 3317 Moysis
2383 3254 2627 3319 tempora
2650 3251 2703 3299 et
2727 3243 2792 3296 ad
2820 3243 2903 3297 sui
2936 3243 3033 3297 aevi
3055 3242 3470 3313 generationem

1890 3336 2127 3393 conferri
2164 3338 2373 3408 nequit.
2392 3336 2580 3407 Neque
2604 3335 2749 3391 enim
2784 3344 2912 3387 tunc
2945 3348 3170 3403 vespera
3201 3342 3341 3392 erat,
3382 3346 3473 3386 ne-

1889 3446 1995 3501 que
2018 3438 2260 3485 extrema
2285 3431 2469 3499 populi
2500 3444 2566 3483 ex
2597 3426 3017 3483 circumcisione
3043 3434 3283 3494 tempora
3310 3438 3474 3480 vene-

1887 3532 2042 3585 rant;
2076 3521 2170 3576 sed
2205 3529 2335 3573 tunc
2364 3520 2587 3574 exordia
2635 3518 2755 3588 ejus
2786 3523 2962 3581 erant,
2999 3527 3051 3571 et
3078 3523 3209 3569 tunc
3236 3515 3471 3585 primum

1888 3631 1952 3669 ex
2006 3614 2115 3667 Deo
2166 3612 2256 3665 lux
2312 3618 2429 3664 orta
2459 3619 2596 3664 erat.
2632 3608 2995 3674 Quamobrem
3033 3605 3294 3676 temporis
3323 3605 3473 3660 illius

1890 3705 2151 3766 conditio,
2182 3712 2229 3757 et
2285 3700 2377 3756 Dei
2432 3701 2699 3771 inspectio
2752 3713 3036 3761 concessa,
3073 3711 3232 3751 mane
3280 3703 3472 3750 vocata

1889 3807 1991 3853 est.
2025 3796 2182 3850 Tunc
2213 3804 2393 3849 autem
2428 3807 2654 3863 vespera
2683 3790 2784 3845 fuit
2810 3791 2939 3853 illis,
2965 3804 3088 3844 cum
3123 3790 3177 3842 in
3211 3802 3472 3842 consum-

1891 3891 2129 3946 matione
2165 3890 2348 3945 surculi
2377 3886 2639 3948 Verbum,
2670 3884 2815 3954 quod
2849 3883 2977 3937 hinc
3011 3890 3190 3935 ortum
3221 3892 3357 3943 erat,
3383 3894 3473 3934 oc-

1890 3984 2019 4039 cidit
2051 3984 2179 4038 illis.
2215 3981 2416 4035 Verum
2448 3989 2579 4034 tunc
2605 3977 2825 4049 quidem
2858 3985 3039 4031 ortum
3067 3981 3173 4039 est,
3203 3982 3257 4029 et
3285 3982 3471 4029 matu~

1890 4077 2066 4130 tinum
2097 4075 2232 4145 ipsis
2256 4072 2454 4138 eﬂ'ecit,
2489 4087 2611 4126 cum
2656 4086 2746 4124 res
2792 4072 3036 4140 ipsorum
3065 4066 3339 4122 ﬂorerent.
3371 4064 3474 4119 Nec

1891 4182 1997 4237 que
2045 4181 2174 4221 sane
2211 4165 2265 4218 in
2298 4165 2526 4218 veritate
2576 4170 3028 4231 permanserunt;
3077 4157 3171 4213 sed
3210 4170 3334 4211 cum
3372 4156 3472 4209 ﬂo-

1893 4255 2154 4320 ruissent,
2186 4252 2543 4313 transierunt,
2572 4258 2626 4305 et
2651 4251 2859 4304 umbra:
2890 4249 3066 4302 instar
3103 4246 3466 4317 aufugerunt:

1892 4347 2245 4416 quamobrem
2277 4345 2484 4397 dictum
2516 4349 2597 4397 est
2632 4361 2643 4395 :
2676 4339 2835 4395 Mane
2857 4340 2990 4395 sicut
3014 4337 3174 4392 herba
3202 4346 3463 4392 transeat.

1891 4438 2022 4493 Post
2066 4435 2269 4508 Moysis
2317 4444 2497 4489 autem
2545 4434 2777 4501 obitum,
2809 4433 2865 4487 in
2915 4432 3270 4502 sequentibus
3302 4430 3467 4484 etiam

189 4525 253 4579 δὲ
288 4526 408 4577 τότε
452 4525 633 4587 αὐτοῖς
662 4524 907 4592 γέγονεν,
937 4527 970 4596 ἠ
1001 4526 1093 4580 ἐπὶ
1118 4527 1396 4598 συντελείᾳ
1430 4527 1521 4581 τοῦ
1565 4527 1780 4592 αἰῶνος,

1891 4531 2250 4599 temporibus,
2284 4529 2335 4581 in
2368 4527 2648 4580 meliorem
2681 4534 2883 4579 statum
2920 4524 3063 4578 aucti
3106 4531 3160 4578 et
3202 4521 3468 4592 provecti,

190 4616 323 4672 καθ’
365 4617 430 4685 ἣν
464 4615 550 4668 ἔδυ
579 4617 763 4679 αὐτοῖς
818 4619 845 4670 ὁ
891 4616 1011 4670 τότε
1038 4618 1322 4683 ἀνατείλας
1368 4620 1559 4688 Λόγος.
1622 4619 1785 4672 Ἀλλὰ

187 4712 321 4763 τότε
354 4708 452 4780 μὲν
503 4707 833 4761 ἀνατέταλκε
875 4708 966 4761 καὶ
1011 4710 1224 4780 πρωῒαν
1259 4711 1442 4774 αὐτοῖς
1479 4712 1782 4781 εἰργάζετο,

190 4802 288 4853 ὅτε
328 4798 422 4852 καὶ
457 4798 606 4870 ἤνθει
635 4799 704 4852 τά
750 4799 869 4852 κατ’
900 4799 1095 4862 αὐτοὺς
1128 4802 1444 4872 πράγματα.
1483 4805 1557 4855 Οὐ
1617 4804 1784 4875 παρέ-

196 4908 354 4963 μεινε
384 4890 439 4943 δὲ
470 4891 528 4943 ὲν
559 4893 623 4961 τῇ
648 4890 877 4960 ἀληθείᾳ
898 4908 912 4921 σ
939 4889 1074 4943 ἀλλά
1103 4891 1210 4963 γὰρ
1237 4893 1547 4965 ἀνθήσαντα
1573 4895 1786 4967 παρῆλ-

191 4986 281 5047 θε,
312 4982 407 5036 καὶ
453 4983 609 5046 σκιᾶς
651 4981 806 5051 δίκην
862 4982 1211 5053 παρέδραμεο
1252 4983 1333 5036 διὸ
1381 4984 1666 5038 λέλεκται·
1716 4985 1785 5038 Τὸ

189 5074 350 5142 πρωῒ
384 5074 465 5140 ὡς
492 5076 529 5142 η
561 5074 712 5142 χλόη
746 5074 1051 5141 παρέλθοι.
1089 5074 1243 5127 Μετὰ
1275 5075 1331 5127 δὲ
1371 5076 1468 5147 τὴν
1506 5076 1784 5140 Μωϋσέως

190 5167 458 5238 τελευτὴν
498 5166 658 5220 πάλιν
690 5168 748 5221 ὲν
769 5169 883 5231 τοῖς
914 5166 1051 5237 μετὰ
1083 5168 1257 5221 ταῦτα
1279 5168 1490 5239 χρόνοις
1512 5169 1784 5230 ἐπιδόντες

192 5262 278 5322 εἰς
302 5257 528 5328 αὔξησιν
561 5259 655 5311 καὶ
689 5257 910 5329 μείζονα
942 5258 1105 5329 φυὴν,
1163 5257 1282 5311 οὐδὲ
1316 5258 1456 5310 οὕτω
1484 5258 1782 5329 διέμειναν,

193 5350 335 5405 ἁλλά
364 5351 641 5422 παρῆλθον
659 5368 673 5381 ·
709 5351 789 5408 διὸ
822 5350 914 5403 καὶ
941 5348 1192 5420 δεύτερον
1221 5350 1470 5402 λέλεκται
1492 5367 1504 5381 ·
1538 5351 1608 5403 Τὸ
1636 5350 1787 5418 πρωϊ

192 5442 461 5508 ἀνθῆσαι
493 5443 590 5496 καὶ
626 5441 928 5512 παρέλθοι.
966 5442 1047 5496 Τὰ
1078 5440 1135 5494 δέ
1167 5459 1229 5510 γε
1274 5442 1560 5496 τελευταῖα
1601 5441 1781 5496 αὐτῶν

196 5536 342 5606 μετά
377 5536 549 5588 ταῦτα
584 5535 904 5606 σημαίνεται
946 5536 1033 5589 διὰ
1081 5536 1259 5590 τοῦτο’
1306 5534 1600 5602 Ἐσπέρας
1629 5536 1780 5588 ἀπο-

192 5626 398 5691 πέσοι,
428 5630 525 5681 καὶ
572 5630 979 5697 σκληρυνθείη
1033 5629 1130 5682 καὶ
1176 5629 1533 5697 ξηρανθείψ
1583 5628 1645 5681 τὸ
1678 5629 1784 5700 γὰρ

1891 4640 1999 4675 non
2058 4623 2130 4675 i‘ta
2190 4624 2593 4681 remanserunt,
2646 4616 2741 4671 sed
2798 4616 3178 4670 transierunt:
3211 4614 3471 4684 quocirca

1889 4715 2053 4767 etiam
2083 4711 2326 4766 secundo
2352 4710 2560 4764 dictum
2584 4716 2704 4763 est:
2733 4706 2893 4761 Mane
2917 4707 3105 4775 ﬂoreat
3134 4715 3183 4759 et
3212 4712 3469 4758 transeat.

1886 4804 2171 4859 Postrema
2218 4816 2347 4855 vero
2395 4816 2582 4857 eorum
2620 4799 2724 4855 sub
2760 4800 2874 4853 haec
2920 4800 2995 4853 ita
3039 4796 3417 4868 significantur
3454 4812 3469 4849 :

1903 4894 2121 4963 Vespere
2148 4892 2379 4954 decidat,
2406 4891 2614 4945 induret
2656 4898 2705 4943 et
2762 4898 3011 4942 arescat:
3050 4902 3174 4941 nam
3207 4883 3352 4957 quod
3380 4899 3471 4940 se-

1892 4987 2068 5041 nescit
2096 4992 2150 5039 et
2175 4986 2532 5044 inveteratur,
2572 4996 2821 5051 proxume
2865 4980 3143 5034 interitum
3177 4988 3280 5035 est.
3311 4975 3471 5043 Quod

1886 5094 2017 5134 sane
2042 5078 2149 5131 illis
2172 5076 2402 5146 contigit
2432 5075 2718 5129 occidente
2739 5073 2965 5144 justitiae
2989 5073 3133 5137 Sole,
3169 5071 3470 5127 Secundum

1890 5169 2227 5240 prophetiam
2254 5183 2374 5237 qua:
2406 5166 2478 5219 ait
2516 5184 2529 5221 :
2574 5164 2639 5220 Et
2667 5164 2863 5219 occidet
2888 5164 2967 5219 sol
2992 5179 3147 5232 super
3166 5162 3469 5233 prophetas,

1883 5262 1972 5332 qui
1999 5276 2178 5313 errare
2207 5260 2409 5328 faciunt
2439 5266 2690 5326 populum
2718 5274 2887 5310 meum
2910 5256 2974 5311 ⁵⁸.
3002 5252 3470 5321 Quemadmodum

1886 5354 2030 5407 enim
2059 5351 2126 5405 de
2150 5351 2317 5418 justis
2348 5349 2557 5403 dictum
2587 5358 2671 5403 est
2698 5368 2709 5402 :
2735 5348 2952 5405 Orietur
2975 5346 3275 5400 timentibus
3304 5343 3471 5397 Deum

1891 5445 1987 5500 Sol
2015 5444 2338 5514 justitiw”;
2372 5444 2451 5498 sic
2479 5452 2643 5497 etiam
2669 5444 2735 5498 de
2761 5442 2943 5512 impiis
2964 5440 3169 5494 dictum
3203 5445 3286 5491 est
3317 5454 3330 5490 :
3368 5434 3475 5490 0c-

1891 5537 2026 5592 cidet
2050 5537 2132 5591 sul
2165 5552 2321 5604 super
2356 5534 2571 5592 illos":
2610 5551 2673 5590 ac
2710 5548 2929 5589 rursum
2967 5529 3092 5586 alibi
3129 5547 3141 5583 :
3176 5528 3245 5581 Et
3272 5525 3473 5581 occidet

1892 5628 1972 5682 sol
2002 5630 2055 5681 in
2078 5627 2314 5693 meridie,
2357 5638 2405 5680 et
2435 5627 2566 5681 (una
2612 5643 2713 5681 non
2747 5624 2893 5679 dabit
2924 5623 3089 5677 lucem
3132 5637 3284 5676 suam
3311 5620 3380 5676 ³⁸.
3412 5617 3475 5673 In

276 5811 320 5841 ⁸³
362 5810 522 5866 Micb.
562 5828 655 5875 ιιι,
690 5812 743 5867 G.
823 5813 866 5844 “
906 5812 1135 5868 Malach.
1173 5829 1257 5880 iv,
1291 5814 1348 5869 ἓ.
1425 5762 1487 5845 "it
1510 5796 1619 5870 jer.
1654 5829 1742 5878 xv,
1776 5813 1787 5867 1

1933 5813 1979 5845 “
2019 5810 2185 5866 Amos
2214 5810 2348 5880 vluf,
2382 5807 2436 5862 9.

532 5908 795 5969 PATBOL.
848 5907 966 5969 Gn.
1000 5906 1239 5969 XXIII.

3069 5900 3149 5961 36
