3974 6520
231 356 371 413 1155

1322 355 1823 416 COMMENTARIA
1861 354 1927 408 IN
1968 355 2306 411 PSALMOS.

3340 356 3478 414 1154

228 477 552 549 καταφυγὴν
586 476 834 549 ισλομεν.
869 476 977 532 Kal.
1014 480 1128 532 νυνὶ
1162 479 1450 550 τοιγαροῦν
1490 478 1798 548 ἱκετεύομεν

1904 474 2149 529 obtinere
2180 492 2193 526 :
2227 488 2397 544 quare
2452 486 2729 541 rogamus,
2781 464 2861 524 Ne
2905 478 3110 526 avertas
3131 471 3392 527 hominem
3419 477 3478 529 in

224 568 337 623 τῶν
367 569 566 640 ὁμοίων
600 570 749 640 παρὰ
776 570 869 623 σοῦ
901 574 1101 641 τυχεῖν,
1146 571 1237 624 καί
1273 587 1331 622 σε
1365 568 1666 642 κτήσασθαι
1699 585 1800 621 κα-

224 662 513 731 ταφυγήνο
543 661 623 714 διὸ
656 661 905 732 δεόμεθα,
942 662 1037 729 Μὴ
1072 662 1464 730 ἀποστρέψῃς
1489 660 1802 729 ἄνθρωπον

225 750 315 814 εἰς
338 750 699 803 ταπείνωσιν
716 765 729 779 ⁸
754 751 1019 815 τουτέστι,
1054 751 1145 822 Μὴ
1176 752 1521 823 ἁποστρέψῃς
1547 751 1693 819 ἡμᾶς
1721 750 1800 812 εἰς

224 841 436 895 τελείαν
458 842 771 896 ἀπόπτωσιν
805 844 895 896 καί
918 844 1263 897 ταπείνωσιν.
1294 844 1366 895 Σὺ
1391 844 1499 915 γὰρ
1530 846 1594 913 τῇ
1626 844 1692 913 σῇ
1715 860 1802 911 ιρι-

225 929 546 1004 λανθρωπίᾳ
589 932 768 999 εἶπας,
805 936 899 988 καὶ
932 933 1260 1006 κηρύγματα
1290 936 1451 987 πᾶσιν
1496 932 1801 1005 ἀνθρώποις

224 1024 543 1096 ἐξενήνοχας
561 1027 750 1095 λέγων’
771 1028 1217 1097 Ἐπιστρέψατε,
1238 1034 1288 1083 ol
1312 1028 1426 1083 υἱοὶ
1447 1028 1563 1081 τῶν
1582 1027 1802 1095 ἀνθρώ-

224 1129 375 1172 πων.
412 1119 474 1171 Εἰ
498 1119 560 1190 δὴ
583 1117 673 1173 οὖν
698 1122 874 1175 πάντα
905 1121 974 1175 τὰ
997 1122 1120 1193 ἔθνη
1131 1124 1241 1193 ,καὶ
1272 1122 1483 1185 πάντας
1506 1124 1627 1185 τοὺς
1654 1122 1801 1184 υἱοὺς

224 1206 336 1260 τῶν
378 1189 678 1283 ἀνθρώπων
726 1189 1146 1283 προᾶκέκληταίο
1179 1231 1274 1266 σου
1307 1216 1340 1285 ἡ
1400 1214 1797 1285 φιλανθρωπία,

228 1303 323 1355 καί¹
355 1305 478 1364 τοὺς
512 1304 676 1358 πάλαι
704 1307 1151 1379 ἀποστραφέντας
1179 1309 1286 1362 ἀπὸ
1316 1308 1430 1373 σοῦ,
1464 1308 1557 1362 καὶ
1584 1308 1799 1379 δαίμοσι

225 1394 323 1448 καὶ
360 1394 631 1466 πνεύμασι
658 1401 911 1469 πονηροῖς
934 1398 1435 1461 καταδουλωθέντας
1464 1397 1801 1470 ἐπιστραφῆ-

225 1502 317 1539 vat
344 1487 433 1539 ἐπὶ
469 1487 527 1539 σὲ
562 1487 857 1552 κελεύσεις,
901 1489 1036 1560 μηδὲ
1069 1491 1213 1559 ἡμᾶς
1242 1488 1614 1561 ἀποστραφῇς,
1668 1488 1800 1559 μηδὲ

224 1578 305 1640 εἰς
345 1579 578 1650 παντελῆ
607 1582 882 1652 ἐρήμωσιν
911 1581 1244 1655 καταλείπῃς
1268 1581 1440 1634 ἐλθεῖν
1476 1583 1600 1644 τοὺς
1634 1581 1798 1634 πάλαι

227 1684 323 1721 σου
350 1670 671 1738 γενομένους
727 1671 976 1735 οἰκείους,
1009 1672 1200 1735 οἵτινες
1245 1672 1378 1742 πρὸς
1420 1670 1598 1738 ὀλίγον
1636 1670 1800 1742 ἀνθή-

224 1776 418 1823 σαντες
449 1760 749 1832 χειμάρρου
783 1761 936 1833 δίκην
971 1762 1412 1834 παρεδράμομεν.
1450 1761 1531 1815 Τὰ
1562 1760 1691 1831 γοῦν
1714 1761 1798 1832 χί-

222 1851 317 1905 λια
366 1852 521 1923 ἡμῶν
550 1854 664 1925 ἐτη,
702 1856 758 1907 ὲν
798 1849 880 1917 οἷς
928 1854 1275 1924 ἠκμάσαμεν,
1322 1852 1496 1907 ταῦτα
1525 1851 1799 1924 παρῆλθεν

220 1943 301 2005 ὡς
327 1945 359 2013 ἡ
395 1944 566 2012 ἐχθὲς,
596 1946 716 2015 ἥτις
741 1944 939 2016 διῆλθε.
967 1945 1259 2015 Γενόμενος
1280 1943 1336 1997 δὲ
1376 1946 1433 1996 ὲν
1452 1942 1661 2006 τούτοις
1704 1944 1800 2012 ἐφ-

234 2035 427 2105 ίστημι
464 2036 581 2099 πῶς
607 2036 816 2107 εἴρηται
846 2035 915 2089 τὰ
943 2036 1087 2106 χίλια
1121 2036 1292 2089 ταῦτα
1316 2036 1433 2106 ἐτη.
1465 2036 1528 2089 Εἰ
1560 2035 1657 2107 μὲν
1687 2036 1799 2106 γὰρ

220 2127 413 2180 ἕνεκεν
441 2127 745 2194 δοξολογίας
779 2124 872 2179 τοῦ
902 2125 1037 2179 Θεοῦ
1072 2125 1165 2179 καὶ
1196 2129 1274 2190 εἰς
1321 2128 1661 2198 παράστασιν
1702 2127 1800 2197 τῆς

218 2220 395 2272 ἀϊδίου
428 2218 573 2289 ζωῆς
604 2218 696 2271 τοῦ
727 2217 884 2281 Θεοῦ,
913 2219 1062 2272 οὐδὲν
1089 2216 1239 2289 οἶμαι
1271 2218 1360 2271 τὸν
1388 2219 1541 2288 λόγον
1567 2218 1798 2290 μεγαλο-

224 2310 436 2380 πρεπὲς
486 2311 776 2380 περιέχειν.
821 2309 954 2363 Οὐδὲ
999 2308 1106 2381 γὰρ
1147 2309 1240 2362 τὸν
1274 2308 1561 2379 σύμπαντα
1605 2308 1796 2374 αἰῶνα,

217 2402 348 2456 οὐδὲ
381 2401 470 2455 τὸν
500 2402 608 2455 ἀπὸ
638 2401 859 2474 πρώτης
890 2402 1119 2464 κτίσεως
1138 2403 1230 2455 τοῦ
1273 2403 1476 2473 κόσμου
1518 2403 1609 2455 καὶ
1637 2403 1799 2472 μέχρι

219 2491 326 2563 τῆς
351 2492 652 2556 συντελείας
678 2493 1067 2564 παρατείνοντα
1098 2493 1305 2564 χρόνον,
1329 2493 1390 2545 τὸ
1414 2494 1613 2565 ἀκαρὲς
1633 2493 1798 2565 ἡγοῦ-

225 2601 327 2655 μαι
352 2581 509 2647 εἶναι,
544 2584 641 2655 οὐχ
670 2585 750 2637 ὄτι
781 2585 879 2655 τῆς
911 2585 1146 2656 ἡμέρας,
1188 2585 1300 2639 ἀλλ’
1326 2584 1444 2639 οὐδὲ
1471 2585 1569 2656 τῆς
1595 2585 1797 2656 βραχυ-

222 2677 394 2746 τάτης
426 2675 575 2748 ὥρας
608 2676 904 2749 παραθέσει
945 2677 1041 2748 τῆς
1086 2678 1321 2749 ἁνάρχου
1363 2678 1457 2732 καί
1503 2680 1797 2751 ἀγεννήτου

226 2770 371 2840 ζωῆς
398 2771 490 2822 τοῦ
513 2769 667 2834 Θεοῦ,
710 2771 816 2843 πρὸ
848 2771 1060 2824 πάντων
1086 2772 1421 2844 ὑπάρχοντος
1452 2771 1680 2837 αἰώνων,
1706 2774 1799 2827 καὶ

228 2862 337 2932 πρὸ
374 2860 572 2926 παντὸς
602 2863 985 2933 ἑπινοουμένου
1017 2863 1111 2916 καὶ
1143 2865 1223 2926 εἰς
1244 2865 1469 2935 ἄπειρον
1493 2863 1799 2934 ἐκτεινομέ-

224 2971 319 3006 νου
345 2954 625 3024 λογισμοῦ,
656 2954 798 3025 ὺπέρ
837 2969 898 3006 τε
929 2954 1055 3018 τοὺς
1086 2954 1222 3025 μετὰ
1256 2954 1424 3008 ταῦτα
1466 2956 1799 3028 ἀπεράντους

223 3046 323 3099 καὶ
353 3046 742 3117 ἀτελευτήτους
775 3046 977 3110 αἰῶνας
997 3046 1362 3119 διαρκοῦντος.
1389 3048 1589 3119 Διόπερ
1613 3048 1798 3120 ἕτερόν

230 3156 319 3208 μοι
347 3137 491 3191 δοκεῖ
518 3139 642 3191 νοῦν
687 3136 1008 3192 ὑποϐάλλειν
1042 3141 1073 3209 ἡ
1113 3139 1361 3211 παροῦσα
1394 3141 1691 3212 προσευχὴ,
1722 3141 1798 3194 δι-

223 3228 499 3283 δάσκουσα
518 3230 607 3282 τὸν
634 3228 761 3283 λαὸν
783 3229 962 3298 λέγειν
980 3246 993 3261 ’
1021 3230 1141 3282 ’Ότι
1162 3230 1325 3299 χίλια
1346 3229 1449 3297 ἔτη
1478 3230 1548 3283 ἐν
1578 3231 1799 3299 ὀφθαλ-

227 3323 360 3392 μοῖς
390 3334 505 3376 σου
553 3323 633 3387 ὡς
664 3323 701 3390 ἠ
748 3322 937 3392 ἡμέρα
968 3324 1002 3391 ἠ
1040 3322 1232 3392 ἐχθὲς,
1262 3323 1395 3390 ἥτις
1434 3320 1660 3391 διῆλθε.
1697 3322 1795 3376 καὶ

228 3415 472 3486 φυλακὴ
506 3415 575 3468 ἐν
604 3416 795 3468 νυκτί.
830 3414 911 3469 Τὰ
929 3413 1057 3483 γοῦν
1092 3414 1263 3485 σεμνὰ
1290 3415 1389 3486 τῆς
1422 3414 1794 3488 Ἰερουσαλὴμ,

224 3506 285 3559 ἐν
318 3500 398 3569 οἷς
431 3505 491 3558 τὸ
523 3507 628 3559 πᾶν
656 3504 803 3567 ἔθνος
827 3503 1007 3558 αὐτῶν
1036 3506 1251 3576 ἧκμασέ
1280 3522 1339 3558 τε
1364 3507 1459 3559 καὶ
1479 3505 1709 3575 ἤνθησεν
1738 3508 1796 3559 ὲν

226 3596 481 3669 ἡμέραις,
506 3595 694 3667 ὥσπερ
726 3595 818 3649 καὶ
858 3595 997 3665 φωτί¹
1025 3595 1236 3664 γέγονε,
1279 3596 1427 3650 ταῦτ’
1450 3593 1519 3668 ἦν
1554 3598 1619 3650 τὰ
1652 3598 1797 3667 χίλια

226 3690 343 3760 ἱτη.
382 3690 504 3743 Ἐπί
530 3691 708 3761 μόνοις
730 3689 837 3762 γὰρ
858 3690 1042 3761 χιλίοις
1060 3691 1200 3743 ἔτεσι
1223 3690 1514 3760 συνέστηκε
1544 3691 1797 3762 καίδιήρε-

226 3795 355 3832 κεσε
390 3778 458 3832 τὰ
490 3782 588 3850 τῆς
631 3781 688 3832 ἐν
716 3779 865 3849 τόπῳ
891 3779 1171 3851 λατρείας·
1202 3778 1236 3833 ἃ
1271 3778 1334 3851 δὴ
1363 3780 1455 3831 καὶ
1487 3779 1795 3851 ἀριθμεῖται

224 3870 415 3925 τοῦτον
442 3871 533 3924 τὸν
580 3872 796 3943 τρόπον.
840 3872 970 3925 Ἀπὸ
1017 3872 1113 3944 μὲν
1136 3871 1235 3942 τῆς
1272 3872 1491 3943 πρώτης
1526 3872 1621 3925 τοῦ
1651 3872 1795 3944 ἱεροῦ

225 3964 572 4034 κατασκευῆς
621 3963 715 4017 καὶ
746 3962 853 4015 τῶν
900 3962 1210 4034 Σολομῶνος
1252 3964 1457 4035 χρόνων
1497 3964 1655 4036 μέχρι
1698 3964 1798 4035 τῆς

224 4054 335 4108 ὑπὸ
360 4054 711 4108 Βαϐυλωνίων
739 4054 1051 4127 πολιορκίας
1084 4054 1178 4125 ἔτη
1213 4054 1503 4123 συνάγεται
1536 4054 1668 4107 υλ6’·
1698 4072 1797 4125 με-

220 4148 296 4202 τὰ
320 4147 567 4201 δὲταῦτα
589 4149 667 4212 εἰς
695 4147 899 4219 ἔρημον
932 4148 1284 4219 περιστάντος
1306 4143 1401 4201 τοῦ
1424 4147 1610 4213 τόπου,
1642 4143 1799 4210 αὖθις

235 4238 448 4310 Ἰησοῦς
479 4239 574 4293 καὶ
586 4239 905 4311 Ζοροϐάϐελ,
932 4238 1069 4292 ότοῦ
1102 4237 1388 4309 Σαλαθιὴλ,
1422 4237 1561 4292 κατὰ
1591 4237 1653 4290 τὸ
1675 4236 1797 4290 δεύ-

222 4347 385 4402 τερον
417 4330 533 4394 ἔτος
564 4330 787 4401 Δαρείου
828 4329 918 4382 τοῦ
947 4328 1156 4399 Πέρσου
1190 4327 1469 4381 ἁνανεοῦσι
1502 4328 1593 4381 τὸν
1616 4323 1761 4381 οἷκον
1780 4344 1795 4358 ο

221 4423 287 4488 ἐξ
315 4422 518 4475 ἐκείνου
548 4439 607 4474 τε
641 4423 734 4474 καὶ
766 4422 857 4475 ἐπὶ
889 4421 951 4474 τὸ
986 4421 1466 4474 πεντεκαιδέκατον
1499 4420 1617 4484 ἔτος
1642 4420 1799 4473 Τιϐε-

1903 566 2291 631 Ιιαιηὶιίιαιεηι;
2319 568 2419 620 hoc
2444 575 2549 630 est,
2603 563 2681 619 Ne
2709 573 2926 621 avertas
2954 581 3053 620 nos
3086 565 3153 619 ad
3179 572 3478 621 extremam

1902 658 2117 712 ruinam
2141 668 2195 714 et
2225 659 2608 713 humilitatem.
2634 657 2715 711 Tu
2750 674 2983 728 namque
3008 659 3059 712 vi
3088 659 3165 713 tui
3199 674 3326 729 erga
3380 659 3479 713 bo.

1900 748 2077 804 mines
2111 749 2314 803 amoris
2344 749 2458 803 haec
2493 748 2700 811 dixisti,
2738 757 2902 821 atque
2957 750 3211 805 omnibus
3246 749 3481 805 homini-

1900 842 2004 897 bus
2034 842 2172 895 hanc
2201 842 2639 912 praedicationem
2668 842 2895 895 attulisti
2945 842 3154 909 dicens,
3210 841 3481 899 Converti-

1901 934 2055 997 mini,
2091 934 2193 1002 ﬁlii
2231 933 2521 988 hominum.
2553 931 2608 986 Si
2652 932 2836 1004 itaque
2864 935 3151 989 clementia
3169 942 3262 989 tua
3287 951 3479 992 omnes

1900 1032 2110 1094 gentes,
2168 1040 2465 1094 omnesque
2533 1024 2673 1080 ﬁlios
2731 1026 3010 1081 hominum
3037 1028 3306 1094 evocavit,
3346 1036 3401 1082 et
3431 1028 3480 1083 si

1899 1134 1995 1172 eos
2022 1119 2112 1187 qui
2141 1118 2268 1171 olim
2298 1119 2395 1172 abs
2423 1127 2471 1172 te
2506 1118 2705 1180 aversi,
2764 1133 2829 1172 ac
2872 1119 3211 1174 daemonibus
3275 1120 3483 1189 spiriti-

1899 1209 2109 1279 busque
2134 1210 2385 1278 malignis
2407 1209 2612 1264 subditi
2640 1219 2816 1275 erant,
2846 1211 2914 1265 ad
2946 1218 2999 1266 te
3021 1212 3475 1281 convertijubes;

1902 1317 1969 1354 ne
2003 1317 2102 1355 nos
2120 1301 2412 1363 averseris,
2442 1316 2616 1371 neque
2647 1301 2703 1355 in
2732 1309 3032 1357 extremam
3061 1319 3222 1359 ruere
3248 1305 3480 1360 vastita-

1900 1400 2007 1447 tem
2032 1390 2204 1454 sinas,
2264 1394 2356 1462 qui
2412 1393 2539 1447 olim
2592 1394 2672 1446 tui
2709 1377 3032 1456 fuimussac
3053 1410 3177 1449 cum
3206 1397 3478 1451 tantillum

1901 1484 2158 1554 temporis
2191 1483 2587 1549 ﬂoruissemus,
2622 1484 3072 1539 torrentisinstar
3099 1486 3475 1541 transivimus.

1899 1576 2033 1630 Nam
2064 1578 2210 1631 mille
2233 1578 2361 1632 anni
2392 1579 2585 1643 nostri,
2646 1578 2803 1648 queis
2850 1578 2987 1633 bene
3027 1593 3141 1632 rem
3183 1578 3477 1649 gessimus,

1900 1670 2237 1725 transierunt
2264 1671 2406 1725 sicut
2434 1671 2551 1725 dies
2580 1670 2861 1734 hesterna,
2895 1686 3017 1741 quae
3036 1672 3313 1741 praeteriit.
3378 1671 3479 1725 Hic

1902 1778 2031 1818 vero
2051 1763 2384 1833 perpendere
2421 1764 2570 1827 libet,
2594 1779 2694 1818 cur
2716 1763 2768 1816 lii
2796 1763 2944 1817 mille
2985 1764 3113 1817 anni
3170 1779 3479 1819 memoren-

1900 1863 2009 1911 tur.
2045 1855 2101 1910 Si
2129 1857 2273 1911 enim
2304 1856 2521 1911 dicatur
2547 1857 2660 1911 baac
2692 1856 2758 1909 ad
2786 1856 3012 1928 gloriam
3048 1855 3139 1911 Dei
3162 1873 3303 1922 esse,
3339 1858 3476 1912 etad

1901 1948 2288 2019 sempiternam
2312 1947 2405 2003 Dei
2438 1949 2603 2003 vitam
2643 1947 3049 2014 declarandam,
3104 1948 3239 2001 nihil
3294 1951 3475 2019 magni

1901 2041 2005 2095 hoc
2030 2048 2160 2110 puto
2184 2055 2432 2096 sermone
2456 2040 2709 2110 proferri.
2744 2039 2952 2093 Etenim
2988 2055 3087 2095 nec
3102 2055 3264 2096 omne
3302 2056 3478 2095 saecu-

1902 2129 2035 2193 lum,
2070 2146 2244 2200 neque
2272 2130 2432 2184 etiam
2461 2138 2632 2183 totum
2667 2130 2798 2184 illud
2824 2139 3038 2201 tempus
3086 2128 3230 2200 quod
3253 2145 3282 2183 a
3302 2132 3476 2200 prima

1901 2220 2087 2274 mundi
2121 2220 2395 2276 creatione
2418 2236 2591 2291 usque
2643 2221 2710 2275 ad
2756 2220 2875 2289 ejus
2928 2222 3473 2286 consummationem,

1900 2317 1983 2371 vel
2013 2332 2111 2386 pro
2143 2318 2375 2381 tantillo,
2409 2332 2518 2372 non
2548 2318 2726 2371 dicam
2778 2318 2940 2372 unius
2990 2317 3119 2384 diei,
3172 2317 3267 2373 sed
3314 2318 3476 2372 unius

1900 2407 2235 2461 brevissima:
2293 2408 2439 2461 horae
2487 2408 2685 2476 spatio,
2743 2405 3051 2460 habendum
3094 2421 3215 2461 esse
3244 2414 3396 2476 puto,
3427 2406 3476 2461 si

1900 2508 2247 2569 comparetur
2274 2514 2397 2553 cum
2431 2499 2523 2552 illa
2552 2498 2670 2553 sine
2711 2497 2981 2567 principio
3029 2505 3084 2552 et
3127 2498 3479 2568 generatione

1898 2590 2009 2645 vita
2044 2589 2158 2653 Dei,
2186 2591 2281 2661 qui
2331 2600 2457 2646 ante
2500 2592 2681 2645 omnia
2739 2591 2935 2646 saecula
2981 2590 3212 2653 exsistit,
3261 2604 3477 2644 necnon

1900 2690 2025 2738 ante
2057 2698 2272 2738 omnem
2297 2683 2682 2753 cogitationem
2740 2684 2824 2738 vel
2870 2682 2925 2736 in
2987 2682 3258 2736 inﬁnitum
3290 2691 3479 2736 exten-

1900 2791 2046 2841 sam;
2078 2777 2279 2847 quique
2302 2778 2485 2831 omnia
2508 2776 2711 2839 futura,
2756 2775 2966 2830 inﬁnita
3022 2782 3077 2830 et
3129 2774 3477 2829 interminata

1900 2868 2097 2922 saecula
2119 2868 2406 2921 duratioue
2461 2866 2691 2921 excedit.
2736 2866 3098 2932 Quamobrem
3150 2865 3311 2930 aliam
3340 2863 3475 2917 mihi

1899 2957 2221 3013 sententiam
2276 2957 2486 3011 videtur
2556 2958 2671 3010 haec
2735 2956 2912 3010 oratio
2971 2970 3292 3026 suggerere,
3350 2969 3477 3008 cum

1899 3052 2157 3123 populum
2191 3051 2257 3105 ad
2292 3051 2413 3105 haec
2436 3050 2664 3105 dicenda
2723 3050 2999 3104 instituit:
3034 3049 3297 3116 Quoniam
3327 3047 3478 3102 mille

1901 3144 2027 3197 anni
2051 3144 2104 3196 in
2133 3142 2296 3196 oculis
2328 3143 2454 3207 tuis,
2491 3149 2742 3211 tauquam
2773 3141 2883 3194 dies
2907 3140 3171 3205 hesterna,
3196 3153 3311 3209 quae
3339 3154 3478 3207 pra:-

1903 3235 2064 3301 teriit,
2095 3244 2144 3287 et
2177 3232 2419 3286 custodia
2454 3233 2509 3286 in
2541 3242 2710 3287 noc:e.
2740 3230 3061 3287 Veneranda
3083 3246 3216 3301 ergo
3248 3213 3337 3284 illa
3354 3245 3475 3299 quae

1899 3327 1953 3382 in
1988 3326 2292 3383 Jerusalem
2331 3334 2509 3390 erant,
2542 3325 2743 3395 quibus
2778 3333 2889 3378 tota
2930 3339 3062 3394 gens
3110 3323 3200 3376 illa
3252 3321 3477 3376 ﬂorebat

1896 3427 1950 3474 et
1972 3420 2142 3473 multo
2171 3419 2381 3473 dierum
2411 3417 2687 3473 curriculo
2715 3417 2852 3472 bene
2882 3432 2996 3471 rem
3024 3414 3266 3487 gerebat,
3316 3414 3475 3483 quasi

1898 3511 1952 3566 in
1977 3512 2097 3566 luce
2128 3511 2367 3581 degens;
2394 3511 2531 3574 haec,
2561 3511 2807 3580 inquam,
2870 3523 2969 3579 pro
3018 3508 3164 3563 mille
3191 3507 3349 3562 annis
3377 3506 3477 3560 ha-

1896 3603 2093 3658 benda.
2146 3601 2280 3656 Nam
2343 3602 2502 3658 anuis
2547 3602 2693 3657 mille
2754 3601 3019 3655 duntaxat
3071 3600 3250 3655 cultus
3284 3598 3389 3653 hoc
3418 3599 3475 3652 in

1898 3695 2018 3748 loco
2065 3701 2303 3749 statutus
2340 3694 2560 3748 duravit
2608 3702 2662 3747 et
2710 3692 2957 3747 constitit
2994 3710 3007 3745 :
3041 3692 3134 3762 qui
3195 3689 3325 3744 anni
3370 3690 3476 3743 hoc

1898 3794 2056 3857 pacto
2086 3794 2459 3840 numerantur.
2521 3785 2565 3837 A
2616 3784 2788 3854 prima
2835 3783 3018 3852 templi
3069 3781 3387 3836 l'undatione
3419 3788 3476 3834 et

1901 3877 2236 3947 temporibus
2292 3876 2623 3938 Salomonis,
2692 3875 2759 3928 ad
2816 3888 2992 3944 usque
3053 3872 3473 3944 Babyloniorum

1898 3971 2260 4033 obsidionem,
2277 3971 2405 4023 anni
2426 3976 2814 4038 computantur
2836 3964 3220 4035 quadringenti
3246 3964 3474 4034 triginta

1899 4063 2026 4118 duo.
2060 4062 2190 4118 Post
2214 4064 2329 4116 haec
2357 4068 2535 4115 autem
2560 4075 2682 4114 cum
2715 4046 2868 4113 locus
2891 4058 2944 4111 in
2980 4055 3328 4112 solitudinem
3359 4068 3477 4109 vcr-

1900 4170 1996 4210 sus
2011 4160 2175 4219 esset,
2206 4166 2422 4207 rursum
2438 4149 2598 4206 Jesus
2614 4158 2668 4205 et
2687 4148 3008 4213 Zorobabel,
3030 4149 3171 4203 [ilius
3190 4146 3472 4211 Salatbiel,

1901 4259 2049 4298 anno
2089 4242 2331 4300 secundo
2378 4241 2524 4295 Darii
2572 4239 2751 4296 Persa:
2784 4240 3004 4294 domum
3070 4245 3470 4294 restaurarunt.

1899 4335 1983 4393 Ab
2006 4337 2100 4391 illo
2127 4344 2305 4390 autem
2337 4342 2580 4403 tempore
2613 4348 2786 4403 usque
2818 4332 2884 4386 ad
2916 4333 3167 4401 quintum
3202 4331 3474 4387 decimum

1902 4443 2105 4481 annum
2134 4426 2338 4481 Tiberii
2363 4425 2617 4487 Caesaris,
2654 4424 2988 4492 colliguntur
3007 4422 3135 4475 anni
3191 4418 3475 4490 quingenti

224 4515 349 4587 ρίου
399 4514 673 4583 Καίσαρος
706 4514 800 4584 έτη
858 4514 1145 4582 συνάγεται
1176 4520 1339 4585 ipim"
1387 4513 1527 4567 ὥστε
1564 4510 1697 4567 εἶναι
1730 4512 1798 4566 τὰ

1902 4518 2259 4587 quadraginta
2284 4525 2336 4569 et
2356 4523 2516 4579 octo;
2544 4514 2616 4567 ita
2647 4521 2704 4566 ut
2729 4527 2920 4566 omnes
2949 4511 3017 4565 ad
3047 4524 3313 4565 summam
3336 4524 3475 4563 non-

222 4609 409 4662 πάντα
437 4609 557 4674 ῗλπν.
600 4607 845 4677 Διέμεινέ
872 4624 930 4660 τε
955 4605 1326 4678 χειμαζομένη
1363 4607 1456 4660 καὶ
1491 4604 1799 4660 ἀστατοῦσα

221 4703 260 4774 ἡ
299 4700 452 4763 πόλις
488 4700 625 4771 μετὰ
663 4699 775 4771 τὴν,
800 4697 940 4751 κατὰ
968 4698 1058 4751 τοῦ
1093 4700 1341 4771 Σωτῆρος
1378 4698 1536 4771 ἡμῶν
1576 4699 1798 4752 ἐπιϐου-

220 4793 327 4865 λὴν
360 4793 535 4847 αὐτῶν
587 4793 793 4864 ἑτέροις
818 4791 960 4843 ἔτεσι
998 4791 1068 4860 μ”
1104 4791 1218 4861 μεθ’
1248 4792 1284 4845 ἃ
1325 4793 1354 4844 ὁ
1390 4791 1656 4862 παντελὴς
1703 4791 1800 4845 αύ-

222 4887 356 4948 τοῦς
409 4883 672 4955 μετῆλθεν
715 4882 954 4954 ὄλεθρος,
995 4882 1088 4934 καὶ
1124 4883 1386 4953 ἡύστάτη
1432 4883 1733 4954 πολιορκία,
1765 4885 1799 4954 ή

224 4978 336 5032 ὑπὸ
369 4979 652 5049 Ῥωμαίων
674 4976 936 5047 γενομένη
965 4975 1105 5029 κατὰ
1125 4976 1281 5028 Τίτον
1326 4976 1420 5028 καὶ
1459 4976 1800 5029 Οὐεσπασια-

223 5073 319 5127 νὺν
358 5072 778 5144 αὐτοκράτορας.

302 5165 464 5219 Ταῦτ’
495 5160 585 5217 οῦν
613 5160 680 5236 ῆν
706 5164 776 5218 τὰ
806 5163 949 5235 χίλια
975 5162 1069 5233 έτη
1105 5162 1233 5233 περὶ
1258 5154 1333 5214 ὧν
1361 5161 1595 5232 εἴρηται,
1639 5160 1734 5225 Ὠς
1761 5161 1798 5228 ή

225 5258 421 5327 ἡμέρα
444 5258 483 5325 ἡ
521 5255 719 5327 ἐχθὲς,
755 5255 888 5322 ἣτις
919 5254 1146 5321 διῆλθε.
1182 5253 1465 5307 Διελθόντα
1495 5253 1603 5323 γὰρ
1629 5251 1799 5305 ταῦτα

225 5351 327 5405 καὶ
363 5350 555 5419 μηκέτι
597 5349 727 5402 ὅντα
761 5346 1145 5401 ἀποκλαίονται
1175 5349 1223 5399 οἰ
1248 5342 1335 5399 διὰ
1361 5342 1459 5416 τῆς
1494 5344 1799 5417 προσευχῆς

224 5441 322 5495 τὸν
352 5439 482 5493 Θεὸν
521 5441 815 5511 ἱλεούμενοι
840 5458 852 5472 ’
885 5439 1020 5493 ἀλλὰ
1042 5441 1134 5493 καὶ
1166 5439 1239 5501 ὡς
1271 5437 1514 5506 φυλακὴν
1553 5453 1800 5507 νυκτερι-

226 5534 328 5605 νὴν
360 5533 532 5588 ταῦτά
566 5551 694 5603 φασι
726 5533 793 5588 τὰ
815 5534 959 5606 χίλια
991 5534 1083 5604 ἐτη
1118 5532 1562 5604 παρεληλυθέναι.
1597 5531 1801 5602 Λύχνος

228 5630 341 5700 γὰρ
370 5624 487 5699 ῆνό
530 5629 802 5692 Μωῦσέως
850 5628 1009 5700 νόμος
1052 5631 1108 5682 ἐν
1153 5628 1303 5681 νυκτί
1337 5628 1540 5696 φαίνων
1584 5627 1795 5689 αὐτοῖς·

229 5722 366 5775 ἀλλὰ
396 5722 488 5774 καὶ
512 5724 558 5774 οἱ
588 5721 882 5791 προφῆται,
917 5723 963 5773 οἱ
1002 5720 1137 5791 μετὰ
1160 5720 1419 5783 Μωῦσέα,
1448 5718 1628 5788 λύχνοι
1661 5713 1801 5787 ἦσαν

230 5816 263 5879 ἢ
300 5814 392 5868 καὶ
416 5814 639 5877 ἀστέρες
674 5815 729 5865 ἐν
783 5814 934 5867 νυκτὶ
968 5813 1267 5874 φαίνοντες.
1298 5812 1449 5867 οὔπω
1498 5808 1590 5865 τοῦ
1626 5810 1803 5869 φωτὸς

1901 4618 2184 4680 gentorum
2218 4615 2271 4661 et
2297 4605 2573 4675 octoginta
2616 4610 2999 4673 supputentur.
3059 4600 3190 4655 Post
3244 4598 3473 4655 insidias

1899 4716 2029 4756 vero
2059 4700 2126 4754 ab
2155 4700 2223 4754 iis
2242 4705 2433 4753 contra
2460 4696 2793 4750 Salvatorem
2820 4702 3066 4747 nostrum
3098 4698 3356 4753 structas,
3380 4700 3472 4746 tu-

1901 4789 2160 4844 multibus
2194 4795 2247 4843 et
2279 4787 2639 4842 seditionibus
2668 4784 2867 4854 agitata
2890 4782 3100 4848 civitas,
3132 4780 3309 4835 adhuc
3337 4794 3474 4850 qua-

1902 4880 2147 4951 draginta
2172 4879 2332 4934 annis
2353 4879 2651 4950 permansit
2682 4893 2695 4929 :
2721 4876 2921 4947 quibus
2980 4874 3201 4944 elapsis,
3239 4874 3472 4927 accessit

1902 4981 2145 5028 extrema
2170 4986 2358 5027 eorum
2387 4969 2677 5041 pernicies,
2707 4975 2760 5021 et
2790 4966 2980 5020 ultima
3006 4963 3241 5029 obsidio,
3272 4961 3391 5018 Tito
3416 4971 3471 5017 et

1905 5066 2239 5136 Vespasiano
2269 5062 2711 5134 imperatoribus,
2744 5075 2773 5113 a
2797 5056 3064 5113 Romanis
3096 5058 3258 5111 facta.

1977 5159 2038 5212 Hi
2082 5160 2260 5228 itaque
2311 5156 2458 5212 mille
2512 5155 2639 5207 anni
2686 5160 2862 5215 erant,
2912 5152 2980 5206 de
3022 5149 3223 5219 quibus
3246 5146 3467 5212 dicitur,

1907 5252 2177 5323 Tanquam
2212 5251 2320 5304 dies
2344 5250 2586 5303 hesterna
2607 5261 2724 5317 qua:
2749 5244 3022 5314 praeteriit.
3050 5240 3184 5295 Nam
3222 5239 3343 5294 illos
3366 5253 3468 5292 an-

1905 5362 2004 5400 nos
2029 5360 2124 5399 ceu
2160 5342 2457 5414 pra-teritos
2485 5347 2539 5395 et
2564 5340 2776 5408 elapsos
2798 5335 3102 5405 deplorant,
3146 5331 3238 5401 qui
3269 5331 3323 5383 in
3343 5344 3470 5383 ora-

1904 5437 2227 5509 tionelDeum
2243 5436 2456 5506 placare
2468 5439 2768 5497 conantur;
2787 5429 2895 5483 imo
2905 5427 3066 5482 etiam
3079 5423 3233 5494 quasi
3248 5428 3475 5475 noctur-

1903 5549 2028 5589 nam
2062 5531 2387 5595 custodiam,
2421 5529 2567 5583 mille
2596 5541 2769 5580 annos
2794 5525 2917 5578 illos
2957 5519 3228 5587 emuxisse
3256 5515 3467 5570 dicunt.

1904 5624 2037 5677 Nam
2073 5621 2273 5693 Moysis
2306 5621 2389 5676 lex
2420 5619 2643 5672 lucerna
2666 5622 2785 5669 erat
2841 5613 2897 5665 in
2960 5618 3119 5664 nocte
3177 5603 3468 5676 splendens

1905 5716 2073 5786 ipsis;
2104 5714 2381 5785 prOphetm
2399 5712 2525 5765 item
2554 5710 2644 5778 qui
2679 5714 2799 5778 post
2826 5702 3063 5774 Moysen]
3097 5700 3336 5758 fuerunt,
3377 5698 3475 5749 .lu—

1905 5823 2079 5863 cerua:
2107 5814 2284 5865 erant.
2316 5805 2429 5859 sive
2473 5802 2641 5857 stella:
2699 5799 2753 5856 in
2816 5802 2973 5852 nocte
2998 5794 3293 5856 fulgentes,
3346 5802 3475 5844 cum
