3974 6528
598 356 741 415 1135

1271 354 1540 415 ΕΗΞΕΒΗ
1580 355 2056 412 (ΖΑΞὸΑΒΙΕΝδΙΞ
2099 355 2248 411 OPP.
2302 355 2483 411 PARS
2524 355 2611 410 Ill.
2640 386 2710 396 —
2742 353 3150 411 EXEGETICA.

3632 366 3727 422 “36

596 479 840 534 nondum
867 478 957 532 lux
993 478 1208 543 solaris,
1245 478 1299 532 id
1347 488 1430 534 est
1481 479 1737 535 salutaris
1802 479 1985 545 Verbi,
2031 496 2153 549 pro-

2256 476 2350 530 τοῦ
2383 476 2627 548 ἡλιακοῦ,
2660 475 2900 530 τουτέστι
2948 476 3041 529 τοῦ
3074 475 3333 546 σωτηρίου
3375 477 3547 545 Λόγου,
3574 482 3650 551 τὴν
3679 486 3731 537 οι.

596 571 772 641 priam
792 570 932 625 diem
958 585 1021 624 ac
1053 570 1332 625 meridiem
1366 571 1621 627 omnibus
1670 572 1922 642 gentibus
1967 572 2160 639 lucere

599 660 839 716 fecisset.
863 658 1120 715 Custodia
1147 676 1285 715 vero
1314 670 1602 725 nocturna,
1656 660 1927 731 quoddam
1982 659 2162 714 noctis

596 762 810 824 tempus
838 762 1081 809 vocatur.
1113 751 1229 807 Hoc
1247 768 1409 822 porro
1451 753 1723 823 intelligas
1750 767 1816 807 ex
1848 751 2162 822 Evangelia,

594 846 653 900 in
686 859 795 914 quo
818 843 1023 898 dictum
1072 852 1156 899 est
1184 862 1198 898 :
1231 843 1438 910 Quarta
1487 854 1662 896 autem
1703 842 1945 897 custodia
1990 844 2161 897 noctis

595 939 732 995 venit
750 936 907 991 Iesus
930 935 1207 991 ambulans
1240 951 1401 1006 supra
1440 954 1585 991 mare
1612 937 1654 968 ⁸⁷
1680 952 1699 1000 ;
1729 952 1793 991 ac
1834 952 2071 1003 rursum,
2103 936 2164 992 Si

594 1032 751 1085 sciret
764 1029 1153 1099 paterfamilias
1170 1045 1273 1099 qua
1297 1030 1535 1082 custodia
1555 1030 1641 1098 fur
1656 1030 1846 1083 veniret
1858 1030 1923 1083 ⁵³.
1948 1028 2011 1083 Hi
2035 1044 2163 1100 ergo

586 1124 741 1179 mille
774 1124 901 1178 anni
932 1138 1040 1177 non
1070 1123 1231 1177 modo
1261 1122 1389 1183 diei,
1417 1138 1536 1191 qua:
1583 1122 1839 1192 praateriit
1879 1137 1977 1177 nec
2020 1123 2162 1176 ultra

586 1216 830 1279 exsistit,
862 1230 965 1270 con
975 1214 1224 1268 feruntur
1242 1215 1364 1279 ;sed
1384 1214 1545 1268 etiam
1564 1214 1787 1269 modica:
1803 1216 1976 1269 noctis
1988 1214 2125 1283 parti
2145 1232 2159 1279 ;

588 1308 669 1361 ita
701 1314 758 1360 ut
782 1321 890 1360 non
922 1306 1130 1376 integra
1167 1322 1292 1366 nox.
1314 1305 1403 1360 sed
1433 1306 1554 1375 ejus
1591 1320 1717 1375 pars
1741 1306 2069 1370 declaretur,
2103 1306 2158 1359 in

592 1412 706 1469 qua
758 1398 1063 1454 custodiam
1119 1398 1367 1466 corporei
1403 1397 1536 1466 legis
1559 1397 1739 1451 cultus
1773 1397 2156 1451 observabant.

598 1488 712 1543 Sub
740 1488 856 1543 hate
878 1488 1079 1543 dicitur
1111 1504 1123 1539 :
1161 1488 1292 1554 Qute
1315 1503 1410 1557 pro
1446 1486 1610 1540 nihilo
1647 1488 1903 1542 habentur
1952 1502 2153 1552 eorum,

593 1583 721 1636 anni
773 1590 941 1636 erunt.
1005 1580 1210 1637 Horum
1262 1581 1395 1634 mihi
1444 1582 1557 1636 [nec
1616 1580 1830 1636 videtur
1890 1579 2157 1634 sententia

592 1688 761 1731 esse:
813 1672 956 1727 Anni
996 1688 1184 1729 eorum
1240 1688 1340 1743 pro
1384 1672 1555 1725 nihilo
1607 1679 1787 1727 erunt.
1846 1670 1967 1725 Non
2010 1672 2154 1725 enim

594 1765 821 1821 ulterius
849 1766 979 1819 anni
1029 1765 1107 1819 illi
1166 1765 1219 1819 in
1285 1764 1494 1819 honore
1544 1775 1725 1827 erunt,
1768 1778 1874 1819 non
1905 1762 2152 1825 curandi,

2263 566 2415 624 κείαν
2439 566 2655 641 ἡμέραν
2686 587 2745 621 τε
2780 569 2872 623 καὶ
2925 568 3268 639 μεσημϐρίαν
3305 571 3431 623 πᾶσι
3456 572 3552 635 τοῖς
3582 572 3730 628 ἔθνεσιν

2261 662 2685 734 ἐπιλάμψαντος.
2715 661 2932 731 Φυλακὴ
2964 661 3020 714 δὲ
3064 660 3349 731 νυκτερινὴ
3391 662 3558 732 καιρὸς
3583 664 3733 735 ait”.

2264 771 2384 806 σται
2410 753 2510 823 τῆς
2547 752 2738 815 νυκτός
2756 769 2769 782 ·
2794 752 2952 805 τοῦτο
2985 750 3041 804 δὲ
3074 752 3282 822 νοήσεις
3310 752 3414 805 ἀπὸ
3435 752 3517 805 τοῦ
3554 753 3732 823 Etiam-

2260 844 2393 907 λίου,
2418 846 2476 897 ἐν
2498 838 2542 912 ᾧ
2569 844 2780 915 εἴρηται
2797 860 2810 873 ⁸
2846 842 3095 912 Τετάρτῃ
3120 842 3188 895 δὲ
3218 843 3454 911 φυλακῇ
3472 842 3564 911 τῆς
3580 849 3735 913 νυκτὸς

2260 934 2445 1008 ἦλθεν
2483 940 2516 991 ό
2553 936 2772 1006 Ἰησοῦς
2829 935 3163 1004 περιπατῶν
3193 936 3288 989 ἐπὶ
3329 935 3433 1004 τῆς
3467 937 3733 1006 θαλάσσης·

2263 1031 2355 1085 καὶ
2390 1031 2578 1085 πάλινο
2614 1033 2682 1085 El
2716 1030 2844 1099 ᾔδει
2889 1033 2922 1083 ό
2951 1029 3377 1097 οἰκοδεσπότης
3411 1030 3535 1097 ποίᾳ
3561 1033 3736 1099 φυλοκῇ

2261 1127 2294 1177 ό
2340 1124 2607 1191 κλέπτης
2652 1122 2903 1192 ἔρχεται.
2934 1121 3194 1193 Δηλοῦται
3239 1121 3414 1174 τοίνυν
3442 1121 3505 1173 τὰ
3530 1122 3646 1190 χίλια
3674 1123 3735 1194 ἔτη

2261 1212 2360 1283 οὺχ
2385 1213 2459 1277 ὡς
2479 1213 2714 1284 ήμὲραὴ
2749 1212 3110 1282 παρελθοῦσα,
3139 1212 3234 1265 καὶ
3261 1212 3444 1282 μηκέτ’
3467 1208 3580 1265 οὖσα
3614 1215 3736 1283 μόνον.

2261 1303 2395 1356 ἀλλὰ
2433 1302 2524 1356 καὶ
2557 1304 2633 1366 ὡς
2672 1302 2846 1374 βραχύ
2876 1321 2930 1355 τι
2967 1303 3153 1373 μόριον
3192 1301 3403 1365 νυκτὸς,
3428 1300 3497 1365 ὡς
3520 1300 3631 1373 μηδὲ
3654 1306 3738 1373 ὅλην

2260 1394 2431 1448 νύκτα
2464 1395 2671 1465 νοῆσαι,
2718 1393 2855 1447 ἀλλὰ
2895 1394 3059 1465 μέρος
3098 1410 3150 1446 τι
3182 1391 3403 1463 ταύτης,
3438 1396 3489 1446 ὲν
3513 1386 3552 1461 ᾧ
3575 1395 3650 1465 τὴν
3672 1414 3738 1464 φυ-

2259 1484 2428 1555 λακὴν
2454 1484 2549 1555 τῆς
2580 1485 2893 1555 σωματικῆς
2923 1484 3018 1537 τοῦ
3060 1484 3222 1555 νόμου
3249 1484 3493 1556 λατρείας
3516 1490 3737 1555 περιεῖπον.

2259 1578 2481 1641 Τούτοις
2529 1576 2657 1648 ἑξῆς
2704 1578 2918 1650 εἴρηται
2940 1596 2952 1607 ο
3011 1581 3085 1632 Τὰ
3139 1577 3568 1647 ὲξουδενώματα
3603 1580 3740 1633 αὐτῶν

2257 1670 2359 1736 ἐτη
2387 1668 2648 1721 ἔσονται.
2676 1670 2833 1722 Δοκεῖ
2858 1686 2948 1740 μοι
2970 1670 3064 1724 καὶ
3096 1670 3129 1741 ἡ
3156 1666 3357 1724 τούτων
3376 1664 3565 1723 διάνοια
3585 1671 3739 1741 τοιαύτη

2258 1776 2341 1824 τις
2372 1756 2509 1814 εἶναι
2533 1777 2545 1789 ·
2578 1760 2659 1813 Τὰ
2680 1759 2774 1831 ἐτη
2806 1761 2984 1814 αὐτῶν
3014 1759 3420 1831 ἐξουδενώματα
3451 1760 3643 1815 ἔσονται.
3666 1763 3740 1815 Οὐι

593 1870 703 1914 non
737 1856 1031 1910 necessarii
1082 1854 1466 1921 habebuntur;
1524 1854 1615 1908 sed
1662 1853 1901 1922 despecti
1950 1868 2014 1908 ac
2063 1868 2153 1924 pro

2262 1849 2341 1902 ἔτι
2374 1851 2482 1921 γὰρ
2536 1851 2729 1923 ἔντιμα
2776 1851 2889 1924 ἔτη,
2923 1853 3044 1907 οὐδὲ
3089 1854 3347 1907 σπουδαῖα
3398 1854 3487 1908 καὶ
3525 1855 3738 1922 ἀναγκαῖα,

592 1946 763 2001 nihilo
820 1949 1053 2018 reputati
1104 1956 1283 2003 erunt.
1338 1945 1621 2012 Quomodo
1670 1954 1853 2001 autem
1900 1945 2027 1999 anni
2064 1960 2157 1999 eo-

591 2052 712 2091 rum
750 2052 849 2108 pro
892 2038 1063 2093 nihilo
1116 2037 1397 2108 reputandi
1453 2037 1583 2100 sint,
1632 2036 1889 2106 deinceps
1917 2034 2158 2089 declarat

593 2128 820 2184 dicens:
859 2130 1017 2185 Mane
1091 2132 1228 2185 sicut
1304 2129 1463 2183 herba
1530 2137 1803 2195 transeat,
1853 2144 2006 2182 mane
2059 2128 2154 2197 ﬂo-

589 2229 704 2273 reat
728 2229 777 2273 et
804 2228 1059 2283 transeat,
1085 2234 1286 2288 vespere
1318 2218 1547 2281 decidat,
1578 2218 1791 2271 induret
1826 2226 1875 2271 et
1912 2225 2155 2281 arescat,

589 2312 712 2380 quia
746 2310 1027 2379 defecimus
1059 2312 1113 2364 in
1145 2313 1227 2365 ira
1253 2320 1363 2365 tua.
1389 2311 1529 2365 Olim
1555 2311 1796 2382 quidem,
1815 2310 1911 2377 ait,
1939 2310 2158 2382 quando

589 2416 679 2456 res
711 2412 914 2457 nostrae
932 2403 1216 2457 exordium
1248 2402 1542 2466 ducebant,
1574 2412 1628 2460 et
1662 2403 1717 2457 in
1751 2404 2019 2457 matutino
2039 2418 2159 2456 era-

588 2508 734 2555 mus,
765 2494 921 2563 quasi
945 2493 1113 2549 herba
1147 2491 1346 2548 fuimus
1380 2511 1393 2546 :
1442 2491 1538 2546 sed
1579 2506 1704 2547 cum
1757 2493 1849 2547 illa
1883 2493 2159 2564 generatio

589 2584 960 2653 praeriisset,
984 2585 1150 2640 herba
1193 2583 1431 2638 transiit.
1467 2583 1581 2639 Sub
1610 2585 1725 2639 hate
1753 2593 1935 2641 autem
1969 2584 2158 2639 ﬂorui-

589 2684 732 2739 mus,
764 2683 817 2730 et
849 2676 1081 2746 amplius
1109 2675 1239 2746 quid
1266 2689 1328 2729 ac
1354 2676 1533 2745 majus
1562 2691 1725 2747 quam
1757 2676 1981 2731 herbam
2010 2674 2157 2730 nacti

588 2782 811 2831 sumus,
847 2768 923 2822 ita
974 2776 1032 2824 ut
1085 2770 1186 2825 llos
1233 2769 1290 2824 in
1348 2769 1510 2824 nobis
1548 2769 1915 2839 reperiretur:
1965 2776 2019 2821 at
2071 2768 2159 2821 hic

589 2862 807 2928 quoque
837 2859 937 2917 llos
966 2862 1243 2931 praeteriit.
1280 2860 1549 2917 Extremis
1601 2877 1731 2917 vero
1783 2859 2117 2930 temporibus
2140 2900 2155 2924 ,

589 2950 871 3006 occidente
898 2967 1123 3021 prorsus
1157 2951 1315 3007 nobis
1352 2951 1591 3013 lumine,
1645 2964 1770 3003 cum
1804 2963 1905 3003 nos
1931 2960 2159 3016 vespera

585 3053 928 3114 occupasset,
947 3043 1248 3101 exeidimus
1284 3058 1514 3115 prorsus
1548 3042 1807 3098 exsiccati
1832 3048 1886 3096 et
1910 3038 2153 3106 arefacti;

587 3135 750 3198 idque
774 3136 1013 3207 perpessi
1042 3151 1254 3199 sumus,
1291 3136 1430 3201 Quia
1452 3135 1735 3204 defecimus
1752 3134 1807 3187 in
1829 3134 1913 3187 ira
1940 3142 2031 3187 tua
2052 3172 2068 3198 ,
2107 3140 2156 3186 et

583 3227 640 3282 in
668 3228 845 3297 furore
879 3238 966 3281 tuo
1002 3227 1202 3281 turbati
1248 3244 1450 3282 sumus.
1489 3226 1803 3282 Secundum
1834 3225 1994 3279 aliam
2021 3240 2147 3279 vero

584 3319 910 3374 sententiam
938 3327 1116 3387 potest
1139 3318 1273 3373 dicti
1300 3319 1465 3386 hujus
1499 3318 1723 3388 physica
1752 3316 1895 3371 ratio
1948 3315 2153 3378 afferri;

583 3406 730 3476 quod
778 3407 987 3463 scilicet
1041 3407 1277 3461 humana
1315 3408 1593 3462 naturain
1644 3406 1931 3475 iuventute
1981 3404 2156 3460 instar

584 3496 767 3551 herba:
802 3505 1003 3552 tenera:
1058 3498 1323 3568 pullulet:
1362 3505 1551 3566 postea
1586 3512 1714 3552 vero
1767 3497 1823 3553 in
1846 3496 2023 3550 aetatis
2069 3496 2152 3549 vi—

584 3600 723 3655 gore-
737 3584 960 3653 ﬂoreat;
1011 3595 1287 3656 postremo
1317 3597 1499 3643 autem
1534 3587 1591 3641 in
1623 3587 1921 3643 senectutis
1966 3585 2154 3641 limine

583 3677 818 3744 decidat,
850 3694 951 3734 nec
982 3680 1087 3733 alio
1146 3680 1304 3735 modo
1330 3722 1344 3745 ,
1404 3696 1567 3751 quam
1600 3681 1729 3750 quia
1771 3679 2003 3749 primum
2044 3695 2153 3750 pra:

583 3777 865 3825 senectute
899 3769 1149 3824 indurata
1179 3770 1386 3837 fuerat,
1419 3786 1484 3825 ac
1515 3779 1700 3841 postea
1734 3771 1950 3841 penitus
1976 3772 2155 3824 exsic-

582 3872 736 3927 cata;
792 3869 847 3915 et
896 3861 1041 3932 quod
1083 3876 1306 3932 vespera
1362 3862 1700 3934 signiﬁcetur
1735 3870 1977 3917 extrema
2030 3862 2153 3916 vitm

582 3954 852 4009 humanae.

576 4194 581 4203 .
652 4145 818 4202 Vsus.
852 4147 1003 4205 8-10.
1050 4147 1285 4203 Posuisti
1313 4151 1614 4221 iniquitates
1658 4162 1868 4208 nostras
1924 4155 1977 4209 in
2027 4172 2151 4210 con-

579 4247 758 4307 spectu
794 4249 882 4293 tuo
911 4256 929 4292 :
962 4240 1213 4293 saxulum
1244 4252 1479 4297 nostrum
1519 4245 1573 4297 in
1602 4244 1995 4301 illuminatione
2032 4249 2148 4301 vul-

579 4336 667 4382 tus
692 4330 788 4384 tui.
825 4330 1088 4396 Quoniam
1113 4348 1289 4385 omnes
1311 4331 1420 4386 dies
1462 4334 1630 4388 nostri
1670 4334 1988 4403 defecerunt,
2014 4351 2064 4391 et
2094 4338 2150 4391 in

578 4423 664 4477 ira
693 4431 784 4476 tua
810 4423 1112 4493 defecimus.
1150 4423 1535 4497 Symmachus,
1562 4426 1869 4497 Apposuisti
1891 4429 2147 4499 iniquita-

580 4524 656 4571 tes
688 4526 896 4571 nostras
924 4518 980 4571 in
1020 4528 1293 4587 conspectu
1331 4528 1440 4583 tuo,
1475 4520 1817 4591 negligentias
1848 4531 2056 4576 nostras
2089 4530 2147 4575 ut

2261 1940 2374 1995 ἀλλ’
2403 1940 2796 2015 ἐξουθενημένα
2833 1943 2927 1996 καὶ
2959 1946 3037 2006 εἰς
3067 1942 3128 1996 τὸ
3162 1943 3326 2015 μηδεν
3356 1943 3663 2014 λελογισμένα
3680 1961 3737 2011 γει

2257 2034 2496 2105 νήσεται.
2528 2033 2650 2097 Πῶς
2680 2034 2736 2087 δὲ
2769 2036 2849 2098 εἰς
2875 2035 3024 2088 οὐδὲν
3047 2034 3402 2107 λελογισμένα
3422 2036 3739 2107 γενήσεταιαὺ-

2257 2124 2364 2177 τῶν
2410 2124 2477 2177 τὰ
2522 2124 2636 2195 ἔτη,
2665 2124 2920 2194 διασαφεῖ
2965 2126 3139 2194 λέγων
3184 2126 3343 2197 ἐξῆςο
3379 2127 3449 2181 Τὸ
3494 2127 3739 2195 πρωῒὼςή

2258 2218 2410 2285 χλόη
2434 2216 2736 2285 παρέλθοι,
2759 2217 2826 2270 τὸ
2849 2218 2998 2286 πρωῒ
3018 2218 3278 2287 ἀνθῆσαι
3303 2218 3401 2272 καὶ
3422 2219 3681 2287 παρέλθοιι
3700 2220 3742 2271 τὸ

2257 2306 2517 2375 ἑσπέρας
2551 2307 2865 2373 ἀποπέσοι,
2905 2311 3306 2377 σκληρυνθείη
3359 2310 3455 2364 καὶ
3484 2310 3740 2377 ξηροτθείη.

2259 2398 2345 2453 ὅτι
2363 2400 2718 2469 ὲξελίπομεν
2739 2400 2808 2453 ἐν
2836 2400 2911 2468 τῇ
2933 2394 3079 2470 ὀργῇ
3108 2418 3243 2455 σου.
3276 2398 3449 2456 Πάλαι
3473 2402 3557 2473 μὲν
3574 2398 3661 2460 οὖν,
3678 2418 3740 2469 τη·

2260 2491 2363 2546 σὶν.
2395 2492 2483 2544 ὅτε
2513 2492 2685 2564 ἀρχὰς
2714 2488 2825 2562 εἶχε
2856 2493 2922 2546 τὰ
2950 2486 3068 2547 iae'
3099 2492 3244 2565 ἡμᾶς
3270 2496 3365 2548 καὶ
3384 2497 3440 2548 ἐν
3459 2496 3614 2565 πρωῖςι
3633 2490 3741 2564 ἦμεν,

2258 2580 2559 2651 γεγόναμεν
2586 2582 2659 2645 ὡς
2682 2584 2712 2653 ἡ
2734 2582 2860 2653 χλόη
2881 2600 2895 2613 ’
2927 2583 3061 2636 ἀλλὰ
3090 2585 3464 2658 παρελθούσης
3490 2586 3662 2655 ἐκείνης
3680 2585 3742 2651 τῆς

2258 2675 2472 2742 γενεᾶς,
2499 2672 2771 2744 παρῆλθεν
2804 2676 2836 2746 ἡ
2871 2674 3020 2746 χλόη.
3046 2673 3200 2731 Μετὰ
3224 2677 3398 2731 ταῦτα
3418 2678 3471 2730 δὲ
3492 2676 3742 2747 ὴνθήταμεν,

2262 2764 2446 2836 μεῖζόν
2469 2782 2529 2818 τε
2560 2767 2653 2819 καὶ
2691 2767 2850 2821 πλέον
2885 2766 2984 2836 τῆς
3013 2764 3173 2839 χλόης
3203 2769 3531 2839 ἐσχήκαμεν,
3562 2769 3667 2821 ὥστε
3683 2764 3742 2816 καὶ

2259 2855 2419 2919 ἄνθος
2461 2858 2518 2909 ἐν
2554 2859 2683 2927 ἡμῖν
2725 2857 3013 2929 εὑρεθῆναι
3035 2875 3048 2888 °
3083 2858 3176 2912 καὶ
3211 2859 3374 2913 τοῦτο
3408 2860 3461 2913 δὲ
3496 2855 3742 2929 παρῆλθεῇ

2258 2946 2436 3010 ἄνθος.
2474 2948 2589 3001 Ἐπ’
2634 2949 2875 3019 ἐσχάτων
2922 2948 2978 3002 δὲ
3032 2949 3139 3002 τῶν
3194 2950 3421 3022 καιρῶν,
3461 2949 3620 3011 δύντος
3658 2947 3742 3015 ἡμῖν

2260 3040 2534 3104 παντελῶς
2566 3040 2659 3095 τοῦ
2691 3041 2884 3111 φωτὸς,
2909 3042 3002 3096 καὶ
3044 3043 3281 3113 ἑσπέρας
3312 3046 3459 3114 ἡμᾶς
3495 3040 3741 3096 καταλαὼὰ-

2262 3147 2379 3199 σης,
2425 3130 2900 3201 ἀποπεπτώκαμεν
2948 3131 3375 3202 σκληρυνθέντες
3409 3132 3497 3186 καὶ
3534 3128 3741 3202 ξηρανθέν-

2252 3238 2342 3285 τες
2365 3238 2379 3251 ·
2404 3221 2499 3275 καλ⁹
2525 3222 2695 3276 ταῦτα
2725 3221 3093 3293 πεπόνθαμεν,
3121 3224 3249 3277 Ὀτι
3280 3223 3675 3292 ἐξελίπομενέγ
3695 3217 3740 3285 τῇ

2257 3309 2403 3380 ὀργῇ
2432 3327 2568 3375 σου,
2593 3313 2689 3366 καὶ
2716 3313 2785 3365 ἐν
2817 3311 2895 3377 τῷ
2930 3312 3092 3382 θυμῷ
3117 3327 3232 3366 σου
3264 3313 3653 3382 ἐταράχθημεν,
3674 3308 3738 3361 Δύο
3826 3324 3827 3327 η

2256 3417 2411 3453 ναται
2439 3400 2495 3453 δέ
2518 3402 2609 3454 καὶ
2634 3401 2754 3455 καθ’
2785 3400 2977 3471 ἑτέραν
3004 3401 3237 3455 διάνοιαν
3261 3402 3484 3472 φυσικὸν
3506 3402 3635 3468 Λόγον
3656 3399 3740 3450 ἀπο-

2252 3490 2449 3545 διδόναι
2475 3491 2561 3545 διὰ
2602 3492 2805 3546 τούτων
2834 3494 2867 3562 ἡ
2898 3491 3063 3559 λέξις,
3110 3493 3184 3557 ὡς
3214 3494 3315 3564 τῆν·
3357 3492 3660 3564 ἀνθρωπίνης
3675 3486 3739 3555 φύ-

2255 3601 2391 3647 σεως
2419 3586 2476 3637 ἐν
2511 3584 2607 3655 μὲν
2641 3588 2706 3655 τῇ
2738 3585 2946 3654 νεότητι
2966 3585 3119 3655 δίκην
3152 3586 3371 3657 ἁπαλῆς
3402 3586 3549 3657 χλόης
3574 3578 3739 3653 βλαστὼ-

2257 3691 2375 3743 σης,
2415 3673 2553 3744 μετὰ
2582 3674 2638 3726 δὲ
2666 3673 2838 3727 ταῦτα
2872 3677 2930 3727 ἐν
3074 3676 3223 3746 ἀκμῇ
3271 3677 3370 3747 τῆς
3393 3676 3585 3745 ἡλικίας
3606 3669 3738 3726 ἀνθού·

2255 3781 2374 3836 σης·
2393 3761 2488 3817 εἷθ’
2519 3764 2740 3835 ὕστερον
2762 3765 2854 3818 ἐπὶ
2883 3766 3086 3837 γήραος
3104 3766 3241 3837 ούδῷ
3270 3761 3740 3833 ἀποπιπτούσης,οὖκ

2251 3856 2467 3927 ἄλλωςῆ
2493 3856 2703 3926 πρῶτον
2735 3857 2867 3927 σκλη
2878 3859 3172 3929 ρυνομὲνης
3191 3860 3332 3912 κατὰ
3346 3859 3405 3913 τὸ
3424 3856 3737 3929 γῆραςᾶπειτι

2252 3949 2527 4013 παντελῶς
2576 3946 2984 4021 ξηραινομένης.
3054 3948 3322 4023 Ἑσπέραν
3363 3953 3419 4006 δὲ
3465 3945 3737 4021 σημαίνεσθιι

2249 4039 2317 4093 τὰ
2346 4040 2627 4093 τελευταῖα
2652 4041 2749 4111 τῆς
2780 4040 2886 4094 τῶν
2912 4039 3210 4111 ἀνθρώπων
3237 4040 3404 4112 ζωῆς.

2322 4154 2497 4207 ’Έθου
2520 4152 2625 4219 τὰς
2656 4153 2905 4223 ἀνομίας
2934 4154 3102 4223 «ἡμῶν
3130 4154 3409 4207 ἐναντίον
3434 4169 3566 4207 σουο
3594 4153 3621 4205 ὁ
3640 4146 3738 4201 αἰὼν

2248 4243 2416 4317 ἡμῶν
2444 4248 2530 4313 εὶς
2558 4248 2864 4317 φωτισμὸν
2894 4247 2998 4301 τοῦ
3023 4248 3348 4314 προσώπου
3388 4264 3517 4301 σου.
3545 4247 3640 4297 Ὅτι
3662 4236 3735 4291 πᾶν

2247 4350 2354 4393 σαι
2396 4339 2455 4389 al
2510 4337 2720 4405 ἡμέραι
2762 4336 2929 4407 ἡμῶν
2966 4337 3267 4402 ἐξέλιπον,
3305 4337 3403 4392 καὶ
3439 4338 3503 4390 ἐν
3536 4332 3598 4401 τῇ
3643 4325 3735 4397 ὁρτῇ

2248 4440 2365 4479 σου
2414 4425 2787 4495 ἐξελίπομεν.
2824 4422 2882 4479 Ὀ
2933 4427 3251 4498 Σύμμαχος·
3295 4426 3643 4495 Πωσέθηκας
3668 4419 3735 4480 τὰς

2247 4517 2497 4586 ἀνομίας
2533 4515 2699 4583 ἡμῶν
2722 4517 3002 4585 ἄντικρύς
3028 4535 3165 4581 σου,
3207 4520 3314 4584 τὰς
3343 4518 3598 4587 ἀμελείας
3623 4507 3736 4580 ἡμῶν

579 4619 867 4678 appareant
891 4610 1058 4664 vultui
1090 4619 1199 4666 tuo.
1234 4611 1426 4667 Omnes
1465 4614 1601 4667 enim
1631 4612 1744 4667 dies
1789 4616 1958 4668 nostri
1986 4616 2144 4685 aufu-

2248 4609 2562 4678 φαίνεσθαι
2591 4608 2669 4673 τῷ
2706 4608 3000 4677 προσώπῳ
3036 4625 3172 4663 σου.
3203 4609 3397 4665 Πᾶσαι
3434 4609 3533 4678 γὰρ
3562 4608 3611 4659 αἱ
3640 4598 3733 4670 ἠμέ⁶

578 4713 783 4772 gerunt,
809 4704 971 4757 inira
1001 4711 1093 4757 tua
1117 4702 1381 4773 absumpti
1406 4721 1609 4759 sumus.
1650 4703 1773 4761 Haec
1804 4706 1857 4759 in
1888 4710 2141 4777 praesenti

578 4794 892 4851 conditione
918 4798 1100 4867 pepuli
1122 4813 1187 4851 ex
1211 4798 1627 4853 circumcisione
1655 4798 1838 4854 dicere
1865 4802 2139 4855 convenit.

579 4875 736 4938 Nunc
758 4886 900 4938 enim
931 4897 1120 4942 omnes
1148 4902 1336 4941 eorum
1385 4886 1601 4956 pristini
1628 4888 1744 4944 dies
1781 4904 1907 4944 vere
1932 4889 2143 4946 defece-

578 4982 727 5038 runt,
749 4990 874 5029 cum
900 4992 1125 5047 vespera
1180 4979 1302 5033 illos
1355 4981 1661 5049 occupavit,
1693 4988 1747 5036 et
1778 4996 1902 5036 cum
1933 4981 2143 5037 deiece-

578 5075 708 5119 runt
731 5067 784 5119 in
825 5067 905 5120 ira
935 5067 1048 5122 Dei.
1094 5068 1361 5135 Quoniam
1400 5070 1529 5124 olim
1561 5070 1779 5141 quidem
1827 5070 2143 5139 iniquitates

576 5173 766 5213 eorum
781 5160 1223 5228 praatermittebat
1238 5169 1291 5215 et
1316 5162 1886 5233 pratergrediebatur;
1912 5162 2005 5217 sed
2023 5156 2162 5233 post.

576 5264 766 5304 eorum
805 5250 861 5304 in
894 5248 1231 5305 Salvatorem
1257 5251 1714 5321 conspirationem
1728 5250 2062 5321 «implebatur
2082 5251 2147 5305 il-

577 5340 691 5401 lud,
714 5338 835 5394 Non
850 5340 994 5393 ultra
1017 5340 1184 5409 feram
1212 5352 1426 5410 peccata
1466 5350 1640 5396 vestra
1673 5341 1751 5409 ⁸⁹;
1784 5340 1905 5396 ideo
1923 5342 2018 5409 ait,
2044 5340 2146 5395 Po-

576 5433 730 5485 suisti
746 5434 1043 5502 iniquitates
1062 5442 1266 5488 nostras
1281 5434 1338 5487 in
1357 5444 1627 5503 conspectu
1646 5442 1754 5498 tuo,
1779 5443 1852 5500 et,
1883 5434 2145 5489 chulum

578 5537 813 5582 nostrum
835 5529 896 5592 in
916 5528 1300 5582 illuminatione
1322 5531 1494 5582 vultus
1520 5528 1618 5582 tui.
1665 5525 1770 5581 Pro
1799 5542 1909 5597 quo
1935 5527 2138 5582 clarius

580 5607 936 5691 Symmachus
966 5618 1160 5683 edidit,
1197 5618 1556 5690 Negligentias
1583 5627 1792 5675 nostras
1822 5628 1879 5673 ut
1923 5634 2139 5688 appare-

644 5773 691 5807 "
729 5772 917 5829 Matth.
952 5789 1061 5841 XIV,
1094 5772 1181 5829 95.
1258 5775 1303 5807 ⁵⁸
1342 5774 1532 5831 Matth.
1569 5790 1729 5842 χειν,
1764 5776 1853 5830 45.

2240 4718 2342 4769 ραι
2359 4700 2525 4769 ἡμῶν
2542 4700 2881 4767 διέδρασαν.
2901 4701 2971 4755 ἐν
2984 4699 3063 4766 τῷ
3085 4703 3245 4770 χόλῳ
3267 4719 3381 4761 σου
3405 4697 3733 4767 ἀνηλώθημεν·

2248 4795 2355 4846 Καὶ
2386 4793 2558 4847 ταῦτα
2601 4792 2775 4862 λέγειν
2826 4793 3051 4863 ἁρμόζει
3090 4796 3157 4865 τῇ
3201 4792 3445 4865 παρούσῃ
3482 4785 3733 4844 καταστάσει

2245 4883 2339 4937 τοῦ
2367 4883 2494 4937 λαοῦ
2523 4883 2613 4937 τοῦ
2643 4886 2707 4938 ἐκ
2730 4884 3048 4955 περιτομῆς.
3090 4884 3202 4937 Νῦν
3233 4886 3341 4956 γὰρ
3369 4885 3441 4947 ὡς
3468 4879 3645 4952 ἀληθῶς
3664 4875 3733 4926 τᾶ-

2249 4993 2340 5030 σαι
2359 4976 2416 5030 αἱ
2447 4978 2703 5047 πρότεραι
2729 4977 2928 5048 ἡμέραι
2955 4978 3131 5030 αὐτῶν
3157 4977 3417 5044 ἐξέλιπον,
3436 4979 3515 5029 ὅτε
3540 4969 3731 5044 ήὲπέξπ

2247 5070 2443 5133 αὐτοὺς
2484 5070 2765 5132 κατέλαϐε,
2802 5071 2894 5123 καὶ
2929 5071 3017 5124 ὅτε
3056 5070 3298 5136 ἐξέλιπον
3328 5073 3385 5126 ἐν
3429 5072 3490 5139 τῇ
3527 5068 3636 5133 ὀργῆ
3668 5057 3731 5111 τινῖ

2244 5160 2401 5215 Θεοῦ.
2446 5162 2658 5234 Ἐπειδὴ
2708 5162 2874 5217 πάλαι
2930 5163 3029 5233 μὲν
3089 5164 3286 5235 παρῄει
3344 5162 3435 5215 καὶ
3484 5154 3729 5227 ὑπερέϐαινε

2244 5253 2342 5316 τὰς
2368 5253 2597 5323 ἀνομίας
2628 5254 2824 5317 αὐτῶν,
2863 5253 2999 5324 μετὰ
3041 5252 3095 5306 δέ
3140 5254 3237 5325 τὴν
3266 5254 3402 5307 κατά
3429 5249 3515 5304 τοῦ
3545 5242 3729 5310 Σωτῆρος

2245 5344 2535 5416 ἐπιδουλὴν
2562 5344 2860 5417 ἐπληροῦτο
2890 5347 2969 5409 εἰς
3000 5345 3194 5408 αὐτοὺς
3217 5345 3305 5397 τό·
3341 5347 3456 5397 Οὐκ
3482 5342 3556 5393 ἔτι
3578 5332 3728 5393 ἀνήσω

2245 5434 2352 5501 τὰς
2389 5436 2666 5505 ἁμαρτίας
2718 5434 2907 5505 ὑμῶν’
2960 5435 3039 5489 διό
3085 5452 3272 5505 φησιν·
3311 5437 3476 5488 Ἔθου
3515 5431 3602 5491 τάξι
3631 5423 3726 5475 ἀνο-

2243 5528 2381 5596 μίας
2412 5528 2579 5597 ἡμιῖνν
2610 5529 2883 5583 ἐναντίον
2927 5544 3062 5593 σου,
3102 5528 3216 5594 καὶ,
3254 5529 3304 5579 Ὁ
3344 5526 3480 5580 αἰὼν
3509 5516 3645 5587 ἡμῶν
3664 5511 3726 5572 εἰς

2243 5620 2546 5689 φωτισμὸν
2572 5620 2679 5674 τοῦ
2717 5620 3039 5689 προσώπου
3076 5638 3210 5676 σου.
3281 5618 3412 5671 Ἀνθ’
3439 5608 3495 5668 οὗ
3524 5605 3722 5677 σαφέστε-

1929 5776 1973 5809 ⁸⁹
2008 5772 2112 5830 Jer.
2152 5790 2276 5841 xxv,
2319 5775 2511 5840 12,“.
