3974 6514
226 393 359 449 “57

1384 399 1889 457 COMMENTARIA
1927 401 1993 457 IN
2032 402 2368 462 PSALMOS.

3312 407 3453 461 H38

219 530 307 586 ρον
353 515 383 567 6
424 512 715 585 Σύμμαχος
770 513 1050 568 ἀπέδωκεν
1099 514 1297 571 εἰπών’
1342 518 1451 585 Τὰς
1503 520 1768 589 ἀμελείας

1888 533 2001 577 rent
2032 524 2201 578 vultui
2230 533 2339 579 tuo.
2369 523 2511 578 Anni
2542 524 2711 578 nostri
2741 523 2876 578 sicut
2900 540 3098 578 aranea
3128 524 3457 580 meditaban-

214 600 379 669 ἡμῶν
404 600 724 669 φαίνεσθαι
752 600 831 666 τῷ
870 603 1164 671 προσώπῳ
1192 620 1307 659 σου
1367 608 1442 661 Τὰ
1474 609 1578 676 ἔτη
1616 609 1786 678 ἡμῶν

212 691 350 745 ὡσεὶ
401 691 634 762 ἀράχνῃ
694 693 1005 762 ἐμελέτων.
1066 699 1135 750 Al
1191 698 1401 766 ἡμέραι
1458 698 1576 755 τῶν
1635 703 1785 757 ἐτῶν

211 780 376 850 ἡμῶν
425 782 498 835 ἐν
546 782 749 850 αὐτοῖς
795 791 840 838 o'
873 787 1000 853 ἐτη.
1044 786 1178 839 Ἐὰν
1210 787 1277 840 δὲ
1307 790 1377 841 ἐν
1403 790 1784 863 δυναστείαις

213 872 573 944 ὀγδοήκοντα
598 876 727 943 ἐτη,
762 876 861 930 καὶ
890 878 955 931 τὸ
990 881 1201 933 πλεῖον
1229 881 1427 935 αὐτῶν
1457 886 1644 954 κόπος
1685 888 1785 942 καὶ

210 967 411 1032 πόνος.
484 968 743 1022 Ἐνταῦθα
817 970 957 1024 κατὰ
1022 972 1210 1044 καιρὸν
1280 977 1614 1048 παραθετέον
1685 982 1784 1053 τὴν

220 1055 434 1111 Ἡσαΐου
477 1061 846 1133 προφητείαν,
893 1062 961 1114 δι’
1004 1059 1072 1135 ἧς
1124 1082 1317 1135 φησιν’
1364 1067 1463 1122 Ὡὰ
1508 1070 1784 1127 ἀσπίδων

204 1150 463 1218 ἕρῥηξιιν
490 1153 589 1206 καὶ
621 1153 795 1208 ἱστὸν
822 1155 1092 1226 ἀράχνης
1120 1160 1463 1228 ὑφαίνουσι.
1511 1165 1696 1218 Ταῦτα
1725 1166 1781 1221 δὲ

205 1241 481 1306 ὲθέσπιζεν
505 1247 534 1298 6
559 1246 874 1318 Προφήτης,
906 1248 1244 1320 ἀναπέμπων
1268 1251 1359 1307 τὸν
1382 1253 1538 1323 λόγον
1558 1257 1650 1309 ἐπὶ
1681 1258 1781 1329 τὴν

204 1335 528 1391 κατάστασιν
545 1336 638 1390 τοῦ
662 1338 789 1393 λαοῦ
811 1341 909 1413 τὴν
928 1342 1063 1412 μετά
1093 1345 1190 1416 τὴν
1218 1347 1521 1416 παρουσίαν
1549 1350 1644 1403 τοῦ
1675 1352 1782 1404 Σω-

200 1426 359 1498 τῆρος
382 1428 561 1499 ἡμῶν,
593 1431 715 1485 καθ’
745 1433 812 1503 ἢν
852 1436 898 1487 οἱ
939 1434 1198 1506 ἄρχοντες
1232 1438 1410 1494 αὐτῶν
1442 1441 1595 1513 δίκην
1637 1442 1781 1514 ὅρνι-

199 1518 287 1582 θος
309 1521 596 1594 τικτούσης
617 1523 685 1577 τά
713 1526 919 1579 ἑαυτῶν
946 1528 1369 1600 ἀπογεννώμενα
1392 1532 1628 1586 τοσαῦτα
1653 1552 1781 1605 προ-

1887 626 1993 671 tur.
2027 615 2150 671 Dies
2201 634 2458 671 annorum
2492 625 2793 671 nostrorum
2851 616 2906 670 in
2953 616 3077 685 ipsis
3132 619 3457 688 septuaginta

1887 709 2032 763 anni.
2065 708 2124 763 Si
2154 719 2326 764 autem
2383 711 2441 763 in
2495 706 2849 775 potentatibus
2887 708 3155 777 octoginta
3196 709 3325 764 anni
3358 749 3372 773 ,
3404 719 3456 765 et

1886 800 2112 868 amplius
2139 818 2317 855 eorum
2336 801 2484 855 labor
2510 810 2559 855 et
2587 801 2759 854 dolor.
2785 798 2885 853 Hic
2905 807 3207 869 Opportune
3234 799 3459 869 adjicia-

1885 900 1977 946 tur
2000 892 2150 946 Isaia:
2167 892 2469 962 prophetia,
2488 908 2595 962 qua
2621 892 2716 955 ait,
2739 891 2849 945 Ova
2879 891 3122 958 aspidum
3151 902 3454 958 eruperunt,

1884 991 1933 1038 et
1958 982 2114 1036 telam
2135 999 2344 1036 aranea:
2367 992 2544 1035 texunt
2567 982 2635 1035 ⁶⁰.
2665 981 2788 1035 Haec
2824 995 2989 1051 porro
3019 982 3346 1038 vaticinatus
3370 992 3458 1039 est

1884 1076 2175 1144 Propheta,
2199 1090 2501 1130 sermonem
2537 1074 2603 1126 ad
2638 1074 2820 1143 populi
2857 1079 2981 1143 post
3015 1072 3305 1128 adventum
3336 1074 3454 1128 Sal—

1885 1168 2089 1223 vatoris
2116 1167 2289 1223 nostri
2318 1173 2519 1221 statum
2550 1164 2816 1231 referens,
2833 1180 2943 1236 quo
2968 1166 3245 1236 principes
3265 1182 3455 1222 eorum

1883 1273 1987 1314 ceu
2015 1259 2213 1329 gallina
2243 1258 2483 1330 pariens,
2505 1272 2624 1312 eam
2650 1258 2972 1313 emittebant
2996 1258 3357 1329 prolem,qua3
3383 1259 3455 1315 ob

1882 1352 2190 1408 immissum
2233 1352 2302 1406 ab
2349 1352 2456 1406 illis
2485 1351 2637 1406 virus
2674 1351 3023 1421 blasphemiae
3065 1352 3120 1406 in
3153 1351 3453 1414 Christum,

1881 1456 1935 1503 et
1962 1445 2316 1514 obreliquam
2351 1445 2497 1499 eirea
2541 1444 2694 1499 illum
2741 1443 3211 1508 incredulitatem,
3272 1454 3459 1515 posset

1886 1535 2138 1608 aSpidum
2186 1536 2321 1591 fetui
2364 1536 2695 1606 comparari.
2738 1534 2877 1591 Olim
2910 1536 3130 1607 quidem
3188 1533 3458 1590 sacerdoti

198 1610 497 1678 ϐάλλονται,
527 1614 603 1678 ὡς
633 1616 856 1681 ἀσπίδος
886 1619 1202 1687 ὁμοιοῦσθαι
1226 1624 1523 1694 γεννήμασι
1560 1624 1649 1679 διὰ
1686 1625 1768 1679 τὸν

1880 1629 2136 1685 texebant
2174 1635 2375 1693 vestes,
2407 1634 2461 1682 ct
2488 1628 2658 1684 stolas
2684 1637 2940 1695 sanctas;
2978 1642 3125 1682 nunc
3161 1637 3340 1682 autem
3371 1633 3459 1681 to-

197 1702 468 1774 ὲνιέμενον
511 1706 603 1760 ὑπ’
631 1708 805 1762 αὐτῶν
853 1713 949 1782 τῆς
999 1713 1139 1768 κατά
1180 1713 1275 1767 τοῦ
1323 1716 1575 1787 Σωτῆρος
1619 1718 1775 1789 ⁴ἡμῶν

198 1794 540 1868 βλασφημίας
587 1801 664 1856 ἰὸν
707 1804 799 1858 καὶ
834 1805 933 1874 τῆς
962 1806 1129 1878 ἄλλης
1168 1807 1249 1871 είς
1289 1808 1451 1862 αὐτὸν
1497 1810 1772 1875 ἀπιστίας.

1878 1727 1989 1774 tam
2028 1735 2218 1776 eorum
2262 1727 2575 1785 texturam,
2625 1726 2679 1776 et
2733 1727 2899 1774 totam
2945 1728 3260 1790 apparatam
3308 1719 3456 1773 illam

1879 1812 2030 1869 verbi
2062 1812 2391 1874 doctrinam,
2430 1825 2593 1882 quam
2650 1824 2747 1880 per
2788 1809 3095 1863 divinarum
3146 1807 3458 1879 Scriptura-

195 1885 364 1941 Πάλαι
390 1891 488 1960 μὲν
516 1887 611 1946 οὖν
639 1891 861 1963 ὕφαινον
886 1896 1120 1967 χιτῶνας
1149 1897 1228 1969 τῷ
1258 1900 1505 1971 ἀρχιερεῖ
1530 1902 1625 1954 καὶ
1661 1918 1768 1959 στοέ

1878 1921 2000 1960 rum
2031 1905 2501 1974 complicationem
2520 1910 2576 1958 et
2592 1913 2861 1958 texturam
2892 1902 3224 1972 producunt,
3243 1915 3457 1956 aranea:

193 1976 287 2042 λάς
322 1981 515 2050 ἀγίας·
550 1981 646 2037 νῦν
674 1985 733 2039 δὲ
772 1989 949 2041 πᾶσαν
992 1987 1087 2060 τὴν
1139 1990 1280 2061 ὑφὴν
1316 1990 1494 2045 αὐτῶν
1540 1994 1631 2045 καὶ¹
1679 1993 1779 2064 τὴν

190 2069 278 2125 διὰ
301 2072 393 2126 τοῦ
420 2074 576 2143 λόγου
611 2079 1159 2152 κατασκευαζομένην
1187 2082 1553 2146 διδασκαλίαν,
1588 2086 1654 2156 ἢν
1692 2085 1780 2139 διὰ

188 2162 287 2232 τῆς
322 2164 430 2218 τῶν
467 2165 625 2221 θείων
658 2170 889 2241 Γραφῶν
921 2173 1237 2245 συμπλοκῆς
1272 2191 1331 2227 τε
1367 2176 1460 2228 καὶ
1494 2176 1777 2244 ὑφάνσεως

186 2253 604 2324 προϐάλλονται,
633 2261 877 2334 ἀράχνης
912 2265 1187 2335 ὑφάσματι
1221 2268 1553 2338 παρείκασεν
1581 2272 1609 2321 6
1639 2286 1775 2341 προ-

187 2346 411 2415 φητικὸς
462 2348 635 2418 λόγος.
685 2355 776 2407 Διό
821 2372 1010 2427 φησιν’
1054 2357 1243 2411 Ἰστὸν
1290 2359 1559 2428 ἀράχνης
1598 2363 1773 2430 ὑφαί-

186 2451 378 2493 ιιυυσι.
426 2441 538 2495 Καὶ
577 2446 606 2497 6
650 2445 841 2517 παρὼν
883 2448 939 2501 δὲ
973 2448 1206 2518 ψαλμὺς,
1235 2450 1333 2522 τὴν
1377 2453 1441 2504 ἐκ
1479 2452 1771 2523 προσώπου

185 2529 358 2584 αὐτῶν
386 2534 656 2605 περιέχων
684 2537 1089 2611 ὲξομολόγησίν,
1116 2543 1284 2612 φησί·
1338 2542 1415 2597 Τὰ
1454 2544 1559 2612 ἐτη
1603 2544 1774 2613 ἡμῶν

183 2622 263 2687 ὡς
282 2623 514 2694 ἀράχνῃ
563 2627 876 2697 ἐμελέτων.
911 2633 1205 2705 Ἀντικρυς
1249 2634 1358 2707 γὰρ
1405 2635 1504 2700 τὰς
1541 2636 1772 2708 μελέτας

183 2714 290 2768 τῶν
317 2717 357 2769 Γ
361 2718 551 2789 ραφῶν
586 2723 643 2775 ἐν
677 2718 766 2787 αἷς
796 2725 1234 2796 κατατρίϐονται,
1262 2729 1354 2781 καὶ
1377 2728 1474 2792 τὰς
1502 2729 1769 2798 δευτερώ-

182 2826 328 2875 σεις,
378 2810 445 2864 δι’
493 2806 568 2867 ὧν
617 2815 911 2886 ὑφάσματά
960 2835 1081 2873 τινα
1124 2819 1471 2884 διδασκαλίας
1521 2820 1770 2876 δοκοῦσιν

178 2901 608 2971 ἀπεργάζεσθαι,
639 2908 883 2979 ἀράχνης
913 2910 1211 2965 ἀπείκασεν
1244 2912 1446 2983 ἔργοις.
1486 2912 1643 2966 Ἀλλά
1676 2914 1771 2967 καὶ

178 2990 275 3063 τὴν
309 2993 454 3067 ζωὴν
484 2997 665 3051 αὐτῶν
715 2999 882 3070 μόνην
928 3003 1090 3070 φασὶν
1133 2997 1397 3074 εἶναιτὴν
1436 3003 1770 3075 πρόσκαιρον

1877 1998 2002 2054 telis
2038 1996 2249 2052 confert
2294 1995 2646 2065 propheticus
2694 2009 2896 2051 sermo.
2948 1994 3290 2064 Quapropter
3339 1994 3455 2060 ait,

1879 2090 2061 2145 Telam
2087 2103 2301 2143 aranea:
2332 2096 2537 2143 texunt.
2589 2086 2842 2143 Praesens
2870 2102 3088 2157 quoque
3117 2085 3360 2156 psalmus
3389 2101 3457 2140 ex

1873 2196 2061 2234 eorum
2097 2192 2331 2249 persona
2372 2178 2769 2233 confessionem
2802 2178 3060 2232 emittens
3088 2216 3103 2240 ,
3167 2176 3261 2240 ait,
3314 2174 3454 2231 Anni

1874 2271 2040 2325 nostri
2068 2271 2204 2325 sicut
2249 2286 2447 2322 aranea
2489 2268 2907 2325 meditabantur.
2968 2267 3169 2336 Aperte
3219 2280 3455 2335 namque

1874 2362 2254 2416 meditationes
2297 2359 2707 2430 Seripturarum
2756 2360 2811 2413 in
2843 2359 3045 2429 quibus
3076 2364 3291 2412 aztatem
3324 2373 3457 2411 eon-
3556 2433 3563 2441 '

1868 2453 2071 2517 ferunt,
2098 2463 2153 2508 et
2173 2453 2513 2515 deuteroses,
2542 2453 2656 2506 sive
2684 2451 2955 2506 secundas
3000 2449 3323 2504 traditiones
3356 2463 3453 2503 eo-

1868 2560 2012 2609 rum,
2036 2544 2239 2613 quibus
2267 2543 2408 2598 telas
2433 2540 2696 2613 quasdam
2721 2541 2985 2597 doctrina:
3016 2538 3457 2595 videnturador-

1867 2650 2021 2697 nare.
2061 2649 2276 2691 aranea:
2306 2634 2529 2704 opificio
2562 2642 2865 2705 comparat.
2920 2633 3033 2686 lmo
3062 2633 3226 2688 etiam
3278 2631 3449 2687 vitam

1868 2745 2026 2785 suam
2062 2737 2471 2797 temporaneam
2498 2729 2675 2784 solum
2704 2744 2829 2784 esse
2868 2727 3080 2787 dicunt,
3110 2724 3455 2795 septuaginta

1870 2824 1957 2878 vel
1981 2821 2259 2893 octoginta
2288 2823 2446 2876 annis
2482 2820 2979 2888 circumscriptam.
3010 2816 3067 2871 ld
3100 2831 3267 2886 porro
3298 2816 3455 2869 aiunt

1872 2915 1939 2970 de
1970 2922 2172 2969 azterna
2200 2919 2252 2968 et
2299 2911 2481 2966 futura
2530 2913 2665 2975 vita,
2696 2925 2819 2980 quae
2865 2908 3137 2979 religiosis
3170 2906 3302 2963 viris
3325 2921 3453 2977 pro-

1872 3006 2103 3061 mittitur
2124 3045 2139 3069 ,
2172 3004 2546 3073 desperantes.

176 3087 236 3138 ὲν
279 3094 320 3139 0'
362 3090 453 3142 καὶ
505 3096 558 3141 π’
592 3089 735 3144 ἔτεσι
778 3096 1313 3168 συμπεραιουμένην.
1345 3097 1515 3151 Τοῦτο
1541 3099 1595 3152 δέ
1630 3117 1763 3169 φασι
1798 3099 1909 3170 τὴν
1927 3097 2141 3151 αἰώνιον
2181 3097 2277 3151 καὶ
2315 3096 2607 3168 μέλλουσαν
2646 3094 2789 3166 ζωὴν
2818 3094 2917 3162 τὴν
2980 3095 3090 3155 τοῖς
3150 3088 3450 3158 θεοφιλέσιν

178 3178 657 3252 ἐπαγγελλομένην
687 3182 1179 3252 ἀπογινώσκοντες.

248 3304 377 3360 ‘02:
450 3305 681 3374 ἐπῆλθε
743 3309 1014 3377 πραΰτης
1066 3309 1164 3363 καὶ
1224 3310 1763 3383 παιδευθησόμεθα.

1937 3310 2106 3365 Vens.
2144 3310 2232 3375 li,
2285 3309 2370 3363 12.
2451 3308 2714 3376 Quoniam
2767 3307 3060 3375 supervenit
3103 3305 3450 3360 mansuetudo

176 3397 276 3461 Τίς
307 3396 585 3466 γινώσκει
630 3398 697 3450 τὸ
741 3398 960 3467 κράτος
988 3399 1097 3467 τῆς
1127 3401 1311 3471 ὀργῆς
1332 3417 1468 3468 σου,
1512 3404 1612 3457 καὶ
1641 3405 1759 3459 ἀπὸ

170 3488 280 3543 τοῦ
313 3490 508 3558 φόϐου
545 3504 662 3543 σου
695 3491 805 3543 τὸν
830 3493 1022 3561 θυμόν
1050 3509 1166 3547 σου
1215 3494 1759 3565 ἐξαριθμήσασθαι;

170 3579 287 3648 τὴν
310 3579 520 3645 δεξιάν
550 3597 669 3635 σου
703 3582 857 3635 οὕτω
904 3583 1219 3652 γνώρισον,
1253 3587 1350 3639 καὶ
1381 3588 1525 3653 τοὺς
1561 3604 1759 3641 πεπαι-

168 3669 501 3740 δευμένους
546 3671 623 3740 τῇ
657 3672 870 3741 καρδίᾳ
910 3674 979 3726 ἐν
1032 3677 1239 3744 σοφίᾳ.
1283 3677 1430 3732 ’Λντὶ
1484 3678 1601 3743 τοῦ,
1639 3681 1761 3733 Ὅτι

167 3761 397 3830 ἐπῆλθε
430 3766 700 3833 πραΰτης
726 3765 823 3819 καὶ
847 3765 1387 3837 παιδευθησόμεθα,
1413 3770 1441 3822 6
1464 3769 1535 3822 Σύ
1544 3771 1759 3841 μμαχὸς

167 3871 336 3925 φησι’
375 3854 700 3924 Τμηθέντες
726 3857 838 3925 γὰρ
866 3857 1034 3926 ἇςρνω
1061 3859 1566 3931 ἐκπεταννύμεθα.
1604 3864 1761 3933 Ἔχε-

163 3964 256 3999 ται
287 3946 344 3999 δὲ
374 3946 475 4017 τῆς
504 3947 942 4019 προδηλωθείσης
971 3948 1209 4013 διανοίας
1247 3954 1342 4004 κα)⁸
1379 3953 1408 4003 6
1442 3951 1631 4022 παρὼν
1668 3953 1757 4011 λὰ-

164 4054 289 4106 γος.
318 4037 398 4090 Τὰ
429 4036 537 4109 γὰρ
571 4037 665 4108 ἔτη
718 4038 897 4109 ἡμῶν,
949 4040 1105 4109 φησὶ,
1158 4040 1227 4093 τὰ
1272 4042 1370 4111 τῆς
1421 4043 1758 4115 προσκαίρου

162 4129 320 4200 ζωῆς
346 4131 426 4193 είς
455 4136 496 4183 o'
530 4130 625 4183 καὶ
655 4138 709 4183 π’
736 4132 968 4203 ἀριθμὸν
1003 4131 1140 4185 ἐτῶν
1171 4134 1433 4187 συντείνει
1454 4151 1468 4164 ο
1498 4137 1593 4188 καὶ
1620 4136 1755 4207 αὕτη

160 4223 322 4276 ἐστὶν
360 4223 394 4293 ἡ
444 4222 599 4293 ἡμῶν
642 4222 817 4288 ἐλπὶς,
872 4223 990 4294 μεθ’
1021 4225 1088 4295 ἢν
1138 4223 1363 4295 οὐδεμία
1422 4225 1554 4296 ἄλλη
1611 4228 1759 4298 ἡμᾶς

156 4313 470 4380 διαδέξεται
491 4332 503 4345 ·
533 4315 833 4385 τμηθέντες
865 4316 967 4390 γάρ
1004 4317 1157 4385 ἄφνω
1182 4317 1322 4370 κατὰ
1354 4318 1451 4389 τὴν
1482 4319 1757 4390 τελευτὴν,

155 4405 618 4476 ὲκπεταννύμεθα
635 4423 648 4436 ·
678 4408 817 4477 μετά
839 4408 895 4461 δὲ
927 4408 1099 4461 ταῦτα
1126 4409 1179 4463 τί
1202 4426 1332 4462 ποτε
1357 4412 1507 4480 ἡμᾶς
1526 4410 1761 4477 διαδέξε-

153 4515 280 4561 ται,
312 4497 395 4561 τίς
435 4494 577 4563 οἷδες
626 4501 723 4564 Τίς
761 4499 870 4572 γὰρ
917 4501 1251 4573 ἑρμηνεῦσαι
1291 4502 1534 4567 δύναται,
1586 4502 1620 4574 ἢ
1667 4506 1761 4559 καὶ

150 4587 417 4659 ἀκριὸὦς
441 4589 642 4657 γνῶναι
675 4591 769 4643 καὶ
800 4590 1055 4656 ἐξειπεῖν,
1083 4592 1241 4645 ὁποία
1275 4593 1357 4656 τίς
1387 4595 1532 4647 ἐστιν
1562 4596 1595 4664 ὴ
1623 4594 1759 4664 μετά

1867 3415 1916 3458 et
1938 3404 2257 3459 erndiemur.
2295 3403 2423 3469 Quis
2454 3402 2596 3455 novit
2626 3409 2937 3471 potestatem
2979 3400 3074 3453 irtc
3113 3407 3236 3463 tum,
3261 3409 3308 3452 et
3338 3414 3450 3467 pne

1870 3499 2054 3550 timore
2082 3507 2168 3549 tuo
2190 3496 2422 3564 furorem
2446 3503 2593 3547 tuum
2621 3494 2992 3549 dinumerare?
3011 3491 3278 3544 dexteram
3303 3499 3449 3543 luant

1868 3589 1943 3641 sic
1974 3596 2157 3640 notam
2193 3585 2299 3654 fac,
2332 3593 2380 3638 et
2413 3583 2644 3638 eruditos
2708 3581 2861 3636 corde
2912 3582 2968 3635 in
2998 3581 3277 3648 sapientia.
3342 3577 3450 3634 Pro

1869 3681 1982 3744 illo,
2018 3680 2283 3745 Quoniam
2311 3676 2607 3745 supervenit
2647 3673 3018 3736 mansuetudo,
3052 3683 3101 3725 et
3122 3672 3445 3737 erudiemur,

1870 3771 2230 3844 Symmachus
2248 3770 2346 3831 ait,
2373 3768 2579 3822 Suecisi
2601 3767 2757 3830 enim,
2784 3774 2989 3833 repente
3018 3764 3308 3819 avolamus.
3347 3762 3449 3818 Su-

1866 3864 2057 3935 perius
2087 3868 2404 3917 memoratae
2433 3859 2718 3915 sententia:
2746 3857 2837 3912 hic
2861 3872 3044 3911 sermo
3065 3855 3287 3911 insistit.
3307 3855 3448 3909 Nam

1867 3957 1964 4017 ait,
1994 3955 2125 4010 anni
2157 3953 2330 4008 nostri
2365 3951 2529 4021 hujus
2556 3958 2920 4019 temperance:
2955 3949 3076 4001 vitae
3123 3948 3178 4001 in
3226 3953 3448 4017 septua-

1866 4049 2016 4118 ginta
2059 4048 2143 4102 vel
2176 4045 2452 4115 octoginta
2485 4056 2765 4095 annorum
2810 4056 3098 4095 numerum
3133 4037 3450 4110 producun-

1867 4148 1995 4193 tur:
2032 4146 2087 4193 et
2115 4138 2230 4193 haec
2264 4144 2451 4192 nostra
2501 4149 2627 4204 spes
2654 4141 2760 4200 est,
2788 4142 2914 4202 post
2958 4147 3122 4203 quam
3158 4132 3309 4186 nulla
3341 4131 3448 4184 alia

1866 4248 1967 4287 nos
1996 4231 2246 4300 excipiet.
2295 4228 2509 4284 Succisi
2539 4228 2686 4283 enim
2720 4233 2945 4297 repente
2972 4225 3027 4278 in
3056 4232 3302 4294 tempore
3330 4222 3449 4277 obi-

1869 4332 1977 4388 tus,
2011 4323 2290 4378 avolamus
2321 4342 2333 4377 :
2366 4332 2551 4391 postea
2584 4334 2715 4374 vero
2762 4319 2894 4390 quid
2946 4333 3049 4372 nos
3090 4324 3449 4386 excepturum

1868 4412 1939 4468 sit
1971 4412 2096 4482 quis
2124 4411 2308 4465 novit?
2339 4411 2474 4476 Quis
2513 4409 2658 4464 enim
2684 4408 2959 4478 explicare
2990 4412 3185 4477 potest,
3209 4414 3303 4459 aut
3324 4407 3448 4474 quis

1867 4512 2120 4559 accurate
2158 4519 2323 4559 nosse
2364 4510 2543 4572 potest
2590 4516 2654 4555 ac
2697 4501 2900 4563 dicere,
2937 4514 3058 4568 quze
3089 4498 3162 4554 sit
3195 4498 3273 4550 ira
3317 4498 3442 4562 illa,

1867 4612 1987 4667 quae
2015 4603 2137 4666 post
2168 4596 2310 4649 hanc
2338 4595 2505 4649 vitam
2537 4601 2855 4660 peceatores
2883 4590 3145 4643 invasura
3166 4588 3292 4641 est?
3322 4585 3447 4642 Ideo

149 4680 344 4733 ταῦτα
398 4679 525 4742 τοὺς
570 4680 927 4750 ἁμαρτωλοὺς
983 4681 1400 4753 καταληψομένη
1450 4683 1618 4755 ὀργὴ;
1664 4684 1760 4737 Διό

1872 4691 1956 4751 iit,
1990 4690 2122 4754 Quis
2150 4688 2291 4740 novit
2321 4693 2630 4753 potestatem
2668 4685 2763 4737 ira:
2801 4694 2943 4747 tute,
3003 4690 3053 4734 et
3102 4696 3210 4741 pro:
3261 4680 3447 4733 timore

150 4787 339 4841 φησι’
376 4772 471 4837 Τίς
509 4771 787 4841 γινώσκει
815 4770 881 4825 τὸ
908 4771 1125 4838 κράτος
1150 4774 1260 4841 τῆς
1286 4773 1467 4850 ρργῆς
1489 4791 1627 4839 σου,
1656 4778 1754 4831 καὶ

145 4863 287 4920 ἀπὸ
322 4863 429 4917 τοῦ
462 4866 651 4933 ςεόόου
673 4878 789 4919 σου
819 4864 925 4919 τὸν
946 4868 1135 4935 θυμόν
1166 4884 1320 4932 σου;
1350 4869 1444 4932 Τίς
1470 4868 1527 4921 δὲ
1558 4864 1669 4933 οἶός
1696 4870 1757 4924 τέ

145 4956 322 5008 ἐστιν
352 4952 822 5025 ἐξαριθμήσασθαι
871 4956 969 5027 τὴν
1000 4956 1177 5021 δεξιάν
1224 4974 1357 5022 σου;
1401 4957 1560 5011 Ἀλλά
1596 4958 1658 5015 σύ
1692 4976 1755 5027 γε

142 5049 299 5119 ἡμῖν
327 5046 356 5098 ὁ
388 5045 522 5109 Θεὸς
552 5046 800 5100 ἐντεῦθεν
828 5048 928 5119 ήδη
970 5047 1234 5120 γνώρισον
1284 5050 1382 5121 τὴν
1429 5050 1605 5116 δεξιάν
1640 5069 1754 5115 σου,

144 5139 244 5201 εἰς
278 5136 343 5189 τὸ
389 5134 646 5191 δύνασθαι
680 5139 827 5209 ἡμᾶς
860 5142 999 5193 νοεῖν
1040 5157 1100 5193 τε
1129 5142 1298 5211 αὐτὴν
1344 5144 1437 5196 καὶ
1464 5143 1563 5207 τὰς
1594 5144 1755 5197 δυνά-

148 5244 295 5302 μεις
332 5226 503 5297 αὐτῆς
523 5228 975 5301 ἀπαριθμείσθαι.
1006 5231 1194 5297 Δεξιάν
1229 5234 1286 5288 δὲ
1337 5233 1472 5286 Θεοῦ
1504 5235 1592 5287 τὸν
1627 5237 1759 5306 Χρι-

144 5320 294 5373 στὸν
343 5319 510 5373 αὐτοῦ
546 5322 803 5386 πολλάκις
852 5324 1096 5390 ἐδίδαξαν
1144 5327 1194 5379 οἱ
1247 5327 1382 5397 ἱεροὶ
1407 5326 1573 5395 λόγοι.
1626 5328 1759 5380 Παι-

139 5410 417 5467 δεύονται
444 5411 623 5467 τοίνυν
652 5416 701 5466 οἱ
733 5415 1034 5487 δηλούμενα
1078 5417 1217 5487 μετά
1257 5419 1355 5488 τὴν
1381 5417 1762 5491 ἐξομολόγησιν

141 5500 423 5575 εὔχεσθαι
472 5503 870 5578 καταξιωθῆναι
919 5508 1132 5580 πρῶτον
1191 5512 1289 5581 μὲν
1335 5511 1435 5583 τῆς
1486 5512 1579 5565 τοῦ
1626 5512 1759 5567 Θεοῦ

145 5596 506 5667 πραΰτητος,
536 5597 613 5659 ὡς
644 5596 712 5651 ἂν
744 5600 1085 5655 παιδευθεῖεν
1113 5600 1176 5654 δι’
1202 5604 1369 5675 αὐτῆς
1397 5618 1410 5631 ·
1446 5602 1635 5657 ἔπειτα
1661 5604 1761 5674 τῆς

142 5688 349 5754 δεξιᾶς
366 5689 554 5757 αὐτοῦ,
572 5689 771 5763 δηλαδὴ
798 5693 898 5764 τῆς
917 5694 1169 5764 γνώσεως
1188 5696 1281 5749 τοῦ
1310 5695 1543 5770 Χριστοῦ
1573 5696 1758 5763 αὐτοῦ,

236 5847 289 5879 ⁸ο
331 5846 433 5903 lsa.
477 5864 599 5907 Lix.
637 5849 689 5902 5.

1865 4791 1954 4834 tuo
1986 4781 2125 4833 iram
2152 4788 2298 4831 tuam
2321 4781 2345 4833 ?
2367 4777 2502 4843 Quis
2550 4778 2901 4830 dinumerare
2938 4780 3120 4842 potest
3165 4773 3447 4827 dexteram

1864 4872 2049 4925 tuam?
2088 4869 2192 4924 Sed
2227 4877 2282 4922 tu
2318 4867 2463 4923 Deus
2514 4868 2608 4921 hic
2655 4867 2816 4922 nobis
2864 4865 3143 4920 dexteram
3175 4873 3324 4917 tuam
3355 4879 3449 4918 no-

1864 4969 1975 5014 tam
2006 4959 2112 5022 fac,
2148 4967 2209 5012 ut
2236 4958 2515 5029 possimus
2543 4958 2692 5011 illaut
2744 4955 3080 5026 intelligere,
3132 4963 3187 5008 et
3217 4955 3449 5010 virtutes

1864 5056 1985 5124 ejus
2032 5054 2402 5108 dinumerare.
2440 5049 2729 5105 Dexteram
2777 5062 2941 5117 porro
2988 5046 3120 5110 Dei,
3165 5046 3445 5102 Christum

1863 5146 1984 5213 ejus
2016 5142 2501 5212 esse,plerumque
2528 5139 2836 5194 docuerunt
2879 5152 3053 5194 sacra:
3096 5138 3309 5193 litterae.
3363 5136 3445 5192 llli

1866 5237 2050 5307 itaque
2086 5235 2203 5304 jam
2246 5233 2536 5288 memorati
2580 5231 2965 5295 instituuntur,
2993 5236 3053 5283 ut
3081 5236 3203 5300 post
3236 5228 3448 5283 confes-

1866 5334 2076 5385 sionem
2105 5326 2345 5383 conferri
2393 5326 2498 5380 sibi
2538 5332 2871 5394 precentur,
2914 5321 3093 5393 primo
3139 5319 3234 5375 Dei
3289 5335 3445 5375 man-

1866 5419 2232 5483 suetudinem,
2252 5425 2313 5471 ut
2342 5416 2519 5472 abilla
2542 5413 2899 5479 erudiantur,
2926 5411 3124 5466 deinde
3161 5410 3453 5464 dexteram.

1864 5515 2005 5585 ejus,
2038 5512 2250 5569 scilicet
2277 5510 2642 5582 cognitionem
2671 5506 2879 5563 Christi
2910 5504 3107 5574 ipsius,
3132 5511 3187 5557 et
3221 5504 3444 5557 mirabi-

1863 5608 1997 5662 lium
2032 5605 2153 5675 ejus
2204 5604 2504 5666 virtutum,
2565 5611 2622 5655 ut
2678 5600 2873 5654 horum
2932 5596 3126 5650 notitia
3188 5596 3443 5653 meliores

1864 5700 2118 5765 evadant,
2150 5705 2201 5753 et
2231 5707 2287 5752 ut
2328 5705 2509 5753 mente
2551 5692 2786 5756 eruditi,
2850 5689 2940 5744 Dei
2978 5687 3259 5759 sapientia:
3308 5702 3445 5745 con-
