3974 6544
221 428 356 487 {ibi

1350 431 1856 509 COMMENTARIA
1889 428 1957 485 1N
1995 429 2341 490 PSALMOS.

3335 430 3477 488 1142

221 547 535 619 προσευχῆς
564 550 875 615 ὲθέσπιζεν’
911 552 940 605 6
981 552 1038 606 δὲ
1072 553 1262 625 παρὼν
1295 557 1421 620 τοὺς
1454 556 1670 625 ἀγῶνας
1703 558 1780 609 κα“

1902 553 2074 608 daicaa
2119 554 2298 624 gentis
2344 550 2707 622 abjectionem
2762 549 3194 615 vaticinabatur;
3227 548 3312 604 hic
3346 566 3477 606 vero

218 639 289 692 τὰ
322 641 650 713 πειρατήρια
677 642 771 695 τοῦ
799 642 941 697 κατὰ
971 644 1174 716 Κύριον
1212 646 1583 718 τελειουμένου
1620 648 1804 717 περιέ-

218 747 333 801 χει·
372 731 509 786 ἀλλὰ
541 734 637 787 καὶ
669 734 834 787 αὑτοῦ
865 733 963 787 τοῦ
996 737 1252 807 Σωτῆρος
1304 738 1460 809 ἡμῶν
1505 740 1594 792 τὸν
1634 741 1690 792 ὲν
1732 743 1799 810 τῇ

216 820 414 893 ἐρήμῳ
456 826 760 896 πειρασμὸν
790 828 1158 898 προφητεύει,
1188 830 1277 882 ὅτε
1308 832 1514 902 ἀνήχθη
1549 832 1653 886 ὑπὸ
1704 831 1800 886 τοῦ

215 912 535 984 Πνεύματος
564 917 645 979 εἰς
674 917 773 990 τὴν
799 918 1001 989 ἔρημον
1036 921 1396 993 πειρασθῆναι
1424 924 1529 976 ὑπὸ
1557 924 1649 977 τοῦ
1681 925 1799 977 δια-

213 1001 395 1068 ϐόλου,
424 1005 519 1060 καὶ
544 1007 643 1078 τὴν
672 1009 765 1062 ἐπὶ
795 1011 930 1064 πᾶσι
956 1011 1111 1083 νίκην
1139 1014 1322 1067 αὑτοῦ.
1351 1016 1415 1067 Τί
1434 1016 1497 1086 δὴ
1525 1013 1619 1070 οῦν
1636 1035 1800 1089 φησιν

208 1092 244 1145 6
280 1098 614 1169 προφητικὸς
644 1099 833 1169 λόγος;
872 1104 930 1155 ’0
958 1103 1056 1173 μὲν
1089 1106 1352 1177 πρότερος
1381 1107 1508 1171 λαὸς
1532 1111 1561 1162 6
1584 1108 1674 1162 διὰ
1701 1110 1800 1180 τῆς

212 1188 636 1261 προηγουμένης
669 1192 947 1256 Μωῦσέως
980 1195 1289 1267 προσευχῆς
1317 1198 1800 1270 ἀποκλαυσάμενος

207 1274 469 1345 ὁμολογεῖ
493 1280 739 1347 φάσκων,
762 1284 881 1337 Ὅτι
907 1285 1265 1355 ἐξελίπομεν
1290 1288 1360 1340 ἐν
1380 1288 1454 1357 τῇ
1480 1288 1631 1360 ὀργῇ
1657 1305 1795 1356 σου,

207 1367 307 1420 καὶ
338 1367 407 1421 τὰ
436 1368 618 1436 λοιπὰ,
654 1373 752 1427 ὃσα
778 1375 1032 1448 ἐδηλοῦτο
1064 1376 1152 1431 διὰ
1182 1377 1289 1432 τῶν
1314 1380 1734 1450 ἐμφερομένων·
1768 1383 1799 1435 6

204 1457 270 1510 δὲ
304 1458 513 1529 μέλλων
543 1464 908 1536 συστήσεσθαι
942 1468 1059 1538 μετ’
1090 1470 1296 1522 ἐκεῖνον
1326 1470 1402 1539 τῷ
1432 1470 1553 1541 Θεῴ
1580 1470 1668 1524 διὰ
1699 1471 1793 1525 τοῦ

205 1548 447 1619 Χριστοῦ
476 1550 623 1618 λαὸς,
661 1555 754 1608 ἐπὶ
796 1558 861 1628 τῇ
904 1556 1128 1629 βοηθείᾳ
1156 1558 1251 1612 τοῦ
1306 1548 1562 1629 Ὑψίστου
1608 1577 1796 1614 πενποιε-

202 1636 340 1705 θὼς,
367 1642 463 1695 καὶ
491 1642 578 1696 ἀεὶ
621 1645 679 1698 ὲν
710 1646 847 1718 αύτῇ
881 1648 1174 1713 κατοικῶν,
1208 1650 1485 1722 ἀτάραχος
1520 1652 1614 1705 κα)⁸
1653 1653 1791 1706 ἀσά-

201 1728 396 1796 λευτος
422 1733 699 1806 διαμένει·
746 1738 823 1803 ὡς
858 1738 954 1804 ἂν,
990 1741 1095 1794 ὑπὸ
1122 1740 1220 1814 τὴν
1259 1743 1468 1816 σκέπην
1520 1744 1612 1797 τοῦ
1657 1745 1799 1800 Θεοῦ

197 1821 579 1894 αὐλιζόμενος,
610 1828 801 1881 οὐδένα
830 1847 890 1883 τε
933 1830 1047 1884 τῶν
1086 1831 1409 1904 πειρασμῶν
1456 1834 1793 1908 ἐπιστραφή-

1904 646 2205 699 certamina
2239 654 2293 700 et
2327 645 2660 700 tentationes
2685 644 2807 715 ejus
2836 644 2931 715 qui
2963 643 3264 700 secundum
3295 642 3477 696 Domi-

1904 753 2032 791 num
2069 746 2505 800 consummatur,
2534 736 2954 806 complectitur;
2997 735 3108 788 imo
3150 736 3312 788 etiam
3359 731 3476 785 8νὲ-

1902 829 2109 884 vatoris
2146 829 2322 884 nostri
2378 829 2434 882 in
2484 829 2701 883 deserto
2732 827 3089 882 teutationem
3127 824 3474 895 praenuntiat,

1902 921 2123 992 quando
2166 929 2485 989 assumptus
2542 926 2629 973 est
2656 934 2687 972 a
2731 918 2939 989 Spir-itu
2990 918 3043 970 iu
3087 916 3383 978 desertum,
3420 923 3477 968 ut

1900 1020 2208 1068 tentaretur
2239 1026 2268 1063 a
2304 1010 2543 1073 diabolo,
2584 1009 2939 1079 prmdicitque
2971 1008 3089 1077 ejus
3121 1008 3175 1061 in
3219 1006 3476 1061 omnibus

1900 1103 2214 1159 victoriam.
2280 1102 2421 1169 Quid
2486 1102 2671 1171 itaque
2726 1100 2803 1154 ait
2853 1099 3211 1170 propheticus
3258 1096 3477 1153 sermo?

1899 1194 2057 1250 Prior
2105 1194 2325 1265 quidem
2368 1193 2624 1263 populus,
2674 1191 2768 1262 qui
2804 1194 2856 1245 in
2907 1190 3233 1261 praecedenti
3269 1188 3477 1260 Moysis

1898 1287 2150 1342 oratione
2192 1285 2461 1356 plorabat,
2513 1284 2631 1339 haec
2673 1282 3058 1347 conﬁtebatur,
3095 1281 3236 1347 Quia
3278 1279 3474 1349 deieci.-

1899 1396 2016 1432 mus
2044 1379 2097 1432 in
2126 1379 2209 1432 ira
2238 1389 2352 1443 tua,
2382 1385 2439 1431 et
2464 1385 2683 1440 caetera,
2719 1391 2840 1446 quae
2866 1376 3067 1430 ibidem
3093 1375 3472 1438 declarantur;

1897 1471 2131 1542 populus
2173 1485 2304 1525 vero
2350 1470 2445 1539 qui
2484 1476 2607 1540 post
2634 1469 2785 1523 illum
2826 1483 2856 1520 a
2896 1467 3011 1522 Deo
3054 1483 3150 1537 per
3194 1466 3475 1520 Christum

1896 1562 2322 1617 constituendus
2375 1568 2514 1624 erat,
2563 1558 2841 1629 adjutorio
2884 1559 3150 1614 Altissimi
3206 1557 3475 1625 conﬁsus,

1900 1655 1961 1709 in
1986 1655 2218 1726 ipsoque
2244 1668 2461 1723 semper
2490 1653 2769 1715 habitans,
2803 1651 3219 1723 perturbatione
3246 1658 3300 1705 et
3321 1665 3475 1706 com-

1898 1749 2140 1803 motione
2171 1762 2380 1801 vacuus
2423 1755 2638 1813 manet;
2678 1756 2864 1815 utpote
2887 1745 2980 1816 qui
3026 1744 3128 1800 sub
3162 1751 3474 1813 legumento

1895 1838 1988 1895 Bei
2019 1840 2177 1895 sedes
2212 1839 2427 1903 habeat,
2486 1838 2962 1904 tentationumque
3010 1835 3214 1888 nullam
3249 1848 3472 1888 aversa-

197 1926 381 1979 σεται,
412 1914 525 1968 ἀλλ’
547 1917 631 1987 ἐφ’
655 1919 870 1991 ἑκάστῳ
899 1924 1019 1993 ὲρεζ
1033 1922 1112 1994 τῷ
1139 1923 1358 1994 Κυρίῳ·
1395 1924 1780 1995 Ἀντιλήπτωρ

1891 1932 2077 1997 bitur,
2128 1931 2224 1987 sed
2274 1931 2332 1985 in
2396 1929 2623 2001 singulis
2674 1928 2818 1983 dicet
2877 1927 3153 1980 Domino:
3191 1925 3474 1994 Susceptor

185 2017 320 2068 μου
352 2003 411 2055 εἷ
464 2004 567 2059 καί
594 2012 913 2080 καταφυγή
948 2029 1088 2080 μου,
1137 2015 1170 2067 ό
1221 2014 1365 2078 Θεός
1391 2031 1545 2083 μου,
1596 2016 1787 2071 ἐλπιῶ

187 2091 299 2145 ἐπ’
330 2096 534 2152 αὐτόν.
578 2099 723 2154 Ἀντὶ
761 2100 818 2154 δὲ
856 2102 971 2167 τοῦ,
1007 2104 1061 2156 '0
1115 2105 1405 2159 κατοικῶν
1437 2107 1508 2160 ἐν
1532 2107 1787 2176 βοηθείᾳ

187 2186 314 2239 τοῦ
358 2187 660 2258 Ὑψίστου,
683 2192 711 2245 6
758 2194 858 2265 μὲν
893 2195 1210 2267 Σύμμαχος,
1250 2198 1307 2251 Ὁ
1343 2199 1634 2254 κατοικῶν
1664 2200 1785 2254 ὑπὸ

186 2277 443 2347 σκέπην
473 2281 582 2335 τοῦ
609 2282 891 2352 Ὑψίστου
912 2303 926 2317 ·
960 2288 989 2340 6
1016 2288 1073 2341 δὲ
1103 2289 1353 2353 Ἀκύλας,
1379 2292 1472 2344 καὶ
1496 2293 1528 2361 ἡ
1561 2292 1785 2363 πέμπτη

185 2368 442 2434 ἐκδοσις,
483 2372 538 2425 '0
581 2375 919 2445 καθήμενος
969 2379 1041 2433 ἐν
1091 2380 1417 2450 ἀποκρύφῳ
1477 2384 1781 2451 Ὑψίστου,

186 2464 565 2525 ἑκδεδώκασι·
603 2472 961 2541 σημαίνοντος
1008 2472 1101 2526 τοῦ
1149 2474 1308 2543 λόγου
1355 2475 1453 2528 τοῦ
1482 2476 1623 2530 κατὰ
1649 2478 1782 2531 Θεὸν

188 2559 260 2612 ὲν
280 2558 501 2631 Χριστῷ
523 2561 927 2641 ἀγωνιζομένου
950 2565 1013 2619 τὸ
1032 2566 1243 2638 ἑδραῖον
1269 2568 1362 2621 καὶ
1384 2570 1654 2640 ἁπτόητον
1680 2570 1782 2642 τῆς

187 2649 474 2718 διανοίας,
512 2654 606 2706 καὶ
640 2654 717 2719 ῶς
771 2656 828 2709 ὲν
883 2656 1187 2729 ἀποκρύφῳ
1238 2660 1338 2731 τῆς
1385 2660 1549 2713 αὑτοῦ
1599 2660 1781 2732 ψυχῆς

187 2739 407 2806 ἐνοικος
465 2743 820 2811 ὲγκαθέζεται
849 2749 949 2801 καὶ
992 2748 1184 2821 βοηθὸς
1228 2751 1389 2814 αὐτὸς
1430 2754 1458 2805 6
1492 2753 1773 2823 ’Ὕψιστοφ

188 2833 368 2911 Πάλιν
394 2834 451 2889 δὲ
482 2837 603 2891 ἀντὶ
634 2837 752 2905 τοῦ,
797 2839 898 2893 Ἐν
926 2841 1123 2910 σκέπῃ
1157 2843 1264 2896 τοῦ
1297 2844 1453 2898 Θεοῦ-
1477 2845 1582 2897 τοῦ
1605 2848 1779 2913 οὐρα-

186 2915 811 2995 νοῦ-αὐλισθήσεται,
866 2933 893 2984 6
950 2933 1048 3002 μὲν
1092 2933 1345 2998 Ἀκύλας,
1422 2936 1521 2988 Ἐν
1581 2937 1778 3007 σκέπῃ

185 3017 410 3073 ἱκανοῦ
429 3019 867 3088 αὐλισθήσεται
886 3041 900 3053 ⁸
931 3024 959 3077 6
992 3024 1049 3077 δὲ
1080 3024 1395 3097 Σύμμαχος,
1435 3027 1571 3080 Ὑπὸ
1596 3028 1779 3081 σκιὰν

185 3108 304 3163 τοῦ
348 3112 558 3166 ἱκανοῦ
596 3116 999 3182 νυκτερεύων,
1034 3119 1339 3188 εἰρήκασιν.
1402 3118 1560 3173 Ἀλλὰ
1606 3120 1779 3174 ταῦτα

190 3203 299 3274 μὲν
332 3204 409 3269 ὼς
432 3206 490 3257 ὲν
522 3208 831 3280 προοιμίοις
861 3210 922 3261 τὸ
942 3196 1257 3278 ἂγιονίΠνεῦ
1268 3229 1343 3282 μα
1367 3210 1647 3283 διελάλησε
1666 3230 1679 3244 ο
1706 3213 1783 3267 τὰ

180 3296 237 3350 δ’
265 3296 393 3368 ἑξῆς
436 3275 585 3370 αύτῷ
636 3275 1103 3373 προσφωνεῖ,νκαὶ
1132 3304 1223 3356 τὸν
1268 3275 1445 3360 πάντα
1490 3275 1647 3375 λόγον
1694 3309 1775 3371 εἰς
1802 3275 1845 3333 C

179 3388 359 3444 αὐτοῦ
395 3390 688 3461 πρόσωπον
725 3394 1091 3461 ἀποτείνεται,
1130 3396 1249 3467 ἤτοι
1294 3396 1389 3451 τοῦ
1432 3397 1510 3469 τῷ
1554 3400 1775 3471 Χριστῷ

182 3481 597 3554 ἀγωνιζομένου
654 3485 749 3537 καὶ
804 3485 1063 3550 νικῶντος
1084 3486 1164 3557 ,ἢ
1216 3486 1311 3539 καὶ
1360 3486 1453 3540 τοῦ
1495 3487 1633 3541 κατά
1682 3489 1774 3541 τὸν

182 3562 421 3647 Σωτῆρα
448 3577 740 3647 νοουμένου
789 3577 1110 3650 ἀνθρώπου,
1143 3572 1187 3648 ᾧ
1221 3581 1376 3652 δίκην
1416 3582 1648 3659 ὀργάνου
1684 3580 1775 3634 κέέ

182 3684 361 3739 χρητο
392 3669 419 3721 6
455 3666 638 3740 προὼν
677 3668 772 3722 τοῦ
810 3669 946 3723 Θεοῦ
977 3670 1148 3740 Λόγος
1169 3690 1182 3703 ·
1228 3674 1323 3726 καὶ
1368 3673 1477 3746 γὰρ
1511 3691 1683 3736 ουτος,
1715 3674 1775 3725 ὲν

183 3759 415 3840 βοηθείᾳ
468 3760 739 3816 κατοικῶν
789 3760 884 3815 τοῦ
919 3762 1197 3833 Ὑψίστου,
1248 3765 1352 3819 ὑπὸ
1406 3765 1505 3836 τὴν
1564 3764 1773 3838 σκέπην

179 3848 439 3920 ηὐλίζετο
465 3851 559 3904 τοῦ
604 3852 937 3917 ἐνοικοῦντος
992 3853 1142 3925 αὐτῷ
1196 3854 1329 3909 Θεοῦ
1376 3856 1549 3924 Λόγου
1573 3897 1589 3922 ,
1648 3857 1769 3908 ὲπι-

182 3942 506 4009 σκιάζοντος
540 3944 690 4015 αύτῷ
721 3948 789 4017 τῇ
821 3943 986 3999 αὐτοῦ
1022 3945 1257 4017 θεότητι,
1317 3942 1431 4017 εἶχέ
1459 3965 1519 4000 τε
1556 3946 1772 4018 ἀντιλή-

182 4044 368 4106 πτορα
409 4035 505 4088 καὶ
555 4037 878 4108 καταφυγὴν
903 4037 998 4091 καὶ
1037 4037 1266 4102 ’ἐλπίδας
1295 4039 1460 4097 αὐτοῦ
1509 4041 1607 4111 τὴν
1637 4040 1772 4110 πλη-

185 4122 390 4195 ροῦσαν
441 4125 606 4179 αύτδν
642 4125 736 4179 τοῦ
794 4120 942 4180 Θεοῦ⁶
960 4127 1136 4197 Λόγου
1182 4128 1430 4201 δύναμιν.
1463 4130 1674 4202 Ὠσπερ
1713 4131 1774 4184 δὲ

182 4214 351 4285 σῶμα
392 4216 630 4289 Χριστοῦ
663 4218 724 4271 τὸ
756 4218 1098 4291 ἀνθρώπειον
1144 4220 1311 4276 αὐτοῦ
1340 4222 1577 4294 ὄργανον.
1603 4224 1771 4295 ὲχρηρ

183 4310 438 4381 μάτισεν,
458 4310 601 4363 οῦτω
621 4310 715 4364 καὶ
741 4312 770 4366 6
799 4312 929 4377 λαὸς
948 4313 1112 4367 αὐτοῦ
1142 4314 1381 4387 Χριστοῦ
1416 4315 1572 4387 σῶμα
1603 4333 1772 4387 προσ·-

182 4401 479 4473 ηγόρευται
514 4403 620 4455 ὑπὸ
639 4403 732 4457 τοῦ
770 4418 812 4456 ιε
823 4404 914 4477 ροῦ
933 4405 1255 4459 Ἀποστόλου
1279 4406 1559 4475 λέγοντοςε
1588 4406 1771 4477 Ὑμεῖς

180 4490 252 4545 δέ
274 4492 416 4545 ἐστε
449 4492 620 4562 σῶμα
646 4494 925 4562 Χριστοῦ,
961 4496 1061 4550 καὶ
1088 4496 1245 4566 μέλη
1271 4496 1340 4549 ἐκ
1360 4496 1606 4565 μέρους.

1892 2041 2036 2079 meus
2076 2041 2129 2079 es
2156 2034 2211 2078 tu
2241 2034 2290 2077 et
2326 2022 2586 2093 refugium
2642 2036 2833 2083 meum,
2867 2018 3006 2072 Deus
3046 2034 3213 2079 meus,
3249 2016 3470 2086 sperabo

1890 2115 1944 2168 in
1996 2132 2136 2170 eum.
2174 2113 2281 2169 Pro
2316 2114 2411 2168 illo
2451 2119 2653 2178 autem,
2702 2110 2806 2176 Qui
2856 2108 3061 2162 habitat
3100 2108 3153 2161 in
3197 2106 3469 2175 adjutorio

1888 2206 2175 2273 Attissimi,
2216 2205 2600 2276 Symmachus,
2655 2204 2760 2270 Qui
2793 2202 3001 2255 habitat
3045 2200 3140 2254 sub
3172 2208 3467 2270 tegumenta

1886 2296 2193 2360 Atlissimi;
2238 2296 2432 2367 Aquila
2482 2312 2609 2350 vero
2653 2304 2706 2350 et
2742 2296 2933 2364 quinta
2959 2292 3149 2355 editio,
3186 2292 3291 2357 Qui
3323 2292 3463 2345 sedet

1886 2389 1939 2441 in
1972 2387 2278 2442 abscondito
2314 2388 2602 2450 Altissimi,
2639 2387 2950 2443 ediderunt.
2974 2385 3094 2450 Quo
3128 2382 3467 2454 signiﬁcatur

1884 2478 2023 2547 ejus,
2078 2480 2169 2548 qui
2217 2477 2523 2534 secundum
2576 2477 2746 2532 Deum
2798 2479 2852 2531 in
2895 2476 3116 2531 Christo
3157 2482 3461 2539 concertat,

1884 2569 2115 2625 ﬁrmitas
2168 2577 2223 2625 et
2266 2569 2673 2640 imperterritus
2723 2568 2962 2631 animus,
3012 2574 3067 2622 et
3097 2567 3372 2637 quomodo
3408 2567 3465 2621 in

1883 2675 2103 2715 recessu
2138 2661 2331 2715 anima:
2356 2660 2476 2731 ejus
2512 2661 2721 2715 habitet
2753 2658 3051 2728 sedeatque
3097 2657 3316 2725 adjutor
3340 2658 3462 2725 ejus

1880 2750 2223 2809 Altissimus.
2257 2752 2630 2822 Rursumque,
2661 2766 2760 2822 pro
2788 2751 2901 2814 illo,
2932 2748 2999 2802 In
3050 2758 3340 2819 legumento
3363 2748 3463 2803 Dei

1882 2844 2000 2897 εαξη
2021 2843 2456 2910 commorabitur,
2481 2842 2699 2913 Aquila,
2728 2840 2792 2894 In
2826 2849 3116 2910 tegumenta
3140 2840 3294 2909 {ortis
3319 2856 3465 2892 com~

1881 2934 2227 2997 morabitur;
2270 2932 2634 3003 Symmachus
2686 2939 2891 2994 autem,
2944 2929 3051 2983 Sub
3086 2929 3271 2983 umbra
3302 2930 3459 2999 [ortis

1877 3033 2214 3091 pernoctaus,
2242 3023 2592 3092 interpretati
2611 3029 2759 3076 sunt.
2790 3018 2897 3074 Sed
2921 3020 3036 3074 ha:c
3059 3020 3277 3090 quidem
3302 3021 3459 3091 quasi

1881 3119 1934 3173 in
1970 3118 2254 3188 prommiis
2287 3116 2528 3188 Spiritus
2565 3126 2790 3171 sanctus
2824 3116 3039 3169 loculus
3066 3125 3148 3168 est
3179 3135 3190 3169 :
3223 3131 3343 3184 qua:
3372 3132 3460 3169 se-

1881 3217 2127 3280 quuntur
2156 3218 2336 3264 autem
2378 3208 2451 3262 ad
2497 3224 2621 3263 eum
2665 3207 2873 3277 dirigit,
2915 3216 3201 3278 totumque
3248 3226 3460 3265 sermo-

1877 3318 2000 3357 nem
2025 3301 2100 3356 ad
2121 3301 2243 3373 ejus
2281 3316 2573 3373 personam
2608 3301 2796 3365 refert,
2828 3301 2923 3370 qui
2950 3316 3049 3370 pro
3074 3300 3295 3355 Christo
3324 3316 3457 3354 con-

1876 3402 2051 3449 certat
2080 3408 2144 3448 ac
2182 3401 2443 3464 superat;
2497 3393 2613 3447 sive
2650 3393 2810 3447 etiam
2856 3394 2922 3447 ad
2957 3393 3231 3447 hominem
3265 3394 3357 3464 qui
3399 3394 3455 3448 in

1879 3485 2164 3539 Salvatore
2217 3502 2341 3540 esse
2387 3484 2734 3555 intelligitur,
2794 3500 2905 3555 quo
2948 3500 3048 3539 ceu
3092 3485 3456 3541 instrumento

1876 3594 2034 3633 usum
2076 3585 2160 3632 est
2186 3576 2276 3631 Dei
2310 3575 2548 3631 Verbum
2584 3580 2729 3648 quod
2778 3579 3208 3650 praaexsistebat.
3242 3577 3456 3633 Etenim

1875 3668 1965 3723 ilic
1996 3668 2049 3722 in
2080 3667 2358 3737 adjutorio
2391 3667 2657 3723 Altissimi
2688 3669 2965 3733 habitans,
3012 3671 3113 3724 sub
3144 3678 3457 3738 tegumento

1876 3759 2237 3814 inhabitantis
2290 3759 2343 3812 in
2393 3775 2452 3813 se
2495 3758 2587 3814 Dei
2629 3758 2794 3814 Verbi
2846 3762 3308 3826 commorabatur,
3362 3761 3456 3829 qui

1874 3852 2076 3907 deitate
2108 3866 2207 3904 sua
2248 3852 2426 3920 ipsum
2472 3852 2846 3919 inumbrabat;
2880 3861 3040 3922 atque
3070 3853 3115 3907 is
3148 3852 3201 3905 in
3251 3867 3444 3907 susce-

1875 3954 2107 4015 ptorem,
2130 3942 2411 4014 refugium
2442 3950 2495 3997 et
2521 3958 2670 4013 spem
2701 3945 2938 3999 habebat
2970 3947 3150 4015 ipsam
3174 3944 3265 3999 Dei
3288 3944 3453 4001 Verbi

1873 4037 2151 4101 virtutem,
2209 4051 2319 4107 qua
2380 4035 2712 4105 replebatur.
2761 4037 3228 4108 Quemadmodum
3274 4047 3454 4094 autem

1873 4120 2313 4197 Christi'corpus
2348 4127 2647 4181 humanum
2679 4128 2829 4183 illius
2856 4129 3277 4185 instrumentum
3305 4137 3452 4195 erat;

1874 4219 1955 4274 sic
1978 4226 2033 4274 et
2062 4219 2296 4289 populus
2329 4217 2472 4287 ejus,
2501 4217 2708 4275 Christi
2756 4234 2961 4289 corpus
3009 4235 3039 4273 a
3085 4229 3277 4275 sancto
3305 4220 3452 4290 Apo-

1873 4312 2014 4365 stolo
2065 4318 2291 4365 vocatur
2341 4310 2427 4365 his
2462 4310 2683 4367 verbis:
2728 4310 2830 4369 Vos
2868 4322 3041 4369 autem
3093 4314 3217 4373 estis
3266 4329 3454 4380 corpus

1874 4401 2096 4467 Christi,
2130 4412 2179 4456 et
2210 4401 2457 4463 membra.
2478 4411 2717 4471 exparte
2741 4402 2806 4455 °’.

256 4607 501 4671 Εἰκότως
539 4609 826 4679 τοιγαροῦν
854 4609 924 4663 τὰ
955 4612 1013 4663 ὲν
1049 4615 1163 4675 τοῖς
1201 4612 1581 4683 προκειμένοις
1611 4612 1769 4681 λεγό-

1946 4610 2139 4665 Merito
2171 4610 2341 4680 igitur.
2371 4623 2494 4679 qure
2545 4608 2634 4663 hic
2663 4609 2825 4679 quasi
2874 4609 2943 4664 de
2974 4623 3207 4677 corpore
3245 4604 3451 4661 Christi

184 4716 331 4769 μενα
359 4699 435 4763 ὡς
470 4701 598 4772 περὶ
642 4700 735 4753 τοῦ
792 4700 1042 4772 σώματος
1074 4705 1311 4776 Χριστοῦ
1353 4706 1659 4778 ἀναφέροιτ’
1702 4706 1768 4759 ἂν

184 4789 283 4843 καὶ
314 4791 395 4853 είς
426 4790 488 4843 τὸ
535 4790 872 4863 ἀνθρώπειον
909 4794 1004 4846 τοῦ
1047 4796 1297 4869 Σωτῆρος
1341 4798 1517 4869 ἡμῶν,
1548 4798 1640 4852 καὶ
1688 4801 1768 4863 εἰς

180 4881 278 4935 τὸν
323 4882 381 4934 ὲν
436 4881 588 4953 αύτῷ
628 4882 1024 4955 τελειούμενον.
1064 4881 1166 4940 Ὧν
1196 4888 1369 4952 οὕτως
1425 4890 1765 4961 εἰρημένων,

183 4971 314 5044 ἑξῆς
344 4975 373 5026 6
399 4973 556 5043 λόγος
580 4974 912 5048 διεξέρχεται
938 4979 1039 5032 ὅσα
1072 4979 1223 5050 παρὰ
1254 4980 1346 5055 τοῦ
1376 4982 1510 5035 Θεοῦ
1538 4984 1769 5055 ὑπάρξει

181 5069 266 5141 τῷ
317 5071 662 5125 κατοικοῦντι
694 5076 750 5128 ὲν
796 5072 1017 5146 βοηθείᾳ
1058 5074 1153 5128 τοῦ
1194 5075 1447 5145 Ὑψίστου
1478 5079 1569 5130 καὶ
1621 5079 1772 5133 αὐλι-

183 5160 402 5234 ζομένῳ
436 5164 542 5217 ὑπὸ
589 5164 688 5245 τὴν
731 5166 940 5237 σκέπην
988 5166 1079 5220 τοῦ
1114 5166 1272 5232 Θεοῦ,
1328 5167 1538 5237 λέγοντί
1594 5188 1653 5223 τε
1693 5172 1770 5243 τῷ

184 5255 410 5328 Κυρίῳ·
457 5258 847 5326 Ἀντιλήπτωρ
889 5279 1008 5329 μου
1038 5257 1099 5315 εἶ
1137 5260 1236 5315 καί
1277 5262 1586 5333 καταφυγή
1624 5283 1765 5333 μου,

184 5350 222 5411 ό
254 5350 399 5415 Θεός
417 5368 560 5419 μου,
584 5351 681 5404 καὶ
712 5352 896 5405 ἐλπιῶ
925 5354 1018 5406 ἐπ’
1047 5355 1252 5408 αὐτόν.
1285 5354 1417 5409 Τίνα
1451 5355 1511 5408 δέ
1545 5358 1659 5409 ἐστι
1698 5356 1768 5410 τὰ

186 5440 321 5511 περὶ
347 5439 510 5496 αὑτὸν
548 5442 903 5513 γενησόμενα,
936 5444 1222 5514 καταλέγει
1265 5444 1353 5499 διὰ
1404 5445 1511 5499 τῶν
1563 5448 1766 5519 ἐπομέ-

187 5550 296 5586 νων
316 5548 329 5562 ο
351 5533 479 5586 Ὀτι
504 5533 686 5601 αὐτὸς
702 5538 957 5605 ῥύσεταί
975 5557 1051 5609 με
1070 5540 1139 5594 ἐκ
1161 5540 1414 5610 παγίδος
1443 5542 1763 5610 θηρευτῶν,

189 5621 309 5675 ἀπὸ
362 5625 549 5693 λόγου
596 5625 996 5697 ταραχώδους.
1057 5632 1153 5684 Ἐν
1201 5631 1323 5699 τοῖς
1372 5633 1767 5701 μεταφρένοις

188 5716 378 5780 αὑτοῦ
426 5715 766 5775 ἐπισκιάσει
805 5738 936 5788 σοι,
993 5724 1090 5781 καὶ
1140 5724 1257 5781 ὑπὸ
1313 5725 1417 5793 τὰς
1472 5726 1783 5805 πτέρυγας,

266 5872 310 5905 ⁸³
350 5870 531 5935 lGor.
572 5891 645 5932 xu
672 5916 685 5935 .
724 5877 812 5933 2?.

1875 4705 2156 4768 dicuntur,
2188 4704 2348 4759 etiam
2392 4704 2473 4757 adt
2502 4702 2894 4756 humanitatem
2941 4686 3245 4754 Salvatoris
3278 4700 3465 4755 nostri

1875 4797 2203 4860 referantur,
2235 4804 2399 4866 atque
2432 4796 2499 4850 ad
2529 4811 2656 4851 eum
2681 4794 2777 4865 qui
2807 4794 2862 4849 in
2889 4794 3009 4864 ipso
3037 4800 3451 4849 consummatus

1874 4900 1978 4948 est.
2025 4891 2157 4957 Quae
2205 4906 2329 4953 cum
2380 4891 2483 4945 hac
2536 4890 2752 4945 ratione
2804 4887 2950 4943 dicta
3002 4887 3133 4951 sint,
3185 4888 3449 4957 deinceps

1874 4991 2186 5047 enarratur,
2224 4990 2427 5053 quanta
2468 4997 2499 5035 a
2533 4982 2644 5038 Deo
2681 4980 3012 5036 conferenda
3046 4979 3156 5034 sint
3197 4978 3251 5032 in
3300 4993 3445 5040 eum,

1872 5077 1965 5148 qui
1988 5077 2197 5132 habitat
2228 5077 2284 5131 in
2312 5075 2588 5145 adjutorio
2612 5074 2904 5135 Altissimi,
2929 5080 2983 5127 et
3009 5071 3113 5126 sub
3137 5075 3450 5139 legumento

1875 5168 1972 5224 Dei
2004 5177 2401 5235 commoratur,
2437 5180 2501 5221 ac
2544 5165 2677 5219 dicit
2710 5165 2959 5231 Domino,
2993 5162 3273 5230 Susceptor
3304 5175 3447 5213 meus

1870 5278 1948 5323 es,
1978 5270 2027 5315 et
2051 5260 2309 5337 refugium
2343 5275 2537 5323 meum,
2577 5256 2718 5311 Deus
2754 5274 2919 5320 meus,
2957 5254 3177 5321 sperabo
3214 5255 3271 5306 in
3304 5268 3443 5305 eum.

1872 5351 2131 5418 Quaenam
2167 5363 2344 5408 autem
2385 5354 2464 5407 illi
2498 5352 2830 5407 conferenda
2861 5351 2971 5406 sint
3002 5349 3054 5401 in
3090 5344 3461 5416 sequentibus

1872 5453 2062 5499 narrat
2088 5464 2103 5500 :
2130 5474 2198 5484 —
2220 5444 2387 5501 Vens.
2423 5445 2541 5500 3-9.
2571 5444 2835 5511 Quoniam
2868 5443 2976 5510 ipse
3006 5438 3245 5492 liberabit
3280 5454 3359 5490 me
3382 5435 3448 5491 de

1876 5535 2058 5605 laqueo
2090 5538 2408 5602 cenantium,
2440 5546 2490 5592 et
2539 5554 2573 5591 α
2611 5537 2761 5591 verbo
2797 5532 3114 5587 turbulento.
3152 5529 3218 5583 lu
3257 5545 3448 5598 scapu-

1877 5628 1941 5681 lis
1976 5631 2085 5683 suis
2125 5630 2457 5685 obumbrabit
2489 5630 2605 5693 tibi,
2631 5640 2677 5683 et
2702 5627 2793 5681 sub
2832 5624 3012 5693 pennis
3041 5623 3154 5692 ejus
3186 5622 3439 5688 sperabis.

1879 5728 2038 5785 Scuto
2072 5727 2416 5783 circumdabit
2452 5735 2496 5780 te
2528 5725 2717 5779 veritas
2751 5721 2886 5790 ejus,
2932 5735 3035 5774 non
3064 5716 3264 5773 timebis
3306 5734 3336 5769 a
3377 5716 3453 5777 lia.
