3974 6520
579 417 606 472 1
617 417 721 471 145

1274 409 1545 464 EUSEBII
1584 405 2064 464 CESABIENSIS
2102 405 2250 462 OPP.
2297 405 2478 466 PARS
2514 403 2581 489 ill
2605 433 2678 446 —
2701 399 3112 458 EXEGETICA.

3638 409 3736 460 ιιιι

577 543 726 582 more
753 536 1028 586 nocturno,
1067 541 1098 576 a
1147 522 1348 593 sagitta
1389 522 1596 577 volante
1635 521 1691 575 in
1730 520 1836 586 die,
1877 539 1911 576 a
1940 522 2145 592 negotio

2256 519 2438 574 αὐτοῦ
2483 517 2729 582 ἐλπιεῖς.
2778 515 2980 582 Ὅπλῳ
3022 510 3316 566 κυκλώσει
3367 528 3435 566 σε
3484 513 3517 578 ὴ
3551 514 3738 580 ἀλήθεια

576 616 976 688 perambulante
1004 616 1058 667 in
1085 614 1332 678 tenebris,
1364 630 1396 667 a
1425 615 1582 668 ruina
1617 624 1668 668 et
1697 614 1958 669 daemonio
1988 615 2145 670 meri-

2250 609 2459 673 αὐτοῦ,
2486 611 2558 664 οὐ
2578 607 2893 678 φοϐηθήσῃ
2927 606 3046 660 ἀπὸ
3091 604 3275 673 φόϐου
3308 602 3740 669 νυκτερινοῦ,ὰό

575 708 761 762 diano.
792 707 989 760 Cadent
1036 723 1067 760 a
1098 706 1262 760 latere
1298 713 1388 760 tuo
1428 706 1593 770 mille,
1635 717 1682 761 et
1712 707 1887 762 decem
1910 707 2083 763 millia
2116 725 2149 760 a

2256 701 2478 767 βέλους
2524 697 2852 767 πετομένου
2903 695 3128 765 ἡμέρας
3151 735 3166 758 ,
3207 693 3322 747 ἀπὸ
3375 692 3666 762 πράγματος
3694 697 3741 748 ἐν

576 800 777 855 dextris
824 800 952 861 tuis,
985 798 1053 852 ad
1103 808 1152 853 te
1200 809 1372 854 autem
1412 816 1514 853 non
1545 799 2000 870 appropinquabit.
2049 798 2148 853 Ve-

2251 791 2455 844 σκότει
2513 785 3044 856 διαπορευομένου,
3098 784 3215 840 ἀπὸ
3251 783 3646 852 συμπτώματος
3676 789 3742 840 καί

576 900 876 944 rumtamen
908 888 1077 942 oculis
1125 889 1228 945 tuis
1262 889 1642 953 considerabis,
1674 900 1722 943 et
1757 890 2150 946 retributionem

2256 881 2561 950 δαιμονίου
2583 875 3008 949 μεσημϐρινοῦ.
3048 874 3319 929 Πεσεῖται
3339 874 3407 926 ἐκ
3438 873 3534 928 τοῦ
3562 876 3744 942 κλίτους

575 989 908 1051 peccatorum
943 978 1158 1034 videbis.
1194 979 1458 1047 Quoniam
1493 990 1549 1034 tu
1601 995 1712 1049 spes
1752 999 1890 1047 mea,
1935 981 2146 1035 Altissi-

577 1089 721 1126 ntum
747 1072 974 1142 posuisti
1002 1073 1265 1143 refugium
1305 1082 1474 1128 tuum.
1508 1072 1748 1130 lnsultus
1797 1073 2060 1144 plurimos
2096 1072 2153 1128 in

575 1176 703 1216 eum
739 1161 856 1216 fore
896 1163 1244 1232 praenuntiat,
1279 1163 1374 1234 qui
1413 1164 1468 1218 in
1517 1164 1774 1218 raticinio
1812 1168 2149 1219 enuntiatur.

577 1250 678 1306 Hic
713 1267 838 1306 vero
871 1267 1128 1322 perrarus
1163 1262 1282 1308 erat
1308 1261 1362 1308 et
1404 1253 1689 1319 mirabilis,
1732 1254 1788 1308 in
1832 1254 2154 1310 abscondito

575 1344 841 1398 Altissimi
884 1343 1102 1411 sedens,
1158 1345 1261 1400 sub
1295 1344 1486 1399 umbra
1516 1345 1670 1401 fortis
1715 1361 2064 1401 commorans
2100 1353 2156 1401 et

579 1435 812 1491 Domino
863 1437 1072 1503 dicens,
1118 1437 1403 1507 Susceptor
1433 1455 1576 1493 meus
1607 1455 1660 1494 es
1691 1449 1746 1492 tu
1793 1449 1844 1493 et
1892 1439 2157 1509 refugium

577 1545 770 1595 meum,
792 1529 935 1584 Deus
956 1546 1123 1592 meus,
1151 1538 1201 1584 et
1222 1529 1439 1598 sperabo
1467 1530 1522 1584 in
1546 1547 1688 1594 eum;
1712 1531 1826 1589 sive
1856 1531 2156 1588 secundum

579 1620 856 1690 Aquilam,
887 1620 1031 1676 Deus
1062 1637 1238 1684 meus,
1272 1620 1534 1690 confidam
1569 1623 1629 1676 in
1661 1623 1798 1686 illo;
1832 1631 1926 1677 aut
1955 1638 2156 1678 secun-

577 1710 708 1765 dutn
753 1709 1164 1783 Symmachum,
1199 1710 1340 1768 Deus
1369 1728 1536 1776 meus,
1586 1721 1635 1767 et
1681 1711 1872 1768 bonam
1904 1712 2160 1782 ﬁduciam

579 1802 777 1857 habebo
829 1804 882 1858 in
933 1803 1046 1858 illo.
1089 1802 1365 1858 Adversus
1407 1819 1530 1858 eum
1573 1803 1759 1874 igitur,
1805 1807 1898 1875 qui
1939 1819 2005 1858 eo
2051 1817 2162 1873 quo

579 1889 788 1944 dictum
815 1897 899 1946 est
928 1890 1089 1945 modo
1115 1889 1171 1944 in
1203 1888 1296 1946 Dei
1329 1890 1531 1944 auxilio
1559 1892 1832 1962 repositus
1858 1899 1998 1956 erat,
2025 1892 2162 1948 insi-

578 1981 683 2037 dia:
710 1983 955 2054 quaedam
975 1991 1030 2038 et
1056 1982 1466 2053 conjurationes
1505 1991 1888 2040 sexcentorum
1917 1983 2156 2039 hostium

579 2075 1034 2131 insurrexerunt:
1064 2091 1184 2145 quae
1225 2076 1435 2132 scilicet
1466 2076 1644 2147 laquei
1665 2077 2004 2142 venantium,
2043 2092 2162 2132 ser—

578 2178 770 2220 mones
801 2164 1129 2231 turbulenti,
1185 2166 1352 2221 timor
1381 2175 1707 2231 nocturnus,
1741 2169 1938 2239 sagitta
1970 2171 2160 2228 volans

578 2261 636 2308 tn
691 2253 801 2317 die,
835 2257 1114 2325 negotium
1170 2257 1558 2326 perambulans
1621 2258 1678 2312 in
1712 2259 1954 2315 tenebris
1998 2261 2158 2316 ruina

579 2343 832 2399 daemonii
863 2346 1152 2400 meridiani
1173 2355 1377 2402 vocatae
1393 2356 1521 2402 sunt
1549 2368 1562 2403 :
1585 2349 1654 2403 ad
1677 2348 1792 2404 haec
1820 2365 1971 2416 vero,
1992 2352 2161 2406 millia

579 2445 634 2487 et
683 2430 870 2487 decem
919 2433 1124 2500 millia;
1179 2434 1252 2488 ita
1301 2445 1360 2489 ut
1402 2437 1571 2492 millia
1616 2437 1928 2504 sinistram;
1971 2440 2160 2495 decem

577 2535 711 2576 vero
760 2521 930 2576 millia
980 2522 1257 2580 dexteram
1293 2525 1413 2594 ejus
1461 2535 1816 2596 occuparent.
1861 2527 1998 2582 Nam
2043 2529 2161 2584 haec

579 2611 791 2669 dextris
838 2614 1110 2684 partibus,
1142 2624 1330 2687 utpote
1363 2617 1693 2674 ﬁrmioribus
1733 2628 1787 2676 et
1817 2618 2157 2689 fortioribus,

578 2705 1000 2762 insidiabantur.
1049 2709 1139 2763 Ait
1178 2725 1304 2765 vero
1333 2711 1546 2766 nullum
1587 2711 1781 2767 borum
1825 2728 1949 2768 eum
1981 2714 2076 2784 qui
2103 2714 2160 2769 in

577 2797 840 2852 vaticinio
874 2797 1049 2853 fertur
1099 2799 1366 2871 attingere
1416 2819 1597 2874 posse.
1647 2803 1917 2860 Praeterea
1958 2805 2160 2860 dicitur

576 2901 702 2944 eum
736 2888 1078 2944 incessurum
1109 2907 1232 2947 esse
1263 2908 1373 2948 non
1412 2895 1576 2950 modo
1606 2911 1771 2966 supra
1803 2904 2084 2968 serpentes
2107 2906 2161 2954 et

581 2983 922 3053 scorpiones,
969 2999 1096 3039 nam
1127 2985 1243 3041 haec
1272 2987 1486 3041 modica
1514 2999 1710 3056 erant;
1741 2992 1833 3046 sed
1877 3008 2040 3062 super
2066 3008 2159 3048 as-

579 3073 758 3145 pidem
786 3083 839 3130 et
863 3075 1202 3142 basiliscum,
1243 3086 1297 3133 et
1325 3080 1772 3135 conculcaturum
1793 3097 1915 3137 esse
1946 3083 2158 3138 leonem

579 3169 636 3217 et
665 3163 956 3218 draconem
985 3180 999 3216 :
1034 3181 1156 3236 qua:
1183 3183 1314 3223 sane
1343 3169 1486 3224 inter
1511 3170 1658 3226 feras
1675 3181 1728 3227 et
1762 3173 1973 3242 reptilia
2003 3172 2156 3242 prin-

578 3252 756 3323 ripem
799 3255 1048 3312 obtinent
1082 3258 1285 3314 locum.
1317 3259 1584 3318 Existimo
1622 3272 1803 3318 autem
1833 3264 1920 3318 his
1952 3264 2158 3334 princi-

578 3362 676 3420 pes
723 3349 889 3419 bujus
936 3352 1121 3407 saeculi
1167 3353 1486 3424 signiﬁcari,
1529 3369 1740 3409 necnon
1774 3355 2078 3410 invisibiles
2105 3363 2160 3410 et

581 3440 872 3510 primarias
895 3450 1213 3511 potestates.
1248 3441 1634 3500 Verumtamen
1662 3446 1754 3516 qui
1789 3445 1842 3501 in
1873 3446 2158 3517 pr0phetia

581 3529 756 3586 fertur
779 3547 970 3588 omnes
1000 3534 1164 3590 simul
1182 3535 1603 3590 eonenlcaturus
1625 3551 1747 3593 esse
1775 3537 1991 3591 dicitur.
2023 3535 2159 3590 Nam

582 3639 737 3692 super
785 3623 1043 3693 aspidem,
1080 3626 1274 3695 inquit,
1305 3636 1356 3679 et
1396 3625 1705 3681 basiliscum
1765 3627 2083 3693 ambulabis,
2109 3636 2160 3682 et

581 3715 911 3771 conculcabis
937 3717 1136 3772 leonem
1161 3727 1210 3772 et
1242 3717 1543 3774 draconem.

2255 989 2371 1028 σου
2408 971 2624 1040 χιλιὰς,
2659 971 2758 1023 καὶ
2789 969 3002 1038 μυριὰς
3031 967 3100 1024 ἐκ
3132 966 3347 1032 δεξιῶν
3373 982 3511 1032 σου,
3544 966 3664 1034 πρὸς
3694 969 3744 1021 σὲ

2255 1064 2324 1118 δὲ
2359 1066 2470 1118 οὐκ
2516 1062 2715 1133 emet.
2749 1059 2924 1128 Πλὴν
2963 1059 3085 1126 τοῖς
3117 1058 3441 1129 ὀφθαλμοῖς
3479 1075 3581 1113 σου
3618 1077 3745 1112 mra-

2255 1155 2520 1222 νοήσεις,
2546 1152 2646 1208 καὶ
2671 1150 3079 1207 ἀνταπόδοσιν
3116 1148 3476 1220 ἁμαρτωλῶν
3502 1151 3632 1219 ὄψει.
3666 1153 3746 1206 Ὀτι

2257 1247 2339 1302 σὺ
2371 1247 2410 1315 ὴ
2443 1246 2620 1312 ἐλπίς
2654 1262 2795 1314 μου,
2822 1241 2929 1297 τὸν
2963 1243 3252 1311 Ὕψιστον
3292 1242 3430 1296 ἔθου
3472 1243 3747 1311 καταφυγήν

2257 1356 2395 1393 σου.
2433 1336 2637 1401 Πολλὰς
2666 1334 3063 1398 ἐπαναστάσεις
3091 1335 3119 1386 ὁ
3151 1333 3236 1402 λόχ
3249 1351 3308 1397 ος
3347 1333 3666 1405 προαγορεύει
3687 1352 3748 1401 γε·

2257 1428 2514 1501 νήσεσθαι
2546 1426 2625 1499 τῷ
2664 1427 3145 1500 προφητευομένῳ.
3192 1423 3358 1490 Οὗτος
3401 1426 3455 1478 δὲ
3490 1422 3548 1497 ἦν
3588 1427 3751 1492 σπάνιός

2258 1539 2342 1585 τις
2387 1522 2481 1574 καὶ
2523 1519 2852 1591 θαυμαστὸς,
2894 1521 2951 1572 ἐν
2983 1518 3285 1590 ἀποκρύφῳ
3311 1517 3406 1570 τοῦ
3443 1518 3660 1587 Ὑψίστου
3685 1536 3752 1572 tu-

2261 1613 2530 1685 θήμενος,
2567 1613 2674 1666 ὑπὸ
2717 1612 3018 1684 τὴν,σκιὰν
3071 1611 3167 1664 τοῦ
3217 1610 3404 1664 ἱκανοῦ
3448 1611 3750 1680 αὐλιζόμενος,

2263 1706 2356 1759 καὶ
2383 1705 2556 1774 λέγων
2586 1703 2663 1776 τῷ
2699 1703 2918 1776 Κυρίῳο
2959 1703 3356 1772 Ἀντιλήπτωρ
3373 1720 3488 1770 μου
3523 1701 3604 1756 καί
3627 1719 3751 1756 κατσρ

2262 1796 2422 1868 φυγή
2461 1814 2601 1866 μου,
2652 1798 2684 1849 ό
2723 1797 2866 1861 Θεός
2890 1813 3031 1866 μου,
3067 1795 3167 1849 καὶ
3197 1792 3388 1848 ὲλπιῶ
3432 1793 3519 1847 ἐπ’
3545 1794 3751 1862 αὑτόν-ἢ

2263 1889 2402 1942 κατὰ
2438 1889 2528 1942 τὸν
2565 1889 2815 1954 Ἀκύλαν,
2833 1889 2896 1941 Ὁ
2925 1889 3069 1954 Θεός
3091 1906 3234 1957 μου.
3259 1886 3589 1953 πεποιθήσω
3613 1886 3753 1938 erob-

2262 1981 2370 2046 τῲ·
2403 1981 2458 2051 ἦ,
2489 1983 2551 2034 '0
2584 1982 2726 2046 Θεός
2744 1998 2885 2050 μου,
2911 1981 3009 2034 καὶ
3027 1977 3388 2049 εὐθαρσήσω
3408 1979 3476 2032 ἐν
3497 1977 3753 2042 αὺτῴ,κατὲ

2261 2071 2352 2125 τὸν
2407 2071 2721 2144 Σύμμαχον.
2777 2071 2965 2143 Τούτῳ
3006 2071 3072 2143 δὴ
3128 2067 3220 2125 οὖν
3255 2070 3336 2141 τῷ
3379 2071 3482 2123 τῶν
3526 2070 3754 2140 εἰρημένοι

2260 2163 2446 2234 τρόπῳ
2489 2163 2831 2234 ἀνακειμένῳ
2880 2166 2948 2235 τῇ
2995 2163 3088 2217 τοῦ
3123 2163 3258 2216 Θεοῦ
3297 2161 3511 2233 βοηθείᾳ
3548 2160 3752 2213 ἐπιϐουλή

2261 2271 2406 2318 τινες
2425 2255 2519 2307 καὶ
2546 2255 2808 2307 συσκευαὶ
2836 2255 3045 2326 μυρίων
3068 2253 3186 2308 κατ’
3204 2252 3374 2307 αὑτοῦ
3397 2251 3754 2324 στρατεύομὲνιιιν

2261 2345 2634 2416 ἐπανέστησαν
2654 2363 2668 2376 ⁶
2700 2345 2926 2413 παγίδες
2949 2344 3080 2414 γοῦν
3104 2344 3386 2416 Θηρευτῶν
3419 2340 3749 2412 ὠνομάσθησαν.

2261 2439 2356 2491 καὶ
2407 2436 2554 2505 λόγοι
2600 2437 2972 2509 ταραχώδεις,
3008 2437 3102 2490 καὶ
3144 2436 3310 2506 φόὸος
3357 2434 3661 2506 νυκτερινὸς,
3692 2432 3753 2482 καὶ

2265 2530 2415 2601 βέλος
2449 2530 2742 2600 πετόμενον
2765 2529 2998 2600 ἡμέρας,
3025 2530 3120 2584 καὶ
3155 2531 3390 2600 πρᾶγμα
3422 2529 3474 2580 ἐν
3499 2527 3648 2580 σκότει
3673 2525 3750 2576 διει-

2261 2622 2645 2692 πορειιόμενον,
2678 2621 2773 2675 καὶ
2796 2619 3108 2692 σύμπτωμα
3130 2621 3409 2691 δαιμονίου
3435 2613 3748 2690 μεσημϐρινοῦ·

2261 2715 2355 2770 καὶ
2389 2715 2528 2787 πρὸς
2565 2714 2774 2777 τούτοις
2799 2713 2974 2768 ἆπασι
3025 2713 3261 2784 χιλιάδες
3305 2713 3401 2767 καὶ
3450 2709 3690 2782 μυριάδες’
3714 2705 3750 2761 ai

2264 2805 2364 2877 μὲν
2391 2803 2625 2876 χιλιάδες
2651 2804 2719 2858 τὰ
2743 2803 3005 2876 ἀριστερὰ
3029 2803 3192 2861 αὐτοῦ
3237 2801 3686 2872 ἀπολαμϐάνουσαι,
3715 2795 3752 2848 si

2261 2898 2318 2951 δὲ
2349 2898 2418 2952 τά
2445 2896 2594 2962 δεξιὰ
2629 2898 2907 2970 μυριάδες.
2952 2895 3122 2952 Αύταλ⁵
3161 2895 3272 2967 γὰρ
3301 2897 3414 2958 τοῖς
3443 2894 3611 2960 δεξιοῖς
3634 2889 3687 2952 lo;
3710 2886 3752 2940 ἂν

2263 2990 2672 3061 κραταιοτέροις
2694 2991 2788 3043 καὶ
2815 2990 3180 3061 ἰσχυροτέροις
3214 2988 3437 3059 μέρεσιν
3465 2984 3748 3038 ἐπεϐούλευον.

2224 3113 2231 3122 ι
2261 3081 2476 3136 Τούτων
2508 3083 2565 3135 δὲ
2598 3082 2816 3135 πάντων
2839 3082 2991 3136 οὐδὲν
3018 3081 3357 3153 προσψαύειν
3382 3077 3456 3149 τῷ
3483 3068 3651 3148 περὶώ
3674 3073 3753 3126 ὀξύ-

2262 3193 2358 3246 γος
2385 3174 2739 3247 προφητεύει.
2780 3175 2900 3228 Ἐτι
2938 3173 2994 3226 δὲ
3055 3173 3189 3244 πρὸς
3215 3171 3428 3234 τούτοις
3485 3165 3751 3238 ἐπιϐήσεσθαι

2259 3268 2494 3337 λέγεται,
2549 3268 2623 3338 (l)
2661 3268 2742 3320 ὅτι
2791 3267 2883 3320 καὶ
2938 3265 3124 3320 ἐπάνω
3163 3264 3344 3334 ὄφεων
3413 3262 3498 3316 καὶ
3526 3258 3748 3330 σκορπίων·

2268 3357 2442 3430 μικρὰ
2467 3359 2576 3430 γάρ
2601 3353 2670 3429 ἦν
2685 3356 2860 3410 ταῦτα
2876 3372 2891 3389 ο
2919 3355 3033 3411 ἀλλ’
3062 3355 3148 3408 ἐπ’
3161 3355 3368 3408 ἀσπίδα
3385 3354 3475 3407 καὶ
3507 3349 3749 3421 βασιλίτκιν,

2261 3449 2666 3520 καταπατήσειν
2694 3465 2754 3500 τε
2779 3447 2968 3500 λέοντα
3009 3446 3104 3500 καὶ
3141 3445 3413 3517 δράκοντα
3431 3459 3446 3473 °
3480 3440 3580 3510 ᾶδὴ
3608 3434 3752 3507 βεςιλι-

2261 3536 2483 3592 κὼτατα
2521 3537 2614 3591 καὶ
2640 3534 2991 3606 ἀρχικώτατα
3016 3533 3122 3586 τῶν
3151 3534 3209 3586 ἐν
3236 3531 3446 3605 θηρίοις
3470 3532 3552 3583 καὶ
3578 3523 3750 3617 ἐρατοῖς

2260 3626 2539 3697 τυγχάνει.
2569 3620 2733 3696 Οἶμαι
2769 3623 2898 3693 γοῦν
2936 3622 3026 3677 διὰ
3052 3621 3254 3675 τούτων
3292 3622 3417 3684 τοὺς
3454 3620 3674 3692 ἄρχοντας
3694 3627 3750 3663 τω

2264 3718 2460 3782 αἰῶνος
2506 3717 2696 3770 τούτου
2740 3714 3134 3786 σημαίνεσθαι,
3170 3715 3264 3770 καὶ
3298 3713 3396 3776 τὰς
3444 3712 3663 3782 ἀοράτως
3694 3701 3751 3755 tu"

581 3807 905 3878 άρχοντικάς
932 3809 1206 3882 δυνάμεις.
1235 3810 1380 3884 Πλὴν
1417 3812 1567 3883 ὅμως
1613 3813 1641 3865 ὁ
1687 3812 2160 3884 προφητευόμενος
2209 3812 2614 3881 καταπατήσειν
2653 3808 2862 3882 ἀθρόως
2897 3807 3111 3875 λέγεται
3156 3805 3256 3868 τὰς
3312 3805 3504 3866 πάσας.
3543 3795 3750 3860 Ἑπιῖνῖσῐι

581 3901 708 3974 γάρ,
735 3903 918 3975 φησὶν,
952 3904 1051 3960 ἐπὶ
1093 3905 1325 3959 ἀσπίδα
1372 3907 1470 3963 καὶ
1506 3907 1905 3972 βασιλίσκον,
1945 3906 2044 3960 καὶ
2092 3905 2534 3972 καταπατήσεις
2570 3901 2790 3957 λέοντα
2816 3901 2915 3955 καὶ
2945 3899 3264 3968 δράκοντα.

648 4014 783 4080 Quis
804 4017 970 4087 igitur
991 4017 1080 4072 hic
1104 4018 1288 4083 fuerit,
1307 4037 1395 4074 Clll
1423 4023 1550 4074 talia
1578 4030 1889 4092 competere
1919 4021 2156 4091 possint;

581 4117 635 4162 et
663 4109 787 4178 quis
812 4111 1046 4179 populus
1080 4125 1240 4180 quem
1273 4112 1462 4166 decem
1504 4113 1671 4166 millia
1706 4113 2050 4166 inimicorum
2093 4112 2160 4166 ad

582 4197 860 4253 dexteram
888 4211 1226 4272 oppugnant,
1265 4203 1332 4256 ad
1373 4204 1604 4259 alterum
1644 4219 1771 4258 vero
1795 4204 1938 4259 latus
1966 4205 2159 4268 millia,

584 4304 760 4360 neque
802 4291 1004 4347 audent
1047 4295 1114 4349 ad
1148 4310 1272 4350 eum
1307 4297 1586 4360 accedere,
1633 4296 1728 4352 sed
1765 4311 1952 4351 coram
1977 4312 2044 4352 eo
2069 4311 2164 4350 ca-

583 4379 757 4448 dunt;
786 4397 885 4453 age
925 4384 1318 4457 disquiramus.
1371 4387 1502 4443 Dico
1542 4397 1722 4442 autem
1774 4389 1957 4458 aliquo
2001 4389 2163 4442 modo

584 4488 746 4545 posse
777 4477 889 4530 btec
925 4478 1116 4533 referri
1146 4481 1212 4535 ad
1244 4480 1517 4534 hominem
1568 4481 1620 4534 in
1657 4480 1876 4535 Christo
1907 4495 2163 4535 consum—

2333 4018 2430 4082 Τίς
2461 4015 2553 4072 οὖν
2593 4017 2788 4086 γένοιτ’
2820 4016 2886 4072 ἂν
2926 4013 3186 4077 τοιοῦτος,
3228 4013 3307 4076 ὡς
3340 4008 3632 4082 ἐφαρμόζειν
3655 3996 3750 4066 αύτῷ

2265 4111 2524 4168 δύνασθαι
2557 4109 2628 4164 τὰ
2653 4109 2900 4172 τοιαῦτα,
2935 4107 3030 4161 καὶ
3053 4106 3111 4170 ὂς
3142 4108 3170 4160 ὁ
3202 4105 3332 4170 λαὸς
3365 4105 3458 4176 μὲν
3493 4098 3662 4172 ἐχθρῶν
3685 4091 3748 4162 μὲν

2270 4203 2536 4276 μυριάδας
2583 4200 3036 4273 ἐπιστρατεύεται
3065 4198 3228 4254 αὑτοῦ
3253 4201 3367 4262 τοῖς
3397 4196 3590 4259 δεξιοῖς,
3618 4181 3748 4282 τοῖςδξ

2267 4296 2410 4349 κατὰ
2451 4295 2678 4366 Θάτερον
2724 4295 2888 4366 μέρος
2914 4294 3175 4367 χιλιάδας,
3225 4292 3301 4365 μὴ
3338 4291 3527 4361 τολμᾷν
3562 4287 3609 4338 δὲ
3639 4280 3746 4334 αὐτο]

2269 4388 2626 4461 προσψαύειν,
2663 4387 3029 4441 καταπίπτειν
3059 4386 3114 4438 δὲ
3145 4383 3451 4455 ἔμπροσθεν
3479 4376 3635 4436 αὑτοῦ,

2269 4460 2710 4550 κατανοήσωμεν.
2737 4479 2883 4548 Φημὶ
2914 4477 2970 4530 δὲ
3000 4477 3118 4530 καθ’
3145 4476 3242 4529 ἕνα
3263 4475 3458 4546 τρόπον
3477 4460 3747 4536 ἀναφέρεσθαι

583 4573 825 4632 malum;
857 4569 1036 4636 qualis
1065 4579 1184 4624 erat
1217 4569 1442 4634 Paulus,
1483 4571 1576 4640 qui
1625 4571 1862 4634 diccbat,
1915 4569 2036 4625 Scio
2069 4570 2158 4625 lio-

2265 4572 2439 4626 ταῦτα
2472 4571 2567 4623 ἐπὶ
2595 4570 2686 4624 τὸν
2715 4571 2772 4622 ἐν
2817 4569 3037 4641 Χριστῷ
3067 4567 3476 4639 τετελειωμένον
3517 4560 3745 4628 ἄνθρωπΰν

583 4659 774 4712 minem
805 4660 859 4715 in
890 4660 1102 4716 Christo
1125 4664 1169 4694 “
1194 4680 1212 4717 :
1243 4673 1296 4718 et
1320 4662 1388 4716 ad
1416 4678 1607 4718 omnes
1639 4663 1728 4731 qtti
1756 4663 1980 4732 perinde
2004 4671 2165 4732 atque

587 4749 678 4804 ille
705 4750 888 4806 dicere
938 4755 1169 4822 possint,
1224 4755 1354 4821 Quis
1391 4772 1482 4809 nos
1516 4754 1782 4823 separabit
1817 4771 1849 4808 a
1905 4753 2165 4808 charitate

588 4840 723 4898 Dei?
749 4843 1046 4910 tribulatio,
1072 4863 1140 4900 an
1173 4849 1521 4917 angustia,an
1546 4848 1858 4915 persecutio,
1885 4865 1952 4900 an
1971 4847 2160 4917 fames,

585 4948 654 4983 an
685 4932 922 4997 auditas,
956 4952 1022 4987 an
1055 4936 1370 5003 periculum,
1430 4955 1497 4990 an
1527 4937 1738 5008 gladius
1792 4938 1837 4968 ⁸⁸
1865 4940 1889 4992 ?
1919 4952 1982 4990 ac
2039 4951 2161 4988 rur-

585 5038 728 5086 sum,
767 5021 954 5080 Certus
984 5043 1100 5080 sum
1129 5030 1269 5081 enim
1300 5031 1422 5099 quia
1454 5045 1613 5098 neque
1646 5045 1809 5092 mors,
1843 5044 2001 5098 neque
2029 5029 2157 5086 vita.

585 5131 745 5184 neque
775 5116 1054 5187 instantia,
1097 5137 1258 5191 neque
1286 5121 1492 5190 futura,
1526 5138 1686 5192 neque
1727 5121 1967 5180 virtutes,
2001 5135 2161 5188 neque

585 5208 834 5273 altitudo,
868 5227 1029 5281 neque
1057 5213 1400 5283 profundum,
1434 5231 1594 5283 neque
1614 5223 1860 5268 creatura
1887 5213 1995 5267 alia
2012 5222 2160 5278 pole-

586 5299 656 5352 rit
686 5315 780 5352 nos
804 5317 1050 5369 separare
1091 5320 1124 5356 a
1153 5302 1412 5356 cltaritate
1450 5300 1568 5364 Dei,
1602 5319 1717 5371 qua:
1747 5309 1824 5355 est
1856 5305 1909 5353 in
1953 5299 2164 5354 Christo

585 5387 710 5444 Iesu
735 5392 779 5423 “
809 5406 828 5445 :
859 5391 926 5446 ad
961 5393 1076 5447 haec
1108 5409 1238 5448 vero
1263 5392 1517 5462 quisquis
1546 5392 1727 5448 dicere
1756 5401 1956 5464 potest,
1986 5389 2086 5445 Sed
2107 5391 2160 5442 in

585 5481 664 5535 his
705 5483 944 5538 omnibus
977 5500 1286 5554 superamus
1315 5485 1382 5547 ⁸⁷,
1409 5483 1607 5552 dignus
1651 5499 1782 5539 sane
1816 5484 1978 5539 fuerit
2006 5493 2066 5540 ut
2094 5485 2162 5540 de

587 5569 704 5642 ipso
738 5573 819 5626 lue
849 5588 1011 5629 voces
1047 5574 1416 5643 proferantur.
1454 5571 1603 5628 Talis
1635 5580 1832 5644 quippe
1874 5575 2037 5629 homo
2067 5576 2162 5628 ha-

587 5663 763 5718 bitans
802 5666 856 5719 in
899 5665 1174 5736 adjutorio
1212 5665 1500 5732 Altissimi,
1533 5674 1584 5719 et
1625 5665 1678 5720 in
1726 5673 2036 5736 legumento
2070 5665 2161 5720 Dei

657 5776 702 5805 “
744 5775 784 5827 ΙΙ
818 5777 945 5830 Cor.
986 5795 1062 5832 xtl
1090 5821 1102 5843 ,
1134 5778 1188 5834 2.

649 5868 722 5934 (1)
760 5869 882 5921 ’Ὁτι
933 5871 1025 5939 μή.

2267 4657 2377 4726 οἷος
2403 4659 2469 4734 ἦν
2495 4663 2746 4734 ὁιΠαῦλος
2770 4663 2942 4732 λέγων
2966 4679 2979 4692 ·
3008 4659 3150 4715 Οἶδα
3169 4662 3476 4728 ἄνθρωπον
3499 4642 3746 4718 ὲνΧριστῲ·

2267 4755 2360 4807 ἐττί
2390 4757 2566 4810 πάντα
2596 4773 2654 4808 τε
2704 4755 2796 4808 τὸν
2832 4756 3031 4826 ὁμοίως
3073 4753 3262 4824 ἐκείνῳ
3300 4753 3470 4819 λέγειν
3498 4744 3745 4835 δυνάμεναί·

2275 4847 2368 4911 Τίς
2419 4845 2577 4916 ἡμᾶς
2609 4847 2853 4916 χωρίσει
2904 4846 3020 4900 ἀπὸ
3081 4844 3190 4912 τῆς
3227 4843 3456 4914 ἀγάπης
3494 4837 3584 4892 τοῦ
3623 4836 3747 4926 θειιῖ

2268 4935 2493 5002 θλίψις,
2527 4935 2563 5004 ἢ
2611 4937 2977 5005 στενοχωρία
3002 4975 3017 4999 ,
3065 4934 3102 5002 ἣ
3142 4933 3392 5003 διωπμές
3415 4973 3428 4996 ,
3473 4929 3504 4996 ἦ
3533 4923 3695 4988 ,ιιμέιν
3725 4923 3746 4978 'i

2269 5030 2600 5098 γυμνότης,
2649 5027 2688 5097 ἢ
2725 5027 3044 5094 κίνδυνος,
3086 5027 3122 5094 ἢ
3156 5025 3450 5096 μάχαιρα;
3497 5019 3574 5076 καὶ
3615 5011 3744 5067 πάλιν

2267 5119 2741 5192 ΙΙέπεισμαιγὰρ,
2777 5121 2866 5174 ὅτι
2897 5122 3035 5175 οὔτε
3058 5119 3330 5185 θάνατος,
3363 5118 3493 5172 οὔτε
3527 5107 3634 5173 ζωὴ.

2267 5212 2589 5278 ἐνεστῶτα,
2630 5215 2768 5268 οὔτε
2809 5213 3151 5284 μέλλοντα,
3177 5211 3314 5264 οὔτε
3361 5201 3744 5292 δυνάμειςνλοθξε

2271 5303 2508 5374 ὕψωμα,
2545 5305 2682 5359 οὔτε
2706 5306 2918 5371 βάθος,
2947 5305 3085 5358 οὔτε
3117 5322 3206 5370 τις
3236 5303 3425 5366 κτίσις
3450 5294 3594 5361 ἑτέρα
3614 5287 3738 5374 Erant:

2267 5409 2438 5448 σεται
2482 5395 2640 5464 ἡμᾶς
2673 5397 2924 5465 χωρίσαι
2954 5395 3072 5450 ἀπὸ
3127 5392 3235 5460 τῆς
3264 5390 3485 5462 ἀγάπης
3532 5377 3740 5475 (diem:

2269 5484 2375 5554 τῆς
2405 5488 2474 5540 ἐν
2506 5487 2738 5556 Χριστῷ
2783 5487 3010 5556 Ἰησοῦ·
3052 5490 3080 5540 ὁ
3125 5487 3182 5539 δὲ
3215 5485 3348 5556 πρὸς
3383 5478 3566 5537 τούτοις
3601 5472 3679 5566 οἷὸς
3701 5472 3737 5509 τε

2269 5575 2343 5632 ὢν
2371 5579 2547 5648 λέγειν
2567 5598 2579 5609 ·
2623 5581 2772 5634 Ἀλλ’
2823 5581 2892 5633 ἐν
2937 5581 3167 5644 τούτοις
3197 5575 3381 5632 πᾶσιν
3407 5567 3735 5636 ὑπερνικωίλενο

2272 5669 2419 5737 ἄξιος
2452 5671 2517 5726 ἂν
2542 5672 2751 5741 γένοιτο
2773 5673 2866 5726 τοῦ
2895 5673 2989 5728 καὶ
3016 5673 3102 5726 ἐπ’
3132 5670 3279 5742 αὐτῷ
3305 5665 3532 5740 λεχθῆναι
3549 5655 3626 5717 τὰς
3647 5658 3734 5719 προ-

1268 5779 1312 5810 ⁶⁸
1354 5777 1512 5833 Rom.
1550 5793 1648 5832 vttt
1682 5777 1770 5832 55.
1853 5779 1894 5807 ⁸⁸
1937 5777 2067 5834 ibid.
2107 5780 2195 5847 38,
2232 5783 2320 5836 39.
2399 5785 2439 5816 ⁸⁷
2483 5783 2614 5840 ibid.
2657 5784 2744 5841 57.
