3974 6538
225 436 368 495 Ηιὸ

1399 435 1907 493 COMMENTARIA
1944 437 2014 494 IN
2052 434 2391 493 PSALMOS.

3351 444 3491 500 ιιιε

224 553 483 627 κειμένας
520 552 720 622 φωνάς.
760 552 819 606 '0
860 554 970 626 γὰρ
998 554 1255 619 τοιοῦτος,
1288 554 1557 609 κατοικῶν
1598 556 1655 608 ὲν
1681 554 1795 626 βοη-

1905 570 2272 624 commorans,
2317 555 2463 611 dicet
2511 555 2741 611 Domino
2775 571 2788 607 :
2824 555 3108 626 Susceplor
3148 574 3291 613 meus
3328 576 3382 615 es
3436 572 3489 617 et

225 647 347 719 θεία
379 643 474 698 τοῦ
517 643 796 714 Ὑψίστου,
834 645 927 698 καὶ
959 646 1018 699 ὲν
1069 645 1247 718 σκέπῃ
1279 645 1372 699 τοῦ
1424 645 1560 699 Θεοῦ
1590 645 1808 713 αὐλιζό-

228 755 409 809 μενος,
443 738 561 809 ἐρεῖ
606 736 685 808 τῷ
732 738 957 809 Κυρίῳ*
1006 738 1405 806 Ἀντιλήπτωρ
1446 755 1567 807 μου
1608 733 1668 791 εῖ
1708 738 1809 793 καὶ

224 830 540 904 καταφυγή
586 849 705 899 μου
729 870 747 895 ,
788 835 821 886 ὁ
861 832 1036 899 Θεὸς,
1080 832 1181 886 καὶ
1221 831 1408 887 arma
1455 833 1549 886 ἐπ’
1597 835 1806 892 αὐτόν.

223 924 410 978 Ταῦτα
438 924 493 976 δὲ
521 923 689 977 αὐτοῦ
720 923 959 978 διαθέσει
1005 925 1190 997 τελείᾳ.
1223 927 1525 997 εἰρηκότος,
1560 924 1807 990 θεσπίζει

152 1045 161 1068 .-
220 1016 373 1089 αὐτῷ
399 1018 459 1071 τὸ
480 1017 622 1071 θεῖον
654 1016 899 1087 Πνεῦμα,
917 1016 1083 1087 ὁτιδὴ
1112 1016 1331 1087 ἀσφαλῆ
1362 1017 1542 1071 εἵλατο
1566 1018 1803 1087 φύλακα,

221 1113 317 1166 καὶ
347 1111 519 1184 καλὴν
551 1112 821 1182 ἐκτήσατο
840 1110 1162 1182 καταφυγὴν
1189 1112 1281 1165 τὸν
1306 1111 1528 1181 Κύριον.
1553 1111 1807 1165 Τοιοῦτον

218 1203 330 1275 γὰρ
365 1202 502 1273 ἔχων
536 1202 729 1273 βοηθὸν
760 1203 853 1256 καὶ
900 1202 1183 1274 πρόμαχον
1216 1203 1312 1257 καὶ⁹
1355 1202 1804 1274 ύπερασπιστὴν,

218 1294 409 1348 οὐδένα
446 1293 556 1347 τῶν
608 1293 821 1366 ἐχθρῶν
881 1294 1282 1365 φοϐηθησεται,
1339 1294 1433 1347 ἅτε
1492 1294 1657 1348 αὐτοῦ
1709 1294 1803 1348 τοῦ

217 1388 429 1459 Κυρίου
476 1388 742 1458 ῥυομένου
791 1388 951 1441 αὐτὸν
992 1386 1051 1454 ἐξ
1097 1386 1375 1442 ἁπάντων.
1424 1386 1534 1439 Καὶ
1587 1386 1694 1458 γὰρ
1739 1389 1806 1440 ὲκ

216 1480 449 1548 παγίδος
488 1479 768 1551 θηρευτῶν
820 1478 1080 1546 ὲξελεῖται
1120 1477 1281 1531 αὐτὸν
1303 1518 1319 1542 ,
1365 1476 1461 1531 καὶ
1504 1477 1612 1530 ἀπὸ
1644 1478 1804 1547 λόγου

212 1571 565 1643 ταραχώδους
596 1573 709 1635 τοῖς
756 1570 1112 1642 μεταφρένοις
1150 1567 1313 1622 αὐτοῦ
1348 1568 1656 1622 ἐπισκιάσει
1703 1570 1801 1623 αὐ-

211 1662 296 1733 τῷ
316 1680 330 1694 ·
363 1664 457 1717 καὶ
490 1665 666 1718 πάντα
687 1661 832 1716 δὲτὰ
866 1662 991 1732 ἑξῆς
1015 1659 1473 1732 κατηριθμημένα
1509 1662 1599 1713 ἐπὶ
1624 1662 1803 1715 πάντα

210 1751 311 1806 τὸν
334 1755 392 1808 ὲν
425 1751 648 1825 Χριστῷ
680 1752 885 1805 τέλειον
914 1750 1201 1821 ἄνθρωπον
1230 1749 1646 1821 ἀνενεχθήσεται
1666 1790 1679 1814 ,
1707 1751 1803 1804 καὶ

209 1844 309 1896 ἐπὶ
330 1843 391 1897 τὸ
424 1843 581 1915 σῶμα
618 1843 675 1897 δὲ
705 1841 962 1914 Χριστοῦ,
998 1842 1116 1911 ἦτοι
1150 1840 1241 1894 τὸν
1270 1841 1334 1894 ὲκ
1368 1840 1586 1894 τελείων
1613 1840 1801 1911 ψυχῶν

1910 647 2170 719 refugium
2196 664 2389 713 meum,
2420 647 2584 715 Deus,
2616 662 2666 704 et
2694 647 2913 718 sperabo
2938 650 2991 702 in
3021 666 3158 706 eum.
3183 649 3306 706 Haec
3328 654 3491 725 quip-

1909 756 1977 811 pe
2003 757 2071 795 ex
2114 740 2356 811 perfecto
2389 748 2444 795 et
2475 741 2692 797 sincero
2739 739 2936 796 affectu
2971 741 3265 807 dicentem,
3298 744 3489 800 vatici-

1908 841 2074 887 natur
2101 834 2323 888 divinus
2364 831 2601 903 Spiritus
2633 840 2811 887 tutum
2842 834 3072 903 elegisse
3105 835 3409 900 custodem,
3433 844 3489 892 et

1909 928 2199 1000 pulchrum
2235 929 2548 984 obtinuisse
2596 929 2892 1000 refugium,
2928 932 3139 987 scilicet
3175 930 3487 989 Dominum.

1907 1024 2043 1078 Cum
2078 1025 2240 1078 talem
2287 1022 2487 1094 quippe
2545 1022 2872 1091 adiutorem,
2926 1032 3383 1093 propugnatorem
3436 1033 3490 1080 et

1906 1120 2273 1184 protectorem
2326 1120 2525 1167 nactus
2574 1112 2664 1179 sit,
2701 1113 2909 1166 nullum
2939 1113 3284 1168 inimicorum
3318 1116 3490 1185 perti-

1906 1213 2135 1269 mescet,
2165 1205 2295 1275 quia
2327 1206 2504 1276 ipsum
2531 1203 2795 1260 Dominus
2824 1221 2891 1259 ex
2918 1205 3176 1261 omnibus
3207 1208 3371 1262 eruit.
3395 1206 3490 1261 Et—

1904 1298 2048 1353 enim
2075 1313 2142 1353 ex
2164 1298 2358 1367 laqueo
2393 1298 2707 1352 venantium
2732 1297 2987 1353 liberabit
3011 1314 3158 1363 eum,
3190 1308 3246 1354 et
3265 1313 3294 1352 a
3322 1300 3490 1354 verbo

1904 1390 2245 1454 turbulento,
2277 1390 2519 1460 scapulis
2541 1390 2657 1445 suis
2677 1390 3028 1446 obumbrabit
3055 1393 3104 1446 ei
3135 1411 3147 1445 :
3178 1393 3490 1464 pariterque

1904 1482 2087 1537 omnia
2121 1497 2245 1552 quae
2294 1482 2399 1538 sub
2446 1483 2561 1537 haec
2596 1489 2975 1547 recensentur,
3024 1484 3094 1538 ad
3134 1485 3384 1554 quemvis
3432 1488 3488 1541 in

1902 1571 2127 1626 Christo
2142 1571 2445 1641 perfectum
2481 1573 2755 1627 hominem
2798 1571 3130 1643 referentur;
3156 1576 3489 1646 itemquead

1902 1678 2106 1733 corpus
2138 1663 2365 1727 Christi,
2402 1663 2652 1719 videlicet
2686 1665 2754 1719 ad
2794 1673 3093 1736 martyrum
3145 1668 3373 1722 chorum
3419 1684 3488 1725 ex

1901 1754 2159 1825 perfectis
2187 1755 2477 1811 animabus
2510 1757 2907 1826 compositum;
2940 1756 3056 1813 sive
3091 1758 3157 1811 ad
3194 1759 3489 1828 perfectam

1904 1844 2206 1902 Ecclesiam
2241 1847 2437 1918 ipsius,
2461 1863 2625 1918 quam
2656 1850 2773 1919 ipse
2807 1850 2912 1905 sibi
2954 1857 3136 1906 astare
3167 1850 3314 1915 fecit,
3334 1853 3486 1908 nulla

208 1935 721 2006 κατεσκευασμένον
774 1932 1067 2004 μαρτύρων
1118 1932 1311 2002 χορόν·
1360 1932 1393 2004 ἢ
1444 1932 1544 2004 τὴν
1586 1932 1795 1987 τελείαν

1904 1940 2119 1994 macula
2152 1948 2247 1994 aut
2278 1941 2401 1995 labe
2432 1948 2527 1994 aut
2557 1943 2814 2011 quopiam
2855 1941 3021 1997 simili
3073 1942 3342 1997 alfectam.
3384 1943 3486 2010 Qui

223 2028 556 2100 Ἐκκλησίαν
585 2028 772 2092 αὐτοῦ,
800 2029 867 2098 ἣν
888 2027 1050 2090 αὐτὸς
1080 2026 1259 2098 ἑαυτῴ
1288 2029 1689 2099 παρεστήσατο,
1723 2028 1797 2100 μὴ

204 2120 445 2191 ἔχουσαν
479 2121 665 2173 σπῖλον
694 2120 726 2190 ἢ
756 2119 963 2190 ῥυτίδα,
990 2119 1024 2190 ἦ
1056 2136 1110 2172 τι
1136 2118 1247 2172 τῶν
1266 2118 1542 2173 τοιούτων.
1580 2119 1639 2172 '0
1667 2118 1800 2187 γοῦν

204 2213 308 2265 ἐπὶ
340 2212 439 2283 τὴν
470 2213 674 2283 πέτραν
700 2210 1074 2282 οἰκοδομήσειν
1107 2209 1515 2281 ὲπηγγελμένος
1533 2210 1634 2282 τὴν
1674 2212 1799 2263 Ἐκ-

204 2303 445 2373 κλησίαν
466 2302 653 2368 αὐτοῦ,
678 2302 752 2367 ὡς
779 2301 853 2373 μὴ
879 2303 1053 2366 πύλας
1082 2302 1210 2373 ᾅδου
1234 2301 1581 2373 κατισχύσειν
1607 2302 1794 2372 αὐτῆς,

205 2392 375 2455 αὐτὸς
424 2393 595 2463 αὐτῆς
640 2392 733 2444 καὶ
786 2391 959 2461 φύλαξ
1010 2393 1103 2446 καὶ
1152 2393 1388 2464 φρουρὸς
1430 2393 1604 2456 ἔσται,
1639 2410 1796 2462 περι-

206 2484 467 2556 φράττων
488 2485 659 2555 αὐτὴν
686 2485 781 2538 καὶ
826 2484 1290 2553 ἀσφαλιζόμενος,
1322 2483 1458 2554 πρὸς
1485 2484 1548 2537 τὸ
1586 2484 1661 2554 μὴ
1697 2482 1796 2547 τὰς

205 2577 388 2641 πύλας
418 2563 514 2629 τοῦ
559 2575 686 2648 ᾅδου
742 2575 1059 2645 κατισχύειν
1088 2576 1279 2646 αὐτῆς.
1332 2575 1424 2628 Διὸ
1470 2578 1537 2647 τῇ
1570 2575 1795 2647 τοιαύτῃ

221 2668 520 2741 Ἐκκλησία
541 2709 555 2733 ,
590 2669 684 2722 καὶ
723 2668 800 2737 τῷ
832 2667 1058 2739 τοιούτῳ
1099 2668 1165 2738 δὴ
1200 2668 1439 2740 Χριστοῦ
1500 2667 1793 2740 μαρτύρων

205 2761 390 2834 χορῷ,
426 2760 504 2832 τῷ
534 2760 817 2819 κατοικίαν
854 2760 949 2830 μὲν
992 2759 1257 2830 μηδαμῶς
1308 2758 1487 2830 ἔχοντι
1539 2760 1632 2813 ἐπὶ
1666 2762 1791 2832 γῆς,

203 2852 495 2924 δυναμένῳ
524 2852 582 2905 δὲ
615 2852 817 2920 λέγειν,
862 2849 1051 2920 Ἠμῶν
1107 2849 1175 2904 δέ
1230 2850 1296 2904 τὸ
1348 2852 1679 2921 πολίτευμα
1725 2851 1796 2904 ὲν

204 2940 489 3013 οὐραγοῖς
538 2942 830 3011 ὑπάρχει,
874 2941 1226 3013 λεχθήσεται·
1280 2941 1335 2996 '0
1383 2943 1679 2997 κατοικῶν
1723 2942 1796 2995 ἐν

196 3037 457 3105 ,βοηθείᾳ
489 3035 595 3089 τοῦ
611 3035 917 3103 Ὑψίστου,
942 3033 1222 3102 ἐνσκέπῃ
1247 3032 1354 3087 τοῦ
1385 3034 1534 3087 Θεοῦ
1562 3033 1671 3088 τοῦ
1689 3035 1790 3087 οὺ-

194 3130 396 3201 ρανοῦ
413 3129 870 3199 αὐλισθήσεται.
888 3122 1131 3198 Εἶτ’ὲρεῖ
1148 3127 1244 3197 μὲν
1277 3126 1441 3191 αὐτὸς
1471 3125 1550 3198 τῷ
1580 3127 1790 3200 Κυρίῳ,

200 3219 268 3279 οὐ
299 3224 478 3277 εἵλατο
524 3223 803 3277 κατοικεῖν
840 3219 948 3272 ὐπὸ
978 3220 1078 3291 τὴν
1110 3219 1319 3291 σκέπην
1340 3234 1357 3251 ο
1400 3220 1792 3289 Ἀντιλήπτωρ

1904 2031 2067 2101 igitur
2089 2030 2389 2087 Ecclesiam
2418 2047 2575 2089 suam
2609 2049 2667 2089 se
2692 2048 2855 2103 supra
2885 2041 3093 2103 petram
3129 2033 3488 2089 fundaturum

1900 2139 2024 2179 esse
2053 2124 2335 2195 pollicitus
2372 2132 2493 2190 est;
2532 2123 2606 2177 ita
2649 2132 2709 2177 ut
2755 2132 2928 2193 porta:
2987 2123 3148 2179 inferi
3204 2140 3487 2195 nunquam

1899 2217 2228 2287 prmvaleant
2273 2216 2538 2272 adversus
2578 2231 2719 2278 eam,
2757 2216 2905 2270 illius
2960 2216 3076 2286 ipse
3106 2223 3159 2271 et
3206 2225 3398 2272 custos
3436 2227 3491 2272 et

1899 2309 2276 2378 prtesidiarius
2304 2309 2431 2374 erit,
2462 2310 2638 2379 ipsam
2664 2309 3133 2364 eircummunicns
3163 2317 3219 2365 ct
3249 2311 3482 2374 vallans,

1897 2417 1968 2456 ne
2000 2412 2168 2473 porta:
2198 2402 2358 2457 inferi
2382 2401 2714 2472 praivaleant
2747 2401 3012 2458 adversus
3039 2417 3180 2457 cam.
3212 2402 3491 2469 Quamob-

1895 2509 2011 2547 rem
2081 2494 2399 2563 hujusmodi
2452 2491 2743 2561 Ecclesia,
2800 2504 2855 2549 et
2908 2495 3227 2564 hujusmodi
3280 2494 3489 2551 Christi

1897 2592 2201 2655 martyrum
2236 2585 2425 2651 choro,
2479 2587 2571 2657 qui
2624 2586 2998 2641 habitaculum
3035 2588 3256 2658 quidem
3308 2588 3489 2642 nulla-

1896 2685 2059 2734 tenus
2089 2680 2144 2733 in
2177 2687 2324 2735 terra
2358 2680 2564 2747 habet,
2598 2682 2693 2737 sed
2729 2682 2845 2737 haec
2900 2681 3004 2735 fari
3049 2684 3248 2752 potest,
3282 2680 3490 2736 Nostra

1898 2782 2073 2826 autem
2103 2775 2429 2827 conversatio
2456 2774 2511 2827 in
2533 2774 2677 2828 cretis
2698 2784 2774 2828 est
2799 2775 2864 2839 ⁸⁸,
2888 2774 3122 2838 dicetur,
3158 2775 3262 2841 Qui
3282 2774 3487 2828 habitat

1894 2862 1948 2915 in
1972 2862 2240 2931 adjutorio
2282 2863 2568 2927 Altissimi,
2594 2865 2648 2917 in
2682 2873 2977 2934 tegumenta
3000 2864 3097 2919 Dei
3125 2866 3240 2919 coeli
3262 2881 3489 2919 commo-

1895 2952 2122 3007 rabitur.
2155 2952 2362 3007 Deinde
2396 2952 2543 3006 dicet
2579 2952 2799 3023 quidem
2828 2954 2946 3022 ipse
2975 2952 3228 3015 Domino,
3264 2952 3368 3007 sub
3389 2967 3488 3006 cu-

1890 3042 1984 3112 jus
2020 3052 2335 3114 legumento
2389 3043 2636 3099 habitare
2668 3045 2966 3113 cooptavit,
3010 3042 3296 3114 Susceptor
3340 3059 3485 3098 meus

1894 3151 1948 3188 es
1992 3144 2041 3189 et
2067 3135 2328 3205 refugium
2358 3151 2551 3199 meum,
2586 3133 2727 3189 Deus
2755 3151 2919 3202 meus,
2942 3145 2994 3189 et
3017 3136 3238 3205 sperabo
3268 3137 3322 3190 in
3342 3152 3484 3191 eum.

1896 3225 2030 3281 Cum
2063 3234 2244 3281 autem
2303 3227 2467 3281 talem
2520 3226 2804 3282 custodem
2856 3233 3055 3283 nactus
3090 3228 3182 3293 sit,
3232 3234 3286 3281 et
3319 3227 3486 3283 talem

195 3335 323 3389 μου
353 3313 413 3370 εἷ
436 3316 534 3369 καὶ
560 3313 874 3383 καταφυγή
899 3330 1041 3382 μου,
1067 3314 1102 3366 ό
1131 3313 1275 3377 Θεός
1297 3330 1440 3381 μου,
1477 3312 1576 3366 καὶ
1604 3314 1792 3367 eam

1898 3317 2002 3372 sibi
2035 3324 2370 3372 servatorem
2416 3325 2470 3371 et
2512 3316 2816 3386 adjutorem
2843 3304 3186 3387 ascripserit,
3229 3316 3375 3371 dicet
3406 3317 3486 3372 illi

198 3409 299 3462 ἐπ’
327 3407 536 3462 αὐτόν.
563 3405 909 3477 Κτησαμένῳ
934 3404 991 3457 δὲ
1020 3403 1170 3476 αὐτῷ
1189 3403 1429 3459 τοιοῦτον
1456 3404 1673 3475 φύλακα
1696 3408 1790 3460 καὶ

1899 3408 2140 3481 Spiritus
2170 3410 2411 3475 divinus,
2443 3410 2708 3480 optimam
2764 3410 2943 3480 ipsum
2978 3410 3284 3480 portionem
3353 3409 3483 3465 ade-

200 3500 447 3554 τοιοῦτον
496 3500 718 3570 σωτῆρα
764 3499 860 3552 καὶ
897 3497 1089 3569 βοηθὸν
1123 3498 1557 3570 ἐπιγραψαμένῳ
1592 3498 1788 3571 λεχθὴ-

1898 3513 2050 3576 ptum
2086 3519 2230 3569 esse,
2260 3518 2480 3558 murum
2504 3504 2897 3569 ﬁrmissimum,
2917 3504 3337 3574 inexpugnabile
3359 3519 3487 3558 scu—

203 3612 358 3648 σεται
388 3593 493 3647 ὑπὸ
520 3591 615 3645 τοῦ
652 3591 800 3645 θείου
849 3590 1188 3663 Πνεύματος,
1223 3592 1300 3655 ὡς
1337 3592 1445 3661 ἄρα
1478 3592 1564 3663 εἴη
1620 3592 1789 3663 καλὴν

1898 3603 2036 3659 tum,
2065 3593 2277 3649 scilicet
2309 3593 2597 3648 Dominum
2639 3610 2821 3650 suum.
2857 3594 3015 3649 Ilunc
3034 3594 3236 3665 quippe
3262 3602 3481 3658 nactus,

201 3683 509 3756 εὑράμενος
547 3680 728 3751 ἐαυτῷ
764 3678 958 3751 μερίδα
990 3680 1085 3733 καὶ⁸
1140 3683 1317 3750 τεῖχος
1366 3680 1591 3750 ὀχυρὸν,
1626 3681 1791 3739 ὅπλον

1898 3688 1949 3741 in
1981 3694 2100 3741 tuto
2128 3695 2184 3741 et
2209 3688 2327 3741 sine
2366 3686 2737 3741 sollicitudine
2768 3684 2949 3756 deget,
2983 3692 3172 3755 utpote
3199 3685 3291 3755 qui
3322 3685 3482 3739 habi-

200 3794 265 3831 τε
295 3777 509 3849 ἄμαχον
534 3775 626 3828 τὸν
666 3772 860 3827 ἑαυτοῦ
911 3774 1138 3845 Κύριον.
1171 3773 1373 3827 Τοῦτον
1405 3774 1515 3845 γὰρ
1552 3772 1692 3843 ἔχων
1729 3774 1789 3826 ὲν

1898 3785 1970 3834 ιει
2016 3778 2072 3832 in
2114 3776 2389 3846 adjutorio
2438 3776 2728 3843 Altissimi,
2759 3785 2813 3833 et
2853 3777 2911 3832 in
2954 3784 3269 3848 legumento
3326 3776 3482 3833 fortis

200 3866 442 3935 ἀσφαλεῖ
485 3866 580 3920 καὶ
627 3866 949 3940 ἀμερίμνως
996 3866 1227 3936 οἰκήσει,
1270 3864 1365 3919 ἀτε
1411 3864 1681 3921 κατοικῶν
1730 3867 1788 3918 εν

1898 3871 2281 3922 commoretur.

202 3960 428 4042 βοηθείᾳ
450 3958 546 4013 τοῦ
604 3959 876 4029 Ὑψίστου,
935 3960 1030 4012 καὶ
1063 3960 1123 4013 ὲν
1162 3957 1340 4031 σκέπῃ
1383 3958 1475 4011 τοῦ
1535 3958 1721 4014 ἱκανοῦ
1764 3958 2134 4031 αὐλιζόμενος.

277 4058 341 4111 Εί
376 4056 506 4126 γοῦν
535 4072 686 4120 ποτε,
726 4055 910 4127 φησιν,
952 4056 1000 4110 oi
1041 4054 1151 4108 τῶν
1194 4053 1551 4126 ἀνθρωπείων
1600 4053 1788 4124 ψυχῶν

1971 4054 2031 4114 Si
2058 4056 2243 4126 itaque
2264 4054 2364 4120 illi,
2383 4062 2493 4119 ait,
2516 4054 2883 4109 humanarum
2911 4054 3214 4110 animarum
3260 4063 3482 4108 venato-

201 4150 504 4222 θηρευταὶ,
540 4149 766 4218 ἀφανεῖς
814 4148 907 4203 καὶ
959 4146 1181 4220 ἀόρατοι
1227 4146 1486 4217 δυνάμεις
1534 4147 1675 4201 κατὰ
1728 4147 1791 4201 τὸ

1898 4167 2011 4215 res,
2036 4148 2337 4205 invisibiles
2355 4148 2566 4204 scilicet
2590 4156 2645 4202 et
2674 4147 2903 4201 occulta:
2927 4147 3183 4211 virtutes,
3212 4161 3311 4217 pro
3333 4160 3484 4201 more

201 4239 439 4311 σύνηθες
488 4239 672 4302 αὐτοῖς
728 4238 963 4306 παγίδας
1023 4236 1296 4308 λαθραίως
1348 4236 1786 4307 ἑγκρύπτοντες,

1898 4243 2062 4298 solito
2089 4243 2315 4312 laqueos
2347 4241 2487 4295 clam
2532 4239 2898 4305 occultantes,
2930 4246 2985 4294 te
3024 4254 3264 4309 unquam
3295 4252 3485 4309 aggre-

198 4330 604 4406 προϐἀλλεσθαι
635 4330 776 4385 κατά
812 4329 906 4384 σοῦ
931 4330 1220 4404 πειρῷντο,
1248 4330 1399 4383 οὐδὲν
1432 4332 1615 4395 αὐτοῖς
1637 4330 1790 4385 ἔσται

1898 4335 2140 4399 diantur,
2186 4333 2324 4388 nihil
2375 4332 2617 4403 proderit
2669 4331 2777 4386 illis
2819 4350 2832 4386 :
2881 4332 3005 4401 quia
3055 4331 3172 4402 ipse
3219 4330 3484 4385 Dominus

197 4424 395 4478 πλέον·
428 4425 511 4478 ὅτι
559 4423 719 4487 αὐτὸς
752 4424 957 4495 Κύριος
987 4423 1210 4494 ῥύσεταί
1245 4439 1305 4475 σε
1340 4423 1405 4477 ὲκ
1434 4422 1660 4491 παγίδος
1694 4422 1791 4494 θη·-

1898 4433 2051 4483 eruct
2082 4435 2136 4482 te
2149 4426 2215 4482 de
2247 4426 2442 4497 laqueo
2471 4425 2811 4489 venantium,
2839 4422 3079 4495 Laqueus
3106 4423 3365 4477 contritus
3381 4430 3482 4487 est,

202 4516 434 4591 ρευτῶν,
471 4517 533 4573 Ἠ
565 4516 746 4586 παγίς
777 4516 1117 4584 συνετρίϐη,
1163 4515 1265 4569 καὶ
1294 4516 1465 4585 ἡμεῖς
1491 4517 1787 4585 ἐρῤύσθη-

1898 4530 1943 4576 et
1974 4536 2068 4572 nos
2101 4517 2313 4573 liberati
2341 4533 2524 4572 sumus
2558 4517 2625 4570 ‘9.
2671 4515 2827 4582 Quod
2872 4518 2916 4571 si
2963 4530 3088 4569 eum
3137 4514 3484 4570 sermonibus

195 4626 335 4682 μεν.
368 4609 431 4662 Ei
459 4608 518 4663 δὲ
566 4607 662 4660 καὶ
699 4606 877 4675 λόγοις
920 4605 1169 4677 θορυϐεῖν
1214 4606 1540 4677 ἐπιχειροῖεν
1615 4604 1787 4669 ἱέντες

1898 4626 2116 4683 quoque
2160 4609 2385 4665 turbare
2416 4609 2780 4672 tentaverint,
2826 4607 3125 4677 impietatis
3186 4622 3299 4661 suae
3334 4607 3483 4662 virus

1898 4703 1927 4718 ι·
2206 4702 2286 4718 γ’..
2333 4707 2446 4718 νιικ
2548 4699 2630 4718 LE-
2701 4700 2850 4718 -.!-_.-
2914 4698 3137 4718 !l|_--__._
3206 4696 3477 4718 ι.-...ξ..-...

200 4702 416 4759 ἑαυτῶν
436 4701 527 4754 τὸν
548 4702 647 4770 τῆς
669 4698 920 4761 ἀσεϐείας
950 4698 1027 4753 ἰὸν
1047 4697 1135 4751 διὰ
1155 4700 1256 4768 τῆς
1280 4696 1488 4751 ἑαυτῶν
1512 4695 1786 4769 γλώσσης,

199 4796 340 4853 ἀλλὰ
375 4795 469 4849 καὶ
502 4792 708 4849 τούτων
754 4790 933 4844 αὐτῶν
976 4789 1188 4857 πάλιν-ό
1225 4789 1428 4861 Κύριος
1457 4788 1669 4860 ἀϐλαϐῆ
1697 4789 1788 4843 τὸν

199 4887 399 4944 ἑαυτοῦ
418 4886 701 4959 ἄνθρωπον
723 4881 1098 4953 φυλάξει.”1να
1126 4880 1201 4953 μὴ
1231 4884 1261 4935 ὁ
1292 4882 1533 4953 φλογμὸς
1562 4881 1656 4935 τοῦ
1682 4881 1789 4935 τῶν

200 4978 506 5052 ἀνθρώπων
529 4977 644 5048 βίου
679 4974 775 5028 καὶ
805 4974 835 5026 ὁ
857 4971 1172 5042 τῆςκακίας
1212 4972 1455 5036 καύσων,
1483 4973 1577 5025 ἐπὶ
1604 4973 1789 5027 πλεῖον

198 5071 530 5135 ὲκκαυθεὶς,
572 5068 746 5140 ἐξάψῃ
774 5066 842 5121 τὰ
888 5066 1034 5122 κακὰ
1074 5064 1215 5119 κατά
1249 5064 1345 5119 τοῦ
1390 5065 1485 5135 τῆς
1511 5063 1791 5127 εὐσεϐείας

199 5166 459 5238 ἀθλητοῦ,
475 5163 720 5227 θεσπίζει
735 5161 959 5231 φάσκων
987 5161 1012 5214 ὁ
1037 5158 1194 5228 λόγος
1230 5157 1376 5228 αὐτῷ
1392 5175 1406 5188 ο
1426 5158 1521 5209 Ἐν
1544 5156 1668 5223 τοῖς
1682 5174 1789 5225 με·

200 5259 519 5329 ταφρένοις
576 5254 762 5311 αὐτοῦ
808 5252 1154 5307 ἐπισκιάσει
1203 5268 1336 5313 σοι,
1383 5250 1484 5306 καὶ
1519 5250 1636 5305 ὑπὸ
1679 5250 1787 5317 τὰς

202 5352 505 5422 πτέρυγας
532 5348 719 5404 αὑτοῦ
750 5345 1077 5412 ἐλπιεῖςΈί
1102 5344 1160 5398 δὲ
1190 5342 1285 5397 καὶ
1320 5342 1594 5414 πολεμίων
1622 5340 1783 5411 στίφη

203 5443 579 5516 πεπυρωμένα
619 5442 713 5497 καὶ
740 5438 1093 5510 θανατηφόρα
1117 5437 1243 5507 βέλη
1268 5435 1441 5503 λόγων
1462 5434 1671 5505 ψευδῶν
1691 5434 1788 5491 καὶ

203 5540 303 5611 τῆς
323 5536 581 5609 ἀληθείας
599 5534 858 5589 ἐναντίων
875 5531 1146 5595 ἀκοντίζοι
1162 5528 1304 5583 κατὰ
1321 5527 1417 5581 τοῦ
1435 5527 1593 5597 δηλου
1603 5527 1788 5598 μένου,

204 5632 368 5695 αὐτὸς
398 5631 496 5702 μὲν
536 5627 799 5699 ἡσυχάσει
832 5626 983 5697 νόμῳ
1023 5624 1155 5694 θείιρ
1206 5622 1515 5693 πειθαρχῶν
1554 5623 1785 5691 λέγοντι·

209 5722 423 5791 Κύριος
459 5717 791 5788 πολεμήσει
827 5716 980 5785 ὑπὲρ
1016 5713 1218 5783 ὑμῶν,
1261 5714 1359 5767 καὶ
1402 5712 1571 5782 ὑμεῖς
1611 5712 1785 5782 σιγή-

280 5879 328 5914 ⁸³
367 5875 563 5943 Philip.
605 5889 697 5941 ιιι,
730 5872 820 5931 20.
899 5872 941 5903 ⁶⁹
986 5869 1134 5928 Psal.
1171 5883 1375 5938 cum,
1414 5869 1464 5925 7.

1894 4703 2079 4772 lingua
2136 4702 2481 4763 emittentes,
2548 4699 2634 4753 his
2692 4700 2857 4753 etiam
2912 4698 3142 4753 illaesum
3206 4696 3480 4751 hominem

1893 4808 2053 4849 suum
2085 4791 2350 4848 Dominus
2382 4791 2642 4847 servabit.
2673 4788 2752 4844 Ac
2787 4804 2854 4844 ne
2884 4790 3137 4844 humana:
3173 4789 3295 4843 vita:
3315 4796 3483 4843 azstus

1892 4895 1945 4941 et
1978 4885 2141 4939 ardor
2173 4884 2395 4938 malitiae
2425 4882 2599 4954 magis
2648 4882 2934 4953 magisque
2961 4882 3252 4945 incensus,
3289 4890 3481 4936 contra

1892 4974 2110 5043 pietatis
2143 4972 2401 5027 athletam
2417 4972 2559 5025 mala
2578 4971 2900 5037 succendat,
2928 4971 3045 5026 haec
3068 4986 3249 5026 sermo
3268 4970 3370 5038 ipsi
3390 4985 3482 5023 va—

1891 5065 2174 5120 ticinatur:
2195 5061 2262 5117 In
2291 5062 2522 5129 scapulis
2542 5063 2654 5116 suis
2676 5060 3010 5117 obumbrabit
3034 5062 3216 5126 tibi,et
3232 5060 3327 5116 sub
3358 5076 3481 5116 uen-

1893 5158 1976 5211 nis
1999 5155 2113 5225 ejus
2135 5152 2393 5224 sperabis.
2414 5152 2571 5219 Quod
2590 5154 2636 5209 si
2672 5153 3021 5209 inimicorum
3048 5144 3288 5225 agmina,
3311 5153 3480 5223 ignita

1893 5256 1947 5305 et
1995 5247 2246 5304 lethifera
2295 5246 2643 5302 mendacium
2677 5254 2889 5301 etcum
2935 5262 3066 5301 vero
3114 5244 3476 5317 pugnantium

1894 5354 2209 5397 sermonum
2231 5340 2336 5395 tela
2361 5340 2677 5410 jaculentur
2697 5339 2963 5395 adversus
2984 5345 3344 5394 memoratum
3380 5337 3477 5391 bo-

1891 5434 2117 5499 minem,
2148 5435 2240 5490 ille
2266 5434 2489 5505 quidem
2515 5434 2785 5503 quiescet,
2819 5432 3019 5487 divinae
3065 5432 3167 5501 legi
3198 5430 3477 5501 obtempe-

1891 5542 2026 5582 rans
2058 5543 2179 5597 qua:
2206 5526 2284 5581 ait
2334 5545 2348 5581 :
2398 5526 2659 5580 Dominus
2688 5542 2784 5594 pro
2814 5524 2956 5579 vobis
3002 5521 3275 5593 pugnabit,
3308 5530 3358 5576 et
3389 5539 3476 5576 vos

1894 5618 2134 5673 tacebitis
2193 5633 2212 5672 :
2270 5624 2579 5688 opportune
2637 5627 2818 5673 autem
2884 5614 3223 5685 ipsidicitur
3261 5632 3274 5668 :
3312 5612 3475 5668 Scuto

1893 5711 2238 5767 circumdabit
2289 5722 2335 5766 te
2366 5712 2560 5765 veritas
2619 5711 2754 5780 ejus.
2818 5708 2937 5779 ipsa
2992 5722 3228 5781 namque
3271 5705 3472 5763 Christi
