3974 6514
568 409 705 466 ΗΠ
1244 411 1515 470 EUSEBII
1552 410 2033 470 CAESARIENSIS
2070 410 2225 469 OPP.
2268 410 2452 469 PARS
2489 412 2581 467 Ill.
2618 391 2695 453 -ί
2726 408 3139 468 EXEGETICA.
3638 414 3738 470 llis

566 524 834 581 doctrina
864 525 1089 591 veritas,
1115 525 1373 582 virtutem
1412 539 1665 598 magnam
1701 525 1975 589 obtinens,
2014 539 2135 579 eum

2174 531 2217 587 Α
2243 528 2427 580 σεσθε
2448 543 2461 556 ·
2497 524 2818 598 λεχθήσεται
2853 525 2910 579 δὲ
2931 523 3079 593 ἀύτῷ
3098 521 3239 577 κατὰ
3264 522 3451 594 καιρὸν
3470 521 3550 587 τὸ,
3587 524 3743 593 ὐιλφ

567 619 1011 681 circummuniet.
1048 621 1104 673 in
1154 620 1390 674 circuitu
1421 620 1599 689 posita
1639 634 1705 674 ac
1748 626 1906 674 scuto
1956 626 2136 688 tegens

2248 617 2549 685 κυκλώσει
2579 633 2655 671 σε
2684 620 2722 687 ἡ
2751 617 3001 686 ἀλήθεια
3031 614 3237 670 αὐτοῦ.
3307 614 3443 685 Δῦτη
3472 614 3569 685 γὰρ
3592 617 3622 686 ἡ
3645 618 3740 688 ἀλή-

568 722 692 772 suo,
725 716 784 761 ut
813 724 898 771 ue_
926 709 1218 763 accedente
1235 718 1416 773 nocte,
1453 717 1508 764 et
1543 708 1785 763 tenebris
1814 707 2027 771 oli‘usis,
2056 723 2137 763 re‘

2250 710 2369 764 θεια
2399 710 2506 763 τῶν
2530 709 2765 781 Χριστοῦ
2794 710 3101 781 δογμάτων,
3122 707 3357 779 μεγάλην
3390 706 3659 777 κεκτημένη
3679 709 3742 760 δύ-

571 798 825 854 l'ormidet
866 799 976 863 ille,
1013 806 1106 854 aut
1140 816 1252 870 pra:
1282 808 1427 857 metu
1458 801 1739 867 turbetur;
1788 816 1966 870 neque
2004 800 2140 869 pari-

2250 821 2411 874 ναμιν
2436 843 2451 866 ,
2508 802 2599 856 τὸν
2655 802 2849 873 ἔχοντα
2900 801 3069 872 αὐτὴν
3120 799 3475 871 περιφράξει,
3539 799 3744 853 κυκλοῦτο

568 900 655 948 ter
675 893 733 946 in
773 890 863 948 die
893 893 1139 948 immissa
1172 894 1279 948 tela
1316 901 1543 948 metuat.
1577 893 1679 948 Per
1712 903 1928 949 noctem
1966 900 2137 947 autem

2250 896 2445 962 αὑτὸν,
2480 896 2576 949 καὶ
2616 895 3018 967 περιϐάλλουσα
3048 891 3127 964 τῷ
3166 892 3360 962 ἑαυτῆς
3388 891 3527 961 ὅπλῳ
3546 932 3558 955 ,
3582 886 3745 961 ’πρὺςτδ

566 991 623 1040 et
650 984 907 1039 tenebras
962 984 1293 1041 calamitatis
1330 992 1577 1055 tempora
1606 984 1901 1055 signiﬁcat,
1942 985 1998 1039 in
2028 984 2135 1054 qui-

2254 990 2390 1060 μήτε
2417 989 2608 1052 νυκτὸς
2634 988 2984 1059 ἐπελθούσης,
3015 988 3149 1059 μήτε
3173 986 3387 1049 σκοτίας
3410 985 3745 1055 καταλαϐούσης

569 1075 675 1131 bus
704 1076 843 1131 nihil
880 1074 1365 1131 reformidaturum
1394 1076 1471 1131 ait
1496 1091 1622 1131 eum
1651 1115 1669 1143 ,
1691 1076 1786 1146 qui
1822 1082 1979 1130 scuto
2006 1073 2138 1129 veri-

2250 1081 2503 1145 δεδιέναι,
2536 1081 2660 1153 μηδ’
2689 1080 2794 1139 ὑπὸ
2821 1079 3001 1149 φόϐων
3028 1077 3420 1151 ταράττεσθαι,
3456 1079 3579 1148 μήτε
3604 1078 3687 1130 τῶν
3708 1080 3746 1130 ὲν

566 1170 701 1225 tatis
732 1169 1223 1225 circummunietur
1256 1188 1270 1223 :
1303 1183 1403 1238 per
1449 1168 1594 1224 diem
1654 1183 1805 1233 vero,
1856 1167 2135 1237 tranquilla

2251 1172 2435 1244 ἡμέρᾳ
2479 1171 2846 1243 πεμπομένων
2889 1169 3058 1241 βελῶν
3088 1168 3406 1241 φροντίζειν.
3466 1168 3747 1240 Δηλοίδὲδιά

568 1262 625 1312 et
653 1263 848 1327 pacata
876 1263 1123 1325 tempora
1154 1254 1379 1319 indicat,
1409 1254 1689 1325 inquibus
1728 1255 1936 1310 inimici
1974 1252 2137 1309 nostri

2255 1266 2355 1336 μὲν
2385 1265 2486 1335 τῆς
2516 1263 2709 1328 νυκτὸς
2734 1264 2829 1317 καὶ
2860 1264 2959 1334 τῆς
2995 1264 3217 1326 σκοτίας
3245 1263 3371 1324 τοὺς
3408 1261 3747 1333 περιστατικοὺς

569 1348 800 1420 sagittas
832 1349 1049 1407 eminus
1080 1348 1350 1413 volantes,
1380 1348 1703 1419 blasphema
1747 1363 1942 1417 nempe
1968 1357 2024 1401 et
2056 1346 2138 1400 im-

2251 1356 2476 1428 καιροὺς
2494 1395 2509 1420 ,
2550 1357 2671 1411 καθ’
2702 1356 2796 1421 οὓς
2819 1373 2955 1427 φησι
2981 1356 3146 1428 μηδὲν
3180 1355 3565 1428 φοϐηθήσεσθαι
3586 1356 3658 1409 τὸν
3678 1357 3748 1409 ὑπὸ

570 1444 663 1515 pia
696 1443 865 1506 dicta,
894 1443 952 1498 in
986 1458 1089 1498 nos
1120 1441 1375 1498 emittere
1415 1442 1614 1497 solent.
1644 1440 1781 1496 Nam
1810 1441 2139 1513 persecutio-

2249 1448 2344 1502 τοῦ
2370 1450 2468 1520 τῆς
2496 1448 2752 1520 ἀληθείας
2778 1448 2942 1503 ὅπλου
2966 1448 3477 1521 περιπεφραγμένον
3494 1465 3509 1480 ο
3533 1447 3609 1501 διὰ
3626 1448 3748 1519 δέτῆς

570 1551 705 1592 num
734 1544 985 1608 tempore
1012 1550 1124 1593 non
1158 1536 1374 1591 eminus
1416 1534 1525 1590 tela
1562 1534 1808 1599 mittunt,
1847 1533 1943 1589 sed
1982 1533 2139 1589 comi-

2249 1540 2465 1611 ἡμέρας
2490 1542 2616 1604 τοὺς
2646 1539 2703 1593 ὲν
2724 1539 2933 1612 γαλήνῃ
2965 1541 3061 1594 καὶ
3091 1541 3241 1613 εὐδία
3267 1541 3360 1593 καὶ
3386 1540 3611 1612 εἰρηνικῇ
3635 1557 3750 1594 κατα-

569 1646 677 1688 nus
704 1631 969 1701 impetum
1000 1630 1287 1694 facientes,
1316 1645 1419 1686 nos
1445 1630 1734 1686 universos
1755 1629 2040 1693 devorare,
2062 1636 2138 1683 ut-

2253 1632 2460 1697 στάσει,
2496 1631 2620 1685 καθ’
2636 1631 2731 1696 οὒς
2760 1633 3043 1705 πόρρωθεν
3076 1631 3202 1704 βέλη
3231 1632 3498 1702 πετόμενα
3523 1630 3626 1685 καθ’
3643 1631 3750 1701 ἡμῶν

570 1731 699 1796 pote
746 1729 981 1779 mortem
1032 1730 1349 1792 expetentes
1397 1730 1643 1777 nostram
1669 1763 1686 1787 ,
1733 1729 2036 1786 conantur;
2090 1728 2139 1774 ul

2253 1724 2492 1796 πέμπειν
2543 1724 2797 1780 εἰώθασιν
2842 1728 2891 1779 οἱ
2926 1725 3111 1797 ἐχθροὶ
3132 1766 3147 1790 ,
3183 1726 3306 1789 τοὺς
3355 1724 3666 1795 βλασφήμους
3689 1725 3751 1776 καὶ

569 1814 868 1887 aliquando
912 1814 1004 1871 ille
1036 1830 1163 1871 eum
1194 1815 1373 1886 potuit
1403 1814 1706 1871 devoravit.
1745 1813 1816 1868 At
1862 1828 1963 1869 nos
1992 1818 2138 1868 scutc

2183 1884 2215 1887 _
2253 1816 2469 1881 ἀσεϐεῖς
2501 1815 2709 1871 ἑαυτῶν
2735 1814 2943 1886 λόγους.
2974 1815 3132 1871 Κατὰ
3158 1814 3265 1887 γὰρ
3289 1816 3419 1878 τοὺς
3444 1814 3543 1868 τῶν
3563 1813 3749 1883 διωγμῶν

570 1884 682 1979 iam
705 1914 1009 1963 memorato
1036 1884 1292 1979 protecti,
1321 1906 1569 1962 dicem‘us
1598 1924 1613 1962 :
1642 1904 1770 1960 Nisi
1797 1906 1924 1977 quia
1966 1904 2139 1959 Domi-

2183 1884 2228 1940 Β
2254 1908 2499 1981 καιροὺς,
2528 1911 2589 1964 ού
2613 1884 2895 1982 πόρρωθεν
2928 1906 3163 1970 ἑστῶτες
3192 1884 3323 1977 βέλη
3350 1903 3749 1976 πέμπουσιν,ἀλλ¹

570 2018 670 2055 nus
709 2012 820 2057 erat
853 2001 909 2055 in
942 2002 1112 2065 nobis,
1146 2018 1266 2055 cum
1308 2008 1649 2071 exsurgerent
1684 1999 1918 2054 homines
1949 2000 2004 2053 in
2030 2016 2139 2066 nos,

2254 2002 2485 2073 ἐγγύθεν
2518 2002 2798 2075 ὁρμῶντες
2816 2043 2832 2068 ,
2868 2002 3157 2058 καταπιεῖν
3185 2002 3335 2072 ἡμᾶς
3367 1999 3514 2062 ὅλους
3545 1993 3620 2052 οἷα
3640 1998 3750 2051 θανά-

570 2092 709 2163 forte
738 2094 877 2148 vivos
915 2092 1257 2164 deglutissent
1297 2108 1391 2147 nos
1418 2092 1487 2147 7°.
1538 2090 1727 2163 Neque
1772 2098 1933 2147 nocte
1986 2091 2139 2162 igitur

2252 2112 2348 2148 του
2382 2094 2523 2164 φίλοι
2554 2094 2850 2166 πειρῶνται
2874 2112 2889 2125 θ
2922 2093 2981 2157 ὃς
3004 2092 3231 2146 κατέπιε
3263 2091 3387 2144 τότε
3413 2090 3629 2160 ἰσχύσας,
3658 2088 3750 2139 Ἀλλ’

570 2193 751 2255 neque
806 2184 1045 2240 interdiu
1092 2183 1227 2255 quid
1270 2191 1463 2239 contra
1501 2198 1604 2240 nos
1642 2190 1902 2254 poterunt
1944 2182 2139 2237 inimici

2256 2188 2414 2259 ἡμεῖς
2443 2204 2508 2257 γε
2531 2227 2546 2252 ,
2580 2188 2659 2259 τῷ
2689 2186 2979 2259 δηλωθέντι
3016 2176 3164 2256 ὅπλῳ
3202 2182 3621 2255 πεφυλαγμένοι,
3644 2179 3750 2253 ἐροῦ-

571 2277 747 2332 nostri
776 2284 1000 2349 pr0pter
1047 2274 1337 2331 Dominum
1368 2283 1831 2347 propugnatorem
1879 2281 2140 2330 nostrum.

2259 2296 2359 2351 μεν
2378 2296 2392 2310 ·
2444 2281 2511 2333 El
2537 2279 2623 2349 μὴ
2656 2279 2746 2333 ὅτι
2778 2279 2994 2347 Κύριος
3016 2274 3097 2348 ἦν
3120 2278 3192 2331 ἐν
3215 2274 3385 2346 ἡμῖν,
3412 2272 3570 2339 ἐν.τῷ
3593 2273 3751 2326 ἐπανο-

571 2366 756 2435 Quare
788 2368 998 2423 dictum
1036 2375 1123 2423 est
1150 2385 1163 2421 :
1196 2364 1321 2420 Non
1354 2366 1558 2420 timebis
1593 2383 1626 2419 a
1658 2367 1845 2419 timore
1870 2373 2140 2429 nocturno1

2256 2368 2477 2437 στῆναι
2500 2368 2851 2437 ἀνθρώπους
2872 2368 2965 2438 ἐφ’
2996 2366 3155 2437 ἡμᾶς
3174 2406 3189 2430 ,
3223 2366 3343 2435 ἄρα
3366 2362 3571 2430 ζῶντας
3598 2363 3657 2417 ἂν
3684 2379 3751 2414 κα·

571 2478 608 2516 a
657 2462 855 2532 sagitta
896 2461 1106 2516 volante
1133 2461 1188 2513 in
1214 2460 1319 2525 die,
1364 2476 1398 2513 a
1439 2459 1643 2529 negotio
1676 2458 2071 2527 perambulante
2100 2459 2140 2511 ir

2257 2462 2465 2517 τέπιον
2491 2461 2669 2533 ἡμᾶς.
2700 2462 2823 2517 οῦτ⁹
2852 2458 2945 2517 οὖν
2976 2462 3190 2534 ἡμέρας
3214 2459 3342 2515 οὔτε
3372 2458 3554 2520 νυκτὸς
3574 2457 3751 2527 δυνήσον-

573 2552 830 2617 tenebris;
867 2553 979 2607 imo
1005 2566 1181 2622 neque
1211 2568 1245 2605 a
1274 2551 1432 2604 ruina
1470 2558 1521 2605 et
1556 2549 1817 2605 dwmonio
1864 2550 2142 2604 meridiane

2256 2554 2345 2611 ταί
2362 2573 2415 2609 τι
2438 2554 2561 2610 καθ’
2584 2554 2740 2626 ἡμῶν
2757 2557 2807 2608 oi
2824 2554 3008 2627 ἐχθροὶ
3028 2554 3114 2609 διὰ
3132 2554 3224 2607 τὸν
3241 2549 3634 2626 ὑπερμαχοῦντα
3647 2546 3751 2618 ἡμῶν

571 2646 909 2702 timebimus.
945 2644 1103 2712 Quod
1129 2645 1177 2699 si
1206 2644 1375 2699 millia
1403 2651 1459 2699 et
1485 2643 1673 2699 decem
1704 2642 1897 2706 millia,
1924 2643 2040 2699 sive
2071 2642 2140 2698 in-

2256 2644 2481 2719 Κύριον.
2552 2646 2641 2699 Διὸ
2690 2635 2968 2700 λέλεκταιο
3019 2646 3103 2699 Οὐ
3150 2646 3467 2714 φοϐηθήσῃ
3496 2641 3599 2696 ἀπὸ
3624 2639 3752 2709 φόϐου

571 2738 871 2795 visibilium
917 2753 1017 2793 seu
1044 2736 1345 2792 visibilium
1400 2734 1751 2789 inimicorum
1796 2740 1850 2789 et
1898 2734 2140 2789 hostium.

2256 2739 2627 2808 νυκτερινοῦ,
2651 2739 2769 2793 ἀπὸ
2797 2738 3029 2804 ,βέλους
3056 2736 3391 2807 πετομένου
3422 2735 3645 2803 ἡμέρας,
3673 2729 3751 2784 ἀπὸ

573 2836 769 2886 contra
808 2827 1015 2884 Christi
1050 2827 1313 2899 p0pulum
1354 2834 1411 2883 et
1457 2833 1649 2881 contra
1698 2824 1998 2880 Ecclesiam
2036 2825 2142 2895 ejus

2258 2829 2599 2901 πράγματος
2628 2830 2699 2884 ἐν
2726 2832 2929 2885 σκότει
2970 2828 3475 2899 διαπορευομένου
3492 2844 3505 2856 ο
3552 2824 3643 2879 ἀλλ’
3674 2821 3751 2873 οδδξ

573 2921 1009 2983 insurrexerint;
1037 2934 1230 2975 omnes
1261 2932 1393 2975 sane
1418 2934 1527 2973 una
1554 2917 1728 2973 virtus
1758 2918 1878 2986 ejus
1907 2932 2017 2971 uno
2044 2932 2142 2973 mo-

2258 2921 2378 2977 ἀπὸ
2434 2922 2872 2992 συμπτώματος
2918 2921 3016 2976 καὶ
3068 2921 3380 2991 δαιμονίου
3432 2909 3750 2990 μεσνυιερινσῦ

575 3020 762 3069 mento
798 3012 1066 3079 destruet,
1099 3020 1160 3065 ut
1199 3024 1302 3066 nos
1331 3009 1470 3081 ipsis
1506 3010 1684 3066 oculis
1711 3008 2009 3069 vindictam
2042 3025 2144 3081 peri

2261 3009 2703 3083 φθὸηθησόμεθα.
2760 3013 2825 3066 El
2855 3012 2913 3066 δὲ
2946 3011 3041 3066 καὶ
3068 3012 3306 3083 χιλιάδες
3336 3012 3429 3065 καὶ
3461 3008 3675 3080 μυριάδες
3691 3007 3748 3056 ἀο-

573 3105 899 3179 spiciamus.
943 3103 1071 3160 Ideo
1118 3103 1322 3159 dicitur
1359 3120 1374 3159 :
1428 3101 1799 3157 Verumtamen
1833 3102 2001 3156 oculis
2054 3102 2142 3157 tui:

2262 3104 2441 3174 ράτων
2466 3102 2500 3174 ἢ
2528 3103 2624 3157 καὶ
2658 3104 2868 3176 ὁρατῶν
2898 3105 3108 3177 ἐχθρῶν
3136 3106 3229 3159 καὶ
3265 3103 3532 3173 πολεμίων
3561 3099 3670 3153 κατὰ

573 3195 959 3262 considerabis,
1000 3204 1050 3250 et
1069 3196 1127 3249 in
1156 3193 1552 3249 retributionem
1578 3203 1911 3263 peccatorum
1937 3192 2133 3249 videbis

2186 3227 2232 3291 ϐ
2261 3192 2392 3247 λαοῦ
2436 3192 2532 3247 τοῦ
2586 3196 2823 3267 Χριστοῦ
2862 3199 2958 3252 καὶ
2988 3198 3129 3253 κατὰ
3167 3198 3268 3269 τῆς
3307 3194 3610 3266 Ἐκκλησίας
3642 3186 3752 3289 αὑτοῦ

573 3288 688 3345 Nos
732 3296 913 3344 autem
967 3288 1240 3344 sermonis
1280 3286 1566 3341 veritatem
1616 3286 1736 3357 ipsa
1782 3287 2142 3357 exemplorum

2190 3278 2232 3291 “’
2263 3286 2650 3351 ὲπανασταίεν,
2679 3288 2817 3343 ἀλλά
2844 3290 2939 3344 καὶ
2978 3289 3187 3353 πάντας
3208 3288 3423 3360 ἀθρόως
3443 3283 3566 3357 ὁμοῦ
3594 3283 3666 3335 καὶ
3685 3278 3748 3331 πά-

573 3377 1029 3448 interpretatione
1050 3376 1417 3447 percepimus,
1440 3383 1737 3446 conspecto
1763 3376 1932 3431 variis
1952 3383 2142 3446 tempo

2266 3392 2366 3440 σας
2392 3379 2425 3448 ἡ
2453 3377 2619 3431 αὑτοῦ
2642 3377 2869 3450 δύναμις
2896 3380 2957 3432 ὲν
2985 3380 3085 3450 μιᾷ
3109 3381 3249 3450 ῥοπῇ
3284 3376 3529 3440 καθελεῖ,
3554 3370 3749 3435 tissimi;

573 3468 728 3523 ribus
748 3464 1049 3527 Ecclesiam
1075 3466 1280 3524 Christi
1308 3468 1745 3539 impugnantium
1763 3467 1889 3532 line,
1912 3468 2005 3539 qui
2021 3482 2142 3523 con-

2259 3466 2558 3540 ὁφθίιιλμιοῖιῖ
2592 3469 2925 3542 παραλασετν
2952 3471 3101 3542 ἡμᾶς
3127 3478 3224 3541 την
3252 3469 3545 3537 ἐκδίκησιν.
3614 3461 3681 3515 Διὸ
3698 3458 3749 3509 λέ-

574 3561 780 3625 festim,
798 3576 899 3616 nec
926 3561 1089 3632 longo
1112 3570 1233 3631 post
1259 3568 1502 3631 tempore
1531 3574 1564 3614 a
1587 3559 1698 3616 Deo
1720 3560 1976 3616 debellati
2004 3566 2143 3617 sunt.

2260 3559 2469 3615 λεκται⁹
2528 3561 2703 3631 Πλὴν
2729 3562 2853 3630 τοῖς
2890 3562 3219 3632 ὀφθαλμοῖς
3264 3578 3383 3618 σου
3423 3555 3750 3622 κατανοήσεις.

575 3657 676 3711 καὶ
726 3658 1141 3717 ἀνταπόδοσιν
1186 3655 1553 3726 ἁμαρτωλῶν
1602 3656 1757 3726 ὄψει.
1813 3657 2004 3729 Ἡμεῖς
2027 3657 2085 3711 δὲ
2125 3656 2219 3711 τοῦ
2256 3657 2415 3728 λόγου
2452 3658 2553 3730 τὴν
2594 3658 2853 3731 ἀλήθειαν
2899 3657 2960 3724 ἐξ
2995 3658 3164 3730 αὐτῆς
3195 3658 3301 3730 τῆς
3328 3654 3599 3730 ἑρμηνείας
3622 3663 3749 3718 παρει-

573 3750 828 3825 λήφαμεν
850 3793 865 3818 ,
898 3753 1041 3807 κατὰ
1068 3753 1296 3824 καιροὺς
1342 3752 1414 3806 τὰ
1456 3752 1587 3823 τέλη
1652 3753 1986 3825 συνορῶντες
2016 3753 2128 3807 τῶν
2149 3752 2246 3826 τὴν
2296 3754 2622 3827 Ἐκκλησίαν
2649 3754 2744 3810 τοῦ
2772 3754 2908 3809 Θεοῦ
2938 3754 3388 3827 πολεμησάντων,
3420 3744 3751 3822 παραχρῆμάτε

573 3844 670 3897 καὶ
696 3844 797 3898 οὐκ
833 3846 913 3909 είς
942 3846 1150 3917 μακρὸν
1182 3845 1287 3899 ὑπὸ
1307 3845 1402 3899 τοῦ
1431 3844 1569 3899 Θεοῦ
1602 3846 2041 3917 πολεμηθέντων.

646 3952 774 4009 Haec
805 3970 968 4024 porro
997 3955 1203 4018 omnia,
1239 3962 1295 4010 et
1335 3962 1532 4011 caetera
1552 3956 1656 4011 sub
1684 3956 1802 4012 haec
1831 3963 2153 4024 memorata,

2332 3959 2519 4015 Πάντα
2537 3960 2595 4015 δὲ
2608 3957 2777 4013 ταῦτα
2792 3959 2887 4015 καὶ
2896 3970 2966 4013 τα
2991 3956 3202 4021 τούτοις
3224 3957 3353 4029 ἑξῆς
3372 3956 3679 4024 ἐπιλεγόμενα
3692 3950 3750 4003 ἐπὶ

575 4049 646 4105 ad
680 4050 957 4106 hominem
995 4049 1158 4105 etiam
1194 4050 1287 4120 qui
1336 4050 1391 4105 in
1442 4050 1664 4106 Christo
1698 4062 1783 4108 est
1827 4050 2144 4118 referentur1

2262 4052 2353 4106 τὸν
2374 4054 2431 4105 ὲν
2446 4050 2667 4124 Χριστῷ
2685 4050 2973 4123 ἄνθρωπον
2990 4050 3425 4123 ἀνενεχθήσεται,
3447 4048 3531 4102 καὶ
3547 4046 3620 4099 ἐπὶ
3634 4041 3746 4095 πάντα

575 4158 793 4198 necnon
832 4142 901 4197 ad
947 4158 1139 4198 omnes
1168 4143 1269 4213 qui
1298 4141 1481 4198 dicere
1512 4142 1728 4197 valeant
1763 4164 1775 4198 :
1808 4143 2003 4199 Omnia
2032 4159 2144 4212 pos-

2264 4144 2355 4198 τδν
2400 4139 2511 4197 οἷόν
2558 4161 2618 4197 τε
2656 4143 2832 4212 λέγειν
2854 4161 2867 4175 ·
2913 4142 3119 4197 Πάντα
3162 4143 3353 4211 ἰσχύω
3387 4142 3454 4195 ἐν
3483 4138 3554 4204 τῷ
3575 4135 3746 4190 ἐνδυνα-

577 4251 695 4291 sum
718 4236 771 4289 in
793 4252 851 4289 eo
873 4236 963 4305 qui
997 4252 1078 4289 me
1100 4234 1365 4304 confortat
1395 4234 1608 4290 Christo
1635 4235 1833 4291 Iesu."
1866 4235 1966 4292 Hic
1997 4252 2146 4307 μοιτί

2260 4234 2476 4305 μόῦντί
2498 4250 2576 4304 με
2605 4232 2835 4303 Χριστῷ
2876 4232 3091 4303 Ἰησοῦ.
3162 4225 3334 4297 Οὗτος
3363 4232 3407 4286 δ’
3441 4231 3501 4285 ἂν
3530 4228 3600 4298 εἴη
3622 4228 3644 4278 ὁ
3664 4224 3745 4292 Χρε-

580 4326 743 4382 l'uerit
771 4326 978 4381 Christi
1000 4325 1224 4391 chorus,
1256 4324 1349 4396 qui
1374 4341 1438 4381 ex
1463 4327 1669 4381 sanctis
1694 4334 1746 4382 et
1778 4327 2035 4397 perfectis
2069 4327 2149 4382 Dei

2269 4325 2394 4381 στοῦ
2437 4326 2628 4398 χορὸς,
2667 4328 2695 4379 ό
2723 4325 2781 4393 ἐξ
2822 4325 2991 4395 ἁγίων
3023 4326 3117 4378 καὶ
3141 4324 3364 4379 τελείων
3386 4320 3513 4377 Θεοῦ
3540 4314 3745 4391 μρτὺίων

578 4418 915 4490 martyribus
966 4425 1207 4485 constat,
1239 4418 1441 4488 quique
1506 4417 1575 4472 ad
1622 4420 1940 4489 sanguinem
1992 4434 2147 4489 usque

2269 4418 2556 4482 συνεστὼς,
2591 4421 2619 4472 ὁ
2642 4417 2834 4491 μέχρις
2865 4418 3097 4490 αἵματος
3124 4415 3514 4488 ἀγωνιζόμενος
3533 4405 3743 4480 ὑπὲράλη·

578 4526 680 4589 pro
714 4511 941 4567 veritate
967 4511 1292 4575 decertavit,
1326 4519 1379 4566 et
1410 4511 1597 4566 bravia
1627 4511 1869 4565 victoriae
1900 4526 2024 4565 cum
2055 4510 2147 4566 Det

2197 4586 2217 4589 _
2266 4512 2448 4578 θείας,
2489 4511 2584 4564 καὶ
2614 4510 2684 4564 τά
2731 4510 2958 4582 βραδεῖα
2984 4511 3086 4581 τῆς
3130 4511 3189 4563 ὲν
3217 4509 3338 4579 Θεῷ
3374 4509 3521 4577 νίκης
3551 4495 3744 4589 mea»!

576 4584 750 4673 parta:
772 4601 1038 4659 adversus
1069 4602 1324 4658 inimicos
1351 4602 1556 4657 retulit.
1593 4601 1717 4656 Haac
1752 4602 1905 4666 item,
1937 4618 2059 4672 qua:
2078 4603 2145 4658 dir

2196 4586 2237 4641 D
2266 4604 2574 4657 ἀντιπάλων
2623 4604 2930 4676 αἰρόμενος.
2976 4603 3087 4656 Καὶ
3114 4602 3207 4655 ἐπὶ
3234 4601 3326 4656 τὸν
3356 4601 3612 4671 ἄνθρωπον
3630 4584 3744 4645 δὲτῠῦ

574 4701 663 4749 cta
692 4701 841 4762 sunt,
867 4693 1073 4751 Christi
1126 4694 1336 4749 homini
1374 4693 1776 4764 coaptabuntur
1816 4712 1829 4747 :
1878 4692 1983 4749 hoc
2014 4695 2143 4749 enin

2264 4696 2501 4767 Χριστοῦ
2531 4696 2932 4769 ἀρμοσθήσεται
2958 4696 3028 4750 τὰ
3060 4695 3327 4767 λεγόμενα
3347 4711 3361 4726 ·
3382 4691 3527 4747 τοῦτο
3540 4685 3643 4758 γοῦν
3658 4697 3743 4749 περ

577 4787 819 4841 declarat
856 4788 1129 4844 dictorum
1168 4787 1358 4843 series.
1396 4783 1532 4839 Nam
1581 4802 1704 4841 cum
1748 4786 1813 4841 ad
1849 4787 2146 4857 quempiam

2272 4789 2480 4860 ίστησιν
2511 4788 2649 4860 αῦτη
2703 4790 2737 4860 ἡ
2777 4788 2882 4842 τῶν
2910 4787 3300 4860 ἐμφερομένων
3321 4781 3598 4839 ἀκολουθία.
3626 4769 3744 4828 Εἰπὼν

578 4879 813 4935 dixisset
844 4899 859 4936 :
892 4881 1157 4947 Quoniam
1189 4882 1296 4950 ipse
1332 4880 1579 4936 liberabit
1629 4880 1693 4935 de
1743 4881 1929 4950 laqueo
1972 4898 2147 4935 venan-

2266 4880 2375 4952 γὰρ
2404 4883 2431 4933 ό
2453 4882 2611 4951 λόγος
2640 4882 2777 4951 πρὸς
2804 4880 2901 4933 ἕνα
2928 4879 3052 4934 τινὰ
3070 4920 3086 4946 ,
3129 4880 3259 4933 ’Ὅτι
3295 4877 3470 4943 αὐτὸς
3490 4874 3687 4943 ῥύσεται
3704 4862 3742 4913 ἐι

579 4971 735 5036 tium,
760 4982 809 5026 et
828 4990 859 5026 a
886 4973 1038 5028 verbo
1073 4974 1396 5036 turbulento,
1424 4983 1477 5029 et
1509 4991 1523 5028 :
1558 4972 1624 5027 In
1657 4974 1890 5041 scapulis
1918 4974 2029 5029 suis
2067 4973 2148 5027 ob-

2269 4974 2518 5043 παγίδος
2534 4973 2833 5042 θηρευτῶν
2853 4974 2957 5028 καὶ
2971 4973 3090 5028 ἀπὸ
3108 4974 3295 5043 λόγου
3313 4965 3659 5039 ταραχώδους,
3672 4955 3741 5010 καὶ

578 5064 843 5118 ttmbrabit
893 5065 1009 5130 tibi,
1053 5076 1100 5121 et
1133 5066 1228 5120 sub
1260 5067 1442 5136 pennis
1476 5066 1589 5135 ejus
1623 5065 1901 5134 sperabis;
1946 5075 1997 5120 et
2033 5081 2147 5120 cum

2279 5065 2383 5119 Ἐν
2404 5064 2525 5129 τοῖς
2555 5063 2945 5134 μεταφρένοις
2973 5064 3160 5117 αὑτοῦ
3196 5058 3519 5117 ἐπισκιάσει
3551 5068 3655 5114 σοι,

577 5156 829 5212 eumdem
860 5158 1143 5228 alloquens
1174 5134 1509 5212 subdidisset
1559 5176 1571 5210 :
1614 5153 1777 5209 Scuto
1811 5155 2146 5209 circumdabii

2271 5155 2390 5210 ὑπὸ
2437 5153 2543 5221 τὰς
2583 5155 2871 5226 πτέρυγας
2922 5156 3106 5209 αὑτοῦ
3138 5153 3393 5218 ἐλπιεῖςο
3446 5150 3528 5203 καὶ
3556 5142 3660 5215 πρὸς
3688 5134 3740 5187 τὸν

581 5260 630 5304 te
660 5251 853 5305 veritas
883 5251 1038 5321 ejus;
1071 5259 1125 5307 et
1151 5250 1287 5305 illud
1322 5268 1337 5305 :
1376 5247 1501 5302 Non
1534 5248 1739 5303 timebis
1781 5266 1815 5302 a
1857 5249 2041 5303 timore
2070 5264 2150 5303 no-

2272 5249 2434 5304 αύτδν
2462 5249 2683 5319 ἐπάγων
2710 5250 2771 5303 τὸ
2790 5291 2806 5317 ,
2849 5249 3053 5316 "omo
3096 5245 3393 5302 κυκλώσει
3416 5260 3485 5299 σε
3512 5242 3544 5309 ἠ
3569 5232 3738 5300 ἀλήθεια

576 5351 798 5405 clurno;
837 5342 1076 5413 itemque
1110 5360 1124 5398 :
1160 5340 1364 5397 Cadent
1399 5358 1431 5394 a
1470 5342 1635 5395 latere
1674 5350 1763 5396 tuo
1802 5342 2029 5407 mille,et
2070 5339 2145 5396 de-

2267 5338 2453 5394 αὑτοῦ
2473 5355 2487 5369 ο
2518 5339 2613 5391 καὶ
2650 5337 2712 5391 τὸ
2731 5377 2746 5402 ,
2775 5339 2858 5393 Οὐ
2883 5336 3198 5407 φοϐηθήσῃ
3225 5335 3341 5391 ἀπὸ
3363 5332 3736 5413 φόϐουονυκῗεξκ*

580 5448 691 5486 cem
726 5432 899 5486 millia
936 5407 1198 5487 a—dextris
1249 5432 1376 5495 tuis,
1421 5428 1490 5483 ad
1522 5439 1569 5484 te
1618 5439 1793 5485 autem
1826 5447 1929 5485 non
1967 5444 2149 5499 appro-

2261 5430 2374 5487 νοῦ
2394 5447 2409 5461 ο
2435 5430 2528 5484 καὶ
2554 5428 2635 5493 τὸ,
2672 5427 2947 5483 Πεσεῖται
2973 5429 3042 5482 ἐκ
3062 5427 3169 5483 τοῦ
3203 5426 3439 5489 κλίτους
3464 5436 3563 5475 σου
3587 5407 3736 5503 καλιάς.

579 5522 889 5597 pinquabit;
932 5532 987 5579 et
1026 5524 1319 5593 adiecisset
1361 5540 1375 5576 :
1430 5520 1797 5575 Verumtamen
1835 5521 2001 5575 oculis
2050 5521 2148 5575 tui:

2262 5521 2361 5575 καὶ
2384 5520 2603 5590 μυριὰς
2623 5520 2692 5574 ἐκ
2714 5517 2929 5585 δεξιῶν
2946 5533 3089 5582 σου,
3124 5516 3274 5587 πρὸς
3295 5514 3367 5570 σὲ
3387 5510 3452 5566 δὲ
3469 5510 3563 5563 οὐκ
3591 5504 3736 5602 {ﬂm-

579 5614 962 5680 considerabis,
1010 5624 1059 5669 et
1103 5612 1499 5669 retributionem
1533 5622 1871 5680 peccatorum
1922 5610 2148 5673 videbis;

2263 5614 2356 5667 καὶ
2376 5612 2583 5676 τούτοις
2606 5610 2914 5683 προστιθεὶς
2938 5610 3018 5676 τὺ,
3045 5609 3218 5678 Πλὴν
3235 5607 3353 5674 τοῖς
3372 5601 3647 5683 ὀρθιιιμοῑς
3662 5601 3734 5683 σα

580 5722 706 5764 cum
751 5707 934 5763 omnia
959 5708 1310 5780 singulariter
1338 5707 1492 5781 quasi
1522 5708 1588 5764 de
1610 5723 1721 5763 uno
1752 5708 1965 5764 locutus
1991 5711 2149 5776 essetl

2264 5681 2681 5774 κατανοήσεις,
2717 5703 2815 5759 καὶ
2848 5702 3252 5759 ἀνταπόδοσιν
3274 5689 3595 5770 ἁμαρτωλῶν
3618 5681 3731 5750 ὅθεν

582 5867 604 5924 ζ
653 5862 702 5895 τ’
742 5859 884 5917 Psal.
919 5878 1105 5919 cum.
1148 5865 1262 5920 ινδ.
1339 5865 1377 5897 τ’
1423 5863 1619 5918 Philiu.
1666 5879 1735 5918 ιγ.
1778 5861 1859 5918 l5.
