3974 6532
223 380 361 427 1149

1346 384 1388 435 L’
1399 386 1546 436 UMM
1556 385 1854 440 EN'I‘ARIA
1892 390 1957 441 ΞΝ
1999 390 2336 445 PSALMUS.

3338 398 3477 447 Ηὲιυ

222 486 401 539 πάντα
438 485 494 540 δὲ
518 484 589 541 τὰ
616 487 813 553 ἑνικῶς
838 486 1007 543 εἰπὼν
1026 488 1103 554 ὡς
1130 490 1268 563 πρὸς
1293 492 1389 547 ἕνα
1412 498 1552 563 τινὰ,
1583 498 1802 552 ἐπισυν-

1912 501 1991 557 sic
2025 501 2187 577 infert
2220 502 2520 570 :Quoniam
2550 509 2605 556 tu
2632 519 2707 567 es,
2742 502 2983 570 Domine,
3009 518 3121 573 spes
3143 519 3279 567 mea,
3312 506 3480 559 Altis.

222 577 383 632 άπτει
423 578 616 649 λέγων,
659 581 781 634 Ὅτι
806 580 907 647 σὺ,
946 584 1143 653 Κύριε,
1160 586 1335 654 ἐλπίς
1343 606 1483 657 μου,
1504 591 1611 645 τὸν
1634 592 1802 661 ’Υψι-

223 686 373 725 στον
397 670 537 725 ἔθου
571 674 924 751 καταφυγήν
943 690 1090 730 σουο
1117 678 1426 747 σαφέστατα
1453 679 1800 753 παρίσταται,

221 759 304 812 δτι
343 758 549 831 Κύριος
585 755 653 831 ἦν
686 760 821 831 πρὸς
848 761 907 814 ὃν
930 762 1103 816 ταῦτα
1133 765 1309 819 πάντα
1334 766 1569 837 ἐλέγετο.
1619 772 1803 843 Μηδε-

224 851 354 920 μιᾶς
382 850 494 922 γὰρ
532 851 789 922 διαμέσου
820 853 1121 927 ὲναλλαγῆς
1152 856 1443 928 προσώπου
1484 862 1802 934 γενομένης,

222 942 459 1013 συνῆψεν
484 944 512 997 ό
557 944 713 1013 λόγος
745 946 850 999 ὑπὸ
900 947 1028 1017 μίαν
1059 947 1295 1002 διάνοιαν
1327 950 1403 1013 ὡς
1432 952 1568 1022 πρὸς
1609 952 1703 1006 ἕνα
1736 955 1807 1008 τὰ

220 1033 431 1087 πάνταο
467 1034 780 1107 παρέστησέ
810 1055 868 1091 τε
902 1036 987 1102 τίς
1036 1055 1164 1092 ποτε
1213 1034 1281 1111 ἦν
1306 1034 1480 1105 οὗτος,
1529 1041 1806 1112 διασαφῶν

219 1125 351 1196 ἑξῆς
382 1127 476 1180 καὶ
505 1127 679 1197 λέγων
700 1145 713 1159 ·
750 1130 871 1182 Ὅτι
910 1129 991 1184 σὺ
1010 1171 1026 1195 ,
1062 1130 1270 1200 Κύριε,
1302 1132 1481 1199 ἐλπίς
1513 1152 1665 1204 μου,
1700 1135 1806 1189 τὸν

218 1217 529 1288 ηΥψιστον
557 1220 698 1276 ἔθου
745 1219 1101 1293 καταφυγήν
1142 1237 1280 1279 σου.
1329 1225 1544 1299 Ἐπειδὴ
1574 1226 1681 1301 γὰρ
1715 1227 1803 1292 σὺ,

218 1310 422 1380 φησιν,
450 1304 497 1364 ὦ
529 1310 733 1383 Κύριε,
767 1313 853 1382 ἐφ’
881 1312 940 1367 δν
969 1311 1080 1382 ἐγὼ
1111 1312 1314 1385 ἤλπισα
1337 1353 1352 1377 ,
1385 1315 1479 1369 τὸν
1523 1316 1803 1387 Ὕψιστον,

214 1399 419 1472 δηλαδὴ
438 1400 529 1455 τὸν
556 1401 815 1456 ἀνωτάτω
833 1402 994 1467 Θεὸν,
1025 1403 1119 1456 καὶ
1145 1404 1344 1458 σαυτοῦ
1367 1406 1605 1479 Πατέρα,
1636 1425 1804 1462 κατα-

214 1491 399 1566 φυγὴν
436 1491 558 1545 ἔθου
590 1494 818 1547 σεαυτοῦ
838 1534 853 1561 ,
883 1492 972 1549 διὰ
996 1492 1156 1548 τοῦτο
1187 1496 1246 1549 ού
1275 1497 1696 1569 προσελεύσεταί
1724 1518 1805 1554 σοι

210 1580 341 1634 οὗτε
362 1580 558 1652 χιλιὰς,
585 1580 711 1634 οὔτε
738 1582 957 1657 μυριὰς,
992 1582 1114 1637 οὔτε
1141 1584 1369 1654 παγίδες
1391 1586 1688 1659 θηρευτῶν,
1717 1588 1807 1641 οῦ-

207 1690 277 1727 τε
297 1691 349 1727 τι
380 1673 566 1746 ἕτερον
586 1674 696 1729 τῶν
716 1675 1218 1748 κατηριθμημένων
1237 1694 1251 1709 ’
1280 1679 1376 1731 καὶ¹
1400 1679 1695 1752 ἐπειδήπερ
1717 1682 1803 1747 σὺ,

207 1758 263 1818 ὦ
288 1764 480 1837 Κύριε,
514 1760 568 1819 εἴ
592 1783 692 1837 μου
713 1765 807 1819 τοῦ
836 1765 1009 1827 ταῦτα
1029 1767 1277 1838 λέγοντος
1304 1769 1480 1835 ἐλπὶς,
1514 1772 1624 1825 Τὸν
1640 1774 1807 1842 ’Ὑψι-

204 1872 370 1911 στον
400 1856 540 1912 ἔθου
572 1858 927 1928 καταφυγήν
950 1874 1067 1916 σου
1090 1878 1104 1891 ⁸
1141 1860 1230 1915 διὰ
1248 1848 1418 1915 τοῦτο
1447 1864 1541 1916 καὶ
1561 1864 1799 1936 ἀρχόμε-
1833 1851 1877 1912 Β

201 1965 307 2014 νος
349 1948 534 2018 ἔλεγον
580 1951 709 2022 περὶ
764 1951 881 2017 σοῦ,
918 1954 973 2006 Ὁ
1000 1953 1292 2008 κατοικῶν
1315 1954 1386 2008 ἐν
1408 1955 1671 2024 βοηθείᾳ
1694 1958 1802 2013 τοῦ

217 2035 540 2109 ’Υψίστοω
556 2040 611 2113 ἢ,
628 2041 693 2094 '0
705 2042 1041 2125 καθήμενος
1053 2045 1123 2099 ἐν
1140 2046 1465 2115 ἀποκρύφῳ
1479 2047 1493 2072 ‘
1505 2049 1770 2117 Υψίστου
1785 2065 1801 2081 ·

198 2130 517 2203 ἐπειδήπερ
558 2133 617 2187 ὲν
653 2134 984 2208 ἀπορρήτοις
1030 2136 1123 2190 καὶ
1164 2138 1507 2210 ἀποκρύφοις
1552 2138 1804 2212 σύνεδρόν

199 2238 277 2275 σε
310 2223 405 2276 καὶ
446 2214 733 2297 σύνθρονον
764 2229 793 2281 ὁ
825 2228 1084 2298 ’Υψιστος
1115 2229 1427 2302 ἐποιήσατο,
1457 2232 1636 2303 φήσας
1663 2232 1803 2303 πρὸς

201 2312 309 2367 σέ·
365 2314 564 2371 Κάθου
595 2316 665 2371 ἐκ
693 2317 815 2372 τῶν
844 2318 1060 2384 δεξιῶν
1081 2338 1235 2389 μου,
1272 2322 1383 2388 ἕως
1426 2322 1506 2376 ἂν
1541 2322 1623 2378 θῶ
1662 2324 1804 2391 τοὺς

194 2407 466 2475 ἐχθρούς
493 2424 611 2465 σου
637 2412 973 2465 ὑποπόδιον
1004 2413 1124 2466 τῶν
1156 2413 1360 2468 ποδῶν
1386 2433 1524 2469 σου.

294 2497 549 2568 Ὑψίστου
564 2500 761 2577 δὲδνοου
770 2502 928 2573 μένου
946 2505 1004 2556 ὲν
1023 2504 1233 2568 τούτοις
1251 2504 1345 2557 τοῦ
1362 2504 1639 2560 ἀνωτάτου
1664 2505 1800 2560 Θεοῦ

198 2587 322 2641 ⁴τῶν
354 2589 490 2643 ὅλων
508 2607 523 2622 ο
550 2591 757 2661 Κυρίου
785 2591 841 2645 δὲ
868 2592 999 2647 Υἱοῦ
1028 2594 1123 2647 τοῦ
1151 2594 1306 2660 Θεοῦ,
1336 2595 1395 2656 ὃς
1424 2595 1516 2649 τὸν
1536 2596 1800 2667 ’Υψιστον

200 2678 364 2734 ἔθετο
394 2683 711 2753 καταφυγὴν
736 2682 923 2750 αὑτοῦ,
954 2685 1183 2750 εἰκότως
1219 2687 1313 2740 καὶ
1332 2688 1571 2759 Μωῦσῆς
1595 2688 1673 2759 τῷ
1706 2689 1805 2744 αὐ-

201 2767 291 2839 τῷ
312 2767 439 2840 θείῳ
460 2770 599 2824 Πνεύ
607 2788 737 2842 ματι
754 2772 1013 2845 θεοφορού
1023 2791 1183 2845 μενος
1206 2776 1485 2831 ἐδίδασκεν
1505 2779 1563 2830 ὲν
1588 2779 1802 2852 μεγάλῃ

199 2857 323 2931 ᾠδῇ
350 2858 550 2929 λέγων·
611 2862 749 2916 Ὅτε
780 2862 1098 2933 διεμέριζεν
1128 2868 1163 2919 ό
1192 2867 1488 2935 ’Υψιστος
1516 2870 1661 2937 ἔθνη
1680 2908 1695 2933 ,
1723 2870 1804 2936 ὠς

200 2947 552 3019 διέσπειρεν
582 2952 753 3018 υἱοὺς
784 2953 978 3022 Ἀδὰμ,
1007 2954 1274 3023 ἔστησεν
1294 2956 1423 3024 ὅρια
1440 2958 1630 3011 ἐθνῶν
1655 2959 1804 3014 κατὰ

200 3042 463 3113 ἀριθμὸν
481 3044 752 3114 ἀγγέλων
776 3044 944 3099 Θεοῦ.
970 3045 1081 3101 Καὶ
1104 3045 1361 3116 ἐγενήθη
1377 3048 1561 3117 μέρος
1579 3053 1802 3119 Κυρίου

204 3136 362 3203 λαὸς
378 3136 563 3191 αὑτοῦ
598 3137 812 3200 Ἰακὼϐ,
837 3137 1168 3207 σχοίνισμα
1190 3142 1594 3209 κληρονομίας
1617 3141 1804 3196 αὐτοῦ

223 3224 485 3294 Ἰσραήλ.
512 3224 611 3278 Διὰ
634 3224 836 3279 τούτων
876 3226 1007 3295 γοῦν
1056 3227 1150 3281 καὶ
1182 3230 1210 3282 ό
1244 3230 1489 3299 Μωῦσῆς
1541 3231 1802 3302 Ὕψιστον

208 3317 404 3387 σαφῶς
422 3320 683 3389 προσεῖπε
724 3318 817 3371 τὸν
848 3319 1149 3389 ἀγέννητον
1178 3320 1312 3374 Θεὸν
1335 3360 1350 3385 ,
1385 3321 1707 3393 διανέμοντα
1735 3324 1801 3377 τὰ

201 3408 307 3462 ἐπὶ
320 3409 423 3480 γῆς
446 3408 572 3481 ἔθνη
590 3413 702 3474 τοῖς
724 3410 918 3463 ἑαυτοῦ
943 3411 1195 3479 ἀγγέλοις
1213 3429 1226 3443 ·
1256 3412 1462 3485 Κύριον
1480 3414 1539 3468 δὲ
1562 3414 1654 3468 τὸν
1674 3414 1801 3469 Υίδν

201 3501 315 3554 τοῦ
332 3499 594 3565 Θεοῦ,τδν
619 3502 770 3573 παρὰ
792 3500 886 3554 τοῦ
936 3503 1150 3574 Πατρὸς
1180 3503 1272 3557 τὸν
1308 3505 1521 3577 Ἰσραὴλ
1550 3506 1802 3561 ὑποδεδε-

206 3591 443 3662 γμένον.
472 3592 646 3655 Αὐτὸς
667 3592 711 3645 δ’
735 3589 828 3646 οὖν
849 3584 1004 3655 οὗτος
1035 3595 1063 3645 ὁ
1088 3593 1292 3667 Κύριος
1321 3596 1412 3649 καὶ
1438 3595 1526 3649 διὰ
1539 3597 1648 3651 τῶν
1671 3614 1802 3669 προι-

203 3681 481 3753 κειμένων
512 3684 569 3736 ὲν
600 3681 821 3753 βοηθείᾳ
842 3681 937 3735 τοῦ
969 3681 1230 3751 Ὑψίστου
1259 3689 1536 3741 κατοικεῖν
1562 3688 1798 3758 ἐλέγετο,

200 3775 542 3845 καταφυγήν
568 3791 628 3827 τε
661 3775 855 3829 ἑαυτοῦ
881 3775 970 3829 τὸν
994 3776 1260 3846 ’Ὑψιστον
1281 3776 1574 3843 τεθεῖσθαι,
1601 3779 1801 3854 δηλαδὴ

201 3863 306 3914 τὸν
334 3861 527 3915 ἑαυτοῦ
565 3863 829 3934 ¹Πατέρα.
865 3864 957 3917 Διὸ
989 3864 1237 3919 λέλεκται
1272 3866 1407 3937 πρὸς
1437 3868 1628 3922 αὐτόν·
1682 3872 1802 3925 Ὅτι

202 3953 299 4008 σὺ
321 3995 336 4020 ,
362 3955 539 4022 Κύριε
558 3995 572 4018 ,
607 3955 787 4021 ἐλπίς
810 3974 961 4025 μου,
992 3956 1099 4011 τὸν
1131 3959 1423 4026 Ὕψιστον
1447 3961 1587 4015 ἔθου
1618 3980 1799 4018 κατα-

206 4041 421 4113 φυγήν
447 4057 584 4097 σου.
645 4045 795 4097 Ἐπεὶ
820 4045 877 4099 δὲ
921 4046 1350 4117 Ἰουδαῖκώτερον
1377 4050 1406 4101 ὁ
1448 4050 1678 4116 Ἀκύλας
1709 4054 1803 4110 καὶ

208 4135 240 4187 ὁ
268 4134 563 4206 Σύμμαχος
589 4136 689 4207 τὴν
721 4137 1015 4207 ἑρμηνείαν
1046 4139 1387 4194 ὲκτεθείκασι
1407 4182 1422 4206 ,
1459 4143 1801 4216 ὑφορώμενοι

208 4228 276 4282 τὸ
314 4230 443 4298 περὶ
484 4228 575 4282 τοῦ
623 4229 874 4299 Ὑψίστου
909 4231 1004 4284 καὶ
1037 4233 1283 4304 περὶτοῦ
1312 4234 1517 4304 Κυρίου
1548 4237 1802 4292 ἀποδεδομ-

214 4320 381 4393 μένον
412 4323 542 4393 ἡμῖν
584 4322 792 4393 δόγμα·
830 4324 924 4377 καὶ
954 4325 983 4377 ό
1030 4325 1130 4395 μὲν
1184 4326 1415 4391 Ἀκύλας
1458 4330 1804 4400 ὴρμήνευσεν

207 4410 416 4467 εἰπών’
452 4412 580 4466 Ὅτι
609 4413 711 4477 σὺ,
735 4415 931 4482 Κύριε,
963 4414 1140 4482 ἐλπίς
1161 4434 1313 4485 μου,
1367 4418 1633 4487 ὕψιστον
1675 4420 1805 4490 ἔθη⁹

211 4519 297 4557 κα
349 4502 805 4572 κατοικητήριον
836 4518 985 4559 σου·
1029 4508 1057 4559 ὁ
1101 4506 1157 4559 δὲ
1198 4507 1522 4579 Σύμμαχος⁸
1560 4510 1643 4564 Σὺ
1671 4511 1800 4581 γὰρ,

211 4594 348 4660 θεὲ,
379 4594 597 4664 ags-061a
636 4613 782 4664 μου,
816 4598 1089 4666 ὑψίστην
1121 4598 1263 4653 ἔθου
1300 4598 1415 4667 τὴν
1447 4601 1805 4668 κατοίκησιν

210 4703 363 4744 σου·
399 4687 665 4759 τηρητέον
704 4686 919 4758 πρῶτον
953 4689 1049 4759 μὲν
1075 4729 1090 4753 ,
1133 4689 1208 4753 ὡς
1251 4691 1285 4761 ἡ
1324 4690 1546 4761 πέμπτη
1593 4690 1805 4756 ἓκδοσις

212 4780 435 4851 συνᾴδει
465 4782 579 4842 τοῖς
611 4778 1044 4849 Ἐϐδομήκοντα,
1087 4782 1308 4851 φήσασα
1338 4779 1433 4833 καὶ
1456 4780 1592 4853 αὐτή
1611 4797 1625 4811 ·
1675 4781 1803 4836 Ὅτι

209 4871 321 4936 σὺ,
347 4871 545 4939 Κύριε,
569 4870 743 4936 ἐλπίς
768 4887 909 4939 μου,
934 4869 1041 4923 τὸν
1066 4872 1355 4939 Ὕψιστον
1378 4871 1519 4926 ἔθου
1548 4888 1805 4942 καταφυ-

212 4961 335 5034 γήν
363 4976 481 5017 σου
502 4978 515 4991 ·
550 4960 835 5032 δεύτερον,
869 4960 945 5024 ὡς
978 4962 1011 5031 ή
1053 4961 1318 5034 Ἐϐραῖκὴ
1355 4962 1541 5033 φωνὴ,
1589 4963 1802 5016 Ἐλίων

211 5053 548 5126 περιέχουσα
579 5052 671 5105 τὸν
703 5051 962 5122 Ὕψιστον
984 5052 1153 5122 δηλοῖ.
1184 5050 1431 5122 Εῦρομεν
1461 5051 1595 5121 γοῦν
1618 5054 1676 5105 ὲν
1702 5059 1798 5116 νςυ

212 5146 417 5218 ψαλμῷ
444 5146 693 5217 κείμενον
718 5145 779 5199 τὸ
798 5186 813 5210 ,
833 5144 1201 5214 Κεκράξομαι
1226 5143 1377 5213 πρὸς
1397 5144 1504 5198 τὸν
1524 5144 1671 5199 Θεὸν
1695 5144 1800 5201 τὸν

213 5238 512 5307 ὕψιστον·
549 5237 678 5292 ἔνθα
712 5237 831 5290 ἀντὶ
860 5235 954 5289 τοῦ
978 5276 992 5300 ,
1020 5234 1125 5289 τόν
1157 5235 1455 5305 ὕψιστον,
1485 5236 1549 5289 τὸ
1582 5235 1798 5308 Ἑϐραῖ-

214 5330 314 5386 κὸν
379 5329 592 5384 Ἔλίων
647 5329 912 5401 περιέχει,
961 5328 1037 5392 ὡς
1082 5328 1177 5385 καὶ
1237 5328 1331 5380 ἐπὶ
1379 5327 1473 5381 τοῦ
1512 5328 1797 5400 παρόντος.

215 5423 335 5475 Οὐκ
362 5421 469 5492 ἄρα
496 5421 600 5492 χρὴ
633 5419 986 5491 βιαζομένους
1023 5420 1123 5491 τὴν
1151 5418 1410 5489 ἀλήθειαν
1434 5416 1799 5490 διαστρέφειν.

217 5511 332 5565 Καὶ
380 5510 553 5572 ἄλλως
583 5509 672 5572 δὲ,
703 5511 858 5580 εἰπερ
897 5507 1036 5563 κατὰ
1069 5507 1161 5561 τὸν
1208 5506 1438 5563 ’Δκύλαν
1474 5508 1614 5580 πρὸς
1641 5506 1803 5559 αὑτὸν

220 5604 314 5656 τὸν
364 5600 566 5673 Κύριον
618 5599 889 5666 λέλεκται,
996 5600 1123 5653 ’Ὁτι
1178 5598 1297 5663 σὺ,
1363 5599 1575 5668 Κύριε,
1628 5598 1803 5665 ἐλπίς

216 5712 361 5767 μου,
432 5692 696 5761 ὕψιστον
746 5691 933 5761 ἔθηκα
979 5691 1322 5762 οἰκητήριον
1368 5706 1515 5749 σου·
1572 5689 1606 5763 ἦ
1662 5690 1802 5744 κατὰ

1902 589 2095 641 simum
2138 590 2359 657 posuisti
2404 590 2663 661 refugium
2699 600 2881 655 tuum;
2928 593 3271 663 apertissime
3296 592 3478 648 decla-

1902 691 2031 732 rans
2053 676 2341 732 Dominum
2370 693 2492 734 esse
2516 678 2582 732 ad
2598 694 2757 749 quem
2782 679 2897 735 haec
2928 681 3109 735 omnia
3131 681 3473 736 dicebautur.

1903 764 2039 819 Cum
2075 767 2225 821 nulla
2267 767 2413 822 enim
2449 768 2507 821 in
2544 767 2725 823 medio
2768 783 3015 838 persona:
3062 770 3293 824 mutatio
3330 769 3477 826 facta

1905 857 1997 924 sit,
2036 859 2218 913 omnia
2250 874 2356 913 una
2390 861 2677 923 sententia,
2713 861 2866 930 quasi
2916 862 3007 915 uni
3051 862 3220 924 dicta,
3250 863 3479 918 concin-

1905 959 2033 1004 nata
2060 960 2208 1014 sunt,
2240 966 2304 1004 ac
2344 951 2428 1007 his
2467 950 2649 1007 verbis
2681 952 2826 1007 clare
2856 952 3197 1023 significatur
3225 953 3441 1009 declara
3461 983 3475 995 ο

1904 1050 2101 1112 torque
2132 1043 2255 1112 quis
2292 1042 2383 1097 ille
2413 1043 2485 1098 sit
2519 1060 2532 1094 :
2560 1042 2823 1109 Quoniam
2856 1052 2911 1096 tu
2955 1061 3033 1109 es,
3076 1043 3319 1111 Domine,
3360 1060 3477 1114 spes

1905 1152 2041 1198 mea,
2067 1134 2399 1188 Altissimum
2430 1136 2655 1203 posuisti
2674 1136 2935 1206 refugium
2958 1145 3125 1191 tuum.
3146 1136 3284 1202 Quia
3306 1138 3473 1202 enim,

1906 1223 2101 1295 inquit,
2150 1232 2231 1289 tu,
2280 1224 2524 1288 Domine,
2561 1226 2617 1279 in
2657 1241 2820 1297 quem
2865 1240 2965 1299 ego
3002 1228 3234 1297 speravi,
3262 1227 3479 1282 Altissi-

1904 1329 2074 1378 mum,
2124 1314 2178 1369 id
2228 1322 2312 1370 est
2346 1329 2663 1386 supremum
2721 1314 2892 1371 Deum
2936 1328 2989 1373 et
3044 1316 3261 1374 Patrem
3299 1324 3474 1385 tuum,

1904 1405 2172 1477 refugium
2207 1416 2356 1461 tuum
2404 1408 2662 1479 posuisti,
2702 1407 2826 1464 ideo
2856 1423 2967 1463 non
2998 1408 3259 1465 accedent
3294 1409 3360 1465 ad
3396 1420 3473 1474 te,

1904 1514 2081 1569 neque
2114 1499 2302 1564 millia,
2340 1515 2521 1571 neque
2548 1500 2732 1555 decem
2784 1502 2973 1565 millia,
3022 1517 3123 1557 nec
3172 1502 3353 1573 laquei
3383 1518 3478 1556 ve-

1905 1593 2174 1658 nantium,
2206 1608 2381 1662 neque
2421 1592 2572 1647 aliud
2611 1592 2887 1664 quidpiam
2936 1609 3002 1649 ex
3037 1594 3389 1649 memoratis:
3424 1601 3481 1650 et.

1906 1685 2033 1756 quia
2059 1693 2138 1750 tu,
2170 1684 2427 1753 Domine,
2460 1701 2585 1756 spes
2624 1687 2729 1741 mei
2762 1702 2821 1743 es
2852 1687 2967 1742 haec
2996 1685 3226 1743 dicentis
3262 1706 3273 1741 :
3309 1687 3479 1740 Altis-

1906 1776 2101 1829 simum
2127 1777 2351 1845 posuisti
2382 1776 2645 1848 refugium
2676 1786 2824 1831 tuum
2846 1794 2872 1841 ;-
2905 1778 3030 1834 ideo
3070 1778 3225 1831 initio
3269 1791 3479 1835 sermo-

1904 1866 1991 1922 nis
2023 1865 2089 1921 de
2119 1875 2170 1922 te
2215 1867 2463 1923 dicebam
2501 1886 2515 1921 :
2551 1867 2657 1934 Qui
2680 1867 2884 1922 habitat
2927 1867 2983 1922 in
3017 1868 3283 1938 adjutorio
3313 1869 3480 1924 Altis-

1904 1958 2046 2021 simi,
2082 1964 2176 2012 aut
2205 1975 2218 2011 :
2254 1958 2361 2026 Qui
2381 1958 2587 2013 habitat
2609 1960 2663 2013 in
2694 1960 3003 2017 abscondito
3031 1961 3315 2024 Altissimi,
3347 1961 3478 2032 quia

1904 2047 1960 2103 in
1989 2049 2207 2105 arcanis
2238 2058 2292 2105 et
2321 2050 2555 2107 occultis
2592 2058 2646 2106 te
2684 2051 2999 2109 Altissimus
3028 2052 3173 2109 sedis
3211 2061 3265 2109 et
3294 2052 3477 2108 throni

1904 2148 2215 2197 consortem
2238 2140 2438 2208 eﬂ‘ecit,
2470 2150 2525 2199 te
2561 2144 2643 2199 sic
2683 2144 2968 2214 alloquens
3007 2163 3020 2200 :
3051 2143 3185 2200 Sede
3212 2163 3244 2199 a
3274 2144 3478 2200 dextris

1904 2231 2056 2296 meis,
2097 2231 2260 2286 donec
2297 2248 2491 2302 ponam
2534 2236 2775 2291 inimicos
2808 2247 2925 2291 tuos
2972 2236 3258 2293 scabellum
3291 2237 3479 2309 pedum

1906 2333 2116 2379 tuorum
2138 2327 2207 2380 ".

1972 2481 2110 2537 Cum
2155 2492 2335 2539 autem
2365 2485 2679 2543 Altissimus
2703 2486 2794 2543 hic
2824 2503 2923 2558 pro
2953 2503 3210 2559 supremo
3235 2490 3479 2545 omnium

1902 2571 2014 2628 Deo
2042 2574 2408 2647 intelligatur;
2461 2577 2727 2633 Dominus
2780 2584 2962 2633 autem
3026 2595 3124 2649 pro
3181 2578 3320 2633 Filio
3364 2578 3479 2646 Dei,

1902 2666 1996 2735 qui
2036 2667 2379 2723 Altissimum
2411 2671 2592 2739 posuit
2626 2670 2897 2742 refugium
2939 2687 3138 2739 suum;
3163 2673 3289 2743 jure
3335 2671 3484 2744 Moy—

1903 2770 1994 2811 ses
2014 2756 2259 2825 ejusdem
2293 2756 2533 2826 Spiritus
2548 2760 2773 2815 numine
2793 2760 3007 2815 afﬂatus
3034 2761 3088 2814 in
3111 2776 3309 2832 magno
3352 2775 3485 2816 can-
3521 2763 3525 2767 ’

1903 2851 2010 2906 tico
2046 2851 2158 2905 hac
2198 2851 2382 2906 docuit
2417 2872 2429 2906 :
2463 2852 2687 2919 Quando
2728 2852 2993 2907 dividebat
3024 2853 3330 2908 Altissimus
3359 2869 3486 2925 geis-

1904 2951 2000 3005 tes,
2031 2952 2090 2996 ut
2113 2942 2493 2998 disseminabat
2526 2944 2669 3012 ﬁlios
2700 2943 2896 3009 Adam,
2930 2944 3201 2998 constituit
3235 2944 3482 2999 terminos

1904 3037 2238 3105 populorum,
2271 3035 2558 3091 secundum
2602 3053 2878 3091 numerum
2918 3038 3224 3109 angelorum
3267 3036 3379 3091 Dei.
3414 3035 3484 3089 Et

1906 3128 2052 3197 facta
2089 3137 2168 3182 est
2206 3130 2379 3197 portio
2412 3127 2629 3182 Domini
2655 3128 2878 3197 populus
2904 3129 3018 3199 ejus
3045 3127 3237 3192 Iacob,
3273 3127 3485 3195 funicu-

1830 3209 1871 3264 C
1905 3221 1987 3279 lus
2035 3219 2361 3274 haereditatis
2418 3219 2532 3290 ejus
2598 3219 2771 3274 Israel
2814 3220 2884 3277 ⁷⁸.
2940 3219 3037 3275 His
3077 3219 3220 3274 enim
3271 3218 3485 3291 Moyses

1900 3312 2069 3367 Deum
2103 3312 2404 3382 ingenitum
2430 3311 2640 3383 liquido
2667 3311 3008 3368 Altissimum
3047 3311 3358 3382 appellavit,
3390 3311 3485 3381 qui

1899 3413 2088 3475 gentes
2149 3412 2304 3459 terra:
2360 3405 2568 3475 angelis
2625 3404 2742 3460 suis
2803 3404 3118 3470 distribuit;
3194 3402 3484 3458 Dominum

1896 3511 2029 3551 vero
2078 3493 2277 3550 Filium
2326 3494 2443 3559 Dei,
2478 3496 2573 3567 qui
2623 3495 2877 3552 lsraelem
2918 3511 2948 3550 a
3001 3495 3164 3551 Patre
3221 3496 3483 3565 suscepit.

1899 3586 1999 3643 Hic
2048 3604 2178 3660 ergo
2229 3591 2348 3659 ipse
2422 3587 2686 3644 Dominus
2758 3589 2814 3642 in
2878 3587 3153 3657 adjutorio
3218 3585 3484 3641 Altissimi

1900 3680 2146 3736 habitare
2217 3680 2606 3744 aliirmabatur,
2680 3687 2735 3735 et
2803 3679 3147 3734 Altissimum
3232 3680 3486 3748 posuisse

1898 3772 2167 3843 refugium
2214 3788 2396 3839 suum,
2437 3772 2690 3827 videlicet
2735 3771 2951 3826 Patrem
2997 3786 3178 3826 suum.
3211 3770 3487 3837 Quamob-

1898 3881 2014 3922 rem
2053 3863 2258 3919 dictum
2320 3872 2404 3922 est
2460 3865 2539 3920 illi
2596 3884 2609 3919 :
2665 3864 2932 3931 Quoniam
2983 3875 3041 3919 tu
3101 3880 3178 3927 es,
3239 3860 3483 3928 Domine,

1899 3970 2014 4024 spes
2048 3970 2183 4019 mea,
2214 3955 2550 4009 Altissimum
2580 3953 2808 4024 posuisti
2845 3951 3108 4023 refugium
3145 3964 3313 4007 tuum.
3346 3951 3486 4018 Quia

1899 4062 2030 4103 vero
2094 4046 2290 4118 Aquila
2340 4054 2394 4102 et
2440 4044 2800 4117 Symmachus
2856 4044 3019 4099 modo
3074 4044 3141 4099 ad
3198 4044 3485 4098 Judaicam

1901 4138 2230 4195 sententiam
2291 4138 2519 4209 propius
2575 4138 2875 4193 accedente
2932 4136 3274 4206 interpretati
3333 4144 3482 4203 sunt,

1904 4224 2213 4287 doctrinam
2248 4240 2280 4285 a
2312 4227 2471 4285 nobis
2501 4226 2569 4281 de
2598 4227 2882 4283 Altissimo
2916 4234 2969 4281 et
3000 4226 3068 4282 de
3102 4226 3332 4280 Domino
3375 4235 3487 4279 tra-

1902 4315 2070 4377 ditam
2120 4326 2431 4387 suspectam
2475 4317 2783 4384 habentes;
2819 4317 3016 4388 Aquila
3072 4319 3215 4373 enim
3281 4317 3485 4380 cllidis,

1904 4407 2165 4473 Quoniam
2192 4418 2268 4474 tu,
2318 4408 2561 4473 Domine,
2597 4425 2713 4477 spes
2773 4426 2911 4473 mea,
2962 4409 3285 4464 altissimum
3332 4408 3486 4476 posui

1906 4499 2271 4554 habitaculum
2331 4508 2519 4565 tuum;
2567 4500 2931 4572 Symmachus
2980 4514 3142 4563 vero,
3204 4498 3281 4550 Tu
3323 4498 3484 4563 enim,

1906 4591 2070 4651 Deus.
2091 4592 2291 4661 ﬁducia
2319 4609 2457 4669 mea,
2484 4592 2807 4651 altissimam
2851 4592 3076 4662 posuisti
3106 4589 3486 4643 habitationem

1906 4694 2084 4746 tuam;
2115 4684 2513 4739 observandum
2548 4683 2725 4753 primo
2743 4690 2847 4746 est,
2876 4683 3129 4751 quintam
3193 4681 3485 4736 editionem

1908 4770 2258 4843 Septuaginta
2286 4772 2682 4843 lnterpretibus
2710 4773 2984 4839 accinere,
3016 4787 3142 4826 nam
3171 4784 3225 4826 et
3256 4773 3374 4843 ipsa
3404 4772 3486 4828 sic

1903 4864 2087 4929 habet,
2121 4864 2383 4930 Quoniam
2419 4874 2497 4929 tu,
2546 4863 2788 4930 Domine,
2821 4880 2936 4935 spes
2985 4880 3122 4929 mea,
3160 4864 3482 4919 altissimum

1902 4956 2131 5025 posuisti
2178 4956 2441 5026 refugium
2499 4966 2647 5010 tuum
2689 4973 2710 5021 ;
2747 4956 3009 5023 secundo,
3042 4956 3360 5012 Hebraicam
3388 4972 3485 5012 vo-

1905 5064 2046 5113 cem,
2074 5063 2195 5119 quae
2232 5047 2392 5102 Elian
2418 5047 2932 5104 babetAltissimum
2953 5048 3277 5120 signiﬁcare.
3314 5047 3371 5103 In
3398 5063 3486 5104 ινι

1903 5141 2048 5198 enim
2065 5140 2274 5211 psalmo
2290 5140 2369 5200 sic
2382 5154 2701 5210 expressum
2718 5140 3023 5196 invenimus
3040 5142 3085 5172 "
3106 5159 3118 5195 :
3145 5139 3399 5196 Clamabo
3415 5140 3484 5193 ad

1904 5230 2073 5286 Deum
2103 5230 2423 5285 altissimum
2454 5246 2472 5285 :
2510 5231 2602 5287 ubi
2628 5247 2727 5302 pro
2752 5231 2867 5297 illo,
2895 5232 3233 5296 altissimum,
3260 5230 3485 5285 Hebrai-

1905 5337 2030 5379 cum
2055 5322 2350 5391 exemplar,
2376 5321 2555 5385 Elian,
2589 5320 2923 5387 circumfert,
2947 5330 3008 5376 ut
3033 5328 3087 5375 et
3122 5321 3175 5374 in
3207 5320 3481 5387 praesenti.

1902 5413 2021 5477 Non
2056 5422 2271 5483 oportet
2299 5428 2429 5484 ergo
2461 5413 2717 5470 violentia
2748 5421 2966 5468 utentes
3016 5412 3299 5492 veritatem
3330 5427 3484 5467 ever-

1904 5512 2040 5567 tere.
2072 5502 2139 5559 Et
2166 5504 2408 5573 alioquin
2428 5504 2476 5559 si
2500 5503 2802 5560 secundum
2829 5502 3082 5572 Aquilam
3116 5501 3220 5571 ipsi
3251 5500 3483 5558 Domino

1904 5597 2111 5653 dictum
2145 5597 2236 5666 sit,
2270 5596 2532 5664 Quoniam
2565 5605 2621 5651 tu
2646 5614 2724 5664 es,
2747 5594 2990 5661 Domine,
3024 5609 3137 5663 spes
3168 5609 3304 5658 mea,
3328 5592 3481 5648 altis-

1904 5691 2100 5746 simum
2146 5691 2300 5763 posui
2352 5690 2714 5747 habitaculum
2780 5697 2963 5752 tuum;
3023 5692 3117 5741 aut
3181 5684 3483 5748 secundum,

294 5850 339 5883 ⁷⁸
379 5846 523 5905 Psal.
559 5861 681 5912 ctx,
716 5847 767 5905 i.
842 5846 888 5879 "
929 5845 1082 5903 Deut.
1119 5861 1306 5907 xxxii,
1345 5848 1397 5906 8,
1437 5847 1488 5903 9.
1567 5848 1612 5879 “
1668 5846 1812 5903 Psal.
1845 5863 1931 5903 ι.ιί
2001 5848 2057 5906 5.
