3974 6516
579 368 715 426 “5|

1257 353 1528 412 EUSEBII
1567 347 2045 409 CZESARIENSIS
2083 345 2233 405 OPP.
2271 341 2452 398 PARS
2488 340 2574 398 Ill.
2613 371 2685 382 —
2720 333 3129 394 EXEGETICA.

3625 336 3722 393 “5'2

576 479 984 555 Symmachum,
1017 476 1094 531 Tu
1127 474 1286 537 enim,
1320 471 1478 532 Deus,
1522 468 1718 540 fiducia
1769 486 1906 531 mea,
1950 467 2154 520 altissi-

2207 479 2227 536 λ
2257 464 2346 519 τὸν
2363 462 2676 533 Σύμμαχον,
2699 456 2782 512 Σὺ
2797 453 2926 525 γὰρ,
2945 454 3139 520 Κύριε,
3165 450 3374 520 ἀφοϐία
3387 468 3512 520 μου,
3529 453 3725 523 bii-(mp

576 590 720 628 mam
756 570 981 642 posuisti
1023 565 1406 621 habitationem
1441 571 1624 624 tuam;
1651 572 1705 615 et
1735 574 1938 624 sermo,
1970 557 2029 612 ut
2057 555 2153 610 Ju-

575 665 676 722 daii
705 665 1018 735 opinantur,
1070 660 1137 715 ad
1189 658 1357 714 Deum
1407 657 1788 711 universorum
1835 652 2149 708 referatur:

575 772 676 812 cur
722 753 978 823 deinceps
1037 751 1278 812 additur,
1335 746 1634 804 secundum
1689 744 1962 815 Aquilam,
2028 740 2153 795 Non

575 845 946 914 importabitur
975 843 1068 896 tibi
1092 842 1320 904 ntalitia,
1353 850 1403 894 et
1433 838 1592 908 plaga
1621 853 1726 890 non
1761 833 2155 903 appropinqua-

575 937 649 990 bit
683 945 972 1008 tegumenta
1003 943 1114 999 tuo,
1137 932 1385 1004 quoniam
1415 931 1614 1001 angelis
1659 930 1771 983 suis
1797 927 2067 997 praecipiet
2096 933 2154 978 ut

573 1029 877 1084 custodiant
923 1037 970 1082 te
1008 1028 1062 1080 in
1113 1024 1353 1080 omnibus
1383 1024 1480 1077 viis
1515 1025 1640 1078 tuis.
1669 1021 1738 1075 In
1777 1018 2019 1076 manibus
2054 1016 2156 1070 tol-

575 1121 681 1177 lent
715 1133 784 1184 te,
819 1137 881 1174 ne
909 1120 1045 1189 forte
1089 1117 1322 1188 offendat
1349 1118 1405 1170 in
1451 1114 1626 1185 lapide
1651 1129 1740 1183 pes
1772 1123 1926 1176 tuus;
1958 1125 2158 1166 secun-

573 1213 703 1268 dum
761 1212 1144 1284 Symmachum
1193 1225 1343 1274 vero,
1397 1218 1524 1280 post
1571 1206 1728 1271 illud,
1778 1206 1882 1284 ζέιι,
1908 1203 2153 1264 Domine,

575 1304 774 1374 ﬁducia
806 1320 941 1368 mea,
967 1303 1289 1357 altissimam
1310 1300 1536 1370 posuisti
1567 1299 1944 1352 habitationem
1972 1306 2154 1359 tuam;

577 1410 683 1464 qua
708 1394 776 1449 de
805 1409 974 1449 causa
1003 1391 1447 1463 sulijicitur,Non
1476 1389 1778 1462 prwoalebit
1808 1389 2083 1443 adversum
2109 1399 2158 1442 te

577 1488 800 1550 malum,
826 1503 988 1554 neque
1015 1485 1173 1555 plaga
1210 1484 1648 1555 appropinquabit
1680 1481 2019 1537 tabernaculo
2042 1490 2152 1535 tuo.

578 1579 842 1645 Quoniam
886 1579 1085 1649 angelis
1123 1578 1234 1631 suis
1277 1575 1550 1630 mandabit
1574 1575 1638 1630 de
1668 1585 1736 1639 te,
1768 1587 1824 1629 ut
1854 1572 2156 1628 custodiant

576 1681 625 1726 te
658 1672 713 1726 in
743 1671 982 1724 omnibus
1007 1671 1102 1724 viis
1135 1671 1263 1723 tuis.
1299 1667 1363 1720 lu
1395 1667 1638 1720 manibus
1680 1664 1958 1737 gestabant
1997 1674 2064 1726 te,
2099 1672 2157 1718 ut

576 1781 640 1818 ne
672 1764 937 1833 impingas
989 1763 1043 1816 in
1097 1761 1325 1831 lapidem
1364 1759 1491 1829 pede
1534 1762 1669 1815 tuo?
1692 1757 1817 1812 llaec
1851 1759 2050 1828 quippe
2088 1756 2156 1812 de

2255 551 2394 608 ἔθου
2421 551 2536 619 τὴν
2562 547 2805 616 οῑκησίν
2847 561 2964 599 σου
2984 559 2997 573 ο
3029 540 3355 613 ἀναφέρεταί
3385 558 3438 592 τε
3460 542 3485 593 ὁ
3508 540 3655 610 λόγος,
3675 547 3726 612 ὡς

2252 644 2317 699 ἂν
2345 644 2577 716 οἰηθεῖεν
2619 639 2887 695 Ἰουδαίων
2913 635 3116 699 παῖδες,
3144 635 3234 688 ἐπὶ
3260 635 3347 688 τὸν
3368 633 3465 688 τῶν
3492 634 3602 687 ὅλων
3621 636 3726 700 Θεὸν,

2253 738 2372 803 πῶς
2407 736 2672 806 συνῆπται
2708 732 2833 803 ἑξῆς
2881 729 3022 784 κατὰ
3057 729 3155 800 μὲν
3193 727 3283 781 τὸν
3333 726 3540 779 Ἀκύλαν
3576 726 3648 790 τὺ,
3675 732 3729 782 οὺ

2248 829 2688 902 μεταχθήσεται
2717 824 2866 894 πρὸς
2884 823 2958 877 σὲ
2987 821 3167 874 κακία
3185 858 3200 884 ,
3223 818 3320 871 καὶ
3347 817 3463 886 ἁφὴ
3492 821 3584 871 οὐκ
3607 819 3732 888 ἐξ·μεὶ

2253 927 2323 981 ὲν
2352 923 2552 990 σκέπῃ
2581 933 2731 974 σου·
2762 917 2851 971 ὅτι
2888 914 3166 986 ἀγγέλοις
3192 910 3372 966 αὐτοῦ
3395 909 3662 963 ἐντελεῖται
3684 927 3734 966 σε

2254 1013 2520 1088 φυλάξαι
2541 1013 2611 1066 ἐν
2634 1009 2860 1074 πάσαις
2881 1005 3044 1072 ὁδοῖς
3067 1020 3206 1059 σου.
3247 1003 3370 1056 Ἐπὶ
3389 999 3596 1068 ταρσῶν
3617 1002 3734 1068 ἀροῦ-

2255 1127 2340 1175 σι,
2368 1108 2601 1179 μήποτε
2638 1103 2960 1172 προσκόψῃ
2982 1099 3051 1152 ὲν
3081 1098 3228 1162 λίθῳ
3253 1097 3288 1150 ό
3319 1094 3463 1160 ποῦς
3490 1108 3613 1146 σου·
3637 1094 3732 1145 κατὰ

2254 1203 2311 1256 δὲ
2337 1200 2431 1254 τὸν
2453 1198 2770 1269 Σύμμαχον,
2805 1190 2941 1264 μετὰ
2962 1190 3023 1243 τὸ
3041 1230 3055 1254 ,
3081 1187 3194 1250 Σὺ,
3218 1187 3418 1254 Κύριε,
3442 1183 3623 1253 ἀφοεία
3638 1201 3731 1250 μου,

2255 1295 2530 1363 ὐψίστην
2560 1291 2700 1345 ἔθου
2731 1286 2845 1356 τὴν
2875 1283 3120 1352 οἴκησίν
3165 1295 3312 1335 σουο
3366 1277 3475 1340 πῶς
3507 1275 3736 1342 ὲπιλέγεται

2255 1388 2337 1449 τὸ,
2367 1388 2449 1441 Οὐ
2481 1383 2836 1453 κατισχύσει
2868 1393 2984 1432 σου
3013 1374 3234 1430 κακὸν.
3274 1369 3412 1425 οὐδὲ
3435 1369 3544 1438 ἀρὴ
3580 1368 3738 1437 ἐγγίσει

2256 1479 2331 1549 τῇ
2353 1475 2557 1545 σκηνῇ
2581 1492 2718 1529 σου,
2753 1473 2881 1525 Ὅτι
2906 1467 3030 1533 τοῖς
3044 1464 3322 1535 ἀγγέλοις
3346 1458 3631 1515 ἐντελεῖται
3651 1460 3738 1525 περὶ

2257 1572 2373 1627 σοῦ
2395 1568 2741 1640 φυλάσσειν
2762 1579 2837 1618 σε
2855 1563 2925 1616 ἐν
2949 1558 3174 1623 πάσαις
3190 1555 3318 1620 ταῖς
3338 1552 3489 1618 ὁδοῖς
3509 1568 3620 1605 σου.
3652 1550 3740 1604 Ἐπὶ

2257 1663 2470 1736 χειρῶν
2483 1657 2878 1727 βαστάσουσι
2906 1669 3001 1715 σε,
3027 1653 3127 1705 ἵνα
3150 1649 3236 1719 μὴ
3266 1645 3590 1736 «poenica

2257 1733 2338 1821 de)
2363 1754 2501 1808 ποδί
2531 1769 2645 1808 σου
2663 1767 2683 1815 ;
2730 1747 2919 1802 Ταῦτα
2954 1744 3064 1815 γὰρ
3106 1742 3243 1814 πρὸς
3275 1740 3365 1793 τὸν
3389 1737 3490 1791 τῶν
3529 1735 3636 1788 ὅλων
3655 1733 3741 1786 Θεὸν

578 1854 689 1908 Deo
746 1855 1130 1909 universorum
1177 1853 1323 1907 dicta
1373 1861 1585 1921 putare,
1615 1850 1704 1920 qui
1760 1864 1869 1904 non
1909 1848 2153 1902 omnium

2207 1830 2230 1886 3
2259 1847 2515 1918 λέγεσθαι
2549 1843 2664 1906 πῶς
2705 1843 2804 1895 οὐκ
2836 1838 2902 1892 ἂν
2935 1837 3020 1906 εἴη
3050 1835 3266 1888 πάντων
3305 1826 3742 1921 (lasanum-{lis

575 1946 965 2016 impiissimum
1018 1945 1217 2000 fuerit?
1246 1943 1380 2010 Quis
1419 1943 1566 1997 enim
1609 1942 1815 2012 angelis
1847 1940 1963 1996 suis
2003 1954 2158 1992 man-

575 2037 668 2092 det
708 2037 775 2092 de
827 2037 934 2092 Deo
987 2036 1390 2096 universorum,
1451 2042 1511 2088 ut
1570 2033 1881 2088 custodiant
1928 2048 2050 2086 eum
2104 2033 2159 2085 in

493 2193 497 2198 l
576 2129 832 2184 omnibus
885 2129 988 2184 viis
1032 2128 1239 2199 ipsius?
1268 2135 1362 2180 aut
1410 2126 1686 2197 quomodo
1711 2124 2019 2193 Deum,qui
2063 2139 2161 2178 su-

576 2237 674 2292 pra
703 2221 887 2275 omnia
919 2228 1028 2286 est,
1069 2221 1322 2274 manibus
1352 2219 1662 2290 gestabunt,
1695 2225 1756 2271 ut
1786 2231 1894 2270 non
1923 2214 2163 2270 oﬂ'endat

577 2313 646 2367 ad
681 2312 913 2382 lapidem
952 2326 1050 2381 pes
1079 2310 1240 2379 ejus?
1276 2310 1344 2363 At
1393 2308 1545 2363 vides
1574 2323 1682 2363 non
1715 2307 1882 2362 licere
1918 2319 2016 2376 per
2045 2320 2164 2360 ser-

577 2402 758 2457 monis
808 2401 1026 2464 seriem,
1073 2401 1189 2454 haec
1237 2401 1302 2454 ad
1356 2415 1646 2470 personam
1697 2399 1810 2463 Dei,
1857 2399 1950 2468 qui
1994 2412 2163 2468 supra

577 2496 762 2548 omnia
809 2500 914 2558 est,
948 2491 1154 2546 referre
1185 2511 1198 2546 :
1233 2507 1410 2560 neque
1459 2493 1587 2546 item
1628 2491 1883 2561 superius
1915 2490 2059 2543 dicta
2095 2490 2163 2544 ab

578 2583 694 2648 illo,
721 2582 986 2648 Quoniam
1006 2583 1115 2651 ipse
1152 2582 1395 2636 liberabit
1439 2593 1486 2636 te
1522 2582 1586 2636 de
1616 2582 1801 2652 laqueo
1836 2582 2161 2645 venantium,

579 2692 614 2728 a
660 2674 812 2729 verbo
861 2674 1180 2731 turbulento.
1216 2674 1275 2729 ln
1312 2674 1541 2742 scapulis
1572 2675 1682 2728 suis
1709 2673 2041 2727 obumbrabit
2070 2671 2166 2725 tibi

577 2775 629 2820 et
658 2766 752 2820 sub
779 2767 960 2835 pennis
989 2767 1102 2836 ejus
1128 2767 1455 2836 sperabis,et
1473 2774 1670 2822 caetera
1693 2781 1815 2836 quae
1837 2777 2161 2836 sequuntur.

649 2858 806 2924 Quod
854 2859 899 2915 si
943 2859 1068 2930 quis
1109 2859 1224 2913 haec
1265 2857 1497 2928 accipiat
1530 2859 1597 2913 de
1636 2857 1859 2913 Christo
1898 2856 2014 2918 Dei,
2071 2858 2165 2925 qui

577 2947 688 3015 hic,
719 2959 776 3003 ut
816 2950 979 3004 etiam
1013 2948 1162 3016 alibi,
1197 2948 1463 3004 Dominus
1493 2956 1752 3013 vocatur,
1788 2951 1835 3003 is
1862 2963 1971 3002 non
2003 2949 2164 3003 aber-

577 3041 782 3097 ravcrit
824 3055 856 3095 a
905 3057 1036 3097 vero
1079 3061 1092 3096 :
1129 3056 1256 3095 nam
1304 3040 1598 3110 Apostolus
1629 3055 1847 3110 quoque
1872 3040 1988 3095 ait:
2021 3038 2166 3094 Unus

578 3132 723 3188 Deus
767 3148 831 3188 ex
870 3150 973 3204 quo
1021 3134 1220 3199 omnia,
1257 3143 1307 3188 et
1350 3149 1487 3188 unus
1555 3132 1815 3188 Dominus
1875 3149 1965 3202 per
2015 3149 2165 3203 quem

580 3225 859 3279 omnia”:
897 3241 960 3280 ac
985 3241 1226 3289 rursum,
1261 3223 1409 3279 Unus
1463 3224 1738 3286 Dominus,
1787 3223 2000 3293 inquit,
2058 3238 2166 3277 una

581 3318 736 3389 ﬁdes,
779 3334 943 3370 umtm
983 3317 1268 3392 baptisma.
1323 3317 1468 3371 Unus
1522 3316 1685 3380 Deus,
1730 3317 1820 3385 qui
1877 3325 1958 3370 est
2015 3330 2168 3382 super

581 3409 782 3470 omnia,
832 3419 881 3461 et
924 3423 1017 3476 per
1066 3409 1269 3472 omnia,
1300 3417 1350 3463 et
1395 3409 1451 3462 in
1493 3407 1816 3463 omnibus".
1844 3405 1961 3460 Duo
1988 3414 2166 3460 autem

584 3498 798 3554 Domini
827 3507 1013 3570 aperte
1044 3516 1074 3554 a
1106 3499 1310 3555 Davide
1336 3500 1468 3555 dicti
1494 3509 1623 3555 sunt
1647 3501 1703 3554 in
1735 3499 1848 3563 illo,
1879 3497 2021 3552 Dixit
2058 3497 2169 3551 Do-

583 3595 762 3648 minus
804 3593 1032 3649 Domino
1061 3611 1196 3657 meo,
1230 3593 1362 3649 Sede
1398 3611 1430 3648 a
1456 3593 1659 3649 dextris
1695 3594 1848 3659 meis,
1875 3590 2038 3647 donec
2076 3607 2172 3658 po-

583 3703 712 3742 nam
771 3686 1015 3740 inimicos
1078 3697 1196 3739 tuos
1251 3685 1542 3739 scabellum
1590 3684 1782 3753 pedum
1858 3684 2169 3747 tuorum";

585 3778 697 3834 imo
721 3778 886 3835 etiam
915 3777 1051 3832 illud
1083 3777 1306 3850 Moysis,
1334 3777 1484 3832 Pluit
1522 3777 1779 3831 Dominus
1809 3793 1840 3829 a
1863 3776 2090 3829 Domino
2115 3774 2171 3827 in

586 3873 873 3931 Sodomam
904 3883 956 3930 et
1004 3872 1357 3929 Gomorrham
1393 3869 1615 3939 sulphur
1641 3878 1690 3923 et
1719 3869 1971 3939 ignem",
1993 3867 2170 3922 eidem

585 3969 871 4025 sententia:
902 3967 1263 4038 astipuletur;
1330 3960 1791 4036 quemadmodum
1838 3960 2002 4016 etiam
2045 3974 2171 4015 cum

585 4062 814 4124 diceret,
846 4059 1072 4128 Quando
1093 4059 1358 4114 dividebat
1377 4056 1685 4111 Altissimus
1707 4065 1904 4125 gentes,
1933 4053 2077 4123 facta
2093 4062 2172 4107 est

582 4167 709 4222 pars
731 4152 1187 4222 Domiuipopulus
1213 4151 1329 4220 ejus
1361 4147 1624 4214 Iacob";
1656 4145 1946 4201 manifeste
1975 4145 2173 4214 quippe

585 4245 715 4298 hinc
763 4252 817 4299 et
868 4243 1218 4298 Altissimum
1268 4248 1322 4296 et
1375 4239 1666 4294 Dominum
1709 4253 1874 4294 nosse
1917 4237 2168 4305 videtur;

586 4333 929 4389 Altissimum
988 4332 1210 4404 quidem
1261 4346 1409 4397 eum,
1446 4330 1534 4401 qui
1585 4329 1868 4384 distribuit
1896 4337 1951 4383 et
1996 4335 2172 4384 sortes

587 4425 680 4481 dat
701 4423 908 4495 angelis
940 4426 1093 4490 suis;
1138 4422 1430 4478 Dominum
1468 4416 1617 4484 ver'o,
1671 4421 1763 4490 qui
1809 4435 1933 4474 cum
1965 4419 2172 4488 angelis

585 4513 984 4585 przecellentem
1017 4512 1261 4569 omnium
1297 4511 1537 4582 gentium
1565 4518 1763 4566 sortem
1795 4509 2011 4578 accipit.
2035 4507 2172 4574 Quia

588 4605 754 4678 igitur
781 4605 1066 4684 Dominus,
1103 4606 1196 4677 qui
1239 4605 1331 4660 hic
1365 4605 1657 4668 indicatur,
1690 4603 1864 4657 forma
1905 4602 2047 4657 servi
2078 4616 2171 4655 ac-

589 4707 767 4769 cepta,
801 4699 855 4752 in
888 4699 1302 4754 similitudinem
1345 4697 1630 4751 hominum
1655 4694 1833 4751 factus
1864 4701 1947 4750 est
1981 4701 2035 4748 et
2071 4693 2170 4747 ha-

589 4791 706 4846 bitu
757 4790 1010 4846 inventus
1053 4797 1113 4844 ut
1160 4789 1344 4854 homo,
1375 4801 1439 4842 ac
1465 4794 1589 4858 post
1613 4787 1944 4856 baptismum
1970 4784 2023 4838 in
2047 4782 2170 4838 Jor-

590 4883 733 4937 dane
781 4898 996 4938 omnem
1038 4898 1236 4952 passus
1270 4881 1625 4937 tentationem
1656 4886 1759 4944 est,
1819 4878 2040 4949 quando
2069 4875 2171 4932 du-

589 4981 713 5027 ctus
749 4980 834 5028 est
859 4988 891 5026 a
921 4971 1126 5043 Spiritu
1160 4972 1217 5026 in
1257 4972 1535 5027 desertum
1571 4977 1632 5039 ut
1658 4977 1966 5025 tentaretur
1992 4983 2021 5021 a
2050 4967 2171 5022 dia-

589 5065 738 5128 bolo,
764 5071 818 5119 et
847 5063 903 5118 in
933 5065 1226 5119 solitudine
1254 5064 1613 5136 quadraginta
1640 5064 1833 5120 diebus
1853 5070 1907 5118 et
1935 5062 2172 5133 quadra-

592 5156 740 5227 ginta
788 5156 1044 5211 noctibus
1093 5163 1337 5212 tentatus
1384 5163 1490 5221 est,
1522 5164 1575 5210 et
1616 5163 1734 5211 erat
1763 5171 1890 5211 cum
1932 5154 2085 5218 feris,
2113 5164 2173 5210 ut

592 5249 670 5304 ait
709 5248 1131 5320 evangelista”;
1161 5249 1287 5318 jure
1322 5248 1440 5303 lucc
1463 5250 1647 5302 omnia
1680 5247 1918 5318 Spiritus
1947 5255 2172 5303 sanctus

593 5342 957 5413 przenuntiare
977 5348 1228 5411 occupat,
1255 5341 1571 5412 signiﬁcans
1593 5349 1797 5411 quanta
1825 5340 2016 5395 diebus
2037 5356 2174 5410 qua-

593 5426 846 5498 draginta
888 5435 1152 5486 tentatus,
1185 5434 1389 5497 quanta
1422 5425 1647 5480 totidem
1717 5426 1972 5480 noctibus
2007 5425 2176 5481 susti-

595 5522 732 5577 nuit.
785 5520 924 5577 Cum
963 5521 1110 5576 enim
1157 5519 1225 5574 ad
1276 5518 1629 5590 Evangelium
1672 5518 1828 5590 regni
1851 5517 1946 5574 Dei
1979 5516 2174 5589 praedi-

668 5724 712 5754 ⁷⁸
753 5723 768 5776 1
803 5722 930 5778 Cor.
968 5737 1100 5789 vm,
1137 5722 1188 5776 6.
1264 5723 1309 5755 ⁷⁵
1348 5719 1548 5792 Ephes.
1593 5735 1663 5786 IV,
1702 5719 1773 5788 5,
1815 5717 1868 5772 6.
1947 5719 1990 5750 ⁷⁷
2031 5714 2158 5771 Psal

2212 5731 2329 5781 etx,
2371 5715 2423 5769 1.
2497 5714 2543 5745 ⁷⁸
2583 5713 2716 5769 Gen.
2753 5729 2878 5778 xix,
2913 5712 3001 5768 9-4.

598 5793 642 5829 ⁸⁹
670 5792 834 5848 Marc.
871 5810 921 5853 ι.
957 5793 1040 5848 15.

2260 1912 2369 2008 γὰρ
2389 1937 2418 1988 ὁ
2440 1937 2551 1997 τοῖς
2580 1930 2831 2000 ἀγγέλοις
2852 1924 3016 1980 αὑτοῦ
3040 1922 3414 1993 ἐντελλόμενος
3441 1919 3554 1990 περὶ
3570 1915 3642 1970 τοῦ
3654 1912 3742 1969 Θεοῦ

2259 2029 2366 2082 τῶν
2391 2028 2547 2090 ὅλων,
2574 2024 2714 2078 ὥστε
2746 2020 3037 2091 φυλάττειν
3055 2015 3217 2070 αὐτὸν
3250 2015 3310 2066 ὲν
3340 2013 3527 2074 πάσαις
3547 2013 3640 2070 ταῖς
3652 2008 3743 2068 ὁδοῖς

2261 2105 2457 2183 αύτοῦξ
2503 2119 2537 2190 ἢ
2569 2116 2688 2180 πῶς
2730 2114 2820 2166 τὸν
2859 2111 2953 2164 ἐπὶ
2983 2110 3198 2164 πάντων
3223 2108 3357 2161 Θεὸν
3394 2106 3480 2159 ἐπὶ
3503 2103 3659 2175 χειρῶν
3686 2102 3745 2171 βα-

2263 2215 2550 2268 στάσουσιν
2576 2251 2591 2275 ,
2643 2210 2730 2262 ἵνα
2783 2205 2857 2278 μὴ
2907 2200 3222 2276 προσπαισῃ
3253 2197 3388 2266 λίθῳ
3414 2198 3442 2250 ὁ
3468 2195 3583 2258 ποῦς
3611 2191 3742 2254 αὐτοῦς

2274 2302 2414 2355 Ἀλλ’
2440 2302 2572 2373 ὁρᾷς
2591 2340 2605 2364 ,
2636 2298 2713 2362 ὡς
2740 2300 2769 2352 ὁ
2802 2298 2962 2366 λόγος
2994 2295 3095 2348 οὐκ
3127 2289 3416 2362 ἐπιτρέπει
3438 2287 3512 2350 εἰς
3540 2284 3745 2355 πρόςωπον

2262 2390 2355 2445 τοῦ
2382 2393 2474 2444 ἐπὶ
2501 2390 2717 2443 πάντων
2755 2387 2890 2442 Θεοῦ
2926 2385 3100 2440 ταῦτα
3128 2378 3518 2452 ἀναφέρεσθαιο
3543 2376 3639 2429 ἐπεὶ
3662 2373 3746 2443 μηῶ

2262 2483 2330 2537 τὰ
2354 2482 2612 2554 ἀνωτέρω
2635 2480 2745 2534 ἀπὸ
2768 2478 2862 2533 τοῦ
2877 2519 2893 2545 ,
2926 2480 3046 2531 Ὅτι
3075 2476 3258 2540 αὐτὸς
3279 2469 3522 2542 ῥύσεταί
3541 2467 3664 2523 (reex
3680 2479 3749 2518 za-

2265 2577 2430 2648 γίδος
2457 2571 2780 2642 θηρευτῶν,
2808 2571 2928 2626 ἀπὸ
2960 2571 3146 2640 λόγου
3174 2562 3656 2636 ταραχώδους.Ἑν
3670 2557 3747 2623 τοῖς

2259 2665 2653 2738 μεταφρένοις
2693 2662 2880 2717 αὐτοῦ
2915 2659 3262 2715 ἐπισκιάσει
3292 2673 3423 2719 σοι,
3456 2655 3542 2708 καὶ
3576 2651 3664 2706 ὑπό
3681 2648 3747 2713 τὰς

2266 2757 2565 2826 πτέρυγας
2591 2753 2776 2809 αὐτοῦ
2813 2750 3041 2818 ἐλπιεῖς
3059 2790 3074 2815 ,
3114 2751 3207 2804 καὶ
3234 2748 3305 2803 τὰ
3330 2748 3529 2810 τούτοις
3565 2744 3746 2811 ἑπόμενα.

2342 2851 2406 2904 Εἰ
2429 2850 2483 2903 δέ
2505 2867 2590 2912 τις
2618 2847 2788 2900 ταῦτα
2816 2844 3036 2900 ἐκλάϐοι
3064 2845 3155 2897 ἐπὶ
3183 2844 3276 2897 τὸν
3307 2842 3530 2915 Χριστὸν
3549 2836 3626 2891 τοῦ
3645 2833 3747 2898 Θεοῦ,

2267 2945 2364 2999 καὶ
2387 2943 2622 2998 ἐνταῦθα
2661 2943 2897 3013 Κύριον,
2949 2939 3137 3010 ὥσπερ
3165 2934 3258 2991 οὖν
3289 2937 3384 2991 καὶ
3411 2939 3466 2989 ὲν
3499 2930 3746 2994 alioth

2273 3036 2547 3108 μασμένον
2569 3075 2584 3097 ,
2607 3035 2708 3087 οὐκ
2747 3032 2813 3088 ἂν
2843 3030 3130 3103 διαμάρτοι
3154 3031 3255 3100 τῆς
3285 3028 3555 3100 ἀληθείαςο
3581 3025 3672 3077 ἐπεὶ
3691 3019 3749 3108 uti

2222 3182 2234 3200 ο
2333 3105 2686 3188 Ἀπόστολος,
2721 3118 2826 3189 Εἷς
2853 3122 3032 3188 Θεὸς,
3064 3120 3134 3185 ἐξ
3158 3116 3231 3175 οὗ
3262 3121 3336 3174 τὰ
3371 3116 3580 3179 πάντα,
3609 3105 3748 3175 καὶεές

2192 3181 2234 3236 C
2267 3219 2480 3285 Κύριος
2500 3257 2514 3281 ,
2546 3181 2729 3269 δι’-οὗ
2756 3181 2829 3269 tu
2858 3181 3083 3266 πάντα·
3113 3181 3211 3266 οιαὶ
3254 3209 3451 3273 πάλιν,
3478 3205 3567 3273 Εἷς
3593 3206 3748 3270 Κύριος.

2269 3327 2342 3381 φη
2351 3310 2423 3374 σί,
2442 3309 2551 3378 μία
2566 3308 2790 3373 πίστις,
2810 3305 3225 3375 ἐνβάπτισμα.
3247 3299 3358 3371 Εἷς
3375 3302 3510 3368 Θεὸς
3527 3298 3640 3354 dial
3657 3294 3750 3348 stir-

2267 3419 2388 3456 των
2420 3401 2516 3455 καὶ
2550 3400 2648 3454 διὰ
2679 3400 2924 3454 πάντων
2952 3399 3050 3453 καὶ
3079 3398 3147 3452 ἐν
3187 3397 3360 3452 πᾶσι.
3415 3391 3586 3465 Κύριοε
3623 3405 3665 3441 τε
3696 3382 3750 3437 ibi

2268 3495 2528 3564 ἄντικρυς
2558 3493 2654 3547 καὶ
2685 3493 2790 3546 ὑπὸ
2818 3491 2913 3544 τοῦ
2959 3489 3123 3544 Δαυῒδ
3155 3486 3540 3559 ὠνομάσθησαν
3572 3478 3680 3534 κατά
3701 3474 3750 3534 τὺ,

2272 3584 2458 3641 Εἶπεν
2489 3589 2520 3640 ὀ
2558 3587 2774 3653 Κύριος
2809 3583 2890 3650 τῷ
2913 3583 3109 3651 Κυρίῳ
3131 3597 3286 3650 μου·
3320 3577 3506 3634 Κάθου
3531 3576 3589 3628 ἐκ
3611 3564 3752 3631 δεξαὲιν

2265 3696 2384 3749 μου
2403 3719 2417 3742 ,
2447 3678 2558 3743 ἕως
2585 3677 2663 3731 ἂν
2691 3677 2771 3730 θῶ
2799 3675 2944 3742 τοὺς
2965 3673 3218 3745 ἐχθρούς
3240 3685 3361 3727 σου
3382 3663 3667 3725 ὑποπόδιον-
3681 3654 3749 3710 τῶν

2271 3769 2473 3823 ποδῶν
2503 3785 2620 3822 σου
2639 3785 2652 3798 °
2674 3766 2809 3821 ἀλλὰ
2832 3767 2928 3821 καὶ
2957 3764 3199 3836 Μωῢοῆς
3228 3762 3426 3832 λέγων,
3463 3753 3659 3824 Ἐὄρεεε

2263 3876 2396 3928 ριος
2435 3857 2594 3926 παρὰ
2624 3858 2846 3925 Κυρίου
2872 3854 2973 3909 ἐπὶ
3002 3835 3239 3923 Σόδομα
3263 3853 3364 3906 καὶ
3401 3845 3637 3917 Γόμορρα
3653 3835 3750 3928 θεῖς’·

2273 3923 2381 4004 παῖ
2424 3923 2578 4017 πῦρ,
2624 3923 2725 4020 τῆξ
2767 3948 2934 4019 αὐτῆς
2971 3945 3038 4000 ἂν
3071 3945 3283 4014 γένοιτο
3320 3943 3501 4011 δόξης·
3534 3937 3678 4002 ὥσπερ
3696 3923 3750 3981 0'31

2273 4043 2368 4099 καὶ
2395 4045 2454 4097 ὲν
2484 4037 2567 4106 οἷς
2605 4041 2810 4111 ἔφασκε
2848 4039 2910 4094 τὺ
2928 4083 2944 4108 ,
2981 4042 3112 4094 Ὅτε
3139 4035 3456 4108 διεμέριζεν
3491 4036 3520 4087 ὀ
3546 4031 3750 4097 ’Υψιστος

2271 4138 2415 4203 ἔθνη
2435 4173 2450 4198 ,
2493 4133 2748 4205 ἐγενήθη
2785 4132 2956 4202 μερὶς
2978 4131 3201 4201 Κυρίου
3224 4129 3378 4196 λαὸς
3395 4125 3563 4183 αὑτοῦ
3595 4114 3750 4205 Ἰακιίί”

2273 4203 2542 4298 ἄντικρυςγ
2557 4224 2666 4295 γὰρ
2697 4225 2784 4277 διὰ
2808 4224 2923 4289 τοῦ,
2952 4223 3045 4277 τὸν
3063 4223 3329 4292 ’Ὕψιστον
3353 4221 3443 4273 καὶ
3466 4215 3637 4286 Κύριον
3651 4203 3750 4298 ,εἰδὼς

2275 4297 2553 4383 φαίνεται·
2618 4313 2883 4383 ’Ὕψιστον
2919 4312 3016 4383 μὲν
3053 4311 3146 4365 τὸν
3177 4310 3491 4380 διανέμοντα
3522 4304 3601 4359 καὶ
3624 4297 3751 4383 κληροῇ

2273 4380 2528 4459 δοτοῦντα
2573 4408 2686 4469 τοῖς
2707 4380 2900 4458 *ἑαυτοῦ
2921 4380 3186 4472 ⁷ἀγγέλοις
3203 4444 3218 4468 ,
3247 4403 3447 4474 Κύριον
3489 4398 3538 4450 δὲ
3571 4394 3642 4446 τὸν
3667 4380 3750 4474 μεῖί

2275 4495 2386 4549 τῶν
2438 4479 2684 4564 enim»
2725 4495 2825 4566 κλη
2836 4494 3096 4566 ρούμενον
3131 4491 3230 4563 τὴν
3274 4472 3485 4546 πάντων
3524 4484 3613 4537 τῶν
3643 4472 3752 4566 ἑθνῷν

2278 4587 2638 4660 διαφέρουσαν
2687 4564 2901 4660 μερίδα.
2941 4564 3123 4641 νἘπεὶ
3161 4584 3340 4638 τοίνυν
3381 4585 3408 4635 ὁ
3433 4577 3694 4650 δηλούμενα
3717 4564 3750 4612 ἓν

2275 4680 2484 4744 τούτοις
2525 4679 2729 4752 Κύριος
2778 4677 2990 4752 μορφὴν
3019 4676 3205 4732 δούλου
3233 4676 3410 4729 λαϐὼν
3451 4675 3504 4725 ἐν
3538 4662 3751 4752 ὁμοιώματι

2281 4770 2584 4843 ἀνθρώπων
2609 4751 2797 4840 γέγονε
2822 4810 2838 4836 ,
2855 4751 2969 4825 νκαὶ
3024 4769 3262 4840 σχήματι
3307 4764 3494 4837 εὑρέ,οη
3523 4761 3587 4820 ὡς
3610 4751 3749 4819 ἄνθρω-

2278 4881 2398 4928 πος,
2431 4864 2689 4935 ὑπέμεινὲ
2709 4881 2770 4916 τε
2793 4863 2969 4916 πάντα
2999 4858 3301 4932 πειρασμὸν
3331 4856 3463 4928 μετὰ
3480 4853 3532 4907 τὸ
3556 4848 3751 4935 ﬁam-5i?

2277 4959 2338 5012 τὸ
2379 4960 2436 5011 ὲν
2477 4931 2750 5030 Ἰορδάνῃ,
2783 4957 2870 5008 ὅτε
2903 4953 3112 5025 ἀνήχθη
3156 4951 3262 5005 ὑπὸ
3296 4949 3389 5002 τοῦ
3429 4942 3684 5030 metitur-’6

2277 5050 2376 5121 τὴν
2411 5020 2616 5120 ἔρημον
2642 5020 3130 5118 πειρασθῆναι
3150 5044 3244 5098 τοῦ
3269 5039 3500 5096 διαϐόλου
3518 5076 3532 5099 ,
3557 5031 3631 5086 καὶ
3651 5020 3747 5121 ἐν’-ᾗ

2277 5113 2471 5216 ἐρήμιρ
2497 5113 2574 5212 ⁷μ’
2610 5113 2826 5214 ἡμέρας
2855 5113 2952 5194 καὶ
2982 5145 3041 5210 μ’
3075 5138 3275 5201 νύκτας
3303 5113 3749 5216 πειρι.ι.ξόι.ι.ενοςνἰίξὶ

2279 5203 2347 5308 ἦν
2367 5203 2892 5306 τῶύύτίρίων,
2929 5203 3007 5296 ai;
3035 5249 3198 5302 φησιν
3231 5233 3260 5283 ὁ
3282 5203 3642 5295 εὐαιιγελιστής·
3661 5203 3749 5308 εἰξά-

2279 5345 2388 5390 τως
2429 5327 2599 5380 ταῦτα
2633 5326 2810 5380 πάντα
2838 5325 2900 5378 τὸ
2929 5323 3156 5394 Πνεῦμα
3180 5323 3241 5376 τὸ
3275 5321 3421 5389 ᾰγιον
3447 5307 3664 5385 προλιπὼν
3691 5298 3746 5348 Θε-

2283 5419 2485 5483 σπίξειν
2511 5421 2769 5489 σημαῖνον
2787 5419 2887 5471 ὅσα
2905 5433 2966 5469 τε
2987 5418 3044 5470 ὲν
3065 5418 3182 5478 ταῖς
3202 5394 3747 5489 τεσσαράκοντα

2284 5485 2674 5583 πειραζόμενος
2700 5510 2979 5580 ὑπέμεινε,
3012 5508 3104 5563 καὶ
3129 5508 3228 5560 ὅσα
3255 5502 3389 5558 κατὰ
3407 5498 3496 5561 τὰς
3517 5485 3745 5557 “moli”;

3111 5713 3155 5744 ⁷ο
3199 5708 3344 5763 Deut.
3407 5714 3535 5756 xxxii
3615 5687 3662 5748 8ο
3703 5675 3738 5731 9-
