3974 6548
237 354 374 411 1155

1358 349 1863 413 COMMENTARIA
1902 352 1967 410 lN
2008 356 2348 414 PSALMOS.

3349 369 3489 424 1154

227 470 349 530 ταῖς
381 468 615 538 ἡμέραις
652 466 869 533 νύκτας.
892 466 1117 524 Μέλλων
1140 471 1249 541 γὰρ
1270 472 1362 526 ἐπὶ
1382 472 1442 527 τὸ
1468 473 1793 542 Εὐαγγέλιον

1904 473 2138 528 candum
2175 474 2490 544 proditurus
2523 483 2689 540 esset,
2727 486 3016 548 antequam
3046 477 3491 549 praedicationem

226 559 326 631 τῆς
352 560 447 613 τοῦ
472 561 606 614 Θεοῦ
637 561 912 631 βασιλείας
944 564 1201 635 παριέναι
1219 604 1232 628 ,
1264 568 1392 637 πρὶν
1418 567 1680 639 ἄρξασθαι
1706 567 1800 621 τοῦ

226 651 579 723 κηρύγματος
596 695 611 716 ,
640 655 735 707 καὶ
758 654 863 724 πρὸ
886 658 985 726 τῆς
1017 656 1097 719 είς
1120 656 1439 726 ἀνθρώπους
1460 657 1799 727 εὐεργεσίας,

223 745 317 797 ἐπὶ
332 745 430 808 τάς
450 744 647 816 ἐχθρὰς
662 746 755 800 καὶ
776 746 1040 818 πολεμίας
1058 747 1153 802 τοῦ
1169 748 1277 802 τῶν
1292 749 1389 803 ἀνθ
1400 748 1594 821 ρώπων
1612 752 1803 819 γένους

221 837 479 907 δυνάμεις
507 837 765 908 ἀνήγετοο
800 839 977 905 ὅπως,
1008 837 1222 902 ὲκείνας
1250 840 1471 911 πρώτας
1498 858 1803 911 καταγωνιά

224 930 459 999 σάμενος
486 930 582 983 καὶ
610 929 871 996 καθελὼν,
893 930 1066 995 οὕτως
1086 931 1180 986 ὲπὶ
1199 932 1299 1003 τὴν
1319 932 1427 987 τῶν
1449 935 1614 989 πάλαι
1637 953 1804 989 κατα-

223 1022 571 1093 πονουμένων
614 1022 880 1097 λύτρωσίν
918 1042 977 1079 τε
1019 1026 1112 1079 καὶ
1159 1024 1469 1095 ἐλευθερίαν
1518 1028 1798 1099 παρέλθοι.

236 1114 436 1186 Ἐχρῆν
468 1115 575 1187 γὰρ
610 1117 807 1179 αὐτοὺς
839 1117 902 1189 δὴ
936 1118 1170 1188 μάλιστα
1202 1118 1453 1192 πρώτους
1485 1123 1610 1185 τοὺς
1649 1122 1800 1193 παρά

224 1209 361 1261 πᾶσι
388 1211 502 1271 τοῖς
529 1209 706 1263 ἔθνεσι
734 1210 889 1273 θεοὺς
913 1206 1051 1265 εἶναι
1083 1211 1429 1282 νομίσαντας,
1459 1214 1553 1266 καὶ
1576 1214 1674 1278 τὰς
1694 1215 1803 1268 τῶν

187 1344 195 1354 .
223 1299 530 1372 ἀνθρώπων
549 1300 727 1370 ψυχὰς
744 1300 1147 1373 αἰχμαλώτους,
1172 1301 1281 1355 ἀπὸ
1299 1301 1401 1373 τῆς
1425 1302 1519 1355 τοῦ
1536 1303 1644 1357 τῶν
1664 1305 1801 1358 ὅλων

219 1391 360 1446 Θεοῦ
382 1392 637 1461 γνώσεώς
662 1412 722 1447 τε
745 1392 837 1448 καὶ
857 1393 1136 1458 εὐσεϐείας
1158 1394 1608 1465 ἀφαρπάσαντας,
1637 1396 1803 1452 καθυ-

221 1484 454 1549 ποτάξαι
472 1487 567 1538 καὶ
588 1485 689 1555 τῆς
709 1488 1019 1557 τυραννίδος
1038 1488 1313 1544 καθελείνο
1350 1486 1453 1543 εἷθ’
1473 1488 1643 1553 οὕτως
1666 1490 1801 1543 ἄπα-

220 1592 309 1629 σιν
343 1574 652 1648 ἀνθρώποις
670 1578 731 1631 τὸ
759 1580 1092 1649 Εὐαγγέλιον
1118 1581 1220 1653 τῆς
1241 1580 1335 1636 τοῦ
1362 1582 1497 1636 θεοῦ
1525 1581 1799 1653 βασιλείας

216 1669 577 1741 παραδοῦναι.
632 1672 724 1726 Διὸ
756 1671 819 1743 δὴ
861 1672 968 1744 πρὸ
1007 1673 1187 1746 πάσης
1218 1673 1603 1747 ἱστορουμένης
1631 1674 1797 1729 αὐτοῦ

217 1760 473 1831 πράξεως
516 1762 747 1833 ἀνήγετο
791 1764 872 1827 εἰς
901 1764 999 1835 τὴν
1048 1763 1254 1837 ἔρημον
1298 1764 1659 1836 πειρασθῆναι
1695 1764 1799 1819 ὑπὸ

213 1852 313 1906 τοῦ
343 1852 588 1907 διαϐόλου
608 1871 622 1885 ο
668 1856 762 1909 καὶ
792 1851 860 1926 ῆν
903 1854 1039 1927 μετά
1066 1836 1175 1909 τῶν
1203 1856 1406 1928 θηρίων
1428 1898 1441 1920 ,
1472 1855 1548 1921 ὥς
1580 1874 1743 1927 φησιν
1770 1859 1797 1911 ό
1831 1836 1870 1892 Β

213 1940 640 2015 εὐαγγελιστὴς,
674 1944 837 2016 θηρία
881 1945 1192 2017 προσειπὼν
1224 1948 1321 2010 τὰς
1364 1948 1797 2020 ἀπηγριωμένας

211 2030 625 2115 καὶᾼθηριώδεις
652 2036 893 2104 πονηρὰς
919 2036 1195 2107 δυνάμεις.
1246 2037 1396 2090 Αὐτά
1418 2037 1480 2110 δὴ
1506 2034 1798 2115 οὖνταῦτα

208 2113 368 2176 γαὶ’ό
410 2122 599 2194 παρὼν
630 2124 842 2196 eam;
873 2130 1256 2199 προαναφωνεῐ
1280 2113 1607 2201 προφητικῷ
1628 2128 1798 2183 Πνεύ-

209 2229 346 2283 ματι
365 2213 692 2281 ἀναγκαίως.
718 2214 829 2286 Χρὴ
847 2215 974 2287 γὰρ,
988 2217 1074 2269 διὰ
1086 2217 1194 2270 τῶν
1210 2216 1512 2289 ἔμπροσθεν
1527 2220 1801 2291 διδαχθέν-

206 2321 312 2367 τας
333 2305 398 2359 τά
422 2306 549 2377 περὶ
573 2306 671 2377 τῆς
690 2310 770 2371 εἰς
793 2308 1115 2381 ἀνθρώπους
1137 2312 1439 2381 παρουσίας
1465 2313 1559 2366 τοῦ
1584 2331 1729 2385 προφ
1740 2332 1799 2384 η-

206 2410 337 2447 τευο
344 2393 527 2464 μένου,
547 2397 639 2450 καὶ
654 2398 721 2452 τὰ
742 2400 870 2469 περὶ
890 2400 988 2471 τῆς
1003 2401 1267 2473 ένσάρκου
1284 2405 1588 2474 γεννήσεως
1605 2406 1794 2472 αὐτοῦ,

204 2484 282 2537 τά
302 2502 361 2536 τε
388 2490 519 2557 περὶ
540 2487 635 2540 τοῦ
673 2488 924 2553 θανάτου,
950 2491 1098 2555 ὅπως
1118 2509 1177 2544 τε
1200 2494 1264 2546 ὲκ
1300 2493 1611 2566 σπέρματος
1638 2496 1801 2549 Δαυτδ

205 2576 632 2648 προελεύσεσθαι
649 2581 890 2651 προκεκή
900 2581 1395 2653 ρυκτο,ὰκολούθως
1407 2586 1599 2639 καὶτὸν
1610 2586 1799 2654 ἀγῶνα

209 2668 403 2739 μαθεῖν
431 2670 577 2740 ἡμᾶς
608 2671 667 2724 ὃν
699 2674 870 2745 ῆρατο
900 2674 1041 2728 κατά
1076 2675 1186 2729 τῶν
1215 2677 1607 2747 ἀντικειμένων
1638 2678 1799 2732 δυνά-

208 2778 379 2832 μεων.
399 2762 585 2817 Ταῦτα
606 2760 744 2835 οὖνὴ
765 2767 1015 2838 παροῦσα
1038 2767 1332 2841 παρίστησι
1354 2770 1656 2840 προφητεία
1679 2787 1803 2841 προ-

206 2853 571 2921 λέγουσα,ὂσα
591 2857 731 2910 κατὰ
752 2859 852 2929 τὴν
870 2858 1072 2930 ἔρημον
1090 2860 1378 2931 ὑπέμεινεν
1399 2862 1481 2929 ἐφ’
1502 2862 1649 2925 ὅλαις
1668 2862 1803 2933 me-

206 2962 335 3017 ραις
352 2955 402 3019 μ’
422 2949 513 3001 καὶ
530 2950 645 3015 νυξὶ
664 2953 783 3013 ταῖς
809 2952 948 3015 ἴσαις
968 2951 1359 3024 πειραζόμενος
1383 2954 1487 3006 ὑπὸ
1506 2953 1599 3007 τοῦ
1627 2952 1805 3006 διαϐό-

204 3039 322 3093 λου.
341 3041 613 3112 Θηρευταὶ
636 3042 745 3114 γὰρ
773 3038 914 3113 ἦσαν
942 3046 1069 3115 περὶ
1093 3044 1254 3099 αὐτὸν
1277 3046 1497 3118 ἀόρατοι
1520 3044 1801 3116 δυνάμεις,

206 3131 441 3201 παγίδας
493 3132 642 3203 αὐτῴ
674 3134 1198 3199 κατασκευάζουσαι.
1234 3136 1343 3188 Καὶ
1378 3136 1434 3189 αἱ
1485 3136 1585 3207 μὲν
1616 3136 1796 3203 λόγοις

202 3224 578 3296 ταραχώδεσιν
611 3227 771 3279 αὐτὸν
803 3226 1050 3298 θορυϐεῖν
1072 3227 1426 3299 πειρώμεναι,
1460 3230 1515 3284 αἱ
1531 3229 1586 3283 δὲ
1617 3228 1800 3299 φοϐεῖν

201 3321 350 3375 κατὰ
389 3320 486 3384 τὰς
535 3318 766 3384 νύκτας,
803 3320 898 3375 καὶ
943 3320 1105 3374 πάλιν
1149 3321 1283 3375 ἄλλα
1317 3321 1384 3374 δι’
1418 3322 1633 3393 ἡμέρας
1664 3320 1791 3392 βέλη

200 3416 374 3487 νοητὰ
414 3415 727 3485 πέμπουσαι
770 3417 890 3467 κατ’
921 3416 1085 3470 αὐτοῦ
1104 3432 1115 3443 ⁸
1164 3415 1259 3469 καὶ
1292 3411 1447 3479 αὖθις
1478 3414 1662 3486 ἕτεραι
1692 3415 1793 3468 οὐκ

200 3503 520 3575 ὠνομάσθαι
550 3505 722 3574 ἡμῖν,
772 3503 893 3557 οὐδὲ
940 3504 1195 3576 λεχθῆναι
1226 3505 1521 3577 δυνάμεναι
1570 3504 1793 3577 θνηταῖς

199 3599 424 3661 ἀκοαῖς,
452 3597 545 3650 τὸν
573 3598 692 3650 κατ’
714 3597 880 3651 αὐτοῦ
911 3597 1214 3671 πειρασμὸν
1240 3598 1787 3671 πραγματευόμεναι·

199 3686 231 3740 ὃ
264 3687 330 3758 δὴ
366 3686 620 3757 σημαίνει
654 3687 880 3757 φάσκων
906 3690 933 3741 ὁ
966 3688 1141 3756 λόγος,
1189 3688 1331 3742 Ἀπὸ
1355 3688 1697 3759 πράγματος
1720 3688 1792 3741 ἐν

200 3780 410 3832 σκότει
434 3778 969 3848 διαπορευομένου’
989 3777 1129 3829 Ἀνθ’
1162 3772 1221 3832 οὗ
1246 3780 1274 3831 ὁ
1309 3778 1405 3849 μὲν
1442 3777 1670 3841 Ἀκύλας
1691 3778 1791 3849 ἡρ-

204 3872 497 3943 μήνευσεν,
515 3869 658 3924 Ἀπὸ
671 3869 939 3942 ῥήματος
952 3872 1020 3923 ἐν
1034 3870 1379 3940 σκοτομήνῃ
1397 3869 1790 3939 περιπατοῦν-

199 3981 340 4031 τοςο
374 3964 403 4016 ὁ
431 3964 487 4017 δὲ
518 3964 838 4035 Σύμμαχος,
872 3963 1024 4018 Οὐδὲ
1060 3966 1273 4034 λοιμόν
1302 3963 1455 4034 ζόφῳ
1480 3964 1787 4019 όδεύοντα.

278 4116 419 4188 Ἤδη
446 4117 503 4171 δὲ
518 4116 612 4170 καὶ
638 4116 707 4170 τά
724 4116 1076 4170 ἀναιδέστατα
1104 4115 1197 4170 καὶ
1226 4115 1520 4186 ἀρχοντικά
1545 4114 1650 4168 τῶν
1668 4114 1788 4167 δαι-

201 4208 427 4281 μονίων,
460 4207 527 4265 τά
548 4209 605 4260 ὲν
626 4208 763 4279 αὐτῇ
784 4212 849 4279 τῇ
883 4208 1199 4279 μεσημΰρίᾳ
1228 4208 1323 4261 καὶ
1351 4210 1417 4279 τῇ
1446 4207 1537 4261 τοῦ
1559 4204 1787 4279 ἡλιακοῦ

198 4300 383 4373 φωτὸς
427 4301 581 4371 ἀκμῇ
632 4300 915 4372 τολμῶντα
948 4299 1425 4371 παραφαίνεσθαι,
1473 4298 1786 4369 προσῄεσαν

196 4392 375 4464 αὐτῷ.
409 4390 531 4444 Τῶν
563 4391 674 4463 γάρ
724 4393 899 4447 ἄλλων
940 4391 1000 4444 τὸ
1052 4394 1250 4445 οἰκεῖον
1286 4390 1475 4454 σκότος
1521 4390 1788 4461 μεταδιω‹

196 4486 430 4549 κόντων,
463 4490 559 4538 καὶ
594 4486 651 4537 ἐν
684 4484 818 4558 μόνῃ
853 4484 1009 4538 νυκτὶ
1036 4481 1362 4553 φαντασιοῦν
1392 4481 1682 4547 εἰωθότων,
1716 4481 1784 4535 τὰ

1904 566 2088 630 iniret,
2118 578 2172 622 et
2201 576 2492 638 antequam
2526 567 2785 623 beneﬁcia
2820 568 3135 627 hominibus
3166 572 3489 643 impertiret,

1904 658 1971 711 ad
2004 658 2255 713 inimicas
2279 667 2335 714 et
2361 660 2706 717 adversaries
2739 663 2927 732 generi
2978 662 3219 718 humano
3256 665 3495 724 virtutes

1903 749 2176 805 adductus
2226 759 2339 817 est;
2392 759 2450 804 ut
2482 766 2607 805 cum
2667 752 2790 808 illas
2846 754 3059 823 priores
3082 753 3409 812 debellasset
3437 765 3494 814 et

1901 842 2282 907 destruxisset,
2319 843 2399 897 sic
2453 843 2521 896 ad
2569 857 2759 898 eorum
2802 844 2895 915 qui
2944 845 3073 899 olim
3116 844 3494 916 amigebantur

1902 933 2330 1003 redemptionem
2376 942 2431 991 et
2482 934 2788 991 libertatem
2821 936 3119 990 curandam
3144 939 3487 1007 procederet.

1901 1026 2200 1096 Oportebat
2241 1028 2389 1082 enim
2425 1027 2606 1098 primo
2640 1028 2763 1083 illos
2787 1029 2880 1097 qui
2912 1028 3056 1099 apud
3080 1044 3271 1087 omnes
3300 1039 3493 1102 gentes

1902 1135 2003 1188 pro
2022 1119 2129 1175 diis
2147 1120 2563 1191 reputabantur,
2596 1120 2991 1191 hominumque
3012 1121 3224 1177 animas
3245 1123 3494 1193 captivas

1902 1228 1933 1266 a
1962 1212 2277 1283 cognitione
2310 1211 2405 1268 Dei
2437 1213 2818 1267 universorum
2848 1220 2903 1267 et
2932 1227 2961 1266 a
2992 1213 3196 1282 pietate
3236 1214 3494 1283 abripue-

1902 1310 2043 1365 rant,
2076 1302 2350 1372 subigere,
2394 1316 2584 1356 eorum
2627 1302 2971 1371 tyrannidem
3006 1302 3188 1358 delere
3219 1322 3231 1357 :
3263 1302 3489 1358 deinde-

1900 1411 2008 1465 que
2037 1396 2295 1450 omnibus
2327 1394 2646 1450 hominibus
2681 1393 3035 1464 Evangelium
3071 1395 3225 1465 regni
3257 1393 3352 1450 Dei
3379 1403 3490 1449 tra-
3550 1384 3561 1401 ⁸

1900 1490 2048 1544 dere.
2103 1488 2450 1559 Quapropter
2498 1495 2626 1542 ante
2672 1502 2864 1542 omnes
2896 1487 3033 1541 alias
3066 1487 3187 1555 ejus
3217 1488 3486 1552 actiones,

1898 1597 2023 1652 qua:
2045 1582 2099 1636 in
2136 1580 2365 1637 historia
2392 1579 2662 1645 feruntur,
2693 1577 2894 1635 ductus
2916 1588 3001 1634 est
3020 1578 3074 1632 in
3096 1578 3397 1643 desertum,
3425 1585 3487 1633 ut

1899 1680 2205 1729 tentaretur
2224 1688 2255 1728 a
2279 1672 2520 1740 diabolo,
2541 1679 2766 1741 eratque
2788 1687 2911 1727 cum
2937 1671 3089 1736 feris,
3124 1678 3183 1726 ut
3206 1671 3284 1725 ait
3317 1685 3487 1727 evan-

1899 1765 2116 1837 gelista,
2166 1766 2310 1821 feras
2356 1781 2682 1836 nuncupans
2731 1772 2977 1836 agrestes
3030 1766 3153 1821 illas
3198 1773 3252 1820 et
3280 1764 3487 1820 ferinas

1901 1855 2168 1925 malignas
2200 1856 2451 1912 virtutes.
2485 1855 2612 1911 Haec
2636 1857 2806 1927 igitur
2827 1857 2945 1927 ipsa
2974 1871 3216 1927 praesens
3239 1857 3487 1927 psalmus

1900 1945 2218 2016 pr0pbetico
2237 1945 2445 2016 Spiritu
2463 1947 2774 2001 necessario
2792 1948 3140 2015 praenuntiat.
3159 1943 3265 2000 Par
3285 1945 3487 2016 quippe

1898 2045 2018 2092 erat
2046 2050 2147 2092 nos
2179 2043 2305 2092 ante
2342 2037 2567 2093 edoctos
2607 2053 2671 2091 ea
2722 2049 2845 2109 quae
2888 2038 3008 2107 ejus
3040 2038 3134 2108 qui
3166 2037 3220 2093 in
3250 2038 3485 2108 prophe-

1899 2130 1975 2184 tia
2032 2130 2353 2185 enuntiatur
2414 2130 2706 2185 adventum
2769 2130 2835 2186 ad
2900 2130 3150 2186 homines
3211 2138 3483 2201 spectant,

1899 2237 2113 2278 necnon
2149 2237 2271 2293 quae
2313 2222 2380 2277 ad
2410 2223 2531 2292 ejus
2556 2222 2835 2278 carnalem
2870 2222 3276 2293 generationem
3311 2222 3483 2293 perti-

1900 2320 2052 2379 nent,
2086 2313 2151 2367 ad
2207 2320 2437 2368 mortem
2489 2312 2619 2368 item
2648 2314 2788 2383 ejus,
2819 2321 2873 2368 et
2915 2314 2983 2367 ad
3030 2312 3251 2367 modum
3279 2327 3389 2382 quo
3414 2328 3481 2367 ex

1900 2404 2111 2459 semine
2138 2402 2305 2459 David
2331 2403 2649 2473 proditurus
2679 2402 3170 2473 praenuntiabatur,
3199 2402 3481 2469 ediscere;

1899 2509 1964 2548 ac
1994 2502 2395 2565 consequenter
2413 2495 2578 2549 etiam
2604 2495 2673 2550 de
2702 2498 3001 2550 certamine
3024 2496 3164 2565 ejus,
3190 2494 3335 2565 quod
3357 2510 3486 2550 con-

1901 2595 1985 2641 tra
2003 2586 2344 2643 adversarias
2369 2595 2669 2657 potestates
2697 2588 2962 2657 suscepit,
2980 2586 3209 2643 erudiri.
3234 2585 3359 2642 Hazc
3381 2587 3484 2658 igi-

1900 2687 1992 2735 tur
2019 2695 2259 2751 praesens
2287 2681 2572 2752 prophetia
2602 2682 2867 2746 declarat,
2885 2681 3259 2751 praenuntiatus
3277 2688 3482 2751 quanta

1903 2772 1959 2827 in
1992 2773 2212 2828 deserto
2257 2773 2540 2841 sustinuit,
2576 2773 2773 2828 diebus
2818 2771 3183 2842 quadraginta
3224 2771 3483 2826 totidem-

1902 2881 2008 2936 que
2036 2866 2286 2920 noctibus
2341 2873 2579 2921 tentatus
2608 2881 2638 2918 a
2686 2863 2924 2919 diabolo.
2952 2862 3255 2919 Venatores
3282 2863 3484 2933 quippe

1905 2957 2059 3011 illum
2101 2956 2540 3021 circumdabant,
2575 2955 2883 3011 invisibiles
2918 2970 3114 3026 nempe
3155 2950 3477 3025 potestates,

1904 3048 2128 3119 laqueos
2192 3048 2297 3118 ipsi
2348 3057 2625 3118 parantes.
2704 3045 2772 3101 Et
2840 3047 2960 3102 alia:
3021 3046 3240 3117 quidem
3296 3047 3482 3102 verbis

1903 3139 2235 3199 turbulentis
2278 3138 2609 3194 conturbare
2666 3137 2845 3208 ipsum
2893 3138 3209 3205 tentabant;
3252 3138 3373 3192 alite
3422 3138 3480 3192 in

1902 3240 2063 3289 nocte
2093 3230 2537 3303 perterrefacere.
2568 3230 2701 3285 Aliae
2748 3231 2879 3285 item
2928 3230 2984 3285 in
3038 3228 3126 3285 die
3166 3229 3473 3299 spiritualia

1893 3326 1999 3381 tela
2046 3324 2415 3379 immittebant
2450 3323 2505 3377 in
2556 3339 2716 3391 eum;
2750 3338 2967 3378 rursum
3020 3322 3160 3387 alite,
3201 3336 3322 3392 quae
3374 3336 3477 3377 nec

1891 3418 2167 3473 nominari
2200 3417 2380 3485 nobis,
2412 3432 2513 3471 nec
2578 3416 2687 3471 dici
2739 3414 3066 3470 mortalibus
3093 3414 3321 3469 auribus
3345 3428 3477 3485 pos-

1891 3518 2039 3573 sunt.
2079 3510 2437 3565 tentationem
2475 3509 2529 3563 in
2593 3524 2719 3562 eum
2777 3507 3124 3561 adornabant
3156 3526 3169 3562 ι
3202 3506 3349 3577 quod
3392 3506 3478 3561 his

1890 3601 2255 3672 signiﬁcatur,
2274 3600 2318 3653 Α
2351 3600 2556 3670 negotio
2584 3597 2985 3667 perambulante
3006 3598 3060 3651 in
3095 3596 3343 3651 tenebris.
3364 3594 3472 3650 Pro

1889 3708 2000 3763 quo
2032 3692 2228 3762 Aquila
2278 3690 2497 3760 quidem
2543 3690 2937 3759 interpretatus
2979 3699 3083 3749 est,
3136 3687 3181 3740 Α
3215 3686 3365 3741 verba
3418 3688 3472 3741 in

1890 3792 2040 3837 nocte
2072 3783 2222 3835 illum
2246 3780 2650 3850 perambulante
2674 3795 2692 3842 ;
2724 3777 3090 3851 Symmachus
3112 3792 3264 3845 vero,
3291 3775 3472 3848 Neque

1888 3883 2080 3943 pestem
2105 3876 2158 3927 in
2190 3873 2415 3942 caligine
2455 3870 2813 3924 ambulantem

1961 4119 2040 4173 Ad
2073 4120 2186 4173 [HEC
2215 4133 2345 4173 vero
2374 4117 2537 4173 etiam
2581 4114 3045 4188 impudentissimi
3072 4114 3470 4170 daemoniorum

1888 4210 2187 4283 principes,
2224 4210 2317 4279 qui
2352 4208 2404 4261 in
2438 4208 2690 4271 meridie,
2727 4206 2940 4277 vigente
2977 4206 3109 4261 solis
3131 4205 3273 4269 luce,
3304 4220 3473 4281 appa-

1887 4318 2008 4358 rere
2035 4301 2154 4356 ausi
2188 4306 2334 4361 sunt,
2362 4306 2719 4353 accesserunt
2754 4298 2819 4351 ad
2865 4313 3011 4353 eum.
3046 4295 3181 4350 Nam
3210 4311 3335 4351 cum
3380 4296 3473 4349 alii

1888 4395 2138 4468 proprias
2167 4392 2271 4448 sibi
2330 4392 2586 4447 tenebras
2621 4399 2920 4454 sectentur,
2958 4397 3011 4445 et
3053 4390 3108 4444 in
3140 4390 3256 4444 sola
3314 4396 3475 4442 nocte

1887 4485 2206 4558 phantasias
2274 4497 2492 4537 movere
2553 4482 2803 4549 soleant;
2868 4480 2962 4551 qui
3012 4478 3473 4551 impudentissimi

193 4577 564 4635 ἀναιδέστατα
596 4579 691 4631 καὶ
720 4577 786 4629 δι’
810 4577 1021 4649 ἡμέρας
1052 4576 1227 4647 τολμᾷ
1256 4574 1561 4644 φαίνεσθαι,
1598 4576 1691 4627 καὶ
1726 4574 1783 4626 ὲν

1896 4586 2039 4640 sunt,
2068 4575 2231 4630 etiam
2286 4574 2343 4627 in
2372 4573 2460 4628 die
2493 4588 2758 4643 apparere
2792 4572 3017 4635 audent,
3060 4578 3114 4626 et
3168 4571 3222 4625 in
3277 4570 3472 4625 mediis

199 4671 401 4744 μέσαις
426 4670 623 4737 αὐγαῖς
651 4669 821 4740 ἡλίου.
838 4668 1073 4723 Τοιαῦτα
1092 4669 1147 4722 δὲ
1171 4664 1239 4740 ἦν
1260 4668 1328 4721 τά
1356 4668 1449 4721 καὶ
1470 4667 1548 4737 τῷ
1568 4666 1784 4737 Σωτῆρι

198 4764 457 4818 ἐπιόν-ια’
496 4762 614 4833 μεθ’
648 4760 863 4831 ἡμέραν
923 4761 1019 4831 μὲν
1065 4756 1158 4814 οὖν
1205 4759 1434 4813 τοιαῦτα
1472 4777 1593 4812 τινα
1636 4757 1785 4828 αὐτῷ

198 4855 455 4929 προσῄει,
486 4853 626 4908 κατὰ
648 4853 705 4906 δὲ
724 4853 823 4917 τάς
844 4852 1043 4915 νύκτας
1062 4852 1148 4904 ἓτε
1158 4869 1244 4924 ρα.
1264 4852 1353 4904 Διὸ
1381 4851 1593 4922 εἴρηται
1618 4849 1745 4919 ἑξῆς
1766 4865 1780 4879 ⁸

202 4947 292 4999 Οὐ
325 4943 643 5014 φοϐηοήσῃ
680 4942 801 4997 ἀπὸ
845 4944 1033 5011 φόϐου
1083 4942 1459 5009 νυκτερινοῦ,
1511 4942 1607 4994 καὶ
1658 4940 1779 4995 ἀπὸ

197 5034 545 5105 πράγματος
566 5034 635 5087 ἐν
662 5034 867 5087 σκότει
892 5032 1416 5102 διαπορευομένου.
1456 5032 1694 5102 Ὀρῶντα
1723 5031 1779 5084 δὲ

197 5128 366 5184 αὐτοῦ
391 5128 489 5198 τὴν
514 5127 725 5199 ἄμαχον
752 5127 849 5180 καὶ
880 5126 1144 5198 ἀήττητον
1170 5125 1419 5195 δύναμιν,
1449 5123 1585 5197 ὁμοῦ
1621 5123 1781 5177 πάλιν

198 5222 565 5294 ἀθροιζόμενα
621 5221 763 5276 κατά
822 5222 988 5293 στίφη
1049 5219 1345 5292 προσίεσαν
1397 5218 1545 5289 αὐτῴ
1600 5215 1779 5288 πλήθη

197 5314 483 5384 δυνάμεων
523 5312 933 5384 ἀντικειμένων.
967 5312 1076 5365 Καί
1122 5329 1211 5382 μοι
1239 5308 1487 5363 δοκοῦσιν
1528 5310 1577 5362 oi
1612 5308 1780 5363 πάλαι

201 5407 335 5476 παρ’
364 5406 669 5479 ἀνθρώποις
694 5405 1033 5477 νομιζόμενοι
1053 5404 1185 5467 θεοὶ,
1220 5403 1312 5457 καὶ
1342 5402 1409 5456 τὰ
1429 5401 1781 5472 ἀντικείμενα

203 5498 528 5569 πνεύματα,
560 5500 718 5569 ξένην
766 5499 887 5552 τινὰ
940 5498 1100 5567 φύσιν
1139 5497 1234 5549 καὶ
1282 5495 1510 5566 δύναμιν
1566 5493 1785 5549 πάντων

202 5592 385 5645 αὐτῶν
420 5591 806 5663 καθαιρετικὴν
851 5589 1100 5661 θεώμενα
1145 5592 1204 5643 ὲν
1244 5587 1321 5659 τῷ
1364 5586 1637 5660 ἀνθρώπῳ
1688 5585 1784 5639 τοῦ

205 5683 456 5755 Σωτῆρος
487 5683 673 5753 ήμῶν,
705 5680 839 5752 ὁμοῦ
876 5680 1133 5752 συνῆχθαι
1176 5678 1569 5750 ἁπανταχόθεν,
1614 5677 1785 5749 ἀθρόα

205 5793 263 5827 τε
300 5776 579 5828 προσιέναι
615 5775 706 5828 καὶ
742 5774 1104 5828 ποοσοήσσειν
1139 5772 1342 5827 ἐθέλειν
1371 5770 1539 5829 αὐτῷ.
1574 5770 1686 5824 Καὶ
1715 5769 1783 5826 τὰ

1890 4667 2168 4725 solaribus
2192 4665 2382 4720 radiis.
2417 4663 2579 4719 Tales
2608 4673 2767 4718 erant
2796 4664 2890 4733 qui
2929 4661 3268 4716 Salvatorcm
3295 4661 3473 4716 adorti

1888 4760 2131 4825 sunt;in
2165 4758 2253 4812 die
2299 4772 2536 4827 namque
2588 4752 2907 4825 huiusmodi
2962 4752 3194 4822 spiritns
3242 4753 3473 4807 accedes

1886 4850 2018 4904 bant
2056 4849 2121 4904 ad
2155 4865 2302 4915 eum,
2339 4848 2392 4903 in
2422 4846 2677 4902 noctibus
2712 4855 2891 4900 autem
2914 4844 3027 4899 alii.
3054 4844 3235 4910 Quare
3270 4843 3473 4899 dicitur

1884 4950 2094 5013 postea,
2127 4940 2249 4993 Non
2282 4940 2486 4993 timebis
2515 4956 2547 4992 a
2579 4940 2764 4993 timore
2803 4946 3078 5003 nocturno,
3111 4945 3161 4991 et
3204 4954 3237 4990 a
3264 4939 3472 5008 negotio

1882 5034 2286 5105 perambulante
2338 5034 2393 5086 in
2445 5032 2689 5086 tenebris.
2724 5031 2860 5086 Cum
2907 5039 3086 5085 autem
3134 5030 3387 5085 invictam
3420 5038 3473 5084 et

1890 5128 2315 5199 insuperabilcm
2351 5126 2471 5193 ejus
2505 5125 2759 5179 virtutem
2792 5130 3079 5178 cernerent
3103 5164 3115 5186 ,
3148 5124 3365 5195 agmine
3393 5123 3472 5177 si-

1890 5220 2003 5273 mul
2046 5219 2341 5281 instructo,
2396 5215 2690 5269 multitudo
2743 5213 3181 5268 adversariarum
3230 5220 3471 5284 potesta-

1890 5320 2005 5364 tum
2066 5311 2244 5380 ipsum
2305 5322 2562 5378 aggressa
2601 5317 2704 5361 est.
2770 5303 3106 5375 Videturque
3157 5304 3311 5367 mihi,
3343 5303 3467 5359 illos

1889 5406 2042 5468 olim,
2086 5404 2180 5473 qui
2223 5402 2367 5473 apud
2398 5402 2648 5455 homines
2678 5398 2752 5452 dii
2796 5398 3274 5462 existimabantur,
3308 5396 3469 5450 item-

1892 5512 2000 5567 que
2024 5493 2372 5550 adversarios
2404 5493 2654 5564 Spiritus,
2688 5490 3014 5560 stupendam
3057 5486 3351 5558 quamdam
3372 5502 3470 5541 na-

1890 5598 2068 5643 turam
2105 5593 2158 5641 et
2188 5584 2446 5639 virtutem
2474 5583 2577 5638 sibi
2601 5583 2859 5637 omnibus
2886 5579 3174 5635 exitiosam
3202 5579 3257 5633 in
3289 5577 3469 5632 homi-

1888 5695 1957 5735 ne
1985 5677 2286 5733 Salvatoris
2317 5676 2491 5731 nostri
2531 5674 2794 5737 videntes,
2822 5687 2929 5728 una
2967 5678 3327 5742 congregatos
3366 5686 3467 5724 un-

1886 5770 2050 5832 dique
2078 5768 2368 5826 confertim
2394 5766 2714 5829 accessisse,
2751 5772 2809 5819 ut
2844 5764 3213 5828 irrumperent
3234 5761 3291 5817 in
3317 5776 3464 5817 eum.
