3974 6540
586 337 725 396 H55

1289 324 1555 389 EUSEBII
1595 330 2073 389 CASSARIENSIS
2115 330 2160 387 0

2298 330 2483 388 mas
2514 331 2609 390 nt.
2644 349 2717 375 --
2752 322 3160 392 EXEGETICA.’

3630 349 3726 406 “56

584 454 654 512 Et
678 456 853 527 primo
880 454 1099 525 Quidem
1146 450 1422 508 diabolum
1456 454 1688 510 aliorum
1740 454 2155 525 particularium

2266 453 2362 526 μὲν
2394 454 2586 527 πρῶτα
2603 456 2675 509 δι’
2701 456 2905 528 ἐτέρων
2932 459 3173 531 μερικῶν
3202 460 3503 530 πνευμάτων
3524 467 3729 537 πειράζειν

585 550 875 620 spirituum
908 561 1073 616 opera
1106 545 1283 617 ipsum
1312 554 1554 600 tentasse
1581 566 1596 601 :
1627 561 1797 617 quare
1818 545 2020 599 dictum
2050 553 2154 613 est,

584 637 656 692 Et
686 646 801 692 erat
835 652 953 689 eum
984 635 1110 704 feris
1145 634 1210 688 ⁸¹.
1253 634 1593 701 Quibusnam
1635 636 1797 691 feris?
1824 636 1875 690 id
1899 638 2072 707 aperit
2102 638 2156 692 in

583 731 940 802 sequentibus
971 744 1152 785 sermo
1192 744 1437 801 praesens
1460 730 1547 785 his
1579 731 1784 795 verbis,
1820 728 1988 799 Super
2014 732 2157 800 aspi-

579 822 698 877 dem
724 832 773 876 et
796 821 1105 875 basiliscum
1140 820 1468 884 ambulabis,
1500 829 1548 874 et
1591 821 1920 875 con‘culcabis
1958 822 2159 875 leonem

577 924 631 972 et
658 917 964 969 draconem.
1022 914 1258 974 Etenim,
1296 920 1359 967 ut
1388 912 1684 968 verisimile
1710 920 1817 976 est,
1847 914 1941 967 tali
1978 915 2159 983 specie

581 1006 790 1074 talique
816 1004 990 1060 forma
1022 1014 1277 1073 suscepta
1298 1044 1312 1068 ,
1341 1004 1591 1074 malignae
1634 1004 1881 1074 quaedam
1906 1005 2157 1071 virtutes,

584 1095 928 1165 principatus
957 1101 1011 1148 et
1044 1102 1344 1163 potestates
1365 1133 1380 1156 ,
1406 1099 1648 1147 rectores
1686 1093 1873 1147 mundi
1907 1093 2159 1147 tenebra-

582 1200 705 1238 rum
736 1185 953 1251 harum,
978 1199 1041 1237 ac
1078 1184 1385 1254 spiritualia
1423 1185 1700 1256 nequitiae,
1730 1201 1827 1256 per
1848 1200 2027 1241 aerem
2064 1199 2160 1239 vo-

580 1277 794 1344 lantes;
824 1277 940 1332 sive
969 1277 1264 1347 allegorica
1292 1292 1466 1341 more,
1493 1278 1729 1348 aspides,
1750 1278 2013 1342 basilisci,
2047 1278 2160 1333 leod-

580 1384 682 1424 nes
711 1377 765 1424 et
814 1369 1085 1425 dracones
1114 1377 1358 1436 vocatae;
1386 1370 1499 1425 sive
1548 1370 1619 1424 ob
1652 1370 1871 1424 malitia:
1903 1368 2162 1423 similitu-

580 1461 761 1515 dinem
798 1460 885 1516 his
918 1470 1265 1532 comparatae,
1300 1476 1461 1515 omne
1500 1462 1862 1516 lentationum
1894 1476 2066 1533 genus
2101 1461 2160 1515 in

582 1552 760 1621 ipsum
796 1561 1102 1608 moverunt.
1133 1553 1191 1607 In
1224 1551 1330 1608 ﬁne
1364 1560 1545 1607 autem
1571 1553 1838 1616 omnium,
1874 1554 2163 1624 conspica-

580 1652 671 1698 tus
702 1642 949 1700 diabolus
994 1660 1117 1699 eum
1148 1660 1313 1715 super
1337 1644 1579 1715 aspidem
1618 1654 1671 1701 et
1705 1645 2023 1701 basiliscum
2049 1661 2164 1698 ams

583 1735 790 1797 bulare,
818 1750 1116 1806 omnesque
1151 1736 1253 1805 ipsi
1289 1737 1536 1792 subditas
1566 1737 1910 1807 Operationes
1938 1736 2163 1791 concul-

580 1828 877 1898 carezipse
904 1829 1121 1885 demum
1151 1829 1383 1883 accessit
1417 1828 1642 1885 humilis
1670 1839 1722 1883 et
1748 1827 2156 1889 formidolosus,
2192 1849 2233 1904 Β

582 1916 796 1987 ipsique
852 1917 1310 1987 interrogationes
1362 1917 1417 1971 in
1492 1916 1801 1987 Evangeliis
1856 1917 2161 1987 descriptas

582 2010 889 2080 proposuit,
921 2018 1138 2065 tentans
1165 2025 1289 2065 eum
1319 2025 1384 2065 ac
1404 2009 1593 2065 dicens
1622 2029 1634 2063 :
1673 2008 1728 2064 Si
1757 2009 1927 2065 Filius
1954 2009 2046 2065 Dei
2076 2024 2157 2075 es,

585 2101 703 2153 haec
730 2100 920 2166 dicito,
954 2085 1045 2154 illa
1078 2100 1263 2153 facito.
1304 2098 1566 2168 Impetum
1592 2101 1775 2169 itaque
1802 2098 2088 2155 confertim
2130 2115 2161 2155 a

585 2189 838 2259 malignis
889 2189 1173 2259 spiritibus
1216 2188 1444 2253 factum,
1484 2202 1785 2259 eorumque
1828 2189 2038 2245 cladem
2074 2189 2164 2244 de-

585 2281 777 2337 scribit
808 2282 920 2335 haec
948 2280 1232 2350 prophetia
1262 2296 1422 2350 :quze
1442 2279 1566 2335 illos
1590 2278 1703 2334 'una
1745 2280 1965 2359 quidem
2033 2295 2162 2335 coa-

584 2383 705 2427 ctos
729 2387 851 2427 esse
878 2372 1055 2435 docet,
1074 2386 1250 2441 neque
1265 2379 1447 2425 tamen
1474 2370 1677 2440 aliquid
1698 2386 1856 2441 agere
1881 2372 2158 2441 potuisse;

584 2465 683 2519 sed
715 2480 838 2519 cum
871 2465 1376 2535 appropinquarent
1404 2465 1528 2533 ipsi,
1551 2464 1701 2517 humi
1725 2464 2013 2520 decidisse.
2039 2463 2162 2521 Ideo

584 2556 791 2610 dictum
825 2568 931 2621 est,
973 2554 1177 2609 Cadent
1207 2571 1240 2607 a
1266 2546 1431 2608 latere
1455 2563 1542 2607 tuo
1576 2554 1742 2618 mille,
1772 2563 1821 2607 et
1846 2555 2020 2609 decem
2044 2556 2162 2609 mil-

586 2648 663 2699 lia
686 2666 718 2700 a
736 2646 937 2701 dextris
965 2648 1091 2701 tuis.
1117 2645 1223 2710 Pro
1240 2646 1333 2700 illo
1363 2656 1564 2710 autem,
1584 2647 1626 2699 A
1647 2646 1808 2700 latere
1834 2656 1945 2711 tuo,
1970 2647 2163 2718 Aquila

585 2750 639 2793 et
688 2736 1071 2808 Symmachus,
1111 2754 1176 2793 ea:
1216 2746 1517 2793 transverso
1567 2746 1678 2801 tuo,
1726 2737 2049 2805 ediderunt;
2082 2741 2163 2795 sic

586 2829 865 2882 sinistram
915 2828 1217 2887 Salvatoris
1263 2837 1615 2899 nttncupante
1643 2829 1827 2884 divina
1858 2829 2160 2901 Scriptura,

587 2921 715 2989 quia
752 2919 980 2976 fortasse
1009 2937 1176 2991 penes
1207 2936 1331 2977 eum
1360 2920 1497 2974 nihil
1531 2921 1725 2979 laevum
1756 2930 1849 2976 aut
1880 2922 2161 2978 sinistrum

586 3020 693 3068 est.
720 3013 986 3070 Caeterum
1009 3015 1076 3070 de
1100 3015 1356 3071 omnibus
1388 3013 1552 3068 simul
1582 3014 1912 3070 adversariis
1932 3023 2166 3085 potesta-

587 3106 738 3160 tibus
760 3105 962 3161 dictum
998 3114 1082 3162 est
1123 3106 1280 3169 illud,
1320 3106 1397 3160 Ad
1441 3117 1488 3161 te
1515 3116 1691 3161 autem
1736 3124 1839 3161 non
1884 3109 2165 3177 appropin-

2260 547 2419 599 αὐτὸν
2452 549 2747 618 ἐπιχειρεῖν
2770 548 2862 601 τὸν
2893 549 3135 604 διάϐολον
3152 567 3167 580 θ
3196 551 3274 604 διὸ
3299 550 3553 605 λέλεκται·
3578 558 3656 609 Kal
3678 555 3732 626 ἦν

2255 641 2405 710 μετά
2434 640 2555 694 τῶν
2581 641 2820 709 θηρίων.
2850 642 3025 695 Ποίων
3059 642 3121 695 δὲ
3146 643 3379 714 Way;
3404 646 3432 699 ὁ
3464 645 3579 715 μετὰ
3602 654 3731 718 Isim;

2261 731 2554 803 παρίστησι
2587 732 2744 801 λόγος
2779 732 2982 805 προῖὼν
3019 734 3147 804 ἑξῆς
3170 736 3261 789 καὶ
3281 736 3467 805 λέγων’
3486 740 3591 795 ’δι’
3610 743 3734 797 dou.

2261 823 2336 876 δα
2368 823 2467 877 καὶ
2511 825 2889 889 βασιλίσκω·
2920 827 3211 895 ἐπιϐήσῃ,
3249 829 3348 881 καὶ
3387 836 3738 905 καταστήσεις

2260 914 2476 969 λέοντα
2522 915 2619 969 καὶ
2668 915 2986 984 δράκοντα.
3036 918 3309 982 Τοιούτοις
3358 919 3461 989 γάρ
3508 938 3649 986 τισιν,
3688 924 3739 989 ὡς

2261 1005 2428 1069 εἰκὸς,
2464 1004 2628 1058 εῖδεσί
2659 1023 2719 1059 τε
2767 1008 2861 1060 καὶ
2921 1013 3157 1079 μορφαῖς
3209 1010 3646 1082 σχηματιζόμεναι,
3677 1017 3737 1069 τὸν

2259 1095 2442 1165 ἀέριον
2472 1096 2634 1149 τόπον
2675 1097 3025 1169 διιπτάμεναί
3078 1118 3221 1163 τινες
3276 1101 3517 1173 δυνάμεις
3543 1108 3738 1175 πονηραὶ,

2261 1187 2426 1257 ἀρχαί
2452 1204 2512 1240 τε
2544 1189 2638 1241 καὶ
2668 1186 2927 1253 ἐξουσίαι,
2962 1191 3056 1245 καὶ
3096 1192 3524 1266 κοσμοκράτορες
3557 1196 3631 1248 τοῦ
3660 1200 3740 1250 σκά-

2259 1295 2385 1341 τους
2431 1278 2652 1345 τούτου,
2711 1283 2804 1334 καὶ
2862 1285 3209 1352 πνευματικά
3264 1286 3548 1355 πονηρίας,
3586 1288 3741 1357 τρόπος

2261 1370 2587 1441 ἀλληγορίας
2631 1372 2855 1435 ἀσπίδες
2901 1375 2992 1427 καὶ
3038 1374 3342 1443 βασιλίσκοι
3392 1378 3480 1430 καὶ
3531 1377 3742 1448 δράκοντες

2261 1456 2355 1509 καὶ
2382 1455 2588 1520 λέοντες
2625 1458 3037 1530 ὀνομαζόμεναι,
3070 1462 3103 1532 ἢ
3132 1463 3225 1515 καὶ
3255 1462 3343 1516 διὰ
3373 1465 3433 1516 τὸ
3461 1466 3655 1535 ἐμφερὲς
3678 1468 3743 1537 τῆς

2262 1546 2460 1611 κακίας
2488 1548 2698 1612 τούτοις
2744 1549 3265 1621 παραϐαλλόμεναι,
3303 1553 3473 1606 πάντα
3521 1556 3743 1627 πειρασμὸν

2261 1635 2471 1691 ἐκίνουν
2504 1639 2624 1692 κατ’
2654 1639 2837 1693 αὐτοῦ.
2857 1640 2979 1693 Ἐπὶ
3008 1640 3149 1693 τέλει
3185 1642 3243 1694 δὲ
3273 1645 3501 1706 πάντων,
3525 1646 3587 1707 ὡς
3614 1642 3743 1698 εἶδενὸ

2260 1726 2503 1792 διάϐολος
2525 1730 2611 1782 ἐπ’
2636 1730 2837 1785 ἀσπίδα
2856 1732 2951 1784 καὶ
2967 1732 3278 1802 βασιλίσκον
3301 1734 3627 1807 ἐπιϐεϐηκότα
3638 1737 3743 1791 αὑτὸν

2262 1822 2356 1874 καὶ
2386 1824 2886 1894 καταπεπατηκότα
2908 1823 3087 1888 πάσας
3108 1824 3208 1888 τάς
3233 1826 3324 1879 ὑπ’
3348 1827 3499 1880 αὑτὸν
3525 1829 3743 1897 ἐνεργείας,

2263 1912 2427 1975 αὐτὸς
2456 1912 2557 1984 ῆδη
2589 1913 2772 1968 λοιπὸν
2807 1915 2874 1967 δι’
2920 1916 3113 1970 ἑαυτοῦ
3162 1918 3394 1990 προσῄει
3446 1920 3655 1983 ταπεινὸς
3686 1921 3744 1973 καὶ

2263 2002 2638 2066 ύποδεδοικὼς,
2670 2004 2973 2077 προσέφερέ
3012 2024 3071 2059 τε
3103 2009 3250 2080 αὐτῷ
3286 2010 3384 2072 τὰς
3408 2010 3658 2082 ἐρωτήσεις
3683 2010 3744 2071 τὰς

2262 2094 2320 2147 ἐν
2348 2097 2459 2157 τοῖς
2491 2095 2841 2164 Εὐαγγελίοις
2881 2097 3403 2171 ἀναγεγραμμένας,
3437 2100 3665 2172 πειράζων
3685 2099 3745 2151 αὺ-

2260 2185 2352 2240 τὸν
2387 2188 2481 2241 καὶ
2521 2187 2713 2256 λέγων,
2746 2189 2809 2241 Εἰ
2836 2189 2959 2253 Υἱὸς
2990 2185 3040 2242 si
3061 2189 3155 2242 τοῦ
3192 2190 3351 2255 Θεοῦ,
3392 2192 3503 2244 εἰπὲ
3537 2192 3653 2253 τάδε,
3688 2191 3745 2242 καὶ

2263 2276 2488 2346 ποίησον
2519 2277 2665 2331 τάδε.
2701 2272 2812 2349 Τὴν
2841 2274 2935 2333 οὖν
2981 2278 3182 2351 ἀθρόαν
3229 2279 3409 2352 ὁρμὴν
3435 2280 3533 2333 τῶν
3570 2280 3745 2350 πονηρὼ

2263 2370 2585 2440 πνευμάτων
2633 2371 2725 2423 καὶ
2758 2372 2855 2444 τὴν
2890 2367 3059 2444 ἧτταν
3091 2372 3271 2427 αὐτῶν
3335 2375 3369 2444 ή
3422 2373 3632 2444 παροῦσα
3656 2390 3747 2441 παρ-

2266 2457 2443 2531 ίστησι
2489 2459 2829 2532 προφητεία’
2879 2460 3014 2532 ὁμοῦ
3048 2462 3146 2533 μὲν
3189 2462 3453 2534 συνῆχθαι
3494 2463 3745 2526 διδάσκοντι,

2265 2550 2341 2621 μὴ
2379 2551 2485 2621 μὴν
2536 2550 2853 2622 δεδυνῆσθαί
2896 2570 2948 2604 τι
2995 2552 3117 2623 μηδ’
3160 2553 3473 2622 ίσχυκὲναι·
3634 2556 3674 2605 ἐν
3698 2551 3747 2621 τῷ

2263 2642 2583 2712 πλησιάζειν
2620 2642 2767 2714 αὐτῷ
2810 2644 3171 2697 καταπίπτειν
3202 2645 3396 2716 χαμαί.
3428 2644 3511 2697 Διὸ
3550 2644 3745 2697 λέλεκται·

2262 2734 2538 2789 Πεσεῖται
2563 2736 2633 2789 ἐκ
2662 2737 2769 2791 τοῦ
2807 2738 2910 2791 null
2915 2754 3053 2803 τους
3077 2754 3194 2790 σου
3232 2738 3454 2806 χιλιὰς,
3499 2738 3579 2791 καὶ
3606 2736 3749 2803 μυριὰς

2262 2826 2331 2880 ἐκ
2376 2825 2592 2891 δεξιῶν
2645 2844 2780 2881 σου.
2819 2828 2964 2881 Ἀντὶ
3007 2828 3063 2880 δὲ
3107 2827 3231 2881 τοῦθ
3289 2832 3391 2882 Ἐκ
3445 2828 3540 2881 τοῦ
3580 2828 3747 2889 aliter;

2262 2930 2401 2980 σου,
2438 2916 2666 2980 Ἀκύλας
2692 2917 2784 2969 καὶ
2813 2917 3127 2989 Σύμμαχος,
3165 2920 3267 2973 Ἐκ
3296 2919 3401 2973 τοῦ
3423 2918 3643 2986 πλαγίου
3658 2931 3746 2974 σου,

2264 3006 2626 3061 ὲκδεδώκασιν
2645 3027 2659 3040 ·
2686 3007 2829 3061 οὕτω
2870 3010 2969 3079 τῆς
2999 3009 3185 3080 θεῖκῆς
3207 3011 3432 3082 Γραφῆς
3462 3008 3524 3061 τὰ
3567 3006 3748 3075 ἀριστερὰ

2265 3099 2357 3153 τοῦ
2398 3100 2647 3172 Σωτῆρος
2675 3101 3049 3173 όνομαζούσης
3070 3141 3085 3164 ,
3130 3102 3277 3173 τάχα
3310 3103 3370 3154 τὸ
3400 3102 3549 3173 μηδὲν
3588 3096 3688 3153 εἶναι
3714 3100 3749 3149 ἐν

590 3194 862 3265 quabunt;
916 3196 1156 3266 itemque
1197 3196 1353 3261 illud,
1412 3195 1782 3251 Verumtamen
1838 3199 2005 3252 oculis
2057 3199 2160 3251 tuis

2266 3190 2413 3261 αὐτῷ
2445 3192 2637 3244 σκαιὸν
2665 3192 2795 3262 μηδὲ
2827 3193 3131 3265 ἀριστερόν.
3166 3193 3315 3264 Πλὴν
3338 3193 3467 3246 ἀλλὰ
3490 3192 3599 3263 περὶ
3623 3188 3749 3242 πασῶν

590 3287 973 3353 considerabis,
1005 3299 1054 3344 et
1081 3289 1476 3344 retributionem
1496 3299 1828 3361 peccatorum
1852 3289 2069 3344 videbis.
2096 3289 2162 3344 Ει

592 3379 729 3445 haec,
763 3379 959 3449 inquit,
993 3382 1177 3435 omnia
1211 3381 1309 3437 tibi
1344 3381 1621 3449 accident;
1651 3380 1914 3451 quoniam
1957 3388 2035 3443 tu,
2066 3380 2164 3435 Do-

593 3471 770 3536 mine,
835 3486 961 3542 spes
1019 3487 1176 3538 mea,
1236 3472 1567 3528 Altissimum
1623 3472 1846 3542 posuisti
1901 3472 2161 3543 refugium

594 3573 764 3619 tuum.

664 3860 900 3917 Estimo
930 3871 1110 3919 autem
1143 3863 1245 3921 has
1280 3862 1582 3919 invisibiles
1614 3869 1669 3917 et
1696 3862 2035 3919 adversarias
2067 3877 2165 3933 po-
2249 3878 2255 3885 ’

592 3960 844 4019 testates,
885 3971 1007 4025 qua:
1059 3957 1165 4011 sub
1195 3959 1456 4011 universo
1509 3955 1650 4011 caelo
1693 3963 1869 4017 erant,
1904 3954 2165 4010 adversus

592 4059 717 4099 cum
766 4043 1052 4098 confertim
1086 4050 1444 4115 congregatas
1482 4043 1674 4107 fuisse,
1707 4044 1852 4113 quod
1885 4043 2167 4112 perturba-

592 4143 785 4191 rentur
817 4151 884 4189 ει
914 4134 1077 4189 allata
1106 4135 1208 4203 ipsi
1240 4150 1391 4201 voce,
1425 4134 1645 4204 quando
1671 4138 1724 4189 in
1747 4134 2012 4189 columbae
2042 4149 2167 4204 spe-

593 4231 678 4286 cie
712 4230 949 4300 Spiritus
984 4239 1210 4285 sanctus
1254 4229 1535 4285 descendit
1566 4229 1620 4283 in
1662 4229 1835 4294 illum,
1871 4237 1925 4284 et
1981 4229 2166 4283 audita

596 4337 699 4375 vox
731 4327 816 4376 est
848 4318 1086 4390 desuper
1123 4318 1313 4374 dicens
1350 4337 1364 4373 :
1400 4318 1502 4372 Hic
1534 4327 1611 4373 est
1659 4317 1833 4372 Filius
1864 4334 2007 4372 meus
2034 4319 2168 4373 dile-

593 4425 730 4479 ctus,
768 4413 822 4465 in
872 4428 972 4482 quo
1027 4408 1156 4466 milii
1202 4412 1498 4480 eomplacui
1527 4411 1593 4464 δ’.
1642 4409 1756 4465 Hac
1788 4408 1951 4480 igitur
1980 4410 2164 4465 audita

2264 3283 2474 3354 ἀθρόως
2503 3282 2611 3336 τῶν
2631 3266 3019 3354 ἁντικεῖμένων
3052 3284 3329 3354 δυνάμεων
3350 3286 3548 3355 εἴρηται
3570 3282 3630 3343 τὸ,
3648 3278 3749 3347 Πρός

2264 3376 2340 3428 σὲ
2369 3374 2437 3428 δὲ
2464 3377 2575 3429 οὐκ
2603 3375 2889 3445 ἐγγιοῦσι,
2924 3378 3019 3432 καὶ
3052 3377 3130 3444 τὸ,
3162 3374 3337 3438 Πλὴν
3373 3378 3489 3443 τοῖς
3514 3371 3751 3445 ὀφθαλμός

2263 3484 2379 3521 σου
2438 3466 2869 3535 κατανοήσεις,
2895 3470 2994 3523 καὶ
3047 3469 3458 3525 ἀνταπόδοσιν
3480 3461 3750 3538 ἁμαρτωλῶν

2265 3559 2420 3628 ὄψει.
2457 3560 2568 3613 Καὶ
2607 3560 2799 3627 ταῦτα,
2823 3563 2977 3632 φησι,
3032 3562 3207 3616 πάντα
3239 3563 3396 3617 ἔσται
3424 3563 3540 3633 περὶ
3566 3562 3631 3625 σὲ,
3654 3562 3751 3611 ἐπει-

2263 3650 2437 3723 δήπερ
2464 3652 2551 3715 σὺ,
2590 3646 2635 3705 ὧ
2684 3652 2855 3724 Κύριε
2884 3694 2899 3717 ,
2939 3655 2973 3725 ἡ
3023 3652 3131 3725 suit
3178 3650 3372 3718 ἐλπὶς,
3420 3655 3520 3707 τὸν
3545 3654 3751 3719 Ὕψιστον

2264 3744 2404 3799 ἔθου
2432 3744 2785 3815 καταφυγήν
2813 3760 2951 3800 σου.

2348 3858 2619 3930 Ἠγοῦμαι
2660 3860 2716 3912 δὲ
2752 3860 2850 3925 τὰς
2875 3860 3139 3934 ἀοράτους
3164 3862 3370 3926 ταύτας
3401 3862 3489 3914 καὶ
3526 3850 3751 3922 ἀντικειμρ

2265 3969 2361 4015 νας
2390 3952 2685 4022 δυνάμεις,
2717 3953 2816 4016 τάς
2859 3954 2965 4006 ὑπὸ
3011 3954 3172 4007 παντὶ
3216 3954 3296 4025 τῷ
3332 3952 3532 4025 οὐρανῷ
3569 3943 3751 4014 συνῆχθαι

2267 4044 2445 4106 πάσας
2494 4043 2707 4115 ἀθρόως
2754 4046 2875 4097 κατ’
2919 4044 3082 4097 αὑτοῦ
3132 4042 3521 4116 θορυϐηθεῖσας
3569 4037 3653 4091 ἀπὸ
3688 4031 3752 4099 τῆς

2267 4135 2577 4207 ἐνεχθείσης
2624 4136 2761 4207 πρὸς
2790 4135 2952 4190 αὑτὸν
2979 4135 3182 4205 φωνῆς,
3214 4136 3306 4189 ὅτε
3334 4137 3390 4187 ἐν
3434 4134 3549 4187 εῖδει
3576 4140 3754 4198 mpm:-

2270 4229 2368 4299 ρᾶς
2394 4227 2454 4281 τδ
2482 4226 2708 4298 Πνεῦμα
2735 4228 2796 4281 τὸ
2828 4226 2982 4296 ἅγιον
3022 4228 3345 4283 κατέϐαινεν
3374 4228 3458 4279 ἐπ’
3493 4222 3645 4279 αὐτὸν,
3669 4218 3694 4285 ἦ
3716 4226 3751 4265 τε

2266 4318 2471 4374 ἀνωθεν
2520 4320 2672 4391 φωνὴ
2728 4319 2970 4391 ἠκούσθη
3024 4320 3292 4389 λέγουσα·
3358 4315 3528 4382 Οὗτός
3572 4307 3754 4366 ἐστσὸ

2277 4413 2408 4477 Υἱός
2426 4428 2545 4481 μου
2571 4415 2604 4465 ό
2636 4412 2963 4480 ἀγαπητὸς,
2986 4411 3056 4466 ἐν
3085 4405 3135 4478 ᾧ
3160 4411 3483 4479 εὐδόκησα.
3510 4403 3754 4459 Ἀκούσασιι

593 4521 748 4572 voce,
778 4504 1110 4574 conspicata:
1135 4504 1265 4558 item
1302 4520 1332 4557 a
1367 4500 1574 4574 Spiritu
1610 4512 1799 4558 sancto
1832 4517 1929 4571 per
1952 4503 2164 4556 colum-

2268 4502 2397 4571 γοῦν
2428 4500 2529 4573 τῆς
2564 4505 2744 4574 φωνῆς
2772 4503 2996 4575 ταύτης,
3024 4506 3119 4559 καὶ
3149 4504 3475 4575 θεασάμεναι
3497 4499 3576 4553 τόν
3599 4486 3753 4549 ὑπὺτθῧ

591 4598 714 4654 bam
747 4605 1238 4652 commonstratum
1293 4596 1465 4651 fuisse
1504 4595 1776 4650 hominem
1828 4589 2023 4648 Filium
2070 4593 2163 4649 Dei

591 4690 949 4761 appellatum,
984 4702 1161 4757 neque
1191 4686 1309 4742 voci
1330 4702 1439 4741 non
1473 4684 1719 4749 credere,
1746 4699 1945 4755 neque,
1983 4684 2163 4738 homi-

593 4798 719 4837 nem
759 4797 924 4837 carne
958 4777 1208 4834 indutum
1248 4778 1721 4841 cernentes,hunc
1754 4777 2013 4831 dilectum
2044 4790 2165 4832 esse

595 4870 687 4926 Dei
727 4888 1049 4940 persuasum
1081 4870 1281 4925 habere
1320 4878 1591 4939 poterant.
1625 4867 1805 4935 Quare
1836 4868 2163 4938 stupendum

593 4962 891 5031 quidpiam,
924 4972 977 5017 et
1020 4979 1216 5017 novam
1262 4962 1499 5017 hominis
1544 4970 1794 5015 naturam
1853 4965 2161 5024 cernentes,

597 5068 753 5108 suam
798 5055 1058 5121 operandi
1104 5055 1212 5108 vim
1250 5053 1617 5123 przestantiori
1656 5054 1857 5108 virtute
1880 5052 2163 5108 delendam

595 5159 720 5200 esse
768 5145 1178 5214 exspectabant.
1223 5143 1430 5200 Idcirco
1473 5147 1622 5199 illum
1656 5146 1860 5200 adorta:
1892 5153 2040 5207 sunt,
2071 5147 2162 5215 qui

597 5252 717 5292 sese
760 5236 927 5290 alacri
990 5235 1172 5291 animo
1213 5238 1464 5291 omnibus
1511 5239 1904 5294 tentationibus
1944 5238 2161 5299 obtulit,

596 5341 733 5395 quas
771 5340 872 5396 pro
896 5325 1071 5380 salute
1106 5324 1382 5379 hominum
1415 5336 1751 5397 susceperat.
1779 5324 1913 5381 Nam
1946 5337 2168 5392 cum,ut

596 5417 733 5482 dixi,
773 5417 1169 5489 przedicaturtts
1222 5426 1368 5473 esset
1415 5421 1633 5485 captivis
1676 5421 2058 5484 dimissionem,
2115 5429 2164 5474 et

596 5510 747 5563 circis
769 5510 907 5563 visus
932 5509 1309 5564 restitutionem
1329 5547 1345 5572 ,
1391 5509 1691 5564 secundum
1738 5512 2075 5582 prophetiam
2099 5512 2166 5567 de

596 5598 715 5670 ipso
732 5601 995 5669 prolatam
1011 5602 1087 5669 ⁸³;
1114 5610 1277 5673 atque
1297 5600 1536 5655 futurum
1557 5610 1724 5665 esset,
1746 5611 1804 5655 ut
1827 5604 2036 5658 animas
2068 5604 2166 5657 ho-

2268 4594 2422 4663 ἁγίου
2470 4591 2786 4666 Πνεύματος
2831 4596 2920 4650 διὰ
2957 4592 3056 4669 τῆς
3094 4598 3421 4669 περιστερᾶς
3461 4585 3754 4658 ἀναδειχθέντα

2266 4684 2548 4756 ἄνθρωπον
2582 4682 2709 4737 Υἰὸν
2764 4683 2903 4739 Θεοῦ
2954 4687 3365 4759 ὠνομασμένον,
3414 4685 3527 4740 οὔτε
3568 4683 3621 4751 τῇ
3652 4671 3753 4744 φωνθ

2265 4777 2513 4829 ἀπιστεῖν
2560 4771 2727 4847 εἶχον,
2780 4776 2905 4831 οὗτε
2961 4778 3054 4833 τὸν
3089 4778 3373 4851 ἄνθρωπον
3418 4776 3600 4847 ὁρῶσαι
3635 4769 3754 4851 σάρτξ

2265 4868 2640 4938 ἠμφιεσμένον
2666 4868 2939 4922 πιστεύειν
2965 4869 3152 4922 τοῦτον
3174 4865 3312 4923 εἶναι
3333 4869 3422 4923 τόν
3440 4860 3674 4935 ἀγαπητὸν
3695 4869 3754 4905 τω

2266 4959 2420 5013 Θεοῦ.
2437 4961 2526 5014 Διὸ
2552 4960 2698 5025 ξένον
2731 4979 2784 5014 τι
2814 4961 3003 5032 χρῆμα
3040 4962 3131 5015 καὶ
3152 4962 3343 5033 καινὴν
3367 4957 3621 5030 ἀνθρώπου
3646 4949 3756 5017 φύσιν

2269 5049 2536 5123 θεώμεναι
2559 5093 2574 5117 ,
2603 5051 2703 5116 τὰς
2744 5053 2950 5117 οἰκείας
2980 5054 3261 5125 ἐνεργείας
3299 5052 3516 5121 δυνάμει
3561 5040 3757 5133 κρείτῖθῖί

2269 5144 2767 5216 καθαιρεθήσεσθαι
2791 5144 3215 5216 προσεδόκησαν.
3235 5145 3325 5197 Διὸ
3342 5143 3403 5214 δὴ
3427 5140 3633 5210 ἐπῄεσαν
3658 5130 3757 5189 αὑτῷ

2271 5215 2499 5287 ἐπιδόντι
2533 5230 2591 5288 εὖ
2637 5234 2782 5305 μάλα
2817 5215 3110 5306 προθύμως
3136 5234 3327 5288 ἑαυτὸν
3360 5234 3437 5295 είς
3476 5229 3651 5284 πάντας
3673 5215 3757 5274 τοὺς

2272 5327 2628 5398 πειρασμοὺς,
2661 5326 2753 5391 οὓς
2777 5327 2915 5398 ὑπὲρ
2940 5328 3041 5397 τῆς
3077 5325 3377 5397 ἀνθρώπων
3408 5316 3645 5389 σωτηρίας
3670 5310 3757 5361 ἀνθ’

2269 5416 2503 5473 δέδεκτο.
2520 5419 2744 5473 Μέλλων
2764 5418 3125 5491 γοῦν,’ῶσπερ
3144 5418 3300 5488 ἔφην,
3314 5413 3582 5487 κηρύττειν
3608 5403 3758 5501 αζκμςιέ

2268 5511 2480 5577 λώτοις
2503 5511 2744 5580 ἄφεσιν,
2782 5510 2879 5564 καὶ
2912 5510 3161 5581 τυφλοῖς
3192 5508 3529 5574 ἀνάϐλεψιν,
3558 5492 3673 5589 κατῖξ

2269 5604 2398 5679 περὶ
2432 5603 2593 5659 αὑτοῦ
2628 5605 2985 5677 προφητείαν,
3018 5604 3272 5672 ἀφέλκειν
3298 5618 3355 5653 τε
3378 5598 3471 5661 τὰς
3493 5592 3586 5647 τῶν
3602 5581 3755 5649 avi?"

670 5752 715 5786 "
754 5752 920 5809 Marc.
960 5773 1005 5821 ι,
1044 5759 1126 5813 l5.
1204 5756 1249 5790 "
1292 5758 1480 5814 Matth.
1516 5776 1613 5826 ιιι,
1650 5760 1736 5817 Π.
1806 5762 1850 5792 ⁸³
1891 5758 2024 5813 Luc.
2056 5775 2129 5825 tv,
2162 5781 2164 5786 λ

2301 5759 2405 5817 lsa.
2440 5777 2527 5817 ιιι
2548 5802 2563 5823 .
2601 5766 2653 5818 1.
