3974 6520
216 334 351 391 115Ἰ

1384 323 1887 390 COMMENTARIA
1926 332 1992 389 IN
2028 326 2369 393 PSALM’OS.

3342 339 3482 398 1158

212 468 330 506 πων
356 448 532 521 ψυχὰς
573 446 679 503 ἀπὸ
716 445 825 503 τῶν
866 440 1034 504 πάλαι
1092 440 1552 521 ᾖχμαλωτικότων
1584 451 1755 517 αὐτὰς
1779 492 1794 517 ,

1903 453 2107 508 minum
2150 455 2219 510 ab
2249 455 2339 519 iis,
2367 452 2461 525 qui
2503 454 2652 525 ipsas
2684 454 2814 510 olim
2852 454 2908 511 in
2942 454 3309 528 captivitatem
3355 456 3486 512 abe‘

212 540 530 615 ἐλευθεροῦν
562 560 622 594 τε
649 543 819 606 αὑτὰς
852 542 960 595 ἀπὸ
997 541 1097 612 τῆς
1136 543 1526 617 είδωλολάτρου
1567 545 1796 615 πλάνης,

211 634 522 704 ἀναγκαίως
549 633 761 705 πρῶτον
791 634 1046 687 ἁπάντων
1083 635 1203 687 κατ’
1232 635 1411 688 αὐτῶν
1437 634 1799 707 ἐστρατεύετο

210 724 319 779 τῶν
368 724 459 777 τὸν
517 722 727 793 μακρὸν
764 721 937 775 αἰῶνα
966 724 1469 793 τετυραννηκότων.
1535 725 1690 779 Ἐπεὶ
1741 727 1798 780 δὲ

209 815 419 891 τούτοις
458 813 869 887 κατηγωνίσατο
925 814 991 867 δι’
1027 806 1307 887 ὑπομονῆς
1348 817 1550 882 παντὸς
1608 835 1801 891 πείρα⁴

212 907 373 979 σμοῦ,
401 907 479 960 διό
507 925 668 979 φησιν
695 909 722 960 ὁ
751 908 965 971 Λουκᾶς
994 924 1007 937 ’
1037 908 1150 961 Καὶ
1191 910 1573 977 συντελέσας
1603 912 1801 966 πάντα

210 1001 544 1069 πειρασμὸν
578 1004 609 1054 ὁ
647 1000 928 1066 διάϐολος
966 999 1205 1069 ἀπέστη
1258 1000 1358 1055 ἀπ’
1398 1003 1605 1057 αὑτοῦ.
1643 1005 1800 1058 Μετὰ

209 1093 385 1147 ταῦτα
432 1094 524 1146 ἐπὶ
573 1091 667 1163 τὴν
710 1093 818 1146 τῶν
870 1091 1177 1163 ἀνθρώπων
1232 1086 1532 1164 θεραπείαν
1564 1090 1794 1168 ἐχώρειδ

211 1183 363 1238 ἔνθεν
412 1185 506 1238 καὶ
560 1184 810 1257 ἔφριττον
861 1184 1024 1238 αὐτὸν
1054 1185 1101 1237 οἱ
1151 1183 1443 1255 δαίμονες,
1482 1185 1798 1257 ὡμολόγουν

207 1291 271 1327 τε
298 1274 461 1328 αὑτὸν
511 1274 707 1328 εἰδέναι
760 1275 907 1338 ὅστις
933 1273 1050 1344 εἴη,
1090 1272 1322 1344 βοῶντες
1370 1275 1463 1329 καὶ
1518 1275 1795 1344 λέγοντεςο

213 1366 342 1428 Ἔα,
370 1366 428 1418 τί
452 1365 597 1435 ἡμῖν
627 1366 730 1420 καί
772 1376 892 1429 σοι,
949 1365 1044 1419 Υἱὲ
1073 1365 1180 1419 τοῦ
1219 1366 1405 1430 Θεοῦ;
1452 1365 1699 1437 οἴδαμέν
1727 1381 1801 1423 σε

207 1458 304 1522 τίς
331 1453 407 1519 εἴ,
435 1460 467 1511 ό
497 1457 662 1527 ἅγιος
694 1458 800 1511 τοῦ
826 1458 995 1512 Θεοῦ.
1042 1457 1175 1510 Ἀπὸ
1212 1458 1322 1530 γὰρ
1356 1457 1453 1529 τῆς
1475 1459 1610 1531 πρὸς
1639 1459 1799 1513 αὐτὸν

209 1548 525 1620 ἐνεχθείσης
554 1549 738 1619 φωνῆς
771 1548 1186 1620 μεμαθήκεισαν
1212 1549 1361 1613 ὅστις
1392 1544 1460 1621 ἦν
1480 1567 1493 1580 ·
1535 1550 1673 1603 ἀλλὰ
1703 1542 1800 1604 καὶ

209 1638 309 1707 ἀφ’
354 1631 428 1693 ὧν
475 1638 770 1710 εἰργάσατο
811 1639 952 1693 κατὰ
990 1638 1083 1692 τὸν
1128 1637 1223 1692 τοῦ
1263 1640 1570 1711 πειρασμοῦ
1610 1642 1799 1713 καιρὸν

208 1729 410 1800 ᾔδεσαν
449 1726 613 1784 αὐτοῦ
639 1731 737 1803 τὴν
764 1730 1017 1801 δύναμιν.

1902 552 2115 616 gerant,
2149 543 2465 611 abduceret,
2498 546 2868 617 liberaretque
2912 548 2980 601 ab
3022 546 3293 603 idolorum
3325 562 3484 603 erro-‘-

1900 652 1995 705 re;
2032 639 2342 694 necessario
2377 639 2579 694 bellum
2641 640 2818 710 primo
2874 641 3095 710 gerebat
3150 640 3206 694 in
3263 652 3359 696 eos
3388 640 3482 711 qui

1901 728 2166 783 diuturno
2203 735 2448 798 tempore
2478 730 2825 801 tyrannidem
2868 729 3213 785 obtinebant.
3254 730 3320 786 Et
3354 732 3484 802 quia

1900 818 2052 890 ipsos
2089 832 2185 889 per
2224 822 2588 875 tentationum
2640 822 2886 877 omnium
2926 821 3271 877 tolerantiam
3312 836 3487 895 oppu-

1901 910 2128 981 gnabat,
2154 910 2277 965 ideo
2301 909 2481 967 Lucas
2516 912 2592 966 ait
2623 930 2635 966 :
2674 910 2743 965 Et
2777 928 2894 965 cum
2916 918 3337 968 Consummasset
3371 931 3487 968 om-

1902 1018 2017 1056 nem
2056 1004 2400 1059 tentationem
2431 1003 2697 1071 diabolus,
2728 1002 2972 1060 discessit
3008 1006 3074 1059 ab
3101 1016 3161 1061 eo
3192 1002 3259 1061 ⁸⁸.
3281 1005 3487 1063 Deinde

1900 1108 2030 1148 vero
2062 1094 2130 1148 ad
2163 1094 2448 1152 hominum
2482 1096 2822 1153 curationem
2855 1103 2909 1152 et
2945 1096 3212 1153 medelam
3261 1098 3488 1153 accede-

1900 1183 1993 1242 bat
2046 1206 2058 1241 :
2101 1201 2269 1256 quare
2323 1186 2630 1242 fremebant
2661 1188 2717 1242 in
2769 1203 2892 1243 eum
2930 1189 3230 1254 dminones,
3260 1189 3487 1244 conﬁte-

1899 1274 2210 1347 banturquc
2243 1292 2302 1332 se
2336 1291 2500 1333 nosse
2522 1278 2648 1349 quis
2688 1284 2857 1343 esset,
2886 1278 3187 1334 clamantes
3218 1286 3272 1333 et
3294 1279 3484 1334 dicen-
3552 1333 3565 1354 ,

1901 1376 1981 1426 tes
2012 1390 2024 1426 :
2064 1362 2208 1435 Sine,
2240 1371 2365 1441 quid
2400 1373 2550 1425 nobis
2593 1380 2643 1425 et
2693 1372 2805 1437 tibi,
2845 1369 2952 1425 Fili
2973 1371 3113 1426 Dei?
3150 1370 3409 1425 Nouimus
3440 1380 3488 1426 te

1900 1465 2016 1534 quis
2047 1465 2145 1529 sis,
2182 1468 2395 1519 sanctus
2421 1463 2517 1518 Dei
2549 1462 2714 1521 ".Ab
2731 1464 2880 1518 illata
2900 1466 3049 1521 enim
3076 1464 3153 1518 illi
3196 1478 3327 1519 voce
3355 1465 3487 1519 didi-

1900 1564 2090 1609 cerant
2122 1555 2375 1625 quisnam
2407 1564 2585 1623 esset;
2622 1554 2732 1608 imo
2764 1556 2928 1609 etiam
2958 1562 3026 1609 ex
3059 1553 3126 1609 iis
3157 1568 3279 1623 qua:
3308 1559 3487 1608 tenta-

1899 1647 2067 1703 tionis
2099 1657 2342 1719 tempore
2381 1654 2647 1719 gesserat,
2675 1645 2797 1716 ejus
2826 1646 3086 1701 virtutem
3125 1652 3414 1700 noverant.

288 1839 371 1892 Οὐ
399 1839 869 1907 προσελεύσεται
903 1840 1053 1909 πρὸς
1097 1838 1172 1895 σὲ
1216 1841 1391 1905 κακὰ,
1425 1841 1525 1895 καί
1570 1832 1796 1911 μάστιξ

1970 1852 2137 1909 Vens.
2154 1853 2340 1910 10-12.
2365 1852 2491 1907 Non
2515 1841 2758 1907 accedent
2781 1851 2851 1905 ad
2884 1862 2932 1906 te
2955 1851 3119 1917 mala,
3144 1860 3193 1905 et
3215 1849 3486 1921 ﬂagellum

206 1931 325 1982 οὐκ
357 1930 541 1999 ἐγγιεῖ
560 1930 638 1996 τῷ
671 1930 1018 2001 σκηνώματι
1050 1947 1190 1986 σου.
1214 1930 1334 1984 Ὅτι
1362 1932 1488 1998 τοῖς
1519 1924 1795 2002 ἀγγέλοις

1903 1964 2000 2001 non
2027 1946 2469 2016 appropinquabit
2493 1944 2833 1999 tabernaculo
2860 1954 2968 1998 tuo.
2991 1943 3255 2010 Quoniam
3286 1939 3487 2013 angelis

206 2021 401 2077 αὑτοῦ
456 2022 778 2077 ἐντελεῖται
822 2024 957 2093 περὶ
1005 2021 1123 2077 σοῦ
1156 2020 1284 2099 τοῦ
1315 2016 1677 2093 διαφυλάξαι
1724 2040 1797 2079 σε

1903 2039 2008 2092 suis
2040 2036 2315 2092 mandabit
2344 2037 2407 2090 de
2432 2046 2500 2099 te,
2533 2045 2592 2088 ut
2620 2035 2921 2089 custodiant
2957 2044 3004 2087 te
3036 2036 3089 2087 in
3119 2033 3360 2088 omnibus
3383 2033 3483 2088 uiis

207 2113 284 2167 ἐν
329 2112 553 2179 πάσαις
591 2114 721 2179 ταῖς
759 2114 918 2181 ὁδοῖς
965 2130 1103 2168 σου.
1154 2098 1279 2167 Ἐπὶ
1322 2104 1536 2184 χειρῶν
1579 2112 1799 2183 ἀροῦσί

207 2216 311 2268 σε,
332 2206 565 2275 μήποτε
590 2208 948 2276 προσκόψῃς
974 2206 1122 2275 πρὸς
1145 2206 1320 2261 λίθον
1347 2209 1451 2261 τὸν
1476 2197 1632 2262 πόδα
1657 2223 1794 2262 σου.

206 2295 327 2349 Καὶ
349 2294 522 2349 ταῦτα
555 2296 631 2367 τῷ
662 2295 803 2349 κατὰ
826 2287 1061 2367 Χριστὸν
1089 2296 1496 2367 τετελειωμένῳ
1519 2297 1677 2367 ἀνδρὶ
1704 2297 1799 2351 καὶ

206 2384 291 2456 τῷ
323 2386 469 2457 χορῷ
509 2386 617 2439 τῶν
650 2387 742 2440 τοῦ
793 2387 1029 2457 Χριστοῦ
1070 2388 1401 2459 μαρτύρων,
1450 2390 1516 2459 τῇ
1562 2405 1621 2440 τε
1666 2378 1799 2459 ἁγίᾳ

207 2476 382 2528 αὑτοῦ
422 2476 736 2548 Ἐκκλησία,
767 2479 858 2530 καὶ
879 2477 944 2549 δὴ
971 2479 1087 2537 καὶ,
1110 2478 1258 2549 αὐτῷ
1292 2477 1369 2549 τῷ
1409 2478 1643 2551 Χριστοῦ
1691 2479 1798 2533 σώ-

209 2582 351 2637 ματι
381 2566 669 2638 ἁρμόσειεν
697 2565 761 2620 ἂν
813 2566 1098 2635 λέγεσθαι·
1140 2567 1203 2619 El
1248 2566 1357 2638 γὰρ
1393 2567 1797 2637 παρεμϐάλλει

206 2656 470 2730 ἅγγελος
500 2658 716 2726 Κυρίου
748 2658 951 2721 κύκλῳ
995 2657 1115 2711 τῶν
1167 2658 1554 2728 φοϐουμένων
1590 2660 1796 2725 αὐτὸν,

207 2750 315 2803 καὶ
331 2750 582 2817 ῥύσεται
615 2742 860 2816 αὐτοὺς,
891 2748 998 2803 τῶν
1028 2749 1486 2821 ὑπερϐεϐηκότων
1514 2748 1605 2805 τὸν
1637 2752 1799 2821 φόϐον

209 2842 314 2895 καὶ
344 2842 401 2895 ὲν
448 2841 557 2906 ἕξει
604 2841 785 2911 τελείᾳ
817 2840 916 2910 τῆς
966 2840 1107 2895 κατὰ
1138 2842 1316 2913 ψυχὴν
1352 2842 1552 2915 ἀρετῆς
1596 2860 1799 2913 τυγχα-

208 2935 437 2999 νόντων,
466 2936 647 2998 ὁποῖός
675 2937 819 2987 ἐστιν
849 2936 882 2987 ὀ
920 2934 1265 3002 καθήμενος
1295 2934 1364 2987 ἐν
1390 2935 1643 3002 βοηθείᾳ
1696 2935 1802 2989 τοῦ

221 3026 545 3095 ’Υψίστου,
574 3024 672 3080 καὶ
700 3023 817 3080 ὑπὸ
844 3023 958 3093 τὴν
985 3026 1170 3079 σκιὰν
1185 3024 1291 3078 τοῦ
1314 3024 1526 3079 ἱκανοῦ
1571 3024 1803 3086 αὐλιζό-

201 3136 429 3191 μενος·
486 3119 595 3171 τῶν
653 3106 740 3171 οῦν
802 3114 1055 3170 τοιούτων
1103 3117 1200 3187 οὐχ
1252 3112 1332 3180 εἷς
1384 3115 1631 3186 ἄγγελος,
1667 3116 1803 3171 ἀλλὰ

208 3208 564 3283 παρεμϐολαὶ
604 3209 821 3272 πλείους
862 3206 1214 3262 καθίστανται
1253 3200 1512 3276 φύλακες,
1549 3209 1668 3261 ὅσαι
1713 3209 1805 3261 καὶ

209 3302 439 3365 πλείους
486 3302 535 3354 οἱ
584 3300 663 3371 τῷ
721 3299 863 3353 κατὰ
918 3299 1050 3353 Θεὸν
1090 3299 1279 3369 τελείῳ
1340 3296 1800 3363 ἐπιϐουλεύοντες.

206 3397 375 3450 Οὕτω
418 3393 549 3462 γοῦν
572 3392 665 3446 καὶ
708 3392 800 3445 τὸν
844 3392 1129 3462 προφήτην
1196 3390 1493 3444 Ἐλισσαῖον
1544 3390 1803 3444 ὲκύκλουν

207 3484 425 3553 πλῆθος
448 3477 760 3553 δορυφόρων
782 3481 1050 3549 ἀγγέλων.
1076 3480 1167 3532 Διὸ
1197 3478 1343 3533 οὐδὲν
1364 3480 1470 3533 τῶν
1495 3479 1804 3550 βλαπικῶν

206 3570 617 3629 ἐπελεύσεσθαι
644 3572 863 3640 λέγεται
895 3572 972 3643 τῷ
1000 3572 1087 3626 διὰ
1108 3570 1199 3624 τοῦ
1222 3565 1438 3643 ψαλμοῦ
1468 3589 1807 3644 προφητεύο-

210 3671 369 3740 μένῳ
388 3682 401 3696 ⁸
437 3665 550 3719 ἀλλ’
591 3664 709 3718 οὐδὲ
741 3663 937 3734 μάστιξ
963 3664 1056 3716 ἐπὶ
1076 3663 1137 3716 τὸ
1167 3663 1324 3734 σῶμα
1350 3663 1661 3733 ἐφάψασθαι
1710 3662 1802 3717 τοῦ

209 3758 579 3829 σκηνώματός
610 3755 776 3810 αὑτοῦ
797 3772 811 3787 ο
854 3756 1092 3826 μάστιγα
1119 3754 1382 3809 νοούντων
1420 3752 1577 3827 ἡμῶν
1614 3756 1674 3809 ού
1706 3757 1804 3827 τὴν

209 3851 523 3922 κοινότερον
548 3848 873 3921 λεγομένηνο
908 3847 1082 3921 ταύτῃ
1118 3847 1226 3919 γὰρ
1257 3848 1661 3920 ὲμαστίχθησαν
1699 3867 1804 3920 μυ-

134 3987 146 4000 .
211 3943 327 4018 ρίοι
340 3942 448 3996 τῶν
465 3942 631 4011 ἁγίων
650 3941 743 3994 τοῦ
758 3939 890 3994 Θεοῦ
909 3939 1197 4030 μαρτύρων
1218 3940 1310 3992 καὶ
1330 3939 1494 3993 αὐτοῦ
1513 3940 1569 3993 δὲ
1580 3940 1671 3993 τοῦ
1693 3942 1806 3994 Σω-

212 4037 385 4107 τῆρος
401 4034 557 4106 ἡμῶν
576 4033 636 4087 τὺ
648 4032 955 4104 σωματικὸν
972 4033 1235 4103 σκήνωμα
1252 4032 1389 4103 καὶὴ
1405 4031 1539 4103 σὰρξ
1557 4032 1804 4102 μάστιξιν

212 4125 421 4198 ᾐκίσθη
480 4125 619 4179 κατὰ
671 4125 763 4178 τὸν
811 4124 999 4197 καιρὸν
1049 4123 1143 4176 τοῦ
1203 4124 1442 4191 πάθους,
1498 4124 1805 4188 ἀκολούθως

212 4220 289 4289 τῇ
351 4216 631 4288 φασκούση
684 4218 810 4289 περὶ
853 4216 1016 4271 αὐτοῦ
1075 4219 1411 4290 προφητεία,
1459 4218 1571 4272 Τὸν
1612 4217 1805 4273 νῶτόν

207 4326 338 4379 μου
379 4307 568 4361 ἔδωκα
598 4310 685 4374 είς
712 4307 1049 4377 μάστιγας,
1098 4309 1204 4375 τὰς
1247 4309 1316 4362 δὲ
1357 4308 1644 4378 σιαγόνας
1681 4327 1803 4380 μου

214 4405 310 4467 εἰς
329 4401 677 4470 ῥαπίσματα
696 4417 708 4431 ’
740 4400 819 4453 διὸ
850 4401 1091 4472 μάστιγα
1118 4400 1213 4455 νῦν
1247 4399 1535 4472 δηλοῦσθαι
1571 4402 1667 4470 τὴν
1694 4402 1803 4455 ἀπὸ

214 4480 540 4564 ὣιμονικῆς
584 4493 859 4564 ἐνεργείας
906 4493 1118 4564 πληγὴν
1153 4493 1459 4563 νομιστέον,
1492 4495 1683 4557 ὁποίας
1728 4494 1805 4547 εἴ-

1832 3180 1873 3237 C

1899 2132 2024 2186 tuis.
2051 2129 2117 2184 In
2149 2128 2394 2183 manibus
2416 2128 2703 2198 portabunt
2733 2136 2800 2191 te,
2819 2143 3128 2198 numquam
3160 2125 3397 2196 offendas
3416 2125 3486 2178 ad

1899 2221 2126 2290 lapidem
2154 2220 2337 2291 pedem
2369 2230 2536 2277 tuum.
2565 2220 2690 2276 Haec
2722 2221 2791 2275 de
2820 2219 2939 2274 viro
2979 2219 3278 2274 secundum
3326 2217 3487 2272 Chri-

1899 2321 2043 2368 stum
2075 2319 2477 2375 consummato,
2501 2311 2568 2366 de
2598 2312 2768 2365 choro
2806 2318 3109 2380 martyrum
3140 2307 3371 2375 Christi,
3400 2306 3486 2362 vel

1898 2405 1967 2459 de
2000 2413 2192 2459 sancta
2227 2403 2347 2474 ejus
2398 2403 2678 2471 Ecclesia;
2713 2404 2824 2457 imo
2848 2420 2979 2458 vero
3012 2403 3079 2458 de
3122 2403 3244 2473 ipso
3272 2400 3481 2456 Christi

1896 2507 2129 2562 corpore
2165 2501 2469 2561 opportune
2501 2492 2608 2546 dici
2646 2499 2892 2561 possunt.
2923 2492 3063 2545 Nam
3105 2492 3153 2546 si
3184 2500 3487 2545 castrame-

1901 2591 2046 2636 tatur
2073 2582 2289 2651 angelus
2320 2580 2536 2636 Domini
2567 2581 2622 2634 in
2654 2580 2880 2635 circuitu
2913 2578 3210 2635 timentium
3254 2596 3393 2644 eum,
3428 2586 3482 2633 et

1898 2673 2082 2741 eripiet
2111 2688 2198 2726 eos
2221 2674 2289 2734 ⁸⁸,
2315 2672 2407 2741 qui
2433 2671 2780 2725 formidinem
2805 2680 3154 2742 superarunt,
3169 2678 3221 2725 et
3252 2671 3309 2725 in
3335 2671 3487 2725 bono

1898 2762 2137 2826 virtutis,
2171 2778 2294 2832 qua:
2331 2762 2631 2818 secundum
2667 2762 2917 2817 animam'
2956 2772 3080 2826 est,
3132 2761 3332 2817 aﬂ‘ectu
3363 2776 3487 2816 ver-

1901 2864 2113 2919 santur,
2144 2854 2322 2923 qualis
2364 2863 2448 2908 est
2478 2854 2568 2923 qui
2617 2853 2757 2907 sedet
2790 2854 2843 2907 in
2874 2853 3141 2923 adjutorio
3196 2852 3487 2917 Allissimi,

1902 2955 1951 3000 et
1981 2945 2076 2999 sub
2103 2945 2293 2999 umbra
2350 2946 2507 3015 fortis
2551 2954 2944 3009 commoratur;
2993 2947 3061 3002 iis
3102 2961 3235 3001 sane
3265 2945 3358 3016 qui
3407 2945 3488 3000 sie

1905 3036 2080 3091 aﬂ‘ecti
2117 3044 2265 3101 sunt,
2300 3051 2410 3090 non
2441 3036 2668 3106 angelus
2693 3052 2857 3098 unus,
2896 3035 2990 3090 sed
3020 3042 3205 3090 castra
3246 3034 3486 3106 plurima

1906 3128 1961 3183 in
1985 3127 2290 3182 custodiam
2321 3126 2520 3180 tradita
2543 3135 2690 3190 sunt,
2715 3134 2769 3181 et
2807 3134 2962 3181 tanto
2991 3125 3251 3196 plurima,
3275 3129 3486 3194 quanto

1905 3218 1997 3289 qui
2033 3218 2147 3271 viro
2177 3216 2478 3271 secundum
2511 3214 2680 3271 Deum
2721 3214 2969 3287 profecto
3000 3214 3355 3271 insidiantur.
3395 3212 3490 3269 Sic

1906 3309 2092 3378 itaque
2132 3304 2389 3361 Elisteum
2444 3307 2765 3378 prophetam
2823 3305 3143 3361 muniebant
3193 3305 3490 3361 satellitum

1906 3402 2219 3471 angelorum
2279 3408 2474 3454 turmae
2548 3398 2912 3466 Quamobrem
2981 3398 3295 3453 nocumenti
3345 3398 3488 3452 nihil

1905 3507 2173 3564 passurus
2200 3508 2322 3548 esse
2346 3490 2549 3547 dicitur
2576 3493 2671 3562 qui
2703 3492 2759 3546 in
2797 3492 3011 3562 psalmo
3040 3491 3486 3562 praanuntiatur;

1904 3593 2082 3647 neque
2114 3574 2385 3649 ﬂagellum
2415 3578 2633 3648 corpori
2663 3577 3001 3632 tabernaculi
3046 3577 3167 3646 ejus
3216 3576 3491 3631 incutien-

1905 3667 2033 3723 dum
2087 3669 2421 3739 przedicitur.
2470 3668 2573 3722 Per
2603 3668 2870 3739 ﬂagellum
2920 3683 3053 3722 vero
3105 3682 3213 3724 non
3268 3668 3490 3737 vulgare

1906 3760 2036 3815 illud
2071 3760 2457 3832 intelligimus;
2494 3774 2618 3813 nam
2650 3773 2714 3813 eo
2743 3758 2870 3813 caesi
2898 3766 3029 3814 sunt
3057 3758 3489 3813 innumerabiles

1905 3851 2081 3910 sancti
2116 3849 2210 3907 Dei
2245 3859 2534 3923 martyres,
2566 3856 2731 3921 atque
2772 3851 2950 3921 ipsum
2997 3866 3323 3922 corporeum
3355 3849 3487 3905 Ser-

1904 3947 2109 4000 vatoris
2157 3939 2333 3997 nostri
2369 3941 2779 3996 tabernaculum
2827 3947 2882 3995 et
2923 3954 3052 3995 caro
3085 3940 3206 4010 ejus
3239 3946 3492 4011 tempore

1905 4034 2176 4106 passionis
2207 4033 2434 4104 ﬂagellis
2460 4033 2735 4087 lancinata
2780 4041 2885 4096 est,
2917 4031 3218 4087 secundum
3252 4032 3489 4103 proﬁte-

1905 4127 2035 4181 tiam
2060 4143 2180 4197 qua:
2214 4125 2280 4180 de
2304 4127 2421 4196 ipso
2445 4124 2606 4187 fatur,
2636 4123 2869 4178 Dorsum
2918 4140 3088 4178 meum
3112 4122 3233 4178 dedi
3262 4124 3331 4178 ad
3379 4125 3487 4195 ﬂa-

1903 4218 2091 4290 gellas,
2110 4227 2157 4272 et
2188 4234 2346 4289 genas
2375 4235 2517 4272 meas
2544 4217 2613 4270 ad
2645 4218 2833 4286 alapas
2855 4216 2900 4247 ⁸⁷
2930 4233 2942 4270 :
2977 4214 3072 4271 sed
3097 4214 3367 4286 ﬂagellum
3399 4217 3489 4273 hic

1905 4310 2113 4381 plagam
2136 4309 2437 4364 daemonica
2467 4309 2519 4362 vi
2556 4308 2812 4363 inﬂictam
2834 4305 3147 4378 signiﬁcare
3177 4306 3483 4377 putandum

1903 4409 2023 4462 est,
2078 4400 2256 4469 qualia
2300 4399 2416 4468 ipse
2471 4397 2727 4453 Servator
2786 4402 3124 4467 impurorum
3176 4396 3486 4452 daemonum

1905 4492 2219 4547 hominibus
2251 4493 2471 4546 incussa
2495 4490 2702 4561 ﬂagella
2727 4506 2951 4546 curasse
2974 4498 3254 4544 narratur.
3277 4488 3487 4558 Hujus-

220 4594 388 4658 ρηται
424 4584 584 4648 αὐτὸς
627 4585 655 4636 ὁ
709 4585 897 4655 Σωτὴρ
949 4586 1201 4639 ἰάσασθαι
1251 4586 1346 4637 καὶ
1391 4581 1713 4656 θεραπεύειν
1742 4587 1801 4639 ὲν

1910 4582 2358 4654 tnodi'ﬂagellum
2392 4582 2595 4636 dicitur
2620 4598 2729 4637 non
2762 4582 3325 4651 appropinquaturum
3366 4596 3488 4637 esse

219 4677 532 4749 ἀνθρώποις
564 4676 827 4747 δαιμόνων
854 4676 1177 4748 ἀκαθάρτων
1214 4679 1500 4748 μάστιγας.
1534 4672 1801 4748 Τοιαύτην

219 4768 317 4825 οὖν
359 4770 596 4842 μάστιγα
644 4786 808 4839 φησιν
846 4769 874 4820 ὁ
924 4768 1111 4840 παρὼν
1144 4768 1300 4838 λόγος
1329 4771 1407 4846 μὴ
1443 4769 1682 4837 ὲγγίσειν
1724 4767 1800 4840 τῷ

226 4861 548 4934 σκηνώματι
574 4859 666 4914 τοῦ
706 4860 1205 4931 προφητευομένου,
1232 4861 1321 4914 διὰ
1346 4861 1405 4913 τὸ
1437 4861 1799 4930 φυλάττεσθαι

224 4956 333 5010 ὑπὸ
365 4956 471 5008 τῶν
497 4953 918 5023 καθεσταμένων
946 4954 1038 5006 ἐπὶ
1063 4952 1123 5006 τὸ
1164 4956 1422 5025 φρουρεῖν
1452 4953 1611 5007 αὐτὸν
1637 4954 1802 5023 ἀγγέ-

225 5048 357 5111 λων,
387 5047 435 5099 οἳ
475 5046 537 5117 δὴ
576 5047 669 5099 καὶ
718 5044 809 5096 ἐπὶ
857 5042 1056 5115 χειρῶν
1108 5043 1269 5095 αὑτὸν
1296 5042 1568 5113 μετέωρον
1607 5044 1804 5115 ἀναλή-

224 5139 424 5212 ψεσθαι
450 5138 715 5207 λέγονται,
747 5136 883 5207 πρὸς
909 5135 969 5189 τὸ
994 5135 1066 5207 μὴ
1092 5132 1457 5206 προσκόπτειν
1481 5131 1645 5187 αὑτοῦ
1672 5134 1804 5206 λίθῳ

226 5234 319 5287 τὸν
351 5233 504 5286 πόδα.
546 5233 815 5302 Σκήνωμα
854 5230 910 5282 δὲ
954 5228 1115 5282 αὑτοῦ
1150 5228 1272 5282 καθ’
1307 5229 1403 5282 ἕνα
1454 5228 1552 5299 μὲν
1604 5230 1803 5300 τρόπον

228 5328 374 5399 ἐρεῖς
420 5322 559 5379 εἶναι
606 5324 701 5396 τὴν
736 5322 1059 5393 Ἐκκλησίαν
1098 5318 1285 5383 αὐτοῦ,
1334 5320 1477 5373 κατά
1520 5317 1581 5374 τὸ
1604 5362 1619 5385 ,
1658 5321 1805 5387 Ἕως

228 5418 309 5471 ἄν
356 5416 508 5485 εὕρω
566 5417 754 5469 τόπον
807 5413 889 5480 τῷ
931 5414 1156 5481 Κυρίῳ,
1219 5410 1506 5482 σκήνωμα
1552 5410 1631 5476 τῷ
1683 5410 1805 5476 Θεῷ

239 5509 467 5566 Ἰακώϐ·
505 5508 645 5562 οὕτω
690 5507 782 5561 καὶ
816 5502 1037 5560 πλείονα
1067 5504 1399 5576 σκηνώματα
1427 5501 1523 5567 τὰς
1562 5503 1803 5555 ἁπαντα-

340 5666 385 5697 ⁶⁶
422 5663 554 5719 Luc.
598 5681 670 5729 tv,
712 5664 798 5719 i5.

232 5735 276 5767 "
316 5734 456 5790 Psal.
492 5750 718 5793 ιχχχιιι.
753 5735 807 5790 2.

895 5662 943 5698 "
980 5661 1150 5721 Marc.
1184 5678 1225 5729 ι,
1257 5660 1357 5729 τις
1393 5658 1527 5716 Luc.
1561 5658 1753 5734 iv,_3l.
1830 5658 1878 5693 “
1915 5659 2060 5719 Psal.
2096 5678 2300 5737 χχχιιι,
2335 5665 2390 5723 8.

1907 4676 2266 4729 tabernaculo
2313 4672 2455 4745 ejus,
2488 4675 2581 4744 qui
2614 4676 2667 4729 in
2699 4674 2957 4729 vaticinia
3001 4673 3208 4741 fertur;
3262 4675 3390 4744 quia
3419 4676 3488 4731 ab

1909 4762 2115 4834 angelis
2145 4765 2211 4819 ad
2246 4763 2550 4820 custodiam
2581 4764 2701 4833 ejus
2732 4763 3005 4834 deputatis
3042 4764 3368 4830 servabitur,
3393 4767 3485 4836 qui

1908 4857 2070 4912 etiam
2098 4872 2221 4911 eum
2260 4857 2314 4910 in
2351 4856 2605 4911 manibus
2650 4857 2936 4911 sublimem
2988 4857 3326 4927 assumpturi
3363 4872 3486 4914 esse

1912 4947 2189 5013 dicuntur,
2223 4956 2281 5000 ut
2320 4963 2388 5001 ne
2442 4963 2536 5017 pes
2568 4947 2687 5016 ejus
2714 4949 2782 5001 ad
2813 4946 3045 5017 lapidem
3078 4947 3333 5002 oﬂ‘endat.
3374 4947 3484 5003 Ta-

1912 5041 2269 5096 bernaculum
2299 5056 2463 5111 porro
2510 5041 2630 5111 ejus
2667 5042 2847 5112 aliqua
2895 5042 3107 5097 ratione
3157 5042 3309 5098 dicas
3364 5058 3486 5098 esse

1912 5130 2210 5186 Ecclesiam
2242 5133 2437 5202 ipsius,
2470 5131 2768 5187 secundum
2801 5132 2955 5196 illud,
2998 5132 3175 5187 Donec
3223 5133 3484 5187 inveniam

1913 5224 2085 5277 locum
2113 5223 2341 5278 Domino
2364 5264 2378 5289 ,
2420 5224 2817 5277 tabernaculum
2851 5224 2959 5278 Deo
2999 5223 3167 5278 Iacob
3197 5223 3272 5291 ⁸⁸;
3320 5222 3401 5279 sic
3431 5232 3485 5281 ω

1912 5318 2036 5371 illas
2068 5333 2163 5387 per
2192 5318 2379 5371 orbem
2433 5318 2697 5372 ecclesias
2737 5318 2966 5386 plurima
2990 5315 3339 5371 tabernacula
3360 5331 3483 5373 esse

1912 5411 2063 5465 novit
2095 5410 2186 5481 qui
2215 5409 2372 5475 dixit,
2403 5409 2572 5476 Quam
2601 5409 2795 5464 dilecta
2825 5408 3166 5464 tabernacula
3207 5417 3328 5473 tua,
3371 5407 3481 5463 Do-

1912 5502 2050 5556 mine
2073 5502 2329 5556 virlutum
2362 5500 2440 5553 "l
2488 5500 2611 5556 Alio
2638 5509 2819 5555 autem
2853 5500 3036 5567 modo,
3072 5513 3395 5569 corporeum
3422 5501 3485 5557 il-

2495 5660 2538 5694 ⁸⁷
2578 5658 2681 5715 lsa.
2716 5674 2767 5727 ι,
2792 5658 2845 5714 6.
2941 5657 2991 5703 ⁸⁸ν
3025 5655 3169 5713 Psal.
3206 5670 3391 5723 cxut,
3426 5654 3480 5710 5.
