3974 6546
599 299 738 361 H59

1266 297 2054 374 EUSEBILC/ESARIENSIS
2091 302 2243 360 OPP.
2284 303 2464 361 PARS
2495 304 2584 362 ill.
2619 337 2688 348 —-
2729 302 3137 368 EXEGETICA.
3643 332 3736 382 mu

589 425 688 483 iud
718 426 1166 486 instrumentum,
1200 423 1254 478 in
1286 441 1395 495 quo
1451 425 1716 480 habitavit
1773 425 1867 482 Dei
1893 425 2132 482 Verbum

2244 475 2249 488 .
2276 427 2372 501 χοῦ
2414 428 2519 500 γῆς
2552 430 2850 502 εἰρημένας
2887 433 3181 504 ἐκκλησίας
3202 429 3336 488 οἶδεν
3365 438 3393 490 ὀ
3423 437 3573 510 aqua;
3605 444 3738 514 Mm.

595 513 800 568 dixeris
823 513 1231 568 tabernaculum
1264 514 1385 583 ejus
1413 530 1554 569 esse.

2292 521 2387 586 Ὠς
2409 521 2686 589 ἀγαπητὰ
2708 521 2779 575 τὰ
2813 525 3173 593 σκηνὼματὰ
3202 542 3336 587 σου,
3368 530 3526 596 Κύριε
3554 533 3642 586 τῶν
3670 538 3740 592 δυ-

593 587 863 702 κάμεωνέι
882 604 1017 702 Καθ’
1047 603 1232 674 ἕτερον
1257 604 1314 657 δέ
1345 605 1545 674 τρόπον
1574 605 1635 659 τὸ
1675 608 1986 677 σωματικὸν
2015 609 2262 679 ὄργανον,
2321 614 2379 666 ἐν
2528 587 2941 686 κατεσκήνωσεν
2991 587 3031 668 6-
3067 617 3159 672 τοῦ
3197 619 3327 673 Θεοῦ
3384 587 3550 691 Λόγος,
3592 587 3742 702 λεχθείη

596 697 662 750 ἂν
692 696 854 750 αὐτοῦ
892 700 1176 768 σκήνωμα.

664 790 729 844 Et
758 790 976 860 quidem
1024 792 1297 862 praecipua
1346 802 1400 847 et
1434 793 1638 863 majora
1679 803 1830 864 gesta
1863 795 2042 862 illius,
2078 798 2172 868 qui

592 877 647 931 in
677 877 960 948 prophetia
985 878 1317 941 enuntiatur,
1349 893 1515 948 opera
1555 882 1952 950 praestantioris
1982 884 2172 953 cujus-

590 970 734 1038 piam
767 970 1098 1037 edebantur;
1132 986 1254 1024 nam
1285 971 1333 1026 is
1364 972 1455 1040 qui
1499 973 1802 1026 secundum
1851 988 2071 1028 carnem
2100 990 2168 1030 cx

590 1061 799 1118 semine
829 1061 1048 1116 Davidis
1076 1077 1198 1117 esse
1225 1077 1256 1114 a
1297 1063 1456 1118 nobis
1488 1063 1828 1134 intelligitur,
1853 1079 1977 1118 cum
2012 1065 2165 1121 sede--

589 1161 672 1206 ret
703 1153 759 1207 in
784 1152 1055 1224 adjutorio
1081 1152 1368 1218 Altissimi,
1400 1162 1456 1208 et
1515 1169 1642 1208 cum
1673 1156 2013 1213 Altissimum
2069 1171 2168 1229 po-

589 1244 790 1298 suisset
818 1243 1084 1315 refugium
1121 1258 1306 1307 suum,
1333 1240 1460 1313 jure
1495 1245 1566 1299 ab
1599 1245 1876 1302 Altissimo
1906 1249 2166 1304 servaba-

589 1342 696 1388 tur.
717 1333 1079 1401 Quamobrem
1097 1334 1311 1388 diccbat
1342 1335 1440 1400 illi,
1459 1335 1743 1404 Susceptor
1769 1355 1915 1392 meus
1943 1355 1998 1393 es
2030 1349 2086 1392 tu
2114 1348 2165 1394 et

586 1424 848 1495 refugium
876 1441 1068 1489 meum,
1100 1424 1236 1479 Deus
1267 1440 1435 1488 meus,
1464 1435 1514 1480 et
1539 1426 1758 1496 sperabo
1791 1429 1843 1481 in
1871 1445 2010 1484 eum.
2044 1429 2164 1500 Ipse

585 1532 823 1588 namque
851 1518 1076 1573 eruebat
1107 1533 1232 1572 eum
1266 1517 1332 1572 de
1363 1519 1558 1588 laqueo
1592 1519 1946 1584 venantium,
2001 1528 2055 1575 et
2107 1522 2164 1576 in

586 1610 826 1679 scapulis
860 1611 976 1667 suis
997 1611 1354 1666 obumbrabat
1414 1611 1528 1677 illi;
1561 1613 1692 1682 quin
1725 1613 1886 1667 etiam
1922 1614 2161 1669 circum-

584 1697 749 1753 dabat
782 1698 935 1753 illum
960 1698 1206 1753 veritatis
1263 1705 1421 1753 scuto
1470 1699 1752 1769 obtegens.
1814 1701 1881 1754 Et
1937 1701 2052 1756 haec
2085 1700 2161 1755 illi

2329 800 2426 854 λΤὰ
2454 799 2553 871 μὲν
2585 799 3090 874 κεφαλαιωδέστερα
3125 803 3221 855 καὶ
3257 804 3466 874 μείζονα
3496 807 3586 862 τῶν
3605 829 3741 882 κατορ-

2273 886 2540 958 θωμάτων
2559 887 2652 940 τοῦ
2674 887 2763 940 διὰ
2785 888 2885 958 τῆς
2906 892 3237 962 προφητείας
3261 892 3560 965 δηλουμένου
3578 899 3644 952 διὰ
3660 919 3743 955 συν·-

2274 980 2492 1051 εργείας
2520 981 2615 1034 τοῦ
2647 981 2890 1052 μείζονος
2915 983 3278 1055 κατωρθοῦτο.
3308 988 3596 1060 Καθήμενος
3615 993 3745 1064 γὰρέν

2275 1071 2498 1144 βοηθείᾳ
2529 1072 2625 1127 τοῦ
2661 1074 2917 1144 Ὑψίστου
2949 1076 2979 1128 6
3013 1075 3153 1128 κατά
3183 1076 3357 1148 σάρκα
3387 1080 3632 1152 νοούμενος
3660 1088 3745 1155 1'35th

2270 1167 2299 1218 6
2351 1165 2418 1219 ἐκ
2471 1166 2786 1239 σπέρματος
2841 1167 3003 1220 Δαυῖδ
3057 1168 3295 1237 γεγονὼς
3314 1210 3328 1235 ,
3362 1173 3390 1224 6
3438 1173 3578 1238 αὐτὸς
3611 1177 3653 1229 δὲ
3689 1180 3746 1231 τὸν

2273 1257 2538 1328 ’Ὕψιστον
2571 1258 2796 1330 θέμενος
2855 1259 3020 1313 αὐτοῦ
3073 1263 3428 1333 καταφυγὴν,
3467 1266 3650 1330 εἰκότως
3678 1270 3746 1322 ὑπὸ

2268 1349 2363 1403 τοῦ
2421 1347 2676 1419 Ὑψίστου
2727 1348 3084 1418 ἐφυλάττετο·
3141 1350 3221 1404 διὸ
3268 1353 3363 1405 καὶ
3407 1353 3540 1423 αὐτῷ
3589 1355 3744 1421 ἔλεγεν·

2283 1436 2674 1505 Ἀντιλήπτωρ
2720 1454 2840 1506 μου
2877 1431 2935 1490 εἷ
2970 1436 3068 1490 καὶ
3097 1436 3406 1507 καταφυγή
3433 1457 3558 1508 μου,
3595 1443 3620 1492 ό
3651 1439 3746 1505 Θεός

2263 1546 2424 1599 μου,
2478 1529 2579 1582 καὶ
2633 1527 2820 1582 ἐλπιῶ
2872 1528 2964 1581 ἐπ’
3023 1529 3228 1582 αὐτόν.
3290 1529 3456 1592 Αὐτὸς
3501 1531 3591 1601 γὰρ
3639 1529 3746 1583 25".)»:

2269 1622 2492 1695 ἐρρύετο
2521 1623 2585 1674 ἐκ
2640 1620 2864 1689 παγίδος
2927 1619 3235 1691 θηρευτῶν,
3265 1619 3360 1674 καὶ
3413 1621 3465 1672 ἐν
3507 1623 3598 1682 τοῖς
3636 1637 3747 1689 μετι-

2269 1716 2487 1787 φρένοις
2513 1714 2678 1767 αὑτοῦ
2706 1713 3033 1778 ἐπεσκίαζεν
3070 1713 3230 1768 αὐτόν
3249 1731 3264 1745 °
3308 1714 3441 1767 ἀλλὰ
3476 1714 3558 1767 καὶ
3584 1712 3745 1765 ἐκὺκλου

584 1790 767 1857 omnia
797 1791 1112 1846 Altissimus
1133 1791 1444 1861 praestabat,
1475 1799 1535 1844 ut
1569 1806 1636 1846 ne
1681 1791 1994 1846 turbaretur
2030 1808 2058 1846 a
2092 1793 2152 1846 ti-

2264 1807 2424 1860 αὑτὸν
2453 1805 2794 1877 περιϐάλλων
2827 1804 3085 1878 ἀληθείας
3115 1806 3284 1877 ὅπλῳ.
3314 1806 3422 1860 Καὶ
3451 1805 3600 1860 ταῦτα
3624 1806 3745 1858 πάντα

584 1897 738 1938 more
768 1890 1057 1944 nocturno,
1091 1882 1176 1935 vel
1209 1897 1240 1935 a
1285 1882 1482 1951 sagitta
1509 1883 1724 1937 volante
1768 1881 1824 1935 in
1857 1883 1965 1946 die,
2010 1892 2102 1937 aut
2129 1899 2159 1938 a

583 1974 802 2044 negotio
839 1972 1250 2043 perambulante
1279 1971 1335 2025 in
1369 1970 1608 2025 tenebris
1641 2008 1656 2033 ,
1709 1978 1801 2023 aut
1853 1985 1882 2024 a
1915 1972 2073 2025 ruina
2109 1979 2164 2025 et

583 2064 853 2118 daemonio
887 2061 1208 2117 meridiano.
1243 2060 1322 2114 Ad
1363 2061 1476 2116 hac
1508 2076 1637 2115 vero
1683 2061 2001 2117 Altissimus
2055 2077 2159 2115 au-

582 2153 804 2208 xiliatos
831 2152 879 2207 ei
907 2151 972 2206 de
998 2166 1106 2221 quo
1145 2149 1323 2221 agitur
1350 2165 1541 2204 omnes
1589 2149 1937 2203 inimicorum
1975 2158 2028 2204 et
2068 2149 2163 2202 ho-

583 2243 751 2297 stium
787 2241 907 2310 ejus
945 2241 1176 2296 virtutes
1220 2237 1288 2294 de
1339 2238 1520 2293 medio
1571 2238 1794 2292 tollebat
1845 2246 1899 2292 et
1929 2238 2160 2307 pedibus

582 2333 704 2403 ejus
726 2332 1074 2402 subjiciebat.
1110 2329 1290 2397 Quare
1325 2328 1529 2384 dictum
1560 2336 1666 2389 est,
1697 2329 1898 2384 Cadent
1923 2347 1955 2383 a
1996 2329 2161 2384 latere

583 2434 674 2478 tuo
710 2425 874 2489 mille,
897 2435 946 2476 et
984 2423 1158 2477 decem
1188 2421 1360 2476 millia
1397 2439 1428 2474 a
1477 2421 1680 2475 dextris
1707 2423 1834 2487 tuis,
1869 2423 1937 2476 ad
1978 2432 2025 2477 te
2062 2440 2158 2476 au-

583 2523 685 2570 tem
721 2533 822 2570 non
848 2513 1307 2584 appropinquabit.
1341 2513 1532 2583 Magna
1569 2513 1775 2583 itaque,
1805 2522 1863 2569 ut
1907 2515 2064 2579 dixi,
2101 2522 2158 2570 et

581 2605 821 2677 perfecta
850 2621 1013 2676 opera
1041 2605 1357 2660 Altissimus
1389 2605 1526 2674 ipse,
1557 2613 1857 2661 memorato
1881 2607 1998 2660 viro
2032 2606 2154 2677 epi-

580 2699 798 2764 tulans,
840 2698 1067 2763 edebat;
1109 2696 1320 2751 minora
1353 2704 1555 2761 autem,
1587 2704 1647 2750 ut
1678 2698 1802 2767 quis
1825 2698 2062 2765 dixerit,
2101 2706 2156 2754 et

580 2788 784 2844 leviora
816 2802 1204 2858 eorporeaque,
1246 2786 1454 2857 angelis
1485 2789 1832 2858 procuranda
1862 2789 2154 2844 demanda-

577 2883 689 2938 bat.
715 2881 840 2936 Ilaac
863 2897 1024 2951 porro
1046 2889 1202 2936 erant
1229 2897 1349 2950 quae
1369 2879 1435 2934 ad
1469 2881 1903 2949 tabernaculum,
1934 2882 2048 2938 sive
2079 2882 2153 2938 ad

577 2991 902 3046 corporeum
933 2975 1359 3030 instrumentum
1405 2979 1569 3044 atque
1601 2973 1668 3028 ad
1715 2973 1888 3044 ipsam
1931 2989 2151 3030 carnem

575 3064 950 3136 pertinebant;
981 3070 1035 3118 et
1075 3063 1209 3124 haec.
1243 3070 1429 3132 utpote
1460 3078 1581 3132 qua:
1609 3063 1845 3126 modica,
1868 3070 2030 3133 atque
2057 3079 2148 3119 su-

2266 1900 2524 1969 παρεῖχεν
2555 1895 2705 1968 αὐτῷ
2729 1895 3020 1965 ’Υψιστος,
3054 1898 3202 1960 ὅπως
3246 1897 3322 1968 μὴ
3356 1897 3647 1967 ταράττηται
3675 1896 3745 1948 ἀπὺ

2263 1989 2427 2059 φόϐου
2458 2005 2796 2060 νυκτερινου,
2831 1989 2968 2059 μήτε
3002 1984 3110 2041 ἀπὸ
3145 1986 3333 2057 βέλους
3369 1985 3630 2056 πετομένου
3650 1986 3743 2054 ἡμέ-

2264 2092 2383 2146 ρας,
2422 2074 2554 2146 μηδέ
2577 2073 2686 2128 ἀπὸ
2711 2075 3038 2146 πράγματος
3061 2077 3120 2128 ἐν
3155 2075 3338 2128 σκότει
3359 2073 3743 2145 διαπορευομένου,

2263 2163 2399 2236 μηδέ
2420 2163 2528 2216 ἀπὸ
2562 2164 2966 2236 συμπτώματος
3005 2166 3098 2220 καὶ
3132 2165 3407 2237 δαιμονίου
3437 2164 3742 2238 μεσημϐρινοῦ.

2263 2255 2384 2308 Ἔτι
2415 2254 2472 2308 δέ
2498 2254 2634 2326 πρὸς
2665 2255 2874 2319 τούτοις
2905 2256 3068 2320 αὐτὸς
3098 2259 3127 2311 6
3156 2257 3420 2326 ’Υψιστος
3451 2253 3744 2326 συνεργῶντῷ

2258 2347 2387 2417 περὶ
2418 2339 2477 2401 οὗ
2504 2348 2532 2401 6
2563 2345 2742 2415 λόγος,
2781 2348 2962 2412 πάσας
2990 2349 3089 2412 τὰς
3123 2347 3232 2401 τῶν
3280 2347 3486 2418 ἐχθρῶν
3529 2344 3659 2400 αὑτοῦ
3683 2343 3743 2396 καὶ

2258 2438 2534 2509 πολεμίων
2583 2439 2843 2511 δυνάμεις
2886 2438 3114 2512 καθῄρει
3156 2441 3252 2494 καὶ
3300 2441 3415 2494 ’ὑπὸ
3453 2439 3597 2502 πόδας
3632 2437 3741 2490 αὑτοῦ

2257 2529 2577 2584 κατέϐαλλε.
2605 2529 2696 2584 Διὸ
2729 2531 2972 2600 ἐλέγετοο
3021 2533 3301 2586 Πεσεῖται
3340 2533 3406 2585 ἐκ
3439 2531 3536 2584 τοῦ
3569 2529 3742 2592 κλίτους

2255 2636 2373 2675 σου
2414 2622 2612 2690 χιλιὰς
2642 2623 2740 2676 καὶ
2789 2622 3011 2692 μυριὰς
3041 2622 3108 2676 ἐκ
3136 2621 3356 2687 δεξιῶν
3389 2639 3526 2686 σου,
3555 2621 3669 2687 πρὸς
3693 2617 3742 2671 σὲ

2255 2711 2324 2765 δὲ
2349 2715 2458 2766 οὐκ
2484 2713 2683 2783 ἐγγιεῖ.
2729 2714 2809 2768 Τὰ
2863 2715 2960 2785 μὲν
2985 2709 3106 2778 οὖν,
3139 2713 3214 2777 ὼς
3262 2713 3400 2784 ἔφην
3419 2753 3433 2776 ,
3483 2711 3653 2784 μεγάλε
3683 2708 3741 2760 καὶ

2255 2805 2442 2876 ἐντελῆ
2475 2806 2870 2878 κατορθώματα
2891 2807 2920 2860 6
2948 2807 3209 2876 Ὕψιστος
3238 2799 3427 2870 ἀὐτὸς
3446 2803 3670 2875 συνεργῶν
3689 2799 3740 2868 τῷ

2253 2897 2563 2970 δηλουμένῳ
2617 2897 2879 2966 ἐξετέλει·
2906 2898 2976 2953 τά
3005 2899 3080 2964 δὲ,
3118 2900 3193 2964 ὡς
3241 2900 3311 2954 ἂν
3344 2899 3480 2953 εἴποι
3503 2914 3590 2961 τις,
3626 2892 3740 2946 lassi

2253 2991 2348 3045 καὶ
2418 2988 2849 3062 σωματικὼτερα
2900 2991 3152 3060 ἀγγέλοις
3225 2991 3571 3045 διακονεῖσθαι
3627 3002 3739 3057 πρισ-

2253 3079 2460 3134 έταττε.
2505 3079 2689 3133 Ταῦτα
2717 3079 2774 3134 δέ
2820 3075 2888 3151 ἦν
2925 3080 2993 3133 τά
3041 3081 3171 3152 περὶ
3213 3081 3276 3134 τὺ
3330 3086 3571 3152 σκήνωμα
3609 3074 3736 3132 αὐτώ,

574 3163 761 3236 perius
790 3162 1104 3216 ruernoratis
1149 3161 1382 3221 collata,
1436 3161 1560 3214 vilia
1606 3170 1825 3220 essent.
1883 3160 2150 3233 ministris

2252 3169 2452 3242 δηλαδὴ
2484 3172 2546 3224 τὸ
2578 3150 2884 3242 σωματικδν
2922 3150 3178 3244 ὄργανον,
3214 3173 3313 3225 καὶ
3362 3150 3430 3226 τά
3478 3171 3588 3242 περὶ
3624 3167 3738 3235 αὐτὴν

573 3257 783 3330 angelis
813 3255 878 3308 ad
912 3253 1218 3308 custodiam
1243 3254 1733 3320 concredebantur,
1771 3268 1838 3309 ne
1878 3253 2009 3323 quid
2054 3269 2151 3308 no-

573 3353 816 3408 cumenti
877 3351 1094 3420 corpori
1141 3351 1261 3422 ejus
1307 3351 1602 3406 inferretur
1631 3392 1647 3415 ,
1703 3368 1838 3407 neve
1879 3351 2151 3424 ﬂagellum

571 3443 887 3514 quodpiam,
910 3457 1018 3494 non
1044 3441 1168 3512 ipsi,
1190 3440 1284 3496 sed
1316 3442 1664 3498 tabernaculo
1711 3442 1832 3511 ejus
1854 3441 2152 3496 .incutere-

570 3541 664 3588 tur
698 3553 712 3589 :
745 3550 869 3587 nam
904 3533 1007 3604 ipsi
1063 3549 1241 3602 neque
1296 3532 1464 3588 millia
1491 3573 1506 3598 ,
1540 3549 1718 3605 neque
1761 3533 1946 3590 decem
1981 3535 2149 3588 millia

570 3633 935 3703 maligiarum
1001 3633 1263 3686 virtutum
1340 3633 1781 3703 appropinquare
1853 3631 2146 3686 audebant.

568 3725 737 3781 Carni
771 3741 898 3780 vero
921 3734 972 3780 et
1001 3723 1216 3794 corpori
1237 3722 1377 3792 ejus,
1411 3724 1505 3793 qui
1550 3723 1605 3777 in
1641 3723 1924 3794 prophetia
1953 3723 2147 3786 fertur,

569 3818 748 3888 angeli
781 3817 1167 3872 ministrabant
1202 3815 1285 3869 vel
1318 3814 1374 3868 in
1418 3814 1660 3870 minimis
1708 3823 1763 3869 et
1814 3815 2098 3870 vilissimis
2129 3836 2141 3871 :

567 3908 715 3978 quod
739 3923 868 3964 sane
889 3907 975 3962 his
1006 3905 1316 3961 declaratur
1341 3945 1356 3971 ,
1409 3903 1493 3960 Ne
1535 3905 1771 3975 offendas
1802 3905 1871 3982 ad
1919 3905 2148 3975 lapidem

566 4001 749 4072 pedem
786 4009 952 4054 tuum.
987 3999 1082 4056 llis
1113 3999 1312 4069 quippe
1353 3998 1584 4052 indicari
1619 3997 1857 4053 arbitror
1890 4037 1906 4062 ,
1956 3999 2037 4052 vel
2092 3999 2146 4053 in

568 4092 811 4148 minimis
855 4099 909 4146 et
940 4091 1092 4160 parvi
1115 4090 1373 4144 momenti
1405 4090 1570 4144 rebus
1597 4103 1717 4160 qua:
1751 4089 1969 4158 corpori
1999 4091 2145 4143 acci-

567 4182 698 4237 dere
731 4182 996 4246 solebant,
1033 4182 1254 4251 angelos
1316 4179 1422 4249 ipsi
1461 4179 1823 4234 ministrasse.
1869 4177 1926 4232 ln
1965 4177 2148 4234 Evan-

565 4275 724 4348 geliis
755 4288 916 4343 porro
970 4273 1074 4326 hoc
1109 4272 1177 4326 de
1209 4270 1489 4325 Salvatore
1524 4271 1896 4325 testimonium
1947 4269 2144 4341 depre-

566 4367 812 4433 hendas;
847 4365 1061 4420 Marcus
1092 4364 1238 4419 enim
1280 4363 1504 4432 scripsit
1534 4370 1779 4432 tempore
1824 4363 2142 4418 tentationis

2252 3262 2353 3332 τὴν
2409 3261 2620 3333 σάρκα,
2657 3261 2694 3316 ὃ,
2750 3261 2814 3334 δὴ
2859 3263 2936 3326 ὡς
2984 3264 3192 3334 σμικρὰ
3242 3265 3341 3318 καὶ
3372 3260 3632 3334 παραθέσει

2252 3352 2558 3424 ἔμπροσθεν
2627 3353 3132 3424 κατωνομασμένων
3209 3355 3444 3426 εὐτελῆ,
3518 3349 3737 3423 ὑπηρέταις

2252 3445 2500 3513 ἀγγέλοις
2528 3444 2842 3517 παρεδίδοτο
2881 3446 2960 3508 είς
3011 3445 3070 3498 τὸ
3104 3444 3414 3514 φυλάττειν,
3447 3446 3514 3516 μή
3553 3461 3596 3495 τι
3626 3454 3738 3492 naxo-

2252 3535 2404 3588 ποιὸν
2444 3536 2660 3590 ἐπέλθοι
2710 3536 2788 3608 τῷ
2825 3535 3035 3607 σώματι
3085 3536 3284 3603 αὐτοῦ,
3335 3538 3462 3609 μηδέ
3499 3553 3575 3606 ,τις
3601 3528 3738 3605 μάστιξ

2250 3627 2628 3700 ἐγχρίμψειεν,
2664 3628 2765 3682 οὐκ
2790 3627 2956 3698 αὐτῷ,
2992 3627 3128 3682 ἀλλὰ
3173 3627 3252 3699 τῷ
3289 3627 3581 3700 σκηνώματι
3601 3619 3734 3677 αὐτοῦ’

2249 3718 2397 3790 αὐτῷ
2431 3721 2540 3790 γὰρ
2569 3718 2692 3773 οὗτε
2745 3720 3013 3792 χιλιάδες,
3060 3720 3184 3774 οὔτε
3224 3720 3479 3794 μυριάδες
3530 3717 3738 3784 δυνάμεων

2248 3810 2501 3881 πονηρῶν
2536 3811 2852 3881 πλησιάζειν
2866 3811 3127 3882 ἐτόλμων.
3143 3811 3496 3884 Διηκονοῦντο
3513 3808 3562 3861 δὲ
3584 3802 3736 3872 ἄγγελοι

2247 3904 2314 3973 τῇ
2349 3905 2512 3972 σαρκὶ
2537 3901 2629 3955 τοῦ
2676 3905 3152 3974 προφητευομένου
3193 3903 3290 3956 καὶ
3333 3902 3411 3973 τῷ
3447 3901 3651 3969 σώματι,
3677 3891 3736 3944 καὶ

2251 3991 2413 4064 μέχρι
2453 3991 2546 4044 τοῦ
2592 3991 2952 4061 σμικροτάτου
2995 3993 3088 4045 καὶ
3117 3991 3493 4045 εὐτελεστάτου
3512 4005 3524 4018 ο
3553 3986 3577 4038 δ
3606 3983 3653 4053 δὴ
3675 3981 3736 4032 καὶ

2247 4084 2573 4155 παρίστησιν
2601 4085 2630 4136 6
2662 4083 2817 4152 λόγος
2847 4084 3068 4153 φάσκων
3087 4100 3102 4114 ⁸
3129 4085 3324 4151 Ὅπως
3344 4083 3427 4154 μὴ
3458 4079 3737 4150 προσκόψῃς

2248 4173 2397 4242 πρὸς
2451 4176 2626 4229 λίθον
2653 4174 2759 4228 τὸν
2798 4175 2955 4229 πόδα
2991 4192 3127 4230 σου.
3184 4176 3479 4246 Σημαίνειν
3519 4171 3609 4242 γὰρ
3633 4164 3735 4235 οἷμίι

2244 4265 2332 4319 διὰ
2357 4266 2547 4319 τούτου
2573 4265 2631 4319 τὸ
2655 4266 2748 4319 καὶ
2781 4266 2940 4337 μέχρι
2967 4265 3061 4319 τοῦ
3088 4267 3342 4336 τυχόντος
3365 4267 3454 4320 καὶ
3476 4259 3734 4336 βραχυτάτου

2244 4357 2567 4428 συμϐαίνειν
2600 4357 2790 4421 εἰωθὸς
2822 4357 2948 4429 περὶ
2987 4356 3080 4410 τοῦ
3113 4357 3365 4428 σώματος
3402 4356 3630 4426 ἀγγέλους
3657 4349 3734 4400 6t:-

565 4456 904 4513 Salvatorem
961 4470 1082 4510 eum
1143 4453 1272 4509 feris
1331 4453 1522 4517 fuisse,
1558 4461 1611 4507 et
1643 4453 1864 4523 angelos
1897 4453 1946 4507 ei
1983 4453 2144 4506 ruini-

2247 4450 2522 4503 κονεῖσθαι
2564 4449 2731 4520 αὐτῷ.
2775 4451 2959 4520 Ἔχεις
3005 4449 3062 4503 δὲ
3107 4450 3202 4503 καὶ
3244 4451 3304 4503 ἐν
3334 4445 3644 4517 Εὑαγγελίοις

550 4560 776 4608 .strasse
804 4549 883 4614 '°;
917 4545 1202 4601 Matthazus
1239 4560 1367 4599 vero
1399 4545 1634 4614 idipsum
1670 4553 1885 4614 tempus
1931 4543 2141 4614 signifi-

562 4657 697 4698 cans
726 4641 802 4695 ait
830 4659 843 4694 :
880 4638 1024 4693 Tum:
1045 4637 1264 4690 dimittit
1299 4653 1417 4690 eum
1447 4634 1690 4689 diabolus
1708 4673 1723 4699 ,
1751 4643 1799 4688 et
1826 4651 1939 4688 ecce
1968 4635 2141 4705 angeli

566 4739 897 4786 accesserunt
925 4739 972 4784 et
1002 4728 1378 4784 ministrabant
1408 4725 1456 4780 ei
1481 4728 1548 4778 θ’.
1581 4723 1724 4780 Sane
1768 4724 1913 4794 quod
1965 4725 2142 4795 angeli

568 4825 671 4894 ipsi
706 4822 1175 4885 ministraverint,
1228 4819 1574 4891 evangelista:
1624 4817 1937 4882 declarant;
1997 4816 2140 4888 quod

565 4923 745 4968 autem
783 4915 1068 4968 ministerii
1092 4929 1260 4984 genus
1315 4912 1418 4983 ipsi
1469 4908 1838 4981 przestiterint,
1874 4924 1981 4963 non
2035 4923 2140 4964 me-

563 5012 846 5059 moraruut
881 5006 995 5058 illi:
1031 5005 1125 5058 sed
1171 5005 1225 5059 id
1282 5018 1525 5075 praesens
1578 5001 1860 5071 prophetia
1918 5000 2134 5064 docuit,

564 5098 816 5154 videlicet
846 5097 993 5153 circa
1020 5112 1282 5168 corporea
1315 5108 1370 5154 et
1401 5097 1623 5151 minima
1661 5109 1850 5150 eorum
1890 5093 2139 5149 ministe-

564 5193 705 5246 rium
736 5191 926 5246 fuisse.
970 5189 1106 5244 Nam
1139 5190 1260 5259 ejus
1293 5191 1704 5245 tabernaculum
1733 5187 2137 5254 custodiebant,

565 5299 634 5338 ne
659 5282 928 5354 flagellum
976 5281 1081 5352 ipsi
1128 5283 1622 5352 appropinquaret;
1663 5279 1785 5349 ejus
1831 5285 2008 5333 autem
2040 5295 2136 5349 pe-

564 5375 660 5430 des
686 5375 1023 5441 tutabantur,
1049 5383 1107 5428 ut
1131 5390 1200 5428 ne
1228 5374 1310 5428 vel
1335 5373 1390 5425 in
1420 5371 1644 5426 minimo
1670 5386 1733 5425 ac
1749 5370 2027 5425 levissimo
2053 5369 2136 5424 of-

568 5468 870 5524 fenderent.

2244 4543 2336 4597 τοῦ
2369 4544 2620 4616 Σωτῆρος
2662 4543 2825 4598 αὑτοῦ
2865 4542 3066 4614 ταύτην
3104 4542 3202 4614 τὴν
3251 4543 3558 4615 μαρτυρίαν.
3594 4538 3638 4590 '0
3669 4532 3736 4602 μὲν

2244 4637 2354 4708 γὰρ
2386 4637 2611 4708 Μάρκος
2657 4635 2930 4708 ἀνέγραψε
2979 4635 3119 4690 κατά
3147 4635 3240 4689 τὸν
3280 4635 3465 4708 καιρὸν
3494 4630 3575 4686 τοῦ
3601 4639 3735 4694 πειρα-

2247 4727 2384 4798 σμοῦ
2419 4728 2514 4780 τοῦ
2547 4728 2816 4800 Σωτῆρος,
2845 4729 2920 4793 ὡς
2942 4729 3048 4801 ἄρα
3068 4723 3136 4800 ἦν
3165 4728 3302 4800 μετὰ
3322 4729 3428 4782 τῶν
3450 4725 3640 4797 θηρίων,
3671 4715 3735 4770 καὶ

2245 4819 2293 4871 οἶ
2334 4817 2556 4886 ἄγγελοι
2605 4819 2884 4890 διηκόνουν
2934 4818 3112 4890 αὐτῷ’
3152 4822 3180 4874 6
3208 4819 3474 4880 Ματθαῖος
3523 4812 3651 4866 πάλιν
3675 4805 3735 4858 τὸν

2245 4910 2405 4964 αὐτὸν
2432 4911 2621 4982 καιρὸν
2671 4911 3148 4982 ἐπισημηνάμνός
3173 4927 3338 4982 φησι·
3395 4910 3520 4964 Τότε
3546 4902 3736 4971 ἀφίησιν

2243 5001 2429 5056 αὑτὸν
2468 5005 2500 5057 ό
2529 5003 2836 5072 διάϐολος,
2887 5004 2986 5058 καὶ
3022 5003 3150 5058 ἰδοὺ
3195 5003 3432 5074 ἄγγελοι
3459 4992 3736 5067 προσῆλθον

2244 5097 2342 5151 καὶ
2375 5097 2698 5165 διηκόνουν
2728 5098 2907 5163 αὐτῷ.
2926 5098 3083 5153 Ἀλλά
3124 5099 3205 5152 ὅτι
3250 5098 3348 5168 μὲν
3374 5096 3422 5149 οἱ
3447 5087 3632 5159 ἄγγελοι
3652 5080 3733 5147 διη-

2244 5187 2430 5240 κόνουν
2452 5188 2621 5259 αὐτῷ,
2648 5188 2854 5254 ἔδειξαν
2879 5190 2929 5244 οί
2964 5187 3344 5258 εὐαγγελισταί
3363 5203 3377 5217 ⁶
3409 5183 3550 5242 ποίας
3575 5176 3621 5228 δὲ
3648 5170 3732 5222 δια·

2243 5279 2426 5343 κονίας
2454 5279 2601 5352 αὐτῷ
2635 5284 2912 5354 παρεῖχον,
2949 5273 3094 5335 οὗτοι
3131 5280 3228 5351 μὲν
3251 5278 3348 5332 οὐκ
3365 5266 3729 5354 ἐμνημόνευσανς

2245 5373 2279 5442 ἡ
2309 5371 2364 5424 δὲ
2398 5345 2732 5446 προκειμένη
2783 5345 3088 5447 ⁵πλε-ροιρηιιτεία
3123 5345 3490 5435 ἐδίδαξενξότι
3531 5359 3612 5429 τὴν
3640 5345 3730 5447 περὶ

2243 5438 2312 5516 ’τνά
2338 5438 2620 5536 σωματικά
2654 5438 2747 5522 καλ
2780 5438 2985 5538 σμικρά
3011 5465 3302 5522 διακονίαν.
3347 5457 3632 5529 Ἐφύλαττον
3652 5438 3729 5509 γὰρ

569 5560 734 5614 αὑτοῦ
755 5559 816 5613 τὸ
840 5561 1125 5632 σκήνωμα,
1145 5559 1291 5620 ὅπως
1324 5555 1400 5627 μὴ
1436 5553 1800 5625 μάστιξαύτῴ
1825 5551 2128 5624 πλησιάσῃ·
2170 5554 2467 5625 ἐφρούρουν
2498 5557 2554 5610 δέ
2584 5557 2748 5612 αὑτοῦ
2775 5559 2870 5613 καὶ
2897 5559 3022 5624 τοὺς
3053 5558 3238 5622 πόδας,
3271 5555 3344 5620 ὼς
3369 5553 3432 5608 ἄν
3490 5545 3554 5617 μὴ
3607 5541 3730 5604 “Pw

571 5656 791 5726 κόψειαν
822 5655 984 5726 μέχρι
1011 5655 1104 5707 τοῦ
1136 5653 1496 5726 σμικροτάτου
1532 5651 1625 5703 καὶ⁵
1654 5650 2058 5707 εὐτελεστάτου.

639 5774 685 5808 ’⁸
726 5774 891 5828 Marc.
930 5789 979 5834 ι.
1013 5775 1100 5830 l5.
1176 5777 1218 5808 ⁹¹
1267 5773 1458 5830 Matth.
1496 5787 1548 5826 tv
1577 5809 1593 5834 ,
1635 5771 1720 5824 ll.
