3974 6520
232 327 356 375 libi

1345 328 1671 381 LUMMEN'!
1684 329 1850 381 ΑιιιΑ
1890 329 1951 380 IN
1996 328 2338 383 l’SALMOS.

3297 330 3463 411 ‘HG!

293 434 401 487 Καὶ
451 436 621 489 ταῦτα
654 438 751 507 μὲν
803 439 923 491 κατ⁴
956 436 1125 508 αὐτὴν
1178 436 1273 507 τὴν
1329 438 1506 504 λέξιν*
1557 439 1692 509 πρὸς
1738 438 1793 491 δὲ

1967 438 2031 493 Ει
2058 440 2172 493 haec
2198 441 2415 510 quidem
2451 430 2750 496 secundum
2798 441 2996 495 nudam
3037 440 3321 495 lectionem
3358 460 3371 494 :
3411 454 3465 495 at

226 528 457 580 διάνοιαν
488 528 844 600 ὲπισκήνωμα
876 528 970 581 τοῦ
989 529 1237 599 Σωτῆρος
1267 528 1473 599 ἡμῶνή
1504 530 1796 599 Ἐκκλησία

222 615 387 669 αὑτοῦ
434 616 811 671 ἀποδέδεικται
839 636 853 648 ·
910 618 1046 672 ἀλλὰ
1088 619 1181 671 καὶ
1212 618 1370 689 σῶμα
1413 617 1578 671 αὑτοῦ
1612 620 1641 671 6
1671 618 1795 681 λαὸς

223 706 385 760 αὑτοῦ
410 706 549 760 κατὰ
573 707 663 761 τὸν
700 711 944 779 φήσαντα
969 709 1287 761 Ἀπόστολον
1303 725 1315 738 ·
1351 708 1534 777 Ὑμεῖς
1554 709 1629 763 δέ
1656 710 1796 763 ἐστε

222 797 394 867 σῶμα
416 799 702 867 Χριστοῦ,
736 802 835 854 καὶ
863 800 1018 869 μέλη
1048 800 1115 852 ἐκ
1154 799 1394 868 μέρους.
1443 795 1568 852 Εἶεν
1597 800 1662 852 ἂν
1690 799 1795 853 τῶν

223 885 404 955 μελῶν
434 888 482 938 οἱ
524 885 623 957 μὲν
652 887 937 958 όφθαλμοὶζ
956 887 1051 941 τοῦ
1085 887 1323 958 Χριστοῦ
1358 888 1626 959 σώματος,
1658 892 1705 942 οί
1728 890 1793 945 δὲ

217 977 312 1029 καὶ
329 969 465 1039 ὦτα,
496 978 546 1029 οί
568 978 624 1031 δὲ
653 979 749 1031 καὶ
773 982 953 1051 χεῖρες
975 995 991 1010 ⁶
1019 980 1159 1032 κατὰ
1182 980 1352 1033 ταῦτα
1375 982 1553 1035 τοίνυν
1581 982 1795 1037 ἔσονται

214 1066 381 1120 αὐτοῦ
408 1068 502 1120 καὶ
530 1069 688 1132 πόδες
708 1070 907 1141 ἕτεροι,
938 1071 1069 1142 περὶ
1098 1064 1174 1125 ὧν
1198 1072 1415 1144 εἴρηται
1434 1090 1448 1105 ο
1485 1075 1580 1140 Ὡς
1594 1075 1795 1142 ὡραῖοι

214 1162 267 1211 οἱ
303 1160 485 1225 πόδες
524 1158 645 1213 τῶν
673 1159 1212 1232 εὐαγγελιζομένων
1239 1164 1429 1233 ἀγαθά
1444 1165 1467 1218 .’
1492 1166 1705 1219 Τούτων
1730 1164 1794 1238 δὴ

211 1239 307 1297 οῦν
333 1244 441 1298 τῶν
463 1246 661 1313 ποδῶν,
689 1248 837 1311 ὅπως
868 1249 940 1321 μή
965 1267 1048 1314 τις
1068 1251 1351 1323 προσκόψῃ
1378 1253 1512 1325 πρὸς
1536 1254 1681 1308 λίθον
1703 1256 1791 1307 τὸν

213 1337 375 1400 πόδα,
410 1337 543 1409 μηδὲ
577 1338 994 1410 σκανδαλίζηται
1028 1343 1085 1395 ὲν
1111 1341 1191 1413 τῷ
1238 1342 1443 1415 δρόμῳ,
1485 1345 1702 1416 ὁμαλῶς
1732 1363 1791 1399 τε

211 1427 311 1480 καὶ
329 1426 623 1493 ἀκωλύτως
651 1430 908 1504 διατρέχη
936 1431 1034 1503 τὴν
1067 1432 1161 1487 τοῦ
1184 1434 1515 1503 Εὐαγγελίου
1547 1436 1789 1507 πορείαν,

209 1517 434 1586 ἄγγελοι
499 1520 856 1576 καθέστανται
910 1524 1272 1597 φρουροῦντες
1317 1526 1409 1579 τοῦ
1464 1528 1792 1599 δηλωθέντος

213 1610 569 1681 σκηνώματος
595 1611 852 1680 φύλακες.
873 1615 1042 1668 Πάλιν
1064 1615 1241 1688 ἕτεροι
1265 1616 1485 1685 ἄγγελοι
1512 1620 1560 1672 οἱ
1579 1621 1679 1683 τὰς
1701 1621 1788 1673 ὲκ-

208 1700 443 1771 κλησίας
474 1702 566 1756 τοῦ
607 1704 844 1777 Χριστοῦ
877 1704 978 1769 τὰς
1003 1707 1318 1778 ἁπανταχοῦ
1352 1710 1455 1779 γῆς
1487 1710 1791 1781 ὶδρυθείσας

202 1772 869 1864 πεπιστευμένοιίΤαῦτα
895 1796 952 1848 δὲ
980 1798 1053 1868 μὴ
1084 1772 1283 1862 συνιείς
1306 1802 1334 1853 6
1363 1772 1637 1865 διάϐολος·
1674 1772 1790 1867 πῶς
1823 1772 1864 1831 Β

199 1880 321 1953 γὰρ
349 1882 382 1953 ἢ
412 1883 573 1938 πόθεν
602 1885 750 1957 αὐτῷ
773 1886 868 1940 τοῦ
899 1888 1040 1961 θείου
1065 1889 1381 1961 Πνεύματος
1411 1894 1649 1948 συνιέναι
1676 1913 1790 1965 φω-

198 1975 307 2036 νάς
331 1990 345 2038 ;
374 1976 432 2027 ἐν
462 1974 541 2046 τῷ
571 1978 852 2049 πειράζειν
880 1980 971 2033 τὸν
1015 1981 1263 2053 Σωτῆρα,
1288 1985 1371 2046 εἰς
1412 1985 1472 2037 τὸ
1500 1986 1792 2058 πτερύγιον

196 2062 374 2115 αὐτὸν
402 2063 493 2116 τοῦ
517 2064 661 2136 ἱεροῦ
687 2066 999 2136 ἀναγαγὼν,
1024 2064 1144 2122 εἷπε
1171 2070 1307 2141 πρὸς
1332 2073 1523 2127 αὐτόν·
1554 2078 1625 2143 El
1664 2078 1793 2142 Υἱὸς

193 2147 270 2206 εἷ
294 2153 401 2207 τοῦ
430 2156 598 2222 Θεοῦ,
626 2157 785 2221 ,βάλε
814 2159 1078 2214 σεαυτὸν
1098 2161 1273 2217 κάτω.
1305 2166 1636 2235 Γέῃοαπται
1660 2169 1789 2238 γὰρ,

192 2241 299 2296 ὅτι
321 2244 445 2310 τοῖς
483 2248 760 2317 ἀγγέλοις
789 2253 977 2307 αὐτοῦ
1008 2253 1333 2309 ἐντελεῖται
1363 2259 1495 2325 περὶ
1523 2260 1660 2324 σοῦ,
1693 2261 1793 2315 καὶ

193 2333 310 2387 ἐπὶ
345 2336 559 2404 χειρῶν
590 2340 811 2407 ἀροῦσι
845 2356 938 2407 σε,
972 2342 1207 2411 μήποτε
1247 2350 1607 2419 προσκόψῃς
1644 2352 1793 2419 πρὸς

192 2423 387 2477 ,λίθον
419 2424 526 2481 τὸν
566 2428 723 2482 πόδα
761 2445 898 2485 σου.
949 2435 1181 2490 Συνιδὼν
1224 2438 1333 2509 γὰρ
1379 2437 1561 2508 ἔργοις
1611 2441 1792 2504 αὐτοῖς

193 2518 288 2579 εἰς
320 2516 410 2569 τὸν
444 2518 669 2591 Σωτῆρα
701 2524 1143 2597 πεπληρωμένην
1174 2530 1274 2600 τὴν
1315 2532 1372 2584 ὲν
1414 2533 1527 2595 τοῖς
1571 2550 1791 2602 προκει-

203 2607 395 2677 μένοις
440 2611 796 2681 προφητείαν,
828 2614 970 2686 ὁρῶν
997 2634 1058 2670 τε
1090 2618 1238 2686 ξένον
1270 2620 1449 2692 θέαμα
1494 2625 1552 2675 ἐν
1587 2622 1791 2696 ἀνθρώ-

199 2714 314 2752 που
348 2700 526 2770 φύσει,
562 2702 636 2768 ὡς
657 2705 850 2758 ’τᾶσαν
887 2708 1052 2761 αὐτοῦ
1083 2711 1183 2783 τὴν
1229 2714 1517 2783 στρατείαν
1548 2714 1790 2788 καθῃρῆ·
1825 2735 1829 2739 ·

202 2789 355 2855 σθαι,
382 2794 474 2845 καὶ
502 2793 683 2858 πάσας
710 2797 878 2850 αὐτοῦ
912 2802 1224 2872 νενικῆσθαι
1246 2804 1345 2866 τὰς
1377 2805 1654 2875 δυνάμεις,
1686 2806 1791 2858 ὑπὸ

196 2881 304 2936 τοῦ
350 2885 700 2955 φαινομένου,
740 2888 985 2958 χιλιάδας
1029 2910 1089 2945 τε
1128 2893 1350 2967 ἀθρόας,
1398 2897 1492 2949 καὶ
1528 2897 1791 2968 μυριάδας

195 2974 597 3048 ἀπέμπροσθεν
623 2979 789 3033 αὐτοῦ
816 2982 1141 3046 πιπτούσας,
1169 2986 1327 3037 αὐτόν
1352 3003 1412 3039 τε
1445 2986 1672 3058 ἀτρεμεὶ
1698 2988 1791 3040 καὶ

198 3066 663 3137 ἁπαραποδίστως
705 3072 791 3124 ἐπ’
828 3072 1030 3127 ἀσπίδα
1071 3075 1166 3129 καὶ
1220 3074 1531 3146 βασιλίσκον
1580 3078 1792 3131 ἐπιϐαί-

196 3172 388 3219 νοντα,
418 3157 607 3213 λέοντά
632 3176 691 3213 τε
737 3162 831 3213 καὶ
871 3162 1161 3233 δράκοντα,
1195 3167 1296 3230 τὰς
1329 3168 1654 3240 ἀρχοντικὰς
1696 3170 1793 3223 αὺ-

195 3246 302 3300 τοῦ
330 3248 603 3320 δυνάμεις,
630 3254 1064 3321 καταπατοῦντα,
1090 3258 1182 3312 καὶ
1204 3258 1348 3311 τοῦτ’
1376 3259 1630 3331 ὲπείραζε
1654 3260 1794 3328 γνῶ-

201 3354 322 3404 ναι,
348 3341 419 3404 εί,
453 3341 643 3396 ἑαυτὸν
680 3344 789 3397 ἀπὸ
817 3344 910 3398 τοῦ
942 3346 1235 3416 πτερυγίου
1270 3346 1543 3419 ῥίψαντος,
1570 3347 1793 3415 ἄγγελοι

198 3430 599 3502 προσελθόντες
628 3434 790 3490 αὐτὸν
824 3434 1174 3505 βαστάσουσι.
1206 3438 1347 3509 Πρὸς
1386 3439 1590 3509 ταύτην
1624 3439 1790 3493 αὐτοῦ

194 3522 305 3593 τὴν
347 3522 601 3578 ὑπόνοιαν
629 3524 1021 3599 διεψευσμένην
1061 3527 1225 3583 οὖσαν
1257 3531 1285 3582 6
1326 3529 1516 3600 Σωτὴρ
1560 3531 1792 3600 ἀπεκρί-

195 3629 366 3667 νατοο
399 3614 759 3684 Γέγραπται,
789 3617 986 3687 λέγων,
1017 3621 1138 3673 Οὐκ
1170 3621 1549 3689 ἐκπειράσεις
1573 3623 1794 3689 Κύριον

194 3704 315 3758 τὸν
341 3705 489 3758 Θεόν
520 3721 657 3761 σου.
686 3708 759 3760 Τὸ
791 3709 900 3780 γὰρ
938 3710 1131 3765 ἑαυτὸν
1154 3712 1474 3783 κρημνίξειν
1504 3713 1599 3766 καὶ
1626 3731 1794 3766 κατα-

197 3795 425 3850 ϐάλλειν
455 3798 564 3852 ἀπὸ
608 3800 717 3856 τῶν
762 3802 1135 3872 ὑψηλοτάτων,
1170 3806 1266 3857 καὶ
1298 3804 1457 3858 τοῦτο
1503 3810 1677 3860 ποιεῖν
1707 3807 1793 3859 ἵνα

197 3884 339 3955 γνῷ.
364 3886 593 3958 πότερόν
637 3906 768 3943 ποτε
813 3891 1070 3962 βοηθείας
1106 3892 1357 3957 τεύξεται
1401 3894 1501 3964 τῆς
1552 3894 1640 3948 διὰ
1684 3896 1794 3948 τῶν

196 3976 475 4044 ἀγγέλων,
505 3978 538 4049 ἢ
575 3980 673 4051 μὴ,
730 4015 743 4033 .
764 3982 1071 4052 ειράξοντος
1097 3979 1166 4055 ἦν
1194 3984 1286 4038 τὸν
1320 3984 1453 4038 Θεόν
1472 4002 1485 4014 ·
1519 3985 1548 4038 ὃ
1579 3986 1642 4057 δὴ
1672 4004 1793 4040 πει-

201 4067 395 4140 ράζειν
444 4070 696 4126 ἐϐούλετο
731 4075 761 4126 6
790 4072 1089 4147 πειράζων.
1137 4076 1349 4130 Οίκεῖον
1387 4078 1496 4148 γὰρ
1548 4078 1696 4148 αὑτῴ
1726 4074 1794 4149 ἦν

199 4164 524 4235 πειράζοντι
544 4166 635 4219 τὸν
672 4166 922 4237 Σωτῆρα,
956 4167 1164 4221 καὶτὸν
1193 4168 1327 4221 Θεὸν
1355 4169 1633 4239 πειράζειν
1670 4170 1795 4223 τολ-

202 4258 338 4327 μᾷν.
385 4257 524 4310 Ἀλλ’
553 4259 651 4328 οὐχ
691 4260 720 4312 6
749 4260 941 4331 Σωτήρ
979 4276 1044 4328 γε
1088 4260 1413 4332 ἐπείραζεν·
1443 4258 1504 4314 εὖ
1539 4262 1648 4332 γὰρ
1680 4263 1795 4333 ᾔδει

200 4348 307 4402 καὶ
348 4349 612 4402 πέπειστο
662 4350 791 4421 περὶ
830 4351 928 4422 τῆς
967 4352 1061 4404 τοῦ
1107 4345 1321 4423 Πατρὸς
1367 4352 1649 4423 δυνάμεως
1694 4354 1794 4424 τῆς

1898 528 2233 599 intelligendi
2262 544 2425 599 more
2476 530 2888 584 tabernaculum
2946 528 3251 585 Servatoris
3290 533 3465 585 nostri

1897 616 2195 673 Ecclesium
2244 620 2363 688 ejus
2410 634 2532 675 esse
2580 629 3065 676 commonstratum
3105 629 3222 688 est;
3266 637 3467 692 corpus

1896 725 2023 766 vero
2055 712 2195 780 ejus,
2230 712 2465 781 populus
2495 712 2616 783 ejus
2656 722 2761 776 est,
2795 712 3094 767 secundum
3121 712 3466 781 Apostolum,

1894 799 1987 869 qui
2020 801 2095 854 ait
2127 820 2139 854 :
2170 800 2272 854 Vos
2309 808 2484 855 autem‘
2506 804 2630 856 estis
2659 819 2844 871 corpus
2884 802 3106 867 Christi,
3156 813 3206 855 et
3236 802 3470 857 membra

1892 906 1967 949 ex.
1982 901 2131 956 parte
2161 893 2227 946 ⁹².
2260 892 2339 947 Ex
2362 892 2623 948 membris
2649 902 2828 948 autem
2860 893 2953 946 alii
2982 892 3186 947 fuerint
3221 894 3471 964 corporis

1894 983 2096 1039 Christi
2121 985 2287 1048 oculi,
2324 985 2414 1039 alii
2443 1000 2626 1051 aures,
2665 986 2756 1039 alii
2792 1001 3021 1050 manus;
3053 986 3154 1041 hac
3178 1002 3343 1056 porro
3384 1003 3470 1043 ra-

1892 1076 2042 1129 tione
2076 1076 2167 1129 alii
2204 1077 2369 1155 pedes
2414 1077 2537 1146 ejus
2566 1085 2745 1142 erunt,
2775 1077 2842 1131 de
2874 1079 3073 1147 quibus
3108 1078 3313 1133 dictum
3341 1088 3465 1136 est:

1896 1167 2068 1233 Quam
2113 1170 2331 1236 speciosi
2376 1169 2529 1236 pedes
2586 1170 3057 1240 evangelizantium
3094 1170 3230 1225 bona
3258 1171 3341 1225 "3
3392 1170 3471 1228 Ne

1892 1257 2016 1326 quis
2046 1273 2173 1312 vero
2210 1258 2471 1313 horumce
2506 1260 2703 1327 pedum
2745 1259 2813 1313 ad
2869 1260 3106 1329 lapidem
3136 1260 3469 1329 offenderet,

1892 1363 2070 1416 neque
2102 1347 2158 1401 in
2185 1363 2349 1404 cursu
2379 1348 2736 1421 impingeret,
2792 1350 2886 1405 sed
2938 1350 3098 1420 plana
3129 1351 3216 1405 via
3247 1360 3301 1406 et
3351 1351 3473 1408 sine

1892 1436 2046 1491 obice
2076 1436 2178 1491 iter
2222 1436 2615 1506 evangelicum
2642 1445 2978 1506 permearet,
3035 1438 3213 1508 angeli
3262 1436 3471 1495 tutores

1893 1540 1957 1580 ac
2017 1524 2274 1581 custodes
2335 1524 2542 1596 praefati
2595 1527 2931 1581 tabernaculi
2982 1527 3264 1583 constituti
3317 1536 3467 1582 sunt.

1892 1616 2130 1673 Rursum
2201 1632 2331 1673 vero
2387 1624 2604 1673 exstant
2665 1618 2756 1671 alii
2814 1619 3038 1687 angeli,
3100 1618 3301 1688 quibus
3366 1616 3471 1670 Ec-

1893 1710 2070 1765 clesia:
2098 1707 2302 1763 Christi
2356 1708 2559 1778 ubique
2589 1715 2862 1762 terrarum
2900 1708 3159 1771 fundatze,
3187 1707 3472 1764 concredi—

1893 1804 1961 1853 ta:
1989 1803 2134 1850 sunt.
2170 1793 2325 1860 Quod
2358 1792 2482 1848 cum
2515 1809 2624 1847 non
2656 1794 2983 1864 intelligeret
3011 1792 3261 1847 diabolus
3288 1812 3300 1848 :
3332 1808 3471 1863 quo-

1893 1884 2055 1939 modo
2074 1884 2218 1939 enim
2247 1892 2340 1951 aut
2364 1883 2509 1938 unde
2535 1883 2704 1937 divini
2728 1882 2965 1953 Spiritus
2980 1898 3143 1938 voces
3170 1883 3471 1954 intelligere

1893 1977 2101 2047 possit?
2126 1992 2249 2033 cum
2275 1974 2613 2031 Salvatorem
2643 1982 2897 2040 tentaret,
2918 1977 3094 2046 ipsum
3113 1974 3179 2029 ad
3203 1976 3471 2045 pinnacu-

1894 2068 2006 2122 lum
2040 2068 2224 2137 templi
2257 2066 2480 2120 ductum
2511 2057 2591 2121 Sic
2618 2066 2994 2136 alloquebatur
3029 2085 3044 2120 :
3076 2064 3136 2119 Si
3166 2063 3343 2119 Filius
3372 2061 3470 2116 Dei

1890 2175 1971 2224 es,
2007 2160 2157 2213 mitte
2186 2151 2525 2215 te'deorsum;
2559 2154 2825 2224 Scriptum
2856 2165 2931 2210 est
2966 2158 3126 2219 enim,
3154 2142 3279 2224 quia
3311 2171 3471 2224 ange-

1896 2251 1962 2305 lis
1992 2253 2102 2305 suis
2136 2249 2408 2303 mandabit
2440 2247 2503 2301 de
2533 2258 2599 2312 te,
2623 2256 2674 2302 et
2707 2249 2761 2301 in
2802 2250 3046 2303 manibus
3086 2248 3267 2301 tollent
3298 2257 3365 2309 te,
3408 2264 3472 2300 ne

1892 2355 2124 2409 unquam
2170 2338 2410 2408 o/fendas
2453 2337 2522 2390 ad
2568 2336 2796 2405 lapidem
2851 2338 3031 2406 pedem
3076 2337 3306 2391 tuum”.
3332 2339 3469 2389 Nam

1892 2446 2016 2484 cum
2058 2445 2125 2485 ex
2156 2430 2291 2500 ipsis
2318 2429 2575 2498 operibus
2622 2429 2974 2498 perspiceret,
3010 2429 3352 2499 prophetiam
3383 2427 3470 2481 his

1892 2520 2073 2575 verbis
2106 2519 2362 2577 traditam
2420 2518 2477 2572 in
2529 2517 2812 2573 Salvatore
2866 2519 3100 2588 impleri,
3145 2533 3209 2572 ac
3242 2529 3472 2588 stupen-

1891 2612 2021 2666 dum
2069 2611 2126 2666 in
2172 2611 2412 2667 hominis
2444 2622 2639 2665 natura
2671 2611 3046 2680 spectaculum
3077 2621 3357 2677 cerneret;
3394 2611 3471 2663 ita

1890 2713 1953 2758 ut
1980 2704 2159 2758 omnis
2181 2705 2455 2760 exercitus
2488 2719 2623 2758 suus
2645 2703 2709 2758 de
2732 2703 2912 2758 medio
2951 2702 3221 2769 sublatus,
3250 2717 3470 2756 omnes-

1892 2811 1999 2864 que
2037 2796 2266 2850 virtutes
2304 2794 2417 2850 sUae
2461 2794 2530 2848 ab
2570 2809 2637 2849 eo
2675 2794 2768 2863 qui
2798 2801 3126 2864 apparuerat
3175 2802 3467 2863 superatae,

1892 2887 2059 2940 millia
2086 2901 2214 2941 vero
2234 2894 2289 2940 et
2310 2887 2498 2940 decem
2529 2886 2696 2939 millia
2728 2885 2783 2938 in
2815 2893 3111 2954 conspectu
3141 2885 3287 2940 illius
3314 2885 3469 2961 lapsa

1890 2987 2097 3042 essent,
2135 2978 2222 3032 ille
2254 2986 2435 3031 autem
2468 2977 2587 3031 sine
2616 2976 2906 3030 formidine
2927 2984 2979 3030 et
3002 2975 3157 3030 obice
3186 2990 3352 3045 super
3380 2990 3471 3029 as-

1892 3069 2073 3139 pidem
2112 3075 2167 3124 et
2211 3068 2527 3123 basiliscum
2562 3067 2883 3129 ambularet,
2918 3067 3127 3120 leonem
3162 3074 3217 3120 et
3265 3066 3469 3119 draco-

1895 3178 2035 3229 nem,
2071 3162 2347 3232 principes
2379 3162 2500 3232 ejus
2521 3162 2772 3225 virtutes,
2796 3159 3179 3225 conculcaret;
3210 3157 3315 3212 hoc
3340 3159 3468 3211 item

1892 3255 2125 3325 experiri
2162 3253 2395 3315 volebat,
2428 3268 2556 3306 num
2588 3252 2767 3321 ipsum
2794 3266 2860 3304 ex
2892 3249 3188 3319 pinnaculo
3218 3264 3276 3304 se
3301 3249 3471 3319 proji-

1894 3348 2150 3411 cientem,
2182 3346 2504 3400 accedentes
2530 3344 2705 3414 angeli
2744 3342 3008 3413 gestaturi
3034 3351 3236 3397 essent.
3268 3339 3471 3410 Hujus-

1893 3439 2040 3493 modi
2066 3437 2424 3508 itaquc‘l‘alsaa
2447 3437 2747 3506 suspicioni
2771 3438 2844 3488 ita
2870 3434 3155 3504 respondit
3177 3431 3468 3488 Servator:

1893 3532 2161 3601 Scriptum
2186 3541 2285 3595 est,
2318 3528 2442 3585 Non
2474 3528 2696 3584 lentabis
2734 3526 3014 3581 Dominum
3044 3524 3208 3580 Deum
3241 3534 3383 3577 tuum
3402 3526 3467 3575 ⁵⁵.

1894 3624 2028 3678 Nam
2062 3639 2097 3678 er
2122 3623 2341 3678 sublimi
2375 3637 2497 3677 sese
2525 3620 2865 3693 przecipitare
2911 3633 2977 3672 ac
3015 3617 3272 3690 dejicere,
3310 3616 3474 3684 idque

1895 3716 2080 3769 animo
2126 3712 2451 3783 experiundi
2504 3727 2571 3764 an
2602 3710 2921 3779 angelorum
2956 3708 3218 3761 auxilium
3255 3703 3473 3759 adfutu-

1894 3823 2015 3862 rum
2054 3817 2221 3871 esset,
2264 3819 2458 3869 necne,
2488 3804 2592 3856 hoc
2619 3817 2752 3857 sane
2781 3808 2992 3855 tentare
3036 3798 3203 3854 Deum
3236 3798 3429 3852 fuisset
3456 3816 3469 3851 :

1894 3898 2042 3970 quod
2080 3896 2316 3966 experiri
2367 3902 2607 3949 tentator
2637 3892 2880 3963 optabat.
2913 3889 3047 3944 Nam
3086 3889 3190 3960 ipsi
3219 3889 3473 3943 Salvato-

1895 4005 2011 4045 rem
2035 3991 2287 4050 tentanti,
2308 3986 2587 4057 proprium
2616 3992 2734 4039 erat
2756 3984 2838 4039 vel
2860 3984 3039 4054 ipsum
3056 3980 3236 4053 ‘Deum
3264 3987 3477 4035 tentare

1897 4083 2117 4137 audere.
2154 4080 2223 4134 At
2253 4078 2512 4134 Servator
2536 4085 2745 4131 tentare
2783 4076 2959 4130 noluit
2994 4094 3006 4128 :
3042 4089 3246 4145 gnarus
3274 4073 3477 4143 quippe

1895 4182 2015 4230 erat
2036 4188 2100 4227 ac
2124 4184 2449 4243 persuasum
2479 4169 2714 4223 habebat
2744 4167 2924 4222 Patris
2947 4167 3205 4220 virtutem
3230 4164 3330 4219 sibi
3355 4167 3478 4233 opi-

1896 4265 2077 4319 tulari.
2106 4264 2285 4330 Quare
2327 4260 2647 4332 imperantis
2699 4275 2850 4315 more
2878 4259 3096 4313 diabolo
3127 4257 3266 4311 dixit
3294 4277 3307 4312 :
3350 4257 3478 4310 Non

1898 4352 2123 4407 tentabis
2172 4352 2459 4406 Dominum
2506 4349 2678 4404 Deum
2730 4359 2897 4412 tuum,
2935 4348 3133 4402 divina:
3181 4346 3479 4417 Scriptum

200 4437 578 4508 συνεργούσης
613 4438 782 4509 αὐτῷ.
827 4439 918 4492 Διὸ
952 4440 1046 4493 καὶ
1078 4439 1156 4510 τῷ
1191 4440 1425 4512 διαϐόλῳ
1466 4459 1793 4513 προστακτι-

1899 4444 2104 4497 dictum
2138 4432 2201 4497 es
2238 4443 2354 4512 lege
2388 4447 2667 4508 sumptum
2706 4438 2871 4506 hujus
2904 4436 3200 4507 Scriptura:
3229 4437 3348 4490 voci
3379 4452 3480 4505 op-

202 4526 322 4589 κῶς
371 4528 770 4600 παρεκελεύετο
819 4530 992 4599 λέγων
1017 4550 1030 4562 ·
1083 4534 1205 4586 Οὐκ
1253 4533 1633 4602 ἐκπειράσεις
1681 4535 1797 4588 Κύ-

200 4632 339 4694 ριον
384 4618 491 4672 τὸν
534 4622 681 4673 Θεόν
718 4637 855 4685 σου,
895 4621 1043 4685 θείας
1081 4622 1306 4693 Γραφῆς
1350 4622 1495 4691 λέξιν
1538 4623 1637 4694 τὴν
1687 4624 1796 4677 ἀπὸ

205 4693 309 4749 τοῦ
360 4707 510 4767 νόμου
557 4711 1000 4782 ἀντιπαρατιθεὶς
1044 4717 1111 4785 τῇ
1160 4717 1312 4785 φωνῇ
1363 4716 1462 4786 τῆς
1512 4715 1793 4785 παρούσης

208 4788 461 4860 Γραφῆς,
489 4804 551 4862 ην
588 4803 661 4874 μὴ
694 4804 892 4874 νοήσας
918 4806 946 4855 6
977 4805 1221 4868 διάϐολος
1266 4808 1582 4877 προήγαγεν
1621 4806 1792 4875 αὐτῷ,

211 4882 294 4953 μὴ
312 4884 533 4948 συνιεὶς,
557 4886 637 4940 ὅτι
660 4896 760 4943 οὐκ
778 4896 947 4949 ἐδεῖτο
973 4896 1224 4966 βοηθείας
1254 4898 1501 4966 ἀγγέλων
1527 4900 1555 4951 6
1583 4898 1792 4969 Σωτὴρ,

207 4978 259 5027 εἰ
286 4975 380 5027 καὶ
408 4976 527 5029 καθ’
553 4980 808 5036 ὑπόθεσιν
842 4990 1017 5060 οἰκείᾳ
1047 4990 1366 5059 προαιρέσει
1391 4990 1636 5042 καθεῖναι
1671 4993 1796 5042 ἐαυ-

205 5067 301 5119 τὸν
342 5066 608 5139 ἐϐουλήθη
628 5087 641 5099 ⁸
677 5073 799 5126 ἑ.πεὶ
836 5080 931 5127 καὶ
960 5080 1103 5133 κατὰ
1133 5080 1231 5149 τὴν
1265 5082 1345 5141 είς
1376 5080 1639 5149 οὐρανοὺς
1669 5081 1798 5132 ἀνά-

206 5156 374 5226 ληψιν
422 5158 577 5232 (ὅπερ
613 5157 681 5232 ἦν
728 5165 911 5234 μεῖζον
972 5168 1069 5237 τῆς
1106 5171 1214 5223 ἀπὸ
1244 5171 1338 5224 τοῦ
1384 5171 1676 5243 πτερυγίου
1701 5171 1795 5224 τοῦ

211 5247 362 5319 ἱεροῦ
401 5249 495 5302 ἐπὶ
520 5252 618 5323 τὴν
650 5254 753 5325 γῆν
781 5255 846 5310 δι’
875 5258 1036 5330 ἀέρος
1065 5262 1339 5335 καθόδου),
1371 5265 1471 5317 οὐκ
1498 5263 1795 5333 ἀγγελικῆς

210 5338 409 5410 ἐδεήθη
435 5343 638 5413 χειρός.
670 5345 811 5417 Ὅρα
848 5348 924 5416 δὲ,
965 5351 1103 5417 πῶς,
1143 5354 1526 5425 μνημονεύσας
1558 5356 1587 5407 6
1613 5354 1797 5408 διάϐο-

208 5430 301 5492 λος
327 5429 446 5496 τοῦ,
493 5433 615 5486 Ἐπὶ
641 5436 853 5505 χειρῶν
884 5442 1103 5507 ἀροῦσί
1139 5463 1232 5511 σε,
1258 5446 1493 5515 μήποτε
1535 5445 1797 5512 προσκό-

210 5523 338 5590 ψῃς
368 5521 517 5589 πρὸς
547 5526 720 5578 λίθον
746 5528 854 5581 τὸν
886 5530 1041 5584 πόδα
1071 5548 1210 5595 σου,
1241 5533 1301 5585 τὸ
1342 5534 1471 5603 ἑξῆς
1512 5536 1798 5607 συνημμέ-

1903 4550 2131 4603 ponens,
2154 4548 2317 4603 quam
2352 4546 2463 4585 non
2490 4529 2798 4597 intelligens
2825 4526 3077 4581 diabolus
3100 4527 3204 4595 ipsi
3235 4526 3480 4594 profere-

1904 4625 2017 4687 bat,
2048 4624 2306 4693 ignorans
2329 4621 2669 4675 Servatorem
2703 4618 3017 4686 angelorum
3042 4630 3143 4684 ope
3170 4632 3277 4670 non
3297 4632 3478 4686 egere,

1902 4716 2116 4774 etiamsi
2148 4714 2369 4784 prOprio
2395 4721 2526 4766 nutu
2560 4710 2819 4764 voluisset
2864 4724 2985 4764 sese
3012 4708 3269 4763 deorsum
3310 4710 3484 4778 proji-

1902 4821 2046 4861 cere.
2074 4804 2530 4873 Quandoquidem
2583 4802 2637 4855 in
2682 4815 2781 4855 sua
2821 4798 2889 4853 ad
2933 4799 3102 4853 cmlos
3157 4802 3482 4855 ascensione

1904 4898 2068 4967 (quod
2101 4912 2233 4951 sane
2264 4896 2440 4965 majus
2474 4903 2614 4957 erat,
2644 4908 2807 4963 quam
2860 4892 2950 4946 ille
2975 4909 3003 4945 a
3032 4893 3323 4962 pinnaculo
3353 4902 3484 4947 tem.

1905 4992 1975 5061 pli
2018 4990 2082 5044 ad
2117 5000 2457 5058 terram-per
2494 5003 2674 5041 aerem
2716 4986 3027 5051 transitus),
3082 5000 3192 5039 non
3238 4985 3482 5053 angelica

1905 5097 2067 5135 manu
2102 5095 2241 5150 opus
2291 5080 2500 5134 habuit.
2535 5077 2923 5133 Animadverte
2952 5092 3137 5147 porro,
3173 5092 3283 5147 quo
3324 5083 3483 5145 pacto

1906 5172 2158 5227 diabolus
2195 5171 2281 5227 his
2313 5169 2777 5229 commemoratis,
2820 5166 2887 5221 In
2924 5167 3167 5221 manibus
3199 5166 3381 5219 tollent
3412 5174 3480 5227 te,

1908 5281 1969 5317 ne
2012 5279 2246 5333 unquam
2286 5260 2522 5330 oﬁendas
2556 5259 2625 5314 ad
2656 5258 2883 5329 lapidem
2915 5258 3093 5326 pedem
3125 5267 3305 5319 tuum;
3337 5254 3482 5324 quod

1906 5355 2238 5425 sequebatur
2262 5368 2372 5408 non
2402 5352 2694 5416 addiderit,
2728 5349 2981 5405 videlicet
3018 5349 3174 5411 illud,
3207 5364 3364 5416 super
3394 5360 3481 5396 as-

1903 5444 2075 5513 pidem
2103 5454 2151 5497 et
2180 5443 2485 5497 basiliscum
2521 5440 2835 5503 ambulabis,
2853 5447 2902 5493 et
2925 5436 3256 5492 conculcabis
3287 5437 3481 5489 leonem

1906 5545 1954 5588 et
1988 5534 2294 5597 draconem,
2326 5533 2471 5603 quod
2506 5531 2805 5588 Salvatoris
2830 5530 2897 5585 de
2920 5528 3136 5582 diabolo
3178 5532 3233 5579 et
3274 5522 3481 5594 angeli!

286 5711 332 5741 θ’
374 5707 392 5761 l
432 5708 558 5765 Cor.
600 5725 709 5772 xu,
742 5711 833 5766 27.
909 5714 953 5745 ’3
994 5714 1154 5767 Rom.
1192 5732 1262 5779 τ,
1302 5716 1389 5771 15.
1472 5717 1516 5748 ³⁵
1558 5716 1750 5771 Matth.

1908 5718 1961 5772 6.
2004 5718 2088 5793 ,ιε
2129 5714 2262 5770 ibid.
2302 5712 2351 5767 τ.

543 5806 812 5867 ΡΑτιιυι.
861 5806 977 5867 Gn.
1017 5805 1251 5867 XXIII.

3086 5801 3171 5860 3‘7
