3974 6512
1378 391 1768 447 (ΣΟΜΜΕΝΤΑῙ

1875 436 1879 445 ,
1922 394 1985 448 lN
2024 396 2360 453 PSALMOS.
3325 398 3465 454 1⁸166

233 497 355 551 Ἐπ’
384 497 610 553 ἀσπίδα
641 500 735 553 καί
760 502 1132 565 ,ϐασιλίσκον
1161 505 1443 576 ἐπιϐιὶσῃ,
1476 510 1573 562 καὶ
1606 528 1768 566 κατα·

1891 530 2027 576 nem,
2094 531 2258 571 causa
2331 532 2552 573 rursum
2617 518 2854 580 additur,
2916 531 3035 586 qum
3084 532 3196 572 rem
3246 533 3353 572 non
3399 522 3465 573 ad

212 590 511 659 πατήσεις
538 590 833 659 δράκοντα
857 596 954 648 καὶ
975 595 1215 659 λέοντα,
1247 597 1408 651 πάλιν
1436 601 1469 669 ἡ
1498 601 1645 655 αίτία
1671 604 1792 654 ἐπι-

210 680 461 749 λέγεται,
493 683 593 735 οὐκ
626 684 711 737 ἐπ’
737 686 1003 755 ἀγγέλους
1039 688 1405 760 ἀναφέρουσα,
1436 690 1549 744 ἀλλ’
1576 694 1663 745 ἐπ’
1697 694 1794 745 αὐ-

209 772 309 825 τὸν
332 773 421 825 τὸν
452 774 731 843 Ὕψιστον,
757 770 816 830 οὗ
845 781 909 831 ἐκ
943 778 1231 850 προσώπου
1259 780 1526 847 λέλεκται,
1559 785 1677 837 Ὅτι
1698 786 1792 837 ἐπ’

208 863 323 931 ἐμὲ
356 863 597 931 ἤλπισε,
624 866 722 919 καὶ
747 870 1012 937 ῥύσομαι
1044 870 1250 924 αὐτόν.
1276 872 1399 935 Πῶς
1431 873 1487 926 δὲ
1520 875 1604 926 ἐπ’
1632 875 1792 929 αὑτὸν

206 955 431 1023 ἤλπισε,
463 957 747 1027 προλαϐὼν
781 960 1014 1026 ἐδίδαξεν
1041 963 1069 1015 ὁ
1102 961 1258 1030 λόγος
1286 963 1452 1017 εἰπών
1476 981 1489 994 ⁸
1527 965 1580 1017 '0
1607 983 1792 1021 κατοι-

204 1045 339 1099 κῶν
364 1047 432 1098 ἐν
456 1048 709 1119 βοηθείᾳ
747 1051 853 1106 τοῦ
894 1052 1177 1121 Ὑψίστου
1197 1071 1209 1083 ·
1241 1055 1357 1119 καὶ,
1396 1055 1547 1124 Ἐρεῖ
1569 1056 1647 1122 τῷ
1674 1060 1792 1111 Κυ-

199 1136 347 1201 ρίῳ’
390 1137 781 1208 Ἀντιλήπτωρ
823 1160 943 1210 μου
991 1139 1064 1208 εἷ,
1100 1143 1199 1197 καὶ
1244 1146 1553 1215 καταφυγή
1582 1165 1722 1215 μου,
1758 1151 1791 1201 ό

206 1228 360 1293 Θεός
389 1245 531 1296 μου,
573 1231 669 1284 καί
710 1232 897 1285 ἑλπιῶ
922 1232 1014 1286 ἐπ’
1058 1236 1264 1288 αὐτόν.
1300 1236 1366 1289 Ἦ
1412 1237 1589 1290 τοίνυν
1615 1238 1787 1290 ἐπινε-

209 1332 337 1381 κιος
367 1319 462 1372 καὶ
488 1320 770 1377 τελευταία
794 1324 991 1395 πρᾶξις
1016 1326 1155 1396 μετὰ
1184 1326 1363 1391 πάσας
1394 1328 1490 1391 τὰς
1521 1345 1789 1401 προκατα-

201 1405 492 1478 λεχθείσας
522 1411 615 1465 τοῦ
662 1414 911 1486 Σωτῆρος
961 1418 1138 1487 ἡμῶν,
1182 1416 1214 1487 ἢ
1262 1420 1356 1471 καὶ
1398 1418 1489 1471 τοῦ
1536 1422 1594 1473 ὲν
1640 1422 1788 1492 αὐτῷ

198 1499 582 1572 τελειουμένου
614 1504 828 1577 ἀνδρὸς,
863 1508 896 1579 ἢ
928 1510 1022 1561 καὶ
1049 1510 1143 1562 τοῦ
1176 1510 1340 1563 αὑτοῦ
1377 1511 1580 1564 τελείου
1605 1513 1789 1581 σώμα-

195 1606 299 1653 τος
339 1591 438 1661 τῆς
472 1592 795 1665 Ἐκκλησίας
825 1597 1012 1662 αὐτοῦ,
1055 1598 1357 1669 δηλωθείσα
1390 1604 1477 1656 διὰ
1504 1604 1620 1667 τοῦ,
1669 1605 1787 1657 Ἐπ’

194 1680 438 1735 ἀσπίδα
465 1683 565 1737 καὶ
586 1686 965 1749 βασιλίσκον
991 1689 1277 1760 ἑπιϐἠσῃ,
1320 1694 1419 1747 καὶ
1452 1696 1788 1765 καταπατή-

193 1784 338 1837 σεις
382 1772 677 1841 δράκοντα
719 1777 819 1831 καὶ
861 1778 1101 1846 λέοντα,
1142 1783 1241 1853 τὴν
1285 1786 1465 1838 πᾶσαν
1510 1786 1786 1859 ἀναφορὰν

1897 603 2119 666 angelos
2147 604 2366 669 referat,
2393 608 2487 663 sed
2515 607 2580 660 ad
2608 608 2783 678 ipsum
2817 608 3178 670 Altissimum,
3202 624 3267 661 ex
3308 609 3467 677 cujus

1896 708 2126 760 persona
2154 692 2376 759 dicitur,
2399 696 2659 761 Quoniam
2690 700 2741 751 in
2774 714 2850 751 me
2874 699 3120 768 speravit,
3161 707 3210 751 et
3235 698 3465 753 liberabo

1893 799 2030 836 eum.
2047 782 2327 849 Quomodo
2345 787 2399 840 in
2420 788 2537 857 ipso
2554 790 2866 857 speraverit,
2887 789 3001 858 jam
3031 788 3317 859 Scriptura
3338 790 3468 843 edo-

1894 889 2019 929 core
2041 879 2326 946 occupavit
2356 880 2441 934 his
2489 881 2669 935 verbis
2698 900 2710 935 :
2744 881 2848 946 Qui
2873 881 3076 933 habitat
3112 882 3167 934 in
3197 881 3464 950 adjutorio

1892 967 2179 1033 Altissimi,
2217 979 2270 1025 et
2303 991 2316 1026 :
2354 971 2503 1027 Dicet
2536 972 2760 1026 Domino
2798 972 3124 1043 :Susceptor
3148 991 3289 1029 meus
3325 992 3378 1029 es
3410 986 3464 1029 tu

1891 1067 1940 1110 et
1973 1059 2230 1129 refugium
2267 1078 2461 1129 meum,
2505 1063 2644 1117 Deus
2686 1080 2851 1127 meus,
2882 1072 2931 1117 et
2969 1064 3186 1131 sperabo
3217 1066 3269 1118 in
3321 1080 3459 1119 eain.

1893 1146 2263 1219 Triumplialis
2297 1152 2477 1221 itaque
2530 1163 2583 1208 et
2636 1160 2911 1221 postrema
2965 1156 3131 1218 actio,
3167 1170 3288 1225 quze
3337 1166 3461 1224 post

1892 1237 1995 1291 alia
2024 1250 2322 1295 memorata
2348 1242 2668 1309 Salvatoris,
2705 1252 2799 1298 aut
2852 1245 2953 1297 viri
2993 1244 3053 1298 in
3097 1260 3162 1299 eo
3202 1261 3463 1300 consum-

1892 1326 2044 1387 mati,
2072 1336 2164 1381 aut
2212 1330 2331 1400 ejus
2390 1330 2616 1400 perfecti
2686 1334 2956 1401 corporis,
3011 1332 3125 1387 sive
3180 1333 3458 1399 Ecclesiae,

1890 1428 2040 1486 gesta
2077 1420 2382 1491 signiﬁcata
2416 1422 2468 1475 in
2496 1422 2590 1475 illo
2628 1442 2641 1477 ;
2686 1422 2856 1493 Super
2895 1426 3129 1495 aspidem
3172 1437 3221 1479 et
3277 1427 3462 1481 basili-

1890 1523 2041 1561 scum
2066 1511 2383 1577 ambulabis,
2406 1522 2454 1566 et
2479 1514 2809 1569 conrulcabis
2846 1515 3041 1570 leonem
3072 1529 3120 1571 et
3149 1517 3458 1584 draconem;

1890 1606 2025 1665 tota,
2082 1616 2205 1654 cum
2254 1603 2497 1657 victoriae
2570 1619 2757 1669 causa,
2805 1605 3088 1661 Altissimo
3140 1608 3455 1663 ascribitur.

1889 1685 2250 1751 Quamobrem
2283 1690 2485 1745 dicitur
2517 1708 2529 1743 :
2564 1692 2826 1759 Quoniam
2884 1696 2937 1749 in
2991 1712 3071 1750 me
3121 1700 3371 1765 speravit,
3406 1708 3460 1753 et

1891 1778 2119 1832 liberabo
2148 1797 2287 1847 eum,
2316 1784 2563 1851 quoniam
2615 1786 2848 1854 cognovit
2876 1802 3063 1839 nomen
3095 1803 3284 1840 meum.
3322 1786 3458 1841 Cum

188 1862 422 1932 καὶτῆς
454 1862 610 1933 νίκης
635 1865 733 1936 τὴν
764 1866 942 1921 αἰτίαν
967 1869 1059 1922 ἐπὶ
1089 1869 1167 1941 τῷ
1202 1871 1440 1944 ’Υψίστῳ
1474 1874 1768 1946 ἀνατίθησι,

1887 1870 2002 1937 ipso
2037 1888 2152 1924 sum
2189 1872 2241 1924 in
2275 1872 2634 1938 tribulatione,
2659 1876 2877 1943 eripiam
2911 1892 3027 1929 eum
3061 1887 3109 1930 et
3143 1877 3456 1949 gloriﬁcabo

183 1948 294 2001 Διὸ
326 1948 605 2004 λέλεκται⁸
651 1954 771 2008 ’Ότι
813 1956 907 2009 ἐπ’
940 1958 1045 2027 ἐμὲ
1093 1959 1338 2029 ἤλπισε,
1380 1964 1477 2017 καί
1516 1966 1779 2035 ῥύσομαι

180 2040 408 2107 αὑτὸν,
442 2041 530 2096 ὅτι
554 2044 705 2113 ἔγνω
726 2047 790 2101 τὸ
821 2048 1008 2118 ὄνομά
1028 2069 1167 2121 μου.
1195 2055 1337 2107 Μετ’
1365 2056 1549 2111 αὐτοῦ
1575 2060 1689 2126 ειμι
1710 2059 1780 2111 ἐν

180 2132 425 2199 θλίψει,
459 2133 778 2205 ἐξελοῦμαι
816 2140 914 2193 καὶ
941 2141 1179 2205 δοξάσω
1204 2146 1409 2198 αὐτόν.
1442 2146 1552 2200 Καί
1587 2166 1676 2217 μοι
1697 2148 1779 2201 δο-

179 2223 289 2273 κεῖ
343 2222 464 2276 καθ’
512 2225 707 2297 ἑτέραν
757 2228 997 2285 διάνοιαν
1049 2235 1081 2304 ἡ
1140 2237 1447 2307 προφητεία
1502 2236 1777 2304 Θεσπίζειν

178 2311 375 2365 πάντα
423 2314 513 2368 τὸν
551 2318 750 2387 τρόπον
782 2321 877 2373 τοῦ
912 2323 1054 2376 κατὰ
1092 2324 1377 2396 ἄνθρωπον
1402 2327 1517 2398 βίου
1542 2329 1636 2381 τοῦ
1663 2332 1775 2383 Σω-

175 2400 364 2475 τῆρος
388 2405 545 2475 ἡμῶν
565 2424 579 2438 ο
605 2406 748 2477 λέγω
772 2411 828 2464 δὲ
850 2411 940 2465 τὸν
964 2413 1179 2485 πρῶτον
1212 2418 1535 2488 πειρασμὸν,
1568 2421 1661 2473 καὶ
1684 2421 1775 2474 τὸν

180 2492 339 2546 κατὰ
368 2495 428 2548 τὸ
471 2497 662 2563 πάθος,
700 2501 799 2571 τήν
822 2518 881 2554 τε
915 2503 1052 2573 μετὰ
1091 2504 1190 2576 τὴν
1215 2506 1365 2560 λύσιν
1396 2510 1488 2563 τοῦ
1525 2512 1774 2582 σώματος

179 2583 288 2636 ἐπὶ
311 2585 412 2649 τὰς
454 2588 837 2661 ἀντικειμένας
878 2594 1136 2667 δυνάμεις
1176 2598 1382 2667 ἔφοδον.
1416 2600 1527 2655 Καὶ
1567 2603 1634 2655 τὰ
1674 2604 1772 2674 μὲν

178 2675 390 2767 πρῶτα
424 2678 518 2731 τοῦ
560 2680 809 2753 ψαλμοῦ·
854 2686 1156 2758 κοινότερον
1187 2690 1244 2743 δὲ
1274 2691 1416 2745 οὕτω
1458 2692 1699 2763 λεγέσθω
1737 2697 1770 2767 ή

182 2765 447 2836 παροῦσα
491 2773 792 2844 προφητεία
833 2776 923 2829 τὸν
969 2781 1273 2851 πειρασμὸν
1319 2778 1649 2838 αἰνίττεσθαι
1681 2765 1771 2839 τὸν

180 2856 289 2908 ἐπὶ
332 2858 431 2928 τῆς
482 2861 712 2933 ἐρήμου,
761 2865 820 2918 ὃν
868 2867 927 2920 ὲν
974 2872 1087 2934 τοῖς
1126 2872 1476 2941 Εὑαγγελίοις
1522 2877 1771 2946 εἰσῆκται

180 2948 479 3020 πειραθεὶς
518 2952 622 3005 ὑπὸ
662 2955 755 3009 τοῦ
786 2956 1065 3013 διαϐόλουο
1112 2962 1180 3016 τὰ
1220 2964 1275 3017 δὲ
1312 2964 1558 3037 δεύτερα,
1594 2968 1651 3020 ἐν
1690 2962 1771 3031 οἷς

181 3038 461 3106 ἀγγέλους
486 3041 845 3102 διακονεῖσθαι
880 3049 958 3120 τῷ
984 3052 1149 3106 αὐτοῦ
1185 3054 1396 3124 σώματι
1431 3057 1771 3127 παρέστησεν

177 3130 219 3181 ὁ
244 3130 423 3222 λόγος,
451 3135 548 3205 τὴν
576 3137 717 3190 κατὰ
741 3138 832 3192 τὸν
862 3142 1199 3213 ἀνθρώπινον
1232 3147 1346 3217 βίον
1372 3149 1647 3222 διατριϐὴν
1676 3153 1771 3205 αὐ-

175 3220 317 3273 τοῦ·
350 3222 417 3276 τὰ
447 3224 503 3277 δὲ
529 3226 706 3296 τρίτα,
741 3229 808 3282 δι’
843 3227 917 3285 ὧν
951 3232 1164 3303 λέγεται
1195 3239 1280 3289 ἐπ’
1311 3240 1509 3294 ἀσπίδα
1536 3245 1627 3295 καὶ
1665 3243 1763 3313 βα-

180 3311 432 3366 σιλίσκον
476 3316 883 3389 ἐπιϐεϐηκέναι,
931 3326 1023 3377 καὶ
1069 3332 1583 3402 καταπεπατηκέναι
1634 3334 1764 3406 δρά-

178 3418 355 3455 κοντα
390 3406 484 3458 καὶ
527 3406 736 3475 λέοντα,
785 3414 881 3483 τὴν
918 3416 1056 3488 μετὰ
1093 3418 1184 3472 τὸν
1230 3420 1456 3475 θάνατον
1490 3424 1628 3477 κατὰ
1656 3425 1766 3481 τῶν

176 3493 527 3563 ἁρχοντικῶν
570 3504 894 3573 πνευμάτων
936 3507 1119 3581 νίκην·
1158 3510 1276 3581 μεθ’
1303 3512 1339 3566 ἃ
1374 3515 1551 3567 πάντα
1585 3516 1766 3569 ἐπιλέ-

176 3601 375 3653 γεται*
442 3589 784 3663 Ἐξελοῦμαι
839 3599 1029 3653 αὑτὸν
1087 3602 1183 3656 καὶ
1230 3602 1473 3668 δοξάσω
1532 3609 1759 3661 αὐτόν’

175 3680 543 3749 Μακρότητα
576 3685 810 3755 ἡμερῶν
858 3688 1150 3759 ἐμπλήσω
1198 3696 1403 3761 αὐτὸν,
1450 3697 1548 3750 καὶ
1588 3697 1763 3763 δείξω

173 3770 346 3836 αὐτῷ
376 3772 443 3826 τὸ
483 3776 784 3847 σωτήριόν
818 3799 961 3851 μου,
991 3785 1090 3856 τῆς
1125 3787 1262 3857 μετὰ
1303 3788 1393 3842 τὸν
1439 3788 1666 3844 θάνατον
1700 3792 1765 3843 ἐκ

174 3864 392 3934 νεκρῶν
438 3871 732 3940 σωτηρίας,
781 3873 874 3926 καλ⁵
911 3875 1011 3946 τῆς
1051 3877 1397 3949 μακραίωνος
1426 3881 1518 3934 καὶ
1559 3880 1763 3935 ἀθανά-

1886 1978 2025 2016 eum.
2068 1962 2188 2017 Alio
2217 1965 2347 2018 item
2386 1982 2547 2022 sensu
2580 1968 2863 2036 prophetia
2895 1969 3109 2024 videtur
3147 1972 3278 2025 mihi
3310 1973 3453 2031 vati-

1884 2053 2059 2107 cinari
2095 2068 2312 2109 onmem
2348 2056 2600 2112 humana:
2638 2058 2937 2114 Salvatoris
2970 2063 3144 2116 nostri
3184 2062 3306 2117 vita}
3331 2080 3451 2119 mo-

1883 2144 2043 2212 dum;
2075 2145 2198 2201 dico
2223 2156 2404 2202 autem
2439 2153 2669 2219 primam
2698 2154 3084 2221 tentationem;
3123 2155 3269 2209 illam
3297 2157 3450 2222 item,

1883 2252 2047 2306 quam
2080 2237 2136 2291 in
2180 2240 2437 2307 passione
2481 2242 2770 2309 sustinuit;
2805 2258 2869 2298 ac
2924 2247 3089 2300 etiam
3119 2262 3259 2313 eam,
3285 2264 3449 2319 quam

1882 2335 2005 2396 post
2036 2328 2364 2384 solutionem
2420 2333 2668 2402 corporis
2724 2334 2852 2390 fecit
2882 2346 3074 2390 contra
3109 2338 3451 2395 adversarias

1880 2426 2180 2487 potestates
2238 2422 2621 2492 irruptionem.
2654 2424 2721 2478 Et
2779 2426 2893 2481 haec
2926 2428 3144 2497 quidem
3198 2430 3372 2499 prima
3395 2439 3451 2486 et

1880 2514 2150 2582 praecipua
2182 2515 2238 2567 in
2273 2516 2483 2583 psalmo
2529 2525 2657 2571 sunt
2695 2537 2708 2571 :
2743 2519 3036 2588 vnlgariori
3071 2527 3251 2575 autem
3298 2536 3450 2578 more

1878 2602 2092 2656 dicatur
2122 2603 2237 2657 hate
2270 2605 2555 2674 prophetia
2605 2608 2964 2664 tentationem
3018 2610 3074 2664 in
3130 2611 3346 2667 deserto
3371 2614 3479 2669 si-.

1878 2695 2158 2765 gniﬁcare,
2194 2712 2301 2766 qua
2344 2706 2591 2755 tentatus
2620 2716 2744 2757 esse
2776 2717 2806 2754 a
2841 2702 3062 2756 diabolo
3110 2711 3368 2758 narratur
3388 2705 3448 2760 in

1876 2785 2202 2858 Evangelio;
2236 2789 2476 2843 secunda
2506 2806 2654 2855 vero,
2684 2792 2881 2863 quibus
2916 2795 3139 2862 angelos
3164 2794 3282 2862 ejus
3316 2810 3444 2850 cor-

1876 2878 1995 2947 pori
2042 2878 2387 2933 ministrasse
2441 2879 2789 2949 declaratur,
2813 2882 2933 2951 ejus
2971 2883 3024 2936 in
3072 2884 3307 2938 humana
3333 2884 3443 2939 vita

1876 2970 2346 3024 conversationem
2384 2970 2664 3040 indicant;
2700 2972 2858 3027 tertia
2889 2982 3093 3038 autem,
3136 2976 3335 3044 quibus
3358 2978 3443 3031 di-

1875 3059 2039 3122 citur,
2061 3074 2184 3113 eum
2215 3075 2381 3129 super
2403 3061 2649 3131 aspidem
2678 3071 2731 3116 et
2762 3063 3077 3119 basiliscum
3104 3066 3437 3130 ambulasse,

1874 3158 1928 3202 et
1951 3150 2305 3205 conculcasse
2360 3152 2568 3206 leonem
2617 3161 2671 3209 et
2722 3154 3038 3219 draconem,
3076 3156 3250 3226 ipsum
3314 3169 3437 3229 post

1871 3251 2100 3296 mortem
2136 3242 2202 3297 de
2231 3243 2574 3313 principibus
2604 3246 2892 3316 spiritibus
2916 3248 3199 3303 victoriam
3247 3265 3439 3320 repor-

1871 3344 2019 3390 tasse
2052 3342 2315 3401 narrant;
2349 3344 2473 3405 post
2494 3352 2616 3407 qua:
2647 3338 2828 3392 omnia
2850 3339 3108 3409 adjicitur
3141 3356 3153 3392 :
3199 3339 3440 3411 Eripiam

1869 3443 1988 3481 eum
2014 3437 2064 3480 et
2092 3427 2403 3497 glori/icabo
2430 3444 2566 3484 eum.
2598 3427 2948 3500 Longitudine
2979 3432 3183 3486 dierum
3232 3432 3437 3500 replebo

1871 3533 2010 3581 eum,
2037 3526 2085 3570 et
2108 3518 2380 3570 ostendam
2403 3517 2487 3570 illi
2517 3518 2754 3572 salutare
2793 3536 2998 3585 meum;
3028 3523 3230 3592 quibus
3254 3522 3437 3577 decla-

1868 3615 1953 3659 rat
1986 3605 2105 3673 ejus
2135 3615 2257 3674 post
2278 3607 2488 3660 obitum
2521 3611 2981 3666 resurrectionem
3007 3627 3073 3666 ex
3117 3614 3349 3666 mortuis
3383 3623 3440 3668 et

1870 3699 2123 3762 salutem,
2159 3697 2455 3768 longmvam
2484 3707 2539 3752 et
2568 3699 2933 3756 immortalem
2968 3704 3159 3768 vitam,
3196 3704 3437 3760 divinam

1869 3789 2123 3860 gloriam,
2169 3797 2225 3843 et
2280 3788 2546 3845 honorem
2604 3805 2943 3863 regnumque
3004 3795 3148 3865 apud
3217 3795 3436 3852 Patrem

1872 3889 2207 3951 susceptum.

171 3971 277 4009 του
333 3955 498 4029 ζωῆς,
540 3961 636 4032 τῆς
679 3980 740 4016 τε
787 3964 970 4019 ἐνθέου
1014 3966 1172 4040 δόξης
1222 3970 1317 4024 καὶ
1362 3973 1461 4044 τῆς
1511 3974 1659 4045 παρὰ
1691 3972 1769 4044 τῷ
1806 3973 1980 4045 Πατρὶ
2026 3972 2189 4043 τιμῆς
2227 3988 2287 4024 τε
2328 3971 2423 4025 καὶ
2470 3972 2747 4043 βασιλείας
2783 3973 2873 4028 διὰ
2914 3975 3118 4030 τούτων
3171 3996 3437 4050 παριστα-

176 4048 373 4119 μένης.

171 4158 470 4215 ΨΑΛΜΟΣ
508 4163 683 4234 ῼΔΗΣ
708 4206 723 4232 ,
761 4167 1384 4309 ΕἏΣΤῦἑΙΝΗὲΜΕΡΑΝ
1422 4176 1561 4231 ΤΟΥ
1599 4175 1753 4230 BAB-

260 4324 501 4394 Ἀγαθὸν
532 4328 595 4381 τὸ
614 4329 1099 4403 ἐξομολογεῖσθαι
1121 4337 1199 4402 τῷ
1223 4341 1437 4407 Κυρίῳ,
1466 4342 1562 4396 καὶ
1594 4341 1752 4412 ψάλ-

169 4415 310 4465 λειν
348 4413 429 4479 τῷ
461 4416 707 4498 ὀνόματί
748 4438 886 4486 σου,
921 4424 1189 4493 Ὕψιστε,
1220 4429 1327 4482 τοῦ
1359 4431 1756 4501 ἀναγγέλλειν

1900 4169 2223 4226 PSALMUS
2271 4170 2569 4240 CANTlCI,
2605 4173 2673 4229 IN
2732 4175 2844 4231 DIE
2905 4176 3214 4236 SABBATl.
3253 4181 3395 4241 XCI.

1931 4332 2099 4388 Vrsas.
2137 4332 2191 4397 2,
2226 4333 2279 4387 3.
2323 4330 2529 4385 Bonum
2556 4340 2634 4386 est
2662 4333 2904 4402 conﬁteri
2934 4333 3180 4402 Domino,
3214 4348 3263 4393 et
3286 4342 3435 4409 psal.

1861 4426 1967 4479 lere
1989 4425 2189 4478 nomini
2219 4432 2332 4488 tuo,
2374 4423 2664 4486 Altissime,
2699 4423 2768 4476 ad
2815 4428 3239 4481 annuutiandum
3278 4448 3435 4487 mane

168 4503 242 4557 τὸ
266 4505 417 4572 πρωῒ
445 4507 507 4560 τὸ
530 4491 704 4575 ἔλεός
735 4526 851 4567 σου
876 4514 973 4568 καὶ
995 4490 1116 4585 τὴν
1147 4520 1439 4590 ἀλήθειάν
1462 4490 1577 4578 σου
1606 4526 1754 4580 κατὰ

1875 4515 2277 4571 nisericordiam
2305 4526 2472 4579 tuam,
2503 4523 2552 4567 et
2596 4517 2866 4570 veritatem
2892 4527 3038 4570 tuam
3075 4535 3164 4587 per
3196 4533 3427 4591 noctem,

170 4596 385 4684 nti-xta,
415 4599 485 4652 ἐν
511 4600 849 4671 δεκαχόρδφ
880 4610 1194 4679 ψαλτηρίῳ
1218 4615 1345 4682 μετ’
1378 4614 1538 4684 ᾠδῆς
1568 4617 1637 4669 ἐν
1669 4635 1752 4671 κι-

171 4679 349 4776 eripe.
379 4688 490 4752 Τὰς
525 4690 634 4745 τῶν
667 4694 959 4751 Σαϐϐάτων
990 4699 1199 4771 ἡμέρας
1219 4679 1293 4755 τοί
1327 4679 1433 4776 πρὸ
1476 4679 1751 4770 Μωῦσέως

172 4772 373 4867 ϐίκαιοι
548 4782 812 4852 θεοφιλεῖς
850 4788 1041 4860 ἄνδρες
1080 4793 1190 4846 οὔτ’
1218 4772 1437 4865 ᾔδεσαν,
1468 4796 1579 4850 οὒτ’
1619 4798 1751 4867 ὲφύ-

170 4863 386 4917 λαττον.
416 4864 541 4919 Οῦτ’
587 4869 682 4924 οὖν
711 4877 871 4942 αὐτὸς
911 4880 1177 4953 Ἀϐρααμ,
1211 4863 1333 4938 οὔτε
1378 4888 1580 4952 Ἰσαὰκ,
1625 4863 1749 4941 οὗτε

183 4955 401 5021 Ἰακὼϐ,
424 4958 545 5013 οὔτε
581 4964 631 5015 οἱ
666 4964 856 5019 τούτου
900 4972 1103 5038 παῖδες,
1136 4975 1249 5028 ἀλλ’
1281 4977 1401 5030 οὐδὲ
1434 4980 1482 5031 οί
1517 4979 1596 5031 ἔτι
1622 4980 1747 5031 του-

167 5066 279 5101 των
323 5049 400 5119 τῷ
453 5053 629 5125 χρόνῳ
677 5057 1022 5133 παλαιότεροι
1070 5066 1349 5134 φαίνονται
1392 5067 1747 5137 γινώσκοντες

168 5142 384 5214 ἡμέραν
411 5144 707 5201 Σαϐϐάτου.
749 5150 902 5204 Ἐπεὶ
927 5154 1104 5209 τοίνυν
1131 5158 1179 5209 oi
1218 5159 1283 5211 ὲκ
1316 5161 1637 5231 περιτομῆς,
1671 5162 1747 5224 ὡς

171 5232 313 5301 μέγα
340 5252 390 5287 τι
422 5238 831 5309 κατορθοῦντες,
858 5242 928 5297 τὰ
954 5245 1205 5301 Σάϐϐατα
1229 5250 1515 5318 φυλάττειν
1551 5252 1747 5323 ἡγοῦν-

169 5341 280 5390 ται,
373 5327 493 5380 ουδὲ
535 5330 858 5398 φυλάττουσι
893 5337 1036 5390 κατὰ
1063 5338 1123 5391 τὸ
1149 5340 1396 5412 βούλημα
1426 5341 1520 5395 τοῦ
1554 5345 1738 5414 νόμου,

170 5413 504 5485 παραθετέον
535 5419 716 5483 αὐτοῖς
758 5423 833 5475 τὰ
868 5425 1151 5497 είρημένα.
1199 5431 1308 5483 Καὶ
1347 5431 1535 5503 ἐπειδὴ
1577 5413 1744 5487 κατά-

169 5522 368 5559 παυσιν
396 5510 646 5578 σημαίνει
675 5513 734 5565 τὸ
763 5514 1057 5582 Σάϐϐατον,
1086 5520 1395 5593 γέγραπται
1432 5524 1562 5592 γοῦν
1585 5541 1600 5557 ο
1630 5526 1740 5580 Καὶ

168 5596 548 5651 κατέπαυσεν
584 5604 617 5654 ό
651 5604 795 5669 Θεὸς
834 5606 905 5660 ἐν
931 5607 1006 5677 τῇ
1037 5611 1223 5680 ἡμέρᾳ
1262 5611 1337 5681 τῇ
1374 5610 1416 5673 ζ’
1437 5614 1555 5669 ἀπὸ
1593 5616 1741 5668 πάν-

169 5704 283 5740 των
316 5686 434 5741 τῶν
462 5689 649 5759 ἔργων
683 5695 889 5767 αὑτοῦ,
923 5693 1010 5756 ὧν
1036 5701 1303 5772 ἐποίησε,
1347 5704 1444 5758 καὶ
1470 5705 1739 5779 ᾐγιάσεν

236 5806 278 5837 θ’
319 5804 451 5862 Gen.
490 5823 564 5875 ιι,
596 5807 663 5876 9.,
700 5810 753 5867 5η

1860 4609 1915 4660 in
1942 4606 2269 4661 decachordo
2306 4606 2555 4674 psalterio
2594 4622 2713 4658 cum
2745 4608 2948 4660 cantico
2971 4609 3023 4660 in
3067 4610 3293 4668 cithara.
3326 4613 3431 4680 Qui

1857 4706 1983 4752 ante
2037 4696 2276 4768 Moysem
2322 4704 2480 4750 erant
2523 4697 2659 4766 justi
2718 4712 2781 4751 ac
2841 4699 3080 4768 religiosi
3133 4702 3258 4767 viri,
3311 4704 3430 4761 dies

1858 4789 2225 4844 Sabbatorum
2276 4804 2387 4844 non
2436 4796 2637 4844 norant
2695 4804 2796 4845 nec
2860 4791 3268 4850 custodiebant.
3318 4796 3431 4853 Nec

1855 4881 2000 4936 enim
2037 4881 2332 4945 Abraham,
2368 4896 2548 4950 neque
2590 4881 2760 4947 Isaac,
2808 4898 2985 4952 neque
3022 4883 3213 4952 Jacob,
3251 4905 3429 4959 neque

1854 4974 1974 5044 ejus
2034 4973 2151 5037 lilii,
2177 4988 2353 5043 neque
2404 4974 2569 5028 etiam
2618 4973 2710 5043 qui
2762 4974 2830 5029 iis
2876 4976 3214 5051 antiquiores
3242 4993 3422 5046 erant,

1854 5064 1996 5119 diem
2030 5063 2250 5119 Sabbati
2277 5065 2499 5119 novisse
2528 5064 2800 5118 videntur.
2844 5064 2980 5131 Quia
3018 5070 3184 5140 igitur
3232 5074 3327 5143 qui
3358 5091 3424 5127 ex

1853 5155 2279 5209 circumcisione
2330 5165 2480 5221 sunt,
2513 5155 2668 5224 quasi
2722 5157 2904 5226 magni
2957 5159 3235 5230 quidpiam
3280 5179 3423 5232 prte-

1853 5253 2019 5311 stent,
2056 5260 2115 5300 se
2145 5244 2382 5299 Sabhala
2430 5260 2648 5299 servare
2693 5250 2908 5313 putant,
2941 5263 3064 5317 qua:
3099 5257 3280 5304 tamen
3336 5267 3423 5305 se-

1851 5334 2092 5389 cundum
2156 5334 2292 5404 legis
2356 5344 2591 5389 mentem
2657 5350 2767 5388 non
2819 5339 3161 5403 custodiunt,
3224 5341 3462 5409 psalmi.

1847 5425 1993 5480 dicta
2025 5425 2160 5496 ipsis
2186 5432 2314 5480 sunt
2348 5424 2691 5495 exponenda.
2724 5424 2790 5478 Et
2824 5427 2952 5496 quia
2992 5426 3286 5484 Sabbatum
3327 5445 3417 5484 re-

1845 5518 2028 5589 quiem
2085 5516 2394 5586 significat;
2432 5530 2556 5569 nam
2606 5517 2872 5587 scriptum
2901 5528 2983 5572 est
3015 5538 3029 5573 :
3067 5519 3138 5573 Et
3174 5521 3416 5589 requievit

1846 5611 1987 5665 Deus
2011 5609 2096 5664 die
2144 5607 2368 5677 septimo
2399 5606 2463 5660 ab
2504 5610 2743 5663 omnibus
2766 5610 3011 5678 operibus
3057 5613 3168 5665 suis
3194 5628 3311 5682 qua
3340 5619 3417 5681 Ic-

1843 5715 2008 5771 cerat,
2045 5715 2095 5760 et
2128 5701 2480 5771 sancti/icavit
2516 5700 2763 5776 illum”;
2796 5704 2948 5760 dicas
2990 5720 3123 5762 sane
3174 5704 3268 5761 Dei
3333 5723 3417 5762 re-
