3974 6618
465 370 627 427 *1167

1261 370 1530 425 EUSEBII
1571 368 2053 426 Cz-ESARIENSIS
2088 367 2238 423 OPP.
2278 368 2456 422 PARS
2496 367 2584 425 Ill.
2623 399 2693 408 —
2732 365 3142 420 EXEGETICA.

3613 363 3745 419 “68

491 489 676 558 quiem
717 485 1210 548 considerandam,
1265 503 1566 557 verumque
1619 487 1916 541 Sabbatnm
1962 500 2060 556 pro

2171 481 2385 549 αὑτήν·
2421 485 2585 554 ἐρεῖς,
2620 483 2701 536 ὅτι
2744 484 3009 554 προσήκει
3048 484 3237 553 νοῆσαι
3281 481 3422 534 Θεοῦ
3454 485 3748 533 κατάπαυ-

492 579 756 650 dignitate
788 577 880 631 Dei
921 577 1300 647 accipiendum
1341 592 1486 632 esse.
1531 577 1600 629 At
1644 577 1788 631 enim
1822 577 2063 631 declarat

491 672 605 735 ille,
631 669 834 740 impios
867 669 1116 725 homines
1145 686 1256 723 non
1319 670 1670 739 ingressuros
1716 684 1840 723 esse
1892 669 1944 721 in
1977 685 2064 722 re-

491 762 672 832 quiem
707 761 904 830 ipsius,
929 760 983 814 in
1013 761 1240 830 psalmis
1272 760 1403 813 talia
1423 759 1564 815 fatus
1596 777 1610 811 :
1642 760 1855 827 Semper
1883 767 2065 812 ermnt

493 854 671 907 corde.
709 851 825 921 Ipsi
869 869 988 906 vero
1040 869 1143 906 non
1187 861 1533 921 cognoverunt
1567 852 1680 905 vias
1731 867 1896 913 meas,
1930 851 2065 903 sicut

490 943 667 1010 iuraui
698 945 750 998 in
782 945 865 997 ira
896 961 1035 1008 mea,
1071 944 1118 997 si
1144 943 1435 996 introibant
1466 944 1520 996 in
1551 943 1778 1012 requiem
1808 959 1976 996 meam
1996 941 2059 995 ⁸³⁸.

490 1035 727 1092 Necesse
753 1038 918 1107 igitur
942 1044 1027 1092 est
1056 1034 1295 1091 Sabbata
1353 1034 1449 1090 Dei
1497 1034 2064 1090 secundum-mentem

491 1125 763 1196 accipere,
811 1138 866 1181 et
893 1125 1006 1180 Deo
1063 1134 1454 1196 congruentem
1510 1126 1755 1195 requiem
1801 1125 2064 1196 cogitare,

490 1232 598 1288 qua
653 1218 806 1288 impii
831 1233 941 1272 non
997 1218 1294 1284 donantur,
1345 1217 1442 1273 sed
1502 1217 1604 1272 soli
1666 1216 1802 1285 justi
1848 1232 1913 1270 ac
1973 1215 2069 1270 Dei

490 1308 674 1363 amici.
712 1309 792 1362 ita
829 1308 975 1364 enim
1011 1307 1312 1362 dixerimus
1346 1307 1642 1368 Abraham,
1680 1303 1852 1369 Isaac,
1897 1303 2068 1359 Jacob

491 1407 546 1456 et
569 1413 758 1454 omnes
781 1405 1050 1468 quotquot
1085 1404 1212 1450 ante
1245 1403 1299 1450 et
1351 1401 1474 1464 post
1532 1395 1655 1451 illos
1700 1393 1797 1449 Dei
1827 1395 2068 1449 cultores

492 1489 668 1554 fuere,
708 1490 1052 1562 intelligendi
1078 1505 1230 1545 more
1269 1491 1447 1546 solum
1498 1490 1722 1545 novisse
1778 1502 1841 1542 ac
1882 1496 2068 1542 custo-

491 1581 641 1636 disse
688 1578 928 1636 Sabbata
987 1579 1104 1647 Dei,
1139 1589 1193 1634 et
1235 1579 1513 1651 ingressos
1544 1595 1666 1635 esse
1715 1579 1772 1632 in
1821 1577 2066 1645 requiem

490 1671 806 1743 ejus.~-Quid
829 1673 996 1744 igitur
1039 1672 1312 1743 signiﬁcet
1369 1669 1690 1735 Sabbatum,
1733 1670 2068 1740 perpendere

493 1767 872 1823 necessarium
931 1774 1038 1823 est.
1102 1764 1401 1821 Sabbatum
1470 1779 1591 1821 esse
1661 1764 1907 1833 requiem
1971 1761 2068 1817 Dei

2166 594 2268 635 σιν,
2310 578 2404 630 καὶ⁹
2439 577 2499 628 τὸ
2536 576 2786 645 ἀληθινὸν
2827 575 3101 628 Σάϐϐατόν
3154 572 3474 639 ἐκδέξασθαι
3510 572 3753 637 ἐπαξῄυς

2161 669 2256 722 τοῦ
2309 667 2462 721 Θεοῦ.
2515 669 2652 730 Τοὺς
2699 667 2807 738 γὰρ
2857 667 3078 729 ἀσεϐεῖς
3122 665 3444 736 ἀνθρώπους
3494 665 3632 734 φησὶ
3677 664 3752 733 μὴ

2164 758 2562 813 εἰσελεύσεσθαι
2609 761 2689 824 είς
2726 759 2824 830 τὴν
2863 760 3205 814 κατάπαυσιν
3250 757 3414 811 αὑτοῦ
3462 757 3645 824 λέγων
3697 759 3754 810 ὲν

2163 850 2415 920 ῲαλμοίς,
2461 851 2566 904 Ἀεὶ
2595 849 2938 904 πλανῶνται
2963 849 3039 918 τῇ
3068 848 3297 917 καρδίᾳ.
3326 849 3512 902 Αὐτοὶ
3537 847 3610 899 δὲ
3641 849 3754 902 οὐκ

2165 942 2441 1012 ἔγνωσαν
2482 942 2588 1008 τὰς
2622 941 2800 1009 ὁδούς
2841 959 2982 1012 μου,
3026 942 3106 1007 ὡς
3138 941 3346 1011 ὤμοσα
3384 941 3453 992 ἐν
3487 938 3561 1005 τῇ
3601 937 3753 1005 ὁρτῇ

2161 1053 2302 1105 μου,
2327 1035 2382 1088 ει
2423 1035 2872 1088 εἰσελεύσονται
2903 1036 2991 1100 εις
3038 1033 3155 1102 τὴν
3193 1031 3582 1086 κατάπαυσίν
3607 1048 3752 1098 μου.

2167 1126 2376 1182 Οὐκοῦν
2417 1128 2711 1196 ἀναγκαῖον
2749 1126 2890 1179 κατά
2929 1126 3164 1180 διάνοιαν
3212 1124 3460 1179 ὲκλαὸεῖν
3494 1121 3761 1175 Σάὸϐιατα

2165 1218 2325 1283 Θεοῦ,
2370 1219 2463 1272 καὶ
2507 1219 2814 1272 ἀνάπαυσιν
2861 1216 2980 1286 Θεῷ
3028 1216 3365 1287 πρέπουσαν,
3406 1209 3478 1286 ἧς
3529 1213 3762 1274 ἀσεϐεῖς

2172 1309 2270 1378 μὲν
2313 1307 2414 1360 οὐκ
2445 1306 2742 1373 ἀξιοῦνται,
2778 1306 2928 1378 μόνοι
2965 1305 3021 1358 δὲ
3051 1307 3101 1357 οἱ
3134 1305 3324 1358 δίκαιοι
3356 1303 3569 1357 καὶτοῦ
3615 1303 3761 1356 Θεοῦ

2169 1398 2330 1468 φίλοι.
2359 1398 2513 1451 Οὕτω
2544 1396 2674 1467 γοῦν
2711 1399 2957 1468 εῐποιμεν
2985 1396 3050 1452 ἀν
3079 1397 3173 1450 καὶ
3212 1397 3305 1450 τὸν
3338 1395 3617 1467 Ἀϐραὰμ,
3657 1395 3760 1447 καὶ

2167 1491 2258 1545 τὸν
2299 1491 2500 1557 Ἰσαὰκ,
2528 1491 2622 1545 καὶ
2658 1491 2748 1544 τὸν
2782 1490 3000 1555 Ἰακὼϐ,
3036 1489 3161 1554 τούς
3191 1508 3251 1543 τε
3285 1489 3390 1561 πρὸ
3425 1489 3611 1542 αὐτῶν
3655 1488 3759 1540 καὶ

2171 1585 2289 1655 μετ’
2319 1585 2514 1647 αὐτοὺς
2544 1582 2811 1652 θεοφιλεῖς
2844 1583 3052 1646 πάντας
3084 1582 3224 1636 κατὰ
3253 1581 3490 1636 διάνοιαν
3515 1578 3765 1647 ἐγνωκέο

2166 1695 2252 1731 ναι
2281 1678 2376 1730 καὶ
2402 1675 2771 1746 πεφυλαχέναι
2797 1676 2866 1729 τὰ
2905 1675 3156 1729 Σάϐϐατα
3185 1674 3279 1728 τοῦ
3305 1673 3458 1736 Θεοῦ,
3505 1673 3608 1726 καὶ
3637 1675 3764 1725 εἰσ-

2170 1767 2484 1840 εληλυθέναι
2521 1768 2599 1830 είς
2626 1766 2722 1838 τὴν
2755 1767 3096 1821 κατάπαυσιν
3119 1766 3304 1821 αὑτοῦ.
3339 1765 3404 1818 Τί
3427 1765 3495 1837 δὴ
3525 1761 3624 1818 οῦν
3667 1781 3768 1833 ση-

492 1859 781 1929 Scriptura
810 1857 1078 1919 declarat,
1107 1851 1295 1926 quam
1321 1861 1445 1924 post
1504 1852 1851 1909 sensibilium
1911 1865 2067 1905 crea-

2172 1859 2350 1930 μαίνει
2391 1857 2452 1911 τὸ
2493 1856 2789 1924 Σάϐϐατόν,
2825 1859 3120 1926 ἀναγκαῖον
3153 1857 3457 1927 ἐπιστῆσαι.
3503 1856 3559 1908 Ὀ
3594 1857 3768 1922 λόγος

487 1952 699 2006 tionem
734 1949 966 2004 inducit.
1021 1947 1120 2003 Dei
1149 1961 1278 2003 vero
1338 1946 1558 2016 requies
1587 1959 1708 2014 qum
1740 1944 1846 1996 alia
1880 1941 2066 2009 fuerit,

492 2043 601 2099 nisi
629 2041 974 2098 conversatio
1020 2040 1076 2094 in
1132 2038 1567 2110 intelligibilibus
1620 2044 1676 2091 et
1729 2034 2064 2090 coelestibus.

491 2134 630 2189 Nam
681 2148 807 2190 cum
859 2129 1216 2188 sensibilibus
1273 2129 1562 2199 prospicit,
1594 2134 1650 2183 et
1706 2127 1856 2182 circa
1902 2141 2068 2196 opera

492 2225 851 2297 providentia:
875 2221 1066 2277 mundi
1114 2228 1386 2285 versatur,
1415 2225 1548 2272 tunc
1583 2217 1786 2273 dicitur
1815 2215 2068 2287 Operari;

493 2317 753 2389 atque,sic
771 2314 1180 2386 intelligendum
1197 2314 1299 2368 hoc
1317 2310 1614 2367 Salvatoris
1627 2310 1800 2366 nostri
1824 2308 2030 2364 dictum
2053 2326 2067 2363 :

488 2409 660 2464 Pater
687 2425 832 2462 meus
877 2424 1040 2476 usque
1074 2408 1227 2460 modo
1261 2416 1510 2475 operatur
1548 2413 1596 2458 et
1637 2420 1730 2474 ego
1768 2419 1952 2471 operor
1971 2401 2016 2432 ⁹⁹
2053 2419 2066 2455 :

489 2516 618 2556 cum
649 2509 826 2555 autem
858 2501 1004 2554 circa
1048 2513 1212 2568 opera
1242 2499 1584 2565 incorporea,
1615 2503 1669 2551 et
1695 2494 1961 2558 caelestia,
1993 2500 2067 2558 et,

472 2602 555 2646 ut
586 2591 710 2662 quis
751 2591 970 2655 dixerit,
1001 2590 1148 2644 circa
1175 2603 1292 2643 eam
1324 2601 1445 2658 quae
1499 2585 1575 2641 ibi
1623 2585 1833 2657 geritur
1887 2598 2071 2638 rerum

493 2682 998 2739 considerationem
1043 2687 1318 2746 versatur,
1363 2687 1497 2734 tunc
1546 2677 1790 2748 requiem
1840 2676 2066 2740 habere,

494 2789 550 2832 et
585 2775 882 2830 Sabbatum
928 2789 1088 2829 suum
1140 2789 1300 2845 agerc
1358 2771 1698 2843 intelligitur.
1750 2767 1951 2824 Eadem
1980 2785 2072 2822 ra-

494 2871 641 2926 tione
671 2867 838 2937 igitur
859 2867 963 2921 viri
997 2881 1215 2937 quoque
1247 2865 1368 2931 Dei,
1394 2864 1615 2935 quando
1665 2863 1926 2934 operibus
1950 2861 2071 2916 ani-

477 2971 638 3011 mam
669 2955 1098 3027 defatigantibus
1137 2957 1289 3027 (talia
1320 2971 1451 3010 vero
1477 2962 1608 3009 sunt
1656 2955 1841 3008 omnia
1871 2968 2070 3018 corpo-

493 3061 610 3112 rea,
641 3052 696 3102 et
725 3053 954 3102 terrenae
981 3046 1164 3100 carnis
1195 3045 1395 3116 amica)
1421 3044 1660 3109 liberati,
1711 3042 1822 3099 Deo
1844 3059 2072 3114 prorsus

491 3147 713 3202 vacant,
745 3152 810 3192 ac
839 3137 1152 3192 divinorum
1199 3135 1681 3206 spiritualiumque
1735 3133 2074 3204 contempla-

494 3229 633 3283 tioni
666 3228 836 3283 dediti
893 3234 1043 3289 sunt,
1085 3234 1216 3280 tunc
1279 3233 1503 3295 accepta
1554 3223 1666 3280 Deo
1719 3224 1980 3289 Sabbata,
2017 3232 2072 3279 et

495 3321 740 3390 requiem
775 3319 1006 3373 Domino
1023 3317 1132 3373 Deo
1163 3325 1352 3390 agunt.
1383 3316 1460 3372 De
1513 3317 1600 3372 his
1649 3332 1780 3373 vero
1816 3316 2070 3372 Sabbatis

495 3410 601 3464 hoc
633 3411 708 3463 ait
745 3407 940 3463 :Nunc
961 3408 1279 3478 relinquitur
1306 3407 1659 3461 sabbatismus
1681 3407 1872 3477 populo
1904 3406 2072 3460 Dei‘?

495 3506 552 3555 et
576 3514 799 3554 rursum
828 3517 841 3553 :
867 3498 1197 3553 Festinemus
1244 3499 1408 3568 igitur
1457 3497 1663 3568 ingredi
1710 3499 1762 3550 in
1795 3499 1946 3551 illam
1985 3514 2070 3551 re-

493 3591 717 3663 quiem”.
755 3590 890 3646 Nam
941 3592 1242 3662 perfectum
1271 3591 1571 3647 Sabbatum
1598 3597 1652 3646 et
1680 3589 1918 3661 perfecta
1944 3591 2068 3646 bea-

494 3683 818 3754 tissimaque
861 3683 1081 3754 requies
1117 3684 1172 3738 in
1224 3698 1395 3754 regno
1439 3681 1556 3748 Dei,
1605 3698 1774 3753 supra
1826 3699 1922 3739 sex
1951 3683 2069 3738 die-

494 3791 620 3830 rum
653 3776 957 3846 Opiﬁ'cium,
987 3777 1226 3841 exsistit,
1258 3784 1312 3832 ct
1361 3785 1519 3832 extra
1549 3779 1737 3832 omnia
1787 3777 2070 3833 sensibilia

495 3867 550 3921 in
611 3867 952 3938 incorporeis
1007 3877 1061 3922 et
1113 3868 1430 3925 caelestibus
1474 3877 1746 3935 versatur,
1777 3869 1921 3924 unde
1973 3885 2072 3924 auo

492 3954 633 4026 fugit
689 3956 866 4025 dolor,
923 3958 1145 4013 tristitia
1189 3965 1244 4014 et
1302 3959 1573 4029 gemitus;
1627 3959 1718 4013 ubi
1767 3973 1799 4012 a
1850 3960 2071 4014 mortali

492 4056 550 4104 et
600 4050 936 4120 corruptioni
989 4051 1227 4106 obnoxia
1267 4052 1382 4106 vita
1436 4051 1630 4122 erepti,
1674 4061 1841 4122 atque
1895 4054 2069 4108 otium

491 4135 607 4194 Deo
653 4148 870 4210 gratum
905 4155 968 4196 ac
1009 4141 1226 4196 beatum
1259 4152 1504 4212 agentes,
1525 4151 1580 4197 et
1609 4159 1641 4198 a
1692 4145 1942 4214 corporis
1974 4160 2070 4200 ac-

489 4228 740 4284 tionibus
795 4238 961 4299 atque
1005 4245 1037 4284 a
1093 4232 1356 4286 servitute
1423 4233 1608 4287 carnis
1665 4233 1908 4299 liberati,
1945 4249 2070 4289 cum

482 4323 620 4390 ipso
654 4319 763 4376 Deo
797 4328 851 4376 et
882 4321 1025 4392 apud
1080 4322 1259 4392 ipsum
1309 4333 1614 4390 versantes,
1674 4323 1975 4379 Sabbatum
2017 4334 2073 4380 et

493 4414 740 4484 requiem
763 4427 1006 4484 agemus.
1057 4413 1422 4481 Quamobrem
1469 4417 1544 4470 ait
1589 4416 1886 4487 Apostolus
1923 4415 2074 4473 :Feo

2169 1949 2471 2003 ἀνάπαυσιν
2509 1947 2658 2018 δηλοῖ
2697 1947 2865 2001 Θεοῦ⁸
2909 1948 3115 2016 εἰσάγει
3145 1965 3205 2000 τε
3239 1947 3439 2018 ταύτην
3487 1946 3634 2017 μετὰ
3665 1947 3768 2015 τὴν

2167 2040 2276 2094 τῶν
2311 2032 2583 2111 αἰσθητῶν
2635 2039 3010 2111 κοσμοποιίαν.
3051 2037 3188 2091 Θεοῦ
3235 2038 3292 2091 δὲ
3335 2039 3657 2100 ἀνάπαυσις
3685 2040 3770 2099 τίς

2169 2132 2236 2186 ἂν
2258 2133 2464 2201 γένοιτο
2493 2131 2782 2202 ἑτέραλτῆς
2815 2131 2950 2202 πρὸς
2983 2132 3094 2194 τοῖς
3136 2131 3346 2201 νοητοῖς
3369 2131 3462 2183 καὶ
3515 2131 3769 2200 ὑπερκο-

2174 2224 2352 2294 σμιοις
2405 2223 2716 2293 διαγωγῆς;
2777 2222 2906 2274 Ὅτε
2949 2221 3046 2292 μὲν
3088 2221 3196 2293 γάρ
3243 2221 3372 2293 περὶ
3421 2221 3488 2274 τά
3518 2222 3769 2292 αἰσθητά

2171 2317 2492 2386 περισκοπεῖ
2521 2315 2612 2368 καὶ
2650 2313 2778 2386 περῖ¹
2820 2313 2889 2366 τά
2921 2313 3056 2383 ἔργα
3097 2313 3196 2384 τῆς
3232 2311 3326 2366 τοῦ
3369 2312 3574 2383 κόσμου
3631 2331 3774 2381 πρίν

2170 2406 2318 2469 νοίας
2357 2405 2728 2474 καταγίνεται,
2771 2403 3095 2476 ἐργάζεσθαι
3137 2403 3355 2472 λέγεται
3380 2420 3395 2435 ν
3436 2403 3535 2454 καὶ
3577 2402 3769 2464 οῦς-,ως

2170 2498 2460 2552 ἀκουστέον
2503 2499 2749 2567 λέγοντος
2791 2496 2886 2550 τοῦ
2929 2496 3180 2568 Σωτῆρος
3221 2495 3420 2566 ὴμῶν,,
3448 2495 3504 2548 Ὀ
3547 2496 3767 2562 Πατήρ

2164 2609 2284 2662 μου
2308 2591 2419 2657 ἕως
2457 2589 2586 2659 ἄρτι
2611 2589 2945 2660 ἐργάζεται,
2995 2587 3157 2659 κάγὼ
3195 2587 3536 2658 ἐργὰζὶψαι·
3571 2588 3674 2640 ὅτε
3709 2589 3768 2640 δὲ

2171 2683 2308 2754 πρὸς
2333 2685 2444 2746 τοῖς
2479 2682 2790 2753 ἀσωμάτοις
2822 2683 2917 2736 καὶ
2944 2682 3336 2753 ύπερκοσμίοις
3363 2682 3502 2744 ἐστὶ,
3529 2683 3653 2744 καὶ,
3689 2681 3770 2744 ὡς

2170 2773 2235 2828 ἂν
2264 2773 2406 2827 εἴποι
2444 2790 2548 2840 τις,
2593 2774 2652 2827 ὲν
2675 2777 2742 2845 τῇ
2770 2773 2966 2827 αὐτόσε
3000 2773 3165 2826 αὐτοῦ
3197 2775 3477 2845 περιωπῇ-ι
3502 2772 3562 2823 τὸ
3607 2790 3772 2845 τηνμ

2171 2864 2346 2919 καῦτα
2379 2865 2683 2919 ἀνάπαυσιν
2723 2865 2896 2936 ἄγειν,
2923 2865 3016 2921 καὶ
3045 2864 3103 2920 τὸ
3128 2863 3289 2920 αὐτοῦ
3324 2865 3605 2919 Σάϐϐατον
3645 2868 3774 2917 tm-

2171 2957 2342 3014 τελεῖν
2369 2961 2588 3014 νοεῖται.
2631 2958 2787 3014 Κατὰ
2815 2961 2886 3013 τὰ
2930 2959 3067 3012 αύτά
3104 2958 3391 3031 τοιγαροῦν
3427 2960 3526 3012 καὶ
3564 2961 3624 3011 οἱ
3669 2960 3771 3012 τοῦ

2172 3051 2308 3105 Θεοῦ
2337 3051 2548 3122 ἄνδρες,
2588 3049 2827 3116 ὲπειδάν,
2870 3049 2978 3104 τῶν
3018 3049 3326 3104 κοπούντων
3362 3050 3481 3119 (sic)
3512 3049 3620 3117 τὴν
3665 3052 3772 3118 ψυ-

2100 3189 2142 3247 c
2176 3143 2275 3216 χὴν
2299 3143 2473 3216 ἔργων
2529 3143 2771 3216 (τοιαῦτα
2796 3143 2856 3196 δὲ
2881 3145 3058 3197 πάντα
3086 3141 3155 3195 τά
3183 3142 3466 3212 σωματικά
3501 3141 3600 3192 καὶ
3633 3141 3768 3210 φίλα

2173 3237 2273 3308 τῆς
2309 3236 2541 3306 γεώδους
2585 3237 2829 3309 σαρκὸς),
2873 3235 3296 3304 ἀπαλλαγέντες,
3334 3236 3441 3288 ὅλοι
3484 3235 3769 3303 γένωνται

2173 3328 2309 3400 πρὸς
2356 3327 2435 3398 τῷ
2484 3328 2602 3400 Θεῷ
2641 3328 2736 3382 καὶ
2787 3328 2924 3400 πρὸς
2973 3330 3039 3399 τῇ
3070 3327 3179 3380 τῶν
3206 3327 3365 3381 θείων
3405 3326 3502 3380 καὶ
3540 3327 3766 3397 νοητῶν

2175 3419 2333 3491 σχολῇ
2373 3437 2432 3472 τε
2465 3420 2558 3473 καὶ
2604 3419 2826 3492 θεωρίᾳ,
2852 3419 2972 3472 τότε
2997 3419 3064 3473 τὰ
3099 3419 3229 3489 φίλα
3253 3419 3330 3491 τῷ
3353 3419 3765 3490 Θεῷ-Σάϐϐατα

2171 3512 2264 3564 καὶ
2289 3512 2593 3568 ἀνάπαυσιν
2627 3512 2816 3584 Κυρίῳ
2842 3511 2921 3583 τῷ
2949 3511 3068 3583 Θεῷ
3097 3511 3308 3582 ἄγουσι,
3341 3512 3448 3565 Καὶ
3478 3512 3612 3581 περὶ
3653 3512 3764 3566 τῶν

2171 3603 2426 3657 τοιούτων
2455 3605 2747 3658 Σαϐϐάτων
2776 3605 3016 3658 διδάσκει
3039 3605 3240 3673 λέγων·
3265 3601 3406 3673 Ἆρα
3431 3605 3766 3658 ἀπολείπε-

2171 3694 2710 3766 ταισαϐϐατισμὸς
2750 3695 2831 3761 τῷ
2879 3695 3008 3762 λαῷ
3057 3697 3162 3752 τοῦ
3207 3697 3388 3760 Θεοῦ;
3423 3697 3517 3749 καὶ
3550 3697 3761 3751 πάλιν·

2173 3785 2618 3856 Σπουδάσωμεν
2641 3783 2756 3843 οὖν
2781 3787 3078 3842 εἰσελθεῖν
3103 3790 3191 3854 εὶς
3229 3789 3473 3856 ἐκείνην
3503 3787 3626 3856 τὴν
3655 3805 3764 3841 κα-

2171 3875 2495 3934 τάπαυσιν.
2529 3877 2603 3931 Τὸ
2627 3878 2736 3950 γὰρ
2777 3877 2980 3933 τέλειον
3028 3878 3322 3944 Σάϐϐατον,
3364 3878 3454 3931 καὶ
3492 3879 3526 3948 ἡ
3570 3879 3767 3932 τελεία

2173 3969 2267 4021 καὶ
2299 3970 2332 4040 ἡ
2359 3969 2731 4040 τρισμακαρία
2773 3970 3116 4035 κατάπαυσις
3151 3972 3210 4025 ὲν
3247 3973 3312 4042 τῇ
3349 3969 3440 4024 τοῦ
3475 3969 3617 4022 Θεοῦ
3669 3972 3766 4040 βα-

2174 4058 2347 4131 σιλείᾳ
2378 4060 2665 4131 τυγχάνει,
2709 4062 2848 4132 ὑπὲρ
2892 4062 2992 4132 τὴν
3042 4062 3344 4133 ἑξαήμερον
3392 4061 3768 4132 δημιουργίαν

2172 4153 2267 4206 καὶ
2294 4151 2401 4205 τῶν
2434 4152 2707 4224 αἰσθητῶν
2744 4154 2998 4207 ἀπάντων
3023 4153 3180 4215 ἐκτὸς
3223 4153 3280 4206 ὲν
3309 4153 3625 4222 ἀσωμάτοις
3669 4158 3770 4207 καὶ

2173 4243 2598 4314 ὑπερκοσμίοις,
2645 4242 2776 4296 ἔνθα
2825 4243 3038 4314 ἀπέδρα
3085 4241 3243 4312 ὀδύνη
3293 4242 3386 4296 καὶ
3426 4241 3606 4313 λύπη,
3668 4245 3768 4296 καὶ

2175 4334 2507 4405 στεναγμός·
2567 4333 2697 4388 ἔνθα
2747 4335 2847 4404 τῆς
2898 4333 3100 4405 θνητῆς
3151 4334 3244 4388 καὶ
3303 4334 3551 4403 φθαρτῆς
3606 4335 3769 4405 ζωῆς

2173 4427 2601 4495 ἀπαλλαγέντες,
2648 4428 2741 4480 καὶ
2773 4427 2970 4498 ἀργίαν
3010 4427 3352 4497 ἀργήσαντες
3395 4426 3492 4497 τὴν
3528 4427 3768 4496 θεοφιλῆ

493 4507 748 4560 stinemus
776 4507 938 4576 igitur
964 4506 1166 4578 ingredi
1193 4508 1247 4562 in
1277 4507 1430 4562 illam
1471 4509 1720 4579 requiem.
1767 4509 2066 4580 Imaginem

2171 4519 2264 4572 καὶ
2296 4520 2594 4591 μακαρίαν,
2625 4520 2734 4574 τῶν
2775 4539 2835 4574 τε
2881 4519 3207 4591 σωματικῶν
3241 4517 3490 4591 πράξεων
3530 4521 3632 4572 καὶ
3661 4521 3768 4591 τῆς

493 4612 661 4668 porro
692 4597 840 4653 illius
872 4597 1096 4654 Sabbati
1141 4615 1204 4655 ac
1246 4600 1501 4670 perfectae
1529 4602 1966 4672 beatissimaeque
1989 4618 2074 4660 re-

494 4690 641 4761 quiei
676 4691 731 4745 in
751 4699 899 4746 terra
925 4699 1201 4762 gestantes
1229 4694 1335 4748 viri
1368 4693 1488 4760 Dei,
1533 4694 1702 4751 ferias
1750 4695 1986 4766 agebant
2017 4703 2072 4752 et

492 4784 859 4838 cessationem
909 4784 977 4838 ab
1007 4783 1097 4849 iis,
1131 4799 1252 4854 qua:
1298 4799 1330 4838 a
1371 4784 1482 4841 Deo
1527 4787 1718 4857 procul
1778 4795 2068 4854 amovent;

493 4873 595 4929 toti
651 4882 834 4928 autem
894 4873 1207 4928 divinorum
1259 4876 1708 4945 contemplationi
1761 4875 1952 4942 dediti,
1982 4877 2071 4932 die

489 4971 762 5034 nocteque
789 4967 842 5018 in
871 4981 1158 5020 sacrorum
1189 4982 1504 5021 sermonum
1560 4968 1917 5024 meditatione
1946 4984 2072 5038 per-

492 5067 832 5121 severantes,
862 5068 1053 5112 sancta
1102 5058 1341 5113 Sabbata
1380 5068 1436 5114 et
1494 5059 1603 5115 Deo
1657 5069 1937 5130 acceptam
1985 5075 2073 5116 re-

492 5147 673 5217 quiem
724 5149 1076 5220 agebant;ac
1107 5159 1240 5205 tunc
1284 5167 1414 5207 vere
1472 5151 1770 5206 Sabbatum
1826 5153 2071 5208 celebra-

492 5237 649 5292 bant.
684 5238 866 5303 Quare
899 5247 1205 5310 opportune
1251 5241 1456 5314 Moysis
1490 5244 1597 5309 lex,
1624 5243 1737 5312 jam
1794 5243 2069 5300 dictorum

494 5328 718 5384 umbras
745 5337 798 5384 et
819 5331 1063 5400 symbola
1085 5331 1329 5395 tradens,
1355 5334 1688 5388 multitudini
1713 5335 1855 5389 diem
1877 5348 2070 5404 quam-

494 5417 619 5470 dam
651 5419 970 5487 assignavit,
996 5429 1055 5474 ut
1089 5421 1280 5475 saltem
1311 5423 1366 5475 in
1397 5437 1461 5476 ea
1491 5438 1522 5476 a
1571 5425 1855 5479 consuetis
1884 5423 2070 5494 Operi-

493 5508 597 5564 bus
646 5509 1004 5575 abstinerent,
1041 5512 1238 5566 divina:
1287 5522 1472 5567 autem
1533 5515 1669 5584 legis
1722 5516 2067 5570 meditationi

493 5612 770 5659 vacarent.
803 5602 1050 5669 Praesens
1088 5616 1233 5663 certe
1266 5609 1511 5677 psalmus
1547 5610 1752 5667 diserte
1805 5611 1962 5667 docet
2005 5629 2068 5669 ea

2176 4609 2420 4674 δουλείας
2459 4612 2558 4684 τῆς
2607 4613 2805 4684 σαρκὸς
2845 4611 3314 4683 ἐλευθερωθέντες,
3358 4613 3452 4665 σὺν
3491 4611 3648 4683 αὐτῷ
3686 4613 3767 4676 τῷ

2177 4699 2295 4771 Θεῷ
2335 4702 2428 4755 καὶ
2451 4704 2579 4774 παρ’
2611 4703 2762 4774 αὐτῷ
2798 4702 3100 4772 γενόμενοι,
3129 4701 3523 4772 σαϐϐατίσομέν
3552 4720 3614 4754 τι
3665 4700 3764 4750 καὶ

2178 4791 2622 4862 ἀναπαυσόμεθα.
2647 4792 2737 4845 Διό
2764 4809 2930 4864 φησιν
2960 4793 2988 4846 ὁ
3020 4791 3334 4854 Ἀπόστολος
3353 4809 3368 4824 ·
3394 4784 3766 4846 Σπουδάσω-

2171 4899 2287 4952 μεν
2320 4879 2436 4938 οὖν
2465 4884 2766 4939 εἰσελθεῖν
2807 4887 2894 4950 εἰς
2935 4884 3174 4951 ἐκείνην
3202 4884 3316 4948 τὴν
3345 4875 3761 4931 κατάπαυσιν.

2178 4973 2374 5026 Είκόνα
2401 4973 2444 5026 δ’
2470 4975 2680 5028 ἐκείνου
2709 4977 2801 5028 τοῦ
2831 4975 3106 5029 Σαϐϐάτου
3135 4973 3227 5025 καὶ
3253 4971 3351 5042 τῆς
3373 4968 3584 5031 τελείας
3611 4971 3770 5023 ὲκεί-

2175 5081 2274 5135 νης
2306 5065 2398 5117 καὶ
2431 5068 2834 5140 τρισμακαρίας
2857 5066 3216 5127 ἀναπαύσεως
3246 5063 3502 5134 φέροντες
3535 5064 3632 5115 ὲπῖ
3657 5065 3768 5134 τῆς

2175 5156 2266 5208 τοῦ
2306 5156 2440 5210 Θεοῦ
2490 5157 2702 5230 ἄνδρες,
2735 5161 2927 5231 σχολὴν
2974 5160 3071 5230 μὲν
3116 5157 3393 5211 ἐποιοῦντο
3427 5157 3522 5208 καὶ
3553 5157 3770 5225 ἀργίαν

2174 5248 2283 5302 τῶν
2330 5250 2548 5322 μακρὰν
2577 5253 2919 5320 ἀφιστάντων
2951 5251 3045 5305 τοῦ
3073 5249 3230 5313 Θεοῦ,
3259 5251 3366 5303 ὅλοι
3399 5249 3453 5301 δὲ
3494 5248 3638 5318 apo;
3696 5251 3767 5318 τῇ

2175 5339 2285 5393 τῶν
2321 5339 2483 5393 θείων
2520 5340 2720 5413 θεωρίᾳ
2746 5341 3075 5412 γιγνόμενοι,
3101 5341 3168 5393 δι’
3199 5339 3408 5410 ἡμέρας
3437 5352 3497 5388 τε
3539 5336 3636 5388 καὶ
3671 5355 3769 5388 νυ-

2177 5432 2302 5496 κτὸς
2336 5437 2400 5503 τῇ
2432 5433 2540 5486 τῶν
2577 5435 2739 5504 ἱερῶν
2767 5434 2939 5502 λόγων
2969 5433 3163 5505 μελέτῃ
3192 5428 3768 5504 προσκαρτεροῦντες,

2176 5527 2306 5594 ἆγια
2346 5526 2597 5581 Σάϐϐατα
2640 5528 2732 5580 καὶ
2772 5527 3076 5581 ἀνάπαυσιν
3111 5525 3268 5596 φίλην
3309 5520 3529 5593 τῷΘεῷ
3578 5520 3773 5576 διανέ-

2179 5634 2349 5669 παυον
2389 5619 2508 5670 τότε
2546 5621 2640 5672 καὶ
2679 5619 3050 5683 ἐσαϐϐάτιζον.
3103 5616 3291 5671 Ἔνθεν
3337 5614 3561 5678 εἰκότως
3594 5616 3702 5668 καὶ
3740 5617 3772 5670 ό

562 5789 608 5821 ⁸⁸
643 5787 788 5846 Psal.
827 5807 969 5859 χειν,
1005 5794 1227 5861 ιονιι.
1293 5794 1351 5867 _"
1388 5792 1549 5852 Joan.
1584 5811 1636 5854 ν.
1676 5795 1762 5852 l7.
1844 5797 1862 5828 ί
1903 5794 2067 5855 Hebr.

2171 5837 2183 5852 .
2225 5798 2278 5851 9.
2359 5799 2378 5829 ⁸
2435 5799 2560 5847 ³Ιιῖι1,
2606 5800 2660 5843 Η
