3974 6520
287 328 430 384 H73

1379 330 1887 387 COMMENTARIA
1928 331 1995 389 IN
2030 321 2399 387 PSALMoss.

3395 328 3425 382 1
3438 327 3535 383 ΗΛ

281 448 426 503 λαῶν
462 449 782 520 συμφωνία,
832 452 954 505 καθ’
985 452 1050 523 ἣν
1089 454 1149 507 ὲν
1189 454 1391 518 πάσαις
1436 457 1555 519 ταῖς
1598 455 1690 508 τοῦ
1729 455 1847 509 Θεοῐ

1967 458 2085 527 pari
2117 472 2393 512 consensu
2421 458 2475 508 et
2503 464 2609 509 una
2635 451 2903 510 sententia
2924 450 3044 508 ﬁdei
3070 458 3124 508 et
3152 440 3390 523 pietatis,
3424 471 3532 510 una

277 541 618 613 ἐκκλησίαις,
651 542 993 612 όμογνώμονι
1029 543 1173 626 ψυχῇ
1204 546 1297 598 καὶ
1332 546 1430 615 μιᾷ
1460 543 1715 609 διαθέσει,
1742 544 1847 615 ὁμο

1966 564 2118 614 voce,
2156 548 2328 605 melos
2363 548 2416 603 in
2467 546 2787 617 psalmodiis
2840 545 3162 601 emittimus.
3206 543 3531 615 llujusmodi

278 634 521 707 φροσύνῃ
571 651 630 687 τε
682 634 777 688 κα)⁵
819 634 1070 707 ὁμοδοξία
1120 635 1354 700 πίστεως
1402 635 1497 689 καὶ
1544 635 1860 702 εὐσεϐείας,

276 724 556 795 ὁμόφωνον
585 723 745 793 μέλος
776 724 834 776 ὲν
864 724 983 785 ταῖς
1024 723 1415 795 ψαλμολογίαις
1446 725 1860 795 ἀναπέμπομεν.

274 816 565 879 Τοιαῦταις
610 809 703 869 οὖν
738 815 1079 887 summa;
1132 817 1225 869 καὶ
1270 816 1522 888 κιθάραις
1569 834 1862 888 πνευματι-

275 908 398 969 καῖς
436 907 668 978 χρῆσθαι
701 907 994 979 εἰώθαμεν,
1042 908 1166 962 ἐπεὶ
1209 908 1303 961 καὶ
1347 907 1505 961 τοῦτο
1551 907 1789 961 διδάσκει
1834 909 1862 961 ό

287 997 605 1062 Ἀπόστολος
631 999 805 1065 λέγων
824 1015 837 1028 ’
874 999 1142 1069 Ψαλμοῖς
1176 999 1274 1054 καὶ
1305 999 1483 1067 ᾠδαῖς
1509 1000 1609 1055 καί
1652 1000 1862 1069 ὕμνοις

272 1091 714 1159 πνευματικοῖς.
756 1092 853 1163 Είη
888 1092 933 1144 δ’
974 1090 1041 1145 ἂν
1080 1091 1254 1155 ἄλλως
1296 1091 1496 1164 κιθάρα
1546 1093 1643 1163 μὲν
1669 1092 1716 1146 τί
1736 1093 1859 1155 είτᾶν

272 1180 455 1252 σῶμα,
480 1176 539 1236 οῦ
572 1182 660 1235 διὰ
689 1182 801 1235 τῶν
830 1184 1097 1254 κινήσεων
1122 1184 1218 1237 καὶ
1240 1184 1349 1236 τῶν
1374 1182 1626 1254 πράξεων
1654 1185 1687 1254 ἡ
1714 1182 1860 1253 ψυχὴ

268 1272 363 1325 τὸν
398 1274 677 1344 πρέποντα
713 1275 791 1345 τῷ
829 1274 947 1345 Θεῴ
981 1274 1148 1345 ῦμνον
1196 1274 1517 1328 ἀποδίδωσιο
1562 1274 1872 1353 ψαλτήριον.

267 1363 327 1418 δὲ
353 1364 674 1436 δεκάχορδον
700 1369 737 1438 ἡ
764 1366 857 1420 τοῦ
886 1366 1043 1435 ἁγίου
1073 1368 1389 1438 Πνεύματος
1417 1366 1504 1419 διὰ
1536 1366 1643 1420 τῶν
1670 1365 1860 1436 αἰσθη-

268 1456 474 1527 τηρίων
515 1458 677 1512 πέντε
716 1460 827 1531 μὲν
859 1459 952 1512 τοῦ
998 1457 1271 1529 σώματος,
1311 1457 1609 1529 ἰσαρίθμων
1656 1457 1713 1511 δὲ
1758 1456 1860 1526 τῆς

268 1546 448 1619 ψυχῆς
473 1550 775 1620 δυνάμεων,
800 1550 1192 1621 ἐπιτελουμένη
1226 1549 1451 1621 λατρεία
1475 1567 1487 1579 ·
1515 1548 1550 1603 ἂ
1594 1548 1659 1618 δὴ
1690 1564 1856 1619 παρι-

267 1640 407 1703 στὰς
441 1643 469 1694 ὁ
514 1641 675 1706 αὐτὸς
705 1642 1029 1707 Ἀπόστολός
1072 1641 1205 1712 φησί
1259 1659 1392 1695 πουι
1442 1640 1858 1709 Προσεύξομαι

266 1731 347 1797 τῷ
380 1735 689 1803 πνεύματι,
715 1735 1122 1805 προσεύξομαι
1163 1733 1232 1788 δὲ
1265 1734 1362 1787 καί
1398 1730 1478 1798 τῷ
1524 1732 1647 1786 rot'
1678 1730 1857 1799 ψαλῶ

1963 643 2131 713 igitur
2160 641 2478 713 psalmodiis
2506 648 2559 695 et
2597 640 2824 696 citharis
2865 638 3241 710 spiritualibus
3288 639 3365 692 uti
3399 654 3533 693 con-

1962 734 2287 788 suevimus:
2341 731 2468 801 quia
2523 730 2575 783 id
2631 730 2791 785 docet
2838 727 3133 799 Apostolus
3185 728 3271 783 his
3328 729 3534 795 verbis,

1964 823 2202 877 Psalmis
2247 831 2295 877 et
2327 821 2548 875 canticis
2583 829 2632 874 et
2676 820 2884 891 hymnis
2931 818 3360 888 spiritualibus’.
3412 818 3534 872 Alia

1960 915 2089 969 item
2151 914 2366 968 ratione
2417 912 2630 967 cithara
2681 910 2845 965 fuerit
2884 917 3058 964 totum
3108 924 3329 980 corpus,
3379 909 3537 979 cujus

1960 1005 2201 1060 motibus
2232 1014 2287 1060 et
2314 1004 2573 1075 operibus
2624 1002 2807 1056 anima
2844 1001 3231 1057 eondecentem
3272 1001 3538 1071 hymnum

1961 1094 2071 1149 Deo
2096 1095 2316 1150 emittit.
2360 1093 2686 1151 Psalterium
2728 1101 2909 1146 autem
2949 1091 3133 1146 decem
3181 1090 3534 1147 chordarum.

1963 1186 2202 1256 Spiritus
2246 1186 2421 1240 sancti
2481 1186 2664 1239 cultus
2710 1192 2816 1247 est,
2864 1198 2961 1253 per
2990 1183 3232 1253 quinque
3288 1180 3537 1252 corporis

1959 1294 2178 1342 sensus,
2211 1284 2265 1333 et
2298 1293 2394 1347 per
2440 1276 2667 1331 totidem
2710 1276 2903 1330 anima:
2941 1276 3172 1331 virtutes
3209 1273 3483 1329 exhibitus
3519 1288 3531 1324 :

1959 1388 2081 1443 qua:
2121 1371 2207 1427 his
2258 1370 2501 1426 declarat
2545 1370 2688 1425 idem
2740 1368 3056 1440 Apostolus.
3105 1366 3283 1423 Orabo
3323 1366 3533 1435 spiritu,

1960 1459 2121 1514 orabo
2161 1470 2334 1513 autem
2365 1467 2413 1512 et
2450 1467 2660 1522 mente;
2695 1458 2926 1527 psallam
2961 1458 3152 1529 spiritu
3174 1496 3188 1521 ,
3220 1455 3447 1525 psallam
3487 1464 3535 1506 et

1960 1556 2129 1601 mente
2144 1548 2209 1602 ‘°.
2243 1545 2409 1612 Quasi
2446 1546 2656 1603 scilicet
2679 1563 2835 1603 mens
2866 1549 3027 1603 etiam
3061 1555 3242 1601 motus
3284 1561 3415 1601 suos
3440 1544 3538 1598 ha.-

1958 1639 2107 1705 beat,
2147 1638 2346 1708 quibus
2378 1639 2559 1709 pulsat
2598 1654 2828 1709 corpus;
2862 1647 2915 1694 et
2965 1639 3191 1708 spiritus
3240 1638 3369 1691 item
3403 1650 3536 1708 pro.-

1958 1728 2109 1798 prios
2143 1727 2387 1782 obtineat
2417 1737 2620 1795 motus,
2658 1730 2858 1800 quibus
2893 1730 3129 1784 animam
3158 1737 3358 1785 movet.

265 1820 347 1888 τῷ
378 1825 688 1896 πνεύματι,
728 1823 903 1893 ψαλῶ
950 1823 1018 1878 δὲ
1066 1824 1164 1878 καί
1212 1822 1292 1889 τῷ
1346 1824 1473 1877 νοΐ·
1523 1821 1597 1885 ὡς
1636 1822 1731 1875 καὶ
1777 1819 1870 1873 τοῦ
1907 1818 2026 1881 νοὸς
2076 1817 2210 1879 ἰδίας
2249 1818 2464 1889 ἔχοντος
2515 1822 2775 1893 κινήσεις,
2822 1822 2889 1877 δι’
2935 1815 3011 1877 ὧν
3045 1820 3435 1895 ἀνακρούεται,
3476 1822 3538 1876 τὸ

266 1918 448 1989 σῶμα,
485 1920 578 1973 καὶ
610 1920 704 1974 τοῦ
751 1921 1060 1992 πνεύματος
1094 1920 1255 1975 πάλιν
1286 1920 1513 1984 οἰκείας,
1548 1918 1614 1972 δι’
1642 1910 1716 1971 ὧν
1754 1917 1850 1988 τὴν
1877 1914 2053 1986 ψυχὴν
2086 1915 2315 1984 ἐνεργεῖ.

338 2036 456 2088 Ὅτι
481 2035 783 2104 εὔφρανὰς
809 2052 907 2105 με,
936 2037 1131 2104 Κύριε,
1166 2036 1236 2090 ὲν
1274 2033 1356 2100 τῷ
1390 2034 1675 2103 ποιήματι
1714 2048 1847 2095 σου,

2016 2026 2183 2083 Vens.
2220 2029 2274 2084 5.
2311 2027 2450 2095 Quia
2482 2029 2755 2085 delectasti
2799 2050 2901 2097 me,
2954 2031 3197 2099 Domine,
3234 2034 3292 2087 in
3322 2034 3455 2103 facta
3472 2050 3535 2086 re.

264 2126 364 2179 καί
386 2126 455 2181 ἐν
476 2122 599 2194 τοῖς
625 2130 820 2196 ἔργοις
842 2127 960 2181 τῶν
985 2127 1198 2197 χειρῶν
1223 2143 1341 2182 σου
1382 2126 1846 2197 ἁγηλλιάσομαι.

275 2216 335 2269 '0
366 2219 564 2285 νοήσας
605 2218 702 2289 τὴν
745 2218 851 2271 ὑπὸ
887 2218 979 2272 τοῦ
1024 2218 1159 2271 Θεοῦ
1205 2219 1580 2289 πεποιημένην
1614 2216 1848 2288 ἡμέραν,

261 2309 392 2378 περὶ
426 2305 494 2381 ἦς
526 2309 761 2382 εἴρηται,
805 2312 966 2378 Αὕτη
1016 2312 1055 2378 ὴ
1099 2311 1310 2381 ἡμέρα,
1356 2310 1436 2377 ἣν
1482 2311 1772 2376 ἐποίησεν
1817 2311 1851 2363 ό

259 2403 497 2470 Κύριος,
528 2404 1023 2474 ἁγαλλιασώμεθα
1067 2406 1165 2458 καὶ
1196 2404 1617 2474 εὐφρανθῶμεν
1642 2404 1711 2457 ἐν
1739 2405 1849 2455 αὑ-

259 2492 357 2563 τῇ,
402 2490 556 2558 οὗτος
604 2497 740 2566 ἐρεῖ,
780 2497 900 2549 Ὅτι
942 2496 1247 2565 εὔφρανάς
1282 2514 1380 2565 με,
1416 2497 1621 2564 Κύριε,
1656 2496 1728 2549 ἐν
1768 2494 1850 2560 τῷ

256 2586 543 2657 ποιήματι
587 2602 723 2641 σου.
767 2588 904 2641 Ἀλλ’
936 2590 1123 2660 ἐπειδὴ
1176 2590 1303 2661 περὶ
1345 2589 1448 2658 τῆς
1492 2588 1704 2661 ἡμέρας
1752 2587 1847 2641 τοῦ

258 2679 539 2735 Σαϐϐἀτου
583 2681 612 2733 ὁ
645 2680 836 2752 παρὼν
881 2680 1092 2752 ψαλμὸς
1126 2681 1563 2754 προγέγραπται,
1592 2681 1849 2751 ζητήσεις

258 2770 379 2834 πῶς
427 2773 485 2825 ὲν
515 2772 697 2843 ἡμέρᾳ
742 2772 1021 2826 Σαϐϐάτου
1064 2773 1373 2844 ηὐφράνθαι
1414 2771 1582 2840 λέγει,
1614 2772 1714 2824 οὐκ
1754 2771 1849 2824 ἐπὶ

256 2867 324 2935 τῇ
368 2864 709 2918 καταπαύσει
745 2864 839 2918 τοῦ
883 2864 1041 2930 Θεοῦ,
1073 2866 1180 2919 οὐδ’
1216 2866 1309 2918 ἐπὶ
1347 2868 1412 2936 τῇ
1452 2864 1620 2936 ἀργίᾳ
1658 2862 1845 2928 αὑτοῦ,

255 2955 358 3017 ὠςο
384 2954 449 3009 ἂν
495 2955 815 3009 ὑπολάϐοιεν
866 2956 1129 3019 Ἰουδαῖοι,
1157 2955 1247 3009 διὰ
1282 2956 1342 3007 τὸ
1393 2957 1451 3007 έν
1494 2956 1632 3025 αὐτῇ
1678 2971 1848 3006 κατα-

255 3045 462 3100 παῦσαι
504 3047 612 3101 ἀπὸ
650 3048 868 3102 πάντων
900 3048 1007 3101 τῶν
1046 3047 1221 3117 ἔργων
1259 3045 1447 3109 αὐτοῦ,
1484 3038 1559 3099 ὧν
1602 3044 1845 3116 ἐποίησε.

252 3137 370 3192 Καὶ
395 3137 500 3210 μὴν
526 3138 715 3209 ἐχρῆν,
747 3138 904 3209 εἴπερ
926 3139 1032 3209 ἄρα
1059 3139 1139 3200 εἰς
1161 3138 1222 3191 τὸ
1258 3137 1547 3191 Ἰουδαϊκὸν
1573 3137 1848 3192 Σάϐϐατον

249 3227 552 3297 ἀνεφέρετο
595 3228 664 3281 τὰ
706 3227 796 3281 διά
840 3227 934 3281 τοῦ
981 3226 1195 3298 ψαλμοῦ
1250 3227 1591 3299 δηλούμενα,
1645 3227 1738 3281 ἐπὶ
1779 3229 1845 3299 τῇ

252 3316 425 3388 σχολῇ
467 3316 563 3370 τοῦ
612 3315 770 3381 Θεοῦ,
811 3317 906 3371 καὶ
938 3320 1024 3389 τῇ,
1059 3317 1135 3380 ὡς
1177 3317 1244 3371 ἂν
1281 3318 1506 3383 εἴποιεν,
1543 3317 1848 3371 ἀναπαύσει

249 3408 351 3460 καὶ
400 3408 567 3479 ἀργία
607 3408 772 3461 αὐτοῦ
809 3409 1119 3482 ηὐφράνθαι
1169 3408 1453 3478 λέγεσθαι’
1504 3411 1599 3465 νῦν
1644 3410 1700 3463 δὲ
1748 3410 1846 3482 οὐχ

246 3495 400 3550 οὕτω
430 3499 613 3569 φησὶν,
650 3499 765 3552 ἀλλ’
796 3500 1116 3569 Εὐφρανάς
1137 3518 1236 3571 με,
1260 3503 1454 3570 Κύριε,
1475 3502 1546 3556 ἐν
1568 3502 1649 3568 τῷ
1675 3502 1836 3569 ποιή-

242 3589 397 3659 ματί
437 3605 576 3654 σου,
628 3590 729 3644 καί
785 3590 855 3644 ἐν
898 3592 1023 3658 τοῖς
1066 3592 1265 3662 ἔργοις
1314 3592 1431 3646 τῶν
1472 3593 1686 3663 χειρῶν
1727 3610 1844 3647 σου

246 3680 719 3751 ἁγαλλιὰσομαι,
756 3680 1012 3753 ἄντικρυς
1050 3682 1323 3755 παριστὰς
1371 3683 1514 3747 ἰδίως
1561 3685 1660 3754 μὲν
1704 3687 1843 3738 νοεῖ-

249 3773 381 3826 σθαι
410 3772 472 3826 τὸ
504 3773 735 3845 ποίημα,
767 3776 861 3828 καὶ
885 3775 1046 3829 πάλιν
1079 3776 1227 3839 ἰδίως
1255 3774 1324 3829 τά
1344 3776 1483 3847 ἔργα
1504 3777 1613 3829 τῶν
1645 3776 1844 3847 χειρῶν

247 3861 347 3916 τοῦ
373 3862 530 3927 Θεοῦ,
561 3865 645 3933 ἐφ’
686 3860 767 3929 οἷς
806 3865 1115 3936 ηὐφράνθαι
1163 3866 1435 3937 ὁμολογεῖ,
1462 3866 1576 3920 ἀλλ’
1610 3867 1711 3921 οὐκ
1750 3866 1844 3919 ἐπὶ

246 3952 318 4023 τῇ
367 3952 554 4024 ἀργίᾳ.
595 3953 696 4024 Είη
741 3954 786 4006 δ’
838 3954 903 4008 ἂν
957 3955 1167 4027 ποίημα
1211 3956 1309 4026 μὲν
1354 3956 1476 4009 καθ’
1512 3956 1610 4011 ἕνα
1643 3956 1843 4028 τρόπον

246 4040 390 4115 αὕτη
422 4044 455 4114 ἡ
496 4044 697 4116 ἡμέρα,
733 4048 862 4117 περὶ
892 4041 959 4118 ἧς
996 4046 1241 4118 είρηται’
1271 4047 1434 4115 Αὕτη
1467 4047 1506 4114 ’ἡ
1541 4048 1731 4118 ἡμέρα
1764 4045 1843 4115 ἢν

246 4132 542 4203 ἐποίησεν
579 4139 613 4189 ό
642 4136 877 4205 Κύριος,
907 4138 1408 4209 ἀγηλλιασώμεθα
1449 4140 1547 4193 καὶ
1588 4141 1842 4208 εὐφραν-

248 4224 447 4294 θῶμεν
471 4227 542 4281 ἐν
564 4227 719 4297 αὐτῇ
738 4245 751 4258 ’
793 4229 944 4301 δηλοῖ
973 4230 1030 4283 δὲ
1060 4230 1157 4302 τὴν
1190 4230 1560 4302 ἀναστάσιμον
1608 4231 1701 4285 καὶ
1726 4233 1841 4285 Κυ-

249 4316 450 4389 ριακὴν
492 4318 723 4390 ἡμέραν,
766 4320 843 4383 ὼς
891 4322 949 4374 ὲν
986 4321 1193 4393 ἑτέροις
1240 4321 1633 4387 ἀποδεικτικῶς
1670 4340 1829 4393 παρε-

248 4410 564 4481 στήσαμεν,
616 4412 685 4465 τὰ
734 4412 841 4466 ἀπὸ
888 4413 987 4483 τῆς
1035 4414 1391 4485 κοσμοποιίας
1448 4414 1837 4486 παραθέμενοι,

246 4500 373 4554 καθ’
411 4501 479 4572 ἢν
521 4504 550 4555 ὁ
594 4503 853 4574 Μωῦσῆς·
896 4505 991 4556 Ἑν
1027 4504 1208 4575 ἀρχῇ,
1251 4506 1435 4578 φησὶν,
1482 4507 1775 4576 ἐποίησεν
1806 4510 1841 4561 ὁ

249 4592 399 4659 Θεὸς
423 4592 531 4647 τὸν
559 4595 821 4663 οὐρανὸν
843 4596 939 4649 καί
970 4597 1085 4666 τὴν
1114 4596 1261 4667 γῆν
1294 4598 1389 4652 καὶ¹
1431 4598 1692 4668 ἐπιλέγει,
1730 4602 1840 4653 Γε-

246 4682 490 4747 νηθήτω
526 4682 673 4753 φῶς,
722 4684 823 4737 καὶ
864 4686 1101 4754 ἐγένετο
1144 4687 1305 4756 φῶς·
1354 4687 1455 4741 καί
1482 4688 1779 4741 ἐκάλεσεν
1806 4690 1839 4741 ό

250 4769 398 4836 Θεὸς
440 4775 505 4824 τὸ
547 4773 671 4839 φῶς
712 4774 960 4843 ἡμέραν.
990 4776 1152 4847 Ὀρᾷς
1198 4778 1311 4849 γὰρ
1347 4779 1423 4842 ὡς
1464 4778 1615 4831 οὐδὲν
1652 4779 1842 4851 ἓτερον

246 4864 308 4916 ὲν
353 4862 524 4935 ταύτῃ
552 4863 761 4931 γίνεται
807 4866 1219 4940 δημιούργημα,
1263 4870 1376 4924 ἀλλ’
1423 4870 1560 4943 αὕτη
1621 4872 1757 4943 μόνη
1807 4874 1840 4943 ἡ

244 4953 455 5025 ἡμέρα,
487 4953 561 5018 ὡς
592 4954 922 5026 ἐφαρμόζειν
950 4960 1085 5031 αὐτῇ
1115 4962 1176 5014 τὸ
1206 4962 1412 5031 φάσκον
1444 4963 1643 5032 λόγιον,
1681 4964 1839 5033 Αὕτη

246 5042 287 5107 ἡ
314 5040 509 5109 ἡμέρα
534 5040 612 5108 ἢν
636 5042 927 5110 ἐποίησεν
954 5049 987 5100 ό
1015 5050 1248 5115 Κύριος.
1295 5051 1430 5105 Οὐδὲ
1476 5053 1585 5123 γὰρ
1629 5052 1755 5106 ἄλλο
1788 5070 1839 5106 τι

244 5131 361 5186 ἀλλ’
392 5132 564 5204 αὐτὴν
606 5132 703 5204 τὴν
742 5136 956 5208 ἡμέραν
999 5140 1273 5210 ἐποίησεν,
1314 5143 1436 5213 ἥτις
1472 5139 1539 5215 ἦν
1581 5147 1614 5216 ἡ
1647 5143 1836 5215 πρώτη

245 5224 526 5296 Κυριακὴ,
552 5226 680 5299 περὶ
705 5220 771 5297 ἧς
803 5230 897 5283 καὶ
918 5230 1013 5284 νῦν
1050 5229 1303 5302 λέγεσθαι
1337 5234 1419 5299 τὸ,
1450 5237 1570 5290 Ὀτι
1610 5237 1837 5305 ηὔφρα-

244 5314 361 5382 νὰς
392 5333 490 5386 με,
511 5318 707 5385 Κύριε,
736 5320 806 5374 ἐν
833 5321 913 5387 τῷ
947 5324 1231 5394 ποιήματι
1269 5342 1417 5381 σου·
1455 5328 1589 5399 ἔργα
1635 5329 1692 5383 δὲ
1724 5348 1839 5400 χει-

248 5407 361 5478 ρῶν
386 5408 551 5462 αὑτοῦ
579 5410 649 5464 τὰ
669 5412 727 5465 ὲν
749 5415 869 5477 ταῖς
896 5414 1033 5484 μετὰ
1055 5416 1228 5469 ταῦτα
1250 5418 1485 5489 ἡμέραις
1511 5421 1836 5491 γεγενῆσθαι

242 5498 733 5571 ἀναγεγραμμένα.
769 5505 926 5559 Κατά
962 5506 1020 5559 δὲ
1062 5506 1248 5579 ἕτερον
1280 5510 1482 5580 τρόπον
1515 5511 1731 5584 λεχθείη
1770 5514 1837 5567 ἀν

246 5589 461 5660 ποίημα
490 5591 589 5661 μὲν
626 5592 695 5646 τὰ
736 5596 901 5666 νοητὰ
944 5598 1038 5651 καὶ
1080 5596 1272 5668 λογικά
1315 5601 1407 5655 καὶ
1443 5602 1713 5674 ἀσώματα
1740 5604 1833 5657 τοῦ

1954 2131 2067 2185 tua,
2106 2129 2157 2174 et
2188 2121 2244 2174 in
2277 2122 2517 2188 operibus
2561 2140 2812 2177 manuum
2847 2134 3061 2177 tuarum
3101 2126 3400 2182 exsultabo.
3431 2126 3536 2192 Qui

1953 2214 2097 2269 diem
2129 2228 2160 2266 a
2205 2211 2441 2268 Domino
2481 2214 2682 2269 factam
2736 2216 3023 2283 intellexit,
3062 2217 3130 2272 de
3171 2233 3277 2287 qua
3325 2218 3532 2272 dictum

1952 2311 2058 2368 est,
2091 2303 2221 2357 Hasc
2254 2303 2387 2368 dies,
2431 2320 2590 2374 quam
2621 2305 2744 2373 fecit
2792 2305 3073 2371 Dominus,
3124 2308 3446 2361 exsultemus
3482 2317 3534 2363 et

1953 2398 2192 2453 ltetemur
2221 2400 2276 2453 in
2307 2400 2450 2465 ea“,
2484 2399 2573 2454 hic
2596 2400 2761 2462 dicet,
2795 2400 2935 2466 Quia
2966 2400 3245 2455 delectasti
3290 2418 3390 2463 me,
3425 2402 3538 2454 Do-

1952 2493 2110 2556 mine,
2142 2492 2197 2545 in
2232 2492 2448 2562 factura
2480 2501 2594 2545 tua.
2633 2490 2739 2545 Sed
2771 2492 3032 2561 quoniam
3072 2492 3139 2546 de
3176 2493 3263 2547 die
3306 2492 3533 2548 Sabbati

1949 2583 2039 2636 hic
2064 2584 2309 2653 psalmus
2350 2584 2649 2653 inscriptus
2679 2590 2785 2647 est,
2814 2598 3030 2652 quaeras
3053 2600 3154 2638 cur
3180 2583 3235 2638 in
3274 2584 3361 2638 die
3392 2584 3534 2639 Sab-

1950 2674 2065 2728 bati
2101 2688 2160 2729 se
2208 2675 2540 2729 delectatum
2588 2689 2713 2730 esse
2759 2674 2928 2742 dicat,
2960 2689 3070 2729 nim
3104 2674 3171 2730 de
3201 2674 3296 2731 Dei
3320 2677 3531 2747 requie,

1950 2780 2131 2836 neque
2159 2765 2227 2821 de
2256 2769 2377 2835 ejus
2410 2765 2738 2829 cessatione,
2768 2773 2827 2819 ut
2856 2762 3027 2819 ,ἰυᾱεὶ
3060 2767 3386 2835 opinentur,
3402 2767 3535 2835 quia

1951 2857 2005 2911 in
2059 2857 2180 2926 ipso
2218 2858 2455 2913 cessavit
2488 2858 2558 2913 ab
2606 2860 2863 2916 omnibus
2912 2865 3171 2934 Operibus
3224 2865 3362 2926 suis,
3410 2878 3534 2933 qua

1953 2947 2101 3002 fecit.
2140 2947 2207 3001 Et
2235 2964 2365 3002 vero
2394 2948 2443 3004 si
2468 2964 2531 3003 ea
2561 2965 2683 3019 qua:
2712 2953 2768 3006 in
2815 2954 3027 3023 psalmo
3052 2954 3303 3009 feruntur
3344 2955 3534 3010 Judaiw

1951 3052 2078 3092 cum
2108 3035 2408 3093 Sabbatum
2434 3041 2790 3111 respicerent,
2812 3050 3090 3113 oporteret
3123 3046 3328 3101 dixisse
3352 3046 3529 3110 illum,

1952 3143 2011 3183 se
2032 3128 2099 3184 de
2148 3129 2261 3183 otio
2293 3127 2412 3193 Dei,
2449 3140 2635 3199 atque,
2670 3138 2730 3185 ut
2764 3131 2838 3187 ita
2877 3133 3082 3199 dicant,
3116 3134 3184 3190 de
3224 3135 3534 3192 cessatione

1951 3220 2021 3275 ab
2066 3220 2325 3291 operibus
2364 3219 2690 3277 delectatum
2719 3238 2843 3279 esse
2872 3240 2885 3275 :
2925 3233 2981 3278 at
3011 3242 3120 3280 non
3158 3227 3232 3280 ita
3267 3226 3532 3297 loquitur,

1952 3310 2047 3367 sed
2073 3311 2169 3374 ait,
2206 3309 2498 3366 Delectasti
2547 3330 2649 3379 me,
2690 3313 2936 3378 Domine,
2972 3317 3025 3369 in
3078 3317 3289 3386 factura
3330 3327 3445 3385 tua,
3479 3326 3533 3373 et

1950 3405 2005 3458 in
2044 3404 2288 3469 operibus
2320 3422 2574 3459 manuum
2612 3416 2829 3461 tuarum
2868 3410 3169 3477 exsultabo,
3208 3421 3393 3480 aperte
3437 3410 3533 3466 de-

1951 3497 2168 3551 clarans
2220 3498 2452 3553 seorsim
2501 3498 2795 3564 facturam,
2840 3514 2905 3555 ac
2942 3502 3172 3556 seorsim
3204 3517 3371 3572 opera
3414 3517 3532 3556 ma-

1948 3604 2117 3642 nuum
2149 3588 2243 3643 Dei
2286 3588 2543 3655 indicari,
2581 3591 2636 3645 in
2668 3592 2871 3661 quibus
2918 3607 2979 3647 se
3027 3592 3355 3649 delectatum
3409 3595 3535 3653 esse

1946 3680 2260 3746 conﬁtetur,
2297 3681 2393 3737 sed
2422 3697 2530 3735 non
2594 3683 2649 3737 in
2698 3684 3030 3740 cessatione.
3080 3684 3315 3739 Factura
3348 3695 3533 3741 autem

1946 3771 2130 3841 aliquo
2183 3772 2347 3827 modo
2396 3771 2559 3827 fuerit
2588 3773 2707 3844 ipsa
2744 3774 2884 3839 dies,
2911 3775 2979 3831 de
3009 3791 3116 3845 qua
3151 3776 3358 3830 dictum
3402 3786 3529 3831 est:

1949 3861 2081 3917 Hau:
2102 3862 2233 3928 dies,
2266 3881 2426 3935 quam
2475 3864 2597 3934 fecit
2630 3864 2912 3932 Dominus,
2950 3869 3272 3921 exsultemus
3302 3878 3353 3921 et
3384 3869 3533 3923 la’te-

1947 3973 2067 4010 mur
2096 3958 2151 4010 in
2185 3974 2268 4012 ea.
2299 3957 2583 4029 Significat
2618 3976 2747 4016 vero
2781 3961 3212 4017 resurrectionis
3246 3962 3389 4016 diem
3418 3960 3529 4017 Do-

1944 4048 2227 4113 minicam,
2254 4057 2315 4105 ut
2361 4049 2485 4106 aliis
2528 4052 2582 4105 in
2621 4052 2760 4108 locis
2800 4061 2987 4123 aperte
3025 4053 3529 4122 comprobavimus,

1944 4140 2075 4195 dum
2102 4157 2224 4213 quae
2249 4142 2319 4196 ad
2349 4142 2537 4197 mundi
2567 4144 2900 4210 creationem
2947 4153 3198 4215 spectant
3227 4146 3531 4216 explicare-

1945 4247 2102 4287 mus:
2130 4232 2197 4288 de
2219 4248 2328 4304 qua
2362 4234 2501 4289 dixit
2540 4234 2756 4307 Moyses
2782 4252 2797 4291 :
2820 4236 2887 4290 In
2931 4238 3190 4307 principio
3222 4238 3346 4307 fecit
3388 4237 3529 4292 Deus

1942 4323 2129 4376 ctelum
2151 4333 2202 4377 et
2238 4333 2435 4378 terram
2454 4324 2533 4390 ";
2591 4340 2655 4380 ac
2696 4326 2939 4396 subjicit,
2990 4326 3115 4381 Fiat
3148 4329 3262 4390 lux,
3305 4339 3356 4382 et
3382 4327 3531 4395 facta

1940 4422 2018 4467 est
2047 4413 2241 4467 lux:et
2270 4415 2551 4485 appellarit
2575 4416 2714 4471 Deus
2737 4417 2925 4483 lucem,
2952 4417 3089 4472 diem
3111 4420 3172 4470 ’⁸.
3194 4417 3358 4473 Vides
3381 4419 3526 4473 enim

1944 4504 2158 4558 nullum
2191 4506 2339 4559 aliud
2354 4506 2631 4576 opiﬁcium
2659 4523 2722 4561 ea
2741 4507 2829 4562 die
2850 4508 2988 4562 allici
3022 4508 3127 4561 nisi
3161 4508 3331 4562 solam
3356 4507 3525 4569 diem,

1943 4596 2021 4649 ita
2054 4604 2113 4650 ut
2162 4598 2240 4650 illi
2293 4597 2398 4651 hoc
2432 4598 2638 4653 dictum
2687 4599 2856 4668 probe
2885 4599 3197 4663 conveniat,
3235 4598 3362 4653 11αέ
3390 4598 3524 4663 dies,

1944 4705 2102 4759 quam
2132 4689 2257 4757 fecit
2287 4690 2568 4744 Dominus.
2594 4688 2742 4743 Nihil
2773 4692 2975 4760 quippe
3026 4690 3173 4745 aliud
3211 4697 3407 4760 praeter
3443 4690 3527 4759 ip-

1874 4756 1919 4810 D
1946 4756 2062 4835 sam
2095 4756 2237 4835 diem
2278 4781 2542 4845 condidit,
2577 4796 2699 4850 quas
2744 4756 3079 4851 erat—prima
3125 4756 3430 4844 Dominica,
3459 4756 3527 4836 de

1945 4889 2051 4942 qua
2095 4888 2243 4927 nunc
2274 4873 2498 4933 dicitur,
2549 4871 2687 4937 Quia
2729 4871 3004 4925 detectasti
3048 4889 3148 4936 me,
3189 4872 3436 4939 Domine,
3470 4876 3525 4928 in

1942 4966 2156 5032 factura
2177 4976 2310 5019 tua:
2351 4980 2516 5035 opera
2550 4974 2731 5019 autem
2789 4979 3049 5018 manuum
3083 4964 3203 5033 ejus
3244 4980 3307 5020 ea
3366 4975 3521 5032 sunt,

1941 5073 2063 5127 quae
2095 5058 2454 5127 sequentibus
2477 5056 2671 5111 diebus
2701 5057 2842 5110 facta
2868 5057 3207 5113 scribuntur.
3242 5058 3363 5113 Alio
3394 5060 3529 5113 item

1942 5148 2107 5205 modo
2152 5148 2362 5203 factura
2398 5149 2658 5203 dicantur
2700 5148 2977 5204 intellectu
3008 5149 3255 5219 praedita,
3284 5150 3525 5203 rationa-

1940 5240 2069 5295 bilia
2101 5248 2153 5294 et
2179 5240 2506 5309 incorporea
2552 5238 2647 5294 Dei
2676 5239 2915 5309 Opiﬁcia,
2950 5256 3056 5310 qua
3100 5242 3311 5295 ratione
3338 5240 3523 5293 anima

1940 5330 2009 5385 ad
2038 5330 2331 5401 imaginem
2366 5329 2463 5384 Dei
2493 5329 2635 5385 facta
2662 5346 2787 5385 esse
2816 5332 3025 5401 scripto
3054 5332 3326 5395 traditur;
3354 5343 3520 5400 opera

1939 5437 2069 5477 vero
2092 5438 2354 5477 manuum
2389 5423 2531 5493 ejus,
2552 5424 2838 5479 sensibilia
2868 5431 2921 5477 et
2951 5438 3214 5492 corporea
3239 5424 3360 5493 eius
3388 5436 3522 5491 ope-

1939 5528 2022 5580 ra,
2064 5514 2131 5569 de
2173 5515 2372 5584 quibus
2413 5516 2621 5570 dictum
2659 5524 2764 5581 est,
2808 5516 3073 5582 Quoniam
3113 5514 3292 5568 videbo
3339 5513 3521 5578 calas,

1941 5621 2101 5675 opera
2145 5610 2433 5677 digitorum
2470 5616 2703 5673 tuorum,
2748 5608 2933 5660 lunam
2972 5616 3021 5661 et
3063 5609 3269 5673 stellas,
3300 5622 3429 5679 qua:
3464 5616 3519 5659 tu

268 5831 272 5835 ἡ
318 5748 338 5779 ⁹
379 5744 576 5819 Ephes.
620 5765 673 5818 ν,
715 5749 800 5808 l9.
882 5753 921 5786 ⁸⁰
965 5752 983 5807 l
1020 5754 1145 5813 Cor.
1182 5772 1295 5825 xw,
1336 5757 1420 5814 15.
1504 5761 1545 5791 ἰ
1584 5759 1731 5817 Psal.
1770 5775 1847 5815 cx:

1950 5807 1952 5816 ,
1994 5760 2083 5817 21.
2166 5762 2207 5794 "
2246 5759 2379 5818 Gen.
2423 5763 2567 5830 ι,1.
2651 5762 2693 5795 ”
2733 5759 2861 5817 ibid.
2902 5761 2969 5829 '5,
3002 5760 3041 5816 5
