3974 6520
276 363 408 421 H77

1399 371 1902 430 COMMENTARIA
1941 375 2008 430 IN
2049 373 2388 438 PSALMOS.

3369 379 3503 434 H78

354 481 447 532 Ἐν
464 478 544 546 τῷ
569 481 874 538 ἀνατείίαι
898 483 1281 555 ἁμαρτωλοὺς
1298 488 1442 544 ὡσεὶ
1466 492 1703 561 χόρτον,
1740 508 1813 546 κα

2017 494 2176 553 Vens.
2207 499 2260 554 8.
2303 498 2436 554 Cum
2477 503 2649 556 exorti
2686 502 2879 572 fuerint
2917 510 3210 572 peccatores
3251 499 3386 552 sicut
3433 496 3484 563 fe

264 571 562 642 διέκοψαν
613 574 834 643 πάντες
885 581 940 632 οἱ
993 580 1365 650 ἐργαζόμενοι
1407 584 1522 652 τὴν
1556 585 1836 655 ἀνομίαν,

264 663 423 730 ὅπως
463 664 540 718 ἂν
579 666 1088 736 ἐξολοθρευθῶσιν
1106 675 1194 739 εἰς
1216 673 1323 728 τὸν
1347 674 1532 729 αἰῶνα
1559 676 1666 731 τοῦ
1707 677 1840 731 αἰῶ-

261 765 386 813 νος.
424 749 481 802 ’0
513 751 611 821 μὲν
656 752 846 825 ἄφρων
897 759 990 811 καὶ
1024 759 1298 824 ἀσύνετος,
1337 763 1479 832 ὁρῶν
1506 766 1722 830 ἀσεϐεῖς
1747 768 1840 821 εύ-

262 835 657 909 θυμουμένους,
691 844 934 911 δικαίους
979 848 1036 901 δὲ
1076 851 1169 904 καὶ
1203 835 1444 919 εὐσεϐεῖς
1468 857 1838 927 κακουμένους

257 928 316 980 οὐ
356 930 566 1002 συνίησι
621 937 746 999 τοὺς
776 937 879 1008 τῆς
918 941 1182 1011 Προνοίας
1241 941 1452 1012 λόγους,
1512 947 1626 1000 ἀλλ’
1675 949 1833 1012 εὐθὺς

256 1019 347 1072 ἐπ’
377 1021 593 1088 ἀσεϐεῖς
634 1027 893 1098 τρέπεται
917 1031 1232 1104 λογισμοὺς,
1266 1036 1544 1091 ἐκπίπτων
1574 1041 1653 1104 είς
1679 1040 1835 1094 ἀθεό-

253 1127 395 1182 τητα
421 1131 435 1146 ’
498 1116 608 1185 ἐγὼ
663 1119 739 1184 δὲ,
788 1123 865 1194 τῷ
915 1126 1181 1196 ποιήματί
1223 1145 1314 1180 σου
1349 1129 1570 1202 ἐνορῶν,
1601 1133 1833 1198 καὶτοῖς

248 1203 440 1276 ’ἔργοις
485 1208 595 1264 τῶν
641 1213 843 1285 χειρῶν
888 1233 1004 1284 σου,
1055 1219 1193 1289 μετὰ
1222 1219 1329 1274 τῶν
1363 1221 1535 1275 ἄλλων
1572 1224 1829 1288 συνεῖδον,

252 1296 339 1350 ὅτι
368 1297 430 1351 τὸ
461 1300 612 1365 τέλος
642 1304 750 1359 τῶν
776 1307 915 1360 κατὰ
941 1309 1030 1362 τὸν
1066 1309 1178 1380 βίον
1211 1311 1584 1384 εύθυμούντων
1617 1315 1830 1369 ἀσεϐῶν

251 1387 475 1462 ὄλεθρον
509 1395 748 1465 περιέχει
776 1400 869 1451 καὶ
895 1400 1199 1456 ἁπώλειαν’
1228 1404 1309 1457 διὸ
1337 1405 1469 1459 πολὺ
1510 1405 1670 1460 πλέον
1703 1407 1829 1471 τοὺς

248 1479 353 1549 τῆς
377 1480 525 1547 θείας
552 1487 788 1557 κρίσεως
809 1489 1001 1558 λόγους
1043 1493 1578 1566 ὑπερεκπλήττομαι.
1612 1497 1826 1568 Ὥσπερ

247 1569 386 1635 γοῦν
421 1572 611 1643 χόρτος
639 1577 731 1629 καὶ
753 1577 820 1631 τὰ
845 1580 952 1633 ἀπὸ
977 1581 1082 1652 γῆς
1110 1582 1244 1656 ἄνθη
1282 1585 1416 1656 πρὸς
1441 1585 1618 1654 ὀλίγον
1651 1587 1826 1659 ὡραῖα

247 1660 521 1727 φαίνεται,
557 1666 650 1718 καὶ
702 1666 884 1737 θέλγει
919 1671 1018 1741 τὴν
1054 1673 1263 1743 ὅρασιν,
1313 1676 1406 1728 καὶ
1442 1677 1542 1748 τὴν
1574 1677 1825 1748 αἴσθησιν

245 1749 488 1818 ἃπασαν,
518 1757 641 1810 ὅσον
671 1758 728 1811 δὲ
784 1760 994 1816 οὐδέπω
1035 1765 1356 1834 μεταϐάλλει
1399 1769 1493 1821 καὶ
1536 1768 1818 1841 τρέπεται,

1941 604 2086 653 num,
2119 601 2168 644 et
2211 594 2548 660 apparuerint
2594 611 2770 648 omnes
2817 595 2907 664 qui
2943 602 3222 662 operantur
3267 589 3492 659 iniquita

1941 691 2040 732 tem
2065 697 2088 746 ;
2117 693 2172 735 ut
2205 683 2465 737 intereant
2496 687 2550 738 in
2581 685 2830 738 sa’culum
2855 684 3055 738 srrculi.
3086 682 3352 751 [nsipiens
3383 679 3487 749 qui,

1939 769 2059 824 dem
2096 787 2158 827 ac
2191 774 2390 829 stultus
2424 775 2532 840 ille,
2558 791 2679 829 cum
2710 775 2854 830 videt
2884 775 3080 843 impios
3109 773 3356 826 homines
3390 785 3495 840 pro-

1938 879 2095 932 spere
2143 879 2322 934 agere,
2354 866 2533 934 jnstos
2583 875 2762 922 autem
2813 875 2867 921 et
2909 867 3027 936 pios
3069 865 3314 918 homines
3348 863 3502 914 malis

1936 955 2191 1023 opprimi,
2225 954 2585 1012 Providentia:
2613 959 2878 1012 rationem
2920 973 3028 1010 non
3069 955 3362 1024 intelligit;
3412 950 3502 1006 sed

1935 1045 2117 1097 statim
2154 1045 2218 1099 ad
2267 1046 2428 1114 impia
2478 1048 2762 1102 ratiocinia
2801 1048 3054 1109 vertitur,
3106 1046 3178 1100 ita
3228 1045 3415 1114 lapsus
3448 1052 3501 1096 ut

1935 1134 2142 1189 nullum
2172 1152 2294 1192 esse
2327 1137 2492 1192 Deum
2528 1146 2698 1209 put-ct.
2728 1139 2838 1210 Ego
2866 1154 2996 1193 vero
3023 1136 3294 1206 opiﬁcium
3326 1143 3503 1198 tuum,

1933 1235 1986 1280 et
2018 1243 2179 1296 opera
2214 1245 2471 1283 manuum
2510 1238 2725 1285 tuarum
2778 1231 3154 1290 considerans,
3188 1229 3240 1282 in
3282 1227 3368 1281 his
3408 1225 3487 1278 de-

1932 1317 2190 1386 prehendi
2225 1319 2385 1374 ﬁnem
2418 1319 2728 1390 impiorum,
2755 1321 2844 1389 qui
2880 1321 2931 1373 in
2962 1320 3065 1372 hac
3099 1318 3206 1370 vita
3246 1329 3502 1386 prospere

1932 1416 2119 1478 agunt,
2161 1424 2285 1464 esse
2323 1410 2598 1464 interitum
2639 1427 2702 1464 ac
2741 1412 3031 1482 perniciem
3067 1429 3080 1463 :
3121 1423 3290 1478 quare
3332 1407 3504 1458 multo

1930 1496 2103 1566 magis
2134 1497 2301 1550 divini
2349 1499 2538 1568 judicii
2584 1500 2847 1554 rationem
2887 1499 3145 1552 admiror.
3181 1495 3314 1550 Nam
3357 1495 3502 1549 sicut

1931 1585 2112 1640 fenum
2154 1596 2208 1642 et
2233 1586 2393 1644 ﬂores
2424 1595 2583 1643 terrae
2615 1588 2680 1642 ad
2714 1589 2874 1644 breve
2897 1597 3109 1656 tempus
3140 1587 3388 1656 speciosa
3419 1584 3502 1636 vi-

1927 1677 2126 1732 dentur
2158 1680 2455 1750 oculosque
2496 1696 2562 1733 ac
2609 1696 2830 1735 sensum
2864 1681 3209 1743 demulcent,
3250 1676 3343 1731 sed
3372 1689 3499 1729 mox

1927 1776 2210 1823 mutantur
2238 1785 2303 1824 ac
2333 1779 2640 1834 vertuntur,
2681 1772 3044 1840 l'acillimeque
3071 1775 3416 1822 marcescunt
3442 1771 3500 1818 et
3549 1825 3557 1832 ί

249 1843 428 1910 φθίνει
458 1865 516 1902 τε
549 1851 723 1922 ῥᾷστα
753 1855 845 1907 καὶ
868 1854 1182 1910 ἀπόλλυταιο
1202 1857 1292 1912 τὸν
1320 1859 1482 1914 αὑτὸν
1503 1862 1702 1932 τρόπον
1729 1865 1813 1917 καλ

1927 1866 2190 1926 pereunt;
2229 1861 2418 1914 eodem
2465 1860 2625 1915 modo
2655 1869 2992 1930 peccatores,
3025 1859 3116 1930 qni
3162 1873 3328 1926 penes
3356 1855 3496 1909 mul-

244 1936 296 1987 οἱ
327 1939 479 2011 παρά
520 1944 633 2006 τοῖς
663 1944 877 2010 πολλοῖς
920 1947 1320 2021 Θαυμαζόμενοι
1362 1955 1676 2026 ἁμαρτωλοὶ
1706 1956 1823 2027 ἅμα

242 2041 306 2078 τε
348 2028 646 2096 ἀνέτειλαν,
684 2034 778 2087 καί
838 2038 976 2110 πρὸς
1019 2040 1195 2110 ὀλίγον
1246 2043 1597 2115 ἀνθήσαντες,
1643 2047 1823 2101 διέκυ-

243 2117 373 2210 ψαν,
401 2122 676 2194 έφάνησάν
701 2142 761 2178 τε
791 2127 935 2192 τίνες
961 2130 1091 2183 ποτέ
1119 2133 1245 2196 εἰσι,
1277 2135 1370 2187 καὶ
1407 2136 1596 2200 ὁποίας
1631 2155 1822 2210 προαι-

245 2209 448 2278 ρέσεως
467 2228 480 2242 ⁸
520 2210 618 2267 εἴτ’
649 2217 750 2270 οὐκ
781 2221 861 2284 είς
891 2223 1100 2294 μακρὸν
1125 2225 1320 2288 αὐτοὺς
1351 2227 1611 2298 μετῆλθεν
1636 2209 1819 2285 ούκέτι

240 2299 451 2394 βραχὺς
477 2309 570 2360 καὶ
595 2310 926 2384 πρόσκαιρος
953 2314 1190 2388 ὄλεθρος,
1226 2317 1362 2372 ἀλλά
1383 2320 1634 2394 διηνεκὴς
1670 2325 1820 2378 ἀπώ-

237 2391 379 2484 λεια.
430 2397 801 2474 Ἐπειδήπερή
829 2405 895 2476 σὴ
918 2405 1283 2476 δικαιοκρισία
1312 2414 1423 2475 τοῖς
1460 2391 1818 2484 ἀνθρωπίνοις

237 2483 507 2558 ἐφέστηκε
552 2492 860 2562 πράγμασι,
901 2495 981 2548 διὸ
1013 2497 1074 2568 δὴ
1102 2499 1333 2568 μάλιστα
1366 2483 1816 2577 συγκεχωρῆσθαι

235 2578 350 2668 τοῖς
371 2577 713 2650 ἁμαρτωλοῖς
744 2584 838 2637 καὶ
871 2589 984 2650 τοῖς
1026 2589 1411 2662 ἐργαζομένοις
1440 2595 1541 2666 τὴν
1587 2598 1816 2668 ἀνομίαν

235 2667 298 2720 τὸ
335 2670 609 2726 ἀνατεῖλαι
637 2676 731 2729 καὶ
756 2676 1014 2748 διακῦψαι
1037 2680 1305 2760 ήγοῦμαιυ
1334 2684 1410 2749 ὡς
1437 2685 1502 2738 ἂν
1530 2667 1813 2760 ἐλεγχθείη

234 2761 470 2836 αύτῶνή
509 2768 850 2840 προαίρεσις,
895 2773 956 2825 οὐ
987 2773 1168 2836 καλῶς
1217 2758 1329 2840 τοῖς
1357 2778 1449 2830 τοῦ
1473 2780 1608 2833 Θεοῦ
1641 2758 1816 2854 δωρήέ

236 2871 372 2923 μασι
423 2860 770 2933 κεχρημένη·
823 2862 1010 2935 διόπερ
1067 2865 1278 2931 ἔκδικος
1345 2869 1541 2934 αὐτοὺς
1596 2872 1816 2944 ὄλεθρος

232 2948 455 3014 αἰώνιος
475 2950 793 3020 διαδέξεται.

307 3039 392 3092 Σὺ
424 3039 492 3093 δὲ
516 3042 801 3112 Ὕψιστος
816 3048 902 3113 είς
933 3048 1043 3102 τόν
1074 3051 1283 3116 αἰῶνα,
1311 3056 1504 3123 Κύριε.
1531 3056 1652 3110 ’Ότι
1686 3055 1813 3110 ἰδοὺ

226 3135 287 3186 οἱ
310 3132 514 3202 ἐχθροί
526 3150 662 3200 σου,
687 3139 886 3206 Κύριε,
919 3137 1008 3192 ὅτι
1037 3139 1167 3194 ἰδοὺ
1196 3145 1250 3196 οί
1286 3142 1485 3212 ἐχθροί
1521 3160 1637 3199 σου
1663 3146 1811 3199 ἀπο-

223 3225 504 3292 λοῦνται,
561 3228 661 3282 καὶ
702 3230 1355 3303 διασκορπισθήσονται
1382 3234 1603 3302 πάντες
1631 3239 1685 3290 οι
1725 3236 1812 3305 ἐρ-

226 3315 537 3387 γαζῧμενοι
569 3319 684 3388 τὴν
711 3322 984 3393 ἀνομίαν.
1009 3323 1121 3378 Καὶ
1163 3325 1546 3395 ὑψωθήσεται
1577 3328 1658 3393 ὡς
1695 3345 1808 3396 μο-

219 3410 557 3479 νοκέρωτος
605 3413 669 3467 τὸ
722 3415 900 3483 κέρας
922 3434 1060 3486 μου,
1117 3418 1213 3470 καὶ
1257 3417 1324 3471 τὸ
1369 3417 1558 3488 γῆράς
1584 3437 1703 3488 μου
1739 3419 1809 3472 ἐν

220 3503 414 3570 ἐλαίῳ
441 3506 624 3562 πίονι.
658 3507 768 3561 Καὶ
799 3509 1034 3564 ἐπεῖδεν
1051 3514 1083 3564 ό
1115 3512 1422 3580 ὀφθαλμός
1440 3529 1560 3580 μου
1586 3511 1657 3565 ὲν
1684 3511 1808 3578 τοῖς

221 3594 467 3663 ἐχθροῖς
493 3614 635 3666 μου,
664 3598 763 3651 καὶ
808 3599 878 3650 ἐν
903 3599 1026 3666 τοῖς
1053 3600 1554 3669 ἐπανισταμένοις
1584 3601 1676 3654 ἐπ’
1702 3600 1808 3670 ἐμὲ

220 3687 731 3756 πονηρευομένοις
769 3689 1168 3744 ἐπακούσεται
1204 3691 1270 3745 τὸ
1295 3688 1403 3758 οὖς
1421 3710 1554 3761 μου.
1589 3693 1661 3746 Σὺ
1686 3694 1805 3763 μὲν,

223 3771 415 3839 φησὶν,
447 3767 491 3825 ὦ
515 3774 707 3845 Κύριε,
738 3777 823 3830 ἀεὶ
856 3777 1080 3831 κατὰτὰ
1102 3779 1238 3832 αὐτά
1277 3781 1367 3834 καὶ
1395 3780 1654 3846 ὡσαύτως
1669 3781 1808 3852 ἔχων

233 3861 488 3933 Ὕψιστος
503 3865 561 3917 ἐν
579 3867 801 3937 ὑψηλοῖς
827 3869 1097 3940 διαμενεῖς
1126 3871 1216 3924 τὸν
1240 3871 1527 3943 σύμπαντα
1549 3874 1720 3928 αἰῶνα
1746 3874 1806 3926 οὐ

225 3957 583 4026 τρεπόμενος,
619 3959 680 4011 οὐ
713 3960 1160 4032 ταπεινούμενος,
1195 3964 1292 4017 οὐκ
1319 3963 1718 4035 ἀλλοιούμενος,
1744 3966 1806 4019 οὐ

222 4043 493 4113 κρείττων
552 4046 750 4100 σαυτοῦ
798 4049 1100 4120 γινόμενος,
1139 4050 1200 4103 οὐ
1239 4056 1351 4117 τοῖς
1391 4057 1669 4118 ταπεινοῖς
1699 4055 1806 4110 τῶν

219 4133 321 4186 ἐπὶ
376 4136 479 4206 γῆς
515 4137 886 4209 ὁμοιούμενος,
931 4140 1052 4193 οὐδὲ
1105 4143 1300 4215 μικρόν
1335 4161 1388 4197 τι
1435 4145 1528 4198 καὶ
1555 4145 1805 4200 ταπεινὸν

220 4225 438 4296 φρονῶν
471 4227 564 4279 καὶ
593 4228 866 4300 πράττων,
897 4230 1012 4284 ἀλλ’
1045 4233 1126 4296 είς
1148 4235 1372 4306 ἄπειρον
1408 4235 1590 4306 σαυτῷ
1617 4235 1806 4305 διαμέ-

216 4335 331 4371 νων
362 4319 546 4389 ὅμοιος
565 4336 581 4352 ο
612 4322 771 4392 ἡμεῖς
794 4323 849 4376 δὲ
875 4323 925 4376 οἱ
955 4326 1202 4378 ταπεινοὶ
1224 4327 1316 4379 καὶ
1343 4328 1560 4398 μακρὰν
1582 4329 1680 4399 τῆς
1703 4331 1804 4400 σῆς

217 4409 524 4479 ἀπέχοντες
575 4411 857 4483 δυνάμεως
902 4413 1090 4468 ἄλλοτε
1131 4415 1306 4481 ἄλλως
1358 4418 1654 4489 φερόμεθα,
1707 4421 1801 4474 καὶ

1837 3189 1879 3245 C

1925 1955 2013 2002 tos
2052 1947 2105 2001 in
2137 1949 2495 2006 admiratione
2546 1951 2836 2017 habentur,
2873 1966 2996 2005 cum
3041 1951 3274 2020 primum
3323 1945 3496 2002 exorti

1926 2040 2165 2108 tuorum,
2200 2042 2349 2096 brevi
2379 2041 2699 2109 ﬂoruerunt,
2731 2058 2795 2097 ac
2841 2041 3118 2112 conspecti
3171 2047 3333 2104 sunt;
3385 2045 3496 2092 sta-

1923 2130 2128 2201 timque
2154 2130 2406 2200 apparuit
2431 2131 2619 2200 quales
2647 2130 2869 2195 fuerint,
2897 2139 2950 2185 et
2991 2129 3135 2199 quod
3179 2129 3491 2182 institutum

1921 2222 2046 2277 vita:
2080 2224 2374 2277 tenuerint.
2411 2222 2521 2278 Nec
2551 2223 2644 2278 diu
2692 2231 2880 2293 postea
2920 2223 3067 2292 ipsos
3103 2220 3370 2292 pernicies
3408 2218 3496 2271 in-

1919 2315 2083 2379 vasit,
2119 2330 2228 2368 non
2263 2315 2376 2384 jam
2424 2315 2605 2369 brevis
2643 2324 2696 2367 et
2743 2325 3113 2384 temporanea,
3151 2310 3248 2367 sed
3296 2325 3492 2380 perpe-

1917 2413 2071 2459 tuum
2120 2405 2366 2469 exitium,
2415 2406 2542 2474 quia
2584 2405 2727 2459 enim
2766 2405 2974 2473 justum
3014 2402 3284 2471 judicium
3337 2407 3491 2453 tuum

1918 2497 2083 2551 rebus
2111 2497 2360 2551 imminet
2393 2497 2669 2560 humanis,
2713 2496 2920 2550 idcirco
2946 2495 3157 2549 aestimo
3189 2492 3492 2563 peccatori-

1915 2588 2017 2644 bus
2044 2597 2097 2643 et
2125 2589 2478 2659 operantibus
2515 2588 2855 2660 iniquitatem
2881 2585 3128 2650 concedi,
3151 2593 3210 2640 ut
3236 2584 3492 2640 exorian-

1915 2689 2004 2735 tur
2035 2689 2090 2736 et
2121 2697 2378 2752 prospere
2407 2689 2604 2752 agant;
2646 2688 2707 2735 ut
2758 2695 2946 2736 eorum
2986 2678 3275 2733 consilium
3309 2683 3363 2730 et
3389 2689 3488 2729 vo-

1915 2774 2120 2837 luntas,
2156 2772 2246 2828 Dei
2274 2774 2592 2829 muneribus
2625 2788 2735 2826 non
2779 2773 2917 2826 bene
2962 2786 3083 2833 usa,
3114 2774 3440 2838 coarguatur
3469 2783 3486 2821 :

1914 2864 2269 2934 quamobrem
2315 2865 2484 2918 ultrix
2536 2880 2631 2920 eos
2684 2871 2740 2919 et
2782 2872 2984 2918 aeterna
3040 2863 3310 2933 pernicies
3340 2859 3491 2916 exci-

1913 2955 2046 3026 piet.

1982 3049 2152 3104 Vens.
2186 3050 2219 3105 9
2244 3081 2269 3092 -
2299 3050 2386 3104 12.
2423 3050 2501 3104 Tu
2548 3059 2722 3103 autem
2768 3049 3076 3102 Altissimus
3121 3047 3174 3100 in
3208 3055 3489 3107 a’ternum,

1914 3141 2156 3197 Domine.
2215 3141 2480 3208 Quoniam
2530 3157 2643 3195 ecce
2693 3141 2894 3194 inimici
2941 3139 3038 3203 tui,
3092 3137 3334 3200 Domine,
3366 3149 3490 3204 quo-

1914 3233 2058 3286 niam
2087 3249 2201 3287 ecce
2235 3233 2437 3286 inimici
2483 3234 2562 3286 tui
2605 3230 2866 3299 peribunt,
2900 3240 2949 3284 et
2988 3230 3347 3298 dispergentur
3372 3242 3487 3280 om—

1911 3341 2000 3378 nes
2036 3324 2124 3394 qui
2152 3335 2436 3393 operantur
2482 3324 2835 3393 iniquitatem.
2879 3319 2947 3373 Et
2988 3319 3313 3374 exaltabitur
3349 3317 3485 3370 sicut

1909 3417 2177 3470 unicornis
2203 3433 2364 3470 cornu
2385 3433 2579 3480 meum,
2605 3425 2654 3470 et
2678 3424 2913 3469 senectus
2938 3429 3052 3466 mea
3074 3413 3127 3464 in
3151 3410 3260 3466 oleo
3283 3408 3484 3478 pingui.

1911 3507 1980 3561 Et
2016 3510 2244 3575 respexit
2273 3508 2456 3562 oculus
2495 3525 2641 3562 meus
2676 3507 2913 3560 inimicos
2935 3521 3097 3566 meos,
3130 3512 3178 3556 et
3215 3503 3269 3555 in
3305 3502 3486 3553 insur-

1908 3599 2150 3668 gentibus
2182 3602 2236 3653 in
2266 3616 2346 3653 me
2386 3601 2797 3670 malignantibus
2829 3600 3009 3654 audiet
3049 3599 3193 3650 auris
3228 3612 3363 3648 mea.
3399 3592 3482 3646 Tu

1908 3692 2152 3763 quidem,
2201 3691 2296 3754 ait,
2347 3689 2594 3756 Domine,
2635 3692 2727 3760 qui
2767 3705 2981 3760 semper
3007 3703 3136 3754 ,uno
3183 3685 3483 3752 eodemque

1909 3784 2071 3838 modo
2108 3783 2423 3836 Altissimus
2469 3797 2549 3844 es,
2601 3782 2655 3836 in
2688 3782 2922 3836 excelsis
2962 3793 3151 3833 manes
3196 3791 3293 3846 per
3320 3787 3487 3828 omne

1909 3876 2192 3937 smeulum,
2227 3889 2335 3928 non
2360 3872 2611 3938 mutaris,
2631 3887 2741 3925 non
2773 3869 3050 3940 dejiceris,
3088 3883 3197 3922 non
3225 3863 3481 3929 verteris,

1908 3983 2019 4021 non
2060 3967 2232 4034 teipso
2256 3965 2449 4018 melior
2478 3963 2686 4024 evadis,
2720 3977 2821 4016 nec
2848 3961 2916 4016 iis
2943 3960 3037 4029 qui
3077 3959 3128 4011 in
3162 3965 3308 4010 terra
3352 3962 3483 4010 sunt

1908 4056 2206 4112 humilibus
2233 4053 2431 4108 similis
2453 4069 2532 4119 es,
2559 4067 2667 4107 non
2696 4052 2948 4122 exiguum
2978 4057 3072 4102 aut
3097 4047 3299 4102 humile
3321 4044 3482 4115 quid—

1905 4148 2053 4218 piam
2087 4149 2257 4201 sentis
2304 4156 2399 4197 aut
2428 4145 2568 4214 agis,
2621 4142 2715 4197 sed
2755 4142 2810 4195 in
2860 4149 3125 4195 aeternum
3153 4136 3252 4190 tibi
3285 4133 3483 4189 similis

1905 4253 2231 4312 permanes;
2272 4252 2375 4291 nos
2401 4244 2580 4290 autem
2621 4234 2876 4299 humiles,
2903 4231 2997 4302 qui
3019 4228 3257 4301 procula
3276 4227 3485 4280 virtute

1904 4339 1995 4385 tua
2027 4331 2312 4394 absumus,
2357 4329 2464 4381 alio
2500 4328 2713 4397 alioque
2745 4325 2907 4379 modo
2954 4323 3181 4377 ferimur
3216 4326 3270 4373 et
3300 4323 3486 4372 muta—

1902 4437 2046 4476 mur.
2075 4419 2281 4474 Inimici
2311 4420 2492 4488 itaque
2525 4419 2624 4481 tui,
2661 4415 2906 4480 Domine,
2939 4414 3031 4484 qui
3063 4426 3182 4466 sese
3205 4409 3336 4472 vita,
3360 4421 3482 4477 quae

221 4499 693 4573 μεταϐαλλόμεθα.
717 4504 780 4556 Οἱ
818 4505 914 4575 μὲν
948 4502 1041 4559 οὖν
1071 4506 1254 4577 ἐχθροί
1289 4525 1404 4573 σου,
1429 4508 1474 4561 ὦ
1505 4509 1696 4580 Κύριε,
1723 4509 1799 4574 ὡς

1916 4512 2047 4582 apud
2082 4519 2134 4566 te
2160 4520 2264 4574 est,
2299 4511 2508 4564 alienos
2541 4507 2978 4569 constituerunt;
3013 4518 3078 4556 ac
3113 4501 3488 4570 praeoptarunt

219 4589 289 4641 ἂν
316 4590 542 4656 ἑαυτοὺς
573 4592 882 4664 ἀλλοτρίους
926 4599 1363 4670 καταστήσαντες
1395 4601 1495 4671 τῆς
1523 4601 1673 4673 παρά
1704 4603 1802 4672 ,σοὶ

216 4679 392 4750 ζωῆς,
428 4681 627 4754 ἔχθραν
659 4701 716 4736 τε
762 4686 882 4739 ἀντὶ
913 4688 1092 4756 φιλίας
1125 4690 1262 4763 πρὸς
1282 4691 1341 4743 σὲ
1368 4691 1460 4744 τὸν
1486 4692 1645 4763 μόνον
1668 4694 1805 4762 ἀγα·-

217 4774 313 4828 θὸν
365 4773 631 4845 ἑλόμενοι,
691 4777 1035 4844 ἀπολοῦνται,
1075 4782 1287 4848 ἑαυτοῖς
1325 4783 1487 4837 αἴτιοι
1523 4785 1802 4855 γενόμενοι

216 4864 516 4929 ἀπωλείας,
567 4866 656 4920 διὰ
709 4868 769 4920 τὸ
797 4869 872 4939 μὴ
917 4871 1166 4942 ἐθελῆσαί
1209 4891 1291 4927 σοι
1332 4877 1670 4947 παραμένειν
1707 4877 1802 4930 καί

219 4973 302 5008 σοι
332 4957 665 5028 φιλωθῆναι·
709 4959 911 5032 ἔχθραν
952 4962 1008 5014 δὲ
1050 4963 1278 5035 ἄρασθαι
1301 4964 1400 5036 τὴν
1443 4968 1580 5036 πρὸς
1617 4969 1681 5020 σὲ
1712 4966 1803 5021 τὸν

217 5048 431 5101 ἑαυτῶν
462 5053 688 5122 ποιητήν
717 5069 776 5104 τε
805 5052 899 5104 καὶ
931 5054 1168 5124 σωτῆρα.
1193 5054 1285 5107 Διὸ
1308 5053 1409 5107 κᾶν
1443 5055 1611 5126 μυρία
1641 5073 1803 5108 συνα-

215 5143 462 5212 γάγωσιν
497 5143 554 5196 ἐν
579 5142 656 5213 τῷ
688 5143 786 5214 βίῳ
806 5143 980 5216 τούτῳ
1000 5146 1280 5216 χρήματα,
1309 5148 1402 5200 καὶ
1423 5145 1675 5212 πλοῦτον,
1705 5148 1801 5202 καὶ

216 5234 547 5304 θησαυροὺς,
605 5234 739 5288 ἀλλά
782 5236 850 5288 τὰ
907 5235 1083 5289 πάντα
1118 5238 1214 5290 σὺν
1247 5240 1367 5301 ταῖς
1390 5239 1570 5292 αὐτῶν
1601 5240 1800 5309 ψυχαῖς

216 5326 314 5378 καὶ
360 5325 543 5389 αὐτοῖς
601 5327 815 5396 σώμασι
861 5326 1461 5399 διασκορπισθήσονται.
1518 5330 1659 5398 Ἐγὼ
1689 5331 1745 5384 δὲ
1771 5334 1800 5385 ὁ

213 5419 316 5490 τὴν
348 5417 484 5488 πρὸς
520 5418 578 5470 σὲ
603 5418 804 5486 γνῶσιν
823 5421 918 5472 καὶ
940 5419 1120 5488 φιλίαν
1136 5421 1544 5492 ἀσπασάμενος,
1573 5424 1665 5475 καί
1691 5423 1798 5478 τῶν

214 5508 426 5579 ἐχθρῶν
449 5525 540 5561 σου
568 5509 845 5581 ἀλλότριος
870 5510 1131 5579 γεγονὼς,
1150 5511 1470 5583 πέπεισμαι,
1490 5514 1571 5566 ὅτι
1588 5514 1685 5585 τῆς
1703 5515 1796 5568 ἐπὶ

214 5602 276 5654 τὸ
307 5605 555 5672 κρεῖττον
608 5603 911 5674 μεταϐολῆς
938 5604 1196 5675 τεύξομαι
1218 5608 1284 5676 τῇ
1327 5609 1391 5677 σῇ
1428 5606 1797 5679 δικαιοκρισίᾳ

215 5693 507 5747 πιστεύων·
535 5694 677 5748 ὥστε
705 5697 753 5748 εἰ
787 5695 880 5748 καὶ
912 5695 1050 5749 κατά
1080 5696 1171 5749 τὸν
1194 5697 1437 5768 παρόντα
1468 5698 1580 5768 βίον
1611 5697 1795 5762 ἄδοξός

213 5807 298 5853 τις
343 5785 484 5844 εἶναι
536 5789 748 5860 δοκοίην
799 5791 891 5843 καὶ
943 5790 1195 5854 ταπεινὸς
1238 5791 1386 5863 παρὰ
1419 5795 1529 5856 τοῖς
1559 5792 1791 5859 πολλοῖς,

1904 4606 2226 4660 inimicitias
2247 4613 2451 4667 tecum,
2483 4602 2576 4672 qui
2604 4601 2754 4657 solus
2786 4600 2962 4652 bonus
2984 4611 3066 4663 es,
3084 4608 3291 4664 gerere,
3313 4604 3479 4665 quam

1904 4695 2147 4749 amicitia
2179 4694 2285 4747 frui
2323 4704 2436 4758 tua,
2481 4691 2757 4761 peribunt,
2802 4686 3017 4755 .lbique
3069 4683 3174 4752 ipsi
3220 4678 3488 4751 perniciei

1903 4796 2158 4842 auctores
2189 4793 2351 4840 erunt
2407 4804 2420 4840 :
2462 4783 2591 4853 quia
2649 4781 2942 4835 noluerunt
2979 4777 3118 4846 apud
3167 4784 3221 4830 te
3259 4786 3481 4828 manere

1901 4879 2170 4947 amicique
2215 4877 2292 4930 tui
2332 4891 2490 4939 esse;
2549 4873 2643 4928 sed
2701 4871 3016 4926 inimicitias
3063 4869 3352 4923 adversum
3398 4870 3480 4927 te,

1901 4970 2149 5040 opiﬁcem
2179 4979 2233 5024 et
2267 4975 2604 5022 servatorem
2638 4981 2822 5029 suum,
2864 4977 3175 5032 suscepere.
3209 4958 3481 5026 Quamob-

1899 5079 2015 5118 rem
2045 5061 2261 5116 etiamsi
2302 5059 2544 5114 inﬁnitas
2589 5059 2645 5112 in
2673 5058 2774 5110 hac
2803 5057 2913 5109 vita
2945 5055 3224 5124 pecunias,
3257 5052 3482 5108 divitias

1899 5164 1952 5210 et
1983 5155 2271 5209 thesauros
2294 5151 2588 5222 colligant;
2622 5150 2716 5205 sed
2750 5149 2932 5204 omnia
2958 5164 3080 5203 cum
3109 5145 3396 5201 animabus
3423 5149 3480 5196 et

1899 5247 2223 5317 corporibus
2248 5247 2487 5314 ipsorum
2519 5243 2916 5312 dispergentur.
2938 5240 3048 5311 Ego
3077 5253 3202 5293 vero
3248 5236 3342 5305 qui
3385 5247 3481 5287 co-

1899 5338 2196 5408 gnitionem
2232 5346 2284 5390 et
2313 5333 2604 5387 amicitiam
2643 5342 2787 5386 tuam
2825 5331 3184 5400 amplexatus,
3215 5332 3270 5380 et
3298 5322 3480 5377 inimi-

1899 5427 1979 5480 cis
2018 5427 2126 5481 tuis
2154 5427 2365 5481 alienus
2400 5423 2627 5480 elTectus
2652 5437 2795 5486 sum,
2829 5434 3152 5491 persuasum
3194 5414 3366 5469 habeo
3391 5427 3479 5466 me

1897 5519 2259 5574 mutationem
2285 5519 2341 5571 in
2372 5517 2567 5571 melius
2596 5524 2885 5570 nacturum
2919 5526 3062 5574 esse,
3089 5509 3241 5578 justo
3269 5502 3478 5575 judicio

1895 5621 1992 5666 tuo
2038 5610 2198 5667 ﬁdem
2251 5610 2480 5665 habens.
2522 5607 2708 5678 Itaque
2748 5604 2965 5662 etiamsi
2995 5605 3048 5657 in
3079 5598 3330 5672 praesenti
3363 5597 3477 5649 vita

1899 5704 2166 5773 inglorius
2196 5711 2249 5757 et
2280 5704 2403 5756 vilis
2442 5718 2564 5757 esse
2593 5715 2759 5770 penes
2793 5698 2994 5751 multos
3022 5695 3241 5757 videar;
3281 5689 3376 5746 sed
3421 5689 3477 5742 in

1899 5797 2002 5853 ﬁne
2030 5813 2211 5852 rerum
2234 5798 2545 5865 exaltabor;
2573 5797 2678 5850 imo
2705 5794 2884 5864 potius
2914 5805 3084 5844 cornu
3120 5802 3298 5841 meum
3323 5782 3478 5838 exal-
