3974 6514
258 320 385 375 1181

1371 319 1876 376 COMMENTARIA
1915 322 1985 377 IN
2019 322 2356 381 PSALMOS.

3356 326 3490 382 “89

250 435 344 488 καὶ
398 433 650 507 τρέφοντι
700 433 1050 506 οὐρανομήκη
1097 434 1255 503 φυτά.
1310 435 1464 490 Οῦτω
1510 437 1555 490 δ’
1600 429 1691 489 οῦν
1731 435 1825 489 καὶ

1928 437 2041 503 alit,
2077 416 2368 496 nascatur.
2409 438 2500 495 Sic
2547 440 2730 510 itaque
2776 438 2981 508 justus,
3011 438 3252 494 inﬁnitos
3305 454 3489 496 secum

246 529 275 579 ὁ
325 529 552 589 δίκαιος,
612 526 837 598 μυρίους
895 525 1030 596 ἔχων
1076 528 1201 591 τοὺς
1249 527 1317 580 δι’
1364 527 1528 580 αὐτοῦ
1579 528 1673 581 καὶ
1727 529 1824 581 σὺν

247 616 397 687 αὐτῷ
445 615 802 687 σωζομένους,
850 618 989 671 κατά
1023 617 1181 671 τοῦτο
1231 618 1327 689 μὲν
1370 618 1435 672 ἂν
1474 619 1720 690 ἐμφερὴς
1756 620 1823 690 τῇ

248 708 455 779 κέδρῳ,
508 708 589 779 τῷ
642 708 698 761 δὲ
744 709 943 778 φοίνικι
975 709 1115 762 κατὰ
1155 709 1223 763 τὰ
1254 708 1427 774 ἄλλως
1460 710 1822 781 δεδηλωμένα.

260 799 400 852 Ἀλλ’
427 799 488 852 οὐ
515 799 743 853 τοιοῦτοι
764 795 901 870 ἦσαν
919 799 967 851 οἱ
997 797 1231 864 ἀσεϐεῖς,
1250 800 1299 852 oi
1319 799 1448 853 timet
1479 800 1670 871 χόρτος
1692 800 1825 854 ἀνα-

246 890 526 954 τέλλοντες
580 892 671 944 καὶ
702 892 1039 962 παραχρῆμα
1085 892 1487 963 ἀφανιζόμενοι.
1522 896 1825 962 Πεςρυτευ-

241 979 416 1049 μένοι
451 981 523 1035 ἐν
573 980 651 1046 τῷ
702 980 846 1047 οἴκῳ
872 981 979 1035 τοῦ
1016 981 1187 1046 Θεοῦ,
1227 981 1298 1034 ἐν
1330 982 1457 1048 ταῖς
1480 981 1693 1047 αὐλαῖς
1718 980 1826 1034 τοῦ

251 1069 402 1124 Θεοῦ
460 1070 630 1139 ἡμῶν
684 1069 1113 1136 ἐξανθήσουσι.
1171 1071 1402 1135 Σπάνιος
1446 1073 1543 1143 μὲν
1582 1075 1611 1125 ὁ
1642 1072 1827 1143 ἄκρως

247 1161 473 1224 τέλειος,
496 1164 524 1215 ὀ
550 1162 642 1215 καὶ
656 1162 861 1226 δίκαιος
885 1161 1287 1233 ὠνομασμένος,
1320 1163 1519 1233 φοίνικι
1542 1164 1632 1216 καὶ¹
1652 1163 1826 1234 κέδρῳ

250 1252 739 1325 παραϐεϐλημένος
757 1271 771 1283 ·
798 1255 919 1306 ἐπεὶ
947 1253 1002 1306 δὲ
1031 1253 1106 1325 μὴ
1136 1252 1335 1318 πάντες
1357 1242 1608 1319 τοιοῦτοι,
1631 1253 1823 1319 ἰστέον,

248 1342 335 1395 ὅτι
372 1344 464 1396 καὶ
489 1343 595 1396 τῶν
624 1343 1010 1415 ἀτελεστέρων,
1046 1343 1184 1413 πλὴν
1216 1344 1351 1397 ἀλλὰ
1374 1344 1475 1413 τῆς
1509 1346 1567 1397 ἐν
1589 1343 1666 1415 τῷ
1692 1344 1827 1413 οῖκῳ

250 1432 347 1486 τοῦ
369 1433 501 1486 Θεοῦ
530 1433 753 1502 φυτείας
785 1433 1125 1504 ἠξιωμένων,
1155 1433 1268 1486 ἔστι
1302 1451 1352 1486 τι
1386 1433 1590 1502 ἀγαθὸν
1633 1433 1821 1497 τέλος·

252 1525 311 1576 ὲν
342 1524 469 1593 γοῦν
513 1527 633 1587 ταῖς
688 1524 879 1589 αὐλαῖς
919 1523 1012 1577 τοῦ
1064 1524 1197 1577 Θεοῦ
1241 1525 1400 1595 ήμῶν
1451 1524 1822 1595 ἐξανθήσουσι.

250 1617 485 1687 Νοήσεις
512 1616 568 1668 δὲ
602 1616 868 1669 καὶτοῦτο
888 1611 1035 1669 οἷκον
1071 1615 1242 1686 μέγαν
1266 1617 1467 1686 Κυρίου
1492 1616 1703 1669 ἀκούων
1729 1617 1828 1687 τὴν

264 1708 590 1780 Ἐκκλησίαν
636 1706 821 1770 αὐτοῦ,
873 1707 972 1779 τὴν
1001 1707 1092 1758 ἐπὶ
1130 1708 1250 1777 γῆς,
1287 1707 1427 1760 κατά
1450 1706 1541 1761 τὸν
1580 1708 1827 1778 φήσαντα

1925 530 2132 586 habens
2160 534 2252 602 qui
2288 532 2459 602 ipsius
2502 546 2665 601 opera
2697 532 2927 586 salutem
2984 539 3388 602 assequuntur,
3427 548 3489 587 ea

1925 623 2142 692 quidem
2198 624 2410 678 ratione
2454 625 2619 679 cedro
2664 624 3101 694 comparandus,
3157 626 3263 678 alia
3310 633 3490 680 autem

1926 716 2075 784 prius
2107 716 2410 779 enuntiata,
2438 715 2652 785 palmte.
2709 715 2777 769 At
2808 732 2918 770 non
2973 716 3286 785 hujusmodi
3335 722 3495 771 erant

1924 806 2096 875 impii,
2130 807 2244 875 qui,
2269 816 2523 877 tanquam
2557 806 2738 860 fenum
2768 808 2966 870 exorti,
2995 823 3119 862 mox
3146 807 3306 862 deleti
3340 816 3493 863 sunt.

1926 896 2165 952 Plantati
2200 899 2254 951 in
2284 898 2437 952 domo
2459 897 2578 962 Dei,
2618 899 2671 951 in
2706 900 2859 953 atriis
2888 898 2985 953 Dei
3008 900 3179 954 nostri
3207 900 3491 968 ﬂorebunt.

1925 991 2187 1045 Perrarns
2215 989 2432 1060 quidem
2465 997 2581 1054 est,
2613 991 2706 1059 qui
2738 990 2805 1043 ad
2840 1006 3110 1045 summum
3146 990 3498 1061 perfectionis

1925 1081 2219 1142 devenerit.
2250 1081 2341 1151 qui
2371 1088 2425 1135 et
2448 1083 2631 1150 justus
2663 1088 2892 1136 vocatur
2912 1120 2928 1145 ,
2973 1082 3275 1151 palmaeque
3318 1096 3383 1135 ac
3407 1096 3499 1136 ce-

1925 1174 2024 1228 dro
2073 1172 2372 1227 confertur.
2446 1172 2551 1226 Sed
2604 1172 2732 1240 quia
2786 1187 2896 1226 non
2941 1186 3133 1227 omnes
3180 1171 3497 1241 hujusmodi

1924 1269 2073 1328 sunt,
2100 1261 2377 1317 sciendum
2411 1267 2514 1323 est,
2543 1261 2705 1315 etiam
2752 1259 3263 1330 imperfectioribus,
3287 1262 3378 1329 qui
3416 1269 3497 1313 ta-

1923 1369 2047 1407 men
2076 1353 2167 1407 illa
2206 1353 2259 1406 in
2294 1352 2456 1407 domo
2489 1351 2584 1407 Dei
2625 1351 2959 1421 plantatione
2990 1350 3196 1421 dignati
3254 1350 3496 1413 fuerint,

1924 1445 2126 1499 bonum
2168 1443 2456 1514 quemdam
2511 1444 2670 1497 finem
2713 1444 3012 1512 repositum
3056 1458 3179 1497 esse
3216 1458 3227 1493 :
3282 1458 3407 1497 nam
3442 1443 3499 1496 in

1926 1534 2079 1589 atriis
2110 1532 2304 1587 domus
2354 1531 2448 1586 Dei
2496 1532 2670 1587 nostri
2715 1528 3002 1585 ﬂorebunt.
3038 1530 3096 1585 ld
3131 1546 3259 1585 vero
3296 1530 3500 1585 intelli-

1926 1638 2042 1693 gas,
2075 1622 2119 1677 si
2148 1637 2245 1692 pro
2272 1636 2465 1692 magna
2489 1620 2648 1675 domo
2672 1619 2906 1682 Domini,
2938 1621 3239 1676 Ecclesiam
3278 1621 3399 1689 ejus
3440 1620 3498 1676 in

1929 1721 2071 1768 terra
2102 1714 2262 1767 sitam
2287 1711 2523 1781 accipias
2553 1711 2854 1767 secundum
2882 1711 3229 1779 Apostolum,
3272 1712 3366 1781 qui
3397 1712 3496 1775 ait,

264 1800 585 1854 Ἀπόστολον
602 1817 614 1829 '
654 1802 777 1853 Ἵνα
801 1799 937 1866 ἴδῃς
962 1797 1089 1864 πῶς
1117 1798 1211 1851 δεῖ
1236 1798 1305 1851 ἐν
1326 1799 1467 1862 οἴκῳ
1508 1799 1653 1853 Θεοῦ
1682 1800 1827 1853 ἀνα-

1938 1804 2005 1859 Ut
2043 1804 2218 1858 videas
2248 1803 2504 1874 quomodo
2531 1813 2764 1873 oporteat
2787 1804 2841 1858 in
2873 1803 3027 1857 domo
3050 1804 3149 1858 Dei
3177 1804 3496 1869 conversari,

253 1890 636 1959 στρέφεσθαι,
660 1889 791 1957 ἥτις
823 1890 996 1942 ἐστὶν
1034 1889 1357 1951 Ἐκκλησία
1395 1889 1541 1943 Θεοῦ
1576 1888 1787 1955 ζῶντος
1808 1905 1825 1923 ο

253 1980 694 2051 πεφυτευμένους
749 1979 804 2032 δὲ
836 1982 892 2032 ἐν
946 1980 1118 2051 ταύτῃ
1156 1980 1282 2042 τοὺς
1310 1980 1405 2042 τὰς
1437 1979 1609 2051 ἀρχὰς
1641 1983 1737 2051 τῆς
1771 1983 1828 2035 ὲν

255 2070 538 2141 θεοσεϐείᾳ
591 2072 871 2142 προκοπῆς
916 2068 1165 2122 ἐντεῦθεν
1201 2069 1509 2141 εἰληφότας,
1536 2066 1637 2123 οἷοι
1664 2068 1825 2140 ἦσαν,

252 2157 349 2221 οὓς
403 2158 695 2227 ἐφύτευσεν
741 2160 769 2211 ὁ
818 2157 1045 2221 Παῦλος,
1078 2158 1141 2210 δι’
1165 2156 1257 2221 οὓς
1292 2160 1386 2211 καὶ
1438 2158 1642 2227 ἔλεγεν,
1690 2160 1829 2228 Ἐγὼ

250 2249 578 2316 ἐφύτευσα,
624 2248 919 2314 Ἀπολλὼς
954 2250 1255 2313 ἐπότισεν,
1287 2249 1424 2303 ἀλλ’
1463 2253 1497 2302 ό
1538 2249 1683 2315 Θεὸς
1723 2250 1830 2317 ηὐ-

253 2337 460 2403 ξανεν.
480 2333 638 2393 Οὗτοι
653 2336 747 2392 οῦν
765 2339 813 2391 οἱ
827 2340 885 2391 ὲν
903 2341 967 2407 τῇ
987 2355 1053 2390 πε
1062 2338 1247 2409 ριγείῳ
1272 2338 1566 2409 Ἐκκλησία
1589 2338 1680 2391 τοῦ
1694 2339 1827 2391 Θεοῦ

252 2430 651 2499 πεφυτευμένοι
677 2430 833 2493 ἄνθος
870 2427 1237 2482 ἀποδώσουσιν
1263 2428 1459 2491 εὐῶδες
1493 2430 1586 2481 καὶ
1608 2430 1827 2499 γόνιμον

253 2522 349 2574 καὶ
376 2521 483 2575 τῶν
515 2520 734 2572 τελείων
760 2520 984 2590 καρπῶν
1001 2520 1258 2582 οίστικὸν,
1282 2519 1339 2572 ὲν
1362 2523 1481 2583 ταῖς
1514 2520 1704 2582 αὐλαῖς
1732 2517 1826 2572 τοῦ

249 2612 388 2668 Θεοῦ
422 2612 577 2685 ἡμῶν
611 2610 1122 2683 μεταφυτευθέντες,
1149 2610 1425 2663 τουτέστιν
1442 2612 1499 2663 ἐν
1515 2612 1635 2674 ταῖς
1662 2613 1825 2662 ἐπου-

255 2708 457 2777 ρανίοις
502 2708 689 2775 μοναῖς
711 2722 725 2735 ·
776 2704 904 2772 εἴγε
938 2702 1126 2756 πολλαὶ
1172 2701 1324 2774 παρὰ
1366 2701 1442 2773 τῷ
1474 2702 1671 2772 Πατρὶ,
1700 2700 1826 2753 ἔνθα

251 2798 373 2848 κατ’
427 2796 584 2861 ἀξίαν
633 2793 1075 2867 διαμερισθέντες
1120 2792 1168 2843 oi
1210 2791 1305 2845 νῦν
1345 2792 1402 2844 ὲν
1440 2791 1518 2861 τῷ
1564 2790 1698 2860 οἴκῳ
1728 2787 1822 2841 τοῦ

252 2885 390 2938 Θεοῦ
452 2884 869 2957 πεφυτευμένοι,
911 2881 1052 2936 κατὰ
1097 2881 1288 2951 καιρὸν
1342 2881 1432 2936 τὸν
1481 2883 1826 2952 προσήκοντα

250 2977 552 3048 ἑξανοήσου
560 2995 663 3031 σιν.

329 3090 451 3143 Ἔτι
503 3087 1033 3158 πληθυνθήσονται
1092 3088 1161 3142 ἐν
1201 3087 1357 3158 γήρᾳ
1390 3089 1575 3153 πίονι,
1611 3090 1708 3144 καὶ
1735 3091 1826 3145 εὐ·
1852 3127 1893 3186 C

250 3182 589 3249 παθοῦντες
632 3184 895 3244 ἔσονται,
941 3180 1048 3235 τοῦ
1095 3181 1460 3251 ἀναγγεῖλαι,
1517 3182 1606 3236 ὅτι
1644 3183 1827 3251 εὑθὴς

249 3273 471 3340 Κύριος
502 3276 535 3326 ό
569 3273 713 3338 Θεὸς
757 3273 946 3343 ἡμῶν,
1000 3272 1098 3325 καὶ
1146 3274 1256 3327 οὐκ
1310 3272 1482 3328 ἔστιν
1531 3273 1729 3329 ἀδικία
1760 3275 1829 3328 ἐν

250 3368 437 3433 αὐτῷ.
490 3366 568 3422 Οὐ
622 3369 779 3439 μόνον
824 3369 1010 3440 φησὶν,
1045 3369 1125 3422 ὅτι
1175 3368 1560 3439 ἐξανθήσουσιν
1610 3371 1670 3423 ὲν
1707 3373 1827 3434 ταῖς

249 3460 444 3523 αὐλαῖς
464 3459 556 3513 τοῦ
583 3460 717 3515 Θεοῦ
746 3462 793 3514 οἱ
823 3462 1060 3531 σήμερον
1092 3462 1149 3513 ὲν
1183 3460 1260 3531 τῷ
1292 3461 1424 3531 οἴκῳ
1461 3462 1624 3516 αὐτοῦ
1656 3481 1829 3532 πεφυ-

247 3552 526 3621 τευμένοι,
578 3551 712 3604 ἀλλά
759 3552 853 3605 καὶ
896 3552 1049 3605 αὐτοὶ
1098 3551 1585 3623 πληθυνθήσονται,
1641 3553 1829 3627 ὥσπερ

251 3642 556 3713 ἀνωτέρωή
576 3642 763 3713 κέδρος
778 3645 809 3712 ἡ
837 3645 894 3696 ἐν
910 3642 985 3713 τῷ
1002 3642 1217 3710 Λιϐάνῳ
1234 3643 1581 3715 ἐπληθύνετο.
1613 3644 1747 3697 Πότέ
1768 3645 1825 3698 δὲ

252 3733 414 3786 τοῦτο
442 3734 624 3798 αὐτοῖς
659 3733 830 3797 ἔσται,
850 3733 1010 3804 ἀλλ’ἢ
1029 3736 1086 3787 ἐν
1100 3735 1176 3804 τῷ
1195 3735 1341 3805 γήρᾳ
1355 3734 1432 3804 τῷ
1451 3734 1591 3786 πίονι
1613 3752 1626 3799 ;
1645 3735 1829 3805 Γῆρας

250 3823 311 3877 δὲ
346 3823 578 3878 ενταῦθα
604 3823 701 3894 τὴν
748 3823 1024 3878 τελείωσιν
1048 3825 1275 3877 πέπεισο
1319 3825 1567 3893 λέγεσθαι
1603 3826 1707 3895 τῆς
1730 3826 1830 3895 ψυ-

252 3916 379 3987 χῆς,
413 3919 470 3969 ἐν
504 3911 840 3989 ᾖγενόμενοι
895 3916 1258 3980 εὐπαθοῦντες
1318 3917 1532 3971 ἔσονται
1576 3918 1625 3969 oi
1649 3918 1743 3970 νῦν
1770 3920 1828 3970 ὲν

248 4006 331 4077 τῷ
369 4008 501 4078 οἴκῳ
544 4008 751 4079 Κυρίου
790 4007 1204 4078 πεφυτευμένοι.
1243 4007 1306 4060 Εἰ
1339 4007 1449 4079 γὰρ
1484 4009 1579 4063 καὶ
1626 4008 1694 4062 τὰ
1722 4008 1828 4079 μά-

248 4098 409 4151 λιστα
464 4099 605 4152 κατά
656 4099 746 4151 τὸν
806 4099 1046 4169 παρόντα
1072 4098 1281 4170 καιρὸν,
1334 4100 1392 4151 ὲν
1424 4093 1468 4165 ᾧ
1513 4098 1828 4167 φυτεύονται

252 4192 313 4244 ὲν
344 4191 421 4261 τῷ
444 4194 577 4261 οῖκῳ
616 4190 819 4261 Κυρίου
871 4189 1306 4253 κακοπαθοῦντες
1347 4189 1667 4256 διατελοῦσι,
1704 4191 1829 4249 τούς

251 4282 501 4354 πρώτους
557 4281 654 4351 τῆς
706 4281 977 4352 γεωργίας
1029 4282 1220 4345 πόνους
1274 4281 1669 4352 ὐπομένοντες’
1714 4282 1827 4334 ἀλλ’

249 4372 392 4426 ἐπὰν
422 4371 517 4424 τοῦ
544 4373 727 4443 γήρως
762 4371 856 4424 τοῦ
884 4371 1065 4436 πίονος
1113 4371 1435 4437 ἀξιωθῶσιν,
1471 4372 1829 4436 εὐπαθοῦντες

1931 1913 2047 1967 qua:
2070 1906 2147 1950 est
2175 1895 2409 1949 Ecclesia
2432 1895 2529 1949 Dei
2556 1896 2765 1948 viventis
2798 1894 2877 1960 “;
2916 1906 2969 1950 et
3000 1895 3045 1951 si
3068 1910 3168 1965 pro
3192 1894 3299 1948 illis
3327 1893 3417 1963 qui
3441 1894 3498 1946 in

1933 2003 1995 2043 ea
2022 1988 2249 2058 plantati
2279 1995 2426 2051 sunt,
2456 2002 2550 2041 eos
2581 1988 2671 2055 qui
2698 1986 2976 2056 profectus
3009 1986 3060 2038 in
3088 1985 3347 2055 religione
3382 1982 3499 2053 pri-

1934 2076 2141 2131 mordia
2190 2076 2241 2130 in
2282 2077 2371 2129 illa
2423 2084 2785 2144 acceperunt:
2834 2075 3024 2144 quales
3072 2076 3106 2127 ii
3152 2081 3310 2129 erant
3359 2088 3499 2143 quos

1934 2166 2194 2236 plantavit
2221 2166 2443 2233 Paulus,
2473 2185 2813 2239 quorumque
2841 2186 3004 2225 causa
3034 2171 3190 2236 dixit,
3220 2169 3325 2240 Ego
3346 2169 3503 2237 plau-

1936 2258 2061 2321 tavi,
2086 2257 2274 2326 Apollo
2303 2260 2528 2329 rigavit;
2568 2260 2658 2313 sed
2685 2262 2824 2314 Deus
2860 2262 3231 2314 incrementum
3272 2259 3409 2312 dedit
3431 2261 3497 2313 ".

1934 2347 1999 2401 Hi
2026 2349 2207 2418 itaque
2231 2349 2322 2419 qui
2355 2350 2409 2403 in
2437 2358 2654 2405 terrena
2686 2350 2778 2405 Dei
2810 2350 3053 2406 Ecclesia
3092 2351 3317 2420 plantati
3348 2357 3499 2412 sunt,

1932 2438 2115 2494 ﬂorem
2137 2440 2382 2495 emittent
2431 2442 2616 2497 suavis
2650 2442 2835 2498 odoris
2870 2458 2932 2496 ac
2970 2457 3290 2513 generosum
3326 2441 3503 2511 perfe-

1931 2538 2251 2601 ctorumque
2280 2531 2557 2587 fructuum
2589 2533 2856 2599 feracem;
2894 2534 2949 2588 in
2985 2536 3136 2590 atriis
3161 2534 3253 2589 Dei
3286 2534 3458 2590 nostri
3480 2573 3499 2599 ,

1932 2620 1985 2674 id
2016 2622 2206 2690 est;in
2256 2622 2571 2679 coelestibus
2630 2625 3007 2680 mansionibus
3060 2626 3495 2694 transplantati:

1932 2714 2198 2783 siquidem
2236 2716 2421 2769 multa:
2467 2724 2596 2770 sunt
2625 2718 2941 2795 mansiones
2971 2717 3113 2787 apud
3140 2716 3377 2785 Patrem,
3404 2720 3499 2773 ubi

1930 2821 2032 2877 pro
2065 2807 2259 2861 merito
2293 2808 2574 2862 distributi
2603 2807 2695 2877 qui
2731 2808 2837 2877 jam
2870 2808 2925 2860 in
2956 2808 3120 2863 domo
3142 2807 3237 2863 Dei
3269 2808 3500 2878 plantati

1930 2904 2080 2963 sunt,
2102 2899 2422 2968 congruenti
2448 2908 2688 2969 tempore
2716 2899 3005 2955 ﬂorebunt.
3506 2896 3507 2903 “

1996 3089 2164 3148 Vnus.
2199 3092 2286 3157 l5,
2322 3091 2407 3147 16.
2436 3092 2621 3147 Adhuc
2654 3092 3142 3162 multiplicabuntur
3164 3094 3216 3148 in
3242 3102 3504 3148 senectute

1926 3182 2127 3252 pingui,
2176 3191 2225 3236 et
2269 3181 2404 3236 bona
2448 3183 2745 3251 accipient;'
2778 3192 2837 3236 ut
2875 3186 3213 3248 annuntient,
3253 3184 3501 3255 quoniam

1927 3284 2097 3329 rectus
2121 3272 2373 3328 Dominus
2402 3273 2542 3328 Deus
2570 3284 2767 3341 noster,
2794 3283 2843 3329 et
2886 3293 2991 3330 non
3018 3286 3097 3330 est
3140 3277 3393 3346 iniquitas
3442 3278 3499 3329 in

1925 3381 2004 3420 eo.
2048 3364 2165 3420 Non
2194 3366 2368 3421 solum
2405 3366 2457 3420 id
2489 3366 2598 3434 ait,
2649 3367 2705 3421 in
2763 3368 2916 3422 atriis
2949 3368 3044 3424 Dei
3086 3369 3357 3424 ﬂorebunt
3405 3369 3500 3439 qui

1926 3455 2089 3511 hodie
2119 3457 2174 3511 in
2201 3456 2361 3511 domo
2390 3457 2509 3525 ejus
2540 3458 2767 3526 plantati
2797 3465 2922 3512 sunt
2948 3475 2962 3524 ;
2998 3457 3093 3514 sed
3135 3467 3188 3513 et
3228 3458 3331 3529 ipsi
3362 3459 3503 3512 mul-

1926 3546 2339 3617 tiplicabuntur,
2371 3548 2512 3602 sicut
2539 3547 2758 3609 cedrus.
2790 3564 2913 3619 quae
2939 3550 2994 3603 in
3026 3549 3234 3604 Libano
3269 3558 3371 3611 est,
3407 3564 3499 3604 su-

1926 3654 2023 3710 pra
2074 3639 2426 3709 multiplicari
2479 3638 2781 3695 dicebatur.
2836 3639 3195 3705 Quandonam
3253 3640 3305 3694 id
3365 3640 3501 3710 ipsis

1928 3732 2158 3797 eveniet,
2182 3732 2288 3785 nisi
2320 3731 2376 3784 in
2407 3738 2684 3787 senectute
2713 3732 2939 3801 pingui?
2961 3730 3060 3784 llic
3092 3746 3221 3784 vero
3245 3738 3500 3785 senectu-

1928 3831 2035 3879 tem
2066 3839 2165 3892 pro
2193 3823 2671 3877 consummatione
2694 3822 2889 3875 anima:
2917 3820 3024 3875 dici
3054 3835 3377 3890 persuasum
3402 3821 3500 3873 ha-

1928 3916 2077 3979 beas,
2094 3916 2144 3969 in
2163 3930 2267 3985 qua
2292 3915 2570 3970 constituti
2594 3916 2750 3971 bonis
2765 3915 3031 3976 fruentur,
3047 3915 3136 3982 qui
3157 3930 3299 3967 nunc
3336 3914 3388 3967 in
3404 3914 3502 3968 do-

1928 4023 2018 4063 mo
2036 4007 2246 4061 Domini
2266 4007 2491 4077 plantati
2512 4016 2659 4061 sunt.
2677 4006 2811 4060 Nam
2836 4006 2879 4061 si
2898 4006 3010 4075 jam
3032 4006 3085 4059 in
3112 4005 3273 4060 domo
3288 4004 3500 4060 Domini

1927 4099 2174 4167 plantati,
2204 4098 2344 4151 mala
2400 4097 2666 4167 patientes
2718 4106 3090 4167 perseverant,
3123 4094 3315 4165 primis
3350 4095 3498 4166 agri-

1928 4189 2157 4243 cultura:
2186 4189 2462 4245 laboribus
2490 4190 2762 4255 afﬂictati;
2792 4190 2884 4244 sed
2916 4206 3039 4245 cum
3072 4198 3349 4244 senectute
3379 4187 3500 4256 pin-

1927 4281 2015 4351 gui
2057 4281 2239 4334 donati
2278 4280 2500 4344 fuerint,
2529 4280 2689 4336 bonis
2724 4281 2995 4345 fruentur,
3019 4295 3083 4335 ac
3115 4278 3355 4350 requiem
3397 4292 3501 4332 na-

1927 4372 2021 4434 cti,
2050 4371 2294 4424 laborum
2336 4372 2805 4442 certaminumque
2847 4372 3070 4442 praemia
3099 4370 3380 4434 referent,
3435 4382 3500 4423 ac

246 4464 566 4535 γενήσονται
587 4465 986 4536 ἀναπαυόμενοι
1012 4466 1120 4518 τῶν
1147 4467 1407 4537 καμάτων
1436 4467 1529 4517 καὶ
1544 4465 1650 4519 τῶν
1680 4466 1826 4534 ἀγώ-

1928 4462 2348 4528 confttebuntur,
2377 4464 2639 4530 Quoniam
2662 4474 2831 4517 rectus
2861 4463 3117 4515 Dominus
3142 4460 3279 4515 Deus
3300 4466 3496 4521 noster,

246 4573 359 4611 νων
415 4554 483 4607 τὰ
527 4555 734 4608 ἔπαθλα
785 4556 1220 4627 ἀποληψόμενον
1279 4556 1703 4628 Ὀμολογήσουσί
1746 4575 1825 4623 τε,

249 4647 385 4699 "Ott
415 4646 598 4713 εὐθὺς
623 4648 839 4714 Κύριος
872 4650 904 4700 ό
935 4646 1078 4714 Θεὸς
1122 4649 1312 4716 ἡμῶν,
1358 4649 1457 4703 καὶ
1494 4652 1606 4703 οὐκ
1658 4648 1829 4703 ἔστιν

246 4740 450 4794 ἀδικία
477 4740 546 4791 ἐν
566 4739 746 4804 αὐτῷ.
772 4740 833 4793 El
858 4740 966 4812 γὰρ
993 4740 1067 4812 μὴ
1084 4742 1151 4793 τὰ
1176 4741 1632 4813 κατηριθμημένα
1648 4741 1827 4809 ἀγαθά

247 4827 441 4897 ἔμελλε
483 4827 817 4897 διαδέχεσθαι
860 4830 987 4891 τοὺς
1034 4829 1110 4899 τῷ
1141 4830 1259 4901 Θεῷ
1296 4833 1703 4902 ἀνακειμένους,
1734 4832 1827 4884 καὶ¹

245 4922 299 4971 εἰ
338 4918 412 5001 μὴ
439 4919 499 4972 τὸ
523 4920 764 4990 ὀλέθριον
798 4920 948 4983 τέλος
994 4921 1282 4992 περιέμενε
1335 4925 1460 4985 τοὺς
1490 4924 1703 4986 ἀσεϐεῖς
1731 4924 1826 4976 καὶ

244 5014 375 5075 τοὺς
414 5011 813 5082 ἐργαζομένους
864 5012 962 5082 τὴν
994 5014 1243 5083 ἀνομίαν,
1271 5010 1338 5085 ἦν
1358 5016 1423 5067 ἂν
1446 5015 1585 5085 τάχα
1612 5015 1825 5067 ἀδικίαν

245 5102 571 5156 ἐπικαλέσαι
630 5105 695 5173 τῇ
747 5102 843 5155 τοῦ
891 5102 1023 5156 Θεοῦ
1069 5104 1315 5175 προνοίᾳ.
1359 5104 1487 5157 ⁰¹Οτε
1514 5105 1570 5157 δὲ
1600 5105 1826 5159 τοιαῦτα

244 5196 375 5265 τέλη
435 5195 528 5247 καὶ
571 5198 682 5257 τοῖς
732 5194 960 5258 δικαίοις
1005 5195 1347 5266 ἡτοίμασται,
1376 5196 1504 5249 οἴων
1548 5197 1641 5249 καὶ
1667 5198 1825 5267 ἡμεῖς

245 5286 519 5357 εὐχόμεθα
559 5288 739 5355 τυχεῖν
769 5328 783 5351 ,
835 5287 928 5339 καὶ
962 5289 1075 5350 τοῖς
1109 5288 1328 5341 ἀσεϐέσι
1382 5289 1625 5342 τοιαῦται
1667 5290 1825 5359 ἠπεί-

242 5377 437 5447 ληνται
462 5375 738 5446 τιμωρίαι,
769 5374 862 5443 ἀφ’
890 5368 964 5427 ὧν
985 5375 1194 5442 γένοιτο
1214 5376 1357 5445 ἡμᾶς
1383 5376 1645 5447 ρυσθῆναι
1664 5394 1677 5406 ”
1704 5376 1821 5439 πῶς

242 5470 345 5521 οὐκ
375 5466 663 5520 ἀκόλουθον
690 5465 756 5519 ἂν
782 5464 866 5535 εἴη
910 5466 1209 5534 ὁμολογεῖν,
1242 5466 1360 5518 ’Ότι
1394 5466 1579 5534 εὐθὴς
1606 5468 1819 5534 Κύριος

189 5586 192 5593 ι
245 5566 277 5615 d
312 5560 455 5624 Θεὸς
493 5557 683 5627 ήμῶν,
731 5556 829 5610 καὶ
880 5558 991 5609 οὐκ
1039 5555 1211 5610 ἐστιν
1262 5556 1461 5611 ἀδικία
1504 5556 1573 5611 ἐν
1623 5556 1817 5623 aucti);

316 5718 359 5789 ξι
403 5715 422 5769 1
456 5714 596 5771 Tim.
639 5729 732 5781 Ill,
771 5714 855 5769 15.
933 5716 975 5745 ¹¹
1017 5711 1035 5766 1
1069 5712 1190 5767 Cor.
1231 5728 1323 5779 Ill,
1356 5713 1407 5767 6.

1924 4563 1973 4607 et
2004 4571 2107 4607 non
2140 4564 2217 4609 est
2247 4555 2496 4622 iniquitas
2520 4555 2574 4607 in
2608 4570 2686 4607 eo.
2718 4552 2835 4623 Nisi
2868 4553 3012 4607 enim
3036 4552 3148 4620 jam
3182 4556 3500 4605 enumerata

1925 4645 2066 4699 bona
2110 4661 2205 4701 eos
2246 4646 2336 4715 qui
2370 4644 2479 4700 Deo
2513 4643 2716 4698 addicti
2750 4650 2878 4699 sunt
2928 4650 3225 4709 exceptura
3271 4646 3497 4703 essent,

1924 4746 1977 4792 et
2004 4738 2109 4793 nisi
2135 4739 2336 4807 impios
2364 4745 2418 4793 et
2439 4744 2735 4806 Operantes
2769 4735 3112 4803 iniquitatem
3134 4731 3402 4786 exitiosus
3431 4731 3497 4784 ﬁ-

1922 4830 2009 4884 nis
2056 4837 2331 4895 maneret;
2388 4829 2585 4883 divinae
2622 4825 2980 4881 Providentize
3022 4824 3307 4894 culpanda:
3358 4821 3500 4878 forte

1922 4934 2089 4975 causa
2115 4920 2382 4975 subesset.
2440 4918 2508 4971 At
2537 4917 2757 4987 quando
2812 4916 2936 4972 finis
2979 4914 3291 4985 bujusmodi
3333 4914 3499 4982 justis

1920 5018 2143 5082 paratus
2178 5017 2281 5073 est,
2314 5010 2528 5079 qualem
2561 5024 2662 5063 nos
2704 5007 2965 5077 consequi
3019 5013 3398 5077 peroptamus;
3431 5018 3497 5057 ac

1921 5102 2100 5171 impiis
2126 5103 2252 5156 talia
2281 5102 2672 5157 denuntiantur
2715 5100 2980 5170 supplicia
3006 5142 3021 5165 ,
3064 5116 3094 5155 a
3138 5100 3337 5170 quibus
3397 5111 3499 5150 nos

1919 5192 2053 5261 eripi
2093 5192 2414 5261 contingat:
2475 5207 2645 5261 quare
2697 5200 3121 5245 consentaneum
3181 5204 3289 5243 non
3336 5186 3500 5239 fuerit

1920 5284 2186 5348 confiteri,
2220 5284 2485 5350 Quoniam
2529 5291 2700 5337 rectus
2743 5281 3002 5335 Dominus
3033 5280 3174 5333 Deus
3205 5286 3408 5337 noster,
3446 5283 3497 5329 et

1927 5391 2028 5427 non
2054 5384 2131 5428 est
2155 5376 2405 5445 iniquitas
2444 5377 2497 5428 in
2520 5377 2625 5430 eo?
2661 5377 2729 5428 At
2782 5374 3045 5441 insipiens
3084 5372 3197 5424 haec
3242 5384 3349 5422 non
3402 5382 3496 5420 cn-

1924 5476 2183 5537 gnoscet,
2216 5481 2316 5520 nec
2347 5467 2542 5521 stultus
2575 5466 2856 5535 intelliget,
2890 5462 3034 5532 quod
3079 5476 3109 5513 a
3139 5459 3367 5513 stultitia
3397 5472 3495 5511 sua

1925 5558 2163 5615 tenebris
2224 5558 2553 5614 oll'undatur.
2611 5557 2721 5628 Ego
2778 5572 2904 5611 vero
2949 5553 3042 5622 qui
3096 5551 3280 5608 islhmc
3329 5549 3500 5621 probe
