3974 6544
586 379 723 436 H83
1288 370 1552 427 EUSEBII
1595 364 2076 426 CIESABlENSlS
2112 364 2261 421 OPP.
2298 359 2479 417 PARS
2507 357 2596 414 Ill.
2620 388 2690 399 —
2710 348 3100 410 EXEGETICA
3656 350 3748 407 "8i

584 506 911 567 cognoscam
937 497 991 547 et
1014 489 1332 560 intelligam,
1367 488 1495 559 quia
1528 502 1559 541 a
1587 484 1793 557 Spiritu
1821 491 2012 539 sancto
2035 483 2159 537 illu-
2186 520 2197 546 λ

2273 478 2408 532 Ἀλλ’
2434 478 2462 531 6
2488 476 2584 548 μὲν
2610 474 2801 545 ἄφρων
2828 468 3002 523 ταῦτα
3032 466 3092 519 οὐ
3113 462 3402 534 γνώσεται,
3433 460 3543 514 οὐδὲ
3566 462 3753 529 ἀσύνετος

585 555 793 642 stratus
841 597 983 647 sum,
1007 590 1061 636 et
1092 579 1237 652 quod
1287 577 1625 634 considerem
1660 591 1821 645 quam
1881 572 2163 644 profundae

2273 572 2484 642 συνήσει
2511 567 2705 631 ταῦτα,
2735 564 2824 619 διὰ
2854 563 2915 616 τὸ
2969 556 3308 623 σκοτίζεσθαι
3356 555 3457 607 ὑπὸ
3489 556 3575 626 τῆς
3611 557 3754 623 cinia;

588 676 746 730 factae
786 675 895 729 sint
923 648 1283 742 cogitationes
1331 668 1454 735 Dei;
1507 668 1631 737 jure
1678 667 1831 722 laetor
1861 673 1916 720 et
1950 665 2164 720 exsulto

2273 660 2578 735 ἀφροσύνης
2598 676 2611 688 ⁸
2641 655 2752 726 ἐγὼ
2778 656 2834 709 δὲ
2868 656 2898 708 6
2922 653 3085 723 γνοὺς
3112 648 3252 704 αὐτὰ
3284 652 3377 702 καὶ
3416 649 3594 710 συνιεὶς
3624 649 3691 701 διὰ
3717 650 3758 702 τὸ

588 767 655 821 de
676 765 855 819 divina
887 739 1298 833 dispensatione
1325 778 1339 813 :
1382 758 1670 830 praesentia
1693 771 1822 811 vero
1867 756 2007 809 mala
2030 795 2045 817 ,
2094 755 2165 809 ob

2273 756 2373 810 ὑπὸ
2396 754 2540 807 θείου
2572 750 2885 821 Πνεύματος
2907 743 3267 817 πεφωτίσθαι,
3298 742 3393 794 καὶ
3418 740 3500 793 διὰ
3523 739 3577 792 τὸ
3597 739 3759 811 θεωρίίν

589 872 737 926 spem
769 854 1079 909 futurorum
1113 860 1333 909 strenue
1358 852 1549 905 tolero.
1570 849 1686 915 Qua
1716 848 1782 902 de
1801 862 1967 902 causa
1993 853 2166 901 totum

2273 849 2413 910 ὅπως
2462 843 2831 913 ὲϐαθύνθησαν
2881 838 3082 911 σφόδρα
3112 838 3161 890 oi
3189 834 3523 903 διαλογισμοὶ
3544 833 3623 885 τοῦ
3643 833 3757 886 Θεοῦο

588 950 760 1003 otium
794 964 973 1003 meum
1017 956 1073 1002 et
1115 945 1478 1001 cessationem
1530 958 1561 995 a
1602 942 1760 998 malis
1817 939 1925 995 Deo
1973 954 2168 996 conse-

2273 938 2489 1000 είκότως
2516 933 2875 1006 εὑςρραίνομαι
2912 930 3005 983 καὶ
3032 928 3277 997 ἀγαλλιῶ
3320 925 3413 977 ἐπὶ
3454 927 3516 994 τῇ
3548 923 3646 995 θείᾳ
3675 924 3760 977 διοι-

588 1053 771 1101 erans,
803 1037 1143 1092 delectabilia
1178 1038 1265 1091 illa
1296 1043 1348 1090 et
1376 1040 1564 1089 sancta
1614 1031 1849 1088 Sahhata
1883 1032 2170 1087 observare

2273 1029 2448 1101 κήσει,
2504 1025 2655 1098 φέρω
2691 1041 2751 1076 τε
2801 1021 2871 1075 τὰ
2926 1020 3167 1092 παρόντα
3193 1016 3457 1087 γενναίως
3488 1015 3567 1068 διὰ
3589 1016 3667 1086 τὴν
3692 1017 3760 1068 τῶι

590 1136 801 1200 satago,
833 1129 1168 1192 conﬁtendo,
1208 1128 1488 1199 psallendo
1518 1135 1575 1183 et
1606 1116 1979 1180 annuntiando
2009 1136 2170 1177 mane

2273 1119 2573 1192 μελλόντων
2622 1114 2833 1168 ἐλπίδα.
2872 1105 2972 1165 Ὧν
3005 1112 3165 1164 ἕνεκα
3215 1109 3319 1179 τὴν
3375 1109 3545 1160 πᾶσαν
3595 1106 3764 1177 summi

590 1220 1024 1276 misericordiam
1056 1219 1173 1285 Dei,
1204 1228 1257 1275 et
1287 1218 1571 1273 veritatem
1618 1218 1737 1287 ejus
1785 1230 1880 1285 per
1931 1220 2166 1267 noctem.

592 1309 750 1367 Tunc
779 1313 924 1367 enim
960 1312 1194 1366 maxime
1220 1327 1249 1364 a
1280 1311 1532 1381 religiosa
1570 1310 1751 1363 anima
1781 1307 1979 1362 veritas
2017 1304 2171 1359 exhi-

591 1404 770 1467 betur,
797 1418 920 1458 cum
948 1403 1003 1457 in
1030 1402 1270 1458 tenebris
1292 1411 1345 1457 et
1371 1403 1707 1457 obscuritate
1735 1399 1936 1469 degens
1960 1437 1975 1461 ,
2012 1395 2171 1466 quasi

593 1495 650 1549 in
680 1493 1122 1565 splendidissima
1156 1494 1275 1548 luce
1311 1500 1365 1548 et
1395 1491 1703 1547 clarissima
1746 1490 1854 1552 die,
1887 1488 2175 1543 conscien-

594 1589 684 1642 tia:
712 1562 999 1642 sinceritas
1034 1587 1326 1655 etpnritas
1354 1585 1682 1640 ostenditur.
1724 1582 1870 1637 Talis
1910 1590 1994 1636 est
2025 1580 2173 1652 psal-

2275 1575 2439 1631 αὐτοῦ
2474 1572 2615 1628 κατὰ
2641 1574 2832 1628 νύκτα,
2867 1571 3001 1623 Τότε
3024 1569 3133 1641 γὰρ
3167 1567 3404 1639 μάλιστα
3438 1566 3470 1635 ἡ
3505 1562 3771 1655 ἀλήθειατῆς

594 1696 718 1733 mus
738 1694 861 1732 cum
891 1652 1225 1733 cantico—die
1258 1676 1483 1731 Sabbati
1512 1677 1714 1740 dictus,
1747 1675 1799 1729 id
1832 1680 1916 1730 est
1951 1673 2006 1727 in
2036 1680 2177 1727 tem-

2277 1666 2559 1729 θεοσεὸοῦς
2582 1664 2853 1718 δείκνυται
2885 1661 3083 1732 ψυχῆς,
3107 1658 3315 1727 ὄτεξὲν
3348 1655 3529 1725 σκοτία
3544 1654 3623 1705 καὶ
3650 1652 3772 1704 σκότει

596 1786 729 1841 pore
760 1771 927 1833 illius,
960 1770 1106 1839 quod
1146 1770 1447 1825 secundum
1482 1767 1651 1823 Deum
1693 1774 1811 1829 est,
1862 1765 1960 1819 etii
1990 1779 2055 1818 ac
2085 1779 2174 1818 re-

2276 1760 2638 1830 τυγχάνουσα,
2672 1755 2747 1819 ὡς
2783 1757 2841 1807 ὲν
2878 1750 3249 1823 λαμπροτάτῳ
3295 1748 3433 1819 φωτὶ
3460 1746 3544 1801 καὶ
3572 1746 3619 1797 ὲν
3648 1745 3772 1815 ἡμέρᾳ

597 1864 743 1933 quiei
772 1883 784 1917 ;
819 1878 926 1933 quo
956 1879 1056 1918 nos
1084 1863 1247 1917 etiam
1277 1861 1586 1916 divinarum
1612 1859 2029 1929 disciplinarum
2060 1871 2176 1909 me-

2279 1848 2639 1919 διαυγεστάτῃ
2670 1847 2731 1900 τὸ
2761 1847 2983 1918 γνήσιον
3022 1844 3118 1898 καὶ
3153 1840 3444 1913 εἱλικρινὲς
3484 1839 3570 1909 τῆς
3600 1836 3772 1905 magniﬁ-

598 1953 851 2007 ditationi
874 1961 1163 2016 vacantes,
1206 1952 1504 2022 gratiarum
1540 1950 1770 2004 actionis
1801 1947 1965 2003 verba
1993 1946 2176 2001 hocin

2286 1961 2421 2007 σεως
2444 1941 2826 1995 ἐπιδείκνυται.
2859 1936 3109 2001 Τοιοῦτος
3147 1936 3244 1990 καὶ
3274 1935 3304 1987 6
3333 1932 3448 2001 μετ’
3470 1929 3596 2001 ᾠδῆς
3620 1927 3770 2001 εἰρημέ-

600 2043 818 2098 cantieo
847 2044 1131 2098 enuntiata
1160 2042 1271 2097 Deo
1301 2043 1549 2097 emittere
1578 2055 1678 2111 par
1714 2045 1821 2093 est.

2284 2053 2373 2099 νος
2410 2033 2625 2105 ψαλμδς
2673 2032 2752 2096 εἰς
2778 2029 2876 2101 τὴν
2904 2029 3115 2100 ἡμέραν
3158 2026 3257 2081 τοῦ
3284 2024 3573 2087 Σαϐϐάτου,
3602 2019 3769 2073 τουτέστι

599 2134 689 2189 τὸν
715 2136 811 2204 τῆς
835 2135 978 2189 κατὰ
1001 2136 1131 2190 Θεὸν
1153 2135 1350 2207 σχολῆς
1382 2152 1442 2187 τε
1466 2136 1559 2188 καὶ
1578 2133 1938 2195 ἀναπαύσεως
1962 2130 2172 2202 καιρὸν,
2203 2131 2259 2183 ὲν
2356 2130 2451 2184 καὶ
2473 2129 2624 2200 ἡμᾶς
2675 2129 2742 2198 τῇ
2786 2123 2982 2197 μελέτῃ
3025 2123 3131 2177 τῶν
3153 2122 3319 2177 θείων
3369 2118 3665 2192 μαθημάτων
3693 2130 3767 2181 axo-

598 2226 880 2293 λάζοντας,
928 2229 1055 2292 τοὺς
1100 2227 1551 2300 εὐχαριστηρίους
1601 2228 1792 2296 λόγους
1835 2228 1934 2298 τῆς
1976 2227 2342 2299 προκειμένης
2363 2225 2506 2297 ᾠδῆς
2538 2223 2881 2294 ἀναπέμπειν
2910 2222 3177 2295 προσήκει
3206 2218 3292 2290 τῷ
3321 2216 3460 2287 Θεῷ.

777 2342 961 2398 LAUS
1002 2342 1277 2400 CANTICI
1322 2343 1451 2399 lPSl
1488 2343 1694 2398 DAVID
1728 2344 1827 2416 (1).
1904 2345 2063 2401 XCII.

2613 2341 2814 2395 ΣιΝοΣ
2842 2337 3015 2391 om:
3041 2335 3129 2390 To
3163 2334 3394 2389 ΔΑΥιΔ.
3430 2329 3534 2398 t,B'.

675 2435 845 2493 Vens.
886 2437 937 2490 1.
975 2436 1233 2490 Dominus
1277 2437 1547 2508 regnavit,
1571 2436 1809 2491 decorem
1842 2437 2055 2511 indutus
2082 2447 2181 2493 est.

2366 2437 2430 2490 '0
2490 2434 2707 2503 Κύριος
2756 2431 3191 2491 ἐϐασίλευσεν,
3255 2425 3598 2491 εὐπρέπειαν

603 2526 770 2595 Quia,
826 2528 1132 2583 secundum
1183 2528 1550 2598 Apostolum,
1606 2509 1856 2599 regnavit
1914 2544 2065 2584 mors
2116 2530 2185 2583 ab

2287 2546 2459 2584 σατο.
2504 2528 2658 2579 Ἐπεὶ
2686 2524 2830 2578 κατὰ
2854 2523 2947 2577 τὸν
2993 2518 3321 2573 Ἀπόστολον
3350 2509 3769 2569 ὲόασίλευσενόθό-

606 2620 777 2674 Adam
805 2635 979 2691 usque
1001 2621 1069 2674 ad
1098 2618 1341 2692 Moysem
1367 2621 1434 2685 ’³,
1468 2619 1521 2674 id
1542 2627 1626 2676 est
1651 2635 1682 2674 a
1713 2620 1886 2690 prima
1902 2620 2185 2674 hominum

2289 2638 2447 2683 νατος
2469 2619 2577 2674 ἀπὸ
2598 2616 2786 2689 ’Ἄδάμ
2819 2615 2977 2688 μέχρι
2996 2611 3300 2675 Μωῦσέως,
3330 2607 3588 2662 τουτέστιν
3613 2602 3691 2656 ἀπὸ
3707 2599 3771 2692 τῆς

607 2713 885 2768 creatione
937 2729 1111 2783 usque
1143 2714 1211 2768 ad
1241 2729 1567 2784 corporeum
1603 2713 1903 2769 secundum
1947 2712 2186 2783 Moysem

2294 2709 2515 2781 πρώτης
2542 2706 2840 2779 ἀνθρώπων
2863 2705 3128 2775 γενέσεως
3158 2701 3322 2771 μέχρι
3344 2699 3444 2770 τῆς
3465 2694 3589 2749 κατὰ
3611 2691 3769 2784 Μωῦσία

609 2807 847 2870 cultum,
874 2805 969 2876 qui
994 2806 1050 2861 in
1091 2813 1311 2861 terrena
1342 2806 1647 2862 Jerusalem
1681 2806 1984 2876 antiquitus
2018 2821 2190 2875 usque

2298 2779 2617 2872 σωματικῆς
2651 2796 2927 2868 λατρείας,
2963 2797 3082 2865 ἥτις
3105 2791 3351 2860 ἐπιγείου
3392 2784 3689 2876 Ἰερουσαλὴμ
3706 2779 3770 2874 si:

612 2898 681 2951 ad
713 2872 1018 2955 Salvat—oris
1042 2900 1219 2955 nostri
1245 2896 1373 2954 Jesu
1408 2898 1612 2955 Christi
1642 2872 1932 2954 adventum
1951 2872 2193 2969 perﬁcie-

2296 2890 2388 2943 λαι
2428 2889 2693 2961 πρότερον
2733 2887 2891 2958 μέχρι
2940 2887 3039 2955 τῆς
3064 2882 3159 2935 τοῦ
3202 2880 3457 2951 Σωτῆρος
3485 2872 3767 2971 ﬂuuii-leni

612 2991 805 3059 batur;
829 3006 961 3047 sane
990 3006 1114 3047 cum
1147 3006 1297 3046 mors
1330 2999 1604 3061 regnaret,
1633 2998 1687 3045 et
1713 2992 1759 3046 is
1781 2992 1875 3060 qui
1906 2990 2191 3059 imperium

2297 2981 2533 3055 Χριστοῦ
2567 2979 2869 3051 παρουσίας
2900 2975 3231 3029 συνετελεῖτο
3256 2990 3271 3003 ε
3311 2970 3524 3031 εἰκότως
3544 2968 3614 3020 ὅτε
3636 2961 3769 3014 60in-

612 3084 806 3139 mortis
835 3083 1017 3150 habet,
1049 3083 1311 3137 nimirum
1334 3082 1605 3148 diabolus,
1631 3081 2026 3145 dominaretur,
2042 3089 2192 3148 tunc,

2298 3054 2389 3139 τος
2416 3072 2720 3137 ἐϐασίλευε,
2765 3071 2859 3124 καὶ
2895 3072 2924 3123 6
2970 3068 3033 3121 τὸ
3075 3066 3279 3139 κράτος
3313 3064 3458 3153 ἔχων
3487 3056 3570 3153 τοῦ
3598 3054 3766 3153 ﬂavam.

613 3184 676 3232 ut
712 3192 1058 3247 consequens
1087 3184 1206 3232 erat
1229 3216 1242 3241 ,
1268 3175 1533 3230 Dominus
1568 3190 1677 3229 non
1702 3174 1967 3245 regnabat
2000 3174 2053 3228 in
2095 3174 2193 3227 ho-

2295 3170 2569 3224 τουτέστιν
2597 3169 2625 3221 6
2654 3163 2897 3225 διάϐολος
2925 3159 3278 3231 κατεκράτει,
3306 3158 3404 3209 οὐκ
3432 3149 3494 3223 ἦν
3521 3150 3619 3203 τότε

616 3268 880 3332 minibus,
913 3269 1010 3324 sed
1036 3269 1257 3336 quidam
1286 3268 1587 3321 multorum
1619 3265 1846 3320 deorum
1880 3273 1934 3319 et
1965 3264 2196 3318 diaboli-

2298 3279 2415 3316 πων
2445 3257 2742 3331 βασιλεύων
2774 3258 2803 3309 6
2834 3253 3061 3324 Κύριος,
3096 3250 3229 3303 ἀλλά
3252 3266 3341 3311 τις
3370 3243 3599 3302 πολύθεος
3622 3238 3688 3290 καὶ

2273 1210 2488 1280 σχολὴν,
2526 1208 2620 1263 καὶ
2651 1207 2749 1278 τὴν
2779 1205 2886 1259 ἀπὸ
2908 1202 3017 1256 τῶν
3034 1201 3221 1255 κακῶν
3246 1199 3444 1271 ἀργίαν
3474 1198 3700 1261 ἀνατιθεὶς
3716 1199 3764 1267 τῷ

2271 1302 2409 1375 Θεῷ,
2438 1302 2508 1356 τὰ
2530 1298 2775 1373 τρυφερὰ
2815 1298 2908 1352 καὶ
2955 1296 3086 1365 ἆγια
3124 1292 3382 1349 Σάϐϐατα
3421 1290 3651 1343 ἐπιτελεῖν
3692 1307 3765 1343 asa

2278 1394 2474 1466 ρῶμαι,
2507 1392 2594 1445 διὰ
2619 1390 2712 1444 τοῦ
2746 1384 3180 1460 ἐξομολογεῖσθαι
3204 1383 3302 1437 καὶ
3329 1381 3537 1451 ψάλλειν
3556 1381 3634 1433 καὶ
3657 1381 3770 1447 tim-

2273 1486 2485 1556 γέλλειν
2512 1483 2571 1536 τὸ
2604 1479 2749 1554 πρωϊ
2778 1480 2840 1533 τὸ
2864 1480 3010 1542 ἕλεος
3027 1477 3120 1531 τοῦ
3155 1477 3319 1539 Θεοῦ,
3358 1474 3449 1528 καὶ
3480 1473 3567 1543 τὴν
3586 1472 3772 1540 ἀλήθειαν

617 3373 718 3413 cus
742 3373 919 3414 error.
956 3360 1079 3429 ipse
1106 3367 1287 3414 autem
1334 3359 1631 3428 Apostolus
1660 3358 1775 3412 haec
1822 3356 1889 3411 de
1915 3355 2197 3410 Salvatore

618 3458 811 3503 nostro
832 3448 992 3504 docet
1017 3468 1030 3503 :
1053 3449 1192 3515 Quia
1211 3466 1331 3518 ergo
1344 3451 1490 3517 pueri
1513 3448 2026 3501 communicaverunt
2050 3432 2200 3499 carui

618 3553 666 3595 et
697 3543 966 3613 sanguini,
1002 3552 1050 3597 et
1082 3544 1191 3611 ipse
1214 3543 1461 3597 similiter
1485 3542 1826 3613 participavit
1849 3540 2044 3596 eisdem
2076 3558 2201 3611 pas-

618 3630 859 3685 sionibus
884 3647 903 3694 ;
928 3640 984 3684 ut
1008 3648 1099 3701 per
1120 3641 1342 3686 mortem
1379 3632 1675 3686 destrueret
1700 3631 1945 3701 eum,qui
1978 3629 2201 3684 habebat

624 3722 810 3775 mortis
842 3723 1141 3791 imperium.
1163 3722 1217 3775 id
1243 3733 1319 3777 est
1346 3721 1619 3775 diabolum
1649 3721 1715 3777 “.
1738 3721 1869 3777 Jure
1903 3721 2085 3790 itaque
2106 3718 2200 3774 Dei

622 3812 884 3880 Verbum,
917 3814 1062 3884 quod
1082 3815 1234 3885 prius
1258 3813 1583 3879 exsistebat,
1613 3827 1738 3867 cum
1769 3813 1881 3867 vita
1900 3814 2014 3882 ipsa
2035 3822 2200 3876 esset,

620 3906 693 3961 ad
733 3908 928 3962 mortis
978 3907 1429 3969 destructionem,
1462 3905 1694 3961 mortale
1751 3905 2198 3967 instrumentum,

623 4012 827 4067 corpus
891 3998 1103 4053 scilicet
1152 3997 1454 4050 humanum
1528 4010 1847 4061 assumens,
1914 3994 2206 4065 ipsumque

623 4086 787 4139 morti
824 4086 1069 4149 tradens,
1106 4086 1173 4140 ad
1232 4095 1442 4140 natura:
1497 4100 1610 4139 sua:
1650 4084 2202 4151 demonstrationem;

622 4174 876 4247 idemque
900 4186 1090 4248 postea
1119 4192 1149 4230 a
1171 4185 1346 4232 morte
1375 4192 1662 4232 resumens
1685 4176 1753 4230 ad
1785 4176 2023 4231 divinam
2049 4190 2205 4231 suam

620 4267 886 4323 virtutem
925 4268 1331 4333 declarandam,
1363 4270 1491 4323 dum
1550 4269 1745 4323 mortis
1780 4266 1999 4338 quidem
2036 4267 2208 4337 impe-

622 4360 767 4413 rium
812 4360 997 4423 solvit,
1021 4360 1223 4413 diaboli
1269 4360 1455 4415 itidem
1482 4360 1537 4413 in
1570 4358 1818 4413 homines
1860 4357 2205 4427 tyrannidem

622 4448 893 4517 destruit;
924 4450 1033 4504 imo
1065 4449 1229 4504 etiam
1263 4449 1570 4503 daemonum
1613 4448 1978 4517 malignorum
2009 4462 2074 4503 ac
2094 4447 2206 4516 spi-

2301 3325 2493 3426 μονικὴ
2527 3352 2721 3425 πλάνη.
2753 3347 3001 3401 Διδάσκει
3039 3345 3093 3397 δὲ
3120 3346 3149 3400 6
3191 3340 3355 3405 αὐτὸς
3403 3334 3668 3426 Ἀπόστολος

2297 3417 2392 3501 τοῦ
2438 3417 2700 3516 Σωτῆρος,
2725 3441 2881 3515 ἡμῶν
2928 3440 3102 3507 λέγων
3127 3455 3140 3468 ο
3202 3435 3363 3489 Ἐπεὶ
3406 3427 3509 3486 οὖν
3550 3425 3607 3479 τὰ
3634 3417 3767 3517 παίδξο

2299 3513 3030 3604 κεκοινώκηκενήαἵματος
3084 3529 3185 3584 καὶ
3236 3524 3480 3595 σαρκὸς,
3533 3516 3613 3571 καὶ
3651 3513 3763 3604 αὑτός

2300 3629 2737 3701 παραπλησίως
2785 3624 3047 3695 μετέσχε
3094 3622 3210 3676 τῶν
3247 3616 3445 3673 αὐτῶν
3488 3603 3765 3705 παθημὰῗωνφ

2301 3727 2400 3779 ἵνα
2434 3723 2530 3776 διὰ
2569 3720 2674 3775 τοῦ
2706 3717 2966 3774 θανάτου
3010 3710 3364 3782 καταργήσῃ
3402 3705 3500 3760 τὸν
3540 3701 3591 3754 τὸ
3629 3701 3764 3790 trarii

2301 3815 2522 3884 ἔχοντα
2554 3812 2659 3866 τοῦ
2693 3808 2975 3875 θανάτου,
3016 3781 3296 3861 τουτέστι
3328 3800 3429 3855 τὸν
3455 3792 3705 3889 διάϐολίζνι

2302 3907 2476 3969 κότως
2507 3900 2599 3958 οὖν
2621 3906 2650 3957 6
2688 3901 2867 3975 προὼν
2894 3899 2989 3953 τοῦ
3014 3897 3150 3953 Θεοῦ
3172 3896 3367 3965 Λόγος,
3402 3888 3546 3949 αὐτὸς
3567 3880 3664 3975 (ὒν-ἧ
3683 3880 3762 3972 “3‘

2302 4000 2395 4052 ἐπὶ
2429 3971 2749 4067 καθαιρέσει
2775 3993 2869 4047 τοῦ
2901 3991 3134 4047 θανάτου
3164 3986 3357 4057 θνητὸν
3386 3983 3589 4054 ὄργανον
3606 3971 3649 4067 τὸ
3665 3971 3765 4029 σῶμ

2302 4090 2363 4143 τὸ
2390 4062 2727 4159 ἀνθρώπειον
2763 4083 3070 4147 ἀναλαϐὼν,
3114 4079 3210 4134 καὶ
3240 4076 3399 4131 τοῦτο
3432 4070 3501 4141 τῷ
3526 4062 3683 4159 θανάτῳ

2308 4150 2507 4254 ραδοὺς
2549 4180 2629 4243 είς
2671 4176 2893 4241 ἔνδειξιν
2949 4174 3052 4243 τῆς
3100 4170 3307 4233 οἰκείας
3361 4150 3764 4254 φύσεωῖζχῆῗξῗ

2308 4230 2496 4254 ιτν--ητ
2556 4230 2626 4243 -έυ
2824 4230 2842 4241 .,
3008 4230 3047 4243 ,,
3286 4230 3300 4233 v
3374 4230 3385 4236 _
3582 4244 3598 4255 ρ

2304 4271 2433 4326 αὐτὸ
2462 4270 2556 4323 τοῦ
2583 4269 2810 4322 θανάτου
2858 4264 3055 4331 ἐξελὼν
3089 4264 3169 4325 εἰς
3197 4258 3527 4332 παράστασιν
3555 4230 3763 4345 anew“:

2304 4362 2606 4433 δυνάμεως,
2654 4358 2771 4411 λύει
2810 4357 2907 4428 μὲν
2938 4354 3031 4409 τοῦ
3061 4353 3291 4407 θανάτου
3327 4349 3386 4402 τὸ
3422 4342 3607 4415 κράτος,
3628 4332 3764 4433 idaeas

2307 4455 2403 4509 καὶ
2449 4452 2545 4506 τοῦ
2583 4451 2828 4504 διαϐόλου
2873 4448 2971 4519 τὴν
3013 4445 3154 4500 κατὰ
3188 4444 3297 4497 τῶν
3342 4430 3764 4519 ἀνθρώπων-τνῳν

622 4542 825 4596 rituum
877 4541 1242 4611 impurorum,
1282 4540 1375 4609 qui
1409 4540 1537 4592 olim
1580 4538 1635 4591 in
1697 4536 1993 4591 humanum
2031 4550 2197 4606 genus

2273 4541 2279 4578 ⁵
2304 4546 2438 4599 νίδαο
2465 4544 2600 4599 ἀλλὰ
2628 4542 2849 4596 καὶτῶν
2872 4540 3040 4594 πάλαι
3063 4531 3535 4607 κατακρατοῦντων
3550 4536 3622 4572 του
3635 4508 3763 4611 mitia“

624 4632 911 4703 imperium
971 4631 1326 4694 obtinebant,
1371 4629 1633 4701 Operaiidi
1692 4628 1803 4683 vim
1863 4625 2196 4697 exstinguit,

623 4725 840 4780 sublata
886 4740 982 4793 per
1009 4724 1377 4790 evangelicam
1420 4722 1861 4793 praedicationem
1904 4720 2053 4773 omni
2108 4717 2204 4770 ad-

624 4814 866 4868 versaria
890 4824 943 4867 et
968 4814 1186 4867 inimica
1222 4814 1330 4869 Deo
1354 4822 1646 4883 potestate,
1685 4818 1972 4883 paternum
1997 4811 2108 4864 Deo
2147 4809 2201 4862 in

622 4921 815 4960 omnes
846 4914 1036 4974 gentes
1074 4922 1302 4976 regnum
1345 4913 1623 4975 procurat.
1650 4903 1994 4973 Quapropter
2022 4904 2201 4957 soluta

624 4996 822 5051 mortis
857 5004 1147 5065 potestate,
1202 5014 1267 5053 ac
1314 4998 1594 5053 destructo
1640 5012 1726 5059 eo,
1755 4996 1849 5068 qui
1911 4996 2199 5065 imperium

625 5087 820 5141 mortis
856 5087 1113 5150 habebat,
1150 5090 1202 5142 id
1256 5097 1361 5153 est,
1396 5090 1648 5156 diabolo;
1677 5089 1789 5158 jam
1838 5098 2098 5159 regnante
2146 5089 2198 5141 in

625 5178 882 5232 omnibus
914 5178 1168 5247 gentibus
1202 5179 1461 5239 Domino,
1498 5189 1761 5248 regnante
1798 5180 1924 5235 item
1949 5196 2074 5233 cum
2108 5180 2200 5233 illo

627 5288 679 5324 in
716 5271 1029 5326 hominibus
1074 5272 1180 5325 vita
1223 5271 1334 5335 illa,
1366 5286 1485 5340 qua:
1532 5273 1833 5326 secundum
1875 5271 2043 5326 Deum
2081 5281 2203 5337 est;

628 5365 820 5420 merito
858 5364 1094 5433 Spiritus
1117 5372 1344 5418 sanctus
1374 5380 1471 5433 pro
1503 5372 1653 5417 tanto
1692 5364 1937 5421 facinore
1976 5367 2203 5421 choreas

629 5470 816 5527 agens,
836 5472 1049 5526 nosque
1098 5471 1291 5509 onmes
1339 5455 1407 5509 ad
1449 5456 1680 5512 choreas
1730 5472 2062 5521 convocans,
2092 5459 2205 5511 haze

631 5546 1003 5602 vociferatur:
1052 5547 1312 5602 Dominus
1375 5550 1644 5618 regnavit,
1708 5554 1945 5603 decorem
2006 5550 2199 5603 induit.

701 5702 747 5733 "
786 5700 947 5755 Rom.
984 5720 1039 5771 ν,
1091 5705 1177 5761 Η.
1254 5705 1299 5738 ’⁸
1340 5703 1505 5760 Hebr.
1547 5720 1619 5765 ιι,
1661 5704 1747 5759 Η.

2308 4638 2461 4690 πείου
2515 4637 2704 4704 γένους
2769 4632 3037 4703 δαιμόνων
3103 4627 3354 4700 πονηρῶν
3406 4618 3491 4675 καὶ
3540 4606 3762 4704 mssa-itte:

2309 4727 2636 4798 ἀκαθάρτων
2666 4724 2761 4796 τὴν
2792 4724 3069 4794 ἐνέργειαν
3106 4719 3374 4780 σϐέννυσι,
3410 4707 3566 4801 πᾶσάν

2307 4819 2413 4873 λὼν
2442 4791 2542 4891 τήν
2577 4791 2959 4887 ἀντικειμένην
3001 4814 3093 4867 καὶ
3130 4810 3332 4883 ἐχθρὰν
3363 4805 3435 4876 τῷ
3470 4794 3569 4893 θεῷ
3599 4791 3760 4893 “ﬁt?

2308 4911 2404 4983 τὴν
2431 4911 2701 4981 πατρικὴν
2727 4907 2803 4978 τῷ
2828 4905 2947 4977 Θεῷ
2986 4903 3267 4976 βασιλείαν
3291 4899 3378 4953 διὰ
3404 4892 3487 4948 τοῦ
3513 4881 3759 4983 εὑῆγτθξλεξξλ

2308 4966 2669 5075 κηρύγματος
2696 4966 2831 5053 πᾶσι
2874 4966 2997 5061 τοῖς.
3025 4997 3203 5050 ἔθνεσι
3238 4987 3491 5065 προξενεῖ.
3530 4974 3602 5075 At?
3634 4966 3761 5075 δῆ-ξῗ

2307 5095 2631 5164 ταλυθείσης
2655 5093 2752 5162 τῆς
2783 5091 2877 5145 τοῦ
2912 5090 3142 5145 θανάτου
3187 5081 3504 5140 δυναστείας,
3532 5066 3606 5123 καί

2308 5187 2567 5259 γηθέντος
2611 5185 2707 5238 τοῦ
2735 5185 2797 5237 τὸ
2848 5185 3048 5255 κράτος
3080 5180 3294 5251 ἔχοντος
3324 5174 3411 5229 τοῦ
3452 5162 3651 5259 θανάτουί

2320 5242 2331 5255 ι
2368 5242 2377 5259 σ
2547 5242 2562 5248 -
2889 5242 2899 5255 ⁸
3032 5242 3041 5244 ἡ
3110 5242 3140 5251 "
3690 5246 3743 5267 ’θ’

2305 5279 2456 5332 τέστι
2488 5277 2583 5330 τοῦ
2613 5276 2882 5339 διαϐόλου,
2918 5272 3293 5345 βασιλεύοντος
3318 5269 3371 5322 δὲ
3406 5263 3494 5334 ἤδη

2305 5370 2399 5421 ἐπὶ
2438 5370 2539 5439 γῆς
2566 5368 2821 5421 ἁπάντων
2856 5365 3023 5419 ὲθνῶν
3056 5361 3151 5415 τοῦ
3169 5359 3395 5431 κυρίων
3422 5352 3503 5405 σὺν
3529 5341 3642 5439 αὐτῷ

2306 5457 2569 5529 λευούσης
2605 5457 2906 5531 ἀνθρώπων
2952 5458 3050 5526 τῆς
3099 5452 3239 5507 κατὰ
3271 5450 3396 5503 θεὸν
3441 5436 3583 5531 ζωῇἦ
3608 5424 3751 5531 digii:

2305 5551 2367 5603 τὸ
2401 5551 2541 5604 θεῖον
2577 5550 2820 5621 Πνεῦμα,
2857 5548 3080 5620 χορεῦον
3128 5546 3221 5598 ἐπὶ
3253 5542 3330 5612 τῷ
3372 5526 3670 5601 κοιτορἿωίιίίτι
3698 5516 3753 5554 ’θ’

709 5818 782 5887 (l)
824 5817 1045 5891 Vulgata
1089 5820 1274 5890 adjicit
1306 5819 1369 5873 In
1409 5820 1491 5873 die
1522 5828 1640 5873 ante
1664 5816 1975 5885 Sabbatum,
2010 5815 2216 5888 quando
2251 5814 2472 5884 fur'data
2499 5824 2572 5868 es!
2606 5822 2763 5867 terra.
