3974 6518
196 356 336 414 1185

1324 343 1827 401 COMMENTARIA
1870 346 1934 398 IN
1976 344 2312 401 PSALMOS.

3309 348 3443 401 1186

211 466 409 526 πάντας
437 463 586 533 ἡμᾶς
609 463 700 515 ἐπὶ
733 463 832 534 τὴν
860 462 1077 534 χορείαν
1114 462 1363 531 συνάγον,
1387 463 1660 531 ἁναφωνεῖ
1683 463 1774 515 καὶ

1895 462 2089 533 Regnat
2122 478 2283 532 porro
2324 460 2606 524 Dominus,
2633 460 2725 530 qui
2766 458 2885 529 ipsa
2908 458 3015 513 vita
3048 467 3149 521 est,
3182 466 3237 511 et
3266 458 3442 528 ipsum

207 557 347 622 λέγει
366 569 379 584 ο
419 553 482 606 '0
510 556 715 622 Κύριος
745 554 1164 618 ἐϐασίλευσεν,
1192 554 1552 622 εὐπρέπειαν
1577 553 1774 607 ἐνεδύ-

204 662 370 699 σατο.
400 644 685 699 Βασιλεύει
718 646 774 698 δὲ
808 648 836 699 6
872 646 1097 717 Κύριος,
1139 646 1300 709 αὐτὸς
1329 646 1405 699 ὢν
1439 649 1473 716 ἡ
1503 646 1637 717 ζωὴ,
1677 645 1772 700 καὶ

204 734 480 799 αὑτὸςγῶν
526 738 554 789 6
599 736 693 788 τοῦ
734 737 867 791 Θεοῦ
901 738 1093 805 Λόγος,
1136 738 1318 808 πάσης
1345 737 1554 807 ψυχῆς,
1602 732 1669 808 ἦς
1699 738 1773 808 μὴ

198 826 534 879 καθάπτεται
581 826 771 894 ἀλογία
812 828 904 891 καὶ
938 828 1239 899 ἀφροσύνη,
1284 828 1377 880 καὶ
1412 824 1480 899 ἦς
1517 827 1590 899 μὴ
1623 827 1774 897 βασι-

201 915 345 968 λεύει
382 916 646 987 ἁμαρτία,
682 918 776 969 καὶ
800 912 866 988 ἧς
895 918 969 988 μὴ
1005 920 1195 987 κρατεῖ
1221 916 1249 968 6
1283 916 1546 980 διάϐολος,
1579 916 1673 969 καὶ
1706 911 1774 988 ἧς

200 1007 279 1077 μὴ
314 1006 766 1060 καταδυναστεύει
818 1007 1072 1071 Θάνατος,
1106 1007 1423 1080 τιτρώσκων
1466 1007 1633 1080 αὐτὴν
1680 1008 1773 1061 καὶ

198 1096 442 1170 ἀναιρῶν
474 1098 561 1152 διὰ
599 1099 706 1151 τῶν
758 1099 899 1152 ἰδίων
940 1099 1199 1168 κέντρων.
1235 1100 1307 1151 Τὸ
1336 1100 1393 1153 δὲ
1428 1100 1650 1170 κέντρον
1678 1097 1772 1150 τοῦ

199 1188 433 1243 Θανάτου
467 1191 565 1260 τὴν
608 1189 882 1260 ἁμαρτίαν
916 1184 1054 1242 εἶναι
1087 1189 1325 1243 διδάσκει
1366 1190 1395 1241 6
1432 1188 1772 1252 Ἀπόστολος,

196 1279 268 1332 δι’
298 1277 365 1352 ἦς
394 1281 696 1351 ἀναιρεῖται
727 1280 873 1351 ψυχὴ
909 1280 1049 1334 κατά
1088 1281 1187 1350 τὴν
1218 1280 1533 1348 φάσκουσαν
1564 1298 1777 1351 προφη-

199 1372 388 1425 τείαν·
430 1372 601 1441 Ψυχὴ
629 1373 667 1439 ἠ
697 1372 1147 1441 ἁμαρτάνουσα,
1187 1371 1338 1438 αὐτὴ
1369 1371 1772 1427 ἀποθανεῖται.

197 1464 297 1517 Διὸ
327 1463 591 1532 ἀσκητέον
623 1464 681 1516 τὸ
706 1464 842 1535 μήτε
873 1462 1119 1531 ἀλογίαν,
1155 1464 1292 1534 μήτε
1315 1463 1605 1535 ἁμαρτίαν,
1638 1464 1775 1534 μήτε

193 1555 293 1609 τὸν
314 1554 575 1615 διάϐολον,
613 1556 747 1625 μήτε
778 1554 869 1606 τὸν
893 1552 1122 1607 θάνατον
1157 1554 1311 1625 ἡμῶν
1348 1555 1433 1607 διὰ
1473 1554 1573 1625 τῆς
1601 1556 1779 1626 ἁμαρ-
1806 1577 1813 1583 ·

194 1646 327 1709 τίας
359 1649 613 1717 κρατεῖν*
663 1645 821 1716 μόνον
855 1646 911 1698 δὲ
954 1644 1229 1717 κυριεύειν
1281 1644 1437 1716 ἡμῶν
1483 1646 1574 1699 τὸν
1606 1646 1777 1713 Λόγον

1878 554 1972 608 Dei
2012 553 2269 620 Verbum,
2322 554 2378 607 in
2424 568 2636 607 onmem
2694 552 2955 613 animam,
2988 551 3075 604 cui
3138 565 3249 603 non
3308 551 3437 604 ines‘

1878 646 2112 701 amentia
2142 654 2195 700 et
2218 645 2473 707 stultitia.
2497 645 2553 698 in
2583 659 2746 714 quam
2772 659 2882 697 non
2914 650 3107 712 regnat
3137 650 3442 711 peccatum,

1879 738 1969 792 cui
1998 753 2108 791 non
2145 738 2374 806 imperat
2398 736 2672 799 diabolus,
2704 736 2789 790 cui
2823 751 2930 788 non
2950 735 3261 789 dominatur
3279 749 3446 797 mors,

1880 828 2118 897 pr0priis
2149 829 2295 881 illam
2329 826 2568 882 stimulis
2599 825 2922 881 confodieris
2952 833 3005 881 et
3036 825 3313 879 occidens.
3342 822 3447 877 Stic

1880 920 2086 972 mulum
2120 933 2287 989 porro
2337 918 2534 973 mortis
2564 926 2851 989 peccatum
2885 933 3006 973 esse
3030 916 3189 971 docet
3219 917 3452 986 Aposto-

1878 1010 1966 1064 lus
1996 1010 2041 1041 "
2079 1032 2092 1065 ;
2137 1025 2247 1080 quo
2298 1010 2520 1066 stimulo
2570 1010 2838 1064 occiditur
2895 1008 3098 1071 anima,
3152 1007 3453 1061 secundum

1882 1102 2221 1172 prophetiam
2252 1116 2373 1172 qua:
2401 1104 2478 1155 ait
2518 1120 2533 1157 :
2582 1101 2777 1155 Anima
2837 1117 2954 1171 qum
3001 1099 3310 1168 peccaverit,
3342 1099 3455 1165 ipsa

1881 1196 2138 1249 morietur
2161 1195 2229 1248 ³⁸.
2262 1193 2441 1260 Quare
2471 1193 2822 1248 adnitendum
2852 1200 2957 1257 est,
2992 1200 3049 1245 ut
3074 1206 3250 1260 neque
3277 1204 3459 1243 anien-

1882 1288 1978 1351 tia,
2001 1301 2178 1356 neque
2228 1295 2531 1355 peccatum,
2563 1301 2739 1355 neque
2786 1284 3055 1346 diabolus,
3105 1296 3282 1351 neque
3311 1294 3458 1334 mors

1883 1394 1980 1449 per
2032 1379 2211 1447 ipsum
2258 1386 2545 1447 peccatum
2577 1378 2633 1431 in
2674 1376 2833 1431 nobis
2866 1375 3212 1442 dominetur;
3245 1373 3340 1430 sed
3368 1390 3459 1429 so-

1885 1471 2161 1526 lummodo
2191 1467 2426 1526 Verbum
2459 1479 2516 1524 et
2534 1470 2665 1532 vita,
2698 1468 2751 1522 id
2781 1477 2887 1537 est,
2916 1467 3201 1530 Dominus,
3236 1469 3327 1537 qui
3364 1480 3461 1535 per

1883 1578 2044 1617 omne
2068 1563 2331 1617 virtutum
2360 1577 2531 1632 genus
2556 1570 2746 1633 regnat
2770 1562 2825 1615 in
2854 1576 2972 1625 eos,
3003 1559 3097 1630 qui
3128 1559 3249 1629 ejus
3283 1559 3459 1627 impe-

1883 1649 1965 1701 rio
1986 1648 2134 1718 digni
2162 1649 2450 1703 habentur.

194 1739 299 1793 καί
326 1741 423 1811 τὴν
459 1739 623 1810 ζωὴν,
656 1740 902 1792 τουτέστι
944 1740 1037 1793 τὸν
1079 1738 1302 1809 Κύριον,
1348 1738 1436 1792 διὰ
1472 1738 1653 1808 πάσης
1705 1739 1909 1809 ἀρετῆς
1972 1740 2331 1811 βασιλεύοντα
2383 1740 2503 1795 τῶν.
2536 1739 2963 1812 κατηξιωμένων
3007 1740 3105 1811 τῆς
3139 1738 3231 1791 ὑπ’
3289 1734 3458 1789 αὐτοῦ

198 1830 503 1899 βασιλείας.

292 1942 445 1995 Ἐπεὶ
487 1942 545 1995 δὲ
595 1943 802 2014 μέλλων
839 1942 1142 2013 βασιλεύειν
1167 1981 1182 2006 ,
1226 1942 1287 1995 ού
1344 1942 1502 2013 μόνον
1546 1941 1783 2007 ζώντων,

1961 1938 2098 2005 Quia
2127 1954 2259 1994 vero
2301 1939 2395 1993 Dei
2425 1938 2689 2004 Verbum,
2722 1939 2840 2010 ipse
2890 1939 3157 1995 Dominus
3199 1950 3461 2011 regnatu-

192 2034 344 2088 ἁλλά
376 2035 469 2087 καὶ
500 2036 708 2105 νεκρῶν
741 2036 769 2087 6
798 2035 888 2089 τοῦ
924 2035 1058 2088 Θεοῦ
1090 2035 1262 2103 Λόγος
1296 2034 1457 2097 αὐτὸς
1484 2031 1559 2085 ῶν
1597 2035 1625 2085 6
1667 2031 1783 2085 Κύ-

202 2142 346 2197 ριος,
395 2127 489 2180 καὶ
534 2127 594 2179 ού
634 2127 793 2197 μόνον
841 2128 946 2180 τῶν
980 2128 1035 2180 ἐν
1071 2129 1317 2199 οὐρανοῖς
1364 2126 1498 2181 ἀλλά
1552 2127 1645 2180 καὶ
1678 2126 1786 2179 τῶν

200 2217 306 2270 ἐπὶ
336 2217 461 2287 γῆς,
503 2218 686 2283 καθὼς
735 2220 897 2283 αὐτὸς
927 2220 1168 2272 διδάσκει
1196 2220 1390 2288 λέγων,
1442 2219 1650 2285 Ἐδόθη
1688 2236 1789 2287 μοι

202 2306 382 2360 πᾶσα
418 2308 670 2372 ἐξουσία
701 2311 772 2363 ἐν
809 2310 1041 2378 οὐρανῷ
1074 2311 1171 2363 καί
1211 2311 1309 2363 ἐπὶ
1339 2309 1450 2379 τῆς
1488 2309 1631 2379 γῆς’
1669 2309 1790 2362 ἐκέ-

205 2410 383 2446 νωσεν
436 2397 649 2461 ἑαυτὸν,
702 2399 915 2468 μορφὴν
959 2398 1142 2449 δούλου
1192 2397 1390 2462 λαϐὼν,
1443 2399 1689 2451 τουτέστι
1730 2398 1791 2450 τὸ

198 2484 409 2557 θνητὸν
460 2486 616 2557 σῶμα
674 2487 767 2540 καὶ
819 2486 879 2539 τὸ
938 2486 1276 2555 ἀνθρώπειον
1316 2487 1578 2559 δργανοψ
1633 2487 1790 2541 τοῦτο

208 2578 321 2647 γὰρ
371 2573 439 2647 ἦν
473 2579 505 2647 ἡ
544 2576 724 2648 μορφὴ
773 2576 867 2629 τοῦ
922 2575 1141 2629 δούλου⁶
1175 2578 1295 2630 τότε
1343 2579 1460 2647 μὲν,
1505 2579 1593 2632 ὅτε
1638 2577 1790 2631 ταῦτ’

212 2668 504 2737 ἔπραττεν,
540 2667 844 2738 ἀπρέπειαν
869 2668 1269 2739 περιεϐάλλετο,
1299 2669 1440 2723 ὥστε
1470 2669 1598 2741 περὶ
1629 2668 1791 2722 αὑτοῦ

211 2758 410 2827 λέγειν,
436 2761 479 2811 E
486 2759 691 2828 ἴδομεν
718 2759 922 2821 αὐτὸν,
952 2760 1049 2813 καὶ
1089 2763 1199 2814 οὐκ
1228 2761 1391 2829 εἶχεν
1421 2758 1611 2826 εἶδος,
1654 2759 1794 2813 οὐδὲ

212 2849 442 2915 κάλλος
463 2867 475 2879 ·
517 2852 654 2904 ἀλλ’
685 2847 763 2920 ἦν
783 2851 847 2904 τὸ
874 2847 1033 2916 εἶδος
1057 2850 1243 2905 αὐτοῦ
1264 2851 1473 2921 ἄτιμον
1493 2853 1588 2904 καὶ
1614 2849 1798 2903 ἐκλεῖ-

213 2954 334 2995 πον
363 2941 521 3009 παρὰ
547 2942 692 3007 τοὺς
726 2943 897 3008 υἱοὺς
927 2942 1045 2995 τῶν
1075 2942 1430 3010 ἀνθρώπων·
1465 2943 1552 2995 ὅτε
1578 2942 1633 2993 δὲ
1663 2943 1799 2995 ἀπο-

212 3030 395 3083 λαϐὼν
436 3030 533 3101 τὴν
577 3030 753 3095 δόξαν,
810 3033 875 3102 ἦν
927 3032 1021 3084 καὶ¹
1069 3015 1331 3102 πρότερον
1375 3026 1487 3100 εἶχε
1531 3029 1685 3099 παρὰ
1712 3030 1799 3101 τῷ

213 3121 414 3193 Πατρὶ,
475 3121 570 3191 τὴν
635 3121 730 3174 τοῦ
776 3121 962 3174 δούλου
1024 3123 1237 3193 μορφὴν
1293 3122 1384 3173 ἐπὶ
1444 3121 1504 3174 τὸ
1557 3124 1800 3191 κρεῖττον

212 3209 683 3281 μετεσχημάτισε,
729 3211 869 3264 κατὰ
914 3211 1011 3281 τὴν
1059 3211 1423 3282 άποστολικὴν
1472 3210 1796 3282 μαρτυρίαν,

1887 2049 1982 2089 rus
2013 2039 2130 2087 erat
2146 2049 2253 2086 non
2285 2033 2461 2086 solum
2494 2032 2828 2096 viventibus,
2858 2031 2952 2085 sed
2985 2032 3153 2084 etiam
3189 2034 3459 2099 mortuis;

1887 2140 1989 2179 nee
2024 2126 2198 2179 solum
2246 2125 2584 2189 cmlcstibus,
2613 2123 2707 2179 sed
2742 2124 2906 2177 etiam
2956 2125 3211 2188 terrenis,
3246 2132 3305 2179 ut
3348 2127 3462 2196 ipse

1890 2217 2133 2271 declarat
2166 2216 2252 2272 his
2283 2217 2462 2271 verbis
2488 2216 2652 2270 :Data
2682 2224 2760 2269 est
2792 2215 2920 2268 mihi
2951 2216 3120 2269 omnis
3144 2227 3377 2285 potestas
3409 2219 3463 2271 in

1890 2310 2016 2365 ca>lo
2049 2320 2095 2363 et
2124 2311 2176 2363 in
2201 2312 2436 2376 terra";
2469 2308 2589 2362 ideo
2626 2309 2862 2377 seipsum
2893 2309 3196 2363 exinanivit
3230 2309 3463 2364 formam

1892 2403 2036 2456 servi
2075 2386 2371 2470 accipiens,
2395 2401 2448 2454 id
2473 2409 2576 2463 est,
2599 2401 2829 2454 mortale
2860 2414 3060 2469 corpus
3086 2411 3137 2454 et
3167 2400 3465 2454 humanum

1892 2494 2356 2559 instrumentum;
2408 2506 2534 2545 nam
2602 2491 2840 2561 idipsum
2897 2499 3014 2545 erat
3076 2490 3253 2545 forma
3297 2493 3463 2547 servi.

1891 2586 2026 2639 Cum
2062 2593 2242 2638 autem
2268 2583 2382 2637 haec
2415 2590 2619 2654 ageret,
2644 2590 2776 2636 tunc
2805 2582 3053 2637 dedecus
3092 2581 3320 2637 indutus
3345 2590 3464 2649 est;

1892 2675 1966 2727 ita
2003 2682 2063 2727 ut
2104 2674 2171 2728 de
2205 2675 2322 2743 ipso
2354 2673 2605 2727 dicatur:
2645 2672 2879 2725 Vidimus
2924 2689 3064 2737 eum,
3101 2683 3150 2726 et
3180 2690 3282 2726 non
3313 2673 3473 2727 habe-

1895 2762 1982 2815 bat
2006 2764 2247 2831 speciem,
2280 2778 2441 2832 neque
2478 2761 2965 2830 pulchritudinem;
2992 2761 3081 2815 sed
3110 2771 3227 2815 erat
3270 2764 3468 2831 species

1894 2853 2005 2921 ejus
2056 2852 2395 2915 inhonorata,
2431 2862 2479 2905 et
2509 2853 2755 2920 deﬁciens
2786 2867 2897 2919 prce
2942 2852 3070 2921 filiis
3102 2853 3372 2907 hominum
3399 2854 3446 2884 ’⁸

1895 2942 2033 2995 Cum
2060 2952 2260 3005 autem,
2285 2951 2501 3011 recepta
2518 2958 2603 3006 ea,
2629 2958 2790 3011 quam
2822 2945 3057 3013 primum
3082 2944 3223 3013 apud
3252 2942 3470 2998 Patrem

1897 3033 2182 3097 habuerat,
2213 3034 2405 3103 gloria,
2443 3033 2670 3087 formam
2703 3035 2845 3088 servi
2871 3036 2925 3088 in
2956 3036 3150 3089 melius
3168 3036 3469 3098 transtulit,

1899 3123 2197 3179 secundum
2229 3124 2484 3195 lApostoli
2533 3124 2908 3179 testimonium
2952 3126 3033 3181 sic
3072 3127 3280 3182 habens
3315 3146 3327 3181 :
3365 3126 3473 3193 Qui

1903 3210 2306 3279 transformabit
2359 3226 2545 3279 corpus
2574 3211 2891 3268 humilitatis
2947 3224 3164 3281 nostrte,
3205 3216 3476 3285 conforme

202 3303 246 3373 ἥ
288 3320 473 3372 φησιν,
523 3305 620 3368 Ὃς
662 3303 1173 3371 μετασχηματίσει
1215 3302 1283 3356 τὸ
1326 3301 1496 3372 σῶμα
1536 3302 1645 3371 τῆς
1693 3320 1793 3357 τα-

1899 3302 2107 3369 corpori
2159 3301 2343 3371 gloria:
2394 3300 2596 3356 Christi
2625 3305 2694 3367 ’⁸,
2757 3311 2886 3357 tunc
2936 3303 3189 3359 decorem
3246 3305 3470 3358 induit:

209 3393 557 3460 πεινώσεως
585 3393 774 3463 ἡμῶν,
813 3395 1170 3465 σύμμορφον
1201 3393 1281 3459 τῷ
1312 3394 1534 3464 σώματι
1559 3394 1671 3463 τῆς
1699 3393 1796 3447 δό-

208 3482 333 3550 ξης
372 3484 478 3538 τοῦ
510 3485 802 3553 Χριστοῦ,
854 3484 914 3537 τὸ
960 3483 1261 3555 τηνικαῦτα
1302 3486 1637 3556 εὐπρέπειαν
1682 3488 1798 3538 ὲνε-

211 3576 419 3631 δύσατο
440 3592 454 3605 ο
496 3576 583 3629 ὅτε
616 3576 707 3628 καὶ
738 3578 837 3647 τὴν
879 3576 973 3628 τοῦ
1023 3576 1235 3647 Πατρδς
1268 3576 1564 3643 βασιλείαν,
1608 3579 1701 3631 καὶ
1729 3577 1797 3630 τὰ

213 3669 463 3732 πάντων,
514 3668 573 3720 ού
627 3668 784 3738 μόνον
828 3668 933 3722 τῶν
966 3670 1025 3722 ὲν
1065 3669 1333 3738 οὐρανοῖς,
1374 3668 1511 3722 ἀλλά
1550 3669 1642 3722 καὶ
1688 3668 1798 3722 τῶν

215 3760 345 3815 καθ’
379 3759 506 3830 ὅλης
551 3760 648 3829 τῆς
689 3759 1014 3830 οἰκουμένης
1061 3759 1227 3812 ἐθνῶν
1278 3760 1576 3831 ἐκράτυνε,
1620 3759 1799 3811 πᾶσαν

214 3851 321 3923 τὴν
364 3850 621 3904 πολύθεον
670 3847 913 3903 καθελὼν
952 3851 1179 3921 πλάνην.
1234 3851 1324 3903 Διὸ
1370 3850 1646 3903 λέλεκται·
1682 3851 1800 3904 Κύ-

210 3961 350 4013 ριος
405 3942 848 4003 ἐϐασίλευσεν,
903 3940 1261 4008 εὐπρέπειαν
1322 3940 1683 3993 ἐνεδύσατο·
1741 3939 1801 3992 τὸ

218 4034 356 4104 γοῦν
392 4032 741 4095 ἐνεδύσατο,
769 4030 843 4093 ὼς
874 4030 1015 4083 κατά
1039 4048 1160 4082 τινα
1181 4030 1370 4100 καιρὸν
1393 4028 1801 4099 ἀποδυσαμένου

219 4128 325 4197 τὴν
359 4124 713 4197 εὐπρέπειαν,
766 4121 1045 4174 λέλεκταιο
1082 4123 1174 4175 καὶ
1204 4122 1291 4175 ὅτε
1341 4122 1436 4192 μὲν
1471 4119 1706 4189 ὑπέμενε
1734 4118 1803 4172 τά

224 4214 371 4269 κατά
412 4214 473 4267 τὸ
519 4213 709 4280 πάθος,
759 4210 1101 4278 ἐσταυρώθη
1126 4251 1141 4275 ,
1183 4209 1345 4280 φησὶν
1390 4212 1418 4262 6
1463 4208 1800 4271 Ἀπόστολος,

220 4306 297 4369 ἐξ
332 4304 683 4369 ἀσθενείας·
720 4304 807 4356 ὅτε
846 4302 902 4355 δὲ
949 4300 1247 4371 νενικηκὼς
1272 4301 1365 4354 τὸν
1410 4299 1672 4365 θάνατον,
1704 4299 1803 4369 τὴν

225 4396 374 4450 κατά
407 4397 622 4448 πάντων
651 4392 1000 4465 ἀπελάμϐανε
1036 4391 1335 4463 βασιλείαν,
1374 4391 1537 4444 πάλιν
1566 4391 1802 4462 ἐπλήρου

223 4488 310 4552 τὸ,
360 4487 712 4541 Ἐνεδύσατο
742 4488 960 4555 Κύριος
990 4485 1243 4556 δύναμιν
1268 4486 1363 4538 καὶ
1395 4482 1801 4553 περιεζώσατο.

226 4579 464 4651 Χριστὸς
492 4578 599 4648 γὰρ
645 4577 781 4630 Θεοῦ
816 4579 1040 4649 δύναμις
1068 4573 1134 4648 ἦν
1177 4576 1270 4629 καὶ
1294 4574 1430 4629 Θεοῦ
1460 4576 1641 4645 σοφία.
1690 4570 1803 4627 Εἶθ’

226 4672 327 4725 ἆτε
378 4670 477 4741 τὴν
515 4670 722 4723 οἰκείαν
768 4668 994 4740 δύναμιν
1040 4669 1435 4738 ἐνδυσάμενος,
1485 4667 1579 4720 καὶ
1628 4664 1803 4738 ταύτῃ

228 4760 697 4834 περιζωσάμενος,
741 4760 959 4833 μεγάλῳ
991 4761 1374 4832 κατορθώματι
1408 4760 1597 4813 ἑαυτὸν
1629 4756 1802 4810 ἐπιδί-

228 4856 382 4909 δωσι.
417 4855 482 4907 Τί
514 4856 571 4909 δὲ
589 4852 657 4926 ἦν
684 4854 861 4917 τοῦτο,
892 4853 1018 4922 ἑξῆς
1042 4855 1069 4906 ὁ
1098 4853 1251 4921 λόγος
1275 4853 1513 4905 διδάσκει
1544 4851 1767 4918 φάσκων
1790 4865 1803 4878 ⁸

228 4946 341 5000 Καὶ
378 4945 484 5013 γὰρ
515 4942 842 5011 ἐστερέωσε
879 4942 993 5010 τὴν
1017 4941 1403 5011 οἰκουμένην,
1440 4940 1571 5007 ἥτις
1594 4942 1665 4993 οὐ
1704 4957 1806 4993 σα-

229 5037 610 5103 λευθιὶσεται.
651 5034 862 5107 Μικροῦ
913 5033 1021 5105 γὰρ
1077 5034 1185 5087 δεῖν
1241 5032 1369 5103 ὃλην
1410 5031 1579 5102 αὑτὴν
1629 5031 1802 5084 διόλου

231 5130 377 5186 κστά
410 5129 699 5201 βαράθρων
730 5129 1057 5199 ἐνεχθεῖσαν,
1106 5128 1343 5199 ὁπηνίκα
1381 5127 1449 5183 τὰ
1486 5126 1587 5197 τῆς
1618 5126 1806 5203 δαιμο-

231 5218 391 5288 νικῆς
420 5217 695 5289 ἐνεργείας
728 5217 869 5270 κατά
910 5218 1127 5271 πάντων
1168 5218 1368 5287 ίσχυεν,
1415 5218 1671 5289 ἀνήγειρε
1713 5219 1807 5270 καὶ

231 5304 603 5378 διωρθώσατο,
628 5308 806 5359 πᾶσαν
836 5306 936 5378 τὴν
971 5306 1169 5377 ἐχθρὰν
1196 5306 1292 5358 καὶ
1313 5305 1629 5377 δαιμονικὴν
1658 5305 1810 5359 δύνα-

236 5416 352 5471 μιν,
392 5401 488 5468 τήν
516 5415 577 5472 τε
612 5397 869 5451 πολύθεον
899 5396 1106 5468 πλάνην
1136 5397 1461 5468 ἀνατρέψας.
1496 5397 1651 5450 Οὕτω
1679 5396 1811 5466 γοῦν

233 5490 535 5563 ἐστερέωσε
581 5489 680 5562 τὴν
731 5490 1086 5561 οἰκουμένην,
1135 5490 1213 5554 ὡς
1267 5490 1455 5563 μηκέτ’
1504 5490 1674 5562 αὐτὴν
1713 5507 1811 5544 σα-

307 5669 353 5700 ²⁸
387 5669 405 5721 1
440 5668 567 5723 Cor.
602 5682 692 5731 xv,
730 5665 816 5721 56.
891 5665 937 5697 "
976 5664 1172 5719 Ezech.
1209 5681 1370 5732 xvm,
1405 5665 1495 5721 20.
1571 5666 1616 5697 ³⁷
1658 5662 1849 5723 Matth.
1918 5682 2122 5733 xxviii,
2188 5667 2268 5722 18.

237 5740 284 5771 ³⁸
326 5738 367 5792 ll
402 5738 531 5794 Cor.
557 5753 683 5803 xm,
721 5737 774 5791 4.
850 5736 890 5769 ⁸¹
931 5734 952 5788 ι
986 5736 1112 5791 Cor.
1152 5751 1204 5801 1,
1238 5736 1327 5790 9.4.

1896 3393 2114 3464 quando
2142 3394 2357 3463 penitus
2387 3394 2601 3449 sublato
2624 3396 2920 3449 multorum
2949 3397 3237 3450 numinum
3263 3412 3471 3460 errore,

1895 3494 1949 3541 et
2004 3485 2184 3540 Patris
2230 3501 2480 3555 regnum,
2535 3492 2589 3541 et
2641 3502 2751 3540 non
2796 3487 2959 3541 modo
3006 3488 3333 3554 cmlestium,
3378 3488 3475 3544 sed

1896 3578 2061 3632 etiam
2106 3578 2349 3630 omnium
2405 3594 2503 3645 per
2536 3578 2722 3632 orbem
2778 3579 3019 3647 gentium
3073 3595 3161 3633 res
3218 3582 3473 3635 ﬁrmavit.

1898 3667 2078 3733 Quare
2108 3668 2309 3722 dicitur
2343 3687 2357 3722 :
2390 3668 2648 3721 Dominus
2691 3671 2945 3738 regnavit,
2981 3669 3219 3724 decorem
3260 3670 3477 3724 indutus

1898 3767 2015 3812 est:
2046 3758 2177 3813 illud
2209 3759 2374 3826 enim,
2408 3759 2625 3813 indutus
2669 3770 2769 3825 est,
2798 3764 2955 3830 quasi
3005 3763 3191 3832 aliquo
3236 3772 3480 3832 tempore

1898 3851 2151 3906 decorem
2197 3852 2429 3918 exuerit,
2464 3851 2762 3921 prolertur.
2799 3851 3077 3922 Siquidem
3106 3854 3325 3923 quando
3353 3869 3480 3923 pas-

1901 3942 2070 3997 sionis
2122 3951 2393 3997 tormenta
2449 3943 2733 4004 sustinuit,
2794 3944 3082 4013 cruciﬁxus
3135 3952 3233 4007 est,
3297 3944 3478 4013 inquit

1902 4034 2215 4104 Apostolus,
2263 4049 2327 4087 ea:
2383 4034 2696 4103 inﬁrmitate
2718 4035 2796 4101 ³⁰;
2851 4050 2975 4088 cum
3032 4041 3214 4089 autem
3262 4034 3478 4087 devicta

1902 4134 2099 4191 morte,
2128 4142 2355 4197 regnum
2387 4127 2443 4181 in
2466 4141 2656 4184 omnes
2678 4128 3123 4196 accepit,rursus
3155 4127 3257 4180 hoc
3287 4126 3480 4195 imple~

1902 4230 2016 4276 tum
2051 4226 2133 4274 est
2172 4235 2187 4271 :
2225 4218 2410 4274 Induit
2440 4219 2696 4273 Dominus
2719 4218 3084 4287 fortitudinem
3127 4228 3175 4271 et
3199 4218 3481 4287 prwcinxit

1904 4328 1977 4366 se.
2008 4309 2143 4364 Nam
2175 4311 2428 4366 Christus
2450 4310 2543 4365 Dei
2571 4311 2744 4365 virtus
2767 4316 2886 4365 erat
2914 4316 2967 4362 et
2997 4308 3089 4363 Dei
3128 4308 3476 4378 sapientia".

1904 4402 2134 4468 Deinde,
2174 4410 2360 4471 utpote
2392 4402 2609 4471 propria
2643 4402 2867 4454 indutus
2896 4400 3095 4453 virtute
3139 4415 3310 4468 caque
3340 4413 3476 4467 pra:-

1906 4494 2140 4557 cinctus,
2162 4509 2417 4563 magnum
2445 4494 2656 4547 facinus
2678 4490 3013 4562 aggreditur.
3033 4489 3317 4555 Quodnam
3333 4496 3481 4542 esset

1910 4583 2065 4646 illud,
2103 4584 2346 4637 declarat
2403 4590 2593 4651 postea
2635 4580 2921 4649 Scriptura
2974 4579 3213 4632 dicens:
3268 4576 3479 4630 Etenim

1908 4673 2142 4743 ﬁrmavit
2171 4673 2348 4726 orbem
2377 4680 2552 4736 terrm,
2581 4672 2671 4741 qui
2700 4688 2803 4724 non
2850 4669 3276 4723 commovebitur.
3327 4667 3480 4721 Illam

1909 4765 2129 4834 quippe,
2160 4778 2287 4816 cum
2308 4769 2517 4815 tantum
2550 4777 2661 4815 non
2694 4763 2750 4814 in
2790 4760 3047 4814 barathra
3095 4759 3311 4828 penitus
3346 4759 3475 4812 ruis-

1910 4864 2011 4914 set,
2058 4852 2275 4921 quando
2322 4851 2627 4906 daemonum
2679 4853 2763 4906 vis
2818 4858 2873 4904 et
2932 4850 3173 4905 efﬁcacia
3226 4849 3481 4904 omnibus

1908 4942 2252 5013 praevalebat,
2279 4942 2451 4995 erexit
2492 4956 2556 4995 ac
2590 4941 2849 5002 restituit,
2883 4955 3007 4994 cum
3042 4955 3257 4994 onmem
3308 4940 3464 4993 inimi

1909 5050 2028 5089 cam
2054 5042 2107 5090 et
2138 5035 2527 5089 daemoniacam
2560 5034 2838 5097 virtutem,
2863 5041 2917 5087 et
2958 5034 3251 5087 multorum
3301 5031 3481 5086 numi-

1910 5140 2040 5179 num
2070 5139 2314 5179 errorem
2356 5125 2663 5178 evertisset.
2715 5121 2794 5175 Ita
2825 5122 2971 5176 enim
3026 5121 3265 5174 ﬁrmavit
3294 5120 3483 5173 orbem

1913 5226 2091 5277 terrae.
2126 5223 2185 5269 ut
2208 5230 2384 5285 neque
2421 5231 2450 5268 a
2480 5216 2679 5285 pietate
2707 5229 2833 5287 erga
2856 5213 3024 5269 Deum
3060 5214 3431 5267 dimoveretur
3467 5227 3481 5260 :

1913 5304 2209 5361 Eeclesiam
2244 5322 2376 5362 vero
2404 5308 2598 5377 ipsius,
2629 5322 2748 5376 qua:
2774 5321 2939 5376 supra
2989 5316 3195 5375 petram
3225 5300 3481 5353 fundatur

1910 5407 1963 5452 et
2006 5398 2271 5454 adversus
2302 5415 2463 5470 quam
2504 5408 2674 5469 portae
2721 5399 2882 5452 inferi
2934 5412 3043 5451 non
3093 5390 3483 5464 praevalebunt,

1914 5491 2003 5544 hic
2047 5507 2144 5560 per
2198 5491 2384 5546 urbem
2413 5498 2575 5546 terra:
2604 5492 2920 5556 indicatam,
2952 5489 3027 5541 ita
3060 5487 3327 5539 firmatam
3365 5493 3481 5536 esse

2369 5668 2411 5699 ’⁸
2454 5668 2557 5721 lsa.
2595 5681 2724 5731 Lm,
2754 5665 2809 5718 2.
2900 5665 2943 5696 ²⁰
2983 5661 3215 5733 Philipp.
3254 5673 3351 5725 ιιι,
3394 5656 3482 5712 ει.
