3974 6536
192 386 345 441 £189

1408 375 1910 435 COMMENIAum
1953 381 2016 428 IN
2059 379 2395 436 PSALMOS.

3320 382 3460 438 ΗΜ)

181 502 302 571 τῆς
341 516 403 569 γε
446 499 629 571 φωνῆς
658 498 837 554 αὐτῶν
865 499 1047 553 ἐκεῖνα
1077 493 1167 571 ἦν,
1196 499 1263 554 δι’
1286 491 1361 554 ὧν
1399 500 1568 554 ἐϐόων
1592 499 1772 568 λέγον-

1878 499 2207 566 constitutae,
2240 501 2641 557 conﬂuentibus
2681 502 2752 557 ibi
2788 501 3031 559 ﬂuminis
3068 502 3243 559 instar
3276 504 3459 574 genti-

182 609 323 656 τεςο
360 595 571 663 Ἀρατε
611 593 827 656 πύλας,
857 594 909 645 οἱ
932 591 1220 660 ἄρχοντες
1250 591 1439 661 ὑμῶν,
1469 592 1567 645 καὶ
1598 590 1777 659 ἐπάρ-

186 690 343 752 θητε
372 686 557 738 πύλαι
585 681 828 745 ultimos,
856 682 952 734 καὶ
982 683 1391 736 εἰσελεύσεται
1421 685 1453 737 ό
1476 682 1777 747 βασιλεὺς

185 776 314 843 τῆς
340 775 543 841 δόξης.
587 776 684 839 Τίς
715 775 885 829 ἐστιν
918 770 1096 839 οὗτος
1123 776 1155 827 ὀ
1188 773 1489 839 ,βασιλεὺς
1516 772 1626 841 τῆς
1672 774 1773 827 δό-

188 867 352 933 ﬁne;
380 868 596 934 Κύριος
619 866 897 934 κραταιὸς
920 866 1017 919 καὶ
1047 864 1325 930 δυνατὸς,
1362 866 1576 932 Κύριος
1597 864 1777 918 δυνα-

184 961 305 1027 τὸς
329 962 399 1014 ἐν
425 962 663 1031 πολέμῳ
681 979 693 991 ο
730 962 823 1016 κάι
858 961 1047 1015 πάλιψ
1084 961 1299 1027 Κύριος
1320 958 1440 1013 τῶν
1469 958 1778 1028 δυνάμεων

185 1052 385 1117 αὐτός
417 1053 588 1105 ἐστιν
620 1056 652 1105 ό
678 1052 981 1117 ,ϐασιλεὺς
1007 1049 1115 1119 τῆς
1139 1050 1344 1117 δόξης.
1364 1051 1473 1104 Καὶ
1498 1048 1568 1102 τὰ
1594 1048 1773 1119 πλήθη

182 1140 253 1194 δὲ
288 1143 395 1195 τῶν
434 1146 490 1197 ἐν
520 1143 823 1215 ἀνθρώποις
854 1143 946 1196 τοῦ
985 1143 1236 1213 Σωτῆρος
1269 1140 1427 1212 ἡμῶν
1470 1140 1774 1211 ἐκκλησιῶν

185 1235 511 1305 ποταμηδὸν
544 1238 600 1288 ἐν
641 1236 830 1298 αὐταῖς
868 1234 977 1288 τῶν
1018 1234 1076 1300 ἐξ
1122 1233 1292 1286 ἐθνῶν
1332 1222 1774 1286 πεπιστευκότων

1880 592 1984 646 bus
2015 608 2134 661 qua:
2164 594 2533 657 crediderunt,
2559 596 3006 665 elevantibusque
3027 611 3211 650 vocem
3244 596 3298 650 in
3329 611 3455 650 ora-

1880 683 2121 739 tionibus
2152 685 2218 738 ad
2250 684 2417 740 Deum
2441 687 2677 750 emissis,
2702 688 2864 757 inque
2893 689 3145 743 laudibus
3170 704 3266 757 per
3296 688 3460 758 hym-

1878 788 1981 828 nos
2029 783 2083 828 et
2129 777 2370 844 psalmos
2407 774 2573 830 editis
2602 816 2617 841 ,
2675 786 2907 847 possunt
2954 776 3178 829 ﬂumina
3219 776 3452 831 vocari:

1881 865 2097 934 quando
2154 866 2269 935 ipse
2314 864 2578 920 Dominus
2627 874 2813 922 noster
2866 882 2980 931 eos,
3008 882 3146 937 quos
3180 883 3244 921 ex
3273 882 3371 921 sua
3398 876 3455 921 et

1880 952 2063 1008 divina
2083 952 2333 1009 doctrina
2354 954 2595 1020 haurire,
2627 962 2681 1009 et
2702 972 2767 1010 ex
2804 953 3011 1025 Spiritu
3047 967 3238 1010 sancto
3270 956 3455 1010 bibere

1880 1042 2123 1097 futurum
2173 1056 2321 1111 erat,
2379 1045 2696 1101 ﬂuminibus
2744 1056 3024 1116 comparat
3074 1047 3311 1102 dicens:
3349 1046 3456 1112 Qui

1880 1136 2065 1192 biberit
2097 1154 2162 1192 ea:
2193 1156 2351 1209 aqua,
2372 1157 2526 1210 quant
2549 1156 2638 1210 ego
2669 1140 2805 1193 dabo
2834 1142 2908 1205 ei,
2934 1142 3158 1209 [Iuntina
3195 1141 3258 1193 de
3282 1152 3457 1195 ventre

1878 1230 1992 1293 ejus
2021 1229 2183 1299 ﬂuent
2212 1248 2362 1301 aquae
2398 1234 2544 1297 vivae,
2576 1233 2816 1287 salientis
2839 1233 2893 1285 in
2924 1234 3084 1286 vitam
3113 1243 3365 1286 wternam
3384 1232 3453 1285 ³⁸.

186 1329 537 1393 ωρὀόντων
579 1330 683 1391 ἀεὶ,
718 1329 1053 1400 ἐπαιρόντων
1080 1344 1139 1379 τε
1176 1326 1357 1398 φωνὴν
1397 1328 1455 1379 ἐν
1485 1328 1608 1388 ταῖς
1675 1324 1811 1393 πρὸς
1847 1322 1937 1375 τὸν
1971 1324 2102 1377 Θεὸν
2149 1324 2356 1394 εὐχαῖς,
2388 1324 2445 1377 ἕν
2478 1342 2537 1377 τε
2563 1327 2681 1387 ταῖς
2729 1324 2794 1377 δι’
2855 1324 3037 1395 ὓμνων
3089 1324 3185 1378 καὶ
3226 1322 3458 1393 ψαλμῶν

181 1418 544 1486 δοξολογίαις,
588 1420 840 1473 δύνανται
891 1418 1145 1487 λέγεσθαι
1196 1418 1465 1488 ποταμοί·
1521 1419 1642 1471 ἐπεὶ
1686 1418 1779 1470 καὶ
1815 1417 1978 1481 αὐτὸς
2009 1420 2037 1471 6
2068 1416 2273 1487 Κύριος
2338 1415 2494 1486 ἡμῶν
2525 1416 2652 1479 τοὺς
2688 1416 2981 1486 μέλλοντας
3042 1418 3106 1469 ἐκ
3144 1415 3245 1485 τῆς
3286 1416 3455 1467 αὑτοῦ

181 1511 291 1563 καὶ
319 1511 467 1574 θείας
491 1512 836 1576 διδασκαλίας
864 1512 1150 1583 ἀρύεσθαι,
1186 1512 1400 1565 καὶτοῦ
1451 1511 1608 1580 ἁγίου
1648 1511 1965 1581 Πνεύματος
2020 1510 2218 1573 πίνειν,
2263 1512 2528 1579 ποταμοῖς
2575 1509 2913 1581 παραϐάλλει
2982 1508 3175 1577 λέγων·
3219 1512 3317 1575 Ὃς
3380 1507 3459 1561 ἂν

178 1602 302 1669 ,πίῃ
340 1603 407 1655 ἐκ
447 1604 550 1656 τοῦ
587 1605 804 1671 ὕδατος
834 1601 906 1661 οὗ
938 1604 1051 1671 ἐγὼ
1089 1604 1260 1658 δώσω
1300 1602 1480 1669 αὐτῷ,
1514 1605 1763 1675 ποταμοὶ
1789 1606 1858 1658 ἐκ
1891 1604 2002 1674 τῆς
2034 1604 2266 1670 κοιλίας
2300 1603 2488 1657 αὐτοῦ
2529 1604 2866 1672 ῥεύσουσιν
2928 1603 3148 1669 ὕδατος
3218 1600 3456 1672 ζῶντος,

166 1690 543 1762 »ἁλλομένου
573 1697 660 1760 εις
689 1694 841 1763 ζωὴν
855 1694 1115 1749 αἰώνιον.

277 1814 509 1883 Ἂροῦσι
541 1815 793 1885 ποταμοὶ
820 1816 1153 1883 ἐπιτρίψας
1174 1815 1371 1869 αὐτῶν
1403 1816 1519 1870 ἀπὸ
1556 1815 1769 1885 φωνῶν

1941 1811 2186 1877 VERSJ,
2221 1811 2275 1866 5.
2313 1812 2517 1867 Tollent
2552 1811 2777 1880 ﬂumina
2822 1811 3017 1879 ﬂuctus
3065 1828 3190 1865 suos
3232 1828 3264 1865 a
3314 1813 3456 1866 voci-

175 1901 428 1959 ὐδάτων
466 1903 731 1959 πολλῶν.
768 1905 1105 1975 Θαυμαστοὶ
1151 1909 1203 1959 οἱ
1232 1909 1618 1977 μετεωρισμοῖ
1662 1907 1771 1977 τῆς

160 1994 532 2064 θαλάσσης,
569 1996 910 2066 θαυμαστὸς
945 1998 1014 2051 ἐν
1052 1999 1335 2066 ὑψίστοις
1373 2003 1405 2053 ό
1441 2001 1670 2069 Κύριος.
1694 1992 1771 2054 Ἐἰ

170 2084 473 2155 νενόηνται
504 2087 552 2137 οἱ
584 2088 817 2157 ποταμοὶ
849 2089 898 2141 οί
928 2088 1020 2142 ἐπὶ
1052 2091 1119 2159 τῇ
1151 2088 1275 2159 δόξῃ
1300 2090 1394 2159 τῆς
1431 2090 1525 2144 τοῦ
1565 2091 1771 2162 Κυρίου

172 2174 471 2245 βασιλείας
500 2178 598 2247 τὴν
630 2178 809 2232 αὐτῶν
834 2178 1017 2249 φωνὴν
1048 2179 1383 2251 ἐπαίροντες,
1407 2182 1470 2233 ἐκ
1493 2179 1587 2233 τοῦ
1617 2184 1772 2234 ἐναν-

166 2266 313 2318 τίου
354 2267 705 2338 νοηθήτωσαν
745 2269 921 2341 ἕτεροι
962 2270 1197 2340 ποταμοὶ
1237 2269 1639 2341 ἐπιτριϐόμενοι
1680 2273 1773 2323 καὶ

166 2359 653 2429 κατεπαιρόμενοι
677 2360 777 2431 τῆς
801 2359 1053 2428 γνώσεως
1076 2360 1169 2413 τοῦ
1194 2360 1351 2425 Θεοῦ,
1368 2360 1621 2423 ἐναντίως
1642 2360 1699 2414 δέ
1714 2379 1771 2414 τε

170 2445 528 2516 διακείμενοι
586 2451 697 2511 τοῖς
751 2450 1038 2520 ἐπαίρουσι
1091 2450 1188 2518 τὴν
1241 2449 1426 2520 φωνὴν
1483 2451 1658 2504 αὐτῶν
1695 2451 1772 2521 τῷ

160 2536 331 2608 Θεῷ.
368 2529 525 2590 Οὗτοι
563 2538 626 2609 δὴ
646 2534 737 2592 οὖν
770 2541 819 2592 οί
852 2539 1082 2593 ἐναντίοι
1107 2540 1341 2610 ποταμοὶ
1360 2541 1591 2611 αἴρουσι,
1617 2542 1769 2611 φησὶ,

171 2627 291 2691 τὰς
338 2629 642 2698 ἐπιτρίψεις
687 2630 888 2697 αὐτῶν,
933 2628 1210 2682 τουτέστιν
1253 2629 1617 2701 ἀποθήσονται
1664 2631 1772 2683 πᾶν

171 2719 420 2792 ἔπαρμα
443 2722 536 2774 καὶ
564 2721 743 2775 πάντα
773 2721 964 2791 τῦφον,
1000 2725 1093 2776 καὶ
1120 2724 1298 2776 πᾶσαν
1327 2720 1643 2791 ἐπιτριϐην·
1679 2720 1771 2774 καὶ

172 2811 357 2865 ’τοῦτο
387 2816 707 2885 ποιήσουσιν
730 2812 839 2867 ἀπὸ
868 2814 965 2884 τῆς
994 2814 1175 2885 φωνῆς
1200 2812 1310 2865 τῶν
1340 2810 1509 2879 ἁγίων
1540 2809 1767 2862 ὑδάτων.

174 2904 426 2974 Nonum;
458 2905 513 2958 δὲ
555 2905 614 2959 τὸ
656 2906 942 2977 είρημένον
982 2906 1302 2975 ἐπιστήσας,
1338 2902 1414 2965 ὡς
1459 2902 1620 2955 πάλαι
1672 2901 1772 2971 μὲν

176 2997 252 3049 ἐν
294 2994 600 3067 ἀνθρώποις
657 2996 915 3059 πολλάκις
964 2991 1031 3067 ἦν
1076 2993 1374 3063 ἐπαγγελία
1438 2993 1627 3061 σοφίας
1676 2990 1770 3044 τοῦ

178 3087 390 3149 αἰῶνος
417 3086 632 3151 τούτου,
662 3087 754 3139 καὶ
780 3087 1096 3156 φιλοσοφίας
1118 3085 1462 3157 ἀνθρωπίνης
1492 3082 1766 3153 ἐπιτριϐήο

1875 1903 1969 1958 bus
2006 1920 2263 1975 aquarum
2296 1904 2606 1957 multarum.
2652 1902 2930 1956 Mirabiles
2959 1903 3213 1957 elationes
3264 1905 3453 1968 maris,

1873 1997 2133 2051 mirabilis
2160 1999 2214 2051 in
2246 1995 2523 2050 altissimis
2578 1995 2856 2051 Dominus.
2918 1993 2976 2050 Si
3024 1996 3243 2051 ﬂumina
3299 1997 3458 2052 intel-

1872 2089 2122 2149 leximus,
2187 2103 2309 2158 quae
2362 2104 2529 2158 super
2576 2088 2747 2158 gloria
2796 2089 2946 2158 regni
3002 2088 3214 2143 Domini
3262 2104 3453 2143 vocem

1873 2194 2029 2233 suam
2093 2178 2475 2244 elevaverunt;
2548 2178 2855 2232 eeontrario
2904 2178 3281 2248 intelligantur
3344 2179 3454 2232 alia

1872 2267 2095 2343 ﬂumina
2128 2283 2248 2337 qua:
2286 2266 2483 2321 ﬂuctus
2504 2267 2745 2321 excitant
2766 2274 2820 2321 et
2854 2268 3108 2322 attollunt
3138 2278 3328 2322 contra
3352 2281 3451 2323 co-

1874 2360 2169 2428 gnitionem
2203 2357 2319 2421 Dei,
2349 2367 2512 2429 atque
2553 2359 2621 2416 iis
2643 2360 2894 2431 opposita
2925 2376 3045 2429 quae
3080 2375 3266 2415 vocem
3294 2374 3451 2415 suam

1874 2449 1985 2503 Deo
2013 2450 2245 2504 elevant.
2282 2449 2409 2504 Haec
2431 2451 2615 2520 itaque
2644 2436 2919 2505 contraria
2950 2450 3196 2515 ﬂumina,
3225 2450 3457 2507 ﬂuctuso

1874 2538 2070 2607 inquit,
2119 2552 2250 2593 suos
2285 2538 2538 2606 tollunt;
2572 2540 2626 2594 id
2656 2548 2741 2596 est
2770 2554 2985 2595 omnem
3017 2540 3330 2604 elationem,
3368 2550 3457 2595 tu-

1872 2644 2080 2683 morem
2128 2634 2182 2683 et
2238 2628 2543 2685 allisionem
2598 2631 2917 2700 deponent:
2951 2631 3113 2701 idque
3168 2632 3371 2687 facient
3423 2646 3457 2686 a

1872 2734 2006 2774 voce
2037 2727 2353 2774 sanctarum
2388 2736 2675 2791 aquarum.
2709 2721 2823 2777 Hoc
2857 2739 3019 2794 porro
3058 2724 3264 2779 dictum
3291 2726 3457 2780 intel-

1873 2811 2032 2880 ligas,
2059 2812 2102 2865 si
2131 2812 2459 2882 perpendas,
2491 2813 2621 2867 olim
2661 2814 2803 2883 apud
2847 2814 3096 2871 homines
3137 2818 3458 2885 plerumque

1873 2903 2154 2959 exstitisse
2192 2907 2466 2975 specimen
2502 2906 2781 2975 sapientiae
2833 2907 2997 2976 hujus
3028 2908 3233 2970 szeculi,
3273 2918 3326 2963 et
3356 2908 3457 2961 hu—

1875 3008 2050 3048 mana:
2077 2994 2436 3066 philosophia:
2469 2997 2862 3066 arrogantiam,
2887 3013 2993 3069 qua
3034 2997 3205 3052 inﬂati
3232 2998 3457 3053 extolle-

1873 3083 2094 3147 bantur,
2129 3094 2182 3140 et
2225 3099 2257 3139 a
2311 3094 2492 3141 mente
2518 3088 2703 3142 carnis
2736 3103 2849 3143 sum
2892 3089 3263 3158 erigebantur,
3296 3090 3455 3159 quasi

182 3179 279 3247 ἐφ’
299 3172 332 3252 ᾖ
350 3179 443 3231 καὶ
465 3180 731 3249 ἐπήροντο
747 3178 938 3246 φυσιού
947 3195 1095 3249 μενοι
1118 3178 1211 3231 καὶ
1240 3177 1485 3247 ἐπιτριϐό
1492 3194 1643 3248 μενοι
1663 3175 1767 3229 ὑπὸ

1873 3189 2100 3245 magnas
2152 3185 2206 3231 et
2258 3176 2533 3247 sapientes
2582 3177 2902 3248 disciplinas
2933 3179 3146 3233 adirent
3183 3180 3455 3251 sapientes

178 3268 287 3323 τοῦ
310 3269 426 3332 νοὸς
442 3270 539 3340 τῆς
557 3269 756 3340 σαρκὸς
770 3269 967 3322 αὐτῶνθ
989 3269 1064 3332 ὼς
1086 3269 1148 3339 δὴ
1168 3268 1379 3339 μεγάλα
1393 3269 1512 3322 τινὰ
1528 3271 1619 3322 καὶ
1636 3268 1775 3338 σοφά

185 3359 494 3431 μαθήματα
527 3359 913 3431 μετερχόμενοι
943 3360 992 3412 οἱ
1025 3360 1177 3429 σοφοὶ
1204 3359 1297 3412 τοῦ
1326 3360 1519 3423 αἰῶνος
1560 3359 1770 3418 τούτου.

183 3451 324 3504 Ὅτε
353 3467 416 3518 γε
451 3451 556 3520 μὴν
590 3451 668 3513 εἰς
702 3452 881 3503 πᾶσαν
922 3450 1021 3521 τὴν
1055 3451 1159 3521 γῆν
1187 3450 1315 3519 παρ’
1339 3449 1563 3520 Ἕλλησί
1589 3466 1649 3501 τε
1680 3448 1775 3507 καὶ

182 3541 345 3613 παρὰ
368 3541 664 3612 βαρϐάροις
688 3540 1118 3611 ἐκκλησίαιΘεοῦ
1152 3540 1502 3612 συνέστησαν,
1530 3539 1626 3609 τὴν
1642 3539 1773 3610 ἀλη-

182 3634 258 3705 θῆ
292 3632 481 3701 σοφίαν
513 3632 811 3703 μετιοῦσαι,
829 3632 1037 3696 καὶτὰς
1068 3632 1378 3703 πρεπούσας
1402 3632 1478 3703 τῷ
1492 3631 1609 3702 Θεῷ
1635 3628 1775 3696 δοξο-

178 3726 376 3794 λογίας
392 3743 450 3777 τε
467 3728 559 3778 καὶ
576 3725 898 3796 ύμνολογίας
916 3742 1050 3778 ποτα
1057 3725 1222 3795 μηδὸν
1235 3726 1328 3777 καὶ
1349 3725 1485 3795 μετὰ
1529 3724 1773 3795 μείζονος

184 3819 288 3873 καὶ
307 3822 565 3890 πεπαρρη
574 3818 869 3889 σιασμένης
886 3818 1013 3888 βοῆς
1027 3816 1465 3887 ἀναπέμπουσαι,
1483 3829 1576 3870 καῖ
1586 3816 1774 3887 ὥσπερ

184 3906 402 3962 ὑδάτων
432 3906 641 3960 πολλῶν
690 3907 873 3977 φωνὴν
915 3905 1005 3959 διὰ
1028 3906 1090 3958 τὸ
1129 3904 1333 3976 πλῆθος
1378 3904 1772 3958 θεοσεϐούντων

184 4000 455 4068 ἀφιεῖσαι,
488 3998 547 4051 τὸ
567 3995 865 4068 τηνικαῦτα
891 3995 1170 4067 καθῃρέθη
1203 3995 1232 4049 6
1262 3994 1429 4063 τῦφος
1468 3994 1578 4047 τῶν
1605 3994 1771 4048 πάλαι

192 4092 561 4162 νομιζομένων
590 4089 787 4160 σοφῶν,
816 4090 909 4142 καὶ
939 4090 1089 4142 πᾶσα
1118 4086 1295 4141 αὐτῶν
1330 4086 1584 4157 ἐπιτριϐὴ
1615 4102 1773 4139 τετα-

190 4183 475 4247 πείνωται,
524 4181 625 4251 τῆς
667 4180 859 4250 σοφίας
890 4179 1068 4233 αὐτῶν
1109 4179 1191 4242 είς
1220 4178 1373 4231 οὐδὲν
1405 4176 1768 4249 λογισθείσης.

183 4276 257 4328 .El
283 4273 340 4327 δέ
368 4291 453 4337 τις
489 4272 709 4325 πώποτε
736 4271 1016 4342 ἐθαύμασε
1055 4270 1151 4323 καὶ
1191 4269 1292 4339 τῆς
1342 4268 1618 4339 θαλάσσης
1644 4268 1771 4332 τοὺς

190 4366 625 4438 μετεωρισμοὺς,
648 4365 741 4418 τοῦ
774 4363 889 4435 βίου
920 4359 1119 4433 δηλαδὴ
1159 4360 1253 4414 τοῦ
1289 4359 1485 4432 θνητοῦ
1522 4359 1621 4423 τὰς
1650 4376 1770 4429 τρι-

193 4456 398 4526 κυμίας
424 4455 518 4507 καὶ
549 4454 675 4517 τοὺς
703 4452 979 4514 κλύδωνας
1018 4451 1146 4515 τοῦς
1189 4449 1588 4520 ἐπαιρομένους
1630 4447 1772 4502 κατά

1878 3265 2042 3335 hujus
2074 3268 2281 3322 saeculi.
2312 3268 2383 3321 At
2415 3268 2633 3338 quando
2661 3286 2758 3340 per
2780 3270 2966 3325 orbem
2992 3271 3133 3340 apud
3168 3270 3385 3327 Graecos
3402 3280 3458 3327 et

1875 3355 2139 3414 barbaros
2167 3359 2415 3414 ecclesiae
2449 3359 2543 3414 Dei
2574 3362 2887 3415 constitutae
2931 3369 3079 3425 sunt,
3112 3377 3233 3432 quae
3272 3377 3455 3421 veram

1875 3449 2199 3518 sapientiam
2227 3449 2459 3515 adirent,
2487 3466 2551 3507 ac
2583 3442 2693 3507 Deo
2718 3453 2972 3508 decentes
3002 3452 3190 3508 laudes
3222 3462 3275 3508 et
3299 3454 3457 3524 hym-

1874 3553 1977 3593 nos
2028 3538 2177 3593 ﬂuxu
2221 3541 2455 3611 quodam
2489 3556 2553 3596 ac
2602 3556 2726 3597 cum
2782 3544 2990 3614 majore
3030 3553 3084 3598 et
3113 3544 3310 3599 ﬁducia
3341 3544 3457 3613 ple-

1873 3630 2031 3684 niore
2063 3644 2195 3685 voce
2219 3631 2553 3697 emitterent,
2582 3640 2655 3697 et,
2687 3633 2757 3686 ob
2786 3633 3188 3688 multitudinem
3228 3634 3456 3703 religio-

1874 3736 2062 3776 sorum
2107 3721 2412 3788 hominum,
2446 3724 2604 3792 quasi
2645 3737 2911 3794 aquarum
2943 3724 3238 3777 multarum
3267 3738 3456 3778 vocem

1873 3813 2129 3881 ederent;
2166 3821 2299 3869 tunc
2330 3815 2580 3870 sublatus
2610 3824 2695 3871 est
2721 3832 2909 3871 eorum
2948 3817 3042 3886 qui
3082 3817 3209 3870 olim
3239 3816 3459 3885 sapien-

1872 3912 1957 3959 tes
2000 3906 2416 3960 aestimabantur
2473 3914 2677 3971 tumor,
2722 3908 3013 3978 omnisque
3051 3908 3267 3962 illorum
3297 3920 3457 3961 ιιι-τοο

1874 3996 2058 4066 gantia
2087 3996 2350 4067 depressa
2373 4008 2477 4063 est,
2510 3998 2657 4068 quod
2686 3999 2953 4069 sapientia
3003 4014 3192 4054 eorum
3229 4013 3328 4068 pro
3371 3996 3459 4051 ni-

1870 4088 1985 4142 hilo
2038 4087 2348 4145 haberetur.
2396 4088 2554 4155 Quod
2606 4091 2652 4146 si
2711 4091 2836 4160 quis
2888 4106 3131 4161 unquam
3181 4090 3453 4149 elationes

1872 4179 2042 4235 maris
2094 4179 2398 4235 admiratus
2456 4181 2549 4245 sit,
2585 4180 2840 4237 videlicet
2886 4182 3136 4238 mortalis
3171 4182 3299 4237 vitae
3326 4198 3459 4253 pro-

1870 4270 2040 4325 cellas
2089 4278 2145 4326 et
2184 4269 2403 4339 ﬂuctus,
2444 4272 2538 4342 qui
2561 4281 2753 4327 contra
2774 4272 2867 4328 Dei
2889 4273 3257 4344 cognitionem
3280 4274 3459 4344 erige-

1870 4359 2106 4429 bantur;
2146 4361 2285 4418 sciat
2314 4362 2406 4418 ille
2441 4378 2553 4433 pra:
2596 4363 2853 4418 omnibus
2884 4363 3188 4418 mirabilem
3217 4364 3270 4417 in
3300 4363 3457 4419 altis-

1872 4452 2027 4508 simis
2056 4468 2179 4509 esse
2226 4452 2552 4522 Dominum;
2586 4456 2662 4509 ita
2690 4465 2749 4509 ut
2776 4454 2810 4509 ii
2845 4456 2939 4524 qui
2971 4455 3027 4508 in
3059 4454 3291 4508 Domino
3320 4471 3455 4509 con-

200 4547 295 4617 εῆς
327 4544 580 4615 γνώσεως
611 4544 705 4598 τοῦ
737 4544 891 4597 Θεοῦ·
929 4542 1042 4596 ἀλλ’
1074 4542 1235 4606 ἴστω,
1276 4542 1357 4595 ὃτι
1391 4540 1531 4612 ὑπὲρ
1562 4539 1771 4603 πάντας

1878 4543 2070 4607 ﬁdunt,
2102 4559 2211 4597 non
2243 4544 2385 4599 ultra
2423 4545 2689 4600 elationes
2718 4545 2886 4599 maris
2910 4545 3036 4613 jure
3066 4545 3455 4613 pertimescere

191 4638 509 4709 Θαυμαστός
536 4638 684 4690 ἐστιν
721 4636 779 4688 ἐν
811 4635 1034 4706 ὑψηλοῖς
1062 4636 1089 4687 6
1120 4633 1436 4705 Κύριοςοὼς
1465 4632 1656 4704 μηκέτ’
1682 4631 1772 4684 εύσ-

193 4734 366 4801 λόγως
407 4732 533 4793 τοὺς
583 4728 993 4801 μετεωρισμοὺς
1034 4726 1134 4797 τῆς
1169 4726 1444 4797 θαλάσσης
1491 4723 1771 4794 φοϐεῖσθαι

193 4826 302 4879 δεῖν
330 4824 455 4886 τοὺς
482 4822 574 4874 ἐπὶ
605 4820 682 4891 τῷ
704 4818 898 4891 Κυρίῳ
929 4818 1272 4883 πεποιθότας.
1299 4817 1461 4881 Εἰκὸς
1489 4817 1545 4870 δὲ
1574 4814 1774 4869 θαλάσ-

194 4933 293 4986 σης
322 4912 461 4967 εἶναι
494 4912 900 4985 μετεωρισμοὺς
919 4910 1045 4973 τοὺς
1068 4910 1532 4979 ἐπανισταμένους
1565 4911 1630 4978 τῇ
1662 4908 1774 4959 Ἑκ-

195 5006 397 5078 κλησίᾳ
454 5004 547 5058 τοῦ
595 5002 730 5056 Θεοῦ
782 5001 1095 5072 διωγμούς·
1147 4999 1241 5063 οὒς
1286 5003 1315 5053 6
1355 5000 1455 5071 τὴν
1500 4999 1772 5053 θάλασσαν

195 5096 465 5153 κατοικῶν
496 5096 711 5168 δράκων
739 5095 980 5165 ἐνεργεῖν
1012 5091 1219 5157 εἴωθεν,
1252 5094 1280 5144 6
1310 5089 1651 5162 μετεωρίζων
1676 5092 1774 5144 κύ-

198 5206 343 5263 ματα
365 5188 553 5257 αὐτῆς,
585 5185 801 5258 βομϐῶν
830 5202 890 5239 τε
914 5183 1007 5237 καὶ
1034 5183 1181 5254 ἠχῶν
1208 5182 1304 5235 καὶ
1341 5182 1646 5253 ταράττων,
1678 5181 1773 5234 καὶ

197 5280 479 5354 μονονουχὶ
505 5278 742 5333 ἀπειλῶν
773 5280 952 5332 πᾶσαν
981 5276 1151 5349 ἄρδην
1185 5273 1543 5328 κατακλύσειν
1576 5292 1636 5327 τε
1676 5275 1773 5329 καὶ

197 5372 477 5443 ἀφανίσειν
498 5370 595 5442 τὴν
628 5369 952 5439 Ἐκκλησίαν
979 5369 1073 5422 τοῦ
1104 5367 1259 5420 Θεοῦ.
1294 5368 1479 5431 Εἴποις
1507 5367 1549 5419 δ’
1580 5366 1647 5420 ἂν
1679 5367 1773 5420 καὶ

202 5465 368 5527 Ξλλως
385 5464 521 5535 πρὸς
534 5461 678 5527 λέξιν
692 5461 865 5516 ταῦτα
878 5460 1254 5531 διηγούμενος,
1270 5458 1517 5531 ἐπαίρειν
1534 5459 1661 5522 τοὺς
1676 5476 1771 5512 πο-

203 5556 368 5628 ταμοῦ
377 5573 425 5620 ς,
447 5555 643 5619 αὐτοὺς
660 5553 725 5625 δὴ
739 5554 959 5617 τούτους
976 5553 1103 5616 τοὺς
1119 5552 1429 5623 αἰσθητοὺς,
1460 5550 1558 5622 τὴν
1590 5548 1773 5621 φωνὴν

203 5644 373 5699 ιύτῶν
403 5644 479 5715 τῷ
504 5644 643 5715 Θεῷ,
684 5644 776 5698 τοῦ
805 5640 1254 5716 δημιουργοῦ-τοῦ
1271 5641 1334 5713 δὴ
1362 5641 1455 5696 καὶ
1488 5642 1771 5705 κτίσαντος

267 5805 311 5837 ³³
351 5804 509 5859 Joan.
545 5819 643 5866 vn,
692 5803 781 5857 '58.

1872 4633 2126 4688 debeant.
2168 4632 2479 4688 Verisimile
2523 4642 2703 4687 autem
2734 4642 2818 4689 est
2847 4634 3112 4688 elationes
3142 4632 3311 4687 maris
3333 4646 3458 4688 esse

1872 4722 2285 4792 persecutiones
2338 4724 2393 4776 in
2428 4720 2729 4777 Ecclesiam
2776 4720 2873 4775 Dei
2918 4722 3287 4792 insurgentes,
3314 4735 3456 4790 quas

1872 4812 2112 4866 excitare
2144 4812 2282 4867 solet
2312 4813 2478 4866 draco
2511 4812 2599 4865 ille
2652 4812 2706 4864 in
2740 4810 2880 4866 mari
2921 4812 3198 4874 habitans,
3230 4810 3323 4880 qui
3351 4809 3456 4865 ﬂu-

1872 4912 1995 4959 ctus
2028 4903 2148 4973 ejus
2199 4904 2255 4958 in
2284 4905 2517 4960 sublime
2550 4905 2711 4969 tollit,
2762 4905 2912 4969 boat,
2958 4912 3116 4959 sonat
3142 4912 3197 4959 et
3230 4910 3456 4959 contur-

1873 4995 1987 5061 bat,
2035 5004 2246 5051 tantum
2302 5013 2411 5053 non
2464 4997 2828 5053 interminans
2879 5012 2939 5052 se
2995 4995 3298 5051 Ecclesiam
3353 4994 3453 5050 Dei

1874 5085 2268 5141 inundaturum
2325 5102 2390 5142 ae
2455 5086 2703 5140 funditus
2758 5074 3067 5142 deleturum
3124 5100 3268 5140 esse.
3328 5084 3453 5139 Alio

1871 5179 2003 5233 item
2052 5177 2214 5232 modo
2248 5177 2361 5232 haec
2393 5179 2460 5232 ad
2495 5177 2732 5231 litteram
2788 5191 3057 5232 enarrans
3113 5175 3318 5229 dixeris
3356 5174 3453 5227 ﬂu-

1872 5271 2021 5347 mina
2051 5270 2166 5325 haec
2200 5270 2481 5325 sensibilia
2510 5269 2724 5324 elevare
2755 5284 2943 5323 vocem
2983 5281 3138 5323 suam
3170 5264 3300 5326 Deo,
3327 5263 3450 5331 opi-

1874 5363 1958 5416 ﬂci
1989 5378 2202 5432 nempe,
2228 5362 2320 5433 qui
2350 5376 2409 5417 se
2431 5361 2635 5416 creavit
2662 5370 2716 5416 et
2746 5361 3011 5416 exsistere
3049 5356 3197 5420 fecit,
3220 5352 3451 5424 gloriam

1871 5452 2179 5508 eﬂerentes.
2208 5451 2679 5518 Quemadmodum
2710 5451 2855 5505 enim
2880 5464 2947 5503 ex
2980 5441 3355 5515 magnitudine
3395 5446 3451 5495 et

1871 5546 2278 5616 pulchritudine
2329 5554 2703 5601 creaturarum
2744 5541 2925 5613 opifex
2968 5535 3339 5607 conspicitur;
3368 5531 3451 5588 sic

1870 5654 1935 5695 ex
1987 5639 2235 5711 partibus
2263 5640 2471 5707 mundi,
2507 5637 2832 5696 miraculum
2878 5631 3061 5705 magni
3110 5629 3205 5687 Dei
3246 5623 3451 5698 opiﬁcii
