3974 6540
584 348 717 404 *1191

1262 348 1527 403 EUSEBII
1560 350 2040 405 CASSARIENSIS
2073 350 2223 407 OPP.
2265 353 2446 409 PARS
2481 353 2569 408 ιιι.
2605 384 2675 394 —
2712 351 3122 409 EXEGETICA.

3640 360 3734 417 iiii!

586 466 679 529 iis,
717 464 808 533 qui
840 464 1059 519 videndi
1104 466 1365 521 facultate
1408 467 1619 536 praediti
1650 478 1798 532 sunt,
1833 470 2162 524 declaratur.

2212 478 2239 531 λ
2269 473 2468 536 αὐτοὺς
2505 472 2599 527 καὶ
2644 472 3092 543 ὑποστησαμένου
3120 472 3216 542 τὴν
3258 471 3407 539 δόξαν
3436 472 3732 543 ἐμφαίνοντας.

504 558 513 626 _'
586 555 645 611 Si
677 557 801 626 quis
832 561 978 611 enim
1010 574 1195 613 secum
1249 568 1483 628 reputet.
1522 561 1666 614 unde
1708 562 1830 616 talis
1878 561 2163 616 ﬂuminum

588 649 765 704 ﬂuxus
819 648 1044 712 feratur,
1079 651 1220 705 unde
1278 658 1428 705 tanta
1465 652 1701 707 humidae
1738 654 2056 709 substantia:
2086 655 2166 708 vis

580 751 641 795 et
664 741 841 811 copia,
862 742 1005 797 unde
1052 742 1228 797 fontes
1258 744 1334 797 illi
1356 744 1449 813 qui
1472 761 1499 797 a
1521 746 1727 799 saaculo
1767 761 2048 815 nunquam
2080 745 2167 801 de-

587 832 861 896 fecerunt,
902 833 994 902 qui
1038 835 1298 903 perennia
1330 847 1383 889 et
1417 836 1756 905 amplissima
1792 834 2020 890 ﬂumina
2052 851 2167 890 sca-

586 927 821 990 turiunt,
852 941 918 980 ex
954 927 1157 996 quibus
1206 927 1423 997 abyssis
1465 928 1735 991 oriantur,
1795 943 1861 983 ex
1895 943 2001 997 qua
2036 928 2170 981 sub-

587 1018 803 1072 stantia!
836 1018 995 1087 copia
1027 1035 1123 1087 per
1182 1034 1345 1073 omne
1388 1020 1650 1074 szeculum
1696 1021 1900 1086 ﬂuant;
1941 1020 1986 1076 si
2017 1021 2164 1088 quis,

588 1110 835 1180 inquam,
874 1111 989 1164 hac
1027 1110 1360 1173 consideret,
1395 1111 1443 1165 is
1478 1127 1610 1166 sane
1653 1112 1860 1166 videbit
1896 1112 2009 1166 [uec
2046 1121 2169 1165 tan-

584 1211 703 1255 tum
757 1218 865 1257 non
897 1216 1090 1256 vocem
1134 1202 1405 1268 emittere,
1448 1218 1591 1271 quae,
1638 1218 1733 1273 per
1763 1204 1880 1273 ipsa
1917 1202 2165 1267 ﬂumina,

582 1297 855 1351 creatoris
902 1304 957 1351 et
997 1296 1214 1366 Opiﬁcis
1266 1296 1652 1350 universorum
1703 1295 2167 1366 magniﬁcentiam

584 1389 848 1456 declaret,
894 1397 948 1444 et
997 1389 1118 1459 ejus
1161 1388 1421 1443 deitatem
1472 1389 1823 1444 testiﬁcetur.
1872 1386 1963 1441 Sic
2005 1402 2167 1459 porro

585 1482 853 1537 elationes
894 1482 1064 1537 maris
1117 1479 1477 1536 considerans
1522 1479 1815 1551 quispiam,
1850 1494 1961 1549 quo
2010 1488 2169 1549 pacto

584 1574 800 1637 scilicet
847 1574 1045 1629 ﬂuctus
1091 1576 1211 1642 ejus
1260 1574 1457 1628 tumidi
1495 1573 1550 1628 in
1594 1571 1828 1626 sublime
1868 1571 2166 1641 erigantur,

588 1680 764 1735 usque
796 1680 1018 1721 rursum
1050 1663 1365 1726 decidentes
1398 1663 1459 1717 in
1489 1661 1688 1731 seipsis
1720 1660 2067 1731 frangantur,
2114 1666 2169 1712 et

586 1756 866 1830 quomodo
900 1773 1001 1812 nec
1028 1756 1244 1826 possint
1273 1771 1377 1810 nec
1414 1754 1651 1809 audeant
1676 1752 1971 1807 terminum
2004 1758 2058 1805 et
2092 1750 2171 1805 le-

2279 565 2369 627 Ὠς
2406 565 2514 635 γάρ
2543 567 2607 617 ἐκ
2636 564 2898 635 μεγέθους
2925 565 3019 616 καὶ
3054 564 3311 633 καλλονῆς
3354 565 3621 637 κτισμάτων
3641 569 3735 635 ire.

2252 670 2443 706 ,vso’tou
2454 653 2578 725 ργὸς
2595 653 2896 725 θεωρεῖται,
2914 653 3004 706 τὸν
3033 653 3192 706 αὐτὸν
3218 654 3411 723 τρόπον
3431 657 3486 706 ἐκ
3507 656 3596 707 τῶν
3614 660 3737 728 μερῶν

2270 745 2370 798 τοῦ
2405 746 2609 816 κόσμου
2656 746 2716 798 τὸ
2755 745 2939 816 θαῦμα
2979 745 3080 815 τῆς
3123 744 3215 798 τοῦ
3268 745 3397 798 Θεοῦ
3432 747 3738 819 μεγαλουργίας

2267 840 2379 901 τοῖς
2415 839 2546 909 ὁρᾷν
2585 838 2906 908 δυναμένοις
2954 838 3299 907 παρίσταται.
3331 839 3389 890 Εἰ
3416 838 3530 905 γοῦν
3556 856 3623 901 τις
3652 847 3739 912 np‘

2268 930 2445 1001 ἐαυτῷ
2465 930 2757 999 λογίσαιτο,
2778 930 2940 984 πόθεν
2963 931 3070 1000 ἄρα
3090 930 3310 1000 φέρεται
3326 932 3357 1000 ἡ
3373 931 3580 1000 τοσαύτη
3589 933 3669 983 τῶν
3682 950 3742 985 πον

2268 1024 2458 1094 ταμῶν
2484 1022 2644 1094 φορὰ,
2668 1022 2828 1076 πόθεν
2856 1022 2926 1075 τὰ
2950 1022 3186 1079 τοσαῦτα
3212 1021 3411 1093 μεγέθη
3436 1022 3519 1075 καὶ
3544 1024 3601 1076 τὰ
3620 1025 3743 1097 πλήθη

2267 1115 2368 1183 τῆς
2388 1116 2560 1186 ὑγρᾶς
2578 1115 2785 1178 οὐσίας,
2808 1114 2972 1168 πόθεν
2994 1116 3050 1167 αἱ
3069 1114 3200 1185 μηδέ
3222 1113 3428 1166 πώποτε
3449 1113 3500 1179 ἐξ
3513 1114 3747 1179 eiimmin-

2268 1206 2519 1277 λείψασαι
2558 1207 2755 1276 πηγαὶ,
2786 1206 2844 1259 αἱ
2872 1206 2998 1268 τοὺς
3036 1205 3295 1268 ἀεννάους
3327 1205 3416 1258 καὶ
3452 1208 3746 1276 παμμεγέθεις

2262 1298 2529 1369 ,βρύουσαι
2575 1298 2883 1370 ποταμούς’
2923 1296 3032 1351 ἀπὸ
3074 1297 3242 1351 ποίων
3273 1294 3378 1369 ἆρα
3417 1297 3569 1367 βυθῶν
3594 1299 3746 1370 ὁρμῶν·

2269 1410 2378 1458 ται,
2415 1393 2509 1446 καὶ
2533 1394 2597 1446 ἐκ
2622 1393 2782 1455 ποίας
2808 1391 3156 1453 ὑποστάσεως
3182 1390 3275 1443 τὸν
3309 1390 3573 1461 σύμπαντα
3598 1392 3749 1464 ῥέουσιν

2270 1485 2472 1542 αἰῶνα’
2518 1488 2571 1539 εί
2611 1504 2695 1550 τις
2739 1483 2912 1538 ταῦτα
2960 1485 3286 1554 ἐννοήσειεν,
3339 1483 3512 1552 ὄψεται
3539 1484 3602 1547 ὡς
3643 1503 3749 1553 μονο-

2270 1584 2419 1652 νουχὶ
2452 1581 2634 1651 φωνὴν
2665 1581 2879 1651 ἀφίησι,
2923 1579 3075 1649 καὶή
3109 1578 3196 1631 διὰ
3223 1576 3332 1631 τῶν
3363 1576 3592 1647 ποταμῶν
3628 1575 3749 1629 αὐτῶν

2268 1675 2332 1745 δὴ
2360 1672 2563 1726 τούτων
2607 1668 2984 1742 παρισταμένη
3019 1666 3112 1721 τοῦ
3147 1666 3365 1720 κτίστου
3397 1665 3483 1717 καὶ
3502 1663 3749 1733 δημιουργιῦ

2266 1761 2375 1815 τῶν
2423 1762 2558 1814 ὅλων
2606 1758 2997 1833 μεγαλουργία,
3032 1755 3386 1829 μαρτυροῦσα
3420 1759 3479 1826 τῇ
3521 1753 3653 1808 αὑτοῦ
3676 1753 3749 1805 θεό-

582 1864 711 1919 .gem
741 1848 848 1902 sibi
878 1847 1158 1902 deﬁnitam
1182 1844 1564 1916 praetergredi;
1599 1843 1726 1897 hinc
1758 1858 1891 1899 sane
1918 1840 2012 1897 Dei
2046 1855 2163 1894 ma-

2212 1838 2235 1888 ³
2264 1872 2404 1926 τητι.
2437 1852 2591 1906 Οὕτω
2632 1852 2687 1904 δὲ
2719 1852 2812 1904 καὶ
2844 1852 2969 1914 τοὺς
3003 1849 3413 1922 μετεωρισμοίκ
3441 1848 3531 1913 τῆς
3556 1847 3749 1913 θαλάσσης

597 1943 928 2016 gniﬁcentize
960 1942 1068 1996 vim
1101 1939 1490 2010 deprehendet.
1525 1937 1658 1991 Nam
1702 1936 1779 1990 illi
1827 1935 2013 1998 edixit,
2059 1934 2169 1987 llu-

580 2048 800 2101 .cusque
830 2032 1040 2096 venies,
1090 2037 1144 2084 et
1185 2030 1241 2083 in
1272 2037 1325 2083 te
1372 2035 1729 2083 conterentur
1776 2024 1975 2079 ﬂuctus
2007 2025 2166 2091 tui”,

588 2124 995 2193 tcrminumque
1028 2122 1133 2192 ipsi
1176 2121 1381 2190 posuit,
1419 2135 1581 2189 quem
1618 2134 1727 2171 non
1758 2116 2170 2189 praetergredie-

587 2224 699 2278 tur,
754 2230 931 2284 neque
976 2220 1331 2267 convertetur
1374 2210 1439 2264 ad
1482 2208 1834 2279 operiendam
1883 2206 2166 2263 terram“.

589 2307 792 2361 Praeter
833 2322 896 2362 ea
924 2321 1056 2361 vero
1104 2311 1226 2375 quin
1279 2318 1443 2372 supra
1488 2301 1933 2365 memoravimus,
1973 2299 2171 2354 dixerit

578 2401 885 2471 quispiam,
942 2408 1073 2451 tunc
1128 2396 1409 2449 mirabiles
1462 2393 1633 2447 fuisse
1688 2392 1953 2446 elationes
2002 2391 2171 2446 maris

578 2507 716 2547 cum
746 2490 1068 2544 accedentes
1090 2486 1345 2556 discipuli
1376 2484 1632 2538 dixerunt
1654 2483 1725 2546 ei,
1746 2482 1991 2547 Domine,
2023 2483 2173 2536 salva

590 2599 709 2645 nos,
732 2582 965 2649 perimus
989 2579 1032 2609 “
1063 2593 1076 2631 :
1108 2576 1328 2648 quando
1362 2574 1650 2645 imperavit
1680 2574 1805 2643 ipsi,
1842 2581 1897 2627 et
1917 2572 2061 2625 facta
2088 2580 2173 2627 est

589 2674 966 2744 tranquillitas
1006 2685 1222 2740 magna.
1276 2667 1343 2721 Et
1374 2667 1509 2721 alias
1556 2666 1753 2720 iterum
1800 2678 1925 2719 cum
1958 2663 2174 2718 Domini

580 2766 747 2835 jussu
789 2764 1025 2819 divisum
1077 2762 1131 2815 in
1195 2773 1362 2829 seque
1410 2760 1529 2828 ipso
1563 2756 1825 2812 secedens
1869 2769 1932 2809 ac
1974 2754 2176 2809 distra-

586 2871 767 2923 ctum,
814 2858 1104 2913 transitum
1155 2854 1387 2926 praebuit
1433 2853 1560 2907 ﬁliis
1591 2851 1789 2915 Israel,
1818 2856 1877 2904 ut
1914 2864 2011 2921 per
2040 2847 2175 2902 illud

590 2956 751 3025 quasi
797 2970 896 3024 per
927 2954 1142 3009 aridam
1188 2959 1393 3004 terram
1427 2949 1772 3020 praeterirent
1806 2966 1818 3001 :
1853 2954 1985 3000 tunc
2027 2944 2174 2999 enim

591 3049 875 3103 mirabiles
903 3047 1127 3101 fuerunt
1154 3044 1422 3099 elationes
1455 3042 1594 3112 ejus.
1627 3040 1744 3094 Imo
1765 3040 1924 3093 etiam
1950 3036 2175 3091 ﬂumina

590 3140 700 3192 alio
726 3137 887 3191 modo
922 3150 1114 3189 vocem
1146 3135 1518 3195 elcvaverunt,
1548 3130 1769 3202 quando
1795 3144 1921 3182 arca
1949 3142 2044 3197 per
2059 3125 2177 3181 Jor-

582 3231 791 3284 danem
826 3236 1173 3290 transeunte,
1211 3225 1540 3280 secedebant
1570 3237 1724 3293 aquae
1752 3228 1805 3276 et
1842 3221 2081 3283 stabant,
2115 3234 2173 3273 re

582 3320 711 3389 ipsa
741 3319 969 3388 gloriam
1008 3316 1102 3372 Dei
1145 3316 1465 3377 clamantes,
1527 3323 1581 3369 et
1629 3313 1849 3382 quando
1892 3312 2012 3381 ipso
2045 3310 2175 3365 Scr-

590 3417 782 3463 vatore
818 3410 873 3462 in
923 3407 1116 3462 eodem
1159 3405 1382 3459 ﬂumine
1428 3404 1729 3473 baptizata,
1783 3402 2025 3457 caelestis
2067 3417 2173 3456 vox

586 3502 773 3572 ipsum
813 3497 1015 3554 Filium
1045 3512 1168 3554 esse
1186 3496 1443 3551 dilectum
1478 3495 1547 3549 ad
1572 3494 1816 3548 omnium
1841 3506 2003 3548 aures
2031 3507 2173 3562 prae-

590 3595 824 3648 dicaret.

2268 1944 2409 2016 ὁρῶν
2435 1960 2540 2006 τις,
2585 1942 2660 2005 ὼς
2699 1942 2986 2011 ἐπαίρεται
3029 1940 3375 2011 κυρτούμενα
3403 1939 3558 2009 αὐτῆς
3580 1939 3641 2000 είς
3665 1936 3749 2005 ide;

2268 2036 2336 2089 τὰ
2369 2035 2608 2105 κύματα,
2635 2034 2727 2086 καὶ
2754 2033 2831 2097 ὡς
2858 2033 3018 2087 πάλιν
3042 2033 3217 2088 ταῦτα
3248 2032 3599 2103 συμπίπτοντα
3630 2031 3671 2081 ὲν
3688 2031 3748 2079 αὖε

2269 2129 2380 2190 τοῖς
2415 2124 2708 2197 θραύεται,
2760 2125 2854 2177 καὶ
2910 2124 2987 2187 ὡς
3018 2124 3079 2177 οὐ
3127 2124 3351 2178 δύναται
3388 2122 3498 2176 οὐδὲ
3528 2121 3666 2191 τολμᾷ
3694 2119 3749 2172 τὸν

2269 2220 2393 2291 ὅρον
2430 2218 2525 2271 καὶ
2567 2218 2658 2270 τὸν
2712 2216 2876 2288 νόμον
2917 2216 3215 2287 ὑπερϐῆναι
3260 2216 3351 2268 τὸν
3384 2213 3749 2275 αὐτοίςνδιατετιρ

2270 2309 2493 2380 γμὲνον,
2520 2309 2706 2378 ὄψεται
2745 2309 2838 2361 καὶ
2864 2307 2950 2362 διὰ
2975 2307 3297 2380 τούτωνξτῆς
3334 2306 3425 2360 τοῦ
3445 2304 3563 2358 Θεοῦ
3592 2303 3748 2374 μεγαλο-

2272 2401 2538 2473 πρεπείας
2557 2400 2653 2472 τὴν
2684 2400 2929 2472 δύναμιν.
2958 2397 3094 2453 Εῐπε
3117 2399 3250 2468 γοῦν
3276 2401 3431 2470 αὐτῇ,
3458 2400 3607 2468 Μέχρι
3626 2396 3748 2449 τούτου

2272 2491 2488 2562 ἐλεύσῃ,
2538 2492 2633 2544 καὶ
2665 2492 2722 2543 ἐν
2759 2492 2840 2543 σοὶ
2876 2490 3333 2563 συντριϐήσονταί
3374 2507 3463 2542 σου
3502 2488 3561 2541 τὰ
3587 2488 3748 2557 κύματα,

2273 2583 2366 2635 καὶ
2412 2583 2558 2653 ὃριον
2605 2583 2742 2655 αὐτῇ
2794 2581 2965 2645 ἔθετο,
3020 2583 3113 2635 καὶ
3148 2583 3250 2653 οὐχ
3303 2581 3646 2652 ὑπερϐήσεται,
3676 2577 3749 2629 οὐδὲ

2275 2675 2593 2746 ἐπιστρέψει
2628 2674 2978 2745 καλῦψαιτὴν
3018 2674 3144 2744 γῆν.
3188 2675 3301 2727 Καὶ
3322 2672 3574 2744 ἐτέρωςδὲ
3595 2668 3750 2741 παρὰπὰ

2274 2768 2540 2839 εἰρημένα
2575 2767 2718 2820 εἴποι
2744 2767 2809 2821 ἄν
2829 2784 2912 2830 τις
2941 2765 3294 2837 θαυμαστοὺς
3327 2762 3585 2827 εἶναιτοὺς
3616 2779 3749 2833 μετεω-

2276 2861 2505 2933 ρισμοὺς
2518 2861 2617 2932 τῆς
2638 2860 2930 2930 θαλάσσης,
2957 2858 3191 2929 ὁπηνίκα
3213 2857 3626 2930 προσελθόντεςοί
3641 2852 3752 2923 μαθη-

2274 2952 2364 3004 ταὶ
2384 2947 2544 3004 εἶπαν
2571 2950 2738 3021 αὐτῷ,
2761 2951 2960 3019 Κύριε,
2993 2948 3203 3003 σῶσον
3232 2947 3411 3018 ἡμᾶς,
3430 2948 3748 3013 ἀπολλύμεθα·

2275 3041 2366 3094 ὅτε
2388 3042 2481 3095 καὶ
2496 3041 2825 3111 ἐπετίμησεν
2846 3040 3006 3111 αὐτῇ,
3029 3039 3124 3092 καί⁵
3168 3038 3365 3106 γέγονε
3387 3038 3570 3108 γαλήνη
3598 3031 3749 3104 μεγάλῃ.

2278 3133 2391 3185 Καὶ
2438 3130 2624 3186 ἄλλοτε
2665 3132 2845 3193 πάλιν,
2896 3132 2985 3184 ὅτε
3028 3131 3108 3201 τῷ
3147 3130 3245 3183 τοῦ
3289 3128 3487 3201 Κυρίου
3518 3123 3751 3191 κελεύσματι

2276 3224 2627 3295 διαιρεθεῖσα,
2673 3225 2765 3277 καὶ
2794 3226 2873 3287 είς
2904 3223 3100 3295 ἑαυτὴν
3131 3224 3399 3277 διαστᾶσα
3435 3221 3521 3273 καὶ
3552 3212 3751 3285 ἀναχωρήο

2282 3332 2455 3379 σασα,
2498 3314 2735 3384 παρέσχε
2767 3313 2935 3367 δίοδον
2967 3317 3078 3378 τοῖς
3110 3316 3247 3376 υἱοῖς
3283 3310 3491 3384 Ἰσραὴλ
3525 3306 3694 3362 διελθεῖν
3713 3300 3751 3351 δι’

2276 3406 2451 3477 αὐτῆς
2483 3407 2557 3470 ὡς
2606 3407 2691 3460 διὰ
2726 3406 2893 3478 ξηρᾶς
2937 3406 3060 3476 γῆς.
3097 3406 3205 3459 Καὶ
3251 3406 3373 3458 τότε
3402 3404 3500 3471 γὰρ
3546 3388 3753 3465 θαυμασταὶ

2280 3498 2571 3565 γεγόνασιν
2603 3498 2769 3568 αὐτῆς
2804 3498 2853 3550 οἱ
2890 3496 3278 3568 μετεωρισμοί.
3326 3495 3398 3548 Οὐ
3450 3492 3542 3563 μὴν
3570 3486 3670 3541 ἀλλὰ
3697 3492 3752 3533 κει

2277 3589 2329 3640 οἱ
2378 3590 2613 3661 ποταμοὶ
2659 3590 2873 3661 ἐπῆραν
2917 3590 3098 3659 φωνὴν
3139 3588 3376 3659 ἑτέρως,
3416 3587 3497 3639 ὅτε
3534 3585 3562 3651 ὴ
3601 3570 3752 3671 κιίλντὶς

589 3685 731 3757 διῄει
783 3685 875 3738 τὸν
942 3682 1235 3753 Ἰορδάνην,
1307 3679 1648 3750 ὑπανεχὼρει
1697 3696 1758 3732 τε
1798 3679 1891 3732 καὶ
1938 3679 2120 3731 ἵστατο
2164 3676 2232 3731 τά
2271 3678 2438 3733 ὕδατα
2485 3680 2667 3752 ἔργοις
2718 3681 2817 3752 τὴν
2872 3680 3029 3745 δόξαν
3080 3680 3361 3733 ἐκϐοῶντα
3404 3676 3490 3729 τοῦ
3538 3669 3663 3725 Θεοῦ·
3697 3669 3752 3715 καὶ

582 3782 702 3843 ὅτε,
743 3777 911 3834 αὑτοῦ
952 3776 1047 3831 τοῦ
1081 3776 1331 3847 Σωτῆρος
1367 3772 1753 3844 βαπτισθέντος
1801 3775 1859 3827 ἐν
1901 3772 1979 3843 τῷ
2029 3770 2176 3841 αὐτῷ
2214 3774 2462 3846 ποταμῷ,
2496 3776 2529 3846 ὴ
2596 3775 2844 3847 οὐράνιος
2871 3775 3021 3847 φωνὴ
3056 3774 3184 3828 Υιδν
3221 3773 3384 3827 αὑτὸν
3435 3763 3664 3839 ἀγαπητὸν
3704 3756 3752 3813 εἰς

592 3874 692 3936 τὰς
724 3870 941 3925 πάντων
968 3867 1138 3931 ἀκοὰς
1160 3868 1515 3938 άνεκήρυττε.

664 3962 838 4019 Vens.
870 3963 924 4017 ’5.
968 3959 1294 4015 Testimonia
1329 3957 1603 4012 credibilia
1638 3957 1783 4026 facta
1821 3967 1944 4011 sunt
1977 3960 2127 4015 valde
2156 3975 2175 4014 :

582 4058 811 4111 domum
838 4064 985 4107 tuam
1007 4052 1149 4106 decet
1178 4051 1503 4114 sanctitudo,
1532 4050 1779 4114 Domine,
1811 4050 1866 4103 in
1889 4050 2178 4122 longitudi-

590 4163 714 4202 nem
742 4146 968 4199 dierum.
999 4143 1306 4212 Prophetire
1340 4142 1676 4209 futurorum,
1710 4144 1765 4196 in
1796 4144 1996 4211 quibus
2028 4144 2181 4198 testi-

596 4237 784 4292 monia
832 4236 899 4291 de
941 4250 1112 4305 regno
1160 4234 1374 4287 Domini
1430 4233 1771 4295 ferebantur,
1822 4242 1947 4289 ante
1996 4250 2179 4289 rerum

592 4336 878 4393 direptum,
920 4342 1233 4383 sermonum
1262 4324 1681 4380 credibilitatem
1711 4325 1955 4379 nondum
1991 4327 2181 4381 videre

598 4424 872 4481 sinebant.
933 4419 1069 4474 Nam
1125 4426 1271 4490 post.
1309 4424 1589 4479 eventum,
1656 4428 1708 4471 et
1766 4426 1891 4487 post
1943 4418 2180 4487 perfecta

588 4528 787 4586 opera,
833 4520 966 4567 tunc
1023 4526 1156 4565 sane
1198 4507 1514 4565 testimonia
1552 4505 1646 4561 Dei
1695 4506 1978 4561 credibilia
2035 4506 2177 4560 facta

586 4614 750 4662 sunt.
785 4604 1065 4675 Siquidem
1095 4601 1206 4671 jam
1238 4600 1368 4656 olim
1398 4598 1541 4653 dicta
1574 4608 1628 4654 et
1664 4598 2026 4668 pramuntiata
2060 4596 2176 4650 fue-

597 4709 747 4764 rant,
779 4710 831 4754 et
854 4697 1065 4768 jamdiu
1099 4694 1560 4765 exspectabantur
1606 4708 1692 4757 ea,
1724 4707 1845 4762 quae
1878 4691 1947 4744 ad
1988 4689 2079 4744 Dei
2120 4690 2175 4744 in

587 4805 794 4844 omnes
850 4798 1039 4858 gentes
1092 4801 1321 4857 regnum
1371 4783 1715 4854 spectabant.
1775 4780 2173 4836 Testimonium

600 4894 732 4932 vero
780 4878 915 4931 illud
960 4892 1107 4931 nunc
1152 4876 1417 4932 credibile
1475 4873 1680 4928 factum
1734 4879 1837 4935 est,
1871 4887 1995 4926 cum
2038 4872 2174 4941 ipsis

592 4970 862 5039 operibus
884 4970 1167 5038 impletum
1186 4969 1477 5023 oraculum
1503 4966 1770 5021 cernitur.
1804 4964 1871 5018 Et
1900 4965 2029 5019 olim
2054 4964 2178 5033 qui-

596 5061 725 5113 dem
771 5058 839 5112 de
871 5057 1101 5112 Domino
1139 5058 1442 5121 dicebatur,
1477 5057 1622 5127 quod
1669 5055 1921 5110 decorem
1966 5054 2176 5109 induis-

600 5157 718 5216 set;
756 5162 902 5202 nunc
941 5155 1121 5201 autem
1160 5148 1484 5203 conﬁrmato
1507 5163 1571 5201 ex
1612 5146 1870 5216 operibus
1902 5160 2179 5211 sermone,

600 5241 810 5296 veritas
841 5238 1212 5311 prmdictionis
1242 5239 1515 5309 apparuit,
1551 5254 1677 5293 cum
1724 5244 1891 5293 exuta
1933 5236 2049 5300 Dei,
2094 5237 2181 5290 in-

596 5334 739 5389 duta
772 5332 913 5387 servi
948 5331 1146 5396 forma,
1184 5345 1248 5383 ac
1276 5344 1449 5398 usque
1494 5329 1561 5383 ad
1589 5337 1809 5399 turpem
1852 5316 2179 5398 progre'ssus

602 5432 859 5486 mortem,
904 5430 1089 5491 postea
1124 5418 1362 5473 dedecus
1406 5418 1539 5471 illud
1586 5417 1842 5487 deposuit
1892 5416 2179 5486 induitque

594 5520 844 5582 paternae
884 5510 1071 5580 gloria:
1120 5507 1395 5571 decorem,
1441 5521 1610 5575 regno
1645 5506 1853 5560 scilicet
1892 5507 1944 5558 in
1996 5506 2180 5558 omnia

598 5617 729 5655 cum
773 5601 1019 5656 eaalcstia
1053 5607 1166 5654 tum
1211 5608 1427 5654 terrena
1459 5606 1778 5650 coronatus.
1824 5594 2181 5673 Rursumque

712 5754 755 5786 "
784 5752 884 5808 Job
920 5708 1147 5819 xxxviii,
1187 5753 1274 5808 11.

2354 3953 2430 4009 Τὰ
2450 3953 2741 4023 μαρτύρια
2792 3950 3213 4017 ἐπιστώθησαν
3266 3947 3519 4018 σφόδραι
3565 3940 3627 4005 τῷ
3664 3936 3751 3996 οἷκφ

2280 4061 2396 4099 σου
2427 4042 2637 4111 πρέπει
2664 4041 2948 4110 ἀγίασμα,
2978 4040 3178 4107 Κύριε,
3216 4040 3308 4105 εὶς
3339 4034 3638 4106 μαχρότητα
3662 4027 3748 4092 ἠμε-

2273 4133 2418 4204 ρῶν.
2470 4134 2536 4185 Αἱ
2586 4132 2715 4202 περὶ
2756 4130 2862 4183 τῶν
2901 4128 3200 4200 μελλόντων
3251 4126 3578 4198 προφητεῖαι,
3609 4112 3752 4171 xuii;

2277 4224 2533 4295 ἐφέροντο
2559 4222 2651 4275 καὶ
2677 4222 2732 4273 αἱ
2763 4221 2890 4291 περὶ
2917 4220 3014 4290 τῆς
3039 4217 3130 4271 τοῦ
3170 4218 3378 4288 Κυρίου
3410 4208 3641 4284 βασιλείας
3666 4214 3753 4295 μαρ-

2276 4317 2483 4389 τυρίαι,
2531 4314 2640 4388 πρὸ
2681 4313 2781 4382 τῆς
2819 4312 2926 4364 τῶν
2961 4310 3305 4383 πραγμάτων
3350 4305 3619 4363 ἐκϐάσεως,
3656 4290 3753 4389 οὗξω

2279 4378 2541 4472 παρεῖχον
2572 4378 2703 4472 όρᾷν
2739 4378 2808 4451 ’τὸ
2846 4378 3036 4451 πιστὸν
3081 4378 3188 4450 τῶν
3238 4395 3430 4464 λόγων.
3466 4390 3594 4446 Meti
3624 4384 3665 4436 δὲ

2212 4490 2252 4543 D
2281 4494 2525 4557 ἔκϐασιν,
2544 4489 2717 4545 καὶτὰ
2733 4490 2820 4543 διὰ
2842 4489 2949 4542 τῶν
2972 4488 3145 4561 ἔργων
3168 4484 3552 4554 ἐπιτελέσματα
3566 4466 3753 4532 ἐπιστὼθη

2285 4586 2352 4639 τὰ
2384 4582 2658 4655 μαρτύρια
2704 4580 2798 4634 τοῦ
2841 4558 3011 4633 Θεοῦί
3048 4578 3220 4632 Πάλαι
3275 4579 3372 4649 μὲν
3404 4574 3503 4644 γὰρ
3531 4572 3671 4640 signa:
3696 4558 3754 4655 ul

2287 4677 2723 4749 προπεφὴτευτο,
2754 4673 2818 4726 ἐκ
2856 4671 3067 4746 μακροῦ
3098 4689 3158 4724 τε
3207 4667 3553 4741 προσεδοκᾶτο
3590 4658 3642 4711 τὰ
3675 4650 3752 4718 περὶ

2281 4747 2379 4840 τῆς
2428 4769 2508 4831 εἰς
2541 4767 2758 4820 ἅπαντα
2789 4764 2857 4818 τὰ
2902 4764 3027 4835 ἔθνη
3079 4764 3171 4817 τοῦ
3211 4762 3345 4815 Θεοῦ
3389 4747 3753 4831 βασιλείας·

2285 4860 2462 4931 στώθη
2492 4858 2547 4911 δὲ
2579 4858 2638 4911 τὸ
2673 4860 2854 4929 φῆσαν
2889 4854 3046 4908 τοῦτο
3071 4854 3366 4925 μαρτύριον
3405 4851 3511 4909 νῦν,
3534 4848 3605 4899 ὅτε
3632 4840 3751 4931 έρίίᾞ

2283 4922 2473 5024 ὁρᾶται
2516 4922 2943 5021 πεπληρωμένον
2962 4947 3023 5000 τὸ
3054 4922 3265 5014 λόγιον.-
3282 4945 3390 4999 Καὶ
3419 4941 3566 4994 πάλαι

2283 5061 2411 5113 γετο
2464 5041 2715 5113 περὶτοῦ
2766 5039 2996 5111 Κυρίου.
3040 5036 3114 5102 ὡς
3157 5036 3264 5107 ἄρα
3318 5032 3614 5103 εὐπρέπειαν
3639 5014 3755 5113 irai-tr

2287 5151 2448 5189 σατοο
2482 5133 2576 5186 νῦν
2618 5132 2694 5198 δὲ,
2720 5130 3078 5201 πιστουμένου
3120 5127 3213 5180 τοῦ
3248 5127 3403 5197 λόγου
3443 5122 3502 5176 δι’
3526 5114 3665 5171 αὐτῶν
3686 5117 3753 5156 των

2286 5227 2463 5299 ἔργων
2483 5266 2496 5289 ,
2522 5224 2759 5294 πέφηνεν
2787 5200 3065 5295 ήάλήθεια
3086 5223 3186 5291 τῆς
3214 5218 3575 5291 προρρήσεως,

2285 5316 2582 5387 δυσάμενος
2605 5314 2703 5385 τὴν
2738 5312 2830 5366 τοῦ
2865 5311 3002 5366 Θεοῦ
3037 5311 3268 5381 μορφὴν,
3303 5311 3391 5363 καὶ
3419 5306 3505 5375 τὴν
3531 5288 3749 5387 τοῦ

2286 5378 2771 5482 περιθέμενος,κώ
2799 5404 2956 5474 μέχρι
2972 5378 3143 5471 γετοῦ
3158 5378 3439 5473 Ῠάπρεποῦς
3458 5391 3644 5490 θανάτοις
3662 5378 3752 5490 905“

2289 5516 2407 5563 σας,
2448 5497 2585 5568 μετὰ
2622 5497 2795 5550 ταῦτα
2837 5495 2936 5567 τὴν
2966 5494 3066 5566 μὲν
3098 5495 3397 5565 ἀπρέπειαν
3430 5487 3601 5550 ταύτην
3622 5479 3752 5567 ἀποτίς

2289 5592 2481 5653 θειται,
2513 5588 2799 5643 ἐνεδύσατο
2825 5589 2881 5644 δὲ
2916 5590 3013 5661 τῆς
3056 5587 3325 5659 πατρικῆς
3357 5580 3501 5651 56in;
3522 5576 3602 5645 τὴν
3626 5567 3754 5630 εὲπί⁵“

1350 5752 1397 5785 ⁸ο
1454 5750 1604 5808 Psal.
1638 5764 1755 5805 cui.
1786 5750 1839 5804 9.
1916 5749 1959 5779 ἰι
2037 5745 2226 5802 Matth.
2265 5744 2495 5815 vni,25.
