3974 6550
256 404 395 461 1195

1332 393 1831 449 CGMMENTARIA
1870 393 1936 447 IN
1977 391 2304 447 PSALMOS.

3329 388 3463 447 “94

253 529 435 574 πειαν,
459 510 557 583 τὴν
586 510 726 564 κατὰ
767 510 978 564 πάντων
1013 508 1303 579 βασιλείαν,
1331 509 1437 561 τῶν
1476 526 1534 561 τε
1561 510 1619 560 ὲν
1645 510 1810 577 οὐρα-

1924 506 2225 575 prophetica
2271 504 2579 558 testimonia
2611 502 2988 564 enuntiabant,
3032 499 3312 555 Dominum
3351 504 3466 567 vir-

255 603 367 664 νοῖς
393 599 621 653 καὶτῶν
662 599 752 651 ἐπὶ
795 601 898 667 γῆς
924 598 1350 668 ἀναδησάμενος.
1396 598 1504 649 Καὶ
1549 597 1708 649 πάλιν
1747 594 1815 648 τὰ

259 693 357 764 μὲν
386 691 694 762 προφητικὰ
731 690 1003 761 μαρτύρια
1037 692 1330 760 περιεῖχεν,
1352 688 1429 751 ὼς
1462 687 1816 757 ἐνδυσάμενος

254 783 484 853 δύναμιν
525 784 553 834 6
597 782 814 852 Κύριος,
846 780 1144 852 ἐστερέωσε
1184 780 1284 851 τὴν
1325 778 1668 847 οἰκουμένην,
1695 778 1815 847 ἥτις

253 876 315 928 οὐ
346 874 752 943 σαλευθήσεται.
801 871 1101 940 Ἐπιστὼοη
1135 869 1189 921 δὲ
1220 868 1527 929 καὶταῦτα,
1561 869 1647 920 ὅτε
1681 867 1816 938 μετὰ

252 966 313 1019 τὸ
339 964 526 1029 πάθος,
552 964 649 1035 τὴν
675 962 877 1016 οἰκείαν
908 961 1189 1014 ἀπολαϐὼν
1215 960 1458 1031 δύναμιν,
1489 963 1545 1013 ὲν
1575 961 1720 1031 πάσῃ
1749 963 1814 1031 τῇ

252 1058 365 1110 τῶν
423 1056 720 1128 ἀνθρώπων
778 1054 1068 1125 οἰκουμένῃ
1129 1054 1225 1125 τὴν
1284 1054 1608 1124 Ἐκκλησίαν
1652 1051 1816 1107 αὐτοῦ

257 1150 610 1220 ἐστερέωσεν,
642 1151 720 1210 είς
749 1148 811 1200 τὸ
857 1145 1051 1219 μηκέτι
1099 1144 1416 1198 σαλεύεσθαι
1466 1140 1568 1199 ὧδε
1595 1148 1817 1199 κάκεῖσε

249 1240 353 1304 τὰς
391 1240 499 1293 τῶν
530 1238 828 1311 ἀνθρώπων
866 1236 1042 1306 ψυχὰς
1076 1236 1203 1306 περ)⁸
1235 1236 1330 1307 τὴν
1376 1236 1532 1289 ἄθεον
1576 1236 1819 1289 δεισιδαι-

256 1332 446 1402 μονίαν
476 1331 845 1401 πλανωμένας.
873 1330 980 1382 Καὶ
1011 1329 1169 1382 πάλιν
1197 1328 1264 1381 τὰ
1302 1330 1397 1399 μὲν
1428 1328 1515 1381 διὰ
1551 1329 1658 1380 τῶν
1690 1345 1820 1399 προ-
1848 1344 1853 1353 ³

253 1422 441 1494 φητῶν
482 1421 753 1494 μαρτύρια
799 1421 1186 1492 προεφήτευον,
1218 1421 1293 1483 ὡς
1338 1420 1445 1490 ἄρα
1493 1420 1541 1473 oi
1588 1419 1818 1489 ποταμοὶ

249 1514 517 1587 ἔπαροῦσι
551 1513 732 1584 φωνὴν
773 1511 971 1577 αὐτῶν,
1020 1513 1112 1565 καὶ
1157 1511 1302 1565 ἄλλοι
1349 1512 1583 1582 ποταμοὶ
1628 1510 1819 1580 ἀροῦσι

248 1604 350 1668 τὰς
401 1603 698 1673 ἐπι-τρίψεις
731 1601 937 1655 αὐτῶνο
991 1601 1084 1656 καὶ
1123 1600 1290 1654 ταῦτα
1330 1600 1386 1654 δὲ
1434 1600 1501 1654 τὰ
1548 1600 1819 1672 μαρτύρια

250 1693 547 1763 ὲπιστώθη,
587 1694 674 1745 ὅτε
693 1692 832 1746 κατὰ
857 1692 1033 1754 πάσας
1066 1691 1163 1755 τὰς
1208 1691 1531 1761 Ἑκκλησίας
1561 1690 1654 1743 τοῦ
1683 1691 1816 1744 Θεοῦ

252 1789 346 1838 καὶ
385 1787 503 1839 καθ’
529 1787 655 1854 ὅλης
695 1785 791 1855 τῆς
837 1784 1154 1854 οἰκουμένης
1193 1783 1259 1836 τὰ
1307 1783 1481 1855 πλήθη
1516 1784 1622 1835 τῶν
1663 1785 1817 1837 εὐσε-

1916 604 2029 651 tute
2059 596 2306 649 indutum
2338 600 2583 650 ﬁrmasse
2624 596 2809 650 orbem
2842 603 3021 659 teme,
3048 594 3140 664 qui
3183 607 3290 646 non
3322 593 3466 648 ultra

1915 687 2338 742 commovendus
2392 697 2556 742 esset.
2614 686 2817 740 Horum
2866 701 3027 756 porro
3077 687 3276 741 veritas
3314 701 3467 739 com-

1915 764 2139 848 probata
2163 787 2268 841 est,
2309 792 2429 831 cum
2470 787 2589 847 post
2630 779 2961 848 passionem,
3002 777 3218 847 propria
3253 786 3471 847 recepta

1915 876 2134 933 virtute,
2168 886 2263 940 per
2293 878 2468 923 totum
2490 871 2674 924 orbem
2708 869 3002 923 Ecclesiam
3039 870 3268 923 ﬁrmavit
3291 885 3467 931 suam,

1916 971 1976 1016 ut
2009 978 2114 1017 non
2142 963 2281 1015 ultra
2309 969 2781 1016 commoverentur
2803 962 3048 1015 humanae
3072 961 3283 1023 animaz,
3309 962 3471 1032 impia

1918 1052 2303 1122 superstitione
2337 1052 2444 1105 huc
2480 1052 2607 1105 illuc
2641 1052 2980 1105 errabundte.
3015 1050 3321 1120 lterumque
3347 1066 3472 1120 prov

1920 1145 2202 1213 phetarnm
2250 1143 2565 1196 testimonia
2612 1142 3067 1213 praenuntiabant,
3113 1140 3337 1195 ﬁumina
3381 1156 3474 1194 vo-

1917 1248 2033 1288 cem
2066 1235 2360 1295 elevatura,
2405 1234 2619 1303 aliaque
2663 1232 2884 1286 ﬁumina
2923 1232 3118 1287 ﬂuctus
3152 1247 3281 1286 suos
3321 1230 3474 1285 exal-

1917 1331 2096 1377 tatura
2128 1340 2264 1379 esse.
2319 1322 2443 1378 IIan
2497 1331 2676 1377 autem
2733 1323 3043 1376 testimonia
3092 1335 3219 1376 vera
3256 1327 3473 1389 reperta

1916 1424 2066 1478 sunt,
2097 1431 2219 1469 cum
2255 1415 2310 1469 in
2340 1416 2589 1469 omnibus
2632 1413 2728 1469 Dei
2771 1413 3029 1468 Ecclesiis
3073 1428 3136 1467 ac
3168 1428 3264 1483 per
3298 1420 3472 1466 totum

1915 1508 2124 1571 orbem,
2166 1508 2461 1562 secundum
2500 1505 2872 1577 Evangelium,
2916 1513 3090 1558 coetus
3126 1506 3336 1573 piorum
3376 1516 3476 1559 γο-

1917 1613 2009 1653 ces
2033 1599 2329 1668 gratiarum
2359 1599 2611 1662 actionis,
2645 1612 2741 1667 per
2774 1598 3049 1650 orationes
3078 1604 3131 1651 et
3153 1598 3383 1667 hymnos
3407 1596 3475 1649 ad

1917 1685 2085 1740 Deum
2114 1688 2405 1742 emittunt:
2432 1688 2587 1757 queis
2620 1688 2695 1740 illi
2726 1689 2853 1742 olim
2884 1694 3222 1756 arrogantes,
3260 1687 3477 1756 sapien-

1921 1788 2002 1834 tes
2040 1780 2203 1847 hnjus
2238 1780 2443 1844 saeculi,
2482 1779 2705 1844 sublati,
2742 1790 2796 1832 et
2831 1786 3012 1831 tumor
3039 1793 3229 1832 eorum
3260 1777 3478 1831 destru-

252 1875 489 1929 ὁούντων
535 1876 673 1928 κατὰ
721 1876 780 1926 τὸ
806 1874 1130 1943 Εὐαγγέλιον
1175 1875 1387 1945 ἐπαίρει
1434 1874 1614 1942 φωνὰς
1660 1875 1819 1944 εὐχα-

1924 1878 2040 1925 rtus
2069 1878 2151 1926 est
2177 1888 2190 1937 ;
2218 1871 2290 1924 ita
2321 1879 2379 1924 ut
2408 1887 2595 1926 eorum
2630 1872 2971 1943 philosophia
3005 1886 3231 1941 prorsus
3269 1872 3480 1925 exstin-

257 1967 587 2038 ριστηρίους,
621 1967 718 2031 τὰς
744 1967 808 2019 δι’
848 1966 1019 2037 εὐχῶν
1048 1968 1140 2019 καὶ
1181 1965 1514 2036 ὐμνολογιῶν
1553 1966 1658 2018 τῶν
1686 1966 1819 2038 πρὸς

250 2052 347 2106 τὸν
378 2052 507 2105 Θεὸν
538 2053 1016 2125 ἀναπεμπομένας,
1044 2055 1132 2123 ὐφ’
1152 2048 1225 2106 ὧν
1256 2055 1304 2106 οί
1338 2054 1502 2107 πάλαι
1550 2056 1822 2125 ἐπιτριϐό-

259 2161 411 2215 μενοι
441 2146 592 2214 σοφοὶ¹
622 2145 715 2197 τοῦ
754 2146 947 2209 αἰῶνος
975 2146 1163 2199 τούτου
1205 2147 1560 2217 κατῄρηνται,
1602 2148 1696 2200 καὶ
1722 2146 1821 2211 τὰς

252 2236 558 2307 ὲπιτρίψεις
617 2237 795 2291 αὐτῶν
838 2238 1124 2309 περιεῖλον,
1160 2238 1233 2301 ὡς
1268 2240 1445 2292 πᾶσαν
1486 2238 1665 2291 αὐτῶν
1694 2238 1819 2290 σϐε-

252 2327 447 2397 σθῆναι
486 2328 582 2398 τὴν
634 2329 964 2396 φιλοσοφίαν.
996 2331 1148 2383 Κατὰ
1177 2331 1245 2382 τὰ
1298 2329 1437 2382 αὐτὰ
1476 2329 1533 2381 δὲ
1584 2329 1679 2381 καὶ
1722 2329 1822 2391 τὰς

250 2415 444 2481 λοιπὰς
494 2418 602 2470 τῶν
662 2418 1005 2489 προφητειῶν
1066 2422 1394 2490 προρρήσεις
1446 2416 1674 2482 διεξιὼν,
1736 2418 1819 2487 ἐφ’

252 2508 470 2579 ἑκάστῳ
494 2509 752 2579 ἁρμόσεις
795 2510 873 2573 τὸ,
912 2511 985 2563 Τὰ
1014 2508 1303 2579 μαρτύριά
1334 2524 1450 2562 σου
1490 2508 1818 2575 ἐπιστώθη-

252 2616 375 2655 σαν
413 2600 663 2669 σφόδρα.
700 2602 763 2653 Ai
814 2601 912 2671 μὲν
958 2596 1049 2653 οῦν
1092 2601 1199 2654 ἀπὸ
1242 2599 1348 2652 τῶν
1390 2599 1547 2652 θείων
1590 2598 1820 2670 Γραφῶν

256 2689 571 2761 μαρτυρίαι,
623 2688 825 2759 σφόδρα
873 2687 933 2740 τὸ
986 2687 1175 2740 πιστὸν
1228 2688 1478 2759 εἰλήφασι
1508 2686 1593 2740 διὰ
1639 2688 1736 2757 τῆς
1763 2688 1820 2738 ὲν

251 2784 375 2843 ταῖς
398 2780 681 2833 ὲκόάσεσιν
710 2780 990 2850 ὸρωμένης
1021 2778 1276 2847 ἀληθείας
1295 2794 1308 2807 ·
1344 2777 1420 2846 τῷ
1444 2777 1500 2830 δὲ
1538 2776 1670 2847 οἴκῳ
1704 2794 1818 2839 σου,

236 2872 501 2926 ’τουτέστι
540 2873 606 2942 τῇ
664 2869 956 2940 Ἐκκλησία
985 2886 1100 2932 σου,
1147 2868 1295 2921 οὐδὲν
1335 2866 1477 2920 οὕτω
1507 2868 1704 2938 πρέπει
1742 2868 1822 2930 είς

254 2962 317 3014 τὸ
363 2960 722 3031 φυλάττεσθαι
767 2960 933 3030 αὐτὴν
984 2961 1063 3023 είς
1117 2960 1430 3031 μακρότητα
1470 2957 1706 3029 ἡμερῶν,
1748 2957 1823 3021 ὡς

254 3052 553 3123 ἁγιωσύῃ.
596 3051 683 3115 Ὠς
707 3050 815 3122 γὰρ
844 3053 954 3113 τοῖς
995 3050 1311 3121 μαρτυρίοις
1338 3066 1430 3101 σου
1461 3048 1637 3101 οἰκεία
1676 3048 1822 3100 ἐστὶν

1920 1965 2007 2011 cta
2041 1957 2222 2012 fuerit.
2267 1957 2322 2011 Si
2359 1966 2537 2013 autem
2577 1959 2694 2028 pari
2729 1960 2889 2013 modo
2921 1959 3129 2028 reliqua
3171 1959 3481 2028 pmphetia.

1921 2064 2039 2104 rum
2067 2052 2318 2105 vaticinia
2353 2065 2659 2120 percurras,
2695 2052 2923 2120 singulis
2946 2052 3157 2121 aptabis
3191 2050 3347 2115 illud,
3380 2049 3480 2103 Te-

1920 2143 2169 2196 stimonia
2209 2152 2299 2195 tua
2355 2143 2624 2196 credibilia
2671 2145 2815 2211 [acta
2869 2154 2991 2197 sunt
3056 2144 3223 2197 valde.
3290 2144 3480 2213 Itaque

1923 2234 2225 2288 divinarum
2284 2233 2689 2305 Scripturarum
2742 2236 3092 2301 testimonia,
3159 2251 3189 2289 a
3252 2236 3480 2290 veritate

1923 2335 2234 2391 eventuum,
2273 2327 2560 2379 admodum
2596 2325 2873 2380 credibilia
2901 2334 3210 2382 evaserunt.
3250 2325 3478 2379 Domum

1923 2434 2055 2472 vero
2095 2426 2264 2479 tuam,
2303 2417 2354 2470 id
2394 2424 2500 2477 est,
2530 2416 2827 2471 Ecclesiam
2866 2426 3037 2483 tuam,
3073 2417 3205 2471 nihil
3243 2424 3354 2470 tam
3387 2416 3481 2469 de-

1921 2515 2027 2571 cet,
2079 2516 2137 2559 ut
2188 2511 2243 2560 in
2297 2508 2690 2576 longitudinem
2743 2509 2952 2563 dierum
2997 2518 3262 2574 servetur,
3315 2524 3480 2579 quam

1922 2598 2249 2653 sanctitudo.
2277 2597 2431 2652 Sicut
2465 2599 2607 2653 enim
2641 2600 2968 2656 testimoniis
2996 2602 3104 2657 tuis
3137 2601 3353 2672 propria
3390 2616 3482 2656 ve-

1920 2692 2054 2745 ritas
2077 2700 2161 2744 est
2180 2699 2232 2744 et
2259 2690 2424 2757 ﬁdes;
2452 2691 2524 2743 ita
2552 2692 2769 2746 domum
2793 2702 2937 2745 tuatn
2960 2692 3112 2747 decet
3132 2693 3477 2748 sanctitudo:

1922 2783 2024 2836 sub
2055 2782 2215 2850 cujus
2242 2782 2411 2835 tutela
2439 2790 2622 2836 manet
2653 2790 3053 2852 et'perscverat
3099 2785 3150 2838 in
3186 2784 3481 2855 longitudi-

1921 2887 2046 2926 nem
2077 2872 2308 2926 dierum.
2345 2871 2477 2925 Nam
2511 2874 2555 2926 si
2593 2873 2809 2943 quando
2847 2874 3125 2943 contingat
3156 2874 3394 2929 dedecus
3426 2875 3483 2929 in

1923 2962 2086 3016 domo
2128 2969 2219 3014 tua
2257 2962 2505 3032 reperiri,
2541 2977 2604 3015 ac
2651 2966 2770 3018 loco
2802 2964 3131 3027 sanctitatis,
3163 2964 3478 3034 profanum,

1924 3052 2192 3122 impurum
2260 3068 2322 3106 ac
2398 3054 2788 3107 exsecrandum
2844 3054 3054 3111 facinus
3121 3056 3481 3126 deprehendi;

256 3146 291 3217 ἡ
324 3143 552 3215 ἀλήθεια
584 3144 677 3196 καὶ
704 3145 736 3213 ή
775 3142 973 3205 πίστις,
1004 3141 1146 3193 οὕτω
1176 3141 1269 3194 καὶ
1295 3140 1372 3211 τῷ
1400 3142 1535 3210 οῐκῳ
1566 3156 1659 3191 σου
1690 3139 1820 3209 πρέ-

1924 3144 2039 3199 ﬁeri
2072 3155 2248 3199 tamen
2283 3147 2469 3215 nequit
2500 3154 2557 3198 ut
2585 3146 2715 3201 illud
2744 3149 2796 3200 in
2839 3146 3231 3218 longitudinem
3271 3148 3483 3203 dierum

252 3251 349 3290 πει
390 3234 696 3305 ἁγιωσύνη·
729 3228 816 3303 ὐφ’
845 3228 914 3304 ἦς
946 3231 1344 3302 φυλαττόμενος
1395 3231 1546 3302 μένει
1591 3230 1685 3283 καὶ
1724 3246 1820 3283 πα-

1929 3245 2259 3306 perseveret.
2294 3235 2505 3291 Etenim
2538 3236 2606 3301 si,
2637 3236 2780 3307 quod
2817 3239 2997 3292 absit!
3032 3236 3289 3295 indecens
3332 3240 3486 3310 quid-

254 3330 487 3402 ραμενεῖ
525 3327 603 3390 είς
638 3326 948 3397 μακρότητα
978 3323 1217 3396 ἡμερῶν.
1264 3325 1325 3376 El
1375 3323 1482 3394 γάρ
1515 3340 1645 3375 ποτε
1682 3340 1820 3392 συμ-

250 3420 385 3492 ϐαίη
444 3420 745 3491 ἀπρέπειαν
788 3418 845 3469 ἐν
898 3416 974 3488 τῷ
1033 3419 1170 3487 οἴκῳ
1228 3433 1317 3470 σου
1370 3415 1675 3489 εὑρεθῆναι,
1728 3417 1822 3469 καὶ

251 3513 378 3567 ἀντὶ
408 3512 743 3581 ἁγιάσματος
779 3503 1021 3582 βέϐηλον,
1049 3510 1142 3561 καὶ
1171 3508 1499 3579 ἀκάθαρτον.
1522 3507 1616 3560 καὶ
1651 3523 1822 3576 μυσα-

258 3604 359 3678 ραν
392 3602 606 3675 πρᾶξιν,
635 3602 812 3655 οὐκέθ’
833 3600 941 3654 οἷόν
968 3618 1026 3653 τε
1065 3599 1195 3654 αὐτὸ
1228 3602 1305 3662 είς
1347 3600 1661 3671 μακρότητα
1685 3602 1822 3670 ὴμεὲ-

258 3694 370 3767 ρῶν
398 3692 686 3763 διαμένειν.
732 3693 877 3763 Ἐρεῖ
919 3690 1027 3761 γὰρ
1065 3692 1094 3743 6
1120 3691 1177 3742 ὲν
1209 3689 1356 3760 αὐτῷ
1388 3689 1658 3743 κατοικῶν
1689 3689 1819 3752 Θεὸς

255 3786 413 3853 ἆγιος
441 3783 515 3837 ὢν
534 3785 626 3837 καὶ
647 3786 703 3837 ὲν
721 3782 892 3851 ἁγίοις
911 3781 1338 3851 ἀναπαυόμενος,
1366 3780 1421 3851 ἦ,
1451 3780 1480 3832 6
1498 3780 1570 3851 μὴ
1586 3780 1813 3848 γένοιτο,

1929 3328 2072 3397 piam
2099 3336 2153 3381 et
2185 3328 2419 3382 alienum
2447 3328 2500 3381 in
2543 3328 2704 3383 domo
2734 3327 2829 3384 Dei
2863 3330 3321 3401 deprehendatur,
3351 3346 3485 3387 sane

1928 3417 2071 3473 Deus
2097 3419 2149 3472 in
2176 3418 2292 3489 ipsa
2319 3419 2593 3485 habitans,
2625 3420 2718 3491 qui
2747 3430 2972 3477 sanctus
3002 3420 3093 3478 est
3118 3433 3168 3480 et
3197 3425 3249 3478 in
3280 3425 3485 3483 sanctis

1927 3511 2244 3580 requiescit,
2278 3511 2444 3575 dicet,
2491 3510 2623 3567 Ecce
2662 3514 2984 3583 relinquetur
3005 3514 3146 3569 vobis
3178 3516 3362 3570 domus
3401 3531 3488 3571 ve-

1926 3611 2041 3655 stra
2078 3601 2283 3656 deserta
2303 3603 2368 3658 δ’.
2403 3605 2767 3669 Quamobrem
2798 3621 2897 3660 nos
2921 3607 2988 3676 ⁵ίιι
3022 3608 3238 3661 domum
3270 3608 3363 3663 Dei
3402 3609 3487 3662 in-

1924 3707 2163 3761 gressos,
2191 3708 2301 3763 prae
2327 3695 2579 3750 omnibus
2620 3703 2672 3750 et
2711 3712 2876 3766 super
2913 3699 3094 3751 omnia
3126 3699 3402 3755 sanctitati
3430 3707 3487 3756 et

1922 3789 2292 3853 temperantia:
2320 3785 2541 3841 studere
2572 3795 2806 3857 oportet.

253 3877 503 3950 ἀπρεπές
534 3895 588 3931 τι
616 3879 709 3932 καὶ
739 3878 1015 3948 ἀλλότριον
1042 3876 1376 3947 ἁγιάσματος
1406 3878 1530 3948 περὶ
1561 3877 1652 3929 τὸν
1674 3873 1821 3930 οἷκον
1855 3878 2019 3931 αὐτοῦ
2054 3876 2307 3952 εὐρηθείη
2352 3883 2499 3947 ποτὲ,
2545 3883 2622 3947 τὸ,
2662 3883 2818 3937 Ἰδοὺ
2858 3886 3089 3954 ἀφίεται
3138 3887 3278 3957 ὑμῖν
3334 3891 3367 3941 ό
3403 3884 3489 3941 οἷ-

252 3992 363 4039 κος
395 3973 562 4043 ὑμῶν
598 3973 830 4043 ἕρημος.
863 3972 951 4025 Διὸ
978 3972 1157 4043 δεήσει
1178 3973 1323 4044 ἡμᾶς
1352 3972 1457 4044 πρὸ
1483 3972 1699 4025 πάντων
1726 3974 1817 4027 καὶ
1844 3974 1981 4046 ὑπὲρ
2016 3976 2228 4029 πάντων
2276 3975 2600 4049 φροντίζειν,
2650 3979 2913 4043 είσιόντας
2947 3982 3021 4043 είς
3086 3979 3175 4034 τὸν
3214 3976 3359 4034 οἷκον
3398 3977 3484 4035 τοῦ

250 4068 416 4135 Θεοῦ,
449 4068 716 4140 ἀγιασμοῦ
744 4071 834 4122 καὶ
862 4069 1227 4140 σωφροσύνης.

309 4188 601 4244 YAAMOX
653 4189 739 4260 Τῼ
791 4188 1005 4326 ΔΛΥΙῒ
1020 4188 1340 4313 F'I'ETPAAI
1401 4188 1775 4241 ΣΛΒΒΑΤΩΝ.

330 4376 477 4443 Θεὸς
525 4373 894 4443 ἐκδικήσεων
944 4375 1198 4443 Κύριος,
1259 4373 1393 4440 Θεὸς
1454 4373 1825 4444 ἐκδικήσεων

1930 4187 2248 4244 I’SALMUS
2323 4188 2582 4257 DAVIDI,
2625 4191 2935 4319 X%Iiil.i\RTA
3002 4192 3483 4255 SABBATORUM.

1999 4370 2162 4428 Vens.
2197 4372 2248 4426 1.
2292 4373 2429 4427 Deus
2461 4374 2721 4429 ullionum
2753 4376 3031 4443 Dominus,
3062 4378 3199 4433 Deus
3226 4380 3489 4435 ultionum

251 4438 763 4537 ἐπαρῤησιάσατο.
853 4438 1243 4537 Ἀνεπίγραφος
1318 4438 1414 4536 μέν
1488 4467 1603 4519 ἐστι
1650 4438 1820 4536 ’παρ’

1927 4438 2086 4517 libere
2116 4464 2238 4534 egit.
2259 4463 2359 4518 Hic
2397 4466 2640 4535 psalmus
2671 4468 2812 4536 apud
2842 4438 3097 4524 Hebraeos
3136 4470 3488 4541 inscriptione

267 4559 539 4630 Ἑϐραίοις
587 4561 616 4611 6
665 4558 897 4629 ψαλμὸς,
950 4560 1189 4630 περιέχει
1239 4559 1295 4611 δὲ
1342 4558 1681 4630 παράκλησιν
1728 4558 1822 4611 καὶ

260 4650 612 4721 παραμυθίαν
647 4649 753 4703 τῶν
790 4650 929 4703 κατὰ
960 4650 1049 4703 τὸν
1093 4651 1203 4720 βίον
1230 4651 1318 4703 τὸν
1347 4650 1614 4703 ἐνεστῶτα
1636 4649 1825 4702 διωκο-

265 4741 440 4811 μένων
472 4740 565 4792 καὶ
595 4738 1075 4809 καταπονουμένων
1107 4740 1385 4804 εὐσεϐείας
1414 4741 1593 4803 ἕνεκα,
1630 4732 1706 4793 ὧν
1733 4739 1826 4792 καὶ

264 4831 363 4901 τὴν
413 4831 575 4902 εὐχὴν
627 4830 970 4895 ὑποκαταϐὰς
1034 4831 1231 4902 τίθησι.
1282 4831 1576 4903 Προτάττει
1623 4831 1679 4883 δὲ
1728 4831 1828 4901 τῆς

265 4919 432 4991 εὐχῆς
467 4921 561 4991 τὴν
590 4918 929 4990 παράκλησιν
962 4918 1052 4971 καὶ
1078 4918 1172 4989 τὴν
1204 4919 1551 4990 παραμυθίαν
1582 4919 1824 4991 προλαμ-

265 5012 443 5067 ϐάνων
464 5010 560 5083 τὴν
579 5012 757 5082 δέησιν
782 5012 887 5065 τῶν
915 5012 1252 5082 διωκομένων
1280 5013 1372 5065 καὶ
1403 5012 1823 5084 προθεραπεύων

258 5103 443 5158 αὐτῶν
480 5104 604 5167 τοὺς
632 5104 844 5167 πόνους,
870 5103 1050 5175 ἔργοις
1079 5120 1136 5155 τε
1162 5103 1425 5175 παριστὰς
1452 5104 1824 5175 πληρούμενον

261 5198 350 5263 ἐπ’
389 5196 568 5260 αὐτοῖς
616 5196 697 5260 τὸ,
751 5197 877 5249 Ἔτι
924 5196 1259 5262 λαλοῦντός
1303 5211 1419 5249 σου
1459 5195 1568 5264 ἐρῶ
1592 5213 1605 5226 ·
1670 5196 1821 5251 Ἰδοὺ

261 5289 520 5357 πάρειμι.
552 5287 810 5360 Θαρσεῖτε
847 5288 1149 5360 τοιγαροῦν,
1184 5282 1229 5342 ὦ
1272 5281 1435 5350 οὗτοι,
1477 5289 1673 5359 φησίνο
1710 5288 1823 5342 ἔστι

260 5382 373 5451 γὰρ
405 5384 434 5435 6
465 5380 685 5452 Κύριος,
720 5382 803 5449 ἐφ’
825 5381 883 5433 ὃν
909 5382 1191 5451 ἠλπίσατε,
1221 5380 1408 5452 ὥσπερ
1440 5380 1569 5444 Θεὸς
1599 5381 1821 5451 ποιητὴς

264 5474 361 5528 καὶ
414 5473 546 5537 Θεὸς
596 5472 944 5545 δημιουργὸς,
994 5476 1087 5527 καὶ
1134 5473 1266 5537 Θεὸς
1317 5473 1519 5545 σωτὴρ,
1569 5474 1661 5526 καὶ
1692 5472 1822 5536 Θεὸς

263 5563 576 5636 εὐεργέτης,
621 5566 714 5619 καὶ
758 5565 888 5628 Θεὸς
937 5565 1145 5635 κριτὴς,
1202 5565 1294 5618 καὶ
1333 5564 1464 5629 Θεὸς
1507 5564 1684 5636 πατὴρ
1716 5564 1824 5618 τῶν

264 5657 581 5729 οίκτιρμῶν,
612 5656 705 5711 καὶ
734 5656 864 5721 Θεὸς
895 5656 1069 5721 πάσης
1103 5656 1513 5727 παρακλήσεως,
1551 5655 1821 5729 μακρόθυ-

338 5818 384 5850 δ’
422 5814 554 5873 Luc.
590 5832 687 5872 xm
715 5858 730 5883 ,
766 5816 857 5874 '55.
931 5818 977 5850 ”
1017 5818 1117 5873 lsa.
1155 5834 1320 5886 Lvm,
1359 5820 1411 5877 9.

550 5913 816 5975 ΡΑτιιοι..
850 5914 967 5977 Gn.
1014 5915 1244 5976 XXIII.

1926 4564 2096 4633 caret,
2129 4556 2553 4611 consolationem
2602 4566 2782 4611 autem
2817 4566 2871 4612 et
2900 4560 3142 4613 levamen
3175 4561 3490 4631 complecti-

1927 4656 2017 4701 tur
2046 4663 2144 4717 pro
2164 4648 2231 4702 iis
2259 4650 2350 4717 qui
2376 4649 2428 4702 in
2445 4650 2695 4718 praisenti
2723 4653 2832 4705 vita
2854 4651 3071 4721 pietatis
3092 4667 3257 4708 causa
3282 4669 3488 4708 vexan-

1930 4749 2019 4792 tur
2048 4747 2102 4792 et
2133 4738 2463 4809 alﬁignntur,
2494 4756 2726 4811 quorum
2769 4740 2894 4795 item
2925 4741 3225 4798 orationem
3257 4744 3486 4801 inferius

1929 4831 2236 4902 consignat.
2271 4831 2517 4887 Orationi
2546 4849 2675 4887 vero
2701 4834 3129 4889 consolationem
3158 4844 3212 4890 et
3243 4838 3487 4893 levamen

1930 4924 2230 4995 praemittit,
2289 4940 2316 4977 a
2351 4924 2751 4994 supplicatione
2793 4940 2980 4979 eorum
3004 4926 3095 4997 qui
3148 4916 3488 4997 persecutio-

1929 5031 2051 5070 nem
2070 5015 2351 5084 patiuntur
2367 5030 2548 5079 orsus,
2572 5031 2868 5086 eorumque
2898 5018 3054 5073 malis
3077 5020 3372 5075 remedium
3392 5022 3488 5076 ad-

1933 5120 2153 5160 movere
2177 5121 2473 5177 occupans,
2500 5107 2889 5179 declaransque
2912 5124 3075 5178 opere
3112 5112 3389 5182 impletum
3422 5116 3486 5167 il-

1929 5196 2020 5251 lud
2036 5212 2177 5261 esse,
2200 5197 2383 5250 Adhuc
2405 5208 2451 5252 te
2467 5199 2702 5268 loquente
2716 5200 2886 5254 dicam
2907 5200 3074 5256 :Ecce
3101 5203 3287 5256 adsum
3304 5203 3370 5259 “.
3394 5203 3484 5255 Ait

1929 5288 2132 5357 itaque,
2168 5287 2444 5352 Heusvos,
2476 5291 2763 5347 conﬁdite:
2794 5292 2946 5348 adest
2974 5295 3173 5364 quippe
3199 5292 3482 5357 Dominus.

1925 5381 1985 5434 in
2019 5396 2178 5450 quem
2226 5384 2509 5451 sperastis,
2540 5392 2725 5453 utpote
2758 5383 2899 5439 Deus
2929 5387 3131 5455 opifex,
3164 5384 3306 5441 Deus
3330 5400 3485 5440 crea-

1926 5480 2035 5536 tor,
2082 5471 2226 5529 Deus
2264 5486 2527 5539 servator,
2580 5475 2721 5531 Deus
2771 5476 3069 5540 beneﬁcus,
3115 5476 3259 5534 Deus
3295 5478 3483 5548 judex,

1931 5562 2072 5620 Deus
2102 5576 2254 5636 pater
2288 5567 2813 5637 misericordiarum,
2839 5568 2982 5625 Deus
3014 5570 3183 5625 totius
3231 5571 3484 5627 consola-

1929 5657 2115 5726 tionis,
2164 5659 2403 5717 tolerans
2448 5669 2502 5719 ct
2548 5663 2776 5718 multum
2823 5656 3166 5726 misericors:
3201 5662 3486 5733 placabilis

3093 5916 3171 5977 33
