3974 6548
566 373 703 431 U95

1241 368 1510 428 EUSEBII
1543 365 2015 424 CESABlENSIS
2052 335 2217 420 01⁵9..
2244 361 2421 417 PARS
2449 361 2547 417 'lll.
2586 390 2656 402 -—
2692 356 3099 415 EXEGETICA.

3602 341 3701 416 ius

564 508 737 566 super.
780 504 1021 565 peccata,
1066 494 1154 549 cui
1187 499 1457 548 sexcentze
1498 493 1619 548 alia:
1645 490 1841 546 divine
1878 489 2121 544 rationes

2233 486 2323 556 μός
2350 503 2408 538 τε
2441 484 2537 537 καὶ
2579 482 2863 545 πολυέλεος
2894 480 2988 534 καὶ
3021 478 3292 551 μετανοῶν
3318 480 3404 532 ἐπὶ
3431 481 3535 542 ταῖς
3572 482 3705 554 ἀμαρι

564 590 910 654 competunt;
943 590 1104 653 atque
1136 585 1208 635 ita
1250 582 1363 652 jam
1413 580 1555 636 Deus
1595 582 1864 636 ultionum
1899 581 2121 636 dicitur.

565 676 765 733 Curam
795 674 939 729 enim
966 673 1129 726 habet
1162 685 1509 742 eorum,qua:
1538 671 1591 724 in
1621 672 1774 727 caelis
1808 670 2036 740 θηρίου,
2071 670 2125 722 in

564 762 761 835 terra,1
792 770 1077 833 geruntur,
1108 764 1180 817 ita
1209 769 1268 817 ut
1293 761 1511 832 dignam
1553 762 1812 816 ultionem
1849 760 1916 815 de
1947 761 2127 830 inique

566 851 848 923 agentibus
903 861 1104 915 sumat,
1142 851 1291 921 juste
1336 850 1586 920 judicet,
1632 865 1753 905 reos
1802 851 2018 920 plectat,
2064 864 2129 903 ac

564 943 765 1011 cuique
815 941 1019 996 tribuat
1050 942 1349 997 secundum
1384 956 1546 1010 opera
1576 956 1695 995 sua.
1724 940 1990 995 Conﬁdite
2029 940 2130 1010 ἱεὶς-

566 1043 675 1096 tur,
726 1032 904 1088 edocti
958 1049 1055 1087 vos
1117 1032 1284 1088 Deum
1336 1033 1601 1087 ultionum
1649 1032 1899 1086 habere:
1950 1039 2131 1086 vester

564 1123 767 1192 quippe
807 1121 973 1184 Deus,
1018 1122 1283 1177 ultionum
1330 1121 1472 1176 Deus
1520 1138 1641 1176 esse
1671 1122 1829 1176 solet.
1859 1119 1923 1173 Et
1959 1120 2127 1195 quod,

566 1223 751 1285 utpote
782 1213 925 1269 Deus
959 1214 1150 1268 vindex
1173 1228 1362 1268 eorum
1391 1214 1480 1283 qui
1518 1213 1807 1279 laeduntur,
1837 1227 1959 1266 cum
1994 1213 2131 1267 ﬁdu-

566 1306 652 1360 cia
686 1314 839 1374 agat;
871 1304 1104 1373 idipsum
1136 1305 1280 1358 clare
1308 1313 1509 1358 etcum
1538 1303 1734 1357 ﬁducia
1773 1319 1868 1373 per
1899 1302 2130 1375 prophe-

566 1405 653 1451 tas
685 1412 815 1453 suos
860 1397 1231 1466 deprzedicat:
1281 1403 1442 1465 atque
1495 1395 1576 1449 sic
1620 1394 1739 1464 ejus
1782 1395 2131 1463 providentiae

568 1490 706 1543 ratio
732 1489 1000 1554 eonsnstit,
1033 1503 1136 1557 qua
1165 1487 1311 1557 juste
1343 1493 1398 1540 et
1432 1489 1706 1555 sapienter
1735 1486 1917 1540 omnia
1957 1484 2131 1539 admi-

566 1580 785 1636 nistrat.
816 1578 874 1634 ln
916 1580 1018 1634 hac
1043 1580 1258 1649 quidem
1290 1580 1398 1634 vita
1445 1581 1615 1636 solem
1643 1594 1801 1634 suum
1840 1578 1971 1632 oriri
2002 1576 2131 1631 facit

569 1689 735 1745 super
762 1674 943 1743 justos
987 1680 1039 1728 et
1090 1672 1342 1742 injustos,
1375 1687 1439 1726 ac
1471 1672 1609 1741 pluit
1654 1687 1816 1742 super
1855 1672 2130 1741 improbos

569 1776 623 1820 et
658 1767 851 1829 bonos,
884 1772 1046 1834 atque
1076 1763 1220 1818 bona
1272 1778 1371 1819 sua
1417 1763 1698 1832 aequaliter
1745 1763 1995 1817 omnibus
2026 1763 2129 1814 im-

569 1858 765 1927 pertit;
800 1856 894 1911 sed
930 1856 1249 1926 congruenti
1279 1862 1523 1924 tempore
1559 1853 1701 1909 Deus
1734 1854 1995 1908 ultionum
2022 1852 2132 1907 elli-

570 1949 765 2012 cietur,
801 1948 1020 2018 quando
1054 1948 1377 2019 promeritus
1425 1962 1613 2018 poenas
1645 1947 1715 2001 ab
1747 1947 1815 2002 iis
1847 1945 1937 2017 qui
1968 1946 2131 2000 bene-

570 2041 711 2096 ﬁciis
741 2041 859 2111 ejus
887 2056 996 2095 non
1028 2048 1177 2096 recte
1204 2047 1332 2096 sunt
1359 2041 1444 2095 usi
1475 2048 1711 2111 expetet.

639 2269 809 2359 Vens.
840 2303 957 2359 2-4.
1012 2303 1286 2372 Exaltare,
1330 2307 1420 2375 qui
1459 2304 1674 2374 judicas
1716 2315 1933 2364 terram,
1981 2304 2135 2359 redde

576 2388 971 2441 retributionem
1010 2388 1265 2456 superbis.
1329 2387 1603 2459 Usquequo
1656 2400 1971 2458 peccatores,
2030 2388 2136 2443 Do-

572 2481 735 2542 mine,
767 2496 1027 2551 usquequo
1058 2491 1353 2548 peccatores
1385 2481 1786 2552 gloriabuntur?
1818 2480 2137 2549 E/fabuntur

568 2581 620 2623 et
647 2569 919 2639 loquentur
941 2571 1283 2637 iniquitatem,
1312 2572 1584 2641 loquentur
1604 2587 1778 2626 omnes
1806 2572 1892 2641 qui
1915 2586 2137 2639 operan-

576 2670 664 2713 tur
696 2661 1052 2729 injustitiam.’
1087 2660 1324 2731 Spiritus
1363 2661 1579 2731 quidem
1618 2669 1841 2717 sanctus
1887 2662 1972 2716 vel
2014 2670 2138 2716 ante

575 2758 877 2807 orationem
912 2753 1225 2823 prophetico
1253 2753 1664 2824 responsionem
1694 2753 1825 2814 edit,
1854 2752 1983 2807 illud
2014 2768 2140 2824 pro-

575 2843 719 2899 ferre
747 2859 1022 2915 occupans
1043 2846 1188 2914 quod
1211 2855 1333 2916 post
1351 2845 1651 2900 orationem
1678 2844 1968 2915 dicendum
1987 2852 2136 2913 erat;

578 2933 742 3005 idque
769 2950 837 2990 ex
872 2936 1207 3005 praescientia
1229 2951 1417 2991 eorum
1449 2950 1569 3006 qua:
1592 2936 1644 2989 in
1675 2936 1919 2992 oratione
1952 2935 2138 2990 dicen-

509 3062 515 3067 -
576 3023 647 3079 da
685 3034 859 3081 erant.
888 3025 1252 3093 Quamobrem
1283 3026 1392 3081 duo
1425 3027 1677 3083 versiculi
1726 3028 2139 3098 responsionem

578 3117 750 3172 sancti
781 3115 1016 3187 Spiritus
1044 3118 1278 3173 orationi
1309 3128 1693 3187 congruentem
1720 3119 2140 3188 conipleclentes

578 3210 843 3281 praemissi
902 3217 1049 3265 sunt.
1080 3208 1216 3263 Nam
1256 3223 1377 3279 qua:
1420 3208 1488 3262 ad
1533 3210 1980 3279 supplicationem
2026 3209 2136 3264 Deo

577 3303 833 3359 emissam
858 3301 1110 3363 attinent,
1143 3301 1209 3353 ab
1239 3299 1343 3354 hoc
1373 3299 1541 3364 dicto,
1575 3300 1851 3365 Exaltare,
1882 3302 1973 3373 qui
1984 3301 2138 3370 judi-

577 3411 668 3447 cas
700 3403 917 3456 terram,
951 3390 1234 3446 exordium
1266 3391 1485 3445 habent.
1518 3392 1608 3444 Ait
1646 3406 1774 3461 ergo
1807 3390 2130 3462 Scriptura;

579 3485 656 3540 Ex
680 3500 787 3555 quo
822 3484 1100 3539 hominum
1133 3498 1304 3553 genus
1355 3498 1476 3537 esse
1504 3484 1685 3552 coapit,
1715 3491 2026 3552 peccatores
2048 3486 2138 3556 ju-

580 3579 680 3632 stis
712 3575 1003 3647 praevalere
1029 3582 1333 3644 cmperunt,
1368 3573 1572 3628 utCain
1603 3574 1775 3639 Abeli,
1809 3582 1864 3628 et
1895 3582 2135 3646 tempore

578 3669 766 3723 diluvii
801 3668 1043 3738 gigantes
1071 3667 1191 3722 aliis
1223 3680 1408 3720 secum
1437 3666 1817 3728 versantibus;
1846 3666 1953 3722 imo
1974 3667 2136 3721 etiam

579 3760 721 3816 Esau
753 3758 977 3822 Jacobo,
1008 3756 1243 3828 Josepho
1278 3757 1473 3813 fratres
1500 3758 1639 3827 ejus.
1667 3758 1744 3811 Ac
1776 3758 1823 3813 si
1855 3759 1927 3811 ita
1954 3757 2139 3813 subsc-

578 3850 799 3920 quentia
840 3856 1080 3917 tempora
1111 3862 1421 3918 percurras,
1468 3848 1523 3901 in
1558 3847 1787 3917 singulis
1828 3845 2137 3916 generatio-

578 3944 739 3997 nibus
774 3950 1087 4012 peccatorcs
1112 3948 1302 3995 contra
1328 3940 1507 4009 justos
1544 3938 1822 4007 insurgere
1843 3936 2139 4007 deprehen-

577 4034 697 4091 des.
744 4032 1057 4104 Usquequo,
1091 4032 1335 4094 Domine,
1373 4031 1485 4084 bmc
1528 4028 1729 4084 erunt?
1758 4027 2048 4099 Usquequo
2082 4028 2136 4081 in

578 4134 782 4181 tantam
828 4126 1137 4196 superbiam
1192 4131 1502 4193 peccatores
1548 4124 1840 4192 erigentur,
1867 4122 2008 4176 utin
2039 4122 2138 4175 im-

580 4220 875 4289 pietatibus
903 4220 1018 4272 suis
1042 4218 1377 4288 glorientur;
1402 4230 1577 4284 neque
1608 4222 1757 4285 gesta
1776 4229 1872 4268 sua
1897 4221 2135 4279 taceant,

578 4328 757 4384 neque
804 4313 1062 4369 malitiam
1096 4312 1370 4366 occultent
1409 4326 1599 4376 suam;
1631 4310 1723 4364 sed
1758 4311 2050 4379 loquantur
2082 4310 2137 4364 in

578 4405 932 4475 omniumque
974 4405 1202 4459 auribus
1240 4403 1539 4473 injustitias
1560 4402 1785 4456 elTerant
1818 4417 1948 4457 suas
1978 4402 2001 4454 ?
2029 4400 2137 4456 Us-

2226 579 2385 643 τίαις,
2411 577 2505 630 καὶ
2538 576 2700 639 ἄλλοις
2718 574 2921 646 »μορίας
2950 573 3086 643 ἔχων
3120 571 3304 633 θεῖκὰς
3336 570 3580 635 ἐπινοίας·
3608 573 3711 626 οὕτω

2228 672 2319 724 καὶ
2352 669 2483 732 Θεὸς
2516 668 2865 736 ὲκδικήσεων.
2915 665 3081 718 Μέλει
3120 665 3225 737 γὰρ
3269 662 3408 733 mihi?)
3448 663 3546 715 τῶν
3572 665 3618 715 ὲν
3648 667 3713 717 οὺ-

2231 764 2409 835 ρανοῖς
2461 758 2866 831 πραττομένων,
2892 757 2967 821 ὡς
3008 758 3104 811 καὶ
3131 756 3283 825 δίκην
3311 755 3404 825 τὴν
3430 754 3569 818 ἀξίαν
3605 758 3717 829 παρὰ

2227 854 2333 906 τῶν
2378 850 2699 905 ἀδικούντων
2746 849 3182 922 εἰσπράττεσθαι,
3217 848 3418 918 κρίνειν
3456 865 3509 901 τε
3550 849 3719 911 δικαίως

2229 945 2321 998 καὶ
2350 943 2597 1008 κολάζειν
2623 942 2714 1007 οὒς
2749 943 2848 1005 δεῖ,
2884 941 3194 995 ἀποδιδόναι
3221 957 3279 993 τε
3311 940 3511 1009 ἑκάστῳ
3537 941 3651 993 κατὰ
3670 942 3720 993 τὰ

2228 1035 2365 1106 ἔργα
2407 1034 2589 1088 αὐτοῦ.
2621 1035 2880 1104 Θαρσεῖτε
2920 1030 3205 1103 τοιγαροῦν
3238 1029 3507 1100 μαθόντες,
3536 1032 3603 1083 ὅτι
3626 1032 3721 1084 Θεὸν

2229 1128 2379 1198 ἔχετε
2412 1127 2774 1195 ὲκδικήσεων’
2824 1125 3031 1194 πέφυκε
3074 1122 3183 1195 γὰρ
3230 1119 3366 1174 εἶναι
3401 1121 3520 1183 Θεὸς
3568 1122 3728 1193 ἐκδικήο

2232 1235 2367 1271 σεων
2404 1221 2431 1271 6
2478 1219 2739 1288 ὑμέτερος
2773 1216 2922 1279 Θεὸς,
2956 1216 3049 1268 καὶ
3082 1215 3159 1285 τῷ
3195 1213 3493 1284 παρρησίαν
3520 1213 3645 1281 ἄγειν
3672 1213 3726 1276 ὼς

2230 1308 2359 1372 Θεὸς
2400 1309 2607 1372 ἔκδικος
2662 1308 2766 1360 τῶν
2816 1306 3200 1376 ἀδικουμένων,
3255 1304 3535 1377 διαρρήδην
3580 1321 3625 1355 τε
3662 1306 3727 1355 καὶ

2234 1401 2370 1474 μετά
2410 1400 2713 1473 παρρησίας
2766 1399 2921 1452 τοῦτο
2976 1398 3063 1451 διά
3109 1397 3219 1451 τῶν
3287 1394 3444 1450 αὐτοῦ
3499 1397 3729 1466 προφητῶν

2230 1492 2504 1565 κηρύττει·
2541 1491 2684 1545 οὓτω
2706 1490 2834 1560 γοῦν
2861 1490 3024 1545 αὐτοῦ
3048 1490 3137 1543 καὶ
3169 1490 3196 1541 6
3231 1490 3361 1559 περ)⁸
3395 1490 3617 1557 προνοίας
3641 1505 3729 1539 συν-

2233 1586 2440 1639 ίσταται
2476 1584 2650 1652 λόγος,
2700 1583 2820 1638 καθ’
2859 1583 2925 1654 ἥν
2968 1583 3191 1646 δικαίως
3220 1583 3317 1635 καὶ
3348 1581 3514 1649 σοφῶς
3536 1580 3593 1633 τά
3632 1580 3729 1648 σύμ-

2231 1693 2409 1730 παντα
2450 1676 2657 1728 διοικεῖ.
2712 1674 2863 1738 Τέως
2923 1674 3019 1745 μὲν
3050 1674 3191 1727 κατά
3227 1672 3321 1726 τὸν
3363 1672 3604 1725 ἐνεστῶτα
3635 1670 3729 1739 βίον.

2231 1767 2532 1823 ἀνατέλλων
2557 1766 2646 1820 τὸν
2678 1765 2828 1837 ἥλιον
2857 1765 3020 1820 αὑτοῦ
3044 1765 3138 1817 ἐπὶ
3170 1764 3410 1827 δικαίους
3443 1764 3525 1816 καὶ
3553 1762 3729 1823 ἀδίκους,

2232 1858 2326 1910 καὶ
2375 1856 2582 1928 βρέχων
2633 1856 2724 1908 ἐπὶ
2756 1854 3024 1925 πονηροὺς
3053 1856 3145 1908 καὶ
3189 1854 3445 1923 ἀγαθοὺς,
3487 1851 3540 1916 ἐξ
3581 1851 3729 1903 [mre

2231 1950 2342 2010 τοῖς
2370 1949 2503 2000 πᾶσι
2562 1945 2629 1999 τὰ
2677 1944 2843 1998 αὑτοῦ
2892 1944 3141 2016 παρέχων
3173 1944 3383 2012 ἀγαθὼ
3429 1942 3554 1995 κατὰ
3593 1940 3730 2013 καιρὸν

2230 2037 2287 2090 δὲ
2326 2038 2414 2091 τὸν
2459 2037 2801 2108 προσήκοντα
2849 2036 2983 2098 Θεὸς
3025 2034 3355 2104 ὲκδικήσεων
3388 2033 3647 2103 γινόμενος,
3669 2033 3729 2082 ὅτε

2233 2127 2326 2181 καὶ
2351 2127 2451 2199 τὴν
2498 2126 2811 2197 πρέπουσαν
2852 2125 3006 2196 δίκην
3045 2124 3192 2196 παρά
3222 2125 3332 2177 τῶν
3361 2124 3435 2195 μὴ
3473 2122 3626 2184 καλῶς
3650 2124 3730 2181 ταῖς

2234 2219 2571 2290 εὐεργεσίαις
2602 2218 2764 2273 αὐτοῦ
2793 2217 3143 2289 κεχρημένων
3175 2215 3537 2287 εἰσπράξεται.

2317 2309 2373 2362 Ὺ
2372 2308 2573 2379 ύτῦθητ
2578 2326 2597 2362 ι
2643 2311 2674 2362 ό
2708 2309 2929 2376 κρίνων
2960 2306 3075 2375 τὴν
3103 2305 3242 2376 γῆν,
3277 2306 3497 2371 ἀπόδος
3533 2302 3730 2357 ἀντεῖχέ·

2234 2402 2408 2457 δοσιν
2456 2398 2575 2464 τοῖς
2617 2397 3040 2467 ὑπερηφάνοις.
3076 2400 3228 2465 Ἕως
3276 2400 3420 2451 πότε
3450 2396 3728 2466 ἀμαρτωλίὶ,

2235 2488 2568 2559 Κύριε,ςὲως
2596 2488 2739 2541 πότε
2778 2487 3110 2557 ἁμαρτωλοὶ
3151 2487 3575 2558 καυχήσονταις
3606 2482 3731 2550 «ME-r-

2236 2581 2445 2646 ξονται
2477 2580 2574 2633 καὶ
2604 2580 2989 2646 λαλήσουσιν
3011 2579 3268 2647 ἀδικίαν,
3292 2578 3610 2647 ,λαλήσουσι
3628 2576 3731 2628 πάν-

2236 2690 2334 2738 τες
2363 2676 2417 2726 οὶ
2457 2670 2823 2741 ἐργαζόμενοι
2856 2671 3130 2736 ἀδικίαν;
3163 2672 3240 2727 Τδ
3283 2674 3380 2745 μὲν
3420 2672 3547 2725 θεῖον
3572 2669 3731 2738 Πνεῦμα

2238 2764 2587 2836 προφητικῶς
2607 2764 2698 2816 καὶ
2725 2764 2849 2833 περὶ
2875 2764 2972 2835 τῆς
2995 2764 3159 2834 εὐχῆς
3180 2764 3281 2836 τὴν
3310 2763 3578 2835 ἀπόκρισιν
3603 2762 3731 2829 Enati,-

2240 2874 2368 2911 σατο
2405 2856 2669 2927 προλαῶν
2695 2857 2756 2910 τὸ
2777 2856 2965 2927 μέλλον
2993 2855 3327 2927 ῥηθήσεσθαι
3363 2856 3495 2927 μετά
3515 2856 3597 2926 τὴν
3619 2852 3731 2920 εὐχὴν

2238 2952 2324 3005 διὰ
2365 2950 2464 3022 τὴν
2514 2951 2817 3020 πρόγνωσιν
2864 2950 2971 3003 τῶν
3007 2949 3064 3001 ὲν
3107 2952 3172 3020 τῇ
3209 2951 3346 3021 εὐχῇ
3387 2949 3729 3021 περιεχομένων.

2239 3044 2437 3114 Διόπερ
2468 3044 2519 3095 οἱ
2569 3042 2662 3095 δύο
2717 3044 3100 3113 προετάγησαν
3152 3044 3328 3113 στίχοι
3375 3041 3470 3113 τὴν
3513 3040 3731 3113 ἀπόκρισιν

2239 3135 2584 3207 περιέχοντες
2613 3133 2706 3187 τοῦ
2765 3134 2920 3202 ἁγίου
2969 3133 3307 3204 Πνεύματος,
3342 3134 3439 3206 τὴν
3468 3133 3730 3204 ἁρμόζονται

2239 3230 2305 3298 τῇ
2342 3226 2730 3298 προσευχῇ.Τά
2747 3242 2806 3278 τε
2843 3225 2947 3296 μὴν
2973 3227 3073 3297 τῆς
3109 3214 3389 3298 ἱκετηρίας
3420 3227 3509 3297 τῆς
3544 3225 3650 3295 πρὸς
3672 3221 3731 3273 τι»

2241 3317 2370 3371 Θεὸν
2401 3318 2508 3370 ἀπὸ
2534 3316 2650 3380 τοῦ,
2696 3317 2975 3385 ’Υψώθητι
3009 3321 3042 3371 ὀ
3081 3318 3307 3385 κρίνων
3344 3317 3456 3387 τὴν
3481 3316 3597 3387 γῆν,
3621 3315 3730 3386 ἀρχε-

2240 3426 2347 3463 ται.
2378 3410 2514 3477 Φησὶ
2537 3409 2713 3461 τοίνυν
2745 3411 2772 3461 6
2805 3409 2973 3477 Λόγος
2998 3424 3011 3438 ·
3061 3410 3176 3479 Ἀφ’
3203 3406 3379 3482 οὗπερ
3422 3413 3446 3463 ὁ
3469 3410 3564 3462 τῶν
3586 3404 3730 3475 ἀνθρώ-

2242 3512 2359 3550 πων
2388 3496 2588 3567 ἦρξα-το
2636 3497 2951 3551 συνεστάναι
2998 3495 3130 3567 βίος,
3175 3499 3287 3553 ἀπὸ
3330 3500 3449 3553 τότε
3490 3492 3729 3568 ἁμαρτωλοὶ

2241 3588 2548 3658 κατισχύειν
2574 3587 2682 3641 τῶν
2706 3587 2923 3641 δικαίων
2948 3589 3176 3660 ἢρξαντο
3194 3608 3206 3619 ·
3235 3591 3313 3654 ὡς
3335 3592 3468 3646 Κὰῖν
3492 3589 3574 3642 τοῦ
3598 3575 3726 3647 ’Μελ

2240 3680 2335 3734 καὶ
2361 3683 2408 3734 οί
2432 3681 2523 3735 ἐπὶ
2539 3680 2633 3733 τοῦ
2668 3679 3049 3751 κατακλυσμοῦ
3083 3680 3339 3750 γίγαντες
3370 3682 3474 3736 τῶν
3494 3683 3545 3735 ὲν
3570 3680 3725 3739 αὑτοῆ

2242 3774 2376 3828 ἀλλά
2402 3775 2495 3828 καὶ
2535 3772 2704 3827 Ἦσαῦ
2736 3772 2830 3827 τοῦ
2875 3772 3087 3837 Ἰακὼϐ,
3121 3776 3212 3828 καὶ
3228 3775 3328 3829 τοῦ
3362 3776 3546 3847 Ἰωσὴφ
3566 3775 3605 3828 0i
3631 3771 3728 3825 disi-

2244 3869 2331 3936 φοί
2354 3886 2365 3898 ·
2403 3869 2495 3921 καὶ
2534 3867 2675 3921 οὕτω
2721 3866 2927 3938 προῖὼν
2950 3869 3062 3930 τοῖς
3094 3866 3325 3938 χρόνοις,
3361 3868 3529 3939 εὕροις
3554 3864 3607 3919 ἂν
3645 3860 3725 3915 καθ’

2242 3957 2475 4028 ἑκάστην
2536 3956 2725 4026 γενεὰν
2772 3957 2895 4019 τοὺς
2939 3956 3293 4029 ἁμαρτωλοὺς
3348 3958 3727 4025 ἐπανισταμένους

2242 4052 2351 4113 τοῖς
2377 4048 2620 4112 δικαίοις.
2651 4047 2793 4111 Ἕως
2824 4043 2916 4101 οὖν
2948 4048 3095 4111 πότε,
3125 4042 3169 4101 ὧ
3206 4047 3399 4121 Κύριε,
3430 4047 3569 4103 τοῦτο
3597 4045 3724 4101 Emi;

2246 4141 2387 4205 Ἕως
2419 4140 2545 4196 πότε
2571 4142 2649 4205 είς
2672 4140 2923 4195 τοσοῦτον
2946 4140 3227 4211 ὲπιτριὸἦς
3254 4142 3526 4196 ὲλάσουσιν
3542 4140 3579 4192 οί
3603 4138 3728 4206 ἀμαρ-

2240 4234 2421 4298 τωλοὶ,
2455 4234 2529 4296 ὡς
2562 4232 2655 4285 καὶ
2704 4231 3076 4303 ὲγκαυχῶθαι
3119 4236 3238 4297 ταῖς
3286 4232 3545 4295 ἀσεϐείαις
3582 4225 3725 4283 αὐτῶν,

2243 4323 2335 4377 καὶ
2365 4320 2497 4394 μηδὲ
2532 4321 2741 4394 σιωπᾷν
2772 4322 2861 4390 ἐφ’
2888 4316 2969 4385 οἷς
3020 4323 3338 4395 πράττουσι,
3385 4324 3510 4395 μηδὲ
3546 4315 3726 4387 ἀποκρύ-

2243 4430 2395 4467 πτειν
2438 4412 2532 4484 τὴν
2565 4412 2741 4466 αὐτῶν
2780 4414 2996 4478 κακίαν,
3041 4414 3175 4467 ἀλλά
3214 4415 3311 4467 καὶ
3353 4411 3641 4484 φθέγξασθαι
3664 4404 3726 4458 καὶ

577 4513 795 4570 queque
826 4497 989 4568 igitur
1004 4512 1097 4552 eos
1127 4496 1253 4549 talia
1279 4496 1540 4551 audentes
1576 4494 1752 4549 ferus?
1776 4494 1843 4546 At
1875 4510 1998 4549 cum
2022 4494 2134 4562 jam

2244 4504 2563 4570 ἐξάκουστον
2594 4503 2707 4566 τοῖς
2732 4504 2893 4557 πᾶσιν
2928 4503 3171 4556 ἐκλαλεῖν
3206 4504 3304 4567 τὰς
3345 4503 3541 4565 ἀδικίας
3571 4495 3723 4552 αὐτῶνς

578 4593 635 4646 in
663 4591 933 4646 excelsum
956 4589 1088 4659 justi
1121 4587 1305 4657 iudicii
1334 4587 1410 4640 tui
1436 4586 1689 4640 thronum
1726 4583 2133 4650 conscenderis,

578 4680 856 4746 Exaltare,
880 4682 966 4748 qui
981 4679 1193 4749 judicas
1217 4688 1431 4739 terram,
1458 4684 1535 4741 et,
1568 4674 1723 4728 redde
1749 4674 2138 4729 retributionem

578 4775 851 4841 superbis,
905 4772 1253 4841 promeritum
1305 4768 1437 4837 ipsis
1490 4765 1736 4835 inﬂigens
1785 4766 2134 4837 supplicium.

577 4864 733 4917 Nunc
762 4864 904 4918 enim
953 4872 1002 4917 te
1038 4877 1252 4932 quoque
1284 4858 1615 4929 despiciunt,
1657 4858 1815 4928 quasi
1868 4858 2002 4911 nihil
2044 4873 2139 4912 ex-

577 4955 783 5010 celsum
823 4955 1042 5017 habeas,
1094 4954 1229 5007 nihil
1275 4951 1480 5013 videas,
1523 4965 1622 5004 nec
1668 4958 1869 5005 terram
1900 4949 2133 5017 judices.

579 5048 921 5117 Quapropter
948 5062 1064 5114 quae
1088 5046 1154 5100 ad
1184 5046 1348 5100 vitam
1378 5047 1649 5113 pertinent
1677 5058 1829 5098 suam
1857 5051 1908 5097 et
1929 5042 2137 5111 judicio

580 5146 635 5193 et
666 5137 1000 5207 prouidentia
1031 5150 1217 5190 carere
1256 5136 1614 5189 arbitrantur.
1660 5139 1728 5187 At
1756 5149 1855 5203 ego
1883 5133 1974 5203 qui
2016 5148 2137 5204 pre-

581 5245 676 5284 cor
702 5236 756 5283 et
788 5235 916 5298 opto
947 5228 1014 5280 ab
1044 5228 1317 5297 impietate
1359 5242 1546 5282 eorum
1593 5227 1801 5282 alienus
1834 5241 1976 5289 esse,
2010 5240 2135 5293 per-

580 5336 799 5376 suasum
838 5320 1008 5373 habeo
1038 5327 1091 5374 te
1126 5318 1291 5373 Deum
1336 5320 1600 5373 ultieuum
1636 5334 1775 5384 esse,
1808 5324 1969 5388 teque
1991 5317 2138 5387 judi-

579 5428 705 5467 care
749 5427 963 5466 onmem
1002 5422 1220 5466 terram.
1257 5410 1476 5465 Etiamsi
1520 5412 1663 5465 enim
1698 5410 2134 5473 mansuetudine,

578 5504 867 5558 tolerantia
913 5512 968 5558 et
1019 5503 1277 5573 patientia
1339 5518 1471 5557 usus
1544 5504 1775 5571 teipsum
1824 5503 2133 5573 deprimas,

578 5604 837 5664 tuamque
863 5602 1054 5648 contra
1097 5594 1293 5664 impios
1323 5595 1458 5648 iram
1487 5594 1779 5662 cohibeas;
1810 5603 1865 5647 at
1889 5610 1988 5664 ego
2019 5609 2133 5647 cer-

576 5694 668 5742 tus
694 5688 900 5757 judicio
928 5694 1042 5751 tuo,
1076 5688 1167 5757 qui
1201 5686 1381 5741 omnia
1408 5686 1696 5757 prospicis,
1730 5686 1864 5740 nihil
1896 5687 2136 5740 immune

577 5776 716 5844 fore,
772 5778 1014 5849 supplico
1066 5793 1366 5850 precorque
1412 5784 1471 5833 ut
1524 5777 1807 5844 exalteris,
1872 5783 2130 5848 tuamque

2242 4594 2383 4656 Ἕως
2414 4590 2505 4646 οὖν
2539 4593 2665 4645 πότε
2694 4592 2801 4664 ἄρα
2822 4594 3151 4666 προχωρήσῃ
3171 4593 3235 4644 αύ
3245 4596 3353 4656 τοῖς
3372 4591 3528 4646 ταῦτα
3550 4584 3725 4643 notoria;

2252 4681 2409 4735 Ἀλλά
2442 4681 2550 4753 γὰρ
2582 4682 2681 4752 ἠδη
2723 4682 2847 4734 ποτὲ
2878 4682 2972 4734 ἐπὶ
2998 4680 3089 4734 τὸν
3122 4680 3323 4751 ὑψηλὸν
3356 4679 3547 4741 ἀναῦἀς
3567 4675 3645 4745 τῆς
3672 4670 3724 4722 δι·

2238 4774 2576 4846 καιοκρισίας
2630 4790 2720 4825 σου
2776 4772 2981 4844 θρόνον,
3029 4773 3309 4845 ’Υψώθητι
3352 4776 3385 4827 ό
3430 4772 3618 4839 κρίνων
3649 4761 3726 4826 τὴν

2239 4865 2374 4938 γῆν,
2398 4866 2510 4929 καὶ,
2538 4865 2764 4932 ἀπόδος
2792 4863 3195 4920 ἀνταπόδοσιν
3226 4863 3351 4930 τοῖς
3374 4855 3723 4930 ὑπερηφάνοις·

2237 4959 2351 5029 τὴν
2387 4958 2565 5023 ἀξίαν
2607 4957 2808 5023 αὐτοῖς
2832 4955 3154 5022 ἀποδιδοὺς
3185 4957 3477 5029 τιμωρίαν.
3522 4950 3616 5004 Νῦν
3652 4944 3725 5011 γὰρ

2240 5067 2332 5107 σου
2384 5050 2547 5107 αὐτοῦ
2611 5051 3185 5121 καταπεφρονήκασιν,
3237 5048 3313 5111 ὡς
3378 5045 3530 5119 μηδὲν
3578 5032 3725 5121 ὑψηλὸν

2237 5141 2468 5213 ἔχοντος,
2502 5141 2634 5215 μηδὲ
2667 5142 2917 5216 ὁρῶντος,
2953 5140 3083 5211 μηδὲ
3118 5138 3387 5210 κρίνοντος
3414 5137 3505 5206 τὴν
3532 5130 3631 5199 γῆν.
3664 5120 3725 5216 ut

2238 5232 2332 5285 καὶ
2382 5214 2579 5305 ἄκριτα
2639 5214 2731 5285 καὶ
2782 5233 3089 5304 ἀπρονόητα
3136 5231 3486 5301 ὑπειλήφασιν
3526 5220 3637 5277 εἶναι
3679 5214 3725 5266 τά

2238 5322 2376 5380 κατὰ
2406 5323 2493 5375 τὸν
2528 5322 2730 5378 ἑαυτῶν
2766 5323 2895 5400 βίον.
2944 5323 3081 5375 Ἀλλ’
3128 5322 3236 5391 ἐγὼ
3264 5323 3362 5392 τῆς
3403 5315 3622 5377 ἀσεϐείας
3660 5307 3727 5359 45'

2237 5414 2344 5467 τῶν
2394 5413 2666 5485 ἀλλότριος
2714 5410 2848 5470 εἶναι
2889 5415 3194 5486 εὐχόμενος,
3230 5414 3530 5481 πέπεισμαι,
3576 5406 3640 5459 ὅτι
3680 5413 3724 5447 σν

2236 5505 2365 5568 Θεῦς
2393 5504 2739 5577 ἐκδικήςεων.
2838 5506 2932 5561 καὶ
2984 5508 3047 5562 σὺ
3084 5501 3134 5559 εἶ
3177 5507 3205 5558 ὁ
3245 5505 3436 5577 κρίνων
3470 5502 3619 5554 πᾶσαν

2236 5596 2356 5667 γῆν.
2391 5597 2451 5648 Εἰ
2480 5597 2587 5669 γὰρ
2633 5598 2725 5650 καὶ
2769 5602 3042 5662 ταπεινοῖς
3076 5598 3313 5660 σεαυτὸν,
3344 5593 3630 5667 χρηστότητι
3656 5577 3723 5633 καὶ

2235 5688 2398 5757 ἀνοχῇ
2448 5689 2540 5740 καλ¹
2588 5690 2934 5761 μακροθυμία
2979 5691 3271 5761 χρῶμενος,
3316 5688 3513 5756 ἐπέχεις
3561 5694 3607 5733 τε
3650 5671 3721 5738 τὴν

2241 5778 2380 5832 κατὰ
2420 5776 2526 5830 τῶν
2570 5778 2777 5835 ἀσεϐῶν
2821 5782 3023 5853 ὀργήνο
3067 5779 3181 5839 ἀλλ’
3213 5778 3317 5850 ἐγὼ
3365 5771 3624 5834 πιστεύων,
3662 5761 3718 5815 δτι
