3974 6576
296 379 437 436 H91

1374 372 1874 433 COMMENTARIA
1917 378 1982 435 ΙΝ
2021 375 2104 431 PS
2119 379 2141 428 λ
2154 377 2354 434 ιλιοδ.

3375 384 3514 440 "93

293 494 447 547 οὐδὲν
492 492 641 547 ἔσται
679 493 896 564 ἄκριτον
942 491 1036 545 σοῦ
1082 492 1382 565 ἐφορῶντος
1427 491 1494 544 τὰ
1546 492 1855 561 σύμπαντα.

1960 495 2384 565 magnitudinem
2428 509 2491 549 ac
2519 494 2735 550 deitatis
2776 505 2882 551 tua:
2922 495 3307 553 sublimitatem
3336 501 3516 554 omni-

295 583 524 638 ἱκετεύω
551 585 644 639 καὶ
668 585 853 654 δέομαι
873 584 1151 653 ὑψωθῆναι
1182 601 1240 637 σε
1269 584 1361 637 καὶ
1387 583 1555 648 δεῖξαι
1583 586 1695 646 τοῖς
1721 586 1853 636 πᾶσι

294 677 355 729 τὸ
379 676 573 730 οἰκεῖόν
594 694 685 729 σου
717 676 943 746 μέγεθος
965 678 1057 730 καὶ
1080 678 1138 729 τὸ
1171 676 1301 745 ὕψος
1328 676 1426 745 τῆς
1452 675 1702 744 θεότητος
1728 694 1820 729 σου
1837 692 1850 706 ο

292 770 441 831 ὅπως
483 768 580 840 ἠδη
615 769 743 821 ποτὲ
773 768 1079 821 παύσωνται
1116 770 1164 821 oi
1210 767 1524 839 ἁμαρτωλοὶ
1570 767 1857 836 ὲναὸρυνό·

295 877 446 928 μενοι
493 860 583 912 καὶ
629 859 1032 930 ὲγκαυχὼμενοι
1078 860 1171 911 ἐπὶ
1205 862 1366 913 πᾶσιν
1416 855 1497 922 οἷς
1531 859 1858 929 παρανόμως

291 949 730 1019 διαπράττονται.

367 1037 478 1091 Τὸν
498 1040 653 1091 λαόν
701 1054 837 1101 σου,
886 1040 1082 1107 Κύριε,
1133 1039 1558 1103 ἐταπείνωσαν,
1598 1040 1693 1094 καὶ
1749 1038 1858 1106 τὴν

289 1131 696 1197 κληρονομίαν
749 1144 866 1183 σου
914 1129 1247 1184 ἐκάκωσαν.
1296 1130 1499 1198 Χήραν
1541 1129 1639 1184 καί
1679 1144 1862 1197 προσ-

288 1216 519 1285 ήλυτον
531 1219 905 1283 ἀπέκτειναν,
923 1220 1021 1273 καί
1040 1220 1335 1288 ὀρφανοὺς
1360 1221 1717 1290 ἐφόνευσαν.
1748 1220 1857 1276 Καὶ

293 1303 490 1371 εἶπαν,
524 1312 644 1363 οὐκ
669 1309 875 1388 ὄψεται
896 1311 1127 1378 Κύριος,
1160 1308 1300 1363 οὐδὲ
1336 1310 1593 1377 συνήσει
1642 1315 1675 1366 ό
1718 1313 1860 1377 Θεὸς

294 1400 403 1455 τοῦ
456 1400 670 1457 Ἰακώϐ.
707 1402 822 1454 Οὐκ
864 1402 1043 1472 ἤρκει,
1084 1400 1218 1470 φησὶ⁹
1266 1403 1378 1464 τοίς
1420 1402 1759 1474 ἁμαρτωλοῖς
1800 1403 1860 1457 τὸ

292 1494 375 1557 εἰς
399 1495 594 1556 αὐτοὺς
628 1495 979 1565 ἁμαρτάνειν,
1017 1494 1129 1547 ἀλλ’
1157 1495 1258 1566 ἠδη
1292 1495 1385 1547 καὶ
1410 1495 1487 1565 τῷ
1521 1495 1598 1567 σῷ
1628 1496 1741 1567 λαῷ
1766 1498 1860 1551 καὶ

289 1587 358 1656 τῇ
392 1588 456 1655 σῇ
499 1586 791 1655 Ἐκκλησία
827 1586 1217 1656 ἐπανέστησαν,
1254 1586 1379 1649 τοὺς
1426 1587 1521 1657 μὲν
1548 1586 1863 1640 ταπεινοῦν-

288 1690 402 1738 τες,
436 1675 561 1737 τοὺς
601 1676 656 1726 δὲ
691 1675 1004 1737 κακοῦντες,
1039 1676 1161 1737 τοὺς
1185 1675 1243 1728 δὲ
1274 1676 1546 1739 παντελῶς
1574 1676 1860 1747 ἀναιροῦν-

288 1782 400 1827 τες.
441 1765 549 1817 Καὶ
590 1765 761 1818 ταῦτα
808 1766 948 1818 κατά
987 1764 1078 1817 τοῦ
1108 1765 1201 1818 σοῦ
1243 1765 1392 1829 λαοῦ,
1444 1761 1490 1820 ὦ
1544 1767 1735 1836 Κύριε,
1766 1767 1861 1821 καὶ

1957 586 2056 639 bus
2089 586 2378 650 exhibeas;
2410 595 2467 639 ut
2498 587 2579 640 vel
2612 602 2734 642 sero
2765 587 2978 642 tandem
3013 599 3322 658 peccatores
3352 589 3512 645 linem

1958 674 2160 729 iaciant
2213 677 2523 731 luxuriandi
2567 692 2632 730 ac
2676 677 2947 747 gloriandi
2976 678 3043 733 de
3092 680 3347 738 omnibus
3393 698 3514 752 qua:

1956 767 2199 837 improbe
2227 778 2557 839 perpetrant.

2028 1024 2193 1083 Vens.
2227 1029 2338 1084 5-7.
2398 1030 2658 1101 Populum
2711 1043 2878 1100 tuum,
2928 1034 3161 1103 Domine,
3210 1040 3521 1096 humiliave-
3581 1028 3585 1037 ’

1956 1130 2102 1181 runt,
2150 1129 2199 1173 et
2236 1120 2595 1199 litereditatem
2625 1134 2769 1177 tuam
2793 1140 3126 1185 vexaverant.
3184 1130 3408 1187 Viduam
3470 1145 3520 1188 et

1958 1209 2211 1264 advenam
2248 1213 2635 1282 interfecerunt,
2671 1226 2719 1269 et
2769 1220 3027 1285 orphanos
3074 1222 3394 1279 occiderunt.
3449 1224 3520 1279 Et

1957 1293 2244 1349 dixerunt:
2282 1295 2400 1350 Non
2432 1298 2623 1353 videbit
2659 1299 2937 1370 Dominus,
2969 1322 3063 1358 nec
3094 1307 3343 1379 intelliget
3381 1309 3520 1366 Deus

1956 1391 2144 1447 Iacob.
2179 1392 2294 1449 Non
2323 1403 2465 1454 erat.
2493 1397 2688 1463 inquit,
2722 1403 3099 1467 peccatoribus
3128 1403 3181 1457 in
3215 1421 3273 1459 se
3295 1422 3520 1474 peccare

1961 1485 2125 1550 satis;
2150 1486 2265 1554 jam
2296 1503 2424 1541 vero
2467 1489 2522 1541 in
2567 1491 2824 1559 populum
2862 1500 3011 1547 tuum
3050 1504 3107 1549 et
3140 1495 3192 1548 in
3222 1495 3520 1556 Ecclesiam

1963 1584 2109 1630 tuam
2142 1580 2576 1646 insurrexerunt,
2606 1583 2744 1638 alios
2778 1584 3145 1651 humiliantes,
3171 1590 3307 1645 alios
3328 1608 3522 1649 vean

1962 1675 2065 1733 tes,
2096 1669 2233 1723 alios
2264 1685 2490 1739 prorsus
2536 1674 2866 1729 occidentes.
2896 1676 2959 1728 Et
2990 1676 3105 1731 haec
3134 1687 3325 1734 contra
3348 1697 3520 1752 popu-

1962 1753 2072 1807 lum
2108 1764 2282 1821 tuum,
2333 1756 2578 1824 Domine,
2626 1768 2679 1814 et
2728 1772 2917 1818 contra
2950 1764 3314 1822 haereditatem
3373 1778 3519 1825 luam

291 1856 432 1908 κατά
470 1855 569 1924 τῆς
602 1858 697 1926 σῆς
748 1855 1103 1926 κληρονομίας
1145 1857 1528 1927 τετολμήκασι,
1578 1860 1855 1929 μονονουχὶ

1959 1845 2178 1915 aggredi
2209 1849 2327 1903 ausi
2359 1857 2507 1907 sunt.
2541 1859 2746 1906 tantum
2781 1869 2887 1908 non
2923 1855 3085 1925 impia
3115 1865 3169 1912 et
3204 1858 3522 1928 blasphema

288 1948 359 2001 τὰ
384 1949 551 2019 ἀσεϐῆ
585 1948 676 2000 καὶ
705 1948 997 2017 βλάσφημα
1025 1947 1149 2017 περὶ
1184 1947 1275 2000 σοῦ
1312 1948 1650 2019 φρονοῦντες.
1689 1945 1853 2003 Εἶπον

292 2039 402 2110 γὰρ
451 2040 507 2091 ἐν
547 2041 756 2103 ἑαυτοῖς
806 2038 1000 2101 ἀσεδὲς
1040 2037 1414 2108 λογισάμενον
1474 2042 1595 2093 Οὐκ
1648 2039 1857 2108 ὄψεται

292 2132 528 2199 Κύριος,
573 2130 712 2184 οὐδὲ
766 2129 1024 2197 συνήσει
1072 2131 1106 2182 ό
1141 2128 1283 2194 Θεὸς
1333 2127 1440 2183 τοῦ
1482 2128 1702 2184 Ἰακώϐ.
1743 2131 1853 2195 Διὸ,

289 2221 369 2286 ὡς
414 2222 486 2293 μὴ
538 2222 855 2294 ἐφορῶντος,
893 2222 1024 2293 μηδὲ
1060 2222 1327 2283 συνιέντος
1358 2219 1474 2285 σοῦ,
1519 2221 1587 2274 τά
1627 2222 1858 2275 τοσαῦτα

291 2311 426 2383 δρᾷν
452 2313 787 2384 ἐπιχειροῦσι
830 2313 970 2366 κατά
1002 2312 1095 2366 τοῦ
1124 2312 1253 2365 λαοῦ
1297 2329 1412 2377 σου,
1452 2314 1546 2367 καὶ
1578 2313 1717 2367 κατά
1760 2317 1859 2384 τῆς

289 2402 652 2474 κληρονομίας
679 2421 794 2468 σου,
821 2405 961 2457 κατά
987 2422 1045 2457 τε
1073 2404 1257 2475 χηρῶν
1285 2406 1377 2457 καὶ
1398 2403 1747 2475 προσηλύτων
1767 2405 1859 2457 καὶ

288 2493 568 2564 ὀρφανῶν,
618 2496 725 2547 τῶν
771 2498 911 2549 κατά
957 2495 1290 2564 ἀνθρώπειον
1339 2496 1714 2566 ἀπεριστάτων
1764 2495 1859 2548 καὶ

290 2586 628 2658 ἁϐοηθήτων.
654 2587 727 2639 Ού
753 2585 1001 2639 τοσοῦτον
1021 2587 1076 2640 δὲ
1102 2588 1221 2640 κατ’
1239 2586 1460 2638 ἐκείνων
1483 2586 1632 2639 ταῦτ’
1660 2585 1860 2656 ἔπρατ-

290 2694 401 2743 τον,
430 2678 552 2731 ὅσον
598 2678 738 2731 κατὰ
785 2676 898 2741 σοῦ,
933 2671 978 2730 ὧ
1029 2678 1235 2749 Κύριε*
1284 2676 1377 2730 σοῦ
1407 2677 1511 2749 γὰρ
1554 2673 1694 2748 ἦσαν
1732 2677 1858 2740 λαὸς

289 2770 386 2823 καὶ
420 2768 513 2823 σοῦ
547 2770 879 2841 κληρονομία
909 2771 957 2822 οἱ
1002 2767 1461 2838 καταπονούμενοι
1486 2785 1498 2799 ·
1544 2769 1638 2822 καὶ
1669 2770 1748 2832 είς
1797 2769 1859 2821 σὲ

290 2860 733 2933 βλασφημοῦντες
762 2862 854 2914 καὶ
879 2858 1197 2923 ἀσεϐοῦντες
1235 2861 1284 2911 oi
1308 2860 1736 2923 καταπονοῦντες
1763 2862 1860 2914 αύ-

286 2954 414 3017 τοὺς
441 2951 592 3005 ταῦτ’
624 2949 943 3020 ἐλογίζοντο,
977 2951 1053 3015 ὡς
1099 2953 1197 3004 οὐκ
1241 2951 1391 3013 ὄντος
1424 2951 1541 3013 σοῦ,
1590 2951 1696 3003 οὐδ’
1738 2953 1862 3020 ἐφο-

290 3046 513 3118 ρῶντος,
547 3045 667 3098 οὐδὲ
710 3044 999 3107 συνιέντος,
1050 3043 1167 3097 οὐδὲ
1215 3041 1554 3105 ἐκδικοῦντος
1589 3041 1658 3095 τά
1692 3059 1861 3112 πρατ-

286 3138 511 3209 τόμενα.
563 3137 652 3189 Διὸ
695 3137 915 3199 εἰκότως
960 3134 1096 3206 ἔφην
1152 3134 1461 3205 εὐχόμενος,
1512 3134 1663 3198 Ἕως
1715 3134 1859 3187 πότε

287 3224 643 3293 ἁμαρτωλοὶ,
687 3224 893 3291 Κύριε,
954 3223 1057 3285 ἕως
1119 3222 1249 3275 πότε
1316 3221 1627 3292 διαμενοῦσι
1688 3223 1857 3277 ταῦτα

290 3316 607 3381 ποιοῦντες;
643 3318 780 3369 Λαόν
814 3333 871 3368 τε
902 3316 992 3367 καὶ
1031 3313 1390 3386 κληρονομίαν
1416 3312 1550 3366 Θεοῦ
1588 3313 1692 3385 χρὴ
1720 3317 1859 3369 νοεῖν

288 3409 458 3462 πάλαι
492 3408 590 3478 μὲν
616 3407 675 3460 τὸ
715 3405 982 3459 Ἰουδαίων
1033 3404 1203 3469 ἔθνος,
1244 3405 1363 3458 ἐπεὶ
1390 3405 1644 3474 ἐγενήθη
1688 3406 1858 3476 μερὶς

288 3500 511 3570 Kvplov
547 3498 695 3565 λαός
724 3497 911 3552 αὑτοῦ
950 3496 1165 3561 Ἰακὼϐ,
1204 3498 1531 3566 σχοίνισμα
1570 3501 1858 3566 κληρονο-

282 3592 430 3661 μίας
475 3590 659 3644 αὐτοῦ
709 3590 963 3657 Ἰσραήλ.
1006 3588 1160 3644 Μετὰ
1203 3588 1261 3642 δὲ
1308 3589 1406 3660 τὴν
1450 3588 1674 3642 ἐκείνων
1724 3590 1858 3642 ἀπο-

286 3684 473 3755 δολὴν,
498 3683 565 3753 ἢν
610 3682 903 3753 παρίστησι
936 3680 1270 3753 προφητικός
1320 3699 1404 3745 τις
1433 3682 1607 3750 λόγος,
1642 3682 1853 3752 φήσαςο

301 3775 797 3845 Ὲγκαταλέλοιπα
839 3772 947 3825 τὸν
972 3768 1141 3826 οἶκόν
1160 3790 1299 3841 μου,
1338 3772 1544 3841 ἀφῆκα
1574 3773 1689 3841 τὴν
1715 3776 1858 3839 κλη-

278 3867 574 3937 ρονομίαν
614 3881 765 3934 μου·
812 3864 931 3917 νέον
973 3862 1098 3916 λαὸν
1129 3863 1219 3915 τὸν
1261 3862 1320 3927 ἐξ
1365 3862 1533 3916 ἐθνῶν
1565 3863 1681 3916 ἀντ’
1714 3862 1857 3917 ὲκεί-

286 3977 395 4012 νων
427 3957 635 4027 εἰσάγει
668 3955 975 4017 ἀκολούθως
1016 3955 1175 4026 ἑτέρα
1224 3954 1528 4027 προφητεία
1573 3956 1652 4016 είς
1690 3954 1855 4024 πρόσ-

282 4042 433 4102 ωπον
479 4046 571 4100 τοῦ
604 4046 837 4118 Χριστοῦ
869 4047 1167 4116 φάσκουσαο
1209 4045 1459 4114 Αἴτησαι
1507 4046 1644 4113 παρ’
1688 4046 1854 4114 ἐμοῦ,

286 4138 387 4192 καὶ
425 4137 595 4191 δώσω
648 4153 746 4191 σοι
782 4136 924 4204 ἔθνη
971 4136 1085 4205 τὴν
1115 4134 1517 4204 κληρονομίαν
1556 4150 1693 4197 σου,
1747 4136 1844 4189 καὶ

285 4231 400 4299 τὴν
425 4229 797 4297 κατάσχεσίν
824 4244 940 4283 σου
972 4231 1043 4283 τὰ
1069 4228 1293 4296 πέρατα
1320 4226 1429 4295 τῆς
1465 4225 1599 4296 τῆς.

353 4323 574 4379 Σύνετε
594 4319 670 4390 δὴ
698 4319 956 4390 ἄφρονες
982 4320 1052 4373 ἐν
1088 4318 1170 4385 τῷ
1195 4316 1344 4383 λαῷ,
1373 4318 1473 4371 καὶ
1499 4317 1683 4386 μωροι
1706 4332 1849 4370 ποτε

283 4411 645 4483 φρονήσατε.
705 4412 757 4464 '0
817 4412 1125 4481 φυτεύσας
1181 4410 1246 4465 τὸ
1292 4405 1402 4475 οὖς
1450 4411 1561 4463 οὐκ
1611 4408 1857 4462 ἀκούσε-

1958 1937 2025 1991 de
2057 1947 2109 1992 te
2136 1940 2452 1995 sentientes.
2492 1942 2547 1995 In
2578 1944 2773 2014 seipsis
2815 1962 3050 2017 namque
3082 1948 3335 2004 dixerunt
3357 1952 3521 2022 impie

1958 2030 2284 2099 cogitantes,
2322 2030 2445 2086 Non
2469 2033 2656 2087 videbit
2688 2035 2965 2104 Dominus,
2992 2056 3082 2094 nec
3102 2041 3354 2112 intelliget
3376 2043 3520 2099 Deus

1953 2114 2144 2172 Jacob.
2177 2118 2564 2186 Quamonrem,
2597 2126 2756 2193 quasi
2792 2133 2844 2179 te
2874 2143 2975 2182 nec
2999 2130 3211 2184 vidente
3241 2133 3521 2188 necintel-

1960 2206 2179 2277 ligente,
2218 2208 2346 2261 talia
2396 2208 2637 2265 facinora
2680 2214 2982 2270 moliuntur
3029 2227 3218 2273 contra
3260 2224 3520 2292 p0pulum

1959 2303 2112 2350 tuum
2147 2307 2203 2354 et
2243 2298 2614 2357 haereditatem
2662 2313 2832 2369 tuam,
2865 2317 3054 2363 contra
3102 2311 3317 2376 viduas,
3358 2314 3523 2371 adve-

1960 2404 2059 2444 nas
2083 2397 2136 2444 et
2168 2391 2465 2459 orphanos,
2489 2394 2579 2462 qui
2611 2396 2757 2450 omni
2802 2398 3041 2455 humano
3070 2403 3318 2459 subsidio
3338 2412 3397 2460 et
3421 2422 3521 2476 pa-

1957 2483 2190 2537 trocimo
2211 2492 2422 2540 carent.
2455 2484 2639 2556 Neque
2669 2496 2779 2542 tam
2814 2499 3007 2545 contra
3031 2494 3173 2557 illos,
3204 2510 3367 2566 quam
3392 2513 3522 2554 con-

1958 2580 2042 2629 tra
2072 2582 2144 2638 te,
2178 2575 2426 2637 Domine.
2461 2577 2574 2632 haec
2613 2584 2999 2650 perpetrabant
3032 2605 3044 2640 :
3078 2603 3199 2641 nam
3233 2590 3326 2660 qui
3354 2607 3519 2646 vexa-

1959 2663 2178 2727 bantur,
2208 2667 2443 2735 p0pulus
2475 2678 2602 2725 tuus
2631 2679 2685 2724 et
2713 2670 2998 2728 luereditas
3023 2682 3115 2729 tua
3142 2687 3326 2744 erant;
3359 2687 3523 2750 atque

1960 2754 2018 2818 ii,
2059 2756 2151 2827 qui
2192 2757 2316 2812 illos
2355 2761 2755 2830 opprimebant,
2790 2763 2859 2818 de
2902 2771 2955 2818 te
2986 2768 3299 2838 blasphema
3337 2780 3391 2826 et
3420 2773 3523 2828 imo

1958 2847 2047 2916 pia
2073 2848 2369 2905 sentientes
2395 2850 2507 2906 haec
2533 2852 2863 2921 cogitabant,
2895 2870 2960 2909 ac
2991 2856 3035 2911 si
3065 2873 3171 2912 non
3203 2861 3518 2928 essisteres,

1960 2953 2061 2993 nec
2090 2939 2327 3004 videres,
2359 2957 2460 2995 nec
2506 2943 2857 3013 intelligeres,
2886 2962 3063 3016 neque
3108 2950 3235 3006 talia
3278 2951 3522 3009 facinora

1962 3030 2331 3088 ulciscereris.
2364 3033 2633 3100 Quocirca
2653 3035 2775 3105 jure
2802 3038 2875 3091 ita
2901 3040 3163 3108 precabar
3195 3059 3208 3094 :
3246 3042 3521 3117 Usquequo

1960 3132 2280 3189 peccatores,
2318 3122 2560 3191 Domine,
2594 3142 2877 3197 usquequo
2918 3130 3046 3183 talia
3078 3140 3300 3202 agentes
3337 3152 3524 3193 mane-

1882 3190 1925 3249 C
1959 3212 2135 3267 bunt?
2178 3214 2443 3286 Populum
2486 3233 2617 3272 vero
2657 3190 2712 3273 et
2755 3190 3141 3278 hereditatem"
3195 3225 3284 3280 Dei
3333 3190 3524 3297 putare

1956 3305 2231 3368 convenit,
2260 3307 2388 3360 olim
2411 3309 2628 3377 quidem
2653 3309 2934 3367 Judaicam
2957 3322 3194 3383 gentem,
3226 3318 3351 3388 quia
3376 3319 3523 3388 facta

1956 3403 2033 3449 est
2060 3396 2231 3465 portio
2264 3396 2475 3451 Domini
2501 3400 2722 3467 populus
2752 3402 2865 3469 ejus
2898 3400 3089 3469 Iacob,
3120 3405 3388 3473 funiculus
3421 3410 3525 3465 ha!-

1957 3488 2195 3543 reditatis
2223 3490 2336 3558 ejus
2364 3490 2537 3546 Israel
2557 3493 2622 3547 ⁵⁸.
2654 3492 2786 3548 Post
2833 3510 3021 3550 eorum
3068 3514 3196 3553 vero
3225 3504 3519 3571 repulsam,

1957 3596 2120 3651 quam
2152 3581 2231 3635 sic
2264 3582 2509 3637 declarat
2535 3584 2883 3655 propheticus
2916 3587 3135 3657 quidam
3183 3607 3386 3657 sermo,
3418 3595 3523 3651 De—

1956 3672 2143 3743 reliqui
2191 3672 2403 3727 domum
2429 3692 2618 3737 meam,
2649 3676 2829 3731 dimisi
2871 3678 3226 3736 hereditatem
3265 3702 3432 3739 meam
3452 3687 3521 3753 ⁵⁸,

1956 3764 2202 3833 ipsorum
2247 3766 2366 3821 loco
2418 3783 2623 3823 novum
2665 3770 2922 3840 populum
2956 3788 3022 3827 ex
3054 3776 3307 3843 gentibus
3329 3793 3522 3835 conse-

1930 3898 1933 3901 γ
1958 3866 2190 3926 quenter
2212 3858 2422 3913 inducit
2445 3860 2549 3914 alia
2570 3862 2872 3931 praphetia.
2893 3880 3013 3934 qua:
3031 3866 3084 3919 in
3110 3882 3340 3935 persona
3360 3871 3524 3926 Chri-

1958 3948 2032 4003 sti
2075 3949 2147 4002 ita
2181 3949 2459 4019 loquitur:
2490 3950 2715 4006 Postulo
2748 3971 2781 4007 a
2811 3972 2914 4024 me,
2959 3968 3007 4011 et
3032 3958 3169 4014 dabo
3212 3960 3306 4014 tibi
3343 3973 3519 4033 gentes

1955 4038 2313 4094 hwreditatent
2378 4051 2545 4106 tuam,
2588 4052 2638 4098 et
2668 4048 3045 4113 possessionem
3093 4059 3238 4105 tuam
3274 4054 3519 4109 terminos

1958 4139 2112 4184 terra:
2128 4129 2191 4183 “.

2030 4301 2192 4361 Vens.
2224 4307 2373 4368 8-H.
2428 4308 2714 4383 Intelligite
2767 4312 3067 4384 insipientes
3119 4320 3177 4373 in
3225 4319 3438 4389 populo,
3470 4331 3519 4375 et

1956 4396 2109 4451 stulti
2157 4398 2444 4469 aliquando
2490 4406 2677 4473 sapite.
2714 4404 2819 4472 Qui
2847 4407 3108 4476 plantavit
3157 4427 3360 4477 aurem,
3417 4428 3522 4467 non

282 4520 416 4567 tat;
453 4502 489 4572 ἢ
524 4506 556 4557 ὁ
587 4502 830 4569 πλάσας
858 4502 965 4557 τὸν
1005 4501 1316 4573 ὀφθαλμὸν
1337 4502 1408 4554 οὐ
1438 4498 1745 4562 κατανοεῖ;
1789 4498 1853 4551 '0

1958 4487 2179 4546 audiet?
2212 4503 2303 4545 aut
2336 4495 2427 4563 qui
2467 4495 2624 4562 ﬁnxit
2654 4498 2884 4563 oculum,
2919 4517 3021 4554 non
3060 4501 3395 4559 considerat?
3418 4501 3524 4569 Qui

280 4595 580 4651 παιδεύων
622 4594 765 4662 ἔθνη
823 4593 960 4663 οὐχὶ
1014 4591 1263 4661 ἐλέγξει,
1320 4594 1353 4644 ό
1392 4588 1696 4645 διδάσκων
1742 4586 1849 4642 ἆν-

280 4692 520 4756 θρωπον
573 4684 798 4755 γνῶσιν
810 4686 1059 4753 ;Κύριος
1106 4683 1382 4752 γινώσκει
1416 4680 1556 4747 τοὺς
1582 4679 1849 4750 διαλογι-

280 4776 477 4847 σμοὺς
503 4774 619 4829 τῶν
650 4773 991 4841 ἀνθρώπων,
1038 4772 1125 4824 ὅτι
1159 4771 1275 4825 εἰσὶ
1298 4770 1551 4840 μάταιοι.
1596 4768 1849 4822 Ἀποδυσ-

280 4871 523 4938 πετὴσας
574 4866 673 4918 καὶ·
717 4863 1070 4934 ἀνθρωπίνως
1114 4862 1596 4931 ἀποκλαυσάμενος
1641 4861 1670 4913 ὁ
1699 4861 1841 4931 Προ-

280 4962 459 5030 φήτης
488 4958 614 5026 περὶ
655 4955 761 5008 τῶν
787 4957 900 5016 ⁸τοῖς
928 4953 1145 5006 ἀσεϐέσι
1191 4953 1573 5024 τολμωμένων,
1609 4950 1845 5021 εὐξάμε-

278 5052 370 5113 νός
420 5067 479 5102 τε
531 5049 625 5102 καὶ
674 5046 862 5101 εἰπών·
918 5045 1199 5114 Ὑψώθητι
1238 5048 1270 5098 ὁ
1300 5042 1653 5111 κρίνωντὴν
1700 5041 1847 5111 γῆν,

276 5139 506 5204 ἀπόδος
542 5136 949 5191 ἀνταπόδοσιν
989 5135 1110 5200 τοῖς
1136 5134 1537 5201 ὑπερηφάνοις
1558 5150 1569 5161 ·
1594 5131 1727 5183 ἀλλά
1756 5132 1850 5184 καὶ

274 5232 353 5294 ὼς
378 5232 706 5301 ἀνακινήσας
730 5228 818 5282 τὸν
842 5227 993 5292 Θεὸν,
1018 5226 1112 5279 καὶ
1141 5225 1408 5295 διεγείρας
1435 5223 1521 5277 διὰ
1542 5222 1635 5276 τοῦ
1661 5220 1844 5290 φάναισ

285 5322 395 5376 Τὸν
416 5324 690 5375 λαόνσου
722 5319 817 5373 καὶ
834 5317 948 5386 τὴν
968 5316 1373 5385 κληρονομίαν
1399 5330 1514 5369 σου
1529 5313 1847 5368 ἐκάκωσαν

275 5415 378 5467 καὶ
410 5413 839 5473 ἐταπείνωσαν,
874 5408 974 5463 καὶ
1007 5406 1199 5471 εἶπαν,
1231 5410 1341 5462 οὐκ
1370 5407 1581 5475 ὄψεται
1604 5406 1839 5474 Κύριος,

274 5504 419 5559 οὐδὲ
436 5503 693 5570 συνήσει
710 5508 740 5559 d
760 5503 903 5570 Θεὸς
914 5504 1020 5557 τοῦ
1036 5499 1256 5557 Ἰακώϐ·
1283 5498 1619 5570 ἐμπίπλαται
1631 5498 1729 5567 τῆς
1747 5496 1840 5550 τοῦ

277 5596 435 5665 ἁγίου
466 5595 776 5666 Πνεύματος
802 5595 1099 5665 δυνάμεως,
1138 5591 1230 5646 καὶ
1258 5590 1333 5656 ὼς
1364 5590 1501 5662 πρὸς
1535 5590 1660 5652 τοὺς
1686 5588 1839 5659 εἰρη-

352 5754 397 5787 δδ
440 5751 594 5807 Deut.
630 5766 807 5814 sunt,
836 5751 890 5805 9.
967 5750 1013 5781 ³⁵
1048 5745 1244 5803 levem.
1282 5738 1381 5811 in,
1414 5744 1463 5799 7.
1542 5744 1584 5775 “
1622 5740 1767 5795 Psal.
1798 5755 1859 5805 ll,
1892 5739 1944 5794 8.

1955 4579 2362 4650 corripitgentes
2404 4600 2505 4637 non
2541 4597 2744 4655 arguet,
2775 4589 2864 4658 qui
2892 4589 3040 4643 docet
3057 4591 3316 4645 hominem
3350 4593 3520 4646 scien-

1958 4668 2085 4721 tiam
2109 4670 2134 4722 t
2164 4668 2418 4725 Dominus
2450 4674 2545 4727 scit
2574 4676 2909 4745 cogitationes
2948 4678 3238 4743 hominum,
3272 4682 3521 4751 quoniam

1956 4775 2105 4813 vana:
2136 4772 2279 4817 sunt.
2312 4761 2604 4834 Postquam
2637 4768 2925 4837 impiorum
2956 4784 3124 4826 ausus
3149 4786 3293 4842 aegre
3338 4772 3520 4828 ferens

1954 4851 2219 4922 Propheta
2250 4854 2487 4910 humano
2528 4873 2678 4913 more
2708 4860 2956 4929 deﬂevit,
2986 4877 3049 4916 ac
3067 4872 3318 4932 precatus
3347 4865 3516 4920 dixit:

1954 4938 2237 5009 Ezaltare,
2264 4949 2353 5017 qui
2390 4948 2604 5016 judicas
2654 4958 2847 5004 terram
2873 4992 2887 5015 ,
2920 4951 3075 5007 redde
3128 4953 3519 5010 retributionem

1950 5040 2223 5108 superbis;
2260 5042 2353 5098 sed
2383 5048 2542 5099 etiam
2582 5044 2748 5100 Deum
2788 5049 2942 5117 quasi
2965 5051 3258 5106 commovit
3288 5058 3343 5105 et
3370 5050 3519 5106 exci-

1951 5133 2084 5187 tavit
2118 5134 2201 5189 his
2229 5136 2435 5192 verbis:
2460 5136 2721 5206 Populum
2750 5149 2897 5193 tuum
2918 5150 2966 5195 et
2988 5141 3348 5198 hazreditatem
3371 5152 3518 5197 tuam

1948 5236 2261 5278 vexaverant
2290 5237 2338 5280 et
2365 5227 2772 5283 humiliaverunt
2793 5273 2807 5297 ,
2838 5241 2887 5285 et
2939 5233 3206 5297 dixerunt,
3237 5250 3338 5288 non
3373 5234 3515 5289 vide-

1948 5316 2021 5366 bit
2043 5314 2322 5382 Dominus,
2347 5335 2438 5372 nec
2459 5320 2711 5391 intelliget
2742 5321 2882 5377 Deus
2900 5322 3105 5388 Iacob;
3135 5323 3373 5395 Spiritus
3396 5340 3520 5381 san-

1948 5405 2021 5459 cti
2072 5408 2269 5464 virtute
2300 5411 2575 5479 repletur,
2609 5422 2662 5467 et
2712 5415 2869 5483 quasi
2918 5417 3269 5487 responderet
3317 5417 3384 5472 iis
3421 5417 3515 5488 qui

1947 5498 2195 5554 dixerant
2226 5519 2238 5555 :
2271 5499 2393 5556 Non
2432 5502 2621 5556 videbit
2652 5503 2930 5569 Dominus,
2970 5522 3061 5560 nec
3094 5506 3348 5578 intelliget
3372 5506 3517 5563 Deus

1947 5587 2135 5653 Iacob,
2166 5590 2244 5645 sic
2305 5591 2543 5661 loquitur
2575 5612 2587 5647 :
2638 5592 2703 5647 Et
2751 5594 3057 5665 quomodo,
3110 5607 3146 5652 ο
3177 5609 3303 5649 vere
3335 5602 3521 5651 mente
