3974 6570
569 394 574 414 ι
602 371 739 430 “99

1261 375 1524 431 EUSEBH
1549 377 2036 436 CESARlENSlS
2075 379 2223 436 OPP.
2266 381 2446 437 PARS
2479 380 2566 438 Ill.
2610 410 2680 422 —-—
2707 379 3117 437 EXEGETICA.

3601 386 3697 447 ιιοι

546 501 552 507 ·
596 489 754 555 caeci,
787 496 964 560 potest
992 503 1100 545 non
1134 490 1314 546 videre
1340 500 1535 547 etnon
1567 493 1772 558 audire,
1795 496 1888 564 qui
1917 496 2029 551 hate
2048 513 2147 552 non

2257 499 2437 562 κὸτας·
2455 501 2572 552 Οὐκ
2586 499 2789 567 ὄψεται
2806 500 3076 566 ὀΚύριος,
3095 498 3230 552 οὐδὲ
3243 499 3473 566 συνθήσει
3483 505 3510 555 ὀ
3523 504 3627 570 Θεὸς
3636 508 3707 561 τοῦ

601 585 926 640 habentibus
963 583 1236 652 impertit?
1267 581 1398 636 Nam
1455 584 1500 637 is
1544 592 1690 638 certe
1729 587 1822 655 qui
1856 587 1979 641 aliis
2007 588 2159 657 quid-

600 674 744 746 piam
773 673 1070 742 elargitur,
1131 673 1280 742 prior
1328 674 1513 742 utique
1564 673 1726 728 habet
1771 689 1834 730 ea
1881 691 2002 745 quae
2037 679 2156 732 aliis

600 765 982 820 communicat.
1025 762 1120 818 Est
1173 779 1335 834 porro
1377 780 1554 819 sermo
1580 765 1875 835 syllogismi
1912 769 2016 821 ritu
2042 784 2159 838 pro-

600 856 742 911 latus
797 864 850 910 et
911 856 1270 910 concinnatus
1329 856 1396 910 ad
1457 858 1804 925 providentia:
1851 859 2156 914 doctrinam

597 946 1074 1015 comprobandam.
1125 946 1228 1000 Par
1269 955 1445 1001 autem
1485 956 1600 1001 erat
1627 949 1692 1003 iis
1720 950 1954 1004 maxime
2008 951 2156 1004 Scri-

594 1046 768 1110 ptum
794 1037 991 1092 divinae
1013 1039 1147 1094 locis
1169 1041 1404 1092 animum
1434 1039 1709 1103 adhibere,
1736 1047 1793 1094 ut
1818 1039 2154 1103 ostendatur,

593 1146 704 1186 non
737 1130 947 1185 ratione
989 1145 1214 1184 vacuam
1260 1131 1331 1184 ibi
1378 1130 1534 1184 (idem
1585 1133 1742 1188 nobis
1792 1131 2010 1197 oﬂ'crri,
2061 1132 2156 1187 sed

591 1222 758 1277 claris
787 1221 1088 1276 ratiociniis
1141 1229 1194 1276 et
1247 1223 1800 1280 demonstrationibus
1834 1225 2020 1296 logicis
2065 1225 2157 1279 do-

589 1312 781 1366 ctrina:
803 1313 1116 1370 testimonia
1146 1312 1412 1367 exhiberi.
1447 1313 1713 1368 Sescenta
1743 1321 1919 1368 autem
1952 1315 2154 1369 similia

592 1401 649 1454 in
673 1401 847 1456 sacris
872 1401 1058 1458 Bibliis
1087 1417 1384 1472 conspersa
1413 1411 1560 1457 sunt.
1597 1403 1934 1474 Syllogismis
1973 1405 2155 1475 itaque

591 1491 788 1560 impios
815 1501 869 1554 et
906 1491 1096 1546 atheos
1138 1492 1400 1554 confutat,
1425 1493 1518 1561 qui
1545 1492 1796 1547 dicebant
1845 1492 2008 1547 Deum
2060 1493 2156 1547 hu-

591 1595 751 1634 mana
775 1595 881 1635 non
910 1581 1196 1650 respicere.
1225 1581 1368 1638 lleus
1396 1598 1513 1647 vos,
1548 1583 1743 1653 inquit,
1768 1583 2155 1640 auimaliumne

591 1679 786 1726 natura
825 1687 920 1741 per
961 1687 1020 1726 se
1048 1683 1238 1741 sponte
1265 1675 1528 1738 substitit,
1561 1689 1628 1728 an
1656 1688 1686 1727 a
1723 1673 1954 1744 quadam
1987 1691 2152 1732 causa

588 1763 810 1816 condita
838 1763 955 1817 est?
981 1764 1025 1817 si
1049 1764 1262 1817 dicatur
1297 1765 1443 1818 enim
1472 1772 1672 1818 temere
1691 1805 1704 1827 ,
1759 1779 1823 1818 ac
1852 1775 1996 1820 sorte
2017 1779 2153 1835 qua-

588 1852 889 1919 dam,‘sine
915 1855 1126 1909 ratione
1168 1862 1224 1910 et
1265 1863 1455 1925 sponte
1503 1870 1602 1910 sua
1635 1856 1742 1909 vita
1791 1865 2061 1911 carentem
2097 1865 2152 1911 et

593 1943 946 1999 inanimatam
973 1947 1253 2001 materiam
1282 1953 1364 2000 tot
1394 1945 1671 2011 animalia,
1699 1953 1753 2000 et
1793 1946 2022 2017 singulis
2059 1962 2153 2016 ge-

590 2038 817 2094 neribus
839 2037 1064 2092 inditam
1094 2037 1400 2106 hujusmodi
1428 2038 1867 2092 constitutionem
1887 2077 1902 2102 ,
1947 2037 2151 2094 formas

591 2132 721 2186 item
767 2138 820 2184 et
853 2129 1084 2200 Species,
1120 2143 1183 2182 ac
1210 2136 1412 2181 tantam
1442 2129 1678 2197 partium
1707 2136 1760 2184 et
1786 2129 2150 2184 membrorum

589 2221 1011 2275 concinnitatem
1038 2260 1054 2284 ,
1111 2218 1528 2290 pulchritudinis
1585 2219 1895 2273 varietatem
1921 2260 1936 2284 ,
1989 2226 2043 2274 et
2074 2229 2152 2274 tot

590 2313 904 2380 discrimina
929 2311 1190 2381 producta
1225 2325 1378 2374 esse;
1415 2310 1638 2364 stultum
1686 2319 1838 2366 certe
1876 2311 2151 2367 insanum-

590 2419 699 2473 que
733 2403 892 2458 fuerit
911 2403 1062 2466 illud,
1085 2411 1138 2456 et
1169 2401 1450 2455 hominum
1481 2402 1572 2472 qui
1591 2417 1719 2456 vere
1747 2401 1926 2455 anima
1949 2401 2148 2456 mortui

591 2491 1221 2558 fueﬁnt,£ratiocinium.
1270 2488 1551 2554 Quomodo
1607 2489 1748 2544 enim
1793 2489 1937 2558 quod
1985 2489 2148 2544 vitam

590 2600 704 2639 non
732 2584 892 2638 habet
925 2583 1079 2636 alteri
1126 2582 1433 2651 impertiat?
1461 2589 1553 2634 aut
1582 2582 1852 2650 quomodo
1880 2581 2150 2635 inanima-

589 2684 708 2732 tum
759 2674 991 2729 animam
1045 2674 1427 2727 constituerit?
1460 2681 1552 2726 aut
1597 2673 1968 2728 irrationabile
2015 2688 2148 2743 quo-

592 2768 754 2824 modo
777 2766 1050 2837 quidpiam
1078 2765 1401 2821 rationabile
1445 2764 1801 2835 produxerit?
1830 2763 1950 2830 Quo
1995 2773 2151 2834 pacto

591 2861 827 2930 primum
859 2857 1180 2919 movebitur,
1205 2863 1298 2910 aut
1321 2857 1464 2909 aliud
1498 2846 1751 2921 movebit,
1783 2855 1927 2925 quod
1962 2871 2026 2911 ex
2056 2870 2150 2910 na-

591 2958 712 3004 tura
767 2964 864 3005 sua
897 2949 1171 3004 immobile
1217 2947 1326 3004 sit?
1375 2947 1694 3016 llujusmodi
1724 2956 1807 3003 est
1836 2956 1992 3002 terra:
2041 2948 2150 3002 ele-

589 3053 851 3105 mentum,
872 3056 934 3095 ex
960 3056 1068 3110 quo
1088 3041 1268 3095 omnia
1302 3048 1356 3095 et
1374 3041 1521 3093 varia
1547 3037 1794 3108 prodiere
1831 3039 2145 3093 animalium

2270 589 2482 653 Ἰακὼϐ,
2511 590 2857 660 ἀποκρίνεται
2889 589 3077 657 λέγων·
3094 590 3199 642 Καὶ
3231 591 3359 656 πῶς,
3378 586 3418 644 ὦ
3435 593 3516 662 τὴν
3541 595 3710 649 διάνοιαν

2256 681 2470 750 ἀληθῶς
2501 680 2710 749 τυφλοὶ,
2751 681 2812 734 οὐ
2844 681 3063 734 δύναται
3097 680 3170 752 μή
3211 683 3354 752 όρᾷν,
3389 684 3504 753 μηδὲ
3541 686 3712 750 ἀκούειν,

2254 775 2283 826 ὁ
2308 776 2419 835 τοῖς
2446 771 2519 842 μὴ
2553 773 2732 842 ἔχουσι
2772 771 2943 825 ταῦτα
2979 774 3409 846 παρασχόμενος;
3445 774 3624 837 Πάντως
3641 778 3714 846 γάρ

2256 881 2357 916 που
2395 866 2422 916 ό
2468 863 2774 934 μεταδιδοὺς
2823 865 3026 936 ἑτέροις
3082 864 3289 935 πρῶτος
3339 866 3482 928 αὐτὸς
3526 866 3715 936 κέκτηται

2254 951 2444 1013 ταῦτα,
2476 945 2550 1004 ὧν
2588 951 2953 1021 μεταδίδωσιν.
2989 953 3140 1006 Ἐστι
3184 953 3238 1005 δὲ
3267 955 3294 1005 ὁ
3322 951 3460 1021 λόγος
3485 954 3598 1008 κατὰ
3629 955 3714 1007 ονλ-

2254 1040 2509 1112 λογισμὸν
2556 1041 2841 1112 εἰρημένος
2885 1043 2978 1096 καὶ
3018 1044 3489 1108 κατασκευαστικὸς
3528 1045 3601 1098 τοῦ
3629 1050 3717 1116 περὶ

2255 1132 2505 1203 προνοίας
2548 1133 2828 1204 δόγματος.
2865 1135 3113 1204 Προσῆκε
3139 1135 3195 1188 δὲ
3234 1135 3448 1204 μάλιστα
3477 1139 3567 1198 τοῖς
3598 1139 3720 1190 τοιού-

2252 1239 2364 1286 τοις
2385 1224 2493 1276 τῶν
2513 1224 2670 1276 θείων
2695 1224 2924 1296 Γραφῶν
2951 1226 3234 1294 ἐφιστάναι
3258 1227 3344 1278 τὸν
3362 1225 3472 1278 νοῦν
3491 1227 3650 1289 τόποις,
3667 1231 3720 1292 εἰς

2255 1313 2528 1378 ἀπόδειξιν
2553 1313 2647 1366 τοῦ
2691 1313 2764 1382 μὴ
2813 1313 3005 1381 ἄλογον
3039 1314 3218 1366 πίστιν
3261 1313 3609 1385 προϐάλλεσθαι
3633 1318 3722 1384 ἡμῖν

2255 1404 2346 1457 ὑπ’
2377 1403 2573 1469 αὐτῶν,
2623 1407 2760 1473 μετά
2811 1403 3084 1474 λογισμῶν
3111 1404 3166 1456 δὲ
3199 1405 3433 1475 ἐναργῶν
3467 1406 3547 1458 καὶ
3572 1405 3723 1458 ἀπεδεί-

2255 1494 2386 1559 ξεων
2410 1495 2638 1564 λογικῶν
2658 1494 2756 1559 τὰς
2780 1495 2886 1549 τῶν
2908 1495 3190 1565 δογμάτων
3217 1497 3498 1566 μαρτυρίας
3515 1500 3720 1567 παρέχειν·

2252 1585 2436 1659 Μυρία
2473 1585 2516 1638 δ’
2548 1584 2613 1638 ἂν
2642 1586 2726 1657 εἴη
2770 1586 2992 1639 τοιαῦτα
3045 1589 3164 1650 ταῖς
3207 1588 3375 1656 ἱεραῖς
3434 1586 3600 1657 βίσλοις
3633 1603 3723 1640 κατ·

2252 1677 2586 1748 εσπαρμένα.
2621 1676 2992 1745 Συλλογίζεται
3021 1676 3302 1748 τοιγαροῦν
3331 1677 3447 1739 τοὺς
3479 1676 3648 1740 ἀσεϐεῖς
3663 1679 3725 1728 καὶ

2251 1767 2442 1831 ἀθέους
2461 1767 2555 1821 τοῦ
2583 1767 2656 1839 μὴ
2679 1770 2878 1839 ὲφορᾷν
2904 1776 2993 1821 τὸν
3014 1769 3145 1821 Θεὸν
3167 1768 3234 1821 τὰ
3258 1767 3545 1839 ἀνθρώπινα
3563 1767 3725 1836 φάσκεν-

2249 1875 2367 1922 τας.
2402 1860 2612 1931 Πότερα
2637 1858 2767 1929 γὰρ,
2797 1866 2980 1928 φησιν,
3010 1855 3054 1912 ὧ
3077 1852 3239 1923 οὗτοι,
3272 1859 3547 1928 αὐτόματος
3577 1858 3724 1926 ὑπέστη

2251 1948 2356 2001 τῶν
2391 1947 2543 2011 ζώων
2571 1950 2605 2018 ἡ
2637 1946 2816 2016 φύσις.
2850 1947 2883 2018 ἢ
2929 1947 3148 2016 γέγονεν
3193 1947 3258 2000 ἐκ
3298 1964 3437 2009 τινος
3482 1945 3726 2008 αίτίου;Τδ

2254 2041 2351 2112 μὲν
2375 2035 2466 2094 οὖν
2489 2040 2718 2109 φάσκειν
2750 2041 2870 2110 εἰκῇ
2901 2041 2994 2092 καὶ
3019 2040 3093 2103 ῶς
3126 2039 3331 2110 ἔτυχεν,
3363 2040 3551 2107 ἀλόγως
3573 2037 3726 2091 καὶαὺ-

2249 2129 2502 2200 τομάτως
2521 2128 2618 2200 τὴν
2644 2127 2818 2192 άζωον
2849 2130 2942 2182 καὶ
2978 2128 3177 2198 ἄψυχον
3205 2129 3303 2182 καὶ
3334 2129 3536 2198 ἀνόητον
3569 2127 3666 2196 ὕλην
3682 2127 3727 2178 si

2248 2219 2482 2274 τοσαῦτα
2531 2217 2645 2282 ζῶα
2689 2219 2781 2272 καὶ
2823 2218 2920 2289 τὴν
2965 2221 3045 2286 ἐφ’
3075 2220 3287 2289 ἑκάστῳ
3319 2219 3454 2287 γένει
3496 2219 3587 2271 τῶν
3623 2216 3727 2281 ζώων

2248 2308 2453 2362 τοιάνδε
2483 2309 2843 2380 κατασκευὴν,
2875 2309 2972 2372 τάς
3002 2326 3060 2361 τε
3093 2311 3148 2362 ὲν
3170 2310 3354 2373 αὐτοῖς
3377 2311 3566 2380 μορφὰς
3596 2307 3727 2360 καὶτὰ

2249 2401 2362 2472 εἴδη
2396 2401 2489 2454 καὶ
2514 2401 2612 2473 τὴν
2643 2399 2907 2470 τοσαύτην
2934 2400 3041 2454 τῶν
3077 2401 3345 2473 μερῶν.τε
3374 2402 3463 2455 καὶ
3495 2399 3637 2471 μελῶν
3651 2399 3728 2450 διά-

2249 2490 2416 2555 θεσιν,
2446 2491 2543 2562 τήν
2569 2507 2629 2544 τε
2665 2490 2757 2544 τοῦ
2791 2491 3016 2555 κάλλους
3046 2492 3338 2557 ποικιλίαν,
3362 2493 3452 2546 καὶ
3489 2495 3571 2554 τὰς
3595 2490 3729 2543 τοσαύ-

2247 2598 2344 2648 τας
2382 2581 2643 2653 διαφορὰς
2672 2582 3108 2653 προενηνοχέναι,
3144 2584 3348 2655 σφόδρα
3377 2583 3539 2656 μωρὸν
3559 2585 3632 2636 καὶ
3653 2580 3730 2651 ἠλέ-

2249 2672 2382 2737 θιον,
2408 2674 2500 2726 καὶ
2515 2673 2721 2745 ἀνδρῶν
2737 2673 2810 2738 ὡς
2834 2666 3045 2744 ἀληθῶς
3061 2675 3157 2738 τὰς
3173 2674 3354 2745 ψυχὰς
3376 2673 3727 2746 νενεκρωμένων.

2248 2763 2372 2827 Πῶς
2405 2764 2514 2835 γὰρ
2544 2765 2604 2817 τὸ
2637 2765 2710 2836 μὴ
2745 2764 2888 2836 ζωῆς
2917 2766 3139 2837 μετέχον
3167 2765 3314 2837 ζωὴν
3336 2766 3496 2837 ἑτέρῳ
3525 2765 3579 2819 ἂν
3609 2765 3729 2834 περὶ·

2249 2873 2398 2927 σχοι;
2426 2857 2459 2928 ἢ
2496 2857 2556 2910 τὺ
2581 2857 2784 2926 ἄψυχον
2815 2858 2929 2920 πῶς
2959 2857 3023 2910 ἂν
3045 2857 3220 2929 ψυχὴν
3263 2859 3623 2927 ῦποστήσαιτο;
3645 2855 3668 2924 ἦ
3691 2855 3730 2905 τὸ

2247 2948 2440 3017 ἄλογον
2467 2949 2583 3012 πῶς
2607 2948 2672 3002 ἂν
2697 2949 2908 3018 λογικόν
2936 2967 2988 3002 τι
3005 2951 3463 3017 κατασκευάσειε;
3485 2949 3645 3012 Πῶςδὲ
3663 2945 3731 3014 τὴν

2246 3041 2421 3112 ἀρχὴν
2449 3041 2816 3114 κινηθήσεται,
2847 3042 2880 3112 ἦ
2911 3041 3026 3105 πῶς
3063 3042 3250 3114 ἕτερον
3282 3043 3483 3114 κινήσει
3507 3042 3558 3095 τὸ
3584 3040 3629 3106 ἐξ
3645 3040 3731 3090 ἑαν-

591 3147 821 3202 genera,
853 3146 971 3200 quae
1013 3130 1224 3196 oculis,
1273 3130 1496 3184 auribus
1545 3129 1864 3199 caeterisque
1897 3130 2147 3186 sensibus

2249 3133 2342 3185 τοῦ
2380 3132 2476 3204 τὴν
2505 3133 2663 3202 φύσιν
2683 3133 2968 3204 ἀκίνητον;
2998 3133 3250 3186 Τοιοῦτον
3275 3134 3330 3187 δὲ
3355 3132 3414 3186 τὸ
3434 3131 3524 3202 τῆς
3541 3130 3732 3200 γῆςοτοι·

593 3227 857 3280 instructa
879 3233 1023 3288 sunt,
1043 3224 1173 3285 vita,
1193 3232 1338 3277 motu
1361 3230 1414 3277 et
1438 3224 1672 3293 appetitu
1701 3223 1962 3292 praedita?
1988 3223 2147 3277 homo

590 3330 717 3370 vero
766 3316 836 3370 iis
863 3316 1019 3384 longe
1041 3320 1424 3383 praestat,cum
1455 3314 1523 3368 sit
1545 3323 1752 3367 naturae
1781 3313 2143 3378 rationabilis,

590 3421 654 3460 ac
685 3407 880 3460 mentis
905 3413 957 3460 et
994 3404 1236 3461 scientiae
1264 3417 1454 3473 capax.
1487 3403 1626 3458 Num
1653 3404 1816 3474 igitur
1838 3419 1904 3458 ex
1937 3404 2147 3460 ratione

590 3511 763 3549 vacuo
795 3504 851 3551 et
881 3495 1177 3549 inanimato
1207 3495 1473 3548 elemento
1519 3494 1630 3547 haec
1677 3495 1858 3547 omnia
1889 3493 2140 3548 substite-

589 3588 756 3642 runt?
785 3589 853 3640 At
876 3602 998 3643 eum
1029 3587 1122 3658 qui
1155 3587 1268 3641 haec
1295 3585 1540 3640 conﬁteri
1567 3586 1721 3649 nolit,
1754 3586 1830 3640 rei
1865 3585 2038 3655 ipsius
2065 3588 2145 3640 vis

589 3686 644 3734 et
673 3677 908 3734 eﬂicacia
938 3678 1135 3741 vincit,
1183 3692 1246 3732 ac
1284 3675 1459 3747 ipsum
1499 3677 1753 3731 naturale
1799 3675 2144 3730 ratiocinium

586 3785 716 3826 vera
740 3770 919 3826 dicere
949 3770 1125 3841 cogit;
1164 3770 1421 3824 nimirum
1446 3785 1544 3824 nec
1571 3769 1925 3823 inanimatam
1971 3777 2142 3822 mate-

587 3865 726 3917 riam
752 3901 768 3927 ,
809 3877 983 3933 neque
1019 3862 1224 3916 aridam
1269 3861 1585 3931 rationeque
1635 3875 1858 3915 vacuam
1893 3859 2144 3914 substan-

587 3957 742 4019 tiam,
784 3955 976 4009 horum
1025 3968 1147 4008 esse
1193 3968 1457 4008 causam:
1509 3953 1603 4008 sed
1660 3951 1846 4006 mundi
1895 3949 2143 4020 Opiﬁcem

587 4061 711 4101 esse
749 4055 980 4101 mentem
1003 4047 1290 4116 quamdam
1327 4046 1564 4101 divinam
1603 4053 1657 4098 et
1683 4043 2024 4106 creatricem,
2053 4042 2145 4097 Dei

589 4151 780 4205 nempe
812 4135 1063 4198 Verbum,
1094 4152 1275 4191 rerum
1313 4137 1555 4190 omnium
1586 4136 1866 4201 factorem,
1903 4137 1992 4206 qui
2030 4146 2144 4190 tum

589 4225 814 4293 reliquis
841 4225 1115 4288 omnibus,
1142 4233 1256 4278 tum
1291 4225 1392 4294 ipsi
1424 4225 1628 4279 homini
1670 4241 1864 4280 sensus
1897 4229 2144 4296 corporis

553 4325 558 4328 ‘
589 4311 806 4379 indidit,
837 4323 891 4370 et
922 4314 1115 4368 animai
1141 4314 1392 4368 humana:
1409 4314 1954 4385 ratiocinm—m,atque
1979 4319 2142 4371 etiam

587 4414 845 4470 mentem,
874 4420 981 4477 qua
1006 4414 1256 4460 naturam
1287 4422 1470 4461 rerum-
1496 4407 1802 4462 consideret
1826 4424 1841 4473 ;
1872 4421 1936 4462 ac
1968 4409 2143 4463 oculis

2252 3225 2414 3292 χεῐον,
2443 3222 2502 3288 ἐξ
2529 3215 2588 3274 οῦ
2633 3225 2856 3276 παντοῖοι
2884 3222 3112 3293 προῆλθε
3148 3221 3305 3285 ζώων
3333 3223 3479 3294 γένη,
3500 3219 3731 3289 ὀφθαλμοὺς

2252 3311 2440 3381 ἔχοντα
2469 3312 2562 3364 καὶ
2586 3305 2699 3364 ὦτα
2747 3311 2928 3365 καὶτὰ
2959 3311 3118 3365 λοιπά
3160 3311 3500 3385 αἰσθητήρια,
3533 3309 3648 3378 ζωῆς
3669 3305 3731 3358 καὶ

2252 3401 2514 3469 κινήσεως
2544 3401 2638 3453 καὶ
2680 3399 2856 3471 ὁρμῆς
2903 3399 3135 3470 μέτοχα;
3166 3400 3450 3473 ἄνθρωπος
3478 3401 3527 3454 δὲ
3555 3400 3628 3452 και
3651 3397 3731 3449 τοῦ·

2249 3506 2358 3542 των
2386 3491 2648 3559 ἐπάγεται
2672 3491 2861 3555 πλέον,
2887 3490 3106 3562 λογικῆς
3147 3490 3222 3544 ὢν
3253 3493 3481 3560 φύσεως,
3505 3490 3584 3544 νοῦ
3604 3505 3647 3541 τε
3668 3486 3730 3538 καὶ

2251 3582 2558 3654 ἐπιστήμης
2599 3582 2843 3646 δεκτικὸς
2885 3584 3184 3654 τυγχάνων.
3214 3580 3342 3657 ⁷Λρ*
3367 3579 3455 3637 οῦν
3500 3582 3550 3647 ἐξ
3591 3579 3728 3644 ἀλόγου

2250 3675 2342 3728 καὶ
2364 3674 2568 3745 ἀψύχου
2593 3675 2851 3745 στοιχείου
2869 3674 2939 3728 τὰ
2961 3675 3136 3729 τοιάδε
3167 3676 3345 3729 πάντα
3367 3674 3585 3742 {intem};

2250 3766 2345 3818 καὶ
2382 3767 2472 3819 τὸν
2511 3767 2584 3837 μὴ
2619 3765 2934 3836 βουλόμενον
2965 3767 3242 3836 ὁμολογεῖν
3277 3766 3410 3819 αὐτά
3447 3765 3607 3834 νικᾷ,ή
3631 3758 3733 3826 ἐνέρ-

2249 3874 2392 3926 γεια,
2420 3857 2512 3911 καὶ
2543 3859 2572 3910 ό
2592 3857 2730 3910 κατά
2769 3857 2930 3926 φύσιν
2971 3856 3227 3926 λογισμὸς
3258 3857 3459 3927 τάληθῆ
3498 3855 3643 3920 λέγειν
3669 3850 3730 3900 ὲκ·

2249 3947 2510 4012 6ιάιζεσται,
2536 3949 2597 4001 τὸ
2623 3951 2696 4020 μὴ
2716 3950 2814 4018 τὴν
2833 3949 3034 4019 ἄψυχον
3059 3948 3210 4017 ὓλην,
3243 3949 3380 4018 μηδὲ
3401 3947 3492 4018 τὴν
3519 3944 3653 4014 ξηρὰν
3667 3940 3730 3991 καὶ

2247 4041 2438 4110 ἄλογον
2466 4041 2649 4094 οὐσίαν
2675 4040 2876 4095 τούτων
2904 4039 3167 4112 ὑπάρχειν
3200 4041 3379 4093 αἰτίαν
3397 4057 3411 4070 ο
3441 4037 3550 4092 νοῦν
3645 4045 3729 4084 τινα

2248 4132 2390 4186 θεῖον
2421 4133 2513 4186 καί
2533 4132 2918 4204 δημιουργικὸν
2946 4127 3086 4185 εἶναι
3109 4131 3282 4199 Λόγον
3313 4131 3445 4184 θεοῦ
3474 4129 3553 4181 τὶν
3584 4139 3728 4191 κοσμο-

2250 4223 2419 4286 ποιόν,
2450 4223 2542 4276 καὶ
2574 4223 2788 4276 πάντων
2833 4222 3060 4292 ποιητὴν
3101 4221 3283 4284 αὐτὸν,
3319 4221 3409 4274 καὶ
3447 4222 3546 4282 τοῖς
3581 4213 3729 4270 lamis”

2249 4316 2417 4370 ἃπασι
2450 4315 2542 4368 καὶ
2569 4314 2716 4384 αὐτῷ
2739 4313 3006 4385 ἀνθρώπῳ
3039 4313 3319 4385 αἰσθήσεις
3338 4311 3581 4368 δεδωκότα
3599 4305 3729 4375 σῶμα·

2247 4423 2359 4471 τος,
2391 4407 2485 4461 καὶ
2518 4406 2696 4477 ψυχῆς
2730 4405 3006 4478 λογισμὸν,
3035 4409 3128 4460 καὶ
3159 4407 3284 4461 νοῦν
3323 4407 3455 4478 πρὸς
3488 4403 3656 4460 τούτοις
3673 4395 3729 4454 εἰς

587 4495 824 4566 quidem,
848 4493 1083 4551 vis-ibilia
1111 4495 1399 4566 respiciat;
1433 4495 1654 4551 auri-bus
1696 4511 1859 4562 vero,
1897 4497 1950 4551 in
1991 4497 2147 4551 audi-

2245 4499 2306 4552 τὺ
2332 4499 2639 4552 ἐπιϐάλλειν
2665 4502 2730 4570 τῇ
2754 4499 2910 4568 φύσει
2937 4499 3046 4552 τῶν
3069 4499 3406 4570 πραγμάτων
3424 4515 3436 4528 ·
3468 4495 3550 4550 καὶ
3569 4487 3730 4556 θεωρεῖν

588 4599 706 4642 tum
736 4589 982 4643 cadentia
1011 4589 1233 4654 audiat;
1269 4588 1626 4658 cogitationes
1664 4589 1912 4656 demum,
1943 4589 2145 4644 intelli-

586 4681 773 4750 gibilia
797 4681 1236 4751 comprehendat.
1263 4678 1364 4747 Qui
1389 4681 1552 4750 igitur
1580 4679 1692 4735 ﬁeri
1733 4689 1911 4750 potest
1940 4690 2018 4746 ut,
2049 4681 2143 4752 qui

585 4771 710 4824 aliis
736 4769 1048 4826 facultatem.
1073 4769 1310 4833 videndi,
1341 4785 1502 4840 quam
1531 4786 1598 4824 ex
1629 4785 1687 4825 se
1713 4785 1821 4825 non
1845 4772 2140 4837 habebant,

590 4858 869 4926 impertiit,
897 4875 1006 4914 non
1059 4860 1174 4929 ipse
1209 4861 1426 4916 videat?
1479 4861 1581 4927 Qui
1615 4860 1728 4916 ﬁeri
1762 4869 1937 4932 potest
1971 4870 2030 4917 ut
2058 4863 2104 4919 is
2126 4903 2141 4928 ,

587 4947 688 5016 qui.
718 4946 773 5000 in
801 4955 1018 5004 terreno
1044 4957 1099 5004 et
1129 4950 1272 5006 luteo
1299 4965 1429 5007 vase
1454 4951 1696 5006 auditum
1727 4963 1781 5006 et
1804 4967 1989 5008 aurem
2021 4968 2144 5022 per-

589 5037 786 5092 foravit
807 5076 824 5100 ,
874 5039 949 5093 ita
984 5049 1042 5094 ut
1082 5049 1230 5096 muta
1259 5049 1312 5097 et
1345 5042 1509 5097 surda
1548 5044 1796 5108 materia,
1828 5058 1890 5098 ea
1923 5059 2044 5114 quae
2071 5046 2140 5101 ad

589 5142 776 5182 nonem
799 5129 1145 5198 proferuntur
1171 5133 1372 5200 audiat,
1413 5148 1519 5188 non
1559 5134 1674 5203 ipse
1702 5135 1897 5191 melius
1925 5143 1978 5190 et
2007 5151 2142 5206 prae-

586 5222 825 5278 stantius
849 5221 971 5276 aliis
997 5224 1262 5278 omnibus.
1281 5224 1545 5282 humanas
1578 5228 1933 5296 cogitationes
1963 5230 2141 5300 perci-

591 5312 739 5382 piat?
801 5311 952 5378 Quod
985 5311 1034 5366 si
1067 5313 1335 5368 universa:
1370 5331 1465 5384 per
1505 5317 1690 5372 orbem
1740 5328 1922 5388 gentes
1948 5359 1963 5383 ,
2017 5335 2140 5375 cum

588 5406 833 5459 barbara:
853 5413 963 5458 tum
984 5405 1204 5468 Graacaa,
1238 5407 1468 5460 naturali
1498 5408 1908 5478 cogitationum.
1947 5427 2080 5481 quas
2110 5427 2141 5466 a

589 5494 698 5550 Deo
730 5503 1072 5565 acceperunt.
1108 5497 1341 5568 impulsu
1367 5535 1381 5561 ,
1439 5499 1702 5568 quasdam
1756 5502 1858 5557 sibi
1912 5503 2054 5571 leges
2086 5511 2140 5558 et

587 5587 1004 5643 constitutiones
1039 5587 1425 5655 efl‘ormarunt;
1460 5590 1730 5660 quomodo
1774 5593 1822 5647 is
1850 5593 1940 5662 qui
1977 5595 2140 5647 talem

587 5677 723 5746 ipsis
758 5679 1091 5747 prudentiam
1124 5680 1346 5742 indidit.
1378 5698 1486 5736 non
1527 5691 1718 5753 arguat
1749 5699 1845 5738 eos
1871 5683 1964 5752 qui
2004 5700 2141 5754 pra:-

588 5775 672 5822 ter
691 5776 941 5824 naturam
975 5785 1035 5824 ac
1079 5779 1267 5835 praeter
1303 5787 1489 5827 sanam
1537 5780 1769 5828 mentem
1813 5771 1944 5836 quid
1984 5788 2139 5838 agere

2249 4583 2348 4661 μὲν
2379 4589 2673 4660 ὀφθαλμοῖς
2700 4591 2767 4643 τὰ
2788 4590 2977 4662 ὁρατὰ,
3001 4589 3103 4642 ὠσὶ
3129 4589 3183 4642 δὲ
3209 4589 3277 4642 τά
3301 4585 3530 4644 ἀκουστά
3551 4579 3728 4636 ἀκούειν.

2244 4679 2484 4752 λογισμῷ
2514 4681 2571 4735 δὲ
2606 4681 2841 4735 συνιέναι
2867 4681 2937 4734 τὰ
2971 4681 3150 4750 νοητά.
3197 4681 3321 4746 Πῶς
3350 4676 3440 4734 οὖν
3481 4670 3577 4730 οἷόν
3601 4686 3647 4724 τε
3668 4665 3729 4718 τὸν

2245 4772 2448 4844 ἑτέροις
2469 4775 2580 4836 τοῖς
2614 4773 2687 4844 μὴ
2709 4775 2836 4846 παρ’
2864 4773 3068 4826 ἑαυτῶν
3097 4773 3276 4842 ἔχουσι
3303 4765 3646 4841 παρεσχηκότα

2243 4863 2502 4935 ὁρατικὴν
2532 4844 2977 4934 δύναμιν,ἀὺτὺν
3023 4862 3096 4933 μὴ
3125 4864 3287 4934 όρᾷνς
3323 4861 3444 4922 Πῶς
3484 4857 3534 4909 δὲ
3562 4844 3729 4905 δυνατὸν

2241 4953 2332 5008 τὸν
2372 4955 2430 5007 ὲν
2461 4953 2538 5025 τῷ
2585 4955 2774 5023 γεώδει
2821 4955 2911 5008 καὶ
2949 4954 3154 5026 πηλίνῳ
3206 4951 3390 5006 σκεύει
3439 4945 3733 5015 διατρήσαντα

2241 5047 2410 5118 ἀκοὴν
2442 5047 2534 5101 καὶ
2561 5041 2672 5110 οὖς,
2705 5044 2852 5098 ἐνθεν
2885 5044 2953 5099 τὰ
2984 5048 3064 5108 είς
3094 5038 3208 5098 ὦτα
3239 5042 3454 5097 ἀκούειν
3493 5040 3580 5106 τὴν
3609 5035 3730 5118 ﬁ”?

2241 5139 2329 5192 δον
2369 5117 2466 5191 καὶ
2503 5137 2691 5207 κωφὴν
2725 5135 2853 5208 ὓλην
2888 5135 2995 5189 τῶν
3033 5133 3226 5200 ἔξωθεν
3270 5133 3458 5203 φωνῶν
3487 5127 3651 5184 αὐτῶνν
3679 5117 3732 5187 μὴ

2240 5228 2361 5299 οὐχὶ
2392 5228 2502 5300 πρὸ
2530 5227 2743 5280 πάντων
2778 5227 2906 5281 πολὺ
2938 5226 3257 5298 κρειττόνως
3281 5227 3376 5280 καὶ
3405 5220 3632 5294 μειζόνως
3653 5211 3732 5266 τοῖς

2239 5322 2350 5374 τῶν
2394 5319 2694 5391 ἀνθρώπων
2725 5319 3000 5374 ἐπιϐάλλει
3035 5319 3342 5390 λογισμοῐςς
3376 5318 3436 5370 Ei
3473 5314 3524 5366 δὲ
3555 5308 3634 5362 καὶ
3664 5301 3731 5354 511

2242 5409 2372 5480 ἔθνη
2397 5410 2464 5463 τὰ
2483 5411 2575 5463 ἐπὶ
2594 5411 2698 5480 γῆς
2721 5410 2970 5482 βάρόαρά
2994 5427 3052 5463 τι
3084 5410 3180 5464 καὶ
3214 5405 3511 5478 Ἑλληνικὰ,
3537 5391 3730 5469 φυσικαῖς

2242 5501 2472 5564 ἐννοίαις
2510 5499 2819 5571 κινούμενα,
2858 5501 2925 5566 ἀς
2955 5502 3059 5555 ὑπὸ
3104 5501 3236 5554 Θεοῦ
3285 5499 3547 5568 εἰλήφασιν
3583 5489 3730 5571 νόμους

2240 5591 2390 5654 τινὰς
2423 5593 2516 5644 καὶ
2539 5567 2805 5656 διατάξεις
2833 5593 3044 5657 ἑαυτοῖς
3080 5567 3498 5646 διετυπώσαντο·
3529 5581 3624 5639 πῶς
3644 5567 3733 5632 σῦῒῖ

2241 5684 2270 5735 ό
2301 5683 2502 5754 ταύτην
2535 5685 2714 5748 αὐτοῖς
2743 5684 2839 5756 τὴν
2878 5685 3086 5738 σύνεσιν
3111 5682 3467 5754 δεδωρημένος
3492 5673 3603 5732 ad“
3625 5663 3733 5756 θέτ’

2244 5773 2322 5839 ξει
2353 5776 2475 5839 τοὺς
2501 5774 2774 5829 παοάετὴν
2807 5776 2965 5838 φύσιν
2997 5778 3089 5831 καὶ
3119 5777 3262 5830 παρὰ
3289 5773 3381 5833 τὰς
3401 5768 3550 5828 όοθάς
3575 5754 3730 5814 Μυίας
