3974 6580
256 429 388 488 MOI

1373 435 1883 494 COMMENTARIA
1920 437 1988 494 IN
2027 439 2369 497 PSALMOS.

3334 427 3493 485 1203'

256 544 515 616 πράττειν
538 562 590 598 τι
619 545 928 616 τολμῶντας
953 563 968 613 ;
1007 547 1176 601 Πόθεν
1205 547 1262 601 δὲ
1291 547 1594 620 ἀνθρώποις
1627 552 1661 622 ἡ
1695 552 1818 621 περὶ

1942 556 2039 609 ιιιεί
2065 555 2300 611 fuerint?
2334 552 2487 608 Unde
2516 552 2822 608 hominibus
2854 545 3052 620 prodiit
3093 543 3269 602 omnis
3296 552 3350 599 et
3380 560 3477 598 cu-

258 636 459 700 παντὸς
491 637 794 691 οὑτινοσοῦν
835 639 1154 709 πράγματος
1185 639 1416 708 γνῶσις;
1459 642 1617 696 πόθεν
1650 645 1705 698 αἱ
1735 644 1822 696 τέ-

257 745 381 798 χναι
402 745 416 792 ;
449 728 609 781 πόθεν
635 728 742 782 τῶν
764 730 1080 802 ἐπιστημῶν
1106 733 1161 783 αί
1184 732 1402 805 θεωρία.
1425 756 1441 799 ,
1465 734 1626 788 πόθεν
1643 738 1690 789 oi
1715 737 1822 791 τῶν

262 815 600 887 μαθημάτων
641 817 823 885 λόγοι;
858 815 945 890 ἆρ’
975 821 1074 873 οὐκ
1097 821 1204 874 ἀπὸ
1231 822 1322 875 τοῦ
1364 826 1824 898 κατασπείραντος

261 909 320 960 ὲν
349 907 530 971 αὐτοῖς
575 907 672 978 τὴν
702 909 931 980 δύναμιν
969 911 1067 983 τῆς
1097 911 1298 968 τούτων
1342 915 1718 986 καταλήψεως
1760 917 1824 971 Τί

254 994 387 1062 οὖνς
416 999 448 1050 ὁ
478 999 732 1072 τοιαύτην
770 1001 1040 1074 ἀνθρώπῳ
1077 1003 1235 1074 φύσιν
1257 1007 1638 1078 χαρισάμενος,
1665 1009 1826 1074 αὐτὸς

261 1090 545 1161 ἐστέρηται
590 1092 686 1164 τῆς
713 1093 982 1161 γνώσεως,
1028 1096 1104 1160 ὡς
1150 1098 1284 1168 μηδὲ
1322 1099 1606 1167 γινώσκειν
1635 1103 1824 1167 ταῦτα,

193 1173 202 1201 ⁵
260 1173 337 1234 ὦν
368 1182 527 1245 αὐτὸς
554 1185 804 1252 τυγχάνει
824 1185 986 1259 δοτήρ
1011 1204 1026 1252 ;
1066 1189 1223 1243 Ἀλλά
1253 1191 1360 1263 γὰρ
1390 1194 1668 1247 παύσασθε
1708 1197 1827 1248 ἀσε-

261 1270 500 1336 ϐοὖντες,
557 1267 602 1327 ὧ
653 1276 907 1345 μάταιοι·
960 1277 1146 1349 ἀληθεῖ
1195 1281 1250 1335 δὲ
1304 1283 1444 1352 λόγῳ
1499 1285 1826 1356 πειθόμενοι,

260 1359 458 1428 γνῶτε,
492 1363 573 1415 ὅτι
621 1365 650 1417 ό
690 1366 958 1434 φυτεύσας
1003 1369 1062 1420 ἑν
1098 1369 1400 1442 ἀνθρώποις
1437 1374 1495 1427 τὸ
1542 1371 1653 1439 οὖς,
1694 1375 1828 1430 πολὺ

260 1449 525 1521 πρότερος
573 1453 734 1517 αὐτὸς
777 1454 886 1507 τῶν
933 1456 1083 1528 παρά
1134 1457 1437 1530 ἀνθρώποις
1487 1460 1829 1533 λαλουμένων

263 1535 556 1592 ἀκούσεται
577 1555 591 1569 °
627 1543 721 1596 καὶ
756 1543 816 1594 ού
854 1544 1011 1614 μόνον
1039 1546 1226 1616 ὄψεται
1268 1551 1362 1604 καὶ
1391 1550 1457 1604 τά
1485 1553 1832 1623 πραττόμενα

266 1629 590 1684 ἐποπτεύσει
621 1635 650 1685 ό
677 1635 736 1687 ὲν
781 1635 1088 1708 ἀνθρώποις
1121 1639 1330 1704 πλάσας
1371 1641 1668 1713 ὀφθαλμὸν,
1698 1644 1832 1698 ἀλλά

266 1720 363 1773 καὶ
392 1723 490 1785 τὰς
529 1723 871 1797 ἐνθυμήσεις,
901 1728 1001 1793 τὰς
1031 1730 1111 1782 ἔτι
1146 1730 1285 1784 κατὰ
1328 1731 1561 1786 διάνοιαν
1598 1751 1834 1806 κρυπτο-

1917 640 2139 709 juslibet
2174 644 2252 698 rei
2289 642 2521 696 notitia?
2556 641 2695 696 unde
2719 638 2900 694 artes?
2926 637 3068 692 unde
3123 634 3474 691 scientiarum
3528 661 3532 664 -

1923 735 2360 806 speculationes?
2395 734 2542 788 unde
2582 732 2991 801 disciplinarum
3023 725 3341 784 sermones?
3385 739 3481 776 λης

1924 843 2033 882 non
2073 827 2140 881 ab
2189 840 2255 881 eo
2305 826 2398 895 qui
2447 825 2708 879 harumce
2755 835 2935 876 rerum
2980 813 3480 886 comprehensionis
3530 847 3535 854 -

1926 919 2235 974 facultatem
2270 917 2324 972 in
2354 917 2460 971 illis
2495 914 2726 970 insevit?
2753 913 2893 980 Quid
2922 910 3119 982 igitur?
3141 921 3273 962 num
3314 906 3359 959 is
3389 905 3482 974 qui

1925 1008 2022 1062 tali
2040 1007 2309 1061 hominem
2327 1012 2520 1060 natura
2539 1003 2778 1066 donavit,
2799 1003 2914 1072 ipse
2929 997 3257 1069 cognitionis
3290 1007 3485 1062 expers
3532 1032 3537 1037 .

1925 1099 2051 1161 erit,
2087 1099 2160 1152 ita
2187 1106 2246 1152 ut
2281 1113 2347 1152 ne
2377 1098 2494 1166 ipsa
2537 1094 2777 1165 quidem,
2812 1107 3044 1163 quorum
3092 1091 3206 1158 ipse
3258 1085 3487 1154 largitor

1927 1198 2030 1254 est,
2059 1187 2390 1260 cognoscat?
2423 1184 2621 1241 Verum
2655 1185 2818 1254 impie
2869 1181 3140 1253 cogitandi
3172 1192 3234 1231 ac
3265 1179 3491 1246 loquen-

1928 1280 1983 1334 di
2016 1280 2173 1334 linem
2203 1278 2383 1342 l‘acite,
2413 1293 2446 1333 ο
2477 1276 2601 1331 vani
2660 1275 2947 1330 homines:
2993 1286 3056 1326 ac
3086 1285 3213 1324 vero
3251 1267 3490 1323 sermoni
3525 1301 3530 1308 ι

1928 1373 2368 1442 obtemperantes
2396 1370 2612 1432 scitote,
2646 1383 2767 1422 eum
2803 1366 2893 1436 qui
2927 1363 3187 1434 plantavit
3214 1373 3402 1414 aurem
3433 1358 3489 1410 in
3522 1389 3528 1398 ι

1928 1462 2259 1525 hominibus,
2289 1461 2447 1530 longe
2505 1459 2656 1530 prius
2707 1472 2827 1527 quae
2873 1456 3130 1509 dicuntur
3177 1450 3523 1504 auditurum.

1930 1572 2084 1621 esse;
2135 1570 2200 1609 ac
2242 1569 2367 1609 eum
2396 1552 2486 1622 qui
2521 1551 2737 1605 oculum
2776 1547 2927 1602 ﬁnxit
2975 1543 3322 1606 hominibus,
3382 1553 3522 1594 non-

1932 1647 2092 1700 modo
2120 1645 2368 1699 visurum
2408 1656 2470 1696 ac
2511 1647 2660 1711 gesta
2696 1643 3148 1706 conspecturum;
3194 1632 3289 1685 sed
3319 1639 3370 1685 et
3397 1645 3493 1682 co-

1931 1737 2219 1806 gitationes
2263 1732 2438 1786 adhuc
2484 1731 2539 1784 in
2587 1735 2767 1783 mente
2815 1727 3044 1780 latentes
3089 1721 3491 1776 intellecturum

267 1811 436 1883 μένας
463 1817 698 1886 συνήσει.
732 1818 878 1890 Αὕτη
906 1822 1014 1892 γὰρ
1047 1822 1178 1876 Θεοῦ
1212 1823 1436 1895 δύναμις
1480 1826 1832 1895 γινώσκοντος

1942 1843 2073 1883 esse.
2118 1825 2240 1880 llaec
2291 1827 2435 1878 enim
2469 1823 2643 1876 virtus
2693 1827 2775 1874 est
2815 1817 2905 1872 Dei
2935 1857 2950 1879 .
3001 1812 3378 1885 cognoscentis
3431 1824 3496 1862 ac

265 1901 364 1954 καὶ
405 1901 768 1975 διακρίνοντος
793 1909 917 1971 τοὺς
951 1892 1466 1982 διαλογισμοὺς-τῶν
1493 1892 1797 1986 *ἀνθρώπων
1815 1956 1830 1980 ,

1942 1916 2292 1976 discernentis
2344 1915 2700 1986 cogitationes
2734 1912 3013 1967 hominum
3048 1908 3302 1978 quoniam
3341 1915 3496 1956 vanas

264 1993 349 2047 ὅτι
376 1996 481 2048 εἰσὶ
514 1997 752 2065 μάταιοι.
801 2001 1038 2074 Ἀληθῶς
1068 2004 1174 2076 γὰρ
1209 2006 1355 2060 πᾶσα
1381 2008 1414 2077 ἡ
1445 2007 1596 2078 παρὰ
1623 2007 1832 2080 ἀνθρώ-

267 2096 393 2150 ποις
437 2090 760 2162 νομιζομένη
801 2091 1044 2164 ἀλήθεια,
1092 2097 1186 2150 καὶ
1225 2100 1373 2151 πᾶσα
1417 2100 1451 2170 ή
1490 2101 1621 2171 παρ’
1653 2102 1837 2165 αὐτοῖς

269 2179 452 2247 σοφία,
487 2180 639 2260 ὴνιὲξ
673 2185 886 2239 οἰκείων
913 2186 1185 2258 λογισμῶν
1230 2191 1324 2244 καὶ
1355 2190 1562 2263 θνητῶν
1605 2193 1839 2265 ἐνθυμή-

271 2286 408 2323 σεων
453 2272 864 2344 προϐάλλονται,
909 2278 1134 2348 μάταιος
1160 2279 1226 2334 ἂν
1259 2280 1367 2353 είη.
1399 2284 1512 2336 Πᾶν
1541 2285 1647 2355 γὰρ
1679 2285 1837 2354 σοφὸν

266 2362 366 2414 καὶ
407 2363 603 2435 ἀληθὲς
644 2368 772 2438 παρ’
803 2368 949 2439 αὐτῷ
986 2370 1130 2442 μόνῳ
1165 2373 1437 2444 τυγχάνει,
1463 2376 1556 2429 καὶ
1587 2378 1713 2448 παρ’
1737 2378 1837 2430 αύ-

265 2449 363 2503 τοῦ
390 2453 570 2522 μόνοις
599 2458 706 2518 τοῖς
735 2457 904 2522 ἀξίοις
926 2458 1146 2513 δίδοται.

339 2544 640 2614 Μακάριος
679 2549 1005 2618 ἅνθρωπος,
1047 2553 1120 2607 ὃν
1151 2554 1230 2611 ἂν
1260 2558 1610 2627 παιδεύσῃς,
1641 2563 1836 2630 Κύριε,

266 2637 367 2690 καί
394 2638 463 2691 ἐκ
493 2639 597 2692 τοῦ
628 2642 814 2710 νόμου
843 2660 960 2697 σου
989 2644 1237 2714 διδάξῃς
1273 2649 1476 2714 αὐτὸν,
1513 2652 1618 2706 τοῦ
1647 2653 1837 2720 πραῧ-

265 2742 368 2781 ναι
391 2727 551 2794 αὑτῷ
582 2730 684 2798 ἀφ’
710 2731 944 2800 ἡμερῶν
969 2736 1266 2804 πονηρῶν,
1291 2737 1401 2804 ἕως
1430 2736 1502 2796 οὗ
1527 2742 1714 2811 ὀρυγῇ
1759 2743 1840 2810 τῷ

269 2819 595 2888 ἀμαρτωλῷ
612 2822 850 2892 βόθρος.
881 2825 1127 2890 Πεισθεὶς
1153 2828 1264 2897 ἐγὼ
1295 2832 1387 2884 καὶ
1414 2833 1706 2898 πιστεύσας
1728 2839 1840 2899 τοῖς

267 2913 598 2983 εἰρημένοις,
633 2917 726 2968 καί⁸
751 2915 832 2968 ὅτι
856 2918 904 2968 οί
922 2917 1256 2990 διαλογισμοὶ
1275 2921 1383 2974 τῶν
1405 2922 1703 2994 ἀνθρώπων
1735 2927 1842 2978 εἰσὶ

273 3005 512 3073 μάταιοι,
545 3005 770 3070 εἰκότως
801 3008 1004 3060 ἐκεῖνον
1031 3009 1190 3078 μόνον
1226 3012 1492 3084 μακάριον
1517 3010 1652 3068 εἶναι
1676 3016 1842 3085 ἡγοῦ-

273 3107 396 3184 μαι,
428 3085 472 3144 ὦ
507 3093 699 3166 Κύριε,
721 3095 812 3150 τὸν
840 3097 948 3150 ἀπὸ
974 3098 1073 3170 τῆς
1103 3099 1202 3169 σῆς
1233 3103 1423 3184 σοφίας
1460 3105 1554 3157 καὶ
1576 3105 1839 3172 παιδείας,

1935 2023 2084 2068 sunt.
2111 2012 2316 2066 Revera
2349 2007 2547 2065 omnis.
2579 2015 2634 2060 ut
2671 2005 2810 2076 apud
2843 2004 3088 2057 homines
3128 1998 3492 2060 existimatur,

1932 2105 2155 2167 veritas,
2192 2101 2478 2170 omnisque
2502 2100 2719 2152 illorum
2751 2094 3034 2166 sapientia,
3067 2105 3230 2159 quam
3265 2103 3331 2143 ex
3363 2100 3497 2156 pro.

1935 2191 2070 2262 priis
2100 2188 2398 2244 ratiociniis
2441 2195 2494 2242 et
2531 2185 2854 2240 mortalibus
2907 2178 3326 2252 cogitationibus
3361 2190 3499 2246 pne-

1935 2285 2151 2347 t‘erunt,
2191 2296 2331 2335 vana
2368 2287 2517 2334 certe
2555 2277 2736 2332 fuerit.
2769 2275 2957 2330 Omnis
2989 2273 3185 2342 quippe
3233 2265 3499 2337 sapientia

1937 2387 1990 2433 et
2011 2378 2212 2433 veritas
2235 2389 2400 2444 penes
2427 2371 2603 2441 ipsum
2637 2369 2809 2424 solum
2844 2365 3077 2430 exsistit,
3109 2370 3162 2419 et
3189 2361 3255 2415 ab
3283 2361 3401 2430 ipso
3432 2358 3501 2412 iis

1936 2478 2147 2523 tantum
2178 2467 2271 2538 qui
2301 2467 2450 2537 digiti
2483 2471 2610 2519 sunt
2645 2460 2868 2514 inditur.

2012 2558 2175 2611 Vens.
2209 2555 2303 2619 l2,
2347 2556 2434 2609 15.
2479 2553 2672 2607 Beatus
2723 2551 2873 2602 homo
2912 2562 3061 2618 quem
3109 2553 3163 2598 tu
3204 2539 3499 2603 erudieris,

1941 2649 2177 2710 Domine,
2210 2646 2343 2700 etde
2373 2646 2478 2716 lege
2513 2655 2603 2697 tua
2634 2640 2872 2694 docueris
2911 2655 3050 2708 eum,
3083 2647 3137 2690 ut
3170 2635 3372 2703 mitiges
3395 2632 3444 2686 ei
3470 2647 3503 2685 α

1937 2743 2116 2796 diebus
2157 2739 2335 2800 malis,
2366 2739 2526 2792 donec
2583 2736 2819 2806 fodiatur
2881 2729 3142 2801 peccatori
3186 2727 3352 2795 fovea.
3390 2723 3504 2793 Ego

1940 2851 2104 2905 supra
2135 2831 2296 2886 dictis
2322 2832 2703 2900 obtemperans
2735 2834 2789 2880 et
2832 2825 3082 2888 credens,
3117 2819 3373 2875 nimirum
3409 2831 3506 2870 co-

1941 2926 2229 2998 gitationes
2271 2924 2548 2978 hominum
2590 2934 2759 2974 vanas
2811 2931 2933 2972 esse
2986 2915 3137 2969 illum
3170 2911 3344 2967 solum
3378 2909 3506 2963 bea-

1941 3029 2054 3074 tum
2077 3019 2199 3086 jure
2232 3015 2488 3077 arbitror,
2524 3011 2778 3072 Domine,
2828 3007 2921 3077 qui
2947 3022 3013 3062 ex
3043 3013 3136 3058 tua
3165 3001 3426 3072 sapientia
3453 3009 3506 3054 et

1941 3108 2248 3164 eruditione
2277 3107 2418 3162 velut
2451 3121 2515 3160 ex
2552 3103 2700 3157 fonte
2734 3101 2934 3155 hausit.
2997 3095 3281 3163 Quomodo
3324 3099 3512 3145 autem.

259 3181 464 3281 Δῶσπερ
491 3184 598 3238 ἀπὸ
620 3186 816 3281 πηγῇς
850 3181 1348 3260 μεταλαμϐάνοντα.
1380 3194 1504 3259 Πῶς
1524 3195 1582 3249 δὲ
1617 3197 1840 3267 μεταλά-

1943 3201 2068 3272 quis
2101 3199 2421 3254 eruditionis
2473 3206 2577 3252 tute
2602 3196 2872 3266 particeps
2911 3191 3105 3254 fuerit,
3154 3188 3261 3244 nisi
3312 3185 3516 3240 divina:-

271 3271 358 3325 ϐοι
384 3272 448 3325 ἄν
476 3291 559 3338 τις
585 3277 683 3346 τῆς
711 3277 808 3346 σῆς
839 3278 1084 3343 παιδείας
1114 3280 1146 3352 ἢ
1187 3281 1265 3352 τῷ
1296 3282 1442 3355 νόμῳ
1468 3301 1560 3338 σου
1595 3285 1674 3356 τῷ
1713 3287 1840 3359 θείῳ

274 3361 663 3431 μαθητευθείς;
701 3365 798 3418 Διὰ
825 3365 980 3420 τοῦτο
1005 3367 1113 3438 γὰρ
1142 3370 1232 3422 καὶ
1270 3372 1577 3443 ἐγγράφους
1602 3376 1844 3449 παρέδω-

272 3468 379 3516 κας
409 3454 688 3519 εὐσεϐείας
718 3457 934 3528 νόμους,
963 3462 1042 3522 είς
1068 3460 1126 3514 τὸ
1157 3463 1590 3534 μεταλαμϐάνειν
1611 3465 1714 3536 τῆς
1745 3469 1844 3538 σῆς

273 3544 609 3610 παιδεύσεως
648 3550 773 3612 τοὺς
827 3550 1293 3624 μαθητευομένους
1333 3557 1532 3620 αὐτοῖς.
1591 3558 1844 3613 Διδασκόο

277 3636 422 3708 μεθα
446 3638 500 3690 δὲ
522 3638 608 3692 διὰ
635 3641 856 3707 τούτων,
889 3645 969 3697 ὅτι
993 3645 1058 3698 τὰ
1085 3647 1447 3717 συμϐαίνοντα
1475 3653 1585 3713 τοῖς
1619 3651 1846 3716 δικαίοις

271 3727 496 3802 λυπηρὰ
525 3733 610 3784 ἐπ’
655 3732 888 3807 ὠφελείᾳ
941 3737 1115 3791 αὐτῶν
1156 3739 1381 3808 γίνεται,
1425 3743 1846 3814 γυμναζομένων

275 3825 374 3876 καὶ
404 3827 806 3898 πειραζομένων
829 3827 982 3901 δίκην
1004 3831 1247 3903 ἀθλητῶν
1275 3833 1409 3887 Θεοῦ
1439 3835 1528 3889 διὰ
1549 3837 1723 3891 πόνων
1754 3838 1847 3893 καὶ

280 3916 370 3971 sta
401 3916 622 3987 πληγῶν
651 3920 707 3972 ὲν
745 3921 987 3993 ὑπομονῇ
1031 3923 1486 3995 δοκιμαζομένων.
1527 3927 1617 3980 Διὸ
1647 3929 1706 3981 οὐ
1742 3929 1848 4000 χρὴ

277 4007 588 4074 λυπεῖσθαι,
618 4012 736 4064 οὐδὲ
757 4013 1042 4084 ἀδημονεῖν
1069 4015 1158 4068 ἐπὶ
1188 4019 1299 4080 τοῖς
1322 4019 1684 4089 κακουμένοις
1707 4026 1851 4078 κατὰ.

278 4104 373 4153 τὸν
406 4102 650 4172 παρόντα
690 4101 824 4173 βίον,
859 4107 1178 4176 μακαρίζειν
1211 4108 1266 4160 δὲ
1299 4109 1496 4180 μᾶλλον
1525 4111 1739 4176 αὐτοὺς,
1774 4113 1848 4178 ώς

281 4190 389 4246 ὑπὸ
418 4191 511 4246 τοῦ
535 4193 666 4246 Θεοῦ
691 4195 1104 4266 παιδευομένους
1123 4214 1137 4228 ο
1171 4198 1473 4268 Μακάριος
1499 4200 1609 4273 γὰρ
1631 4202 1849 4270 ἀνθρω-

281 4302 418 4353 πος,
453 4285 526 4340 δν
564 4287 640 4340 ἂν
670 4288 1019 4357 παιδεύσῃς,
1039 4291 1214 4360 Κύριε
1226 4309 1244 4355 ;
1275 4293 1374 4346 καί
1417 4295 1482 4348 ἐκ
1515 4295 1620 4348 τοῦ
1662 4295 1848 4364 νόμου

279 4393 399 4432 σου
443 4377 694 4448 διδάξῃς
727 4382 930 4435 αὐτόν.
968 4383 1026 4435 '0
1055 4383 1163 4454 γὰρ
1195 4384 1577 4457 παιδευόμενος
1609 4387 1712 4438 ὑπὸ
1755 4385 1850 4440 σοῦ

283 4470 379 4524 καὶ
405 4469 804 4542 διδασκόμενος,
844 4475 1141 4545 πραΰνεται
1179 4476 1235 4528 ἐν
1265 4480 1384 4540 ταῖς
1415 4481 1674 4550 πονηραῖς
1709 4480 1847 4550 ἡμέ-

1945 3292 2079 3363 legis
2107 3299 2212 3345 tuae
2251 3289 2540 3360 disciplina
2575 3285 2894 3341 institutus?
2944 3281 3077 3338 Nam
3130 3280 3252 3336 ideo
3290 3276 3508 3348 pietatis

1945 3385 2090 3456 leges
2139 3384 2342 3454 scripto
2391 3380 2704 3443 tradidisti,
2763 3387 2822 3432 ut
2888 3376 2981 3448 qui
3047 3376 3156 3430 illis
3213 3371 3511 3426 instituun-

1947 3487 2058 3542 tur,
2089 3475 2412 3533 eruditionis
2452 3483 2556 3529 tua:
2593 3471 2888 3543 participes
2917 3471 3047 3526 sint.
3082 3467 3180 3522 His
3227 3481 3358 3521 vero
3403 3465 3506 3519 do-

1948 3583 2134 3623 cemur
2157 3566 2335 3620 tristia
2389 3565 2501 3628 illa,
2535 3579 2656 3634 qua:
2690 3563 2856 3632 justis
2905 3560 3182 3622 accidunt,
3209 3557 3276 3612 ad
3322 3571 3510 3611 eorum

1949 3659 2235 3714 utilitatem
2263 3671 2386 3712 esse
2416 3673 2430 3723 ;
2467 3656 2640 3710 instar
2666 3655 2809 3708 enim
2841 3653 3176 3706 athletarum
3209 3648 3326 3711 Dei,
3354 3646 3514 3700 labo-

1948 3751 2102 3806 ribus
2154 3748 2526 3804 exercitantur
2554 3761 2619 3801 ac
2665 3751 2971 3808 tentantur,
3004 3741 3289 3812 plagisque
3321 3737 3377 3791 in
3410 3752 3511 3806 pa-

1949 3843 2140 3898 tientia
2167 3840 2482 3910 probantur.
2520 3837 2860 3908 Quapropter
2892 3833 3268 3906 ingruentibus
3299 3831 3354 3884 in
3380 3843 3515 3899 prte-

1952 3935 2091 3993 senti
2123 3933 2232 3986 vita
2262 3931 2688 3993 calamitatibus,
2724 3925 3155 3982 non-dolendum
3185 3937 3286 3978 nec
3316 3921 3514 3990 despe-

1951 4026 2182 4082 randum
2212 4033 2328 4090 est;
2367 4025 2475 4079 imo
2499 4024 2680 4094 potius
2713 4022 2835 4076 illos
2864 4021 3054 4075 beatos
3081 4016 3352 4073 aestimare
3381 4028 3517 4067 cono

1952 4119 2122 4182 venit,
2166 4117 2313 4188 quod
2336 4132 2366 4170 a
2404 4114 2515 4170 Deo
2554 4113 2878 4169 erudiantur
2913 4129 2928 4167 :
2960 4125 3087 4165 nam
3135 4109 3318 4162 beatus
3357 4106 3514 4160 homo

1953 4226 2106 4281 quem
2151 4218 2206 4262 tu
2242 4207 2497 4264 erudieris
2548 4205 2792 4271 Domine,
2820 4213 2870 4259 et
2917 4202 2981 4256 de
3019 4203 3127 4264 leae
3155 4210 3247 4254 tua
3274 4197 3515 4252 docueris

1952 4317 2091 4356 eum.
2127 4299 2336 4354 Etenim
2369 4300 2463 4369 qui
2514 4298 2611 4354 abs
2674 4305 2728 4352 te
2775 4295 3025 4350 eruditur
3067 4303 3121 4348 et
3173 4293 3422 4354 docetur,
3459 4291 3516 4343 in

1952 4390 2146 4445 diebus
2176 4390 2334 4443 malis
2364 4388 2663 4458 mitigatur.
2695 4385 2754 4441 in
2779 4387 2914 4458 ipsis
2965 4385 3166 4455 quippe
3211 4380 3520 4436 atllictioni-

1956 4480 2059 4534 bus
2087 4485 2142 4534 et
2167 4478 2561 4534 tentationibus
2595 4492 2623 4530 a
2652 4477 2770 4547 lege
2821 4487 2912 4531 tua
2956 4473 3388 4528 consolationem
3421 4485 3520 4522 na-

283 4579 426 4635 ραις.
471 4563 557 4616 Ἑν
582 4565 771 4628 αὑταῖς
807 4566 937 4634 γοῦν
962 4571 1082 4632 ταῖς
1128 4571 1516 4636 κακοπαθείαις
1548 4573 1640 4625 καὶ
1669 4575 1726 4626 ὲν
1757 4573 1840 4626 αύ-

1957 4578 2098 4631 ctus,
2130 4569 2254 4624 hinc
2281 4567 2546 4623 medelam
2578 4569 2795 4637 accipit,
2825 4567 2894 4620 ad
2943 4564 3252 4635 patientiam
3297 4569 3350 4615 et
3391 4560 3520 4614 tole-

281 4655 398 4717 τοῖς
427 4658 539 4719 τοῖς
585 4661 910 4728 πειρασμοῖς
939 4659 1037 4722 τὰς
1081 4661 1188 4713 ἀπὸ
1213 4661 1307 4714 τοῦ
1343 4663 1508 4734 νόμου
1550 4681 1639 4716 σου
1676 4681 1850 4736 παρα-

288 4746 486 4816 μυθίας
534 4747 820 4818 λαμϐάνων
864 4749 1242 4820 θεραπεύεται,
1286 4755 1573 4824 ὑπομένειν
1611 4755 1852 4810 διδασκό-

288 4855 448 4909 μενος
472 4840 564 4892 κα¹ι
587 4840 974 4912 μακροθυμεῖν,
997 4841 1105 4910 ἓως
1132 4841 1204 4900 οὗ
1229 4845 1414 4914 ὀρυγῇ
1435 4845 1513 4912 τῷ
1529 4847 1851 4916 ἁμαρτωλῷ

277 4928 502 4996 βόθρος
520 4946 532 4958 ·
567 4929 725 4982 τοῦτο
756 4930 862 5000 γὰρ
886 4931 1047 4985 αὐτὸν
1077 4935 1356 5004 περιμένει
1385 4935 1445 4988 τὺ
1473 4935 1640 5001 τέλος,
1683 4937 1850 4990 καθά-

285 5035 393 5092 περ
418 5023 447 5074 ό
470 5021 560 5085 σὸς
584 5023 746 5092 νόμος
769 5023 1022 5076 διδάσκει.
1053 5025 1142 5077 Διὸ
1161 5025 1328 5079 ταῦτα
1356 5025 1636 5096 μανθάνων
1663 5029 1720 5080 ἐν
1741 5032 1852 5092 τοῖς

285 5112 396 5166 τῶν
427 5114 742 5185 πειρασμῶν
777 5117 984 5185 καιροῖς
1011 5116 1038 5167 ό
1063 5115 1288 5179 δίκαιος,
1323 5117 1622 5188 πραΰνεται
1650 5120 1743 5171 καὶ
1765 5118 1851 5172 θε-

287 5205 606 5279 ραπεύεται,
649 5206 746 5268 τὰς
795 5208 1046 5271 ἐκϐάσεις
1087 5207 1195 5260 τῶν
1238 5208 1574 5278 πραγμάτων
1613 5209 1848 5274 σκοπῶν,

1956 4662 2186 4714 rantiam
2219 4660 2522 4724 institutus,
2555 4659 2718 4712 donec
2759 4659 2994 4727 fodiatur
3037 4655 3298 4725 peccaturi
3339 4653 3520 4714 fovea;

1957 4753 2047 4806 hic
2079 4753 2222 4807 enim
2247 4753 2397 4806 illum
2428 4751 2551 4806 linis
2577 4756 2879 4819 exspectat,
2923 4758 2980 4802 ut
3003 4751 3088 4804 lex
3127 4755 3220 4802 tua
3253 4746 3510 4802 declarat.

1956 4844 2322 4910 Quamobrem
2360 4844 2545 4914 justus
2594 4845 2708 4898 htec
2771 4847 2826 4897 in
2891 4840 3210 4896 tentationis
3274 4845 3518 4907 tempore

1957 4937 2203 4998 edoctus,
2257 4937 2538 5008 mitigatur
2601 4951 2666 4990 ac
2722 4936 2986 4991 medelam
3063 4932 3282 5004 accipit,
3334 4945 3514 4986 rerum

1956 5037 2206 5092 eventus,
2239 5035 2403 5096 atque
2459 5026 2712 5082 vexantis
2763 5040 2824 5081 se
2870 5023 3177 5096 peccatoris
3206 5020 3522 5082 loveam,in

1956 5134 2120 5189 quam
2169 5119 2346 5186 cadet,
2401 5119 2781 5182 considerans,
2809 5119 3118 5189 bonamque
3156 5131 3314 5172 suam
3377 5112 3521 5182 apud

1957 5212 2122 5268 Deum
2153 5227 2302 5281 spem
2334 5227 2446 5282 prae
2470 5211 2644 5266 oculis
2684 5209 2908 5266 habens.

287 5302 383 5356 καὶ
422 5301 514 5353 τοῦ
565 5301 663 5372 μὲν
711 5301 1141 5365 καταπονοῦντας
1177 5301 1337 5356 αὐτὸν
1391 5300 1712 5372 ἁμαρτωλοῦ
1754 5303 1844 5357 τὸν
1877 5303 2065 5376 βόθρον
2086 5305 2165 5368 είς
2188 5303 2246 5358 ὃν
2272 5305 2614 5374 ἐμπεσεῖται,
2635 5302 2827 5356 ἑαυτοῦ
2847 5301 2904 5356 δὲ
2926 5300 3024 5364 τὰς
3079 5296 3232 5368 παρά
3282 5293 3362 5364 τῷ
3401 5293 3522 5362 Θεῷ

284 5393 495 5465 ἀγαθὰς
527 5394 744 5456 ἐλπίδας
772 5393 874 5465 πρὸ
900 5392 1188 5464 ὀφθαλμῶν
1210 5393 1510 5463 τιθέμενος.
1602 5440 1611 5448 .

363 5490 492 5540 Ὅτι
523 5489 634 5541 οὐκ
665 5485 964 5540 ἀπώσεται
995 5489 1204 5554 Κύριος
1230 5485 1333 5538 τὸν
1357 5483 1511 5538 λαὸν
1534 5482 1738 5544 αὐτοῦ,
1760 5483 1858 5537 καί

289 5582 404 5649 τὴν
460 5581 864 5649 κληρονομίαν
893 5578 1081 5634 αὐτοῦ
1112 5582 1219 5632 οὐκ
1268 5579 1709 5648 ἐγκαταλείψει,
1743 5577 1852 5643 ἕως

288 5671 360 5731 οὗ
391 5672 742 5739 δικαιοσύνη
771 5671 1099 5739 ἐπιστρέψῃ
1134 5673 1219 5737 εἱς
1253 5671 1472 5739 κρίσιν,
1516 5669 1616 5724 καί
1652 5670 1854 5739 ἐχόμε-

262 5756 385 5822 ’νοι
407 5764 597 5833 αὐτῆς
617 5765 837 5830 πάντες
863 5767 916 5818 ol
937 5764 1128 5830 εὐθεῖς
1156 5763 1231 5832 τῇ
1259 5763 1491 5832 καρδίᾳ.
1521 5762 1851 5832 Auiti-alga.

306 5857 636 5921 Ἀκολούθως
671 5855 804 5910 μετὰ
842 5855 902 5910 τὸ
933 5855 1226 5920 δωωοάψαι
1259 5856 1347 5920 τρν
1390 5855 1744 5909 ἀποκείμενον
1779 5833 1855 5908 τῶ

2035 5481 2202 5538 Vens.
2229 5481 2316 5546 M,
2350 5481 2438 5535 15.
2482 5480 2622 5548 Quia
2657 5497 2759 5534 non
2795 5477 3002 5546 repellet
3034 5474 3295 5528 Dominus
3322 5471 3522 5542 plebem

1955 5592 2127 5640 suam,
2166 5584 2217 5630 et
2246 5572 2602 5630 Ira’reditatem
2636 5589 2790 5626 suam
2822 5587 2924 5623 non
2946 5568 3288 5636 derelinquat,
3312 5567 3521 5637 quoad-

1959 5682 2119 5732 usque
2133 5665 2347 5734 justitia
2376 5673 2711 5716 convertatur
2740 5663 2793 5714 in
2819 5659 3108 5728 judicium,
3149 5671 3197 5710 et
3232 5659 3321 5727 qui
3341 5657 3494 5712 adha'

1959 5768 2071 5812 rent
2103 5759 2203 5828 ipsi
2242 5772 2418 5810 omnes
2460 5757 2587 5808 recti
2631 5752 2806 5807 corde.
2839 5749 3176 5820 Diapsalma.
3219 5747 3520 5819 Postquam

1963 5862 2204 5915 paratam
2258 5847 2529 5916 peccaturi
2593 5845 2798 5901 foveam
2841 5840 3226 5911 descripserat,
3277 5837 3516 5893 faustum
