3974 6534
279 369 419 426 1205

279 589 393 626 σειν
417 573 656 645 ἐμαυτῷ,
695 576 788 627 ἕνα
812 575 866 629 δὲ
895 577 1051 646 μόνον
1090 580 1374 650 ἐπίκουρον
1413 580 1726 650 κεκτῆσθαι,
1750 580 1840 634 τὸν

278 667 504 738 Κύριον,
530 667 588 729 ὃς
624 669 673 720 εί
701 666 776 739 μὴ
824 667 1141 740 βεδοηθήκει
1169 689 1278 742 μοι,
1307 671 1471 726 πάλαι
1511 672 1574 726 ἂν
1599 672 1702 726 ὑπὸ
1735 673 1841 725 τῶν

277 758 722 829 πονηρευομὲνων
747 761 839 813 καὶ
861 760 968 813 τῶν
993 762 1370 834 ἐργαζομένων
1388 765 1493 834 τὴν.
1510 764 1736 836 ἀνομίαν
1759 783 1843 817 νε-

282 851 567 922 νικημένος
611 852 687 924 τῷ
712 853 810 926 ᾄδῃ
851 855 1158 927 παρῲκουν,
1195 857 1366 928 αὐτῆς
1403 873 1504 928 μου
1536 857 1635 928 τῆς
1669 857 1842 929 ψυχῆς

270 942 375 994 καὶ
397 941 495 1012 τῆς
519 941 758 1014 λογικῆς,
786 948 880 1000 καὶ⁸
919 947 1018 1016 τῆς
1043 949 1161 1000 κατ’
1187 948 1369 1002 εἰκόνα
1391 946 1526 1002 Θεοῦ
1549 949 1843 1020 γενομένης

273 1032 484 1096 οὐσίας,
504 1034 592 1088 τὸν
620 1035 842 1090 θάνατον
866 1038 960 1090 καὶ
985 1037 1072 1092 τὸν
1089 1037 1220 1109 ᾅδην
1243 1039 1553 1110 οίκητήριον
1575 1038 1843 1110 λαχούσης

277 1123 441 1192 ἔχειν.
471 1125 652 1180 Ταῦτα
675 1128 718 1181 δ’
743 1124 834 1182 οὖν
874 1129 1072 1184 ἔπαθον
1097 1130 1184 1194 ἂν,
1227 1133 1275 1184 εί
1305 1130 1377 1202 μὴ
1405 1132 1565 1196 αὐτὸς
1588 1134 1616 1186 ό
1642 1131 1842 1205 Κύριος

276 1215 564 1287 παραστὰς
584 1217 903 1290 βεϐοηθήκει
924 1239 1032 1292 μοι.
1065 1221 1132 1274 Εἴ
1148 1239 1275 1276 ποτε
1298 1223 1426 1291 γοῦν
1451 1223 1843 1296 πειραζόμενος

274 1308 335 1360 ὲν
357 1310 470 1372 τοῖς
515 1309 718 1378 ἀγῶσιν
754 1312 1122 1384 άντελαϐὀμην
1159 1313 1443 1379 ἀσθενείας
1485 1315 1739 1386 ἐμαυτοῦ,
1767 1317 1844 1382 ὡς

275 1399 603 1454 κινδυνεύειν
647 1402 970 1474 σαλευθῆναι
1005 1407 1128 1469 τοὺς
1154 1406 1317 1470 πόδας
1351 1409 1449 1478 τῆς
1487 1409 1623 1479 ἐμῆς
1646 1409 1838 1482 ψυχῆς,

273 1491 518 1561 ὁμολογῶ
543 1496 881 1568 παραχρῆμα
904 1498 998 1551 τοῦ
1023 1499 1205 1562 ἐλέους
1230 1516 1344 1563 σου,
1370 1501 1566 1574 Κύριε,
1593 1503 1841 1575 αἴσθησιν

275 1582 574 1653 εἰληφέναι,
613 1587 705 1640 καὶ
732 1587 835 1640 ὑπὸ
861 1589 953 1642 σοῦ
987 1588 1342 1662 βεϐοηθῆσθαι
1363 1609 1376 1622 °
1415 1593 1490 1657 ὡς
1514 1595 1566 1646 εί
1590 1595 1662 1666 μῆ
1685 1596 1863 1650 τοῦτό-

277 1689 368 1744 μοι
402 1675 581 1748 παρῆν
628 1677 985 1751 ὑποστηρίζον
1032 1699 1132 1750 μου
1173 1682 1298 1746 τοὺς
1336 1683 1517 1748 πόδας,
1567 1685 1732 1739 πάλαι
1774 1686 1840 1741 ἂν

273 1761 564 1834 ὀλισθήσεις
609 1765 946 1823 ὲπεπτώκειν
982 1770 1088 1824 ἀπὸ
1137 1772 1236 1843 τῆς
1269 1773 1417 1845 παρὰ
1459 1775 1542 1828 σοὶ
1578 1777 1835 1840 στάσεως.

1425 377 1920 434 COMMENTABIA
1957 377 2023 431 IN
2063 375 2394 436 PSALMOS.

277 483 549 555 δμολογῶν
575 485 801 558 τάληθῆ,
831 487 1025 560 μηδένα
1057 489 1246 562 βοηθὸν
1271 492 1326 544 ὲν
1352 491 1653 564 ἀνθρώποις
1677 493 1841 564 εύρή-
1870 499 1913 554 Α

3358 384 3496 441 {206

1944 508 2216 562 mmmque
2244 501 2453 546 tantum
2485 494 2880 558 auxiliatorem,
2931 494 3217 551 Dominum
3265 497 3494 562 scilicet,

1945 590 2228 636 nacturum
2259 598 2381 639 esse
2409 602 2422 638 :
2455 585 2546 654 qui
2577 585 2838 640 nisi-mihi
2863 585 3158 655 Opituiatus
3189 595 3356 652 esset;
3381 587 3495 657 jam
3525 634 3527 641 .

1943 670 2150 742 pridem
2186 687 2216 725 a
2247 673 2671 743 malignantibus
2687 682 2741 728 et
2769 674 3124 744 operantibus
3155 676 3494 747 iniquitatem

1947 761 2219 827 devictus,
2243 764 2299 817 in
2343 763 2561 819 inferno
2585 765 2935 829 habitassem,
2987 767 3272 838 animaque
3296 783 3414 824 mea
3443 776 3527 824 et'

1943 853 2032 907 illa
2063 854 2484 910 rationabilis‘ad
2509 855 2794 928 imaginem
2821 857 2919 913 Dei
2935 859 3210 914 eﬂormatn
3238 861 3529 916 substan-..

1940 943 2036 1007 tia,
2088 955 2316 999 mortem
2371 955 2438 1001 et-
2491 946 2759 1002 infernum
2815 950 2870 1004 in
2919 949 3250 1006 domicilium
3304 953 3496 1008 sortita

1941 1042 2104 1090 esset.
2137 1033 2261 1090 llaec
2302 1050 2434 1093 sane
2491 1053 2686 1108 passus
2726 1056 2925 1104 essem,
2984 1043 3088 1098 nisi
3147 1051 3332 1099 astans
3381 1045 3499 1114 ipse

1941 1123 2202 1182 Dominus
2248 1129 2540 1186 auxiliatus
2590 1131 2718 1185 mihi
2777 1141 2937 1189 esset.
3008 1132 3063 1187 Si
3090 1133 3306 1204 quando
3334 1136 3499 1206 igitur

1941 1217 1995 1272 in
2023 1219 2418 1275 certaminibus
2441 1229 2710 1287 tentatus,
2787 1222 3098 1280 Inﬁrmuate
3145 1241 3264 1281 mea
3317 1241 3498 1280 corre-

1939 1315 2066 1378 ptus
2095 1308 2309 1376 fuerim,
2345 1312 2418 1365 ita
2443 1320 2501 1366 ut
2525 1313 2824 1383 periculum
2851 1323 2996 1370 esset
3020 1333 3092 1371 ne
3109 1319 3272 1388 pedes
3306 1319 3501 1374 anima:

1940 1414 2072 1452 meae
2100 1409 2609 1468 commoverentur;
2639 1402 2813 1458 fateor
2843 1405 3158 1469 nte-statim,
3185 1421 3217 1459 ο
3251 1405 3497 1470 Domine,-
3523 1456 3528 1460 .

1939 1489 2385 1546 miscricordiam
2418 1493 2658 1548 sensisse
2690 1502 2862 1557 tuam,
2906 1509 2971 1550 ae
3015 1511 3117 1566 ope
3169 1503 3276 1551 tua-
3303 1496 3496 1551 fultum
3526 1532 3531 1549 ,ς

1940 1593 2087 1634 esse.
2116 1579 2246 1646 Quae
2275 1581 2322 1634 si
2344 1582 2480 1636 mihi
2508 1599 2616 1638 non
2675 1584 3000 1652 adfuissent,
3031 1601 3127 1641 nec
3156 1587 3318 1656 pedes
3347 1603 3517 1644 meos.

1940 1679 2367 1739 sustentassent;
2400 1673 2508 1743 jam
2541 1675 2668 1728 olim
2689 1676 2874 1746 lapsus
2902 1692 2931 1730 a
2975 1693 3093 1731 mea
3145 1677 3286 1747 apud
3328 1684 3498 1734 testa-

1949 1763 2096 1818 tione
2127 1762 2468 1820 decidisscm.
2539 1764 2690 1824 Nunc
2749 1777 2923 1822 autem
2968 1769 3338 1824 misericordia
3381 1778 3492 1835 tua,

273 1853 388 1908 Νῦν
416 1833 472 1909 at
495 1856 554 1911 τὸ
581 1858 727 1925 ἔλεός
747 1879 860 1926 σου,
886 1863 1076 1935 Κύριε,
1101 1833 1279 1918 δίδωσί
1301 1833 1388 1937 μοι
1413 1869 1720 1939 παρρησίαν
1743 1833 1834 1922 τοῦ

1939 1851 2185 1919 Domine,
2220 1855 2467 1910 ﬁduciam
2497 1857 2625 1911 mihi
2650 1867 2867 1927 praestat
2894 1859 2959 1912 ad
2995 1860 3105 1915 lucc
3127 1861 3446 1931 proferenda

274 1943 478 2012 λέγειν·
523 1948 832 2017 Ἔστησας
879 1952 977 2004 ἐπὶ
1026 1953 1247 2020 πέτραν
1290 1955 1428 2022 τοὺς
1476 1955 1663 2024 πόδας
1696 1976 1835 2029 μου,

276 2035 374 2090 καὶ
411 2041 784 2108 κατηύθυνας
808 2043 878 2098 τὰ
914 2044 1239 2116 διαδήματά
1257 2065 1394 2116 μου.

345 2151 505 2205 Κατὰ
532 2150 598 2205 τὸ
629 2153 860 2222 πλῆθος
889 2155 1006 2209 τῶν
1029 2155 1259 2211 ὀδυνῶν
1279 2176 1397 2228 μου
1418 2159 1488 2212 ἐν
1521 2157 1596 2229 τῇ
1621 2161 1832 2231 καρδίᾳ

267 2260 390 2311 μου
429 2247 488 2298 al
535 2246 943 2314 παρακλήσεις
975 2265 1089 2303 σου
1132 2251 1444 2318 ηὔφραγαν
1484 2252 1600 2320 τὴν
1630 2253 1838 2322 ψυχήν
1872 2261 1877 2266 “

267 2353 408 2402 μου.
443 2336 517 2388 Ού
558 2337 716 2406 μόνον
741 2341 851 2403 τοῖς
899 2339 1023 2393 ποσί
1051 2357 1149 2412 μου
1183 2341 1242 2394 τὸ
1289 2341 1434 2406 ἔλεός
1474 2361 1564 2397 σου
1610 2344 1836 2416 δύναμιν

273 2430 500 2496 παρεῖχε
528 2428 662 2500 πρὸς
697 2434 757 2484 τὸ
787 2431 860 2502 μὴ
898 2432 1238 2502 σαλευθῆναι,
1273 2434 1392 2486 οὐδὲ
1433 2435 1646 2506 μόνονή
1687 2437 1834 2508 παρὰ

273 2517 366 2570 σοῦ
394 2519 611 2591 βοήθεια
651 2522 748 2592 τὴν
773 2522 908 2594 ἐμὴν
946 2524 1268 2595 κατεκράτει
1301 2525 1477 2598 ψυχὴν
1520 2527 1651 2599 πρὸς
1675 2527 1734 2580 τὸ
1760 2529 1833 2600 μὴ

271 2609 602 2680 παροικῆσαι
636 2611 710 2683 τῷ
735 2611 834 2684 ᾄδῃ
856 2629 870 2643 ·
898 2613 1032 2668 ἀλλὰ
1057 2616 1147 2668 καὶ
1189 2615 1255 2680 ἃς
1295 2616 1486 2689 ἔφερον
1513 2619 1569 2670 ὲν
1594 2621 1660 2688 τῇ
1701 2635 1834 2688 καρ-

267 2699 357 2772 δίᾳ
384 2717 483 2771 μου
499 2701 708 2767 ὀδύνας,
730 2704 785 2756 αἱ
810 2704 958 2776 παρὰ
980 2704 1073 2758 σοῦ
1091 2706 1457 2778 παρακλήσεις
1483 2707 1830 2780 ἐθεράπευον,

267 2792 564 2865 ἀπορρήτῳ
593 2792 816 2863 δυνάμει
841 2795 938 2865 τῆς
973 2793 1071 2866 σῆς
1096 2798 1460 2870 χρηστότητος
1496 2800 1833 2871 παρακαλού-

267 2885 370 2953 σης
395 2901 496 2954 μου
520 2884 616 2956 τὴν
639 2885 815 2959 ψυχὴν
839 2887 932 2939 καὶ
955 2887 1287 2959 εὐφροσύνης
1311 2889 1475 2961 αὐτὴν
1503 2889 1604 2962 πλη
1615 2890 1828 2962 ρούσης.

269 2974 403 3029 Οὐδὲ
428 2974 535 3047 γὰρ
563 2976 660 3046 μία
684 2995 766 3040 τις
789 2973 856 3048 ἦν
881 2978 1241 3050 παράκλησις,
1267 2979 1386 3034 οὐδὲ
1427 2979 1670 3052 δευτέρα,
1697 2981 1831 3040 ἀλλὰ

269 3063 487 3127 πλείους
513 3067 606 3118 καὶ
625 3065 903 3129 τοσαῦται,
930 3066 1050 3119 ὄσαι
1072 3063 1139 3138 ἦν
1163 3066 1391 3139 ἀριθμὸς
1406 3070 1511 3122 τῶν
1531 3071 1587 3123 ἐν
1609 3073 1672 3142 τῇ
1699 3087 1830 3143 καρ-

1939 1942 2188 1998 Statuisti
2212 1961 2372 2014 supra
2399 1955 2601 2015 petrant
2633 1949 2784 2015 pedes
2809 1966 2969 2015 meos,
2999 1961 3048 2004 et
3094 1952 3334 2007 direxisti
3361 1969 3498 2025 gres-

1936 2050 2024 2089 sus
2052 2052 2189 2090 meos
2213 2037 2275 2092 ".

2006 2145 2175 2204 Vens.
2210 2147 2295 2202 19.
2329 2147 2625 2205 Secundum
2659 2152 3048 2207 multitudinem
3084 2152 3325 2208 doloraut
3357 2170 3500 2210 meo-

1939 2256 2053 2293 rum
2080 2239 2130 2293 in
2156 2241 2310 2294 corde
2358 2258 2492 2307 meo,
2536 2245 2914 2299 consolationes
2950 2255 3054 2300 tua:
3095 2245 3496 2315 lteti/icauerunt

1938 2331 2169 2384 animam
2215 2348 2402 2386 meam.
2433 2330 2551 2387 Non
2595 2335 2770 2389 solum
2802 2335 3031 2405 pedibus
3083 2337 3220 2392 meis
3281 2338 3494 2392 miseri-

1935 2423 2120 2477 cordia
2150 2430 2241 2476 tua
2271 2423 2416 2479 vires
2453 2423 2680 2488 addidit,
2711 2433 2770 2479 ut
2813 2441 2922 2480 non
2968 2436 3442 2484 commoverentur
3478 2470 3492 2484 .

1933 2531 2106 2586 neque
2141 2517 2512 2570 tantummodo
2557 2517 2814 2572 auxilium
2846 2527 2996 2574 tuum
3043 2520 3278 2574 animam
3319 2536 3493 2576 meam

1931 2606 2236 2675 occupavit,
2278 2615 2336 2660 ut
2379 2623 2488 2661 non
2522 2607 2788 2663 habitaret
2828 2611 2883 2664 in
2925 2609 3174 2679 inferno;
3208 2612 3301 2668 sed
3331 2612 3494 2668 etiam

1932 2697 2170 2762 dolores,
2193 2713 2329 2768 quos
2357 2698 2409 2752 in
2444 2699 2607 2754 corde
2648 2716 2767 2755 meo
2802 2703 2920 2765 tuli,
2968 2704 3367 2759 consolationes
3389 2712 3495 2758 tuas

1933 2788 2252 2854 allevarunt,
2275 2803 2471 2843 arcana
2505 2791 2802 2846 clementiae
2835 2801 2940 2848 tute
2962 2794 3012 2848 vi
3046 2795 3279 2848 animam
3316 2809 3492 2849 meam

1931 2882 2266 2945 consolante,
2313 2881 2594 2951 ipsamque
2637 2883 2834 2952 gaudio
2892 2885 3148 2954 replente.
3187 2883 3304 2942 Non
3346 2885 3491 2938 enim

1931 2985 2037 3023 una
2076 2971 2398 3038 consolatio,
2434 2987 2538 3030 non
2567 2972 2736 3027 altera
2770 2981 2976 3028 tantum
3012 2974 3216 3039 adfuit,
3248 2973 3341 3029 sed
3374 2974 3492 3043 plu-

1930 3078 2044 3130 res,
2067 3078 2127 3116 ac
2146 3071 2224 3117 tot
2249 3077 2497 3127 numero,
2517 3071 2648 3134 quot
2673 3065 2724 3118 in
2742 3065 2904 3120 corde
2934 3081 3052 3120 meo
3073 3065 3288 3120 dolores
3313 3073 3487 3120 erant.

265 3153 357 3224 δίᾳ
383 3171 482 3225 μου
508 3153 722 3210 ὀδυνῶν.
765 3156 1100 3228 Ἐφαμίλλως
1126 3157 1254 3226 γοῦν
1277 3161 1395 3224 ταῖς
1426 3162 1586 3232 ἐμαῖς
1624 3161 1833 3226 ὀδύναις

1935 3154 2192 3210 Certatim
2221 3155 2404 3225 itaque
2445 3172 2542 3226 pro
2575 3171 2800 3211 numero
2832 3155 3102 3222 dolorum,
3137 3155 3206 3210 ad
3248 3156 3492 3226 singulos

266 3246 366 3310 τὰς
380 3246 528 3317 παρὰ
550 3246 642 3301 σοῦ
668 3266 758 3324 μοι
783 3251 1038 3321 παρεῖχες
1054 3251 1420 3324 παρακλήσεις
1440 3252 1574 3324 πρὸς
1597 3254 1830 3325 ἑκάστην

265 3336 480 3410 ὀδύνην,
507 3337 694 3413 ὥσπερ
717 3358 768 3395 τι
802 3340 1086 3413 φάρμακον
1122 3343 1383 3414 σωτήριον
1411 3341 1507 3416 τὴν
1534 3344 1630 3416 σὴν
1660 3345 1830 3416 παρά-

266 3429 460 3500 κλησιν
519 3432 859 3504 προσφέρων,
909 3435 1000 3488 καὶ
1046 3433 1233 3507 ὥσπερ
1279 3434 1486 3489 πλείοσι
1531 3435 1832 3507 τραύμασι,

266 3520 484 3585 πλείους
523 3523 741 3588 καὶτὰς
792 3523 1081 3595 θεραπείας
1123 3526 1428 3595 προσάγων.
1461 3527 1725 3582 Τοιούτων
1771 3529 1831 3587 δὲ

268 3613 666 3686 παρακλήσεων
691 3618 718 3669 ό
745 3615 882 3680 θεῖος
922 3617 1240 3681 Ἀπόστολος
1279 3619 1824 3690 ἀντιλαμϐανόμενος,

267 3704 502 3772 ἔφασκεν
523 3721 536 3735 ·
578 3705 919 3776 Εὐλογητὸς
944 3709 975 3760 o’
1005 3705 1166 3772 Θεὸς,
1192 3710 1224 3761 ό
1257 3707 1454 3776 Πατὴρ
1483 3708 1596 3762 τῶν
1619 3713 1832 3777 οἰκτιρη

259 3793 413 3865 μῶν,
460 3795 556 3849 καὶ
597 3794 740 3862 Θεὸς
770 3796 972 3864 πάσης
1012 3797 1462 3867 παρακλήσεως,
1502 3802 1534 3853 ό
1565 3815 1829 3870 παρακα-

264 3884 395 3940 λῶν
421 3885 585 3956 ἡμᾶς’
611 3886 681 3940 ἐν
710 3887 877 3955 πάσῃ
913 3887 986 3958 τῇ
1015 3891 1213 3958 θλίψει
1243 3887 1429 3960 ἡμῶν,
1455 3893 1542 3958 εὶς
1564 3893 1629 3947 τὸ
1652 3892 1829 3947 δύνα-

267 3978 408 4031 σθαι
433 3975 585 4046 ἡμᾶς
627 3979 993 4046 παρακαλεῖν
1030 3980 1170 4047 τοὺς
1198 3981 1268 4036 ἐν
1299 3981 1466 4052 πάσῃ
1498 3985 1697 4053 θλίψει
1729 3984 1827 4041 διὰ

264 4067 377 4135 τῆς
405 4069 858 4136 παρακλήσεως,
878 4067 950 4141 ἧς
975 4075 1470 4144 παρακαλούμεθα
1509 4076 1676 4131 αὐτοὶ
1709 4076 1826 4134 ὑπὸ

264 4157 374 4211 τοῦ
427 4158 592 4212 Θεοῦ.
641 4160 759 4212 Ὅτι
804 4161 963 4215 καθὼ
1012 4165 1353 4231 περισσεύει
1400 4165 1470 4220 τὰ
1514 4166 1827 4236 παθήματα

262 4249 372 4303 τοῦ
395 4249 649 4317 Χριστοῦ
680 4251 750 4305 ἐν
772 4251 932 4320 ἡμῖν,
963 4252 1113 4306 οὕτω
1160 4255 1494 4323 περισσεύει
1532 4255 1630 4308 καὶ
1659 4257 1697 4324 ἠ
1721 4271 1828 4310 παρ

255 4340 557 4410 ράκλησις
595 4344 778 4412 ἡμῶν.
807 4347 915 4400 Καὶ
951 4342 1019 4419 ἦν
1053 4346 1117 4400 ἂν
1153 4348 1324 4401 εἰπεῖν
1349 4349 1484 4420 πρὸς
1509 4349 1698 4413 ταῦτα,
1726 4367 1824 4421 με·

263 4431 562 4489 ταὸαλόντα
584 4436 663 4488 τό·
698 4436 818 4491 Οὐκ
842 4437 978 4503 ἄξια
1002 4438 1074 4492 τὰ
1091 4439 1402 4508 παθήματα
1439 4439 1544 4494 τοῦ
1569 4440 1684 4494 νῦν
1704 4459 1826 4495 και-

255 4521 373 4590 poi}
406 4523 555 4590 πρὸς
581 4523 692 4592 τὴν
720 4525 1069 4595 μέλλουσαν
1113 4528 1301 4594 δόξαν
1327 4529 1824 4601 ἀποκαλυφθῆναι

262 4615 352 4678 είς
391 4611 566 4682 ἡμᾶς,
603 4616 679 4668 τό·
708 4617 821 4669 Ούκ
857 4619 1003 4683 ἄξιον
1028 4621 1087 4674 τὸ
1125 4621 1325 4693 πλῆθος
1359 4621 1464 4675 τῶν
1489 4622 1686 4676 ὀδυνῶν
1717 4623 1825 4677 τῶν

264 4707 323 4758 ἐν
348 4709 414 4777 τῇ
440 4707 634 4778 καρδίᾳ
657 4726 758 4779 μου
793 4711 926 4782 πρὸς
951 4713 1046 4776 τὰς
1080 4715 1443 4788 παρακλήσεις
1486 4734 1600 4781 σου,
1625 4711 1670 4770 ὦ
1708 4717 1823 4772 Κύ-

264 4813 371 4868 ριε,
398 4798 485 4868 ἐφ’
506 4793 592 4862 αἷς
608 4798 887 4871 ηύφρανας
905 4801 1003 4871 τὴν
1017 4802 1192 4873 ψυχήν
1217 4822 1337 4874 μου.
1355 4805 1417 4858 El
1433 4805 1488 4858 δὲ
1513 4807 1596 4875 ἐφ’
1620 4807 1824 4876 ἑκάστῃ

260 4887 429 4963 ὀδύνη
453 4890 846 4961 παρακαλεῖταί
879 4909 961 4955 τις
987 4892 1088 4946 ὑπὸ
1130 4893 1223 4947 τοῦ
1251 4894 1408 4960 Θεοῦ,
1431 4896 1523 4948 καὶ
1549 4895 1648 4966 τῆς
1675 4897 1824 4967 παρὰ

262 4981 358 5035 τοῦ
387 4981 519 5035 Θεοῦ
545 4981 877 5054 εὐφροσύνης
903 4983 1246 5050 καταξιοῦνταί
1269 5002 1369 5048 τις*
1398 4986 1496 5038 ούκ
1522 4986 1586 5039 ἂν
1613 4985 1826 5051 εὔξαιτο

261 5072 351 5126 διὰ
379 5073 510 5126 Θεὸν
543 5073 756 5138 πλείους
789 5072 1078 5144 ὑπομένειν
1117 5074 1322 5138 ὀδύνας,
1350 5075 1424 5138 ὡς
1465 5076 1530 5129 ἂν
1568 5077 1826 5130 πλειόνων

263 5167 520 5238 τυγχάνοι
557 5166 966 5237 παρακλήσεων,
993 5167 1084 5223 καὶ
1121 5167 1375 5222 πλειόνων
1401 5167 1505 5222 τῶν
1541 5169 1633 5222 ἐπὶ⁹
1655 5169 1827 5224 ταῦτα

262 5257 609 5330 εὐφροσυνῶν
631 5276 645 5323 ;

333 5349 432 5419 Μὴ
459 5352 907 5421 συμπροσέσται
930 5366 1026 5406 σοι
1045 5353 1254 5420 θρόνος
1285 5353 1554 5422 ἀνομίας,
1575 5355 1607 5406 ό
1632 5351 1826 5407 πλάσο

261 5460 394 5498 σων
422 5443 614 5496 κόπον
647 5443 744 5496 ἐπὶ
782 5445 1162 5512 πρόσταγμας
1209 5444 1464 5508 Εἰκότως,
1493 5445 1642 5515 φησὶ,
1683 5443 1822 5498 κατὰ

261 5534 324 5587 τὸ
356 5532 556 5604 πλῆθος
581 5533 688 5588 τῶν
727 5534 923 5589 ὀδυνῶν
947 5535 1056 5588 τῶν
1092 5537 1147 5589 ὲν
1180 5537 1244 5606 τῇ
1281 5535 1478 5606 καρδίᾳ
1510 5552 1609 5605 μου
1634 5535 1690 5587 αἱ
1716 5550 1823 5588 πα·-

265 5625 551 5700 ρακλήσεις
578 5642 670 5678 σου
708 5624 985 5698 ηὕφραναν
1018 5626 1114 5696 τὴν
1149 5625 1324 5697 ψυχήν
1368 5642 1464 5697 μου
1485 5641 1497 5654 ·
1530 5625 1822 5697 ἐπειδήπερ

1933 3249 2176 3320 singulas
2216 3249 2344 3303 mihi
2390 3249 2790 3304 consolationes
2825 3257 2944 3303 tuas
2972 3247 3256 3302 admovisti
3291 3265 3303 3301 :
3333 3245 3492 3316 quasi

1929 3343 2166 3400 salutare
2185 3341 2535 3412 pharmacum
2554 3339 2977 3395 consolationem
2996 3338 3247 3402 offerens,
3267 3345 3318 3393 et
3335 3336 3491 3408 quasi

1929 3433 2114 3490 multis
2142 3432 2457 3487 vulneribus
2503 3431 2666 3485 multa
2701 3430 2937 3484 remedia
2973 3430 3251 3484 inducens.
3285 3427 3500 3498 l‘lujusm

1933 3525 2076 3582 modi
2103 3535 2280 3580 autem
2310 3521 2709 3578 consolationes
2729 3530 2924 3576 nactus
2952 3521 3170 3576 divinus
3196 3519 3493 3592 Apostolus

1929 3616 2140 3672 diccbat
2182 3631 2194 3665 :
2242 3613 2552 3668 Benedictus
2600 3614 2739 3668 Deus
2782 3613 2945 3667 Pater
2987 3613 3486 3678 misericordiarum,

1927 3707 2067 3764 Deus
2091 3709 2250 3761 totius
2279 3707 2680 3770 consolationis,
2706 3707 2794 3776 qui
2815 3705 3117 3761 consolatur
3138 3721 3232 3758 nos
3262 3706 3314 3758 in
3344 3707 3487 3761 omni

1930 3798 2265 3852 tribulatione
2293 3807 2474 3852 nostra
2517 3813 2534 3850 :
2572 3808 2628 3851 ut
2658 3798 2918 3866 possimus
2952 3815 3046 3851 nos
3079 3795 3343 3850 consolari
3377 3813 3485 3859 eos,

1925 3891 2013 3960 qui
2045 3891 2096 3943 in
2140 3889 2282 3943 omni
2319 3905 2566 3958 pressura
2611 3899 2754 3954 sunt,
2785 3905 2876 3958 per
2904 3889 3336 3952 consolationem,
3388 3904 3488 3958 qua

1927 3982 2266 4039 consolamur
2316 3982 2418 4051 ipsi
2465 3999 2497 4036 a
2551 3981 2677 4036 Deo.
2731 3981 2992 4048 Quoniam
3035 3981 3171 4036 sicut
3216 3980 3488 4034 abundant

1926 4076 2196 4145 passiones
2228 4072 2427 4130 Christi
2450 4075 2504 4127 in
2537 4073 2718 4137 nobis;
2754 4074 2828 4126 sic
2857 4071 3088 4125 abundat
3120 4082 3168 4126 et
3195 4072 3488 4126 consolatio

1927 4179 2112 4222 nostra
2149 4168 2214 4220 ”.
2261 4169 2438 4237 Atque
2476 4167 2588 4220 hith
2619 4166 2780 4220 verba
2835 4165 3092 4219 mutando
3141 4184 3154 4220 :
3204 4163 3324 4222 Non
3365 4173 3490 4221 sunt

1927 4260 2194 4330 condigna:
2219 4260 2493 4330 passiones
2523 4257 2678 4326 hujus
2708 4257 2954 4326 temporis
2988 4256 3055 4310 ad
3104 4258 3337 4329 futuram
3373 4257 3490 4328 glo-

1926 4354 2066 4406 riam
2100 4369 2213 4424 quae
2251 4351 2562 4407 revelabitur
2596 4352 2649 4404 in
2680 4348 2830 4404 nobis
2866 4350 2948 4418 ⁸¹;
2981 4351 3060 4406 sic
3088 4349 3193 4404 dici
3225 4356 3437 4421 poterat
3471 4367 3492 4408 ι

1925 4442 2046 4499 Non
2085 4451 2171 4500 est
2214 4444 2483 4514 condigna
2534 4441 2826 4497 multitudo
2855 4441 3104 4496 dolorum
3151 4455 3393 4495 meorum
3430 4440 3488 4497 in

1927 4534 2094 4590 corde
2132 4549 2271 4599 meo,
2307 4534 2374 4589 ad
2405 4533 2810 4589 consolationes
2838 4542 2978 4595 tuas,
3010 4531 3256 4592 Domine,
3288 4531 3488 4602 quibus

1925 4626 2206 4682 ltetilicasti
2238 4625 2473 4678 animam
2507 4639 2704 4678 meam.
2735 4623 2890 4690 Quod
2916 4625 2960 4678 si
2989 4623 3043 4676 in
3075 4621 3304 4692 singulis
3331 4623 3485 4677 dolo-

1926 4717 2080 4772 ribus
2118 4715 2242 4785 quis
2269 4729 2300 4767 a
2334 4713 2444 4768 Deo
2465 4713 2888 4769 consolationem
2921 4710 3172 4781 accipiat,
3201 4720 3254 4766 et
3280 4712 3485 4774 ltetitia,

1927 4823 2048 4878 quae
2078 4821 2107 4858 a
2133 4805 2243 4860 Deo
2261 4811 2365 4868 est,
2396 4804 2680 4874 dignetur;
2706 4818 2884 4857 annon
2935 4811 3084 4872 optet
3139 4816 3202 4857 ac
3231 4811 3482 4873 precetur

1929 4901 2126 4956 multos
2153 4915 2250 4970 pro
2288 4898 2397 4954 Deo
2426 4897 2642 4952 dolores
2674 4897 2964 4961 sustinere,
3020 4905 3080 4950 ut
3121 4897 3304 4966 plures
3354 4913 3488 4950 con-

1932 4992 2230 5048 solationes
2257 4997 2310 5045 et
2359 4989 2542 5060 plures
2581 5003 2644 5043 ea
2675 4988 2742 5043 de
2781 5003 2942 5044 causa
2980 4988 3195 5044 laetitias
3228 5003 3490 5067 assetwag
3522 5038 3526 5042 .

1929 5087 2060 5138 tur?

2003 5348 2168 5404 Vsus.
2202 5349 2292 5403 20.
2331 5347 2582 5418 Nunquid
2607 5347 2774 5402 aderit
2805 5346 2910 5402 tibi
2927 5344 3487 5415 thronusiniqujtatis,

1931 5444 2020 5513 qui
2038 5443 2190 5513 fingis
2215 5441 2446 5496 laborem
2474 5442 2527 5494 in
2549 5452 2800 5511 prwcepto
2821 5438 3020 5502 ?.Jurc,
3049 5437 3247 5508 inquit,
3291 5451 3488 5494 securi-.-

1930 5532 2057 5587 dum
2088 5533 2484 5589 multitudinem
2517 5533 2762 5588 dolorum
2803 5545 3042 5586 meorum
3070 5529 3121 5582 in
3155 5529 3316 5583 corde
3345 5543 3487 5592 meo,

1929 5625 2328 5681 consolationes
2377 5631 2483 5679 tum
2531 5624 2936 5682 lzetilicaverunt
2979 5621 3221 5681 animam
3269 5635 3490 5680 meant;

334 5783 378 5814 δ’
417 5781 557 5838 Psal.
594 5799 777 5847 usus,
813 5783 864 5837 5.
942 5783 987 5813 '°
1024 5780 1063 5836 ll
1099 5781 1223 5836 Cor.
1260 5796 1309 5844 t.
1347 5781 1459 5836 δεῖ).
1538 5782 1579 5814 ⁶¹
1624 5778 1778 5834 Rom.
1814 5795 1885 5844 ιι,
1928 5778 2008 5834 l8.
