3974 6538
593 327 616 382 Ι
628 329 728 385 207

1299 336 1561 393 EUSEBII
1601 339 2078 412 CESARIENSIS
2109 338 2260 397 OPP.
2302 340 2480 398 PARS
2519 343 2608 399 Ill.
2650 374 2720 385 —
2757 341 3162 400 EXEGETICA.

588 450 716 519 quia
765 451 864 513 tibi
903 451 1031 516 Deo.
1063 452 1261 524 'utpote
1301 455 1451 526 justo
1501 465 1556 512 et
1620 459 1782 523 bono,
1822 474 1928 514 non
1993 459 2146 516 adest

2136 467 2146 514 ί
2173 463 2218 520 Α
2245 459 2304 513 οὗ
2337 461 2593 532 πρόσεστι
2631 478 2716 514 σοι
2744 459 2861 532 Θεῷ
2885 461 2995 514 ὄντι
3035 460 3221 531 δικαίῳ
3263 459 3353 513 καὶ
3375 461 3538 532 ἀγαθῷ
3569 463 3705 534 θρὰως

585 544 816 599 thronus
853 546 1186 616 iniquitatis;
1213 549 1393 602 omnia
1420 550 1618 620 quippe
1664 551 1814 620 justo
1851 551 2056 621 judicio
2087 561 2142 606 et

583 643 733 698 recta
771 636 883 706 lege
913 637 1266 694 administras
1294 658 1307 695 :
1337 640 1457 696 ideo
1490 643 1644 712 ﬁngis
1674 641 1904 700 laborem
1927 645 1980 698 in
2000 659 2140 712 prte-

581 734 767 794 cepto;
799 726 850 779 id
889 737 991 792 est,
1033 739 1360 801 praeceptum
1395 742 1545 786 tuum
1580 734 1797 792 labores
1827 744 1882 790 et
1915 735 2140 792 sudores

581 819 733 888 parit
773 819 844 875 ob
867 823 1109 890 praemia,
1151 840 1269 893 qua:
1309 831 1429 894 post
1473 826 1710 882 laborem
1766 837 1984 884 strenue
2044 830 2138 883 de-

583 918 876 975 certantes,
907 915 1156 968 alacriter
1193 924 1246 972 et
1289 929 1696 986 perseveranter
1725 936 1935 990 passos,
1979 936 2140 976 exce-

585 1009 744 1070 ptura
770 1012 986 1058 suntm:
1015 1005 1176 1062 Vens.
1209 1007 1271 1063 2!
1299 1039 1324 1050 -
1344 1009 1432 1065 25.
1477 1009 1810 1065 Venabuntur
1832 1013 1885 1065 in
1907 1014 2136 1065 animam

574 1093 730 1162 justi,
770 1106 820 1150 et
861 1100 1165 1168 sanguinem
1222 1101 1542 1156 innocentem
1585 1102 2016 1159 condemnabunt.
2067 1103 2137 1159 Et

578 1184 754 1254 [actus
784 1197 862 1242 est
907 1191 1034 1243 mihi
1065 1190 1319 1246 Dominus
1349 1194 1404 1246 in
1431 1193 1706 1264 refugium,
1736 1205 1784 1248 et
1815 1195 1954 1249 Deus
1993 1213 2136 1252 meus

581 1274 636 1327 in
664 1275 987 1344 adjutorium
1016 1281 1126 1347 spei
1163 1298 1308 1336 mem.
1343 1281 1406 1335 Et
1437 1283 1614 1336 reddet
1655 1285 1763 1336 illis
1810 1285 2139 1354 iniquitatem

580 1365 833 1433 ipsorum,
863 1379 913 1422 et
949 1370 1229 1424 secundum
1263 1372 1524 1426 malitiam
1553 1389 1734 1426 eorum
1763 1373 2025 1442 disperdet
2047 1391 2134 1431 eos

577 1453 834 1512 Dominus
887 1459 1028 1514 Deus
1056 1472 1252 1516 noster.
1303 1461 1476 1532 lmpii,
1511 1463 1609 1527 ait,
1658 1464 1844 1518 tandiu
1899 1465 2135 1520 animam

571 1543 710 1616 justi
736 1548 1103 1615 venabuntur,
1142 1552 1350 1621 laqueis
1386 1552 1533 1607 illam
1579 1558 1634 1605 et
1664 1550 1871 1606 retibus
1901 1553 2134 1608 circum~

576 1633 790 1699 dantes,
807 1636 978 1692 donec
1003 1641 1316 1712 sanguinem
1340 1642 1674 1699 innocentem
1694 1641 2131 1707 condemnantes,

576 1741 697 1780 eam
731 1728 798 1784 ad
848 1739 1078 1785 mortem
1118 1749 1290 1804 usque
1322 1734 1666 1792 deduxerint.
1712 1735 1828 1790 Non
1862 1735 2005 1790 enim
2050 1745 2135 1791 sat

576 1815 683 1871 illis
714 1828 842 1874 sunt
883 1821 1095 1876 mulctaa
1132 1825 1502 1893 pecuniarum,
1538 1842 1715 1896 neque
1757 1827 1924 1897 plaga:
1955 1827 2135 1881 vulne-

575 1924 744 1980 raque
769 1915 983 1984 corpori
1015 1914 1287 1984 justorum
1321 1917 1556 1983 inﬂicta;
1605 1918 1699 1974 sed
1733 1920 1894 1973 etiam
1943 1917 2133 1974 mortis

577 2005 897 2059 sententiam
944 2013 997 2059 et
1038 2006 1306 2060 calculum
1344 2016 1532 2062 contra
1567 2010 1686 2065 illos
1721 2009 1918 2066 ferunt.
1950 2011 2026 2065 Ac
2057 2010 2132 2064 illi

575 2093 793 2162 quidem
822 2098 894 2150 ita
924 2113 981 2152 se
1007 2098 1206 2154 habent
1235 2115 1247 2150 :
1276 2114 1375 2169 ego
1412 2116 1542 2156 vero
1567 2117 1684 2165 cos,
1711 2102 1835 2158 licet
1865 2102 2133 2172 ejusmodi

573 2187 706 2252 sint,
732 2198 1078 2246 contemnere
1106 2192 1330 2247 edoctus
1378 2209 1521 2257 sum,
1562 2201 1615 2248 et
1663 2209 1834 2264 usque
1869 2193 1936 2247 ad
1986 2208 2131 2248 mor-

572 2283 683 2332 tem
708 2295 828 2334 cum
863 2281 1057 2337 fiducia
1087 2286 1405 2348 consistere,
1435 2301 1638 2356 gnarus
1666 2301 1752 2341 me
1797 2301 1895 2356 pro
1924 2284 2134 2355 refugio

574 2367 862 2424 Dominum
903 2372 1125 2438 habere,
1164 2384 1217 2430 et
1239 2391 1337 2446 pro
1360 2377 1629 2446 adjutorio
1659 2377 1771 2446 spei
1805 2393 1938 2432 mem
1965 2368 2132 2432 Deum

573 2474 774 2517 meum.
813 2462 914 2528 Qui
959 2463 1225 2535 refugium
1265 2483 1442 2521 meum
1490 2467 1734 2531 eil'ectus,
1787 2468 2134 2522 auxiliabitur

574 2549 749 2617 mihi;
802 2552 857 2606 in
907 2563 1068 2622 caput
1107 2569 1231 2610 vero
1261 2570 1447 2610 eorum
1492 2556 1586 2626 qui
1634 2564 1855 2626 captant
1896 2556 2131 2611 animam

571 2639 727 2710 justi,
763 2650 817 2697 et
863 2644 1177 2714 sanguinem
1211 2646 1547 2702 innocentem
1594 2648 1976 2707 condemnant,
2026 2647 2132 2700 ini-

574 2733 835 2802 quitatem
881 2735 1124 2806 ipsorum
1165 2739 1520 2809 retorquebit,
1553 2747 1606 2794 et
1649 2739 1908 2794 malitiam
1943 2753 2131 2792 eorum

573 2823 833 2879 adversus
849 2841 944 2882 eos
969 2826 1100 2896 justi
1116 2828 1309 2898 judicii
1329 2837 1570 2899 tempore
1593 2838 1891 2893 convertet,
1917 2829 2133 2900 quando

572 2913 846 2985 disperdet
889 2933 983 2974 eos
1030 2919 1290 2976 Dominus
1337 2919 1480 2976 Deus
1523 2929 1708 2976 noster
1738 2938 1750 2974 :
1777 2936 1944 2991 quare
1989 2918 2132 2974 Deus

572 3007 842 3062 ultionum
871 3011 1026 3066 initio
1047 3012 1243 3082 psalmi
1274 3011 1456 3068 dictus
1485 3020 1589 3068 est.

998 3185 1073 3256 (ι)
1115 3184 1437 3241 ΡεΑιιιυδ
1473 3184 1654 3242 xcw.

655 3272 817 3330 Vens.
850 3276 900 3329 l.
955 3275 1127 3329 Venite
1186 3276 1501 3329 exsultemus
1557 3274 1803 3336 Domino,
1844 3271 2128 3342 jubilemus

573 3366 683 3421 Deo
719 3367 984 3423 Saluatori
1034 3376 1231 3420 nostra.
1274 3366 1426 3436 Apud
1474 3365 1726 3421 lleltrtcos
1765 3365 1911 3419 nulla
1958 3363 2130 3419 fertur

573 3457 860 3529 inscriptio
891 3477 904 3511 :
941 3467 993 3510 ct
1026 3457 1220 3512 merito
1251 3473 1417 3524 sane;
1465 3472 1642 3526 neque
1672 3457 1815 3510 enim
1844 3463 2131 3510 consents.-

571 3564 733 3603 neum
769 3558 906 3611 erat,
939 3558 998 3602 ut
1028 3550 1108 3604 vel
1134 3549 1398 3620 psalmus,
1422 3549 1507 3603 vel
1543 3548 1797 3618 hymnus,
1836 3547 1919 3601 vel
1959 3546 2131 3600 canti-

570 3655 696 3695 cum
725 3641 1134 3704 inscriberetur,
1169 3657 1293 3695 cum
1323 3639 1632 3695 Judaaorum
1664 3639 1882 3709 quidem
1914 3647 2128 3709 gentem

571 3733 638 3786 ad
666 3734 1082 3788 exsultationem
1113 3740 1323 3793 evocet,
1362 3732 1494 3803 ipsis
1524 3744 1705 3786 tamen
1751 3732 2129 3786 interminetur

569 3823 729 3884 iram,
758 3834 810 3879 et
833 3833 1221 3895 praeceptorum
1251 3825 1406 3879 linem
1427 3823 1674 3878 tristibus
1693 3820 2123 3876 circumscribat.

571 3913 840 3969 Observes
870 3930 1028 3984 porro
1050 3914 1416 3974 velim,sicubi
1434 3914 1568 3968 alias
1592 3914 1644 3968 in
1671 3912 1950 3984 Scriptura
1971 3912 2124 3978 illud,

570 4005 754 4062 venite,
785 4005 988 4060 dictum
1019 4007 1108 4068 sit,
1138 4006 1408 4076 quomodo
1435 4021 1528 4060 eos
1549 4006 1703 4075 quasi
1736 4007 1833 4060 abs
1852 4019 1909 4060 se
1938 4004 2128 4074 procul

569 4101 809 4149 remotos
845 4095 910 4149 ad
947 4096 1308 4150 accedendum
1343 4104 1615 4165 provocet.
1651 4093 1786 4148 Nota
1832 4095 1956 4150 item
2006 4108 2127 4148 eam

568 4183 908 4240 Vocationem
940 4201 1152 4255 semper
1180 4186 1245 4240 ad
1277 4185 1474 4239 bonum
1510 4186 1729 4255 aliquod
1758 4185 1991 4256 dirigere
2024 4204 2037 4239 :
2071 4192 2129 4238 ut

570 4273 626 4327 in
657 4274 750 4328 illo
785 4293 797 4328 :
845 4275 1042 4336 Venite,
1085 4276 1208 4344 ﬁlii,
1237 4276 1417 4330 audite
1437 4294 1515 4330 me
1543 4278 1622 4343 ";
1655 4285 1709 4332 et.
1752 4295 1766 4330 :
1804 4276 2006 4341 Venite,
2040 4295 2128 4332 as-

569 4364 848 4419 cendamus
881 4365 948 4418 ad
979 4376 1200 4419 montem
1232 4365 1446 4421 Domini
1466 4367 1544 4430 ⁸³;
1584 4375 1638 4423 et
1679 4385 1692 4421 :
1738 4367 1912 4421 Venite
1949 4371 2016 4421 ad
2049 4385 2128 4424 me

2239 551 2498 623 ἀνομίας·
2527 553 2708 610 πάντα
2749 553 2856 624 γὰρ
2898 551 3075 622 κρίσει
3109 551 3289 621 δικαίᾳ
3320 553 3408 606 καὶ
3442 552 3563 624 ὀρθῷ
3601 557 3710 630 νόμῳ

2237 643 2453 707 διοικείς
2471 660 2485 673 ·
2519 643 2599 696 διὸ
2623 642 2924 710 πλάσσεις
2954 645 3142 697 κόπον
3160 641 3253 695 ἐπὶ
3276 644 3601 713 πρόσταγμα,
3625 665 3713 701 τω.

2237 732 2406 799 τέστι,
2433 733 2493 786 τὸ
2533 733 2859 804 πρόσταγμά
2907 749 2999 786 σου
3043 732 3223 786 κόπων
3250 731 3343 785 καὶ
3377 734 3600 801 καμάτων
3629 737 3710 788 ἐστὶ

2240 825 2519 894 ποιητικὸν
2567 824 2657 878 διὰ
2693 825 2790 886 τάς
2845 823 2982 896 μετὰ
3020 825 3145 887 τοὺς
3183 823 3369 888 πόνους
3409 824 3712 897 διαδεξόμενος

2237 915 2465 985 ἀμοιϐὰς
2481 917 2606 980 τοὺς
2623 915 2797 979 καλῶς
2817 915 3252 986 ἀγωνισαμένους
3269 915 3357 967 καὶ
3376 916 3455 968 τὸν
3469 917 3604 969 κόπον
3619 936 3714 988 προ-

2240 1003 2425 1076 θύμως
2452 1007 2544 1058 καὶ
2568 1007 2797 1070 εὐτόνως
2823 1005 3231 1076 ὑπομείναντας.
3262 1005 3623 1074 Θηρεύσουσιν
3642 1008 3710 1060 ἐπί

2237 1095 2447 1164 ψυχὴν
2471 1095 2728 1158 δικαίου,
2757 1096 2852 1150 καὶ
2891 1091 3031 1164 αἷμα
3061 1094 3250 1149 ἀθῶον
3277 1094 3714 1150 καταδικάσονται.

2235 1186 2344 1241 Καὶ
2387 1186 2621 1256 ἐγένετό
2657 1204 2759 1255 μοι
2797 1189 3013 1254 Κύριος
3055 1187 3140 1251 είς
3185 1184 3542 1253 καταφυγὴν.
3580 1185 3652 1237 καὶ
3689 1188 3712 1239 ό

2239 1278 2381 1344 Θεός
2411 1295 2528 1346 μου
2549 1280 2633 1343 είς
2666 1278 2896 1345 βοηθὸν
2919 1277 3164 1344 ἐλπίδος
3187 1294 3323 1346 μου.
3357 1274 3456 1328 Καὶ
3486 1274 3714 1329 ἀποδώσει

2235 1370 2434 1436 αὐτοῖς
2447 1370 2558 1438 τὴν
2571 1369 2824 1438 ἀνομίαν
2847 1367 3060 1433 αὐτῶν,
3081 1369 3342 1424 καὶκατὰ
3365 1367 3470 1435 τὴν
3488 1367 3715 1434 πονηρίαν

2234 1459 2428 1515 αὐτῶν
2467 1459 2703 1529 ἁρανιεῖ
2735 1459 2955 1524 αὐτοὺς
3000 1459 3213 1526 Κύριος
3253 1461 3304 1511 ὀ·
3332 1457 3464 1523 Θεὸς
3500 1454 3650 1526 ἡμῶν.
3671 1457 3716 1509 Οξ

2236 1553 2336 1624 μὲν
2359 1551 2592 1614 ἀσεϐεῖς,
2623 1551 2805 1624 φησὶν,
2830 1551 2921 1604 ἐπὶ
2939 1549 3188 1603 τοσοῦτον
3212 1548 3307 1618 τήν
3333 1546 3421 1601 τοῦ
3458 1547 3627 1602 δικαίου
3647 1545 3716 1614 6(a-

2234 1644 2332 1716 χὴν
2358 1642 2679 1715 θηρεύσουσι
2702 1640 2921 1710 παγίσιν
2952 1639 3118 1710 αὐτὴν
3153 1639 3246 1692 καὶ
3274 1639 3495 1699 δικτύοις
3518 1637 3714 1706 περιόὰλο

2233 1735 2430 1798 λοντες,
2457 1734 2560 1794 ἕως
2591 1734 2678 1788 ὅτε
2721 1733 2816 1787 καὶ
2846 1732 3004 1804 μέχρι
3020 1731 3246 1786 θανάτου
3283 1728 3632 1801 περιελάσωσιν
3650 1727 3716 1780 αὺ-

2232 1826 2349 1898 τὴν,
2383 1820 2520 1896 αἷμα
2542 1823 2714 1879 ἀθῶον
2739 1821 3203 1888 καταδικάζοντες.
3233 1823 3348 1876 Οὐκ
3373 1819 3626 1891 ἀρκοῦνται
3640 1818 3718 1889 γὰρ

2231 1923 2348 1982 ταῖς
2371 1920 2460 1974 διὰ
2477 1919 2769 1991 χρημάτων
2793 1919 3031 1990 ζημίαις,
3053 1917 3171 1970 οὐδὲ
3196 1918 3316 1978 ταῖς
3335 1915 3467 1968 κατά
3486 1913 3565 1966 τοῦ
3589 1911 3716 1982 σώμαι

2231 2027 2320 2074 τος
2345 2009 2452 2062 τῶν
2495 2010 2715 2064 δικαίων
2762 2009 2996 2080 πληγαῖς
3025 2025 3084 2060 τε
3131 2008 3222 2060 καὶ
3269 2006 3484 2068 αἰκίαις.
3515 2004 3626 2058 ἀλλά
3653 2005 3716 2056 καὶ

2231 2101 2328 2172 τὴν
2356 2100 2447 2154 ἐπὶ
2487 2099 2698 2170 θανάτῳ
2743 2099 2920 2170 ψῆφον
2952 2098 3069 2152 κατ’
3109 2097 3288 2151 αὐτῶν
3331 2096 3608 2165 ἐκφέρουσι.
3635 2095 3702 2147 Κίι

2232 2192 2397 2242 κεῖνοι
2424 2188 2521 2259 μὲν
2549 2187 2774 2241 τοιοῦτοι
2791 2205 2804 2217 ⁸
2833 2185 2942 2255 ἐγὼ
2964 2187 3019 2240 δὲ
3044 2188 3138 2240 καὶ
3165 2184 3415 2239 τοιούτων
3438 2187 3716 2255 καταφρονεῖν

2236 2278 2586 2351 μεμαθηκὼς,
2617 2279 2709 2332 καὶ
2745 2277 2903 2350 μέχρι
2945 2277 3172 2336 θανάτου
3206 2276 3478 2348 εὐθαρσῶς
3511 2274 3716 2335 ἵστασθαι,

2233 2372 2386 2436 εἰδὼς
2418 2372 2558 2443 ἔχειν
2583 2370 2802 2442 ἐμαυτῷ
2827 2371 3145 2441 καταφυγὴν
3177 2371 3269 2423 τὸν
3293 2370 3506 2440 Κύριον,
3529 2368 3606 2422 καὶ
3627 2369 3713 2438 βοη-

2233 2463 2322 2518 θὸν
2354 2463 2564 2527 ἐλπίδος
2600 2479 2698 2534 μου
2727 2462 2816 2514 τὸν
2849 2462 2979 2514 Θεόν
3017 2478 3143 2531 μου·
3171 2461 3229 2525 ὃς
3267 2461 3390 2531 ἐμοὶ
3419 2461 3507 2531 μὲν
3529 2457 3716 2530 βοηθήσει

2231 2555 2517 2622 καταφυγή
2553 2570 2650 2624 μου
2679 2552 2958 2622 γινόμενος
2975 2568 2989 2582 ·
3025 2554 3134 2615 τοῖς
3158 2551 3212 2604 δὲ
3238 2550 3514 2621 θηρεύουσι
3547 2549 3626 2619 τὴν
3646 2547 3716 2616 ψυ-

2231 2646 2330 2717 χὴν
2345 2645 2438 2698 τοῦ
2464 2644 2690 2708 δικαίου,
2718 2645 2809 2697 καὶ
2834 2637 2969 2713 αἷμα
2991 2642 3162 2697 ἀθῶον
3177 2641 3614 2704 καταδικάζουσιν,
3630 2639 3716 2689 ἀτο-

2231 2734 2389 2787 δώσει
2423 2733 2517 2804 τὴν
2542 2733 2770 2804 ἀνομίαν
2795 2731 2971 2786 αὐτῶν
2995 2734 3073 2796 είς
3093 2732 3332 2802 κεφαλὴν
3354 2732 3535 2796 αὐτῶν,
3560 2729 3634 2782 καὶ
3649 2725 3715 2796 τὴν

2232 2825 2495 2896 πονηρίαν
2528 2824 2704 2878 αὐτῶν
2754 2825 2969 2896 στρέψει
3002 2824 3120 2877 κατ’
3159 2823 3339 2876 αὐτῶν
3381 2824 3436 2876 ὲν
3463 2820 3530 2890 τῷ
3565 2820 3640 2889 τῆς
3663 2818 3716 2870 δι·

2231 2916 2568 2987 καιοκρισίας
2612 2915 2807 2986 καιρῷ,
2846 2917 2931 2968 ὅτε
2964 2915 3056 2968 καὶ
3103 2915 3323 2984 ἀφανιεϊ
3361 2913 3537 2975 αὐτοὺς
3571 2910 3716 2978 Κὺριος

2230 3007 2258 3059 ὁ
2278 3007 2407 3070 Θεὸς
2440 3006 2614 3078 ἡμῶν·
2645 3006 2725 3060 διὸ
2750 3007 2843 3061 καὶ
2867 3006 2997 3072 Θεὸς
3015 3005 3344 3077 ὲκδικήσεων
3377 3004 3489 3059 κατ’
3509 2999 3646 3072 ἀρχὰς
3665 2994 3716 3048 εἴ·

2154 3125 2197 3183 c
2233 3115 2392 3170 ρηται
2421 3098 2512 3151 τοῦ
2540 3098 2772 3169 ψαλμοῦ.

2790 3190 3077 3244 “mox
3113 3189 3222 3256 ιτα.

2295 3281 2469 3335 Δεῦτε
2499 3281 2991 3352 ἀγαλλιασάψεθα
3027 3279 3105 3346 τῷ
3137 3279 3354 3348 Κυρίῳ,
3398 3273 3715 3341 αιαιάεωμπ

2225 3369 2304 3436 τῷ
2329 3369 2446 3435 Θεῷ
2462 3371 2539 3437 τῷ
2565 3371 2786 3440 Σωτῆρι
2803 3370 2985 3441 ἡμῶν.
3011 3373 3083 3424 Οὐ
3111 3370 3336 3441 φέρεται
3365 3368 3485 3439 παρ’
3509 3361 3713 3435 Ἑϐραίοις

2225 3463 2259 3533 ἡ
2290 3464 2613 3534 προγραφὴο
2659 3464 2750 3515 καὶ
2796 3463 3048 3526 εἰκότως·
3086 3461 3207 3515 οὔτε
3238 3461 3351 3533 γὰρ
3389 3456 3593 3529 ψαλμὸν.
3628 3450 3712 3505 οὗτε

2228 3550 2413 3622 ὕμνον,
2449 3551 2570 3606 οὕτε
2625 3553 2763 3624 ᾠδὴν
2807 3551 3021 3620 εὔλογον
3055 3547 3123 3622 ἦν
3172 3550 3506 3623 ἐπιγράφειν,
3539 3547 3613 3600 τὸν
3642 3557 3713 3595 xa-

2225 3642 2417 3696 λοῦντα
2452 3644 2547 3714 μὲν
2566 3644 2656 3697 τὸν
2699 3643 2962 3697 Ἰουδαίων
2993 3643 3116 3697 λαὸν
3147 3643 3241 3696 ἐπὶ
3266 3641 3577 3710 ἀγαλλίασιν,
3600 3637 3708 3688 ent:-

2226 3731 2420 3787 λοῦντα
2455 3735 2512 3788 δὲ
2543 3735 2723 3798 αὐτοῖς
2755 3733 2920 3805 ὀργὴν
2951 3734 3044 3788 καὶ
3079 3733 3148 3786 τὰ.
3181 3732 3309 3804 τέλη
3345 3730 3446 3786 τῶν
3475 3719 3714 3795 παραγγεῦ

2231 3823 2414 3896 μάτων
2441 3825 2533 3878 ἐπὶ
2576 3823 2916 3896 σκυθρωποῖς
2947 3824 3374 3894 περιγράφοντα.
3408 3815 3650 3888 Σημειὼση
3673 3807 3712 3860 δὲ

2226 3914 2281 3967 εῐ
2305 3931 2406 3967 που
2438 3915 2533 3967 καὶ
2571 3912 2802 3984 ἀλλαχοῦ
2835 3914 2933 3984 τῆς
2961 3912 3182 3985 Γραφῆς
3209 3911 3290 3975 τὸ,
3325 3910 3503 3972 δεῦτε,
3537 3905 3710 3975 εἴρηται,

2227 4005 2319 4058 καὶ
2344 4003 2462 4055 τίνα
2494 4002 2688 4074 τρόπον
2712 4002 2786 4066 ὼς
2811 4002 3124 4070 ἀφεστῶτας
3147 4000 3240 4053 καλ⁸
3268 3999 3476 4071 μακρὰν
3493 3990 3712 4064 γεγονότος

2227 4092 2544 4167 πλησιάζειν
2569 4093 2716 4164 αὐτῷ
2736 4094 2888 4147 καλεῖ
2906 4110 2918 4123 °
2943 4095 3199 4166 τηρήσεις
3216 4092 3313 4145 καὶ
3336 4093 3413 4145 ὅτι
3434 4090 3625 4145 πάντοτε
3643 4077 3710 4148 τὴν

2225 4187 2414 4257 κλῆσιν
2443 4187 2527 4238 ἐπ’
2560 4184 2745 4256 ἀγαθῴ
2775 4189 3023 4248 ποιεῖται,
3066 4185 3139 4248 ὡς
3170 4186 3228 4236 ὲν
3253 4183 3354 4254 τῷ,
3383 4181 3542 4235 Δεῦτε
3564 4173 3709 4228 τέχναν

2225 4276 2522 4333 ἀκούσατέ
2557 4293 2695 4346 μου,
2720 4277 2833 4339 καὶ,
2862 4276 3034 4330 Δεῦτε
3075 4274 3380 4344 ἀναδῶμεν
3415 4274 3494 4337 εὶς
3525 4266 3581 4321 τὸ
3616 4262 3710 4329 ερας

2225 4368 2464 4435 Κυρίου,
2493 4367 2604 4430 καὶ,
2637 4367 2813 4420 Δεῦτε
2844 4365 2994 4434 πρὸς
3015 4367 3093 4435 μὲ
3119 4365 3341 4431 πάντες
3361 4365 3413 4418 oi
3437 4356 3707 4415 κοπιῶντες,

569 4473 744 4510 omnes
775 4457 862 4526 qui
887 4455 1141 4510 laboratis
1174 4458 1254 4523 ’λς
1297 4466 1351 4512 et
1380 4475 1392 4510 :
1436 4457 1632 4522 Venite,
1664 4457 1915 4512 benedicti
1947 4458 2125 4513 Patris

2155 4465 2201 4527 ι)
2230 4459 2342 4520 καὶ,
2377 4458 2552 4510 Δεῦτε
2592 4459 2645 4511 οὶ
2690 4455 3073 4526 εὐλογημένοι
3116 4455 3222 4508 τοῦ
3262 4453 3483 4521 Πατρός
3507 4463 3616 4515 μου.
3648 4438 3709 4492 Ἦν

572 4549 674 4601 mei
703 4547 770 4603 ".
814 4547 870 4601 ln
907 4548 1008 4602 hoc
1047 4555 1224 4602 autem
1261 4549 1468 4616 psalmo
1495 4549 1641 4602 clare
1694 4546 1758 4601 ad
1807 4548 2124 4602 exsultatio-

566 4653 692 4693 nem
727 4638 908 4692 venire
938 4646 1210 4708 provocat.
1237 4638 1417 4705 Quare
1445 4638 1700 4693 observes
1729 4638 1875 4702 item,
1907 4653 2016 4692 non
2042 4654 2126 4693 re-

567 4737 653 4783 cte
681 4729 948 4783 aestimare
985 4744 1099 4792 eos,
1159 4730 1252 4799 qui
1287 4730 1476 4800 jugum
1514 4730 1794 4801 religionis
1851 4731 2006 4785 triste
2059 4744 2124 4784 ac

567 4819 855 4874 molestum
879 4835 1000 4875 esse
1027 4820 1364 4874 arbitrantur
1412 4839 1424 4874 :
1473 4821 1536 4873 ad
1571 4822 1709 4875 bona
1747 4823 1945 4892 quippe
1972 4831 2027 4878 et
2055 4821 2121 4877 ad

567 4908 689 4962 laeta
719 4909 1053 4964 vocationem
1096 4909 1227 4966 edit.
1258 4909 1354 4964 His
1393 4926 1678 4981 compares
1705 4912 1835 4967 illud
1881 4931 1894 4966 :
1940 4912 2124 4968 Disce-

564 4996 674 5050 dite
725 4999 778 5051 in
828 4999 995 5068 ignem
1023 5010 1274 5054 aeternum
1318 5000 1386 5064 “,
1426 5009 1480 5056 et
1511 5001 1728 5064 similia,
1761 5017 1880 5071 ιιιιοε
1913 5003 2123 5058 ratione

568 5089 730 5156 longe
759 5088 1029 5142 contraria
1065 5097 1119 5141 et
1141 5089 1355 5144 diversa
1387 5090 1457 5144 ab
1505 5091 1618 5154 illo,
1656 5093 1838 5155 venite,
1882 5101 2123 5161 peccato-

567 5177 723 5231 ribus
739 5175 1016 5230 dicuntur.
1047 5176 1313 5241 Quoniam
1342 5179 1602 5233 bellorum
1628 5188 1869 5251 tempore
1893 5185 2124 5237 victores

564 5267 796 5338 jubilare
840 5266 1036 5326 solent,
1073 5273 1233 5336 atque
1273 5269 1441 5322 altum
1481 5270 1820 5326 conclamare
1863 5272 2123 5329 adversus

568 5360 848 5425 inimicos;
881 5370 1183 5430 opportune
1224 5375 1332 5413 non
1377 5361 1537 5414 modo
1571 5363 1802 5431 gaudere
1843 5371 1896 5417 et
1945 5364 2125 5418 exsul-

567 5455 704 5512 tare,
740 5451 833 5506 sed
873 5450 1034 5505 etiam
1067 5449 1134 5504 de
1165 5457 1318 5518 parta
1367 5450 1589 5504 salutari
1624 5453 1848 5506 victoria
1891 5453 2122 5523 jubilare

567 5542 828 5613 pracipit.
854 5540 989 5609 Quis
1010 5551 1188 5598 autem
1218 5541 1380 5597 fuerit
1407 5540 1651 5597 Salvator
1676 5553 1726 5598 et
1753 5543 1893 5600 Deus
1915 5555 2120 5612 noster,

2227 4549 2284 4602 δὲ
2324 4549 2400 4620 τῷ
2457 4549 2592 4619 μετὰ
2624 4551 2810 4620 χεῖρας
2853 4546 3053 4618 ψαλμῷ
3104 4545 3289 4614 σαφῶς
3330 4544 3418 4598 ἐπὶ
3461 4535 3710 4628 ἀγαλλίαςιν

2223 4640 2380 4709 ἥκειν
2409 4639 2732 4710 παρακαλεῖ.
2753 4638 2842 4690 Διὸ
2866 4634 3165 4708 σημειώσῃ,
3187 4637 3268 4688 ὅτι
3299 4636 3371 4706 μὴ
3393 4630 3554 4691 καλῶς
3574 4629 3710 4695 ἡτουν·

2225 4747 2315 4784 ται
2341 4734 2386 4784 οἱ
2420 4720 2738 4800 σκυθρωπὸν
2766 4731 2859 4785 καὶ
2897 4730 3152 4783 ἐπίλυπον
3186 4727 3485 4798 νομίζοντες
3517 4711 3709 4774 εἶναιτδν

2224 4823 2324 4893 τῆς
2354 4823 2656 4888 θεοσεϐείας
2691 4824 2878 4892 ζυγόν·
2913 4825 2996 4876 ἐπ’
3025 4821 3243 4890 ἀγαθοῖς
3269 4821 3375 4890 γὰρ
3411 4817 3493 4872 καὶ
3529 4803 3710 4881 φαιδροῖς

2227 4918 2455 4968 ποιεῖται
2479 4915 2575 4986 τὴν
2599 4915 2808 4985 κλῆσιν.
2833 4915 3049 4978 Τούτοις
3079 4913 3318 4982 παράθες
3345 4909 3418 4974 τὸ,
3449 4897 3710 4973 Πορεύεσθε

2224 5009 2311 5071 εἰς
2345 5007 2409 5060 τὸ
2435 5007 2552 5076 πῦρ
2593 5008 2656 5060 τὸ
2683 5009 2938 5069 αἰώνιον,
2969 5007 3062 5060 καὶ
3091 5005 3160 5059 τά
3193 5006 3368 5075 ὃμοια,
3407 4996 3624 5055 ἐναντίως
3651 4987 3708 5047 τὸ.

2225 5097 2414 5160 δεῦτει
2457 5103 2566 5161 τοῖς
2608 5100 2974 5171 ἁμαρτάνουσι
3011 5097 3292 5168 λεγόμενα.
3337 5089 3531 5159 Ἐπειδὴ
3558 5089 3604 5139 ὲν
3631 5079 3709 5137 ὥς

2226 5193 2436 5261 καιροῖς
2473 5190 2577 5243 τῶν
2603 5191 2852 5261 πολέμων
2883 5193 2930 5244 ol
2957 5190 3212 5252 νικῶντες
3229 5184 3498 5248 ἀλαλάζειν
3520 5174 3706 5233 abirem.

2227 5284 2318 5336 καὶ
2349 5284 2488 5354 μέγα
2521 5283 2646 5354 βοᾷν
2669 5282 2809 5335 κατά
2838 5281 2946 5334 τῶν
2975 5280 3262 5351 πολεμίων,
3285 5278 3491 5337 εἰκότως
3512 5271 3563 5324 οὐ
3593 5263 3708 5336 μόνον

2227 5371 2431 5443 χαίρειν
2459 5373 2551 5426 και
2588 5371 2864 5442 ἀγαλλιᾷν,
2899 5368 3034 5423 ἀλλὰ
3060 5370 3151 5422 και
3175 5364 3446 5430 ἀλαλάζειν
3474 5356 3617 5449 ετῖῖτῇ
3638 5365 3709 5449 “3*

2225 5461 2397 5531 τηρίῳ
2427 5460 2550 5532 νίκῃ
2579 5461 2919 5532 προστάττει.
2957 5459 3052 5522 Τίς
3076 5459 3120 5512 δ’
3149 5458 3215 5512 ἂν
3242 5457 3324 5526 εἴη
3355 5456 3382 5507 6
3408 5447 3570 5518 Σωτὴρ
3593 5444 3707 5511 ἡμῶν

2228 5551 2320 5602 καὶ
2349 5549 2482 5613 Θεὸς
2519 5551 2692 5621 ὴμῶν,
2730 5549 2763 5620 ἢ
2795 5552 2824 5603 ὁ
2851 5547 2947 5604 τοῦ
2986 5547 3120 5602 Θεοῦ
3151 5547 3316 5615 Λόγος
3353 5545 3380 5597 6
3409 5536 3572 5598 εἰπὼν,
3598 5533 3705 5594 ἀφ’

635 5661 680 5692 ³³
717 5656 861 5721 Psal.
897 5672 1098 5717 sunt,
1134 5655 1219 5711 l2.
1298 5655 1344 5687 ⁵³
1387 5654 1489 5710 lsa.
1523 5669 1594 5718 ιι,
1628 5656 1680 5710 3.
1771 5657 1814 5688 ³⁸
1858 5657 2043 5714 Matth.
2079 5676 2153 5728 χι,
2183 5659 2204 5713 ﬁ

1771 5657 1814 5688 ”
1858 5657 2043 5714 Matth.
2079 5676 2153 5728 XI,
2183 5659 2271 5715 28.
2349 5662 2394 5696 ⁸³
2433 5661 2621 5716 Matth.
2657 5680 2783 5728 xxv,
2821 5661 2908 5717 3L
2986 5663 3031 5694 "
3071 5660 3199 5715 ibid.
3238 5660 3321 5713 Μ.

638 5749 712 5819 (l)
755 5749 910 5821 Vulg.
943 5751 1120 5816 habet,
1160 5748 1296 5806 Laus
1323 5749 1510 5804 cantici
1543 5751 1637 5817 ipsi
1665 5749 1847 5804 David.
