3974 6532
241 346 379 405 ηον

1342 343 1848 403 ΕΟΜΜΕΝΪΑΒΙΑ
1875 344 1942 399 ιιι
1980 342 2319 401 PSALMOS.

3312 354 3454 409 i210

237 463 418 527 σεῖτε,
450 462 563 533 ἐγὼ
588 462 874 532 νενίκηκα
900 461 1007 517 τὸν
1026 464 1288 532 κόσμον;
1314 465 1343 519 ὁ
1373 463 1470 516 καὶ
1495 462 1796 534 ῥυσάμενος

1915 464 2001 520 nisi
2062 463 2154 519 Dei
2202 462 2430 518 Verbum
2461 466 2605 534 quod
2648 465 2829 523 dixit:
2870 468 3161 539 Conﬁdite,
3215 487 3307 545 ego
3356 473 3454 526 vici

235 556 384 625 ἡμᾶς
412 554 519 608 ἀπὸ
544 555 641 623 τῆς
682 555 847 608 πάλαι
888 554 1332 625 κατακρατούσης
1358 554 1516 624 ἡμῶν
1550 554 1795 624 δαιμονι-

237 646 339 715 κῆς
381 646 675 716 ἐνεργείας,
721 638 781 698 οὗ
830 648 923 699 καὶ
962 646 1021 700 τὸ
1067 644 1272 716 Ἰησοῦς
1316 646 1487 716 όνομα
1505 660 1800 713 σωτηριον

250 734 511 806 Ἐϐραῖκῇ
561 737 709 806 (ρωνῇ
756 736 1026 807 σημαίνει.
1075 736 1236 799 Τίνας
1271 734 1331 788 δὲ
1378 735 1801 806 προηγουμένως

236 828 266 879 ὁ
291 825 445 893 λόγος
477 827 566 879 ἐπὶ
590 826 687 897 τὴν
710 826 1020 895 άγαλλίασιν
1040 826 1363 898 παρακαλεῖ,
1395 825 1575 898 εὕροις
1597 826 1664 880 ἂν
1683 828 1801 881 ἐπι-

242 919 443 988 στήσας
464 921 573 979 τοῖς
596 917 741 988 έξῆς,
775 920 832 970 ὲν
862 911 941 981 οἷς
970 915 1199 988 εἴρηται,
1232 918 1394 973 Κατὰ
1423 918 1539 985 τὴν
1578 917 1804 987 ἡμέραν

238 1009 346 1063 τοῦ
382 1010 709 1079 πειρασμοῦ
732 1009 801 1061 ὲν
830 1006 903 1076 τῇ
936 1007 1149 1076 ἐρήμῳ,
1180 1004 1251 1064 οὗ
1290 1008 1616 1076 ἐπείρασαν
1648 1026 1727 1077 με
1748 1010 1803 1061 οὶ

238 1100 491 1169 πατέρες
540 1098 723 1170 ὑμῶν.
766 1100 958 1168 Σαφῶς
985 1100 1093 1170 γὰρ
1120 1099 1208 1154 διὰ
1255 1099 1455 1154 τούτων
1499 1100 1649 1172 δηλοῖ
1677 1101 1803 1162 τοὺς

238 1193 390 1255 υἱοὺς
419 1192 526 1244 τῶν
565 1193 621 1245 ὲν
656 1194 721 1262 τῇ
762 1194 952 1263 ἐρήμῳ
987 1191 1533 1262 παραπικρανάντων,
1577 1190 1732 1261 δῆλον
1759 1189 1804 1243 δ’

236 1284 321 1336 ὅτι
340 1283 461 1346 τοὺς
481 1284 545 1336 ὲκ
570 1283 884 1353 περιτομῆς.
908 1283 1137 1345 Τούτους
1157 1282 1440 1353 τοιγαροῦν
1461 1282 1805 1335 ἀνακαλεῖται

236 1373 441 1441 λέγων·
477 1374 653 1427 Δεῦτε
673 1372 1165 1443 ἀγαλλιασώμεθα
1195 1373 1275 1439 τῷ
1304 1374 1517 1441 Κυρίῳ.
1547 1373 1804 1436 Θεσπίξει

236 1466 283 1517 δ’
313 1466 396 1519 ὅτι
431 1465 504 1537 μὴ
544 1465 933 1519 ὑπακούσονται
963 1468 1029 1535 τῇ
1066 1465 1287 1537 κλήσει·
1321 1466 1467 1534 λέγει
1498 1466 1541 1519 δ’
1568 1461 1660 1518 οὖν
1711 1466 1804 1517 ἐπὶ

240 1559 408 1612 τέλει·
452 1557 565 1612 Ἀεὶ
609 1556 949 1612 πλανῶνται
977 1555 1052 1625 τῇ
1098 1556 1331 1625 καρδίᾳ.
1374 1558 1551 1611 Αὐτοὶ
1590 1556 1658 1610 δὲ
1694 1558 1805 1610 οὐκ

240 1651 515 1719 ἔγνωσαν
540 1651 647 1716 τὰς
695 1648 874 1713 ὁδούς
905 1666 1043 1717 μου,
1096 1648 1177 1714 ὡς
1203 1647 1412 1718 ὤμοσα
1438 1650 1511 1702 ἐν
1541 1647 1618 1716 τῇ
1657 1645 1805 1717 ὀργῇ

234 1758 377 1810 μου,
416 1742 469 1793 ει
504 1741 951 1794 εἰσελεύσονται
985 1742 1072 1805 είς
1107 1739 1223 1809 τὴν
1252 1739 1631 1794 κατάπαυσίν
1663 1756 1801 1807 μου.

1899 554 2229 618 mundum",
2262 561 2422 624 atque
2437 572 2535 611 uos
2563 557 2631 612 ab
2664 558 2863 615 efficaci
2907 562 2995 616 illa
3018 563 3321 618 daemonum
3342 564 3455 616 vir-

1898 656 2047 712 tute,
2106 663 2227 718 qua:
2261 649 2417 703 nobis
2434 649 2559 702 olim
2582 648 3483 721 dominabatur,liberavit;cujus.
3587 678 3599 685 -

1900 754 2096 794 nomen
2126 738 2303 804 Jesns,
2353 740 2586 793 salutare
2637 740 2901 795 Hebraice
2942 743 3247 814 signiﬁcat?
3274 742 3458 810 Quos-

1900 846 2025 885 nam
2059 846 2189 885 vero
2219 832 2487 902 praecipue
2519 832 2583 887 ad
2618 833 3032 893 exsultationem
3077 842 3329 906 provocet
3365 832 3460 887 de-

1901 920 2226 991 prehendes,
2271 922 2315 976 si
2343 922 2656 978 consideres
2696 938 2758 977 ea
2788 939 2910 991 qua:
2940 934 3262 995 sequuntur,
3294 932 3345 981 et
3378 923 3458 979 sic

1904 1013 2122 1078 habent,
2162 1013 2457 1068 Secundum
2508 1015 2645 1069 diem
2677 1018 2981 1070 tentationis
3015 1019 3071 1071 in
3105 1018 3328 1081 deserto,
3369 1016 3467 1071 ubi

1905 1114 2233 1159 tentaverunt
2263 1122 2343 1159 me
2369 1115 2543 1175 patres
2574 1107 2747 1160 vestri.
2778 1106 2875 1163 His
2894 1108 3038 1163 enim
3070 1108 3357 1164 manifeste
3385 1107 3467 1164 si-

1902 1194 2124 1265 gnificat
2146 1194 2286 1250 filios
2312 1210 2497 1250 eorum
2520 1194 2615 1264 qui
2641 1196 2693 1249 in
2726 1196 2946 1251 deserto
2990 1198 3461 1254 exacerbaverunt

1901 1301 2049 1347 eum,
2081 1285 2197 1340 sive
2246 1287 2504 1355 populum
2557 1299 2621 1339 ex
2671 1285 3108 1341 circumcisione.
3161 1286 3270 1341 llos
3298 1287 3465 1356 igitur

1901 1385 2091 1430 evocat
2114 1374 2324 1439 dicens,
2351 1375 2544 1437 Venite,
2571 1376 2889 1431 exsultemus
2919 1376 3163 1443 Domino.
3188 1375 3466 1433 Vaticina-

1904 1473 1992 1518 tur
2022 1478 2204 1534 porro,
2230 1478 2326 1517 eos
2352 1463 2621 1517 vocationi
2655 1479 2763 1518 non
2796 1465 3262 1535 obtemperaturos
3293 1482 3416 1523 esse
3447 1489 3464 1524 ς

1900 1554 1978 1609 an
2007 1555 2151 1611 enim
2182 1556 2283 1609 sub
2313 1554 2471 1609 linem
2499 1574 2513 1610 :
2548 1556 2760 1625 Semper
2781 1567 2960 1610 errant
2989 1557 3161 1612 corde.
3196 1556 3307 1625 Ipsi
3347 1574 3469 1613 vero

1904 1661 2010 1700 non
2043 1655 2385 1716 cognoverunt
2414 1647 2525 1700 vias
2564 1663 2727 1711 meas,
2753 1648 2886 1701 sicut
2911 1647 3091 1716 juravi
3119 1649 3172 1702 in
3196 1650 3278 1701 ira
3307 1665 3423 1703 mea
3447 1687 3464 1711 ,

1903 1738 1953 1791 si
2001 1738 2288 1791 introibant
2326 1739 2380 1791 in
2406 1739 2631 1808 requiem
2661 1756 2851 1794 meam.
2882 1738 3148 1804 Quoniam
3200 1740 3363 1810 igitur
3390 1738 3468 1794 illi

256 1833 407 1886 Ἐπεὶ
434 1828 525 1886 οὖν
555 1834 750 1886 ἐκεῖνοι
781 1833 868 1886 ἀεὶ
898 1832 1202 1887 πλανῶνται
1232 1835 1297 1902 τῇ
1339 1831 1554 1903 καρδίᾳ,
1584 1830 1805 1895 εἰκότως

1915 1843 2117 1898 semper
2143 1835 2333 1883 errant
2385 1830 2581 1894 corde;
2616 1832 2808 1885 merito
2860 1832 3202 1901 subsequens
3228 1832 3470 1901 psalmus

242 1924 275 1978 ό
299 1924 682 1994 ἐπιφερόμενος
737 1924 862 1994 ἑξῆς
892 1922 1101 1993 ψαλμὸς
1144 1922 1213 1977 τὰ
1267 1921 1392 1992 ἔθνη
1441 1923 1614 1976 πάντα
1656 1921 1808 1974 καλεῖ

244 2013 336 2065 ἐπὶ
366 2012 425 2065 τὸ
476 2012 657 2067 καινὸν
687 2008 858 2084 ᾆσμα,
910 2012 1003 2071 καὶΙ
1034 2011 1126 2068 ἐπὶ
1165 2011 1262 2083 τὴν
1290 2013 1347 2064 έν
1397 2010 1517 2082 Θεῷ
1553 2010 1808 2079 ἀγαλλία-

248 2120 353 2156 σιν.

319 2195 755 2265 Προφθὰσωμεν·
778 2196 839 2249 τὸ
869 2196 1191 2263 πρόσωπον
1211 2195 1398 2249 αὐτοῦ
1422 2194 1491 2247 ἐν
1530 2194 1812 2264 ἐξομολοο

245 2286 441 2356 γήσει,
483 2288 579 2340 καὶ
622 2287 692 2340 ἐν
739 2286 998 2356 ψαλμοῖς
1042 2286 1437 2354 ἁλαλάξωμεν
1466 2285 1640 2351 αὐτῷ.
1686 2284 1810 2339 Ἐπὶ

248 2377 348 2451 μὲν
376 2378 473 2448 τῆς
499 2376 719 2449 πρώτης
739 2377 902 2431 αὐτοῦ
919 2377 1219 2450 παρουσίας
1244 2375 1305 2430 τὸ
1337 2377 1624 2448 πρόσωπον
1646 2374 1807 2429 αὑτοῦ

244 2469 307 2523 τὸ
336 2469 515 2523 ἔνθεον
546 2468 866 2541 ἀποκρύψας
884 2473 913 2524 ό
948 2470 1039 2523 τοῦ
1074 2470 1208 2525 Θεοῦ
1237 2469 1426 2538 Λόγος,
1453 2469 1553 2539 τὴν
1572 2467 1665 2520 τοῦ
1687 2467 1807 2520 δού-

246 2558 340 2614 λου
377 2560 585 2631 μορφὴν
614 2561 981 2632 περιεσάλετο·
1008 2561 1087 2613 διὸ
1101 2560 1333 2633 εἴρηται·
1375 2562 1717 2627 Ἀνθρωπος
1740 2557 1812 2610 ἐν

248 2650 457 2721 πληγῇ
481 2651 585 2715 ὢν,
615 2652 711 2706 καὶ
736 2651 908 2719 εἰδὼς
935 2652 1138 2721 φέρειν
1186 2652 1522 2721 μαλακίαν·
1563 2650 1653 2704 ὅτι
1693 2650 1807 2704 ἀπ-

248 2742 503 2811 έστρεψε
535 2743 601 2797 τὸ
631 2746 954 2812 πρόσωπον
980 2744 1186 2809 αὐτοῦ,
1221 2743 1538 2813 ἠτιμάσθη,
1564 2743 1661 2797 καί
1692 2744 1802 2797 οὐκ

247 2834 556 2903 ἐλογίσθη.
598 2834 721 2889 Ἐπὶ
750 2834 809 2888 δὲ
843 2836 942 2904 τῆς
981 2835 1239 2907 δευτέρας
1288 2833 1451 2887 αὑτοῦ
1508 2832 1812 2905 παρουσίας

250 2924 750 2995 ἀνακεκαλυμμένῳ
782 2924 1055 2995 προσώπῳ
1087 2926 1182 2979 καὶ
1224 2923 1362 2995 μετὰ
1402 2925 1678 2995 δυνάμεως
1719 2924 1813 2977 καὶ

250 3008 409 3080 δόξης
445 3010 643 3080 πολλῆς
669 3012 1037 3082 ἐπιστήσεται·
1074 3011 1259 3081 διόπερ
1285 3012 1313 3067 ό
1336 3010 1509 3077 λόγος,
1541 3010 1812 3081 προτάξας

249 3101 320 3154 τὰ
360 3100 624 3173 εἰρημένα
653 3100 742 3154 διὰ
782 3100 890 3156 τῶν
931 3100 1183 3172 πρώτων,
1216 3103 1359 3173 ἆπερ
1397 3100 1565 3174 ἐχρῆν
1592 3102 1686 3154 ἐπὶ
1713 3101 1813 3171 τῆς

252 3193 523 3266 προτέρας
551 3193 715 3248 αὐτοῦ
744 3195 1045 3266 παρουσίας
1072 3196 1351 3265 πράττειν,
1371 3194 1495 3265 ἑξῆς
1511 3192 1815 3257 ἀκολούθως

251 3283 355 3352 τῆς
391 3284 648 3355 δευτέρας
705 3284 867 3339 αὐτοῦ
910 3284 1005 3341 καὶ
1048 3284 1256 3350 ἐνδόξου
1306 3284 1628 3353 ἐπιφανείας
1679 3284 1814 3336 6m-

254 3375 572 3445 μιμνήσκει,
599 3374 1098 3447 παρακελευόμενος
1118 3374 1404 3447 προϐαλεῖν
1419 3374 1481 3428 τὸ
1501 3373 1711 3446 μέλλον,
1724 3373 1818 3428 καὶ

259 3467 573 3537 προςθάσαι
598 3469 660 3522 τὸ
682 3469 970 3542 πρόσωπον
1005 3468 1170 3523 αὑτοῦ
1195 3471 1252 3523 έν
1273 3467 1674 3540 ἐξομολογήσει.
1705 3468 1819 3520 Κα-

254 3554 346 3607 λὸν
369 3555 476 3626 γὰρ
499 3557 807 3627 προφθάσαι
841 3559 933 3612 καὶ
958 3557 1265 3630 προλαϐεῖν,
1304 3560 1399 3611 καὶ
1426 3558 1555 3631 πρὶν
1589 3558 1818 3628 φανῆναι

254 3646 319 3701 τὸ
349 3646 633 3718 πρόσωπον
664 3648 827 3702 αὐτοῦ
860 3647 1087 3713 ἔνδοξον,
1118 3649 1203 3717 ἐφ’
1226 3646 1308 3713 οἷς
1337 3650 1653 3720 ἡμάρτομεν
1682 3650 1819 3703 ἀπο-

255 3735 524 3809 κάθαρσιν
552 3738 763 3805 ἑαυτοῖς
789 3739 1109 3810 πορίσασθαι
1129 3740 1216 3795 διὰ
1235 3741 1334 3811 τῆς
1363 3740 1817 3814 ὲξομολογήσεως.

256 3829 472 3882 Γένοιτο
494 3830 538 3883 δ’
574 3830 639 3884 ἂν
667 3832 700 3901 ἡ
739 3830 1125 3901 ἐξομολόγησις
1151 3832 1367 3903 γνησία,
1406 3835 1455 3886 εὶ
1496 3835 1554 3886 έν
1588 3834 1824 3904 ψαλμοῖς

255 3921 613 3992 ὲλαλάζωμεν
656 3922 822 3993 αὐτῷ,
866 3922 1112 3977 τουτέστι
1155 3922 1242 3977 διὰ
1290 3924 1398 3978 τῶν
1444 3924 1689 3997 ὀργάνων
1724 3929 1821 3997 τῆς

256 4013 453 4083 ψυχῆς,
492 4014 632 4085 ἆπερ
670 4014 788 4066 ἐστὶ
817 4014 886 4068 τά
918 4013 1175 4085 σώματα·
1209 4015 1275 4067 δι’
1304 4009 1379 4068 ὧν
1430 4017 1690 4088 προσήκει
1734 4018 1825 4071 τὸν

259 4101 591 4171 καλούμενον
630 4103 941 4173 ἀλαλαγμὸν
980 4103 1265 4167 ἐπιτελεῖν,
1310 4104 1409 4175 βίῳ
1447 4104 1685 4176 σώφρονι
1730 4107 1826 4161 καὶ

261 4193 505 4265 πολιτείᾳ
530 4195 768 4267 ὲναρέτῳ
813 4196 912 4267 τὴν
935 4195 1028 4251 τοῦ
1055 4196 1199 4249 Θείου
1230 4196 1543 4267 Πνεύματος
1566 4198 1827 4269 ἁρμονίαν

260 4286 357 4339 καὶ
401 4286 492 4338 τὸν
539 4286 691 4355 ἆγιον
745 4287 949 4359 ῥυθμὸν
1005 4288 1498 4359 ἐπιδεικνυμένους.
1548 4289 1729 4341 Ταῦτα
1772 4289 1829 4342 δὲ

262 4370 687 4448 προηγουμένως
724 4379 863 4450 πρὸς
902 4379 994 4433 τὸν
1054 4378 1322 4433 Ἰουδαίων
1378 4379 1624 4433 λέλεκται
1676 4378 1825 4440 λαὸν,

1901 1933 2098 1973 onmes
2127 1926 2315 1988 gentes
2339 1919 2404 1973 ad
2427 1920 2950 2003 canticumpovum,
2977 1931 3030 1977 et
3060 1923 3125 1978 ad
3149 1923 3470 1978 exsultatio-

1906 2023 2028 2063 nem
2063 2008 2116 2064 iu
2148 2007 2257 2064 Deo
2291 2017 2567 2079 provocat.

1980 2202 2141 2257 Vens.
2161 2204 2216 2256 2.
2255 2200 2682 2271 Prwoccupemus
2705 2201 2892 2270 {aciem
2909 2199 3021 2270 ejus
3046 2200 3099 2253 in
3123 2197 3472 2268 confessione,

1905 2300 1954 2344 et
1978 2291 2031 2343 in
2063 2290 2282 2359 psalmis
2305 2290 2590 2358 jubilemus
2621 2291 2687 2346 ei.
2720 2289 2774 2344 In
2806 2290 2980 2359 primo
3006 2287 3220 2357 quidem
3240 2287 3474 2343 adventu

1906 2381 2269 2444 suo,divinam
2287 2394 2439 2433 suam
2458 2381 2736 2435 occultans
2754 2377 3066 2441 faciem,Dei
3086 2375 3316 2431 Verbum
3336 2374 3478 2431 servi

1908 2472 2134 2525 formam
2153 2470 2329 2523 induit
2349 2488 2362 2523 :
2384 2484 2552 2539 quare
2571 2470 2773 2523 dictum
2796 2478 2899 2533 est,
2930 2466 3098 2519 Homo
3118 2468 3169 2519 in
3188 2466 3344 2536 plaga
3362 2481 3482 2519 con-

1908 2563 2147 2625 stitutus,
2177 2569 2225 2614 et
2248 2561 2415 2614 sciens
2437 2559 2570 2628 ferre
2588 2560 2984 2628 infirmitatem;
3014 2560 3261 2627 quoniam
3292 2556 3483 2609 avertit

1909 2651 2106 2706 vultum
2136 2667 2286 2705 suum
2308 2690 2323 2715 ,
2358 2651 2704 2705 inhonoratus
2735 2658 2835 2714 est,
2867 2665 2959 2702 nec
3022 2646 3373 2717 reputalus".
3418 2643 3481 2700 In

1910 2742 2153 2798 secundo
2202 2751 2382 2796 autem
2441 2741 2678 2795 adventu
2736 2755 2857 2805 suo,
2894 2739 3129 2794 revelata
3163 2736 3320 2802 facie,
3354 2751 3483 2794 cum

1911 2840 2177 2903 potestate
2206 2840 2259 2888 et
2279 2832 2449 2902 gloria
2473 2846 2669 2902 magna
2697 2831 2870 2886 aderit
2902 2850 2915 2885 :
2942 2828 3292 2900 quamobrem
3334 2826 3486 2883 Scri-

1912 2935 2095 2994 ptura,
2138 2924 2434 2993 praemissis
2472 2917 2543 2976 iis
2581 2936 2703 2991 quae
2744 2921 2889 2975 dicta
2943 2929 3069 2975 sunt
3103 2920 3156 2973 in
3190 2906 3479 2991 principio,

1912 3031 2033 3086 quas
2058 3016 2111 3069 in
2131 3014 2309 3084 primo
2336 3013 2566 3068 adventu
2594 3013 2713 3083 ejus
2736 3010 2943 3067 edenda
2974 3019 3154 3076 erant,
3191 3011 3316 3065 hinc
3345 3025 3481 3064 con-

1915 3112 2203 3175 sequenter
2259 3102 2555 3160 secundum
2604 3110 2659 3158 et
2714 3102 3008 3174 gloriosum
3036 3104 3154 3173 ejus
3194 3102 3483 3157 adventum

1917 3203 2326 3263 commemorat,
2350 3195 2608 3266 iubetque
2638 3194 2819 3250 futura
2844 3203 3185 3267 praevertere,
3203 3202 3257 3251 et
3290 3194 3484 3253 faciem

1917 3290 2036 3359 ejus
2060 3289 2112 3343 in
2140 3287 2482 3345 confessione
2512 3287 2969 3359 pmoccupare.E
2994 3303 3051 3344 re
3071 3303 3303 3358 namque
3326 3286 3487 3342 fuerit

1918 3387 2275 3444 mrtevertere,
2300 3386 2461 3450 atque
2480 3380 2774 3450 gloriosum
2792 3380 2913 3449 ejus
2939 3380 3142 3435 vultum
3170 3380 3484 3451 przevenire,

1918 3477 1973 3526 et
2004 3480 2292 3540 antequam
2340 3470 2577 3541 gloriosa
2624 3471 2745 3540 ejus
2785 3471 2956 3527 facies
2982 3479 3259 3542 appareat,
3291 3486 3488 3542 purga-

1920 3561 2121 3616 tionem
2154 3560 2476 3617 delictorum
2512 3576 2606 3630 per
2644 3561 3045 3617 confessionem
3090 3563 3250 3617 nobis
3295 3578 3489 3633 procu-

1920 3668 2061 3708 rare.
2089 3652 2375 3708 Confessio
2408 3661 2588 3707 autem
2621 3655 2834 3709 sincera
2864 3663 2917 3709 et
2949 3670 3206 3724 germana
3240 3654 3417 3718 fuerit,
3441 3654 3489 3709 si

1921 3746 1978 3801 in
2023 3746 2245 3815 psalmis
2289 3744 2584 3814 jubilemus
2610 3746 2681 3809 ei,
2714 3746 2766 3799 id
2795 3753 2901 3811 est,
2934 3761 3028 3816 per
3056 3747 3248 3800 anima:
3285 3747 3493 3801 instru-

1921 3843 2129 3901 menta,
2175 3850 2296 3905 quae
2348 3843 2480 3890 sunt
2510 3850 2743 3906 corpora
2771 3844 2959 3892 nostra
3001 3836 3200 3906 :queis
3239 3837 3494 3892 convenit

1924 3928 2092 3991 illam,
2120 3936 2180 3982 ut
2209 3934 2388 3989 vocat,
2406 3927 2775 3994 iubilationem
2807 3943 2903 3997 per
2924 3928 3087 3981 vitam
3117 3928 3395 3982 honestam
3426 3944 3495 3984 ac

1922 4017 2143 4072 virtutis
2166 4016 2474 4071 institutum
2498 4015 2823 4086 persolvere,
2839 4031 2904 4071 ac
2918 4016 3086 4070 divini
3109 4015 3345 4087 Spiritus
3365 4019 3493 4071 har-

1923 4109 2160 4163 moniam
2196 4123 2520 4177 sacrumque
2549 4116 2872 4163 concentum
2908 4109 3183 4163 exhibere.
3218 4107 3342 4163 Haec
3373 4125 3495 4181 por-

1926 4214 1988 4253 ro
2012 4197 2320 4253 Iudaeorum
2353 4201 2652 4268 praesertim
2687 4199 2887 4269 populo
2918 4199 3197 4268 dicuntur,
3240 4216 3497 4259 sermone

1928 4290 2077 4360 ipsos
2105 4291 2172 4345 ad
2199 4288 2497 4346 Salvatoris
2542 4292 2711 4346 nostri
2744 4292 3106 4362 cognitionem
3144 4302 3489 4363 provocante.

1927 4379 2179 4434 Attamen
2203 4380 2362 4435 nobis
2383 4380 2547 4434 etiam
2571 4380 2824 4435 omnibus
2843 4381 2955 4435 ba'c
2984 4390 3289 4450 opportune
3321 4382 3496 4451 appli-

262 4470 704 4539 προκαλουμένου
733 4472 928 4533 αὐτοὺς
955 4470 1048 4523 τοῦ
1080 4471 1236 4539 λόγου
1270 4470 1362 4524 ἐπὶ
1393 4470 1491 4541 τὴν
1518 4470 1610 4523 τοῦ
1641 4469 1813 4536 Σωτῆ·

1930 4480 2125 4526 centur
2148 4488 2161 4525 :
2188 4469 2444 4526 —V£us.
2500 4471 2551 4525 5.
2585 4471 2847 4536 Quoniam
2888 4471 3025 4525 Deus
3052 4488 3274 4543 magnus
3315 4472 3494 4525 Domi-

266 4578 359 4633 ρος
407 4560 563 4631 ἡμῶν
601 4561 830 4629 γνῶσιν·
865 4562 1013 4631 ὅμως
1044 4561 1101 4615 δὲ
1136 4562 1228 4615 καὶ
1262 4561 1397 4633 πρὸς
1444 4561 1649 4625 πάντας
1678 4562 1826 4632 ἡμᾶς

261 4652 547 4722 χρησίμως
578 4650 641 4705 ἂν
664 4653 1030 4723 ἐφαρμοσθείη
1048 4693 1061 4705 .
1092 4654 1209 4707 Ὅτι
1236 4653 1377 4719 Θεὸς
1405 4653 1591 4727 μέγας
1613 4653 1826 4721 Κύριος

265 4743 367 4795 καὶ
404 4743 703 4813 ,βασιλεὺς
724 4744 912 4813 μέγας
939 4745 1036 4799 ἐπὶ
1064 4745 1295 4812 πάντας
1333 4746 1475 4811 τοὺς
1512 4746 1704 4809 θεούς.
1746 4743 1827 4797 Τὰ

268 4833 695 4907 παρηγγελμένα
726 4833 814 4887 διὰ
841 4834 948 4886 τῶν
983 4835 1285 4906 ἔμπροσθεν
1313 4837 1370 4889 έν
1395 4835 1474 4905 τῷ
1506 4836 1694 4906 Κυρίῳ
1730 4834 1827 4888 καὶ

269 4925 482 4999 Σωτῆρι
517 4927 550 4995 ἡ
561 4924 696 4996 μῶν,
742 4923 941 4995 δηλαδὴ
970 4923 1048 4993 τῷ
1077 4924 1168 4977 τοῦ
1198 4926 1332 4978 Θεοῦ
1379 4927 1556 4995 Λόγῳ,
1588 4924 1827 4978 ἐπιτελει-

270 5016 444 5080 στέον,
471 5016 558 5069 διά
574 5033 632 5069 τε
663 5016 731 5070 τὰ
759 5015 912 5080 ἄλλα,
941 5017 1033 5068 καὶ
1060 5015 1192 5068 διότι
1214 5015 1372 5084 φύσει
1401 5017 1570 5086 μέγας
1601 5017 1675 5070 ὢν
1699 5016 1831 5080 Θεὸς

270 5110 365 5163 καὶ
401 5108 573 5178 μέγας
602 5109 855 5178 τυγχάνει
891 5108 1157 5180 βασιλεὺς,
1194 5108 1289 5161 ἆτε
1323 5107 1613 5178 μονογενὴς
1640 5106 1715 5161 ὢν
1735 5107 1829 5161 τοῦ

1930 4580 2051 4627 nus,
2095 4573 2143 4617 et
2199 4580 2291 4618 rea:
2333 4581 2550 4635 magnus
2584 4580 2739 4633 super
2782 4581 2955 4617 omnes
2996 4564 3139 4617 deos.
3172 4563 3303 4628 Quae
3338 4565 3493 4632 prius

1930 4665 2196 4725 praecepta
2231 4665 2284 4710 et
2332 4656 2587 4709 mandata
2630 4654 2801 4714 fuere.
2839 4655 2892 4708 in
2937 4655 3165 4709 Domino
3202 4663 3256 4708 et
3301 4653 3496 4708 Serva-

1932 4754 2050 4801 tore
2081 4754 2287 4810 nostro,
2312 4747 2521 4801 scilicet
2549 4748 2603 4800 in
2647 4745 2740 4801 Dei
2775 4744 2949 4801 Verbo
2983 4745 3301 4816 complenda
3335 4754 3492 4813 sunt;

1930 4841 2044 4887 tum
2096 4835 2218 4890 aliis
2267 4834 2335 4891 de
2379 4836 2584 4901 causis,
2616 4842 2731 4889 tum
2782 4836 2908 4904 quia
2957 4850 3081 4889 cum
3130 4846 3320 4889 natura
3350 4835 3493 4893 Deus

1933 4941 2163 4996 magnus
2195 4930 2285 4993 sit,
2318 4944 2546 4998 magnus
2583 4927 2712 4983 item
2746 4942 2841 4981 rex
2869 4925 3052 4994 fuerit,
3094 4934 3280 4997 utpote
3308 4929 3495 4999 unige-

1931 5016 2105 5069 nitum
2149 5016 2244 5069 Dei
2273 5015 2529 5073 V‘erbum.
2557 5018 2654 5074 Est
2684 5025 2862 5073 autem
2916 5033 3011 5071 rex
3065 5032 3295 5087 magnus
3332 5033 3498 5086 super

1931 5123 2118 5163 omnes
2146 5108 2313 5175 deos;
2354 5109 2487 5171 sive,
2526 5108 2825 5163 secundum
2880 5108 3286 5179 Symmachum,
3322 5107 3494 5175 Supra

268 5200 404 5255 Θεοῦ
439 5200 627 5270 Λόγος.
672 5200 932 5264 Βασιλεὺς
978 5201 1037 5255 δὲ
1090 5200 1260 5271 μέγας
1310 5200 1457 5254 ἐστὶν
1503 5202 1596 5254 ἐπὶ
1626 5201 1813 5254 πάντας

1934 5213 2108 5251 omnes
2137 5197 2299 5259 deos;
2332 5197 2583 5252 videlicet
2630 5212 2725 5252 eos
2762 5195 2854 5265 qui
2890 5196 3131 5266 gentium
3185 5208 3369 5247 errore
3420 5192 3494 5244 dii

268 5294 396 5356 τοὺς
426 5292 605 5356 θεοὺς,
650 5291 683 5362 ἢ
713 5292 853 5346 κατὰ
878 5290 970 5345 τὸν
1021 5290 1335 5362 Σύμμαχον,
1362 5291 1561 5344 ἐπάνω
1593 5289 1813 5346 mian

1934 5306 2056 5345 esse
2091 5298 2376 5359 putantur;
2414 5288 2529 5343 sive
2580 5302 2697 5350 eos,
2729 5287 2821 5357 qui
2874 5286 3044 5356 Moysi
3091 5284 3295 5339 similes
3347 5292 3493 5346 sunt,

269 5366 390 5436 τῶν
408 5380 558 5437 θεῶν
576 5400 591 5415 ·
625 5384 742 5454 ἦτοι
762 5382 871 5435 τῶν
908 5383 1335 5453 πεπλανημένως
1360 5381 1509 5453 παρὰ
1523 5385 1634 5446 τοῖς
1659 5382 1811 5437 έθνεσ

1937 5382 2024 5437 cui
2046 5382 2248 5436 dictum
2271 5389 2353 5435 est
2372 5379 2560 5433 :Posui
2576 5390 2623 5434 te
2641 5379 2807 5434 Deum
2822 5377 3120 5431 Pharaonis
3138 5376 3206 5440 ";
3228 5375 3340 5430 sive
3362 5372 3496 5428 deos

267 5474 692 5547 νενομισμένων·
728 5474 893 5545 ἢτῶν
926 5476 1150 5529 Μωῦσεῖ
1190 5473 1601 5545 παραπλησίων,
1625 5467 1813 5545 ᾦεῖρη-

1938 5472 2003 5526 dc
2033 5472 2232 5543 quibus
2262 5471 2375 5525 [nec
2404 5472 2682 5534 dicuntur,
2716 5469 2855 5523 Deus
2891 5468 3107 5521 deorum
3140 5464 3396 5519 Dominus
3419 5463 3499 5518 lo-

268 5586 383 5631 ται,
422 5565 656 5622 Τέθεικά
687 5583 761 5620 σε
791 5565 928 5620 θεὸν
947 5563 1172 5621 Φαραώ·
1209 5566 1242 5629 ἢ
1275 5563 1411 5623 Θεῶν
1434 5564 1560 5635 περὶ
1580 5559 1654 5621 ὧν
1684 5564 1813 5638 εῐρη·

1937 5575 2088 5620 cutus
2114 5563 2287 5632 est“;
2318 5576 2392 5627 et,
2432 5563 2564 5618 Deus
2597 5564 2740 5620 stetit
2780 5563 2830 5615 in
2870 5575 3133 5630 synagoga
3173 5557 3444 5613 deorum“
3476 5575 3494 5615 :

343 5727 387 5779 '3
426 5724 581 5780 Joan.
620 5739 703 5779 ενι
729 5764 741 5779 .
778 5724 863 5778 33.
940 5724 984 5759 ³⁸
1026 5722 1126 5778 lsa.
1165 5738 1293 5778 LIII.
1331 5722 1383 5777 5.
1460 5722 1505 5755 ⁵⁸
1543 5721 1709 5778 Exod.
1747 5737 1813 5775 vn

1915 5723 1947 5776 Ι.
2024 5721 2067 5753 ⁸⁵
2108 5719 2247 5775 Psal.
2288 5734 2443 5780 πως.
2487 5719 2530 5774 Ι.
2610 5720 2647 5749 ⁸⁸
2692 5715 2833 5772 Psal.
2868 5732 3065 5778 uni,
3104 5715 3152 5772 ί.
