3974 6538
509 341 640 394 1211

1169 341 1439 398 EUSEBil
1478 338 1952 396 CESARIENSIS
1986 337 2136 395 OPP.
2177 335 2355 391 PARS
2390 328 2477 391 ΙΙΙ.
2519 366 2589 376 --
2626 336 3033 393 EXEGETICA.

3597 338 3718 392 12ιὶ

506 470 667 509 nemo
710 469 852 509 enim
902 470 1090 510 eorum
1138 454 1239 525 ipsi
1306 455 1501 510 similis
1545 466 1645 510 est.
1675 454 2065 527 Quamobrem

2167 465 2283 503 ται*
2329 449 2471 515 Θεὸς
2528 448 2677 503 θεῶν
2713 451 2925 518 Κύριος
2973 450 3273 517 ὲλά.1ησε’
3312 452 3437 512 καὶ,
3490 451 3544 502 Ὀ
3592 453 3719 518 Θεὸς

509 547 641 600 alibi‘
667 562 882 617 quoque
920 546 1124 600 dictum
1152 554 1233 601 est
1263 566 1276 601 :
1303 548 1564 614 Quoniam
1598 547 1714 616 quis
1754 548 1806 601 in
1846 545 2068 599 nubibus

510 638 805 707 a'quabitur
855 637 1103 705 Domino,
1159 639 1349 693 similis
1408 641 1508 693 erit
1571 638 1795 695 Domino
1839 641 1893 693 in
1940 641 2067 710 [iliis

512 728 606 782 Dei
623 729 664 760 "
684 730 707 782 ἲ

578 902 744 957 Vens.
777 903 831 958 4.
858 903 993 969 Quia
1026 905 1076 958 in
1108 922 1266 958 manu
1306 906 1420 975 ejus
1451 918 1573 959 sunt
1606 924 1781 961 omnes
1807 910 1936 977 ﬁnes
1965 916 2069 963 ter-

510 1011 603 1058 τας,
636 1004 685 1047 et
724 995 1029 1050 altitudines
1081 998 1334 1050 montium
1378 998 1540 1064 ipsius
1570 1009 1712 1054 sunt.
1733 998 1857 1054 Ideo
1887 1002 2070 1055 exsul-

512 1093 694 1141 temus
727 1094 781 1140 et
803 1086 1099 1156 jubilemus
1134 1087 1276 1153 Deo;
1307 1103 1415 1141 non
1450 1089 1610 1141 modo
1640 1090 1762 1158 quia
1808 1088 2073 1147 Dominus

507 1186 560 1232 et
583 1176 726 1234 Deus
756 1185 841 1233 est
868 1187 922 1233 et
948 1194 1041 1233 rex
1077 1193 1304 1249 magnus
1347 1194 1513 1248 super
1554 1195 1743 1235 omnes
1774 1180 1938 1247 deos;
1970 1182 2067 1236 sed

506 1270 669 1322 etiam
720 1269 845 1339 quia
880 1269 1013 1324 fines
1057 1278 1213 1324 terrae
1241 1270 1341 1324 sibi
1372 1270 1601 1339 subjecit
1630 1279 1683 1326 et
1714 1273 1971 1327 subdidit.
2011 1272 2066 1327 ld

506 1361 651 1414 enim
682 1376 803 1414 cum
838 1361 1081 1429 petiisset
1120 1375 1148 1412 a
1196 1359 1376 1426 Patre,
1409 1362 1737 1431 impetravit,
1768 1366 2066 1418 secundum

508 1450 641 1507 illud
674 1471 687 1507 :
721 1452 943 1506 Postula
979 1470 1011 1506 a
1043 1469 1120 1505 me
1153 1463 1201 1507 et
1230 1453 1367 1507 dabo
1393 1453 1487 1507 tibi
1515 1464 1688 1524 gentes
1712 1454 2067 1510 ltwreditatem

509 1554 674 1609 tuam,
709 1554 758 1599 et
798 1546 1177 1613 possessionem
1203 1554 1345 1598 tuam
1379 1546 1624 1599 terminos
1654 1555 1806 1600 terra:
1824 1547 1887 1602 ⁸³.
1913 1546 2066 1613 Quod

507 1637 553 1691 si
601 1636 843 1705 quaedam
891 1636 1203 1698 altitudines
1228 1638 1491 1690 montium
1534 1622 1701 1707 penes
1732 1636 2065 1707 Scripturam

506 1728 747 1781 divinam
796 1730 849 1783 in
899 1729 1103 1784 honore
1152 1729 1438 1793 habentur,
1484 1731 1633 1785 verbi
1664 1732 1858 1801 gratia,
1891 1729 2062 1792 Sinai,

505 1816 741 1881 Church,
770 1815 1005 1883 Thabor,
1036 1834 1190 1872 mons
1226 1817 1377 1882 Sion,
1409 1834 1565 1875 mons
1603 1818 1900 1887 Olivarum,
1935 1830 1990 1876 et
2021 1823 2066 1878 si

506 1909 631 1977 quis
679 1908 819 1965 alius
854 1910 1132 1978 similiter;
1168 1912 1281 1967 sive
1315 1912 1474 1966 etiam
1505 1913 1573 1967 iis
1603 1913 1863 1968 contrarii
1893 1924 1946 1968 et
1972 1930 2068 1984 op-

507 1999 669 2067 positi
710 2009 941 2065 montes,
972 2000 1063 2070 qui
1107 2015 1137 2053 a
1168 1998 1505 2056 daemonibus
1551 2001 1678 2056 olim
1723 2002 2065 2072 occupaban-

505 2098 615 2156 tur,
647 2090 735 2145 ubi
766 2100 952 2162 gentes
1000 2092 1254 2163 malignis
1286 2092 1625 2148 daemonibus
1648 2094 1806 2163 quasi
1833 2094 1939 2148 diis
1967 2094 2067 2148 im-

505 2182 812 2247 molabant;
865 2182 958 2238 sed
1019 2183 1119 2237 bos
1168 2199 1356 2239 omnes
1404 2183 1618 2238 Domini
1660 2194 1715 2239 et
1769 2184 2067 2241 Salvatoris

507 2272 679 2327 nostri
712 2289 833 2328 esse
869 2274 1125 2329 docemur
1160 2295 1173 2329 :
1218 2277 1332 2346 ipse
1364 2289 1595 2345 namque
1649 2293 1833 2331 eorum
1888 2277 2066 2348 opifex

506 2371 642 2418 crat.
673 2363 811 2418 Num
840 2365 977 2419 forte
1010 2366 1132 2421 ideo
1164 2367 1217 2419 iu
1250 2383 1411 2421 manu
1437 2370 1556 2437 ejus
1584 2377 1711 2423 sunt
1736 2370 2065 2436 tiuesterrze,

505 2455 635 2523 quia
686 2456 790 2510 sub
840 2472 999 2510 manu
1036 2457 1155 2526 ejus
1200 2467 1414 2513 terrena
1448 2460 1861 2528 dispensentur;
1898 2463 2067 2518 coele-

507 2545 610 2598 stia
645 2562 792 2611 vero,
825 2563 945 2615 qua:
987 2548 1192 2617 tropice
1225 2550 1540 2605 altitudines
1568 2552 1833 2606 montium
1867 2569 2067 2609 vocan-

507 2647 616 2701 tur,
664 2639 793 2707 quid
838 2640 1190 2709 prwstantius
1242 2643 1474 2697 terrenis
1522 2643 1753 2711 habent;
1789 2649 1917 2717 quia
1947 2649 2067 2717 ejus

506 2731 665 2800 quasi
722 2734 995 2801 possessio
1053 2744 1201 2797 sunt,
1250 2742 1305 2789 et
1371 2735 1705 2792 domicilium
1765 2739 1937 2809 regni.
1998 2770 2069 2781 —

506 2816 669 2873 Vens.
701 2820 753 2876 5.
782 2820 1043 2887 Quoniam
1073 2822 1237 2891 ipsius
1265 2832 1342 2877 est
1375 2842 1521 2879 mare
1543 2836 1591 2880 et
1622 2827 1729 2894 ipse
1751 2828 1871 2897 fecit
1911 2828 2065 2896 illud,

504 2922 552 2964 et
586 2910 793 2965 aridam
825 2913 1171 2981 fundaverant
1217 2932 1405 2971 manus
1434 2916 1567 2981 eius.
1606 2916 1683 2973 Ne
1716 2921 1952 2986 mireris,
1985 2925 2062 2975 in-

504 3003 644 3072 quit,
677 3006 721 3058 si
768 3004 901 3060 ﬁnes
957 3014 1115 3061 terra:
1163 3008 1338 3078 ipsius
1392 3019 1540 3072 sunt,
1574 3017 1628 3064 et
1670 3011 1715 3065 si
1753 3012 2069 3070 altitudines

506 3095 771 3147 montium
807 3096 871 3150 ad
910 3097 1085 3166 ipsum
1122 3099 1415 3168 pertinent.
1453 3099 1565 3155 lmo
1602 3118 1729 3157 vero
1762 3101 1912 3159 disce
1943 3109 2067 3159 uni-
2094 3140 2137 3196 ε

503 3198 721 3237 versum
752 3184 987 3241 humidae
1009 3188 1326 3244 substantia
1348 3191 1697 3255 elementum,
1714 3192 1767 3246 in
1794 3208 1903 3264 quo
1923 3203 2068 3249 terra

506 3273 774 3341 ﬁrmatur,
825 3279 943 3346 ejus
977 3279 1250 3348 Opiﬁcium
1305 3297 1426 3337 esse
1459 3302 1471 3336 :
1506 3299 1682 3353 neque
1720 3286 1893 3340 solum
1941 3302 2068 3356 pos-

508 3366 702 3429 sessio,
750 3369 843 3422 sed
894 3370 1056 3424 etiam
1098 3372 1372 3441 opiﬁcium
1406 3374 1525 3443 ejus
1568 3382 1670 3429 est.
1705 3375 1849 3430 Mare
1881 3378 2065 3446 igitur,

507 3472 615 3527 quo
650 3467 818 3511 totum
854 3459 1086 3515 humida:
1129 3462 1447 3518 substantia:
1497 3465 1820 3520 elementum
1863 3467 2069 3536 signifi-

507 3556 681 3615 catur,
704 3551 817 3620 ipse
841 3552 995 3619 fecit;
1027 3554 1232 3607 aridam
1268 3572 1396 3610 vero
1421 3571 1613 3611 manus
1637 3559 1806 3628 ipsius
1828 3558 2070 3613 eﬂorma-

508 3649 637 3695 runt
666 3662 677 3696 :
708 3642 827 3696 ideo
875 3644 1103 3701 fortasse
1132 3648 1259 3717 quia
1299 3647 1504 3702 dictum
1548 3657 1632 3703 est
1658 3668 1672 3703 :
1699 3651 1906 3719 Accepit
1930 3650 2068 3705 Dens

507 3731 768 3801 pulverem
798 3734 861 3789 de
898 3744 1059 3801 terra,
1090 3747 1138 3791 et
1168 3739 1458 3806 e/formavit
1479 3741 1737 3796 hominem
1754 3744 1826 3809 “;
1856 3758 1919 3797 ac
1947 3759 2069 3798 rur-

507 3838 628 3877 sum
661 3822 969 3879 :Formavit
1002 3826 1110 3881 Deo
1136 3828 1199 3882 de
1222 3839 1363 3883 terra
1396 3848 1572 3886 omnes
1595 3832 1735 3901 feras
1752 3833 1818 3887 “.
1843 3831 2069 3887 Videtur

506 3927 672 3982 porro
702 3922 857 3971 terra:
907 3918 1252 3983 elementum,
1299 3922 1447 3991 quod
1494 3925 1820 3993 sphzericum
1872 3933 1954 3981 est
2009 3935 2069 3980 ut

507 4007 682 4071 aiunt,
718 4010 832 4063 sive
872 4012 1105 4079 quadam
1136 4013 1239 4066 alia
1271 4015 1481 4071 ratione
1512 4017 1872 4082 etformatum,
1901 4020 2068 4075 verbo

508 4095 599 4149 Dei
633 4098 791 4152 talem
823 4102 1101 4171 accepisse
1131 4101 1527 4160 formationem.
1571 4106 1932 4173 Quamobrem
1972 4125 2065 4163 ac-

505 4190 693 4233 curate
740 4190 793 4236 et
842 4186 1138 4237 secundum
1200 4186 1475 4256 physicam
1547 4193 1810 4247 rationem
1861 4194 2065 4249 dictum

505 4271 635 4325 illud
666 4282 747 4328 est
782 4292 795 4328 :
830 4272 898 4326 Et
922 4276 1126 4327 aridam
1159 4276 1513 4345 formaverunt
1548 4299 1731 4336 manus
1756 4284 1889 4352 ejus.

574 4546 737 4602 Vens.
762 4546 814 4603 6.
858 4546 1052 4614 Venite,
1074 4547 1349 4603 adoremus
1382 4561 1430 4605 et
1460 4553 1791 4618 procidamus
1812 4566 1858 4607 et
1892 4556 2065 4623 plore-

502 4658 617 4694 mus
644 4658 822 4695 coram
860 4642 1083 4695 Domino
1114 4644 1204 4713 qui
1227 4644 1349 4713 fecit
1387 4662 1501 4701 nos.
1528 4646 1664 4701 Cum
1695 4648 1929 4702 divinam
1962 4648 2067 4705 Do-

502 4732 636 4786 mini
668 4733 919 4788 virtutem
950 4750 1013 4787 ex
1048 4736 1366 4803 praecedenti
1397 4736 1641 4791 doctrina
1680 4755 1860 4793 sermo
1886 4740 2064 4793 deela-

503 4836 696 4887 rasset,
741 4840 804 4879 ac
834 4828 1083 4896 superius
1114 4827 1361 4893 dixisset,
1414 4827 1842 4898 Prwoccupemus
1874 4832 2063 4901 faciem

499 4917 613 4981 eius
639 4918 690 4970 in
713 4920 1065 4985 confessione:
1087 4921 1198 4989 jam
1224 4921 1536 4976 necessario
1556 4923 1917 4978 confessionis
1947 4938 2063 4979 mo-

502 5007 629 5061 dum
663 5010 854 5076 aperit.
915 5010 1271 5066 Adhortantis
1332 5022 1511 5068 autem
1578 5029 1728 5068 more
1794 5016 2062 5084 psalmum

501 5102 661 5170 plane
691 5116 941 5165 exorsus,
973 5118 1081 5157 non
1131 5119 1159 5157 a
1204 5106 1537 5161 tristioribus
1564 5108 1747 5177 cmpit,
1785 5109 1878 5163 sed
1910 5125 1939 5163 a
1973 5110 2062 5164 lae-

500 5193 733 5247 tioribus
765 5211 778 5246 :
811 5208 877 5247 ne
900 5194 935 5247 ii
965 5195 1055 5263 qui
1079 5196 1463 5263 evocabantur,
1495 5199 1621 5253 illud
1649 5200 1981 5266 procidamus
2009 5209 2062 5255 et

500 5284 761 5351 ploremus
787 5292 1189 5347 aversarentur,
1218 5286 1261 5338 si
1292 5287 1471 5340 statim
1496 5287 1565 5341 ab
1588 5288 1741 5342 initio
1762 5288 2060 5343 audissent.

500 5373 616 5431 Nisi
655 5373 887 5430 fortasse
934 5375 1019 5429 his
1068 5376 1247 5431 verbis
1298 5377 1437 5431 duos
1496 5379 1716 5434 ordines
1763 5380 2062 5449 signiﬁcet;

506 5484 672 5522 unum
696 5469 992 5529 meliorem,
1013 5484 1170 5537 quem
1207 5469 1381 5537 primo
1409 5469 1475 5522 ad
1510 5470 1720 5523 laudem
1752 5480 1805 5524 et
1830 5471 2066 5525 exsulta-

504 5560 701 5614 tionem
755 5560 1050 5626 evocabat;
1110 5560 1336 5614 altcrum
1374 5574 1501 5615 vero
1532 5561 1735 5615 medela
1769 5570 2013 5630 egentem
2049 5580 2061 5616 :

577 5734 619 5765 "
660 5732 779 5789 Psal
836 5750 1113 5802 unum,
1152 5736 1197 5790 7.
1277 5737 1318 5767 ⁸⁸
1356 5735 1498 5792 I‘sul.
1540 5753 1607 5803 ιι,
1638 5738 1686 5794 8.
1765 5738 1806 5770 ⁸⁸
1847 5738 1977 5794 Gen.
2021 5754 2094 5802 ll,

2168 540 2314 606 ἔστη
2339 540 2408 591 ἐν
2440 538 2759 609 συναγωγῇ
2789 540 2966 594 θεῶν·
2998 541 3169 604 οὐδεὶς
3200 541 3307 611 γὰρ
3352 540 3503 611 αὐτῷ
3534 541 3719 594 τούτων

2166 630 2371 701 ὅμοιος.
2390 632 2465 683 Δι’
2495 630 2522 682 ὃ
2544 631 2636 682 καὶ
2673 630 2901 701 ἀλλαχοῦ
2930 630 3165 703 εἴρηται*
3196 634 3316 684 Ὅτι
3344 632 3438 697 τίς
3462 632 3537 684 ἐν
3562 632 3718 699 reﬂ-

2168 727 2307 788 ,καις
2337 721 2688 788 ὶσωοήσεται
2709 722 2788 788 τῷ
2811 724 3020 791 Κυρίῳ,
3055 723 3481 792 ὁμοιωθήσεται
3514 722 3595 787 τῷ
3620 726 3720 777 Ke-

2159 815 2271 882 ρίῳ
2298 814 2366 867 ἐν
2396 812 2544 878 υΙοῖς
2569 814 2713 867 Θεοῦ
2741 830 2759 877 ;

2241 906 2367 958 "Ott
2396 906 2466 958 ἐν
2497 904 2571 974 τῇ
2599 906 2747 975 χειρὶ
2776 904 2963 959 αὐτοῦ
3000 904 3071 959 τὰ
3102 905 3327 973 πέρατα
3358 903 3471 972 τῆς
3496 904 3609 971 γῆς
3637 907 3721 957 καὶ

2167 994 2240 1048 τὰ
2258 995 2384 1063 ὕψη
2409 994 2529 1048 τῶν
2558 995 2741 1063 ὀρέων
2765 995 2949 1050 αὐτοῦ
2971 998 3106 1049 εισι.
3132 998 3238 1049 Καὶ
3269 997 3357 1049 διὰ
3384 996 3546 1049 τοῦτο
3572 997 3724 1065 ἀγα).-

2167 1084 2482 1156 λιασὼμεθα
2527 1086 2619 1139 καὶ
2660 1084 3011 1156 ἀλαλάξωμεν
3056 1086 3135 1156 τῷ
3169 1086 3308 1157 Θεῷ,
3350 1088 3411 1139 οὑ
3453 1088 3616 1157 μόνον
3656 1090 3726 1141 ὅτι

2168 1177 2372 1249 Κύριος
2405 1178 2498 1231 καὶ
2523 1177 2653 1240 Θεός
2682 1180 2796 1231 ἐστι
2824 1178 2918 1230 καὶ
2938 1177 3188 1248 βασιλεὺς
3215 1180 3383 1249 μέγας
3403 1180 3497 1233 ἐπὶ
3531 1182 3727 1243 πάντας

2166 1271 2291 1333 τοὺς
2319 1270 2500 1333 θεοὺς,
2541 1269 2653 1323 ἀλλ’
2684 1270 2767 1322 ὅτι
2803 1271 2896 1322 καὶ
2936 1269 3247 1340 ὑπηγάγετο
3292 1272 3384 1323 καὶ
3420 1272 3511 1338 ὑφ’
3547 1272 3727 1323 ἐαυτδν

2167 1363 2461 1433 ἐποιήσατο
2505 1362 2572 1414 τὰ
2611 1362 2822 1432 πέρατα
2856 1362 2955 1432 τῆς
2996 1363 3118 1433 γῆς.
3170 1362 3339 1415 Τοῦτο
3370 1363 3482 1434 γὰρ
3514 1365 3727 1433 αἰτήσας

2168 1456 2315 1526 παρὰ
2334 1454 2429 1508 τοῦ
2451 1455 2660 1525 Πατρδς
2684 1454 2871 1524 εἴληφε
2901 1455 3042 1508 κατὰ
3068 1456 3149 1508 τό·
3165 1455 3410 1521 Αἷτησαι
3437 1456 3576 1523 παρ’
3595 1454 3729 1523 ἐμοῦ

2167 1545 2264 1597 καὶ
2298 1543 2467 1597 δώσω
2482 1560 2579 1597 σοι
2606 1544 2749 1611 ἔθνη
2771 1543 2883 1611 τὴν
2906 1546 3310 1613 κληρονομίαν
3329 1561 3470 1606 σου,
3506 1546 3605 1597 καὶ
3627 1544 3728 1611 τὴν

2167 1635 2538 1704 κατάσχεσίν
2567 1651 2682 1688 σου
2710 1634 2780 1688 τὰ
2807 1634 3030 1703 πέρατα
3056 1620 3162 1703 τῆξ
3186 1635 3317 1705 γῆς.
3339 1638 3398 1688 ΕΞ
3422 1637 3481 1689 δὲ
3510 1637 3729 1689 καξτινα

2166 1723 2234 1797 ἦν
2263 1727 2367 1797 ὕψη
2401 1725 2588 1798 ὀρέων,
2622 1726 2738 1796 ἦτοι
2763 1725 2832 1779 τὰ
2859 1726 3008 1797 παρὰ
3036 1729 3100 1796 τῇ
3142 1726 3261 1797 θείᾳ
3289 1728 3328 1779 Γ
3335 1730 3481 1798 ραςῇ
3511 1744 3726 1797 τετιμηο

2173 1816 2327 1886 μένα,
2355 1817 2429 1879 ὼς
2460 1816 2522 1869 τὸ
2547 1815 2721 1882 Σινατ,
2763 1818 2855 1869 καὶ
2875 1816 2935 1870 τὸ
2956 1817 3178 1888 Χωρὴὸ,
3210 1818 3270 1869 τό
3294 1834 3353 1869 τε
3384 1817 3609 1888 Θαὸὼρ,
3644 1819 3729 1870 καὶ

2165 1908 2225 1961 τὸ
2255 1910 2378 1979 ὅρος
2399 1906 2556 1971 Σιὼν,
2593 1908 2686 1960 καὶ
2714 1907 2773 1959 τὸ
2799 1907 2922 1977 ὅρος
2942 1908 3050 1961 τῶν
3074 1908 3319 1972 Ἐλαιῶν,
3339 1909 3437 1961 καὶ
3473 1910 3591 1961 είτι
3614 1908 3731 1961 ἄλλο

2165 2001 2371 2063 τούτοις
2404 2000 2779 2071 παραπλήσιον
2800 2018 2813 2030 ·
2847 2002 2879 2071 ἢ
2915 2002 3007 2054 καὶ
3034 2001 3102 2055 τὰ
3136 2000 3345 2065 τούτοις
3389 2000 3645 2064 ἐναντία,
3672 2002 3732 2053 τὰ

2165 2089 2228 2161 δὴ
2265 2090 2368 2143 ὑπὸ
2396 2090 2666 2160 δαιμόνων
2695 2089 2860 2143 πάλαι
2886 2091 3251 2162 κρατούμενα,
3292 2095 3351 2145 ἐν
3396 2086 3483 2155 οἷς
3526 2092 3734 2143 ὲθυσὶα-

2166 2180 2257 2247 ζον
2290 2182 2363 2246 ὡς
2404 2182 2544 2245 θεοῖς
2585 2185 2697 2247 τοῖς
2737 2187 2991 2254 πονηροῖς
3034 2184 3248 2255 δαίμοσι
3286 2185 3356 2237 τὰ
3398 2184 3566 2253 ἔθνη·
3606 2183 3730 2235 ἁᾉά

2166 2276 2450 2329 καὶταῦτα
2480 2278 2654 2330 πάντα
2676 2276 3025 2346 δεδιδάγμεθα
3049 2279 3130 2331 ὅτι
3152 2276 3245 2331 τοῦ
3276 2276 3483 2347 Κυρίου
3516 2278 3611 2329 καὶ
3640 2278 3733 2329 Σω-

2165 2367 2325 2439 τῆρος
2354 2368 2509 2437 ἡμῶν
2546 2368 2648 2421 ἴδια
2686 2368 2971 2438 τυγχάνει·
3008 2369 3171 2431 αὐτὸς
3199 2368 3305 2439 γὰρ
3334 2365 3403 2438 ἦν
3434 2372 3465 2422 ὁ
3510 2368 3732 2439 ποιητὴς

2164 2457 2359 2511 αὐτῶν.
2396 2458 2620 2528 Μήποτε
2642 2458 2789 2511 δὲέν
2818 2460 2913 2529 μὲν
2940 2462 3005 2528 τῇ
3038 2460 3178 2529 χειρὶ
3215 2459 3382 2511 αὺτοῦ
3414 2460 3485 2512 τὰ
3516 2461 3724 2530 πέρατὰ

2166 2550 2270 2601 εἱσι
2293 2548 2391 2617 τῆς
2422 2549 2544 2619 γῆς,
2575 2548 2661 2603 διὰ
2686 2550 2744 2602 τὸ
2772 2550 2875 2602 ὑπὸ
2902 2551 3001 2620 τὴν
3032 2548 3194 2603 αὑτοῦ
3223 2554 3381 2621 χεῖρα
3417 2551 3730 2605 διοικεῖσθαι

2167 2642 2234 2696 τὰ
2262 2642 2532 2713 περίγεια,
2568 2642 2635 2695 τὰ
2668 2642 2725 2697 δὲ
2755 2644 3080 2711 ἐπουράνια,
3125 2643 3401 2714 τροπικῶς
3429 2644 3541 2714 ὕψη
3572 2646 3733 2713 ὀρέων

2166 2730 2558 2803 ὀνομαζόμενα,
2590 2732 2834 2805 κρεῖττόν
2865 2749 2922 2785 τι
2953 2732 3063 2802 ἔχει
3086 2732 3192 2786 τῶν
3221 2733 3316 2784 ἐπὶ
3341 2734 3485 2803 γῆς;
3516 2734 3731 2804 ἐπειδή-

2167 2838 2273 2893 περ
2308 2820 2470 2874 αὑτοῦ
2506 2823 2652 2874 ἐστιν
2693 2814 2801 2875 οἶόν
2833 2838 2884 2874 τι
2926 2823 3110 2891 κτῆμα
3149 2822 3239 2874 καὶ
3286 2822 3603 2893 οἰκητήριον
3642 2824 3733 2892 τῆς

2170 2912 2470 2983 βασιλείας·
2500 2913 2627 2965 Ὅτι
2655 2912 2840 2966 αὑτοῦ
2858 2912 3029 2966 ἐστιν
3056 2918 3095 2981 ὴ
3113 2910 3395 2966 θάλασσα
3426 2914 3528 2965 καὶ
3559 2914 3734 2978 αὐτὸς

2166 3004 2451 3072 ἐποίησεν
2476 3004 2700 3071 αὐτὴν,
2734 2988 2838 3057 Ἲκαὶ
2871 3003 2984 3072 τὴν
3017 3002 3204 3071 ξηρὰν
3234 3006 3291 3057 al
3326 3003 3524 3072 χεῖρες
3552 3004 3736 3057 αὐτοῦ

2168 3096 2464 3150 ἔπλασαν.
2490 3095 2578 3165 Μὴ
2604 3094 2910 3168 Θαυμάσῃς,
2958 3096 3142 3166 φησιν,
3188 3097 3236 3148 εί
3285 3094 3357 3147 τὰ
3399 3096 3617 3166 πέρατα
3644 3094 3737 3163 τῆς

2170 3186 2271 3256 γῆς
2298 3183 2458 3237 αὑτοῦ
2484 3185 2741 3254 τυγχάνει
2764 3200 2778 3214 ο
2828 3186 2922 3238 καὶ
2964 3186 3012 3237 εί
3042 3185 3111 3237 τὰ
3154 3184 3262 3255 ὕψη
3296 3184 3404 3237 τῶν
3437 3185 3612 3255 ὀρέων
3648 3186 3740 3237 αὖ.

2169 3274 2263 3327 τοῦ
2290 3276 2453 3327 ἐστιν.
2496 3272 2655 3326 Ἀλλὰ
2689 3272 2797 3343 γάρ
2827 3272 3083 3344 μάνθανε,
3114 3275 3201 3326 ὅτι
3235 3276 3325 3326 καὶ
3357 3274 3417 3327 τὸ
3456 3277 3567 3327 πᾶν
3604 3292 3739 3328 στοι-

2169 3367 2312 3433 χιϊον
2343 3364 2441 3433 τῆς
2481 3364 2652 3435 ὑγρᾶς
2686 3364 2891 3427 οὐσίας,
2930 3364 3015 3433 ἐφ’
3038 3358 3083 3432 ᾧ
3110 3365 3433 3436 ὲστερέωται
3465 3366 3499 3434 ἡ
3523 3365 3618 3434 γῆ,
3645 3366 3739 3417 αὖ.

2168 3455 2259 3508 τοῦ
2294 3455 2451 3527 ἔργον
2490 3456 2756 3526 ὑπάρχει³
2787 3456 2846 3508 οὐ
2881 3456 3040 3527 μόνον
3087 3456 3271 3527 κτῆμα
3320 3455 3411 3519 ὃν,
3457 3457 3596 3509 ἀλλὰ
3647 3459 3737 3510 καὶ

2168 3546 2378 3617 ποίημα
2413 3546 2595 3601 αὑτοῦ.
2641 3546 2749 3618 Τὴν
2786 3548 2881 3617 μὲν
2908 3543 3002 3600 οὖν
3029 3547 3322 3611 θάλασσαν,
3348 3547 3416 3599 δι’
3444 3544 3518 3618 ἦς
3541 3549 3603 3600 τὸ
3634 3551 3737 3601 πᾶν

2170 3640 2427 3708 στοιχεῖον
2448 3638 2546 3707 τῆς
2571 3639 2741 3709 ὑγρᾶς
2768 3636 2951 3701 οὐσίας
2977 3636 3250 3710 δηλοῦται,
3292 3638 3452 3702 αὐτὸς
3480 3638 3737 3711 ἐποίησε·

2166 3730 2265 3798 τὴν
2298 3728 2353 3781 δὲ
2390 3729 2556 3800 ξηρὰν
2584 3730 2640 3782 αἱ
2670 3732 2849 3801 χεῖρες
2876 3730 3040 3784 αὑτοῦ
3071 3730 3339 3782 ἔπλασαν·
3378 3730 3520 3799 τάχα
3558 3729 3646 3782 διὰ
3678 3728 3736 3783 τὸ

2168 3802 2419 3889 λέγεσθαι
2438 3837 2451 3851 ⁸
2487 3822 2743 3875 Ἔλαϐεν
2769 3824 2800 3874 ό
2836 3822 2979 3888 Θεὸς
3005 3820 3156 3889 χοῦν
3184 3820 3303 3874 ἀπὸ
3335 3820 3445 3888 τῆς
3471 3819 3608 3889 τῆς,
3638 3820 3731 3873 καὶ

2167 3914 2400 3968 ἔπλασε
2428 3912 2535 3967 τὸν
2577 3914 2888 3981 ἄνθρωπον
2910 3931 2924 3944 ·
2967 3914 3060 3966 καὶ
3102 3913 3294 3967 πάλιν·
3361 3914 3678 3965 Ἔπλασεγ
3702 3915 3732 3964 d

2170 4005 2311 4071 Θεὸς
2343 4005 2458 4059 ἀπὸ
2497 4003 2607 4072 τῆς
2644 4004 2757 4073 γῆς
2804 4003 2997 4057 πάντα
3046 4003 3117 4057 τὰ
3159 4004 3349 4071 θηρία.
3382 4004 3643 4057 Ἐοικεδὲ
3674 4004 3732 4055 τὸ

2165 4096 2265 4166 τῆς
2292 4097 2391 4167 γῆς
2424 4099 2698 4167 στοιχεῖον,
2755 4093 3088 4167 σφαιροειδὲς
3114 4094 3192 4158 ὃν,
3218 4092 3311 4157 ’ὥς
3339 4111 3525 4163 φασιν,
3554 4095 3585 4163 ἦ
3641 4095 3731 4145 καὶ

2166 4188 2338 4250 ἄλλως
2372 4188 2513 4241 κατά
2539 4204 2659 4241 τινα
2678 4187 2879 4259 τρόπον
2914 4185 3403 4257 ἐσχηματισμένον,
3434 4184 3577 4255 λόγῳ
3597 4184 3726 4236 Θεοῦ

2168 4281 2261 4334 καὶ
2295 4280 2424 4334 αὐτὸ
2455 4280 2555 4349 τὴν
2578 4280 2783 4332 τοιάνδε
2813 4279 3006 4332 πλάσιν
3037 4277 3330 4347 εἰληφέναι,
3367 4277 3459 4329 Διὸ
3490 4275 3724 4348 ἀκριϐῶς

2166 4374 2259 4427 καὶ
2297 4372 2435 4427 κατὰ
2469 4373 2693 4442 φυσικὸν
2719 4372 2873 4441 λόγον
2906 4373 3113 4443 εἴρηται
3144 4369 3223 4423 τόο
3264 4370 3372 4423 Καὶ
3402 4370 3516 4438 τὴν
3543 4370 3727 4439 ξηρὰν

2100 4471 2143 4526 Ι)
2170 4454 2240 4517 αἱ
2253 4462 2447 4532 χεῖρες
2477 4463 2987 4517 αὐτοῦ’ἕπλασαν.

2240 4555 2415 4608 Δεῦτε
2445 4553 2957 4623 προσκυνήσωμεν
2973 4593 2987 4616 ,
3027 4554 3122 4608 καὶ
3168 4554 3604 4621 προσπέσωμεν
3630 4553 3723 4605 και

2171 4648 2527 4715 κλαύσωμεν
2586 4647 2863 4700 ἐναντίον
2916 4649 3137 4714 Kvp'ov
3199 4645 3305 4698 τοῦ
3366 4644 3724 4710 ποιήσαντος

2168 4734 2341 4805 ἡμᾶς.
2380 4735 2488 4806 Τὴν
2511 4735 2688 4789 ἔνθεον
2712 4736 2803 4788 τοῦ
2838 4736 3038 4807 Κυρίου
3062 4734 3284 4805 δύναμιν
3315 4734 3403 4789 διὰ
3422 4736 3520 4805 τῆς
3550 4751 3706 4805 προτί

2169 4827 2353 4896 Θείσης
2381 4826 2727 4890 διδασκαλίας
2756 4829 3096 4899 παραιτήσας
3121 4828 3149 4879 ὁ
3181 4827 3355 4894 λόγος,
3387 4827 3639 4897 ἀνωτέρω
3667 4842 3721 4878 τε

2168 4917 2356 4984 εἰπὼν,
2384 4918 2827 4987 Προφθάσωμεν
2852 4919 2918 4972 τὸ
2949 4920 3269 4986 πρόσωπον
3288 4918 3474 4971 αὑτοῦ
3506 4919 3577 4970 ὲν
3601 4919 3723 4978 ἐξο-

2162 5012 2511 5083 μολογήσει,
2540 5012 2634 5065 νῦν
2660 5012 2968 5079 ἀναγκαίως
3001 5010 3251 5079 διασαφεῖ
3286 5010 3375 5062 τὸν
3412 5011 3609 5081 τρόπον
3629 5010 3722 5079 τῆς

2168 5104 2623 5174 ἑξομολογήσεως.
2680 5102 2830 5155 Πάνυ
2873 5102 2930 5155 δὲ
2972 5100 3380 5171 προτρεπτικῶς
3431 5103 3719 5172 ἀρχόμενος

2167 5194 2261 5247 τοῦ
2306 5193 2543 5265 ψαλμοῦ,
2578 5194 2678 5247 οὐκ
2714 5191 2962 5245 ἐντεῦθεν
2988 5193 3095 5246 ἀπὸ
3134 5191 3240 5243 τῶν
3268 5192 3719 5263 σκυθρωποτέρων

2168 5286 2397 5357 ἤρξατο,
2430 5286 2541 5339 ἀλλ’
2568 5285 2677 5340 ἀπὸ
2716 5284 2826 5337 τῶν
2852 5282 3237 5354 φαιδροτέρων,
3284 5282 3358 5345 ὡς
3388 5283 3453 5335 ἂν
3484 5284 3557 5353 μὴ
3594 5283 3719 5335 ἀπο·

2168 5381 2421 5451 τραπεῖεν
2440 5380 2489 5431 οἱ
2522 5377 2842 5448 καλούμενοι
2870 5376 2950 5440 τὸ,
2978 5373 3409 5443 προσπέσωμεν
3436 5375 3525 5425 καὶ
3547 5372 3718 5425 κλαύ-

2169 5486 2387 5539 σωμεν,
2421 5469 2577 5533 εὐθὺς
2618 5471 2675 5521 ὲν
2699 5471 2894 5539 ἀρχαῖς
2926 5466 3252 5528 ἀκούσαντες
3274 5482 3286 5496 ·
3320 5467 3368 5518 εἰ
3396 5466 3470 5535 μὴ
3498 5465 3601 5535 ἄρα
3629 5461 3715 5515 δύο

2170 5562 2422 5631 τάγματα
2465 5560 2551 5612 διὰ
2598 5559 2800 5612 τούτων
2849 5559 3025 5629 δηλοῖ*
3072 5556 3129 5609 ἒν
3174 5557 3269 5627 μὲν
3299 5557 3355 5610 τὸ
3384 5560 3639 5625 κρεῖττον,
3685 5550 3715 5606 ὃ

2132 5739 2183 5806 7,
2262 5740 2303 5771 "
2344 5737 2479 5795 Gen.
2514 5754 2561 5802 ε,
2595 5738 2685 5793 25.
