3974 6536
249 359 386 415 1213

246 562 363 617 λεῖο
423 563 669 636 δεύτερον
715 567 770 619 δὲ
818 568 878 620 τὸ
926 569 1176 640 δεόμενον
1233 570 1564 642 θεραπείας·
1618 573 1685 625 δι’
1740 572 1807 636 δ,

245 656 424 710 Δεῦτε
454 658 963 728 ἀγαλλιασώμεθα,
987 662 1043 714 ἐν
1071 665 1181 725 τοῖς
1208 662 1441 734 πρώτοις
1458 664 1688 735 εἴρηταιο
1713 660 1810 717 εἶθ’

245 747 378 816 ἑξῆς
417 748 553 818 μετὰ
597 748 667 803 τά
699 751 1128 823 τεθεολογημένα
1170 754 1297 825 περὶ
1340 754 1435 807 τοῦ
1470 754 1676 825 Κυρίου
1718 755 1812 808 καὶ

246 837 390 907 μετὰ
413 838 510 909 τὴν
536 840 645 895 τῶν
678 843 958 915 προτέρων
998 844 1186 914 κλῆσιν
1240 846 1331 899 ἐπὶ
1368 847 1496 909 τοὺς
1530 846 1813 917 δευτέρους

146 992 153 1000 ⁶
248 926 584 997 μεταϐαίνει,
628 933 721 985 καὶ
758 930 980 1009 τούτους
1021 933 1285 988 διδάσκων
1328 935 1447 987 ἀντὶ
1491 933 1679 997 ὓδατος
1719 934 1813 987 καλ⁸

243 1019 739 1090 περιρραντηρίων,
773 1020 1034 1092 κλαυθμῷ
1054 1023 1148 1076 καὶ
1172 1021 1552 1094 ἐξομολογήσει.
1589 1024 1681 1077 ἐπὶ
1701 1026 1814 1087 τοῖς

241 1107 481 1178 πρώτοις
507 1109 684 1163 αὐτῶν
733 1112 1089 1183 ἁμαρτήμασι
1123 1114 1446 1184 χρήσασθαι.
1483 1115 1812 1187 Προτρεπτι⁴

242 1195 358 1259 κῶς
376 1196 431 1249 δὲ
452 1196 532 1263 τὸ,
559 1199 916 1270 κλαύσωμεν
932 1200 1210 1254 ἐναντίον
1227 1202 1471 1269 Kvplov,
1499 1202 1811 1271 ἐπαγαγὼν,

244 1286 353 1339 τοῦ
389 1285 757 1353 ποιήσαντος
784 1287 959 1358 ἡμᾶς,
990 1288 1199 1358 ἀγαθὰς
1228 1290 1538 1361 ὑπέγραψεν
1566 1292 1811 1356 ἐλπίδας,

240 1375 487 1443 διδάξας,
534 1379 613 1432 ὅτι
651 1379 725 1451 μὴ
771 1380 1037 1452 ἀλλότριοί
1070 1382 1236 1453 ἐσμεν
1282 1382 1481 1449 αὐτοῦ,
1514 1382 1627 1435 ἀλλ’
1653 1383 1812 1454 ἔργον

242 1466 410 1519 αὐτοῦ
445 1469 538 1521 καὶ
567 1469 775 1541 ποίημα
800 1469 994 1523 αὑτοῦ·
1020 1470 1088 1524 δι’
1126 1470 1154 1523 ὃ
1182 1472 1445 1542 προσήκει
1484 1471 1551 1525 τὰ
1580 1472 1811 1543 χρηστόο

242 1571 378 1627 τερα
405 1558 725 1630 προσδοκᾷν,
756 1559 850 1612 ac:
898 1559 963 1630 δὴ
995 1559 1291 1630 κηδομένου
1340 1560 1502 1614 αὐτοῦ
1549 1560 1643 1614 τοῦ
1680 1561 1811 1615 ἰδίου

243 1651 569 1721 ποιήματος.
595 1651 715 1705 Ἔτι
732 1651 868 1723 πρὸς
891 1651 1097 1717 τούτοις
1126 1653 1211 1707 διὰ
1230 1654 1345 1720 τοῦ,
1370 1653 1814 1724 Προσπέσωμεν

242 1741 342 1795 καί
373 1744 731 1813 κλαύσωμεν
761 1743 1017 1800 ἐνώπιον
1067 1748 1311 1814 Κυρίου,
1340 1745 1577 1801 διδάσκει
1614 1746 1688 1818 μὴ
1728 1748 1815 1799 ὲν-

1360 362 1853 421 COMMENTARIA
1896 364 1965 419 IN
2003 362 2336 421 PSALMOS.

244 471 672 544 προηγουμένως
699 474 791 527 ἐπὶ
821 473 910 528 τὸν
938 470 1083 530 αἶνον
1105 478 1200 531 καὶ
1233 477 1328 549 τὴν
1353 480 1670 548 ἀγαλλιασιν
1708 496 1807 534 κα·
1834 485 1876 542 Α
1906 480 2281 550 quamobrem.

3340 361 3476 415 ηιι

2371 476 2551 531 Venite
2612 474 2952 539 exsultemus‘,
3010 475 3063 528 in
3118 473 3343 527 exordio
3378 464 3478 526 di-

1911 576 2058 621 ctum
2109 567 2207 633 sit;
2258 564 2455 619 deinde
2491 579 2619 619 vero
2664 573 2785 634 post
2819 579 2878 617 ea
2920 578 3041 632 qure
3073 562 3217 616 circa
3270 559 3480 614 Domini

1911 656 2164 713 deitatem
2222 657 2365 711 dicta
2420 664 2568 719 sunt,
2635 666 2686 709 et
2748 663 2869 725 post
2920 654 3161 724 priorum
3234 650 3482 706 vocatio-

1911 750 2139 814 tionem,
2176 748 2241 803 ad
2267 749 2540 803 secundos
2571 756 2835 808 transeat,
2867 746 3070 800 docens
3091 760 3184 799 eos
3215 759 3311 814 pro
3342 757 3479 811 aqua

1911 849 1964 896 et
2007 840 2304 903 ablutione,
2351 839 2609 910 Iacrymis
2637 849 2688 893 et
2729 838 3077 892 confessione
3134 837 3199 889 ad
3254 835 3480 905 pristina

1911 942 2133 1003 peccata
2169 932 2433 1002 expianda
2474 930 2731 985 utendum
2767 944 2909 983 esse.
2953 928 3086 981 Cum
3120 934 3298 980 autem
3349 925 3481 977 hor-

1910 1023 2081 1077 tantis
2132 1036 2281 1075 more
2334 1020 2408 1073 illi
2450 1019 2615 1081 dicto,
2680 1018 2940 1085 ploremus
2987 1032 3169 1069 coram
3232 1013 3480 1077 Domino,

1912 1111 2204 1175 addiderit,
2231 1111 2321 1181 qui
2348 1110 2469 1178 fecit
2505 1126 2621 1176 nos,
2662 1110 2858 1162 bonam
2896 1122 3045 1177 spem
3077 1105 3351 1175 ascripsit,
3380 1103 3481 1158 do-

1913 1216 2047 1257 cens
2070 1216 2171 1255 nos
2207 1215 2315 1253 non
2340 1200 2549 1254 alienos
2573 1198 2674 1269 ipsi
2700 1214 2842 1258 esse.
2874 1199 2966 1252 sed
2998 1212 3137 1266 opus
3174 1202 3227 1249 ct
3261 1202 3482 1249 creatu-

1911 1305 2027 1345 ram
2051 1290 2171 1359 ejus
2192 1308 2205 1343 :
2226 1288 2574 1359 quamobrem
2596 1288 2924 1358 jucundiora
2948 1284 3309 1357 exspectanda
3333 1292 3482 1350 sunt;

1911 1395 2034 1434 eum
2077 1382 2193 1450 ipse
2238 1395 2397 1434 suum
2433 1387 2590 1434 curet
2635 1377 2930 1448 opiﬁcium.
2964 1376 3043 1429 Ad
3078 1376 3191 1429 haec
3217 1389 3365 1438 vero,
3398 1373 3487 1429 his

1910 1471 2129 1537 verbis,
2174 1470 2522 1525 Procidamus
2575 1480 2624 1524 et
2671 1469 2933 1539 ploremus
2996 1484 3175 1521 coram
3235 1465 3483 1534 Domino,

1911 1564 2068 1618 docet
2105 1578 2211 1616 non
2247 1562 2299 1616 in
2344 1572 2636 1633 conspectu
2702 1561 3004 1624 hominum,
3037 1574 3144 1613 non
3202 1558 3482 1612 hominum

1912 1651 2087 1723 gratia
2125 1651 2178 1705 id
2218 1652 2484 1721 agendum
2523 1668 2679 1717 esse;
2704 1651 2797 1707 sed
2834 1651 2889 1705 in
2916 1649 3258 1713 abscondito,
3289 1664 3486 1704 secun-

1911 1744 2148 1798 cundum
2182 1742 2333 1807 illud,
2375 1743 2535 1797 Pater
2566 1753 2707 1810 tuus,
2746 1742 2835 1813 qui
2876 1742 3014 1795 videt
3059 1741 3111 1792 in
3157 1737 3485 1803 abscondite,

240 1833 414 1887 ώπιον
452 1835 752 1906 ἀνθρώπων
798 1838 930 1909 μηδὲ
967 1837 1033 1891 δι’
1062 1836 1379 1910 ἀνθρώπους
1417 1837 1574 1891 τοῦτο
1617 1840 1807 1903 ποιεῖν,

1911 1835 2087 1890 reddet
2107 1836 2200 1890 tibi
2213 1836 2275 1892 “.
2296 1835 2758 1906 Omnibusvitaque
2772 1834 3066 1904 generatim
3088 1833 3196 1887 haec
3221 1840 3489 1902 praecepta

245 1924 366 1977 ἀλλ’
395 1925 452 1977 ὲν
487 1924 565 1996 τῷ
595 1926 824 1997 κρυπτῷ
852 1926 993 1981 κατὰ
1030 1927 1108 1991 τὸ,
1146 1927 1201 1980 '0
1222 1926 1421 1995 Πατήρ
1448 1941 1563 1982 σου
1603 1930 1635 1981 ό
1663 1927 1810 1991 βλέ-

240 2029 375 2067 πων
400 2014 470 2067 ὲν
493 2013 574 2080 τῷ
602 2014 840 2084 κρυπτῷ
861 2015 1154 2071 ἀποδώσει
1169 2032 1287 2071 σοι.
1310 2015 1551 2069 Καθόλου
1593 2016 1690 2087 μὲν
1718 2013 1810 2070 οὖν

241 2105 451 2158 ἅπασιν
482 2103 711 2176 ἁρμόζει
744 2106 812 2160 τὰ
857 2107 1319 2179 παρηγγελμέναο
1368 2107 1571 2179 κυρίως
1612 2107 1667 2160 δὲ
1717 2108 1811 2161 καὶ

241 2197 674 2268 προηγουμένως
704 2201 733 2252 ό
754 2197 923 2267 Λόγος
952 2199 1042 2255 τὸν
1077 2199 1344 2253 Ἰουδαίων
1371 2200 1497 2253 λαὸν
1530 2201 1621 2253 ἐπὶ
1649 2217 1811 2271 μετα-

240 2287 362 2358 νοίᾳ
381 2280 457 2341 ὧν
489 2287 792 2359 ἐτόλμησαν
837 2290 1163 2360 παρακαλεῖ,
1198 2290 1326 2343 Ὅτι
1354 2290 1539 2356 αὐτός
1571 2291 1740 2344 ἐστιν
1778 2294 1811 2345 ό

243 2374 392 2441 Θεὸς
430 2374 615 2444 ἡμῶν,
669 2378 765 2429 καί
812 2377 979 2447 ἡμεῖς
1029 2379 1180 2443 λαὸς
1208 2377 1399 2447 νομῆς
1451 2376 1669 2441 αὑτοῦ,
1710 2378 1808 2432 καὶ

241 2466 507 2533 πρόϐατα
534 2467 727 2535 χειρὸς
745 2467 951 2521 αὑτοῦ.
970 2467 1045 2521 Οὐ
1080 2468 1238 2539 μόνον
1266 2467 1467 2540 Κύριος
1487 2468 1642 2539 ήμῶν
1662 2469 1809 2523 ἐστιν

238 2556 319 2620 ὡς
346 2556 568 2610 οἰκετῶν
593 2557 876 2629 δεσπότης,
898 2557 1019 2611 οὐδὲ
1048 2558 1207 2628 μόνον
1230 2558 1454 2630 ποιητὴς
1498 2559 1573 2622 ὡς
1597 2559 1661 2613 ἂν
1691 2558 1807 2612 κτί-

241 2664 376 2719 στης
403 2647 580 2718 ἡμῶν,
608 2647 741 2702 ἀλλὰ
761 2649 855 2702 καὶ
881 2648 1010 2714 Θεός
1036 2650 1181 2703 ἐστιν
1210 2649 1387 2722 ἡμῶν,
1409 2651 1504 2705 ἆτε
1523 2651 1580 2705 δὲ
1607 2650 1810 2719 ἀγαθὸς

240 2738 318 2790 ὢν
347 2740 440 2793 καὶ
476 2738 652 2802 ἵλεως.
695 2740 773 2792 Δι’
805 2739 833 2792 ὃ
863 2740 958 2794 καὶ
988 2740 1230 2809 φείσεται
1262 2741 1419 2813 ἡμῶν
1468 2741 1562 2796 καὶ
1596 2742 1807 2814 ἐλεήσει

240 2828 409 2898 ἡμᾶς’
444 2830 526 2882 ὅτι
559 2830 620 2882 οὐ
660 2828 814 2900 μόνον
848 2832 1080 2902 ποίημα,
1132 2830 1269 2884 ἀλλὰ
1315 2831 1408 2885 καὶ
1436 2831 1622 2902 κτῆμα
1644 2832 1806 2885 αὑτοῦ

240 2921 582 2992 τυγχάνομεν
611 2920 792 2983 ὄντες·
825 2921 919 2976 καὶ
959 2923 1008 2974 οί
1049 2922 1146 2992 μὲν
1175 2921 1524 2993 λογικώτεροι
1552 2923 1681 2985 λαὸς
1706 2924 1805 2976 αὑ-

238 3012 356 3080 τοῦ,
381 3013 430 3066 οί
463 3012 518 3066 δὲ
545 3012 623 3066 ἔτι
649 3012 857 3077 ἀτελεῖς
879 3014 972 3067 καὶ
996 3012 1320 3086 άλογώτεροι
1352 3015 1596 3087 πρόϐατα
1630 3016 1808 3088 χειρὸς

236 3104 427 3158 αὑτοῦ·
444 3104 583 3157 ὥστε
611 3104 707 3158 ὲάν
738 3104 1256 3178 ὲξομολογησώμεθα
1284 3108 1433 3179 αὑτῷ
1461 3109 1553 3162 καὶ
1578 3126 1808 3181 προσκυ-

239 3196 496 3266 νήσωμεν
521 3196 615 3249 καὶ
646 3197 1041 3269 προσπέσωμεν
1086 3200 1179 3252 καὶ
1212 3198 1532 3271 κλαύσωμεν
1568 3201 1808 3257 ἐναντίον
1835 3183 1877 3241 (ἶ

239 3284 431 3352 αὐτοῦ,
453 3284 511 3352 ἐξ
529 3286 765 3350 ἅπαντος
792 3286 1170 3358 σωθησόμεθα,
1198 3288 1246 3341 oi
1266 3289 1365 3359 μὲν
1378 3288 1454 3353 ὡς
1468 3288 1594 3353 λαὸς
1618 3290 1805 3357 αὑτοῦ,

240 3378 292 3431 οῖ
330 3376 387 3430 δὲ
422 3376 498 3441 ὡς
536 3377 778 3447 πρόϐατα
805 3378 985 3450 χειρὸς
1014 3378 1199 3433 αὐτοῦ.
1236 3379 1467 3449 Λέγεται
1487 3381 1616 3450 γοῦν
1648 3382 1811 3447 αὐτὸς

241 3465 382 3523 εἶναι
407 3472 435 3522 ό
451 3470 654 3540 ποιμὴν
674 3472 703 3523 ό
723 3470 905 3534 καλόςο
929 3472 1023 3525 καὶ
1051 3473 1210 3544 ἡμεῖς
1228 3472 1405 3542 λέγειν
1426 3473 1808 3547 διδασκόμεθαο

240 3561 456 3629 Κύριος
482 3562 779 3631 ποιμαίνει
802 3579 901 3632 με,
936 3561 1035 3616 καῖ
1062 3561 1243 3616 οὐδέν
1255 3579 1332 3633 με
1368 3564 1709 3633 ὑστερήσει.

313 3675 581 3744 Σήμερον
610 3676 719 3730 ἐὰν
759 3674 872 3745 τῆς
909 3674 1117 3745 φωνῆς
1154 3677 1341 3732 αὑτοῦ
1371 3677 1692 3746 ἀκούσητε,
1722 3678 1808 3749 μὴ

238 3765 627 3833 σκληρύνητε
669 3764 776 3830 τὰς
821 3762 1067 3832 καρδίας
1114 3763 1281 3834 ὑμῶν
1320 3764 1394 3817 ἐν
1443 3763 1523 3830 τῷ
1565 3778 1813 3834 παραπι-

239 3853 507 3923 κρασμῷ.
548 3855 729 3920 Ἀπαξ
759 3855 900 3918 τότε,
926 3854 1113 3926 φησὶν,
1135 3854 1501 3926 ὲσκληρὺνατε
1538 3854 1637 3919 τὰς
1676 3872 1811 3927 καρ-

241 3945 358 4009 δίας
386 3946 558 4017 ὑμῶν,
591 3946 920 4010 ἀκούσαντες
938 3945 1102 4000 αὑτοῦ
1128 3946 1227 4017 τῆς
1246 3946 1428 4017 φωνῆς
1453 3946 1544 3999 ἐπὶ
1560 3946 1657 4017 τῆς
1684 3947 1812 4018 ὲρή-

244 4053 365 4107 μου’
397 4038 558 4107 όρᾶτε
579 4031 672 4089 οὖν
698 4036 772 4107 μὴ
800 4036 894 4090 καὶ
920 4034 1171 4106 δεύτερον
1200 4035 1388 4089 ταύτὸν
1423 4034 1685 4106 πράξητε,
1716 4032 1811 4086 ἐὰν

240 4124 398 4193 αὖθις
429 4130 527 4200 τῆς
553 4130 732 4200 φωνῆς
748 4128 910 4183 αὑτοῦ
935 4128 1201 4200 ἀκούσητε
1229 4130 1288 4183 ὲν
1315 4126 1617 4198 ἀνθρώποις
1643 4130 1810 4199 σήμε-

242 4237 338 4292 ρον
368 4220 682 4291 γενομένου.
716 4220 775 4274 Ὀ
802 4220 860 4273 δὲ
894 4220 1051 4289 λόγος
1070 4220 1496 4292 προηγουμένως
1519 4221 1655 4292 πρὸς
1684 4222 1812 4284 τοὺς

239 4315 306 4366 ἐκ
336 4311 638 4383 περιτομῆς
674 4311 922 4366 λέλεκται
950 4314 1016 4366 ὲκ
1046 4311 1337 4383 προσώπου
1371 4311 1464 4366 τοῦ
1500 4312 1659 4383 χοροῦ
1701 4312 1810 4366 τῶν

238 4404 534 4479 προφητῶν
566 4404 996 4478 προφερόμενος·
1029 4405 1078 4459 οἳ
1107 4404 1170 4477 δὴ
1208 4405 1348 4460 κατὰ
1390 4405 1489 4477 μὲν
1518 4406 1615 4477 τὴν
1637 4405 1811 4477 ἀρχὴν

1909 1927 2280 1992 conveniunt;
2318 1935 2368 1980 at
2399 1927 2617 1996 proprie
2651 1932 2705 1979 et
2749 1924 3023 1994 praecipue
3044 1922 3356 1977 Iudaeorum
3383 1937 3486 1993 po-

1910 2022 2097 2092 pulum
2116 2021 2182 2076 ad
2216 2021 2520 2075 facinorum
2552 2036 2774 2075 suorum
2800 2020 3173 2089 paenitentiam
3206 2018 3489 2089 Scriptura

1909 2120 2121 2168 evocat.
2157 2144 2227 2153 —
2270 2111 2431 2168 Vens.
2458 2114 2511 2167 7.
2542 2113 2681 2179 Quia
2732 2113 2839 2180 ipse
2892 2120 2969 2165 est
3024 2110 3165 2165 Deus
3207 2121 3405 2175 noster,
3435 2119 3488 2166 et

1910 2218 2004 2254 nos
2032 2201 2254 2270 populus
2282 2216 2492 2270 pascua:
2540 2202 2674 2271 ejus,
2707 2211 2756 2257 et
2787 2217 2902 2255 ores
2945 2218 3133 2255 manus
3175 2202 3310 2271 ejus.
3367 2198 3490 2256 Non

1910 2293 2071 2348 modo
2094 2291 2355 2349 Dominus
2386 2302 2574 2348 noster
2596 2300 2701 2357 est,
2738 2299 2798 2345 ut
2831 2294 2996 2346 herus
3019 2292 3489 2358 domesticorum;

1910 2401 2088 2455 neque
2126 2386 2304 2441 solum
2345 2384 2558 2454 opifex,
2611 2391 2796 2454 utpote
2835 2382 3061 2438 Creator
3109 2393 3330 2450 noster;
3390 2384 3489 2438 sed

1909 2476 2071 2529 etiam
2103 2475 2247 2530 Deus
2292 2482 2481 2529 noster
2512 2484 2616 2538 est,
2651 2481 2838 2544 utpote
2881 2473 3059 2528 bonus
3089 2480 3143 2527 et
3192 2471 3485 2543 propitius.

1909 2566 2271 2632 Quamobrem
2332 2574 2517 2636 parcet
2566 2565 2725 2619 nobis
2770 2572 2824 2619 et
2873 2564 3219 2619 miserebitur
3270 2562 3491 2618 nostri:

1908 2659 2036 2727 quia
2067 2672 2175 2711 non
2203 2656 2479 2728 opiﬁcium
2531 2655 2816 2718 duntaxat.
2854 2656 2947 2711 sed
3000 2657 3163 2710 etiam
3208 2655 3491 2725 possessio

1909 2749 2031 2819 ejus
2060 2765 2292 2805 sumus:
2323 2756 2378 2803 et
2412 2748 2864 2803 rationabiliorcs
2894 2763 2924 2801 e
2973 2747 3132 2801 nobis
3171 2753 3298 2801 sunt
3322 2760 3488 2815 popu-

1910 2839 1995 2895 lus
2022 2841 2141 2909 ejus
2187 2839 2269 2905 ;ii
2319 2854 2449 2893 vero
2505 2838 2597 2908 qui
2640 2838 2817 2892 adhuc
2872 2836 3171 2905 imperfecti
3204 2844 3259 2889 et
3306 2835 3487 2889 minus

1911 2930 2259 2985 rationabiles
2297 2937 2445 2991 sunt,
2485 2944 2613 2983 Oves
2641 2944 2836 2982 manus
2873 2928 3012 2995 ejus.
3044 2925 3230 2997 Itaque
3269 2926 3313 2979 si
3342 2940 3478 2977 con-

1912 3020 2158 3074 ﬁteamur
2193 3019 2318 3088 ipsi,
2352 3018 2397 3073 si
2434 3018 2744 3079 adoremus,
2784 3017 3132 3087 procidamus
3173 3024 3227 3069 et
3261 3014 3487 3069 ﬂeamus

1911 3126 2095 3165 coram
2141 3109 2256 3177 illo,
2295 3109 2525 3162 salutem
2570 3123 2800 3179 prorsus
2856 3107 3207 3162 consecuturi
3259 3121 3486 3171 sumus;

1912 3204 1999 3258 alii
2029 3202 2242 3274 quidem
2287 3210 2344 3256 ut
2396 3202 2660 3273 populus;
2697 3202 2787 3255 alii
2836 3215 2965 3255 vero
3015 3208 3075 3254 ut.
3128 3215 3257 3254 oves
3291 3212 3488 3252 manus

1910 3295 2051 3366 ejus.
2089 3294 2209 3366 Ipse
2232 3308 2468 3363 namque
2489 3292 2692 3347 dicitur
2713 3308 2836 3347 esse
2864 3292 3043 3346 bonus
3080 3298 3358 3360 pastor,et
3386 3304 3488 3341 nos

1912 3387 2250 3443 instituimur
2291 3386 2355 3440 ad
2412 3385 2701 3440 dicendum
2734 3403 2748 3439 :
2782 3383 3041 3439 Dominus
3067 3384 3233 3452 pascit
3288 3398 3401 3447 me,
3436 3389 3486 3435 et

1912 3479 2043 3534 nihil
2080 3478 2209 3532 mihi
2238 3476 2405 3532 deerit
2435 3478 2502 3530 ⁸⁷.

1982 3670 2147 3726 Vens.
2173 3672 2225 3726 8.
2264 3670 2436 3725 Hodie
2456 3671 2504 3725 si
2528 3687 2697 3725 vocem
2729 3670 2842 3741 ejus
2879 3670 3177 3735 audieritis,
3207 3668 3368 3721 nolite
3389 3666 3486 3721 ob-

1911 3762 2104 3816 durare
2137 3762 2300 3816 corda
2342 3772 2513 3816 vestra
2552 3763 2606 3816 in
2648 3761 3069 3816 exacerbatione.
3102 3760 3257 3813 Tunc
3292 3758 3484 3820 semel,

1912 3855 2111 3925 inquit,
2137 3854 2321 3909 audita
2345 3854 2398 3908 in
2416 3870 2601 3909 eremo
2623 3869 2757 3909 voce
2778 3854 2952 3924 ipsius
2981 3852 3298 3907 obdurastis
3319 3851 3486 3906 corda

1911 3954 2326 4013 vestra;cavete
2355 3961 2484 4019 ergo
2523 3963 2591 4002 ne
2629 3945 2869 4002 secundo
2898 3944 3129 4015 idipsum
3162 3943 3485 4008 admittatis,

1912 4038 1957 4091 si
1993 4052 2209 4091 rursum
2238 4037 2358 4106 ejus
2397 4038 2539 4108 apud
2574 4037 2825 4092 homines
2876 4037 3037 4091 hodie
3088 4036 3360 4091 versantis
3390 4050 3485 4088 vo-

1910 4143 2027 4183 cem
2047 4128 2301 4184 audiatis.
2322 4128 2513 4183 Sermo
2539 4136 2718 4183 autem
2746 4129 2949 4200 populo
2968 4145 3032 4183 ex
3064 4127 3488 4182 circumcisione

1909 4220 2206 4289 praesertim
2236 4219 2571 4284 enuntiatur,
2602 4234 2666 4274 ex
2715 4234 2947 4288 persona
2998 4219 3150 4273 chori
3194 4218 3486 4288 propheta-

1910 4328 2030 4366 rum
2072 4311 2335 4383 prolatus.
2369 4310 2448 4365 Illi
2480 4313 2687 4368 scilicet
2723 4312 2878 4366 initio
2910 4310 3126 4381 quidem
3160 4310 3341 4365 omnia
3366 4310 3488 4380 plu-

1910 4406 2096 4460 raliter
2121 4404 2394 4469 dicebant,
2420 4406 2625 4461 vocatis
2647 4422 2767 4460 sese
2796 4412 3254 4459 connumerantes
3285 4422 3297 4456 :
3331 4418 3481 4467 nam,

235 4498 307 4551 τὰ
346 4497 522 4551 πάντα
554 4497 740 4566 ελεγον
770 4498 1165 4571 πληθυντικῶς,
1214 4499 1308 4552 καὶ
1355 4500 1577 4561 ἑαυτοὺς
1608 4515 1808 4567 συγκα-

1911 4497 2096 4560 venite,
2118 4496 2355 4559 aiebant,
2390 4496 2736 4558 exsultemus,
2759 4496 3049 4565 jubilemus
3078 4504 3126 4547 et
3157 4508 3485 4561 prmoccupe-

235 4588 558 4657 ταλέγοντες
590 4592 701 4650 τοῖς
727 4588 1075 4660 καλουμένοις
1095 4606 1111 4620 ο
1149 4589 1345 4652 Δεῦτε.
1388 4590 1496 4661 γὰρ
1532 4590 1768 4660 ἔφασκον
1788 4632 1802 4656 ,

237 4675 738 4745 ἀγαλλιασώμεθα
768 4676 862 4729 καί
892 4676 1288 4748 ἀλαλάξωμεν
1319 4679 1417 4733 καί
1454 4680 1804 4749 προφθάσωο

233 4784 381 4837 μενο
416 4767 509 4820 καὶ
529 4767 687 4820 πάλιν
706 4784 718 4797 ·
756 4767 931 4822 Δεῦτε
952 4772 1466 4841 προσκυνήσωμεν
1494 4774 1589 4826 καὶ
1621 4789 1805 4841 προσο

235 4858 515 4927 πέσωμεν
546 4860 641 4911 καὶ
672 4860 1049 4928 κλαύσωμεν·
1075 4862 1165 4915 ἐπὶ
1190 4863 1248 4916 δὲ
1283 4863 1376 4917 τοῦ
1402 4864 1663 4935 παρόντος
1687 4864 1803 4917 ἐτέ-

239 4965 350 5021 ρων
380 4951 460 5013 είς
484 4950 770 5021 πρόσωπον
801 4950 874 5023 μὴ
901 4954 1335 5023 παραιτήσασθαι
1367 4956 1464 5026 τὴν
1490 4955 1679 5025 κλῆσιν
1709 4973 1805 5010 πα-

238 5040 512 5112 ραινοῦσιο
545 5043 668 5114 μηδ’
700 5044 996 5115 ἀπιστῆσαι
1024 5047 1086 5116 τῇ
1111 5048 1260 5116 φωνῇ
1276 5049 1341 5117 τῇ
1362 5048 1595 5117 σήμερον
1624 5048 1804 5111 αὐτοῖς

237 5134 508 5208 μελλούσῃ
550 5135 752 5191 λαλεῖν.
788 5138 860 5191 Τὸ
892 5138 969 5203 δὲ,
992 5138 1274 5207 σήμερον,
1303 5140 1332 5192 ὁ
1379 5138 1696 5203 ’Λπόστολος
1724 5140 1804 5202 είς

233 5228 415 5282 πάντα
443 5228 533 5281 τὸν
567 5230 957 5299 παρατείνοντα
987 5230 1086 5300 τῆς
1118 5230 1263 5301 ζωῆς
1288 5233 1321 5302 ἡ
1330 5230 1444 5301 μῶν
1464 5230 1650 5302 χρόνον
1672 5232 1802 5298 εξείο

233 5317 397 5391 ληφε,
432 5319 570 5372 κατὰ
598 5320 678 5383 τὸ,
709 5321 819 5387 ἕως
854 5317 926 5377 οὗ
964 5322 1028 5374 τὸ
1055 5321 1323 5391 σήμερον
1342 5322 1623 5376 καλεῖται.
1664 5324 1803 5395 Προ-

233 5411 424 5482 τρέπει
443 5410 498 5463 δὲ
522 5412 616 5464 καὶ
643 5413 787 5482 ἡμᾶς
815 5414 842 5465 ό
868 5413 1023 5481 λόγος
1055 5413 1302 5467 ἐντεῦθεν
1333 5414 1677 5486 ἀπάρξασθαι
1698 5415 1804 5468 τῶν

235 5500 725 5570 παρηγγελμένων.
757 5503 819 5555 Εἰ
854 5502 962 5574 γὰρ
994 5504 1087 5556 καὶ
1110 5503 1273 5575 πολλή
1308 5521 1390 5565 τις
1421 5504 1611 5572 γέγονε
1642 5504 1804 5575 ῥαθυ-

238 5593 336 5663 μία
380 5594 436 5645 ὲν
476 5592 554 5662 τῷ
596 5594 915 5665 παρελθόντι
966 5595 1170 5667 χρόνῳ’
1229 5595 1362 5649 ἀλλά
1410 5595 1511 5649 κᾶν
1555 5597 1662 5650 ἀπὸ
1708 5597 1803 5668 τῆς

1910 4604 2063 4652 mus;
2098 4604 2161 4642 ac
2190 4603 2430 4648 rursum,
2476 4588 2673 4651 Venite,
2722 4587 3017 4649 adoremus,
3064 4584 3401 4654 procidamus
3433 4593 3483 4638 et

1909 4681 2174 4749 ploremus
2208 4695 2226 4732 :
2258 4679 2311 4732 in
2336 4680 2591 4749 praesenti
2628 4694 2758 4733 vero
2784 4678 3013 4732 aliorum
3041 4683 3319 4745 assumpta
3358 4691 3482 4746 per-

1910 4788 2070 4835 sona,
2099 4772 2392 4826 hortantur
2448 4787 2516 4824 ne
2575 4771 2915 4825 vocationem
2971 4777 3266 4838 respuant;
3310 4782 3484 4837 neque

1910 4864 2029 4919 voci
2059 4879 2180 4934 quae
2223 4863 2371 4933 ipsos
2419 4861 2580 4916 hodie
2626 4861 2931 4915 allocutura
2955 4868 3035 4915 est
3071 4859 3228 4913 fidem
3261 4866 3480 4928 negent.

1910 4955 2048 5011 Illud
2077 4971 2261 5027 porro,
2294 4955 2467 5019 hodie,
2496 4955 2794 5025 Apostolus
2833 4953 3029 5023 accipit
3076 4968 3174 5022 pro
3204 4959 3319 5005 toto
3362 4953 3484 5005 vita:

1911 5054 2111 5102 nostra:
2141 5056 2416 5118 tempore;
2449 5045 2748 5101 secundum
2791 5044 2942 5107 illud,
2973 5044 3147 5097 Donec
3200 5043 3352 5097 hodie
3393 5058 3483 5095 uo—

1908 5140 2146 5194 catur“.
2184 5138 2442 5193 Ilortatur
2503 5144 2682 5191 autem
2736 5152 2838 5191 nos
2889 5135 3189 5205 Scriptura,
3243 5142 3302 5189 ut
3353 5134 3482 5187 hinc

1907 5240 2173 5303 pmcepta
2202 5229 2452 5285 servandi
2477 5230 2761 5285 exordium
2784 5228 3069 5283 ducamus.
3094 5224 3319 5279 Etiamsi
3334 5225 3479 5277 enim

1906 5323 2231 5394 prmcedenti
2288 5329 2530 5392 tempore
2590 5323 2645 5376 in
2711 5335 2905 5392 magna
2986 5318 3217 5388 segnitie
3278 5314 3478 5370 versati

1906 5417 2115 5481 simus;
2149 5424 2203 5470 at
2254 5418 2334 5471 vel
2392 5418 2582 5471 saltem
2632 5417 2700 5471 ab
2746 5416 2848 5469 hac
2879 5414 2988 5477 die,
3021 5425 3141 5481 qua:
3183 5423 3279 5478 per
3317 5405 3474 5469 illdd.

1905 5506 2077 5568 hodie,
2108 5507 2454 5577 exprimitur,
2479 5507 2619 5562 etab
2648 5507 2750 5559 hoc
2778 5512 3020 5572 tempore
3041 5499 3202 5555 dictis
3231 5494 3477 5550 attende-

1905 5614 1964 5653 re
1994 5612 2250 5653 curemus
2289 5617 2299 5653 :
2341 5615 2437 5653 nec
2472 5598 2732 5670 populum
2786 5595 2934 5652 illum
2966 5591 3259 5653 imitemur,
3288 5585 3378 5656 qui
3419 5584 3474 5638 in

305 5751 349 5779 “
395 5748 579 5805 Matth.
616 5766 701 5812 vt.
740 5750 875 5814 4.6,
917 5752 1001 5805 18.
1084 5753 1124 5783 ⁸⁷
1166 5751 1309 5807 Psal.
1352 5770 1495 5813 xw.
1537 5753 1584 5807 I.
1634 5710 1707 5784 I”
1749 5752 1909 5813 Hebr.
1952 5769 2048 5814 Ill.
2086 5758 2172 5815 13.
