3974 6526
224 321 368 378 RH

1303 323 1803 382 COMMENTARIA
1842 324 1909 381 IN
1951 280 2288 382 rsALuos.

3320 330 3463 386 ηιθ

230 435 347 490 ἀλλ’
379 436 414 505 ὴ
451 433 586 505 μετά
609 432 706 504 τὴν
736 433 912 501 ἔξοδον
934 434 1026 488 τοῦ
1056 435 1317 507 παρόντος
1356 437 1468 506 β’ῐου
1510 440 1605 493 σὺν
1641 439 1787 510 αὐτῷ

1888 441 2105 511 quando
2148 441 2402 496 abscedet
2449 438 2669 510 quidem
2722 439 2898 503 dolor,
2935 439 3155 496 tristitia
3190 447 3247 496 et
3287 446 3460 512 gemi-

232 526 502 598 διατριϐὴ,
530 525 649 580 καθ’
679 526 746 595 ἣν
786 526 1208 597 ἀναπαυσόμεθα
1248 530 1306 580 ἐν
1333 532 1398 600 τῇ
1435 529 1596 582 αὐτοῦ
1644 529 1796 600 βασι-

232 619 377 691 λείᾳ,
414 621 591 687 πάσης
627 618 724 688 τῆς
768 618 855 672 διὰ
892 619 1138 690 πράξεως
1175 620 1397 690 ἀγωγῆς
1442 620 1794 691 ἀπηλλαγμέ-

230 728 333 774 νοι,
393 709 527 780 μόνῃ
581 709 636 762 δὲ
700 713 768 780 τῇ
829 709 937 762 τῶν
983 709 1140 763 θείων
1181 712 1275 764 καὶ
1323 712 1656 784 ἐπουρανίων
1697 711 1795 784 θέᾳ

227 801 678 882 προσανέχοντες;
713 802 799 854 ὅτε
830 802 1189 873 ἀποδράσεται
1215 802 1312 874 μὲν
1344 804 1497 876 ὀδύνη
1526 803 1620 858 καὶ
1648 801 1791 875 λύπη

229 895 326 948 καὶ
382 893 700 964 στεναγμός·
762 893 928 963 ἀργία
984 892 1040 947 δὲ
1092 895 1185 947 καὶ
1249 894 1533 967 ἀπαλλαγὴ
1585 900 1792 962 κακῶν,

227 985 389 1056 σχολή
429 1002 486 1037 τε
520 985 613 1038 καὶ
661 983 946 1038 ἀνάπαυλα
992 985 1086 1038 καὶ
1126 985 1188 1038 τὸ
1235 986 1484 1056 ἀληθινὸν
1519 986 1793 1046 Σάϐϐατόν

219 1076 370 1145 ἡμᾶς
405 1075 698 1141 διαδέξεται
715 1091 728 1104 ο
754 1076 810 1127 ἐν
844 1068 888 1143 ᾧ
911 1074 1173 1146 Σαϐϐάτῳ
1197 1077 1430 1150 ἀληθινῷ
1461 1080 1553 1133 καὶ
1580 1081 1739 1146 αὐτὸς
1765 1083 1795 1137 ό

219 1167 310 1221 τοῦ
356 1167 488 1220 Θεοῦ
543 1167 713 1236 Λόγος
767 1166 1168 1221 ἀναπαύσεται·
1239 1170 1300 1223 τὸ
1359 1169 1458 1240 μὲν
1520 1173 1649 1243 περὶ
1701 1173 1792 1227 τὸν

217 1257 472 1328 αἰσθητὸν
515 1257 754 1328 κόσμον,
800 1256 880 1327 τῷ
931 1258 1200 1311 Ἰουδαίων
1252 1258 1364 1330 λαῷ
1416 1260 1486 1314 τὰ
1543 1264 1602 1314 ἐν
1646 1262 1792 1334 αὐτῷ

217 1345 577 1417 προσφωνῶν,
617 1347 710 1400 καὶ
745 1347 1077 1418 παρακαλῶν
1103 1349 1318 1413 αὐτοὺς,
1350 1353 1398 1404 εί
1421 1350 1672 1423 δεύτερον
1696 1371 1792 1406 κα-

213 1437 547 1504 ταξιωθεῖεν,
588 1438 662 1501 ὡς
701 1439 762 1492 τὸ
801 1439 1012 1511 πρῶτον
1055 1441 1148 1494 ἐπὶ
1178 1443 1275 1513 τῆς
1302 1443 1532 1514 ἐρήμου,
1564 1443 1792 1498 ἀκοῦσαι

213 1531 316 1602 τῆς
345 1530 438 1585 τοῦ
471 1531 604 1584 Θεοῦ
630 1533 800 1599 Λόγου
831 1533 1036 1605 φωνῆς,
1063 1536 1184 1606 ἥτις
1211 1536 1442 1606 ῆμελλεν
1466 1538 1646 1602 αὐτοῖς
1675 1542 1784 1592 πά-

213 1623 300 1680 λιν
333 1626 470 1679 κατὰ
528 1626 624 1698 τὴν
668 1627 1076 1699 ἐνανθρώπησιν
1120 1630 1282 1683 αὐτοῦ
1329 1629 1526 1695 λαλεῖν,
1565 1632 1641 1703 μὴ
1667 1634 1792 1697 τοὺς

215 1714 459 1785 πατέρας
489 1715 665 1768 αὐτῶν
688 1715 946 1786 ζηλῶσαι,
981 1719 1103 1790 μηδ’
1129 1716 1288 1784 αὖθις
1323 1720 1414 1774 τὸν
1447 1721 1578 1775 Θεὸν
1607 1741 1786 1795 παρα-

1895 538 2020 595 tus;
2049 528 2206 600 quies
2230 536 2432 590 autem.
2463 528 2671 600 ereptio
2693 543 2724 582 a
2749 530 2931 592 malis,
2960 529 3216 592 cessatio,
3241 533 3458 600 requies

1894 636 1958 675 ae
2021 637 2206 677 verum
2259 623 2540 676 sabbatum
2596 637 2698 677 nos
2745 623 2976 692 excipiet
3010 640 3023 677 :
3059 623 3114 676 in
3168 639 3278 693 quo
3322 623 3452 679 item

1892 727 2022 767 vero
2056 711 2284 766 sabbato
2318 712 2493 781 ipsum
2526 709 2619 767 Dei
2653 710 2887 766 Verbum
2929 712 3250 782 requiescet.
3298 713 3454 780 Quod

1893 819 2023 859 vero
2049 812 2249 874 spectat
2288 804 2350 862 ad
2383 804 2528 858 hunc
2572 804 2884 859 sensibilem
2915 805 3200 867 mundum,
3235 804 3455 862 Iudaeos

1891 907 2082 956 evocat
2110 905 2164 951 et
2191 897 2462 962 hortatur,
2511 907 2572 951 ut
2619 897 2662 951 si
2689 896 2802 966 jam
2835 896 3096 960 secundo,
3142 905 3201 951 ut
3234 899 3364 952 olim
3397 899 3451 952 in

1892 989 2129 1054 deserto,
2162 987 2255 1044 Dei
2291 988 2453 1044 Verbi
2481 1003 2613 1043 voce
2636 988 2946 1060 dignentur,
2977 1006 3096 1058 qua:
3125 989 3278 1056 ipsos
3315 997 3456 1045 tem-

1892 1092 2021 1148 pore
2055 1079 2448 1134 incarnationis
2473 1079 2594 1150 ejus
2624 1081 2818 1134 iterum
2867 1079 3168 1133 allocutura
3195 1089 3328 1143 erat,
3386 1096 3454 1134 ne

1893 1181 2076 1243 patres
2131 1187 2263 1228 suos
2319 1173 2623 1238 imitentur,
2682 1189 2858 1244 neque
2909 1189 3128 1228 rursum
3182 1181 3242 1228 ut
3293 1181 3450 1228 antea

1893 1262 2060 1319 Deum
2114 1263 2458 1318 exacerbent.
2487 1262 2623 1318 Cum
2662 1271 2841 1318 autem
2885 1262 2964 1317 sic
2995 1262 3264 1328 bortatur,
3298 1261 3449 1316 vlde-

1891 1362 1980 1408 tur
2021 1353 2150 1407 mihi
2194 1354 2558 1423 praenuntiam
2601 1369 2664 1408 ac
2692 1353 3042 1410 subindieare
3079 1352 3316 1407 futuram
3365 1368 3455 1408 eo-

1891 1459 2011 1497 rum
2051 1458 2176 1514 erga
2214 1442 2491 1498 Christum
2527 1442 2984 1508 incredulitatem,
3024 1453 3210 1513 utpote
3248 1442 3440 1496 future-

1892 1549 2010 1589 rum
2063 1550 2170 1589 non
2217 1536 2433 1590 nescius
2468 1549 2627 1588 :nam
2687 1535 2789 1590 sub
2820 1535 2932 1588 haec
2985 1549 3047 1589 ex
3083 1547 3315 1604 persona
3353 1529 3446 1586 Dei

1891 1625 2077 1696 adjicit
2109 1634 2163 1680 et
2197 1626 2271 1679 ait
2298 1642 2312 1677 :
2335 1624 2406 1678 Et
2428 1624 2559 1690 dixi,
2593 1623 2806 1694 Semper
2827 1623 3172 1678 errantcorde
3190 1641 3209 1687 ;
3242 1638 3307 1678 ac
3335 1638 3452 1677 rur-

1891 1732 2033 1778 sum,
2069 1713 2216 1770 Sicut
2246 1715 2428 1784 juravi
2473 1718 2526 1769 in
2569 1716 2653 1769 ira
2703 1732 2838 1778 mea,
2884 1717 2930 1769 si
2962 1715 3246 1771 introibant
3278 1714 3330 1768 in
3372 1730 3450 1768 re-

213 1803 474 1873 πικράναι
505 1804 580 1868 ὡς
613 1805 706 1858 καὶ
741 1805 1024 1877 πρότερον.
1071 1807 1306 1863 Τοιαῦτα
1335 1808 1392 1861 δὲ
1425 1810 1779 1880 παρακαλῶν,

1887 1807 2055 1876 quiem
2095 1823 2285 1861 meam.
2315 1805 2525 1862 Etenim
2560 1806 2607 1862 si
2650 1806 2704 1861 in
2747 1822 2810 1863 os
2851 1807 2981 1862 illud
3015 1807 3256 1861 divinum
3303 1821 3449 1860 men-

205 1893 496 1965 προλέγειν
537 1914 626 1967 μοι
645 1897 790 1950 δοκεῖ
816 1900 908 1951 καὶ
936 1899 1367 1971 προαινίττεσθαι
1392 1902 1492 1970 τὴν
1521 1903 1782 1972 ἐσομένην

211 1985 392 2040 αὐτῶν
415 1989 494 2052 εἰς
538 1987 629 2040 τὸν
669 1986 899 2059 Χριστὸν
931 1990 1209 2055 ἀπιστίαν,
1247 1991 1341 2044 ἀτε
1373 1989 1434 2044 τὺ
1476 1990 1667 2062 μέλλον
1705 1993 1778 2064 μὴ

201 2075 440 2144 ἀγνοῶν·
475 2078 667 2146 ἐπάγει
703 2078 748 2131 δ’
785 2075 878 2132 οὖν
928 2079 1055 2151 ἑξῆς
1087 2084 1151 2134 ἐκ
1191 2080 1481 2153 προσώπου
1520 2081 1616 2134 τοῦ
1649 2080 1783 2135 Θεοῦ

1887 1892 2105 1946 daeium
2145 1908 2252 1946 non
2291 1894 2458 1958 cadit,
2498 1908 2562 1947 ac
2611 1892 2978 1950 deﬁnitionem
3011 1895 3447 1964 sententiamque

1889 1981 2036 2035 illam
2087 1983 2331 2052 protulit,
2376 1983 2520 2053 quod
2562 1984 2770 2038 seili’eet
2819 1999 3032 2053 semper
3067 1991 3270 2047 errent,
3298 1982 3448 2053 jura-

1889 2082 2180 2143 mentoque
2206 2072 2492 2128 amrmavit
2517 2089 2612 2130 eos
2645 2074 2699 2128 in
2726 2075 2966 2144 requiem
2994 2076 3167 2146 ipsius
3195 2091 3302 2129 non
3326 2089 3448 2130 esse

209 2168 311 2221 καὶ
344 2168 506 2238 φησιν
533 2185 549 2202 ο
589 2170 698 2222 Καὶ
736 2167 892 2225 εἶπα·
947 2172 1052 2225 Ἀεὶ
1086 2171 1424 2227 πλανῶνται
1453 2171 1527 2242 τῇ
1551 2172 1781 2242 καρδίᾳ·

1890 2162 2268 2234 ingressuros;
2300 2173 2484 2234 aperte
2529 2162 2707 2219 futura
2737 2166 3061 2220 vaticinatus
3107 2173 3212 2220 est.
3243 2167 3444 2231 Quare,

211 2261 313 2312 καὶ
344 2261 522 2314 πάλιψ
561 2261 654 2328 Ὠς
680 2262 883 2332 ὤμοσα
912 2264 982 2317 ἐν
1009 2263 1085 2333 τῇ
1112 2264 1258 2334 ὀργῇ
1279 2283 1419 2334 μου,
1445 2268 1496 2319 εί
1519 2267 1785 2320 εἰσελεύ-

1889 2263 1950 2309 ut
1975 2255 2104 2309 olim
2127 2265 2372 2328 tempore
2401 2254 2622 2327 Moysis,
2651 2257 2729 2310 sic
2751 2256 2944 2311 iterum
2967 2254 3177 2310 Domini
3205 2265 3448 2326 tempore

217 2370 432 2407 σονται
462 2355 549 2419 εἰς
580 2353 694 2421 τὴν
723 2354 1102 2408 κατάπαυσιν
1142 2374 1278 2425 μου.
1316 2356 1378 2408 Ei
1413 2354 1520 2426 γὰρ
1559 2354 1787 2425 ἀψευδὲς

1887 2349 2100 2403 videtur
2125 2347 2340 2404 Iudaeos
2370 2347 2532 2404 corde
2560 2364 2796 2413 errasse,
2829 2349 3055 2418 ideoque
3086 2347 3446 2418 promissione

217 2444 478 2514 τυγχάνει
508 2445 569 2498 τὸ
598 2445 736 2498 θεῖον
768 2447 958 2517 στόμα,
987 2447 1112 2519 ὅρον
1129 2463 1186 2498 τε
1221 2447 1508 2518 ἐξήνεγκεν
1531 2448 1624 2500 καὶ⁵
1648 2448 1784 2500 ἀπε-

1888 2443 1980 2497 illa
2005 2441 2296 2498 frustratos
2317 2457 2460 2499 esse.
2480 2440 2820 2512 Quapmpter
2838 2447 2960 2510 post
2987 2440 3130 2494 hunc
3156 2440 3445 2510 psalmum,

211 2537 442 2607 φήνατο,
469 2538 549 2589 ὅτι
590 2537 674 2590 ἀεὶ
729 2536 1068 2604 πλανῶνται,
1109 2539 1257 2610 ὅρκῳ
1294 2556 1353 2592 τε
1400 2537 1690 2592 ἐϐεϐαίωσε
1727 2537 1787 2592 τὸ

1888 2535 1981 2605 qui
2031 2535 2276 2604 sequitur
2308 2550 2499 2590 omnes
2541 2543 2729 2604 gentes
2786 2530 2852 2586 ad
2894 2530 3310 2601 promissionem
3352 2527 3446 2584 Dei

207 2627 290 2699 μὴ
323 2627 578 2703 εἰσελθεῖν
607 2629 801 2693 αὐτοὺς
835 2631 913 2694 εἰς
948 2629 1044 2702 τὴν
1077 2631 1416 2684 κατάπαυσιν
1456 2629 1652 2684 αὐτοῦ’
1695 2647 1787 2683 σα-

1888 2633 2067 2691 voeat,
2099 2641 2162 2680 ae
2191 2625 2236 2680 si
2265 2626 2414 2696 prior
2449 2625 2538 2680 ille
2569 2623 2800 2694 p0pulus
2823 2636 2931 2675 non
2967 2619 3372 2689 obtemperarit.

211 2720 326 2786 φῶς
349 2720 410 2773 τὸ
445 2721 632 2791 μέλλον
659 2722 960 2778 ἐθέσπισεν.
994 2712 1153 2777 Ὅθεν
1187 2722 1462 2794 φαίνονται
1491 2724 1678 2796 ὥσπερ
1713 2723 1772 2777 τὸ
1797 2722 2008 2795 πρῶτον
2047 2722 2138 2775 ἐπὶ
2159 2721 2459 2784 Μωῦσέως,
2481 2720 2622 2772 οὕτω
2673 2718 2768 2771 καὶ
2810 2715 2870 2770 τὸ
2925 2715 3170 2786 δεύτερον
3211 2715 3300 2766 ἐπὶ
3351 2708 3447 2768 τοῦ

209 2811 415 2882 Κυρίου
455 2811 814 2883 πλανηθέντες
847 2816 911 2883 τῇ
949 2813 1162 2885 καρδία,
1208 2815 1302 2867 καὶ
1342 2815 1432 2868 διὰ
1475 2813 1633 2867 τοῦτο
1674 2815 1772 2884 τῆς
1804 2813 2134 2882 ἐπαγγελίας
2178 2809 2550 2882 στερηθέντες.
2586 2808 2786 2876 Διόπερ
2834 2805 3137 2868 ἀκολούθως
3189 2802 3322 2874 μετά
3355 2803 3444 2857 τὸν

210 2904 453 2975 παρόντα
476 2903 688 2975 ψαλμὸν
712 2907 740 2958 ό
760 2905 884 2976 ἑξῆς
907 2905 1082 2959 πάντα
1118 2904 1186 2958 τὰ
1213 2905 1340 2977 ἔθνη
1374 2907 1453 2969 εἰς
1473 2906 1570 2976 τὴν
1601 2903 1931 2973 ἐπαγγελίαν
1959 2903 2053 2956 τοῦ
2087 2903 2221 2956 Θεοῦ
2244 2902 2420 2965 καλεῖ,
2463 2900 2539 2962 ὡς
2591 2899 2656 2952 ἂν
2705 2896 2799 2950 τοῦ
2862 2896 3122 2968 προτέρου
3168 2893 3296 2948 λαοῦ
3369 2896 3443 2966 μὴ

211 2995 645 3058 ὑπακούσαντος.

209 3110 349 3180 om
401 3109 488 3179 To
539 3109 776 3172 sum,
827 3110 956 3162 OTE
1007 3115 1050 3164 υ
1097 3110 1304 3164 omo}:
1349 3109 1784 3180 φιοΔοΜειτο
1809 3112 1854 3170 C

473 3180 663 3232 ΜΕΤΑ
701 3181 841 3232 ΤΗΝ
881 3181 1376 3234 ΑΙΧΜᾹΛΩΣΙΑΝ.
1410 3181 1527 3246 kE'.

283 3355 508 3424 ’ᾼσατε
542 3353 623 3420 τῷ
663 3356 852 3424 Κυρίῳ
883 3347 1046 3426 ᾆσμα
1078 3354 1528 3423 καινόνοςᾷσατε
1559 3351 1638 3420 τῷ
1669 3357 1781 3408 Κυ-

204 3445 336 3515 ρίῳ,
371 3443 539 3499 πᾶσα
565 3447 602 3513 ἡ
766 3447 988 3516 ’ᾼσατε
1024 3445 1104 3512 τῷ
1147 3447 1361 3514 Κυρίῳ,
1409 3445 1782 3516 εὑλογήσατε

210 3536 280 3589 τὸ
317 3536 502 3606 ὄνομα
531 3537 734 3592 αὐτοῦ.
777 3538 957 3609 Φήσας
995 3540 1024 3591 ό
1052 3539 1205 3607 λόγος
1241 3541 1298 3591 ἐν
1338 3538 1416 3609 τῷ
1445 3538 1551 3609 πρὸ
1592 3534 1781 3590 τούτου

210 3626 412 3698 ψαλμῷ
442 3627 676 3698 περὶτοῦ
720 3629 984 3682 Ἰουδαίων
1010 3629 1139 3683 λαοῦ
1168 3630 1246 3695 τὸ,
1295 3630 1400 3683 Ἀεὶ
1441 3628 1782 3682 πλανῶνται

213 3715 291 3784 τῇ
320 3717 550 3786 καρδίᾳ*
578 3717 774 3781 καὶτὸ,
818 3719 912 3784 Ὡς
943 3717 1146 3787 ὤμοσα
1177 3718 1246 3770 ἐν
1267 3713 1341 3785 τῇ
1373 3714 1518 3786 ὀργῇ
1557 3733 1698 3786 μου,
1731 3717 1783 3768 ει

211 3810 665 3877 εἰσελεύσονται
709 3813 796 3876 είς
833 3808 948 3876 τὴν
993 3808 1372 3862 κατάπαυσίν
1411 3823 1548 3875 μουο
1597 3806 1781 3878 ἐπειδὴ

215 3900 465 3972 πρώτους
487 3901 680 3964 αὐτοὺς
707 3902 798 3953 ἐπὶ
850 3900 948 3971 τὴν
977 3901 1116 3954 κατά
1145 3900 1276 3955 Θεὸν
1303 3899 1620 3968 ἀγαλλίασιν
1644 3915 1782 3969 προ-

212 3991 584 4062 καλεσάμενος
635 3992 875 4056 ἀπειθεῖς
930 3987 1119 4064 εὗρεν,
1181 3992 1274 4045 ἐπὶ
1318 3991 1416 4063 τὴν
1463 3988 1570 4044 τῶν
1612 3989 1782 4043 ἐθνῶν

215 4081 408 4151 κλῆσιν
443 4082 770 4153 μεταϐαίνειο
806 4085 1116 4153 προσφωνεῖ
1144 4081 1198 4134 δὲ
1219 4081 1388 4134 ταῦτα
1411 4082 1520 4144 τοῖς
1546 4079 1780 4134 ἀποστόο

212 4174 325 4238 λοις
350 4175 440 4228 καὶ
475 4175 741 4245 μαθηταῖς
767 4175 860 4230 τοῦ
892 4174 1162 4247 Σωτῆρος,
1196 4175 1332 4244 ὅπερ
1361 4172 1515 4244 δῆλόν
1536 4174 1650 4226 ἐστι
1671 4171 1780 4226 ἀπὸ

211 4267 332 4328 τοῦ,
361 4265 825 4335 Εὑαγγελίζεσθε
855 4265 1081 4336 ἡμέραν
1112 4262 1181 4329 ἐξ
1218 4263 1441 4332 ’ἡμέρας
1479 4262 1544 4316 τὸ
1585 4259 1780 4327 σωτή-

207 4374 345 4428 ριον
367 4357 574 4422 αὑτοῦ,
605 4357 731 4427 ἑξῆς
774 4356 1081 4430 εἰρημένου,
1113 4355 1224 4417 καὶ,
1281 4353 1684 4423 Ἀναγγείλατε
1710 4352 1781 4404 ἐν

215 4449 341 4516 τοῖς
371 4451 571 4505 ἔθνεσι
598 4449 711 4518 τὴν
732 4449 917 4514 δόξαν
943 4447 1148 4510 αὐτοῦ,
1181 4445 1250 4500 ἐν
1285 4445 1431 4500 πᾶσι
1462 4444 1584 4512 τοῖς
1609 4442 1779 4510 λαοῖς
1813 4467 1852 4522 D

214 4542 290 4595 τὰ
306 4539 605 4611 θαυμάσια
629 4540 830 4594 αὑτοῦ·
851 4540 972 4594 ἐπεὶ
998 4539 1072 4612 μὴ
1102 4540 1166 4594 δι’
1196 4539 1370 4594 ἄλλων
1385 4537 1416 4609 ἢ
1433 4537 1520 4590 διὰ
1551 4536 1656 4590 τῶν
1680 4534 1774 4588 τοῦ

214 4634 466 4705 Σωτῆρος
490 4631 645 4704 ἡμῶν
666 4632 972 4686 ἀποστόλων
990 4635 1070 4696 είς
1099 4632 1258 4704 ἔργον
1288 4629 1774 4702 προκεχωρήκασιν

217 4727 264 4778 οἰ
291 4724 458 4792 λόγοι.
484 4723 704 4776 Δι’δκαὶ
733 4723 910 4794 μόνοις
944 4722 1167 4795 ἁρμόζει
1192 4721 1262 4776 τά
1287 4720 1617 4794 προκείμενα
1641 4735 1776 4791 προ-

216 4815 542 4885 σφωνεῖσθαι
555 4813 747 4886 διὰτὴν
760 4813 964 4884 Καινὴν
975 4813 1244 4884 Διαθήκην
1260 4813 1349 4867 καὶ
1359 4811 1420 4865 τὸ
1430 4811 1613 4865 καινὸν
1627 4806 1778 4882 ᾆσμα

213 4909 278 4962 τὸ
295 4904 662 4976 εὐαγγελικδν,
679 4903 740 4958 τὸ
755 4906 885 4958 πᾶσι
902 4905 1012 4967 τοῖς
1027 4903 1201 4956 ἔθνεσι
1214 4905 1281 4956 δι’
1319 4903 1494 4956 αὐτῶν
1539 4919 1676 4971 κεκη
1685 4919 1778 4973 ρυ-

213 5000 433 5071 γμένον.
472 4991 629 5052 Οὗτοι
667 4995 731 5068 δὴ
760 4991 850 5049 οὖν
874 4994 1290 5066 προστάττονται
1323 4993 1464 5064 ᾄδειν
1490 4991 1567 5062 τῷ
1592 4990 1780 5061 Κυρίῳ

216 5089 369 5164 ᾆσμα
394 5089 577 5143 καινὸν
610 5089 666 5141 ἐν
696 5087 840 5158 πάσῃ
869 5088 934 5157 τῇ
962 5087 1054 5156 γῇ·
1088 5085 1222 5153 ὅπερ
1250 5083 1343 5136 καὶ
1373 5082 1550 5153 ἔργοις
1569 5079 1780 5148 πεπλη-

219 5181 480 5254 ρώκασιν,
513 5182 601 5234 ὅτε
625 5181 710 5245 εὶς
741 5176 947 5232 πᾶσαν
971 5173 1085 5243 τὴν
1114 5173 1230 5245 γῆν
1259 5171 1514 5241 ἐξῆλθεν
1545 5174 1579 5225 ό
1605 5171 1781 5240 φθόγ-

218 5291 324 5342 γος
358 5269 574 5334 αὐτῶν,
596 5268 695 5322 καὶ
719 5271 804 5334 εις
831 5268 902 5323 τὰ
923 5265 1145 5336 πέρατα
1176 5259 1284 5334 τῆς
1326 5262 1680 5332 οἰκουμένης
1704 5260 1780 5314 τὰ

211 5363 454 5433 ῥήματα
478 5359 693 5414 αὐτῶν.
726 5354 834 5412 Ἦν
860 5360 916 5413 δέ
946 5359 1007 5412 τὸ
1035 5353 1184 5430 ᾆσμα
1214 5356 1273 5408 τὸ
1299 5355 1502 5418 καινὸν,
1525 5353 1586 5406 τὸ
1616 5354 1782 5423 σωτή-

225 5471 336 5526 ριον
362 5449 704 5519 Εὐαγγέλιον,
736 5450 796 5503 οὐ
816 5448 886 5502 τὰ
916 5447 1066 5520 παρά
1090 5447 1311 5502 Μωῦσεί
1337 5442 1540 5497 παλαιὰ
1578 5441 1780 5510 νόμιμα

220 5547 494 5619 περιέχον,
521 5544 656 5597 ἀλλά
690 5543 756 5598 τά
785 5543 878 5597 τοῦ
918 5540 1149 5615 Χριστοῦ
1185 5541 1347 5594 πᾶσιν
1379 5536 1628 5608 ’Ἓλλησιν
1678 5536 1778 5605 ἁρ-

294 5703 341 5735 "
386 5700 531 5756 Psal.
573 5713 732 5765 xvm,
773 5696 822 5759 5η.

1889 3107 1944 3162 ι.
2014 3097 2371 3160 CAMICUM
2451 3089 2576 3153 res:
2619 3086 3443 3162 DAVID,QU.AI\'_DQ_Q_O.\_|_US

1924 3157 2347 3230 )EDIFICABA'I
2363 3165 2456 3222 un
2486 3163 2660 3222 POST
2677 3157 3201 3220 esmrvmrun.
3228 3157 3314 3213 xc
3327 3159 3384 3212 ν.

1954 3333 2118 3389 Vens.
2145 3332 2200 3386 2.
2241 3329 2468 3386 Caritate
2501 3323 2724 3380 Domino
2763 3323 3028 3378 canticum
3062 3333 3270 3381 novum,
3316 3333 3444 3370 can-

1883 3436 1987 3481 tate
2019 3424 2264 3486 Domiuo,
2297 3422 2480 3476 omnis:
2510 3428 2667 3473 terra.
2703 3416 2927 3475 Cantate
2949 3413 3194 3476 Domino,
3237 3409 3445 3464 benedi-

1879 3520 1981 3573 cite
2010 3515 2206 3570 nomini
2234 3513 2368 3583 ejus.
2399 3511 2533 3566 Cum
2569 3509 2623 3563 in
2653 3505 2978 3577 praecedenti
3019 3505 3228 3575 psalmo
3257 3501 3323 3556 de
3353 3501 3445 3554 .In-

1881 3611 2039 3665 daico
2070 3607 2270 3678 populo
2305 3606 2508 3658 dictum
2547 3601 2759 3661 fuisset,
2782 3598 2994 3666 Semper
3032 3602 3212 3649 errant
3247 3594 3436 3657 corde,

1866 3700 1957 3761 ἐι,
1984 3697 2132 3753 Sicut
2151 3695 2332 3765 juravi
2360 3694 2412 3746 in
2450 3692 2531 3744 ira
2565 3706 2701 3755 mea,
2727 3689 2775 3742 si
2803 3685 3092 3740 introibant
3127 3685 3181 3738 in
3213 3684 3441 3752 requiem

1883 3805 2052 3846 meam
2076 3803 2094 3842 :
2119 3788 2250 3858 quia
2290 3786 2412 3840 illos
2442 3784 2676 3854 primum
2704 3781 2770 3834 ad
2799 3794 2918 3833 eam
2950 3775 3250 3832 secundum
3275 3773 3441 3828 Deum

1880 3881 2299 3939 exsultationem
2350 3878 2642 3938 advocans,
2692 3871 3067 3940 immorigeros
3123 3863 3439 3928 invenisset,

1883 3976 1950 4029 ad
1974 3975 2309 4028 vocationem
2332 3969 2574 4041 gentium
2598 3964 2815 4019 transit.
2849 3962 2942 4016 His
2963 3965 3124 4031 porro
3163 3963 3440 4027 apostolos

1881 4071 1936 4120 et
1983 4062 2342 4133 evangelistas
2381 4057 2678 4113 Salvatoris
2715 4054 3020 4125 compellat,
3057 4060 3113 4105 ut
3145 4051 3320 4120 palam
3356 4055 3441 4102 est

1881 4170 1945 4211 ex
1981 4152 2182 4215 verbis,
2214 4149 2538 4204 Annunliate
2572 4152 2634 4201 de
2670 4145 2755 4199 die
2779 4149 2831 4198 in
2866 4143 3002 4196 diem
3032 4140 3268 4194 salutare
3299 4138 3440 4207 ejus,

1881 4261 2002 4317 quae
2029 4245 2287 4313 deinceps
2315 4249 2638 4312 sequuntur,
2678 4245 2732 4293 et
2763 4251 2826 4292 ex
2860 4235 2966 4300 his,
3010 4232 3333 4286 Annuntiate
3367 4230 3446 4282 in-

1882 4348 1958 4392 ter
1981 4345 2152 4408 gentes
2173 4335 2398 4406 gloriam
2431 4333 2566 4402 ejus,
2601 4332 2654 4384 in
2675 4328 2912 4384 omnibus
2940 4325 3144 4397 populis
3173 4323 3442 4378 mirabilia

1880 4430 2035 4498 ejus:
2068 4441 2176 4480 non
2227 4425 2453 4479 aliorum
2497 4421 2663 4485 enim,
2700 4434 2861 4490 quam
2921 4414 3217 4470 Salvatoris
3265 4413 3438 4466 nostri

1883 4517 2252 4589 apostolorum
2286 4530 2473 4584 opera,
2520 4513 2572 4567 hi
2622 4525 2899 4567 sermones
2947 4507 3011 4560 ad
3063 4519 3176 4559 rem
3223 4503 3440 4558 deducti

1883 4616 2031 4666 sunt.
2059 4609 2239 4674 Quare
2263 4607 2332 4660 ob
2358 4602 2565 4658 Novum
2604 4601 3028 4662 Testamentum,
3075 4602 3129 4648 et
3162 4593 3236 4648 ob
3276 4607 3442 4647 evan-

1882 4701 2111 4772 gelieum
2143 4712 2340 4752 novum
2380 4695 2672 4755 canticum,
2713 4705 2808 4761 per
2838 4691 2985 4758 ipsos
3016 4685 3270 4739 onmibus
3301 4699 3443 4754 gen-

1887 4793 2035 4849 tibus
2063 4790 2440 4862 praedicatum,
2474 4788 2622 4858 ipsos
2652 4786 2799 4839 solos
2835 4782 2914 4836 sic
2946 4777 3274 4845 compellare
3304 4789 3440 4828 Con-

1885 4881 2156 4938 veniebat.
2196 4879 2261 4933 Hi
2292 4879 2474 4949 itaque
2501 4876 2764 4946 jubentur
2801 4879 3024 4926 cantare
3055 4867 3283 4943 Domino
3312 4881 3437 4920 ean-

1885 4979 2054 5033 ticum
2087 4989 2285 5030 novum
2321 4971 2376 5026 in
2419 4969 2670 5024 universa
2698 4975 2841 5019 terra
2869 4981 2882 5016 :
2910 4959 3052 5032 quod
3091 4957 3253 5013 etiam
3280 4969 3446 5025 opere

1884 5067 2251 5140 perfecerunt,
2279 5060 2497 5134 quando
2545 5058 2598 5112 in
2636 5071 2837 5111 omnem
2867 5063 3059 5107 terram
3097 5050 3255 5104 exivit
3285 5064 3444 5102 sonus

1883 5177 2086 5226 eorum,
2114 5167 2162 5214 et
2186 5158 2240 5212 in
2265 5159 2394 5228 ﬁnes
2418 5154 2557 5208 orbis
2587 5161 2738 5206 teme
2803 5147 2955 5202 verba
2989 5162 3108 5200 coru
3120 5162 3168 5197 nt
3189 5144 3259 5197 ".
3315 5141 3446 5194 Erat

1883 5269 2048 5326 porro
2079 5250 2353 5306 canticum
2385 5245 2516 5302 illud
2553 5258 2770 5305 novum,
2796 5241 3035 5295 salutare
3072 5233 3444 5326 Evangelimn,

1886 5319 2030 5416 quod
2075 5359 2184 5398 non
2218 5349 2397 5396 vetera
2449 5337 2540 5391 illa
2595 5333 2794 5404 Moysis
2825 5329 3015 5400 leg-alia
3056 5319 3445 5416 complectebao

1885 5414 1996 5501 tur,
2043 5433 2138 5490 sed
2196 5430 2399 5488 Christi
2447 5434 2714 5499 praecepta
2765 5422 3020 5478 omnibus
3073 5414 3277 5469 Graecis
3319 5424 3446 5462 con.

1885 5528 2130 5602 gruentia
2151 5544 2163 5581 :
2184 5525 2275 5581 illa
2302 5525 2500 5597 quippe
2527 5520 2761 5577 Mosaiea
2790 5531 2899 5572 ncn
2929 5504 3239 5582 huiusmodi
3263 5511 3441 5560 erant.
