3974 6508
562 333 700 389 ηις)

1224 332 1491 389 EUSEBH
1521 332 1999 389 CESARIE‘LiSlS
2033 331 2183 386 OPP.
2227 329 2405 385 PARS
2442 329 2529 383 lll.
2572 356 2638 369 —
2679 327 3083 384 EXEGETICA.

3657 325 3789 381 ιεεο

560 446 622 501 lii
657 445 879 501 exordio
912 445 1089 514 itaque
1114 444 1266 513 jubet
1294 446 1395 514 ipsi
1430 446 1658 501 Domino
1687 455 1910 502 cantare
1943 445 2119 499 canti-

2225 446 2379 517 μόδια
2414 444 2859 515 παραγγέλματα·
2894 443 2961 495 τά
3007 442 3114 514 γὰρ
3144 443 3415 505 Μωΰσὲως
3459 442 3522 495 ού
3565 442 3791 495 τοιαῦτα

560 552 686 589 cum
712 549 929 589 novum.
966 534 1100 599 Quia
1142 549 1268 587 vero
1295 550 1401 587 non
1430 542 1639 603 poterat
1674 534 1851 587 omnis
1877 543 2018 588 terra
2050 532 2122 585 in-

560 627 802 696 telligere
826 625 948 695 quis
975 633 1119 679 esset
1150 624 1433 692 Dominus,
1459 640 1631 694 neque
1656 623 2035 693 profundiores
2057 623 2124 677 de

564 716 795 769 Domino
850 731 1125 770 sermones
1180 730 1405 783 capere;
1453 716 1765 769 necessario
1802 715 2007 769 dictum
2044 728 2124 767 re-

560 810 695 879 petit
735 808 837 862 hoc
870 806 1051 871 modo,
1080 805 1305 862 Cantalc
1339 807 1579 871 Domino,
1613 806 1895 861 benedicite
1923 805 2122 859 nomini

556 900 696 969 ejus,
726 899 884 967 cujus
921 898 1033 952 hzec
1071 906 1154 953 est
1187 900 1453 952 sententia
1488 918 1501 953 :
1530 899 1576 953 si
1608 900 1874 953 universae
1902 912 1998 967 per
2035 910 2124 949 or-

561 993 683 1046 bem
718 1000 925 1060 gentes,
970 991 1094 1059 quis
1140 991 1211 1044 sit
1243 992 1408 1046 totius
1438 990 1624 1045 mundi
1671 988 1871 1060 opifex,
1917 988 2122 1057 etquis

559 1085 942 1138 universorum
973 1080 1255 1145 Dominus,
1290 1097 1482 1152 capere
1526 1097 1632 1137 non
1664 1084 1906 1148 valeant;
1950 1096 2124 1150 neque

560 1175 864 1245 intelligere
912 1174 1139 1244 possint,
1180 1174 1452 1243 quomodo
1491 1171 1585 1228 Dei
1629 1173 1884 1237 Verbum,
1941 1173 2123 1241 opifex

561 1284 687 1322 cum
721 1268 811 1329 sit,
844 1266 1054 1320 occulta
1078 1272 1132 1319 et
1171 1265 1432 1321 invisibili
1459 1265 1661 1319 virtute
1680 1265 1859 1318 omnia
1892 1263 2125 1318 admini-

561 1365 700 1411 stret
728 1363 780 1409 et
814 1356 1110 1425 gubernet;
1157 1362 1210 1406 at
1254 1354 1384 1408 satis
1414 1362 1496 1408 est
1539 1354 1666 1416 illis,
1705 1360 1888 1421 utpote
1918 1356 2125 1409 solum-

567 1445 726 1499 modo
783 1445 1043 1506 initialis,
1111 1443 1431 1498 benedicere
1489 1444 1696 1497 nomini
1744 1445 1883 1512 ejus.
1944 1442 2122 1513 Ipsum

564 1537 765 1606 quippe
820 1534 1031 1590 Domini
1077 1552 1295 1598 nomen,
1348 1536 1657 1604 nudumque
1687 1535 1857 1605 ipsius
1891 1537 2115 1590 vocabu-

566 1628 677 1681 lum
707 1643 827 1682 cum
857 1628 1013 1681 laude
1044 1635 1097 1681 et
1151 1626 1521 1681 benedictione
1556 1628 1977 1696 pronuntiatum,
2011 1642 2125 1680 ma-

562 1735 724 1791 gnam
759 1727 932 1790 potest
968 1719 1409 1775 benedicentibus
1460 1720 1742 1773 utilitatem
1800 1719 2119 1785 conciliare;

2221 533 2307 608 ἦν.
2334 535 2759 608 Προηγουμένως
2790 535 2885 604 μὲν
2907 530 2998 588 οὖν
3022 535 3342 605 προστάττει
3367 535 3517 605 ᾅδειν
3541 533 3697 604 αὐτῷ

2223 628 2410 699 Κυρίῳ
2442 626 2506 678 τὸ
2538 626 2719 679 καινὸν
2750 621 2919 697 ᾆσμα·
2956 626 3074 678 ἐπεὶ
3103 625 3159 677 δὲ
3189 627 3251 678 οὐ
3277 629 3423 679 πᾶσα
3452 628 3487 697 ἡ
3516 625 3589 695 γῆ
3621 625 3705 677 οἶα

2221 713 2289 789 ἦν
2316 719 2399 782 τίς
2425 720 2543 772 ποτ’
2572 713 2639 788 ἦν
2667 719 2694 769 ό
2720 718 2921 787 Κύριος
2944 719 3195 782 συνεῖναι,
3222 717 3341 769 οὐδὲ
3365 718 3494 780 τοὺς
3532 717 3665 787 περὶ
3700 713 3790 767 τοῦ

2223 808 2425 880 Κυρίου
2455 806 2781 877 βαθυτέρους
2825 806 3021 860 εἰδέναι
3066 806 3274 874 λόγους
3315 806 3642 875 ἀναγκαίως
3672 803 3791 875 ἑξῆς

2223 900 2362 955 κατά
2385 900 2633 971 δεύτερον
2666 899 2821 977 λόγον
2854 898 3089 967 ἐπιλέγει
3106 899 3184 952 τό’
3220 901 3442 968 ’ᾼσατε
3470 897 3551 962 τῷ
3576 899 3789 966 Κιιρίῳ,

2221 990 2591 1059 εὐλογήσατε
2630 988 2695 1041 τὸ
2739 987 2925 1057 ὄνομα
2966 990 3173 1052 αὐτοῦ,
3212 988 3468 1048 τοιαύτην
3514 988 3658 1057 ἔχων
3696 988 3792 1057 τὴν

2222 1083 2471 1137 διάνοιαν
2498 1082 2545 1134 εἰ
2579 1079 2652 1152 μὴ
2692 1080 2927 1133 συνιέναι
2960 1080 3043 1143 τίς
3089 1082 3235 1133 ἐστιν
3275 1082 3301 1133 6
3352 1078 3443 1132 τοῦ
3477 1077 3792 1148 σύμπαντος

2223 1178 2424 1248 κόσμου
2463 1176 2808 1247 δημιουργὸς,
2854 1176 2947 1229 καὶ
2979 1177 3008 1229 6
3040 1176 3147 1230 τῶν
3188 1176 3320 1229 ὅλων
3364 1175 3640 1245 δεσπότης
3685 1176 3793 1227 K5-

2227 1286 2336 1341 ριος
2366 1267 2582 1321 δύναται
2612 1266 2679 1320 τὰ
2714 1267 2836 1319 καθ’
2867 1268 2993 1337 ὅλης
3029 1268 3125 1337 τῆς
3157 1266 3259 1337 γῆς
3286 1266 3412 1337 ἔθνη
3433 1283 3447 1295 ·
3491 1266 3593 1318 καὶ
3628 1267 3677 1318 εἰ
3720 1265 3793 1335 μὴ

2226 1356 2451 1427 συνορᾷν
2488 1351 2575 1408 οἷά
2607 1355 2666 1408 τέ
2713 1356 2860 1408 ἐστιν
2905 1357 3053 1420 ὅπως
3097 1356 3484 1428 δημιουργικδς
3526 1355 3607 1407 ὢν
3661 1348 3791 1408 Θεοῦ

2221 1448 2410 1515 Λόγος,
2440 1448 2635 1516 ἀφανεῖ
2667 1445 2759 1499 καὶ
2794 1446 3008 1517 ἀοράτῳ
3031 1447 3257 1518 δυνάμει
3291 1448 3357 1499 τὰ
3397 1448 3580 1500 πάντα
3622 1447 3793 1499 διέπει

2224 1542 2316 1595 καὶ
2335 1539 2676 1611 διακυϐερνῷ
2701 1539 2815 1593 ἀλλ’
2844 1541 3081 1611 ἀπαρκεῖ
3104 1557 3167 1608 γε
3198 1539 3378 1603 αὐτοῖς
3408 1540 3488 1603 ὼς
3530 1541 3592 1591 ὲν
3646 1543 3791 1592 εἰσα-

2223 1632 2374 1700 γωγῇ
2406 1629 2498 1682 καὶ
2530 1629 2591 1680 τὸ
2623 1628 2860 1697 εὐλογεῖν
2893 1628 2954 1681 τὸ
2985 1628 3155 1697 ὄνομα
3195 1626 3377 1681 αὐτοῦ.
3434 1627 3649 1679 Ἱκανὸν
3689 1629 3792 1696 γάρ

2225 1721 2370 1773 ἐστιν
2411 1719 2539 1773 αὐτὸ
2583 1719 2643 1772 τὸ
2680 1718 2773 1771 τοῦ
2815 1718 3017 1789 Κυρίου
3058 1719 3223 1789 ὄνομα
3270 1718 3360 1770 καὶ
3401 1717 3543 1788 αὑτὴ
3586 1716 3716 1785 ψιλὴ
3756 1718 3787 1787 ἠ

559 1817 618 1864 et
644 1809 899 1878 majorem
940 1824 1092 1872 sane,
1125 1823 1287 1879 quam
1329 1806 1398 1861 iis
1432 1808 1523 1876 qui
1566 1807 1874 1861 Abrahamo
1910 1807 2120 1862 benedi-

2225 1809 2560 1880 προσηγορία
2592 1807 2756 1863 αὐτοῦ
2786 1808 3172 1879 εὐφημουμένῃ
3206 1809 3298 1861 καὶ
3323 1807 3699 1877 εὐλογουμὲντς
3728 1808 3788 1857 τά

558 1909 748 1956 eerent
775 1921 788 1955 :
823 1901 886 1955 ad
929 1915 1087 1972 quem
1115 1900 1319 1955 dictum
1352 1908 1456 1966 est,
1490 1899 1858 1954 Beaedicentes
1891 1910 1939 1952 te
1971 1897 2122 1952 bene-

558 1993 801 2049 dicentur
814 1993 878 2048 ".

630 2190 839 2246 Novum
870 2206 1035 2263 porro
1074 2191 1347 2246 canticum
1373 2197 1493 2260 post
1522 2188 1886 2257 captivitatem
1914 2202 2008 2257 per
2038 2193 2123 2240 to-

562 2291 678 2337 tum
726 2284 912 2337 orbem
956 2283 1231 2337 celebrent
1291 2284 1418 2337 novi
1464 2281 1614 2335 orbis
1671 2282 1878 2336 incolae.
1922 2280 2123 2344 Quama

563 2374 750 2427 obrem
786 2374 861 2425 ait
889 2372 1080 2441 psalmi
1115 2372 1326 2436 titulus,
1360 2371 1584 2437 Quando
1614 2370 1799 2423 domus
1827 2366 2124 2439 a’di/icaba-

560 2478 652 2520 tur
689 2477 803 2535 post
828 2467 1203 2534 captivitatem.
1229 2464 1365 2518 Cum
1400 2463 1541 2517 enim
1584 2476 1777 2532 niaglia
1812 2461 1900 2513 illa
1929 2462 2123 2514 domus

563 2555 680 2620 Dei,
709 2555 952 2610 Ecclesia
972 2556 1181 2610 scilicet
1206 2554 1346 2622 ejus,
1371 2552 1427 2605 in
1457 2551 1709 2604 omnibus
1729 2550 1977 2621 gentibus
2001 2556 2122 2619 post

560 2650 868 2704 animarum
897 2646 1266 2717 captivitatem
1287 2642 1573 2698 excitanda
1605 2652 1723 2696 erat
1751 2658 1780 2695 a
1806 2656 2000 2712 magno
2031 2642 2122 2694 illo

558 2751 618 2794 et
647 2739 889 2809 sapiente
924 2736 1223 2791 architecto
1250 2733 1478 2788 Domino
1504 2741 1557 2788 et
1586 2731 1867 2796 Salvatore
1907 2740 2119 2796 nostro,

558 2830 630 2885 de
653 2846 761 2899 quo
789 2830 862 2882 ait
886 2829 1164 2899 propheta,
1200 2826 1299 2881 llic
1329 2824 1614 2895 tediﬁcabit
1635 2826 1897 2879 civitatem
1929 2842 2118 2891 meam,

559 2932 611 2977 et
644 2923 998 2991 captivitatem
1028 2922 1204 2991 populi
1233 2920 1332 2974 mei
1356 2918 1625 2973 reducet"
1648 2935 1665 2984 ;
1692 2926 1821 2972 tunc
1856 2918 1971 2987 ipse
2003 2915 2124 2971 Ser-

563 3024 741 3078 vator,
786 3015 1105 3084 impleturus
1136 3028 1197 3067 ea
1234 3028 1355 3083 qua:
1383 3025 1411 3065 a
1447 3009 1722 3082 prophetis
1760 3009 2120 3079 praenuntiata

2224 1901 2451 1971 μέγιστα
2484 1901 2608 1963 τοὺς
2646 1900 2996 1969 εὐλογοῦντας
3026 1899 3269 1968 ὠφελεῖν,
3305 1898 3507 1969 μᾶλλον
3545 1899 3583 1968 ἢ
3618 1899 3669 1949 οξ
3707 1899 3790 1949 τὸν

2232 1988 2487 2061 Ἀϐραὰμ
2529 1988 2893 2057 εὐλογοῦντες,
2941 1991 3077 2061 πρὸς
3114 1989 3172 2042 ὃν
3217 1977 3450 2061 εῖρηταισ
3503 1991 3569 2041 Οἱ
3622 1992 3789 2042 εὐλοο

2221 2082 2465 2154 γοῦντές
2493 2099 2566 2137 σε
2584 2082 3114 2152 εὐλογηθήσονται.

2289 2196 2363 2250 Τὸ
2395 2196 2577 2250 καινὸν
2603 2196 2660 2249 δὲ
2692 2193 2843 2269 ᾆσμα
2888 2195 3025 2265 μετά
3067 2195 3164 2266 τὴν
3204 2194 3583 2264 αἰχμαλωσίαν
3613 2197 3663 2248 οἰ
3698 2196 3788 2265 τῆς

2218 2291 2344 2353 νέας
2375 2288 2695 2360 οἰκουμένης
2731 2286 3125 2359 κατηξιωμένοι
3166 2286 3285 2340 καθ’
3314 2288 3443 2359 ὅλης
3481 2288 3587 2358 τῆς
3619 2290 3789 2341 οἰκουο

2225 2382 2389 2453 μένης
2431 2379 2723 2451 ᾁδέτωσαν.
2761 2379 2853 2431 Διό
2899 2395 3060 2447 φησιν
3106 2380 3139 2447 ἡ
3185 2378 3476 2449 προγραφὴ
3522 2377 3622 2430 τοῦ
3664 2379 3789 2448 ψαλ-

2224 2472 2345 2543 μοῦ,
2377 2472 2506 2524 Ὅτε
2538 2472 2571 2523 ὁ
2594 2465 2754 2536 οἶκος
2772 2468 3121 2537 ᾠκοδομεῖτο
3150 2468 3299 2538 μετὰ
3334 2468 3451 2536 τὴν
3492 2471 3787 2537 αἰχμαιωο

2221 2564 2383 2617 σιάν.
2415 2561 2543 2615 Ὅτε
2570 2560 2698 2629 γοῦν
2730 2562 2757 2613 6
2790 2560 2957 2631 μέγας
2979 2554 3122 2624 οἶκος
3150 2560 3241 2613 τοῦ
3274 2558 3427 2623 Θεοῦ,
3465 2563 3500 2631 ἡ
3558 2560 3786 2632 Ἐκκληο

2223 2652 2312 2704 σία
2351 2649 2535 2716 αὐτοῦ,
2570 2652 2627 2704 ἐν
2654 2653 2786 2704 πᾶσι
2816 2655 2927 2715 τοῖς
2956 2652 3130 2704 ἔθνεσι
3169 2650 3306 2721 μετά
3332 2651 3431 2722 τὴν
3466 2650 3580 2704 τῶν
3609 2650 3789 2719 ψυχῶν

2221 2743 2590 2815 αἰχμαλωσίαν
2614 2743 3005 2813 οἰκοδομεῖσθαι
3033 2742 3262 2813 ἡμελλεν
3290 2742 3395 2795 ὑπὸ
3426 2742 3527 2795 τοῦ
3557 2743 3788 2812 μεγάλου

2222 2836 2315 2889 καὶ
2359 2834 2520 2905 σοφοῦ
2579 2833 2953 2905 ἀρχιτέκτονος
2991 2834 3085 2887 τοῦ
3138 2834 3341 2904 Κυρίου
3387 2834 3483 2887 καὶ
3541 2835 3790 2903 Σωτῆρος

2222 2922 2396 2994 ήμῶν,
2432 2924 2558 2994 περὶ
2596 2919 2656 2977 οὗ
2699 2939 2861 2994 φησιν
2906 2923 2935 2975 6
2971 2925 3284 2993 προφήτης·
3342 2918 3535 2988 Οὗτος
3564 2922 3791 2976 οἰκοδο-

2216 3014 2396 3085 μήσει
2425 3014 2537 3082 τὴν
2573 3014 2753 3068 πόλιν
2781 3031 2900 3082 μου
2936 3013 3033 3065 καί
3074 3012 3188 3079 τὴν
3228 3014 3657 3081 αἰχμαλωσίαν
3694 3014 3791 3066 τοῦ

562 3107 802 3167 fuerant,
826 3121 933 3176 pra:
956 3105 1209 3164 manibus
1244 3104 1522 3173 accipiens
1555 3101 1707 3157 Isaia:
1729 3101 2029 3156 clausulam
2053 3115 2118 3154 ex

2225 3105 2374 3160 λαοῦ
2396 3123 2514 3176 μου
2541 3103 2902 3173 ἐπιστρέψει·
2939 3104 3058 3157 τότε
3094 3104 3253 3167 αὐτὸς
3280 3106 3307 3156 6
3330 3103 3544 3175 Σωτὴρ,
3586 3104 3792 3174 μέλλων

564 3198 735 3268 ipsius
767 3212 999 3267 persona
1021 3195 1311 3259 dicentem,
1336 3193 1574 3263 Scriptus
1602 3192 1815 3245 Domini
1836 3207 1990 3260 super
2020 3207 2119 3255 me,

558 3306 620 3343 eo
641 3288 777 3358 quod
827 3287 1034 3340 tinxerit
1087 3302 1186 3349 me,
1224 3286 1584 3356 evangelisare
1624 3283 1935 3351 pauperibus
1980 3282 2122 3335 misit

565 3397 663 3443 me,
704 3378 990 3448 prtedicare
1035 3378 1252 3447 captivis
1292 3377 1674 3438 dimissionem,
1714 3384 1763 3429 et
1793 3376 1943 3429 caecis
1980 3377 2120 3428 visus

560 3472 952 3526 restitutionem
978 3470 1044 3533 ⁷³,
1108 3469 1368 3539 replicato
1423 3474 1544 3537 post
1596 3467 1883 3521 lectionem
1940 3465 2118 3527 libro,

560 3565 718 3627 dixit,
762 3563 933 3618 Ilodie
974 3562 1189 3632 impleta
1226 3570 1302 3615 est
1332 3560 1441 3613 Itan:
1480 3558 1755 3626 Scriptura
1797 3558 1851 3611 in
1902 3556 2120 3610 auribus

563 3656 747 3708 vestris
769 3653 815 3684 7‘
847 3673 861 3708 :
891 3654 1094 3707 docens
1125 3667 1185 3705 se
1220 3666 1342 3706 esse
1375 3650 1547 3715 illum,
1584 3663 1691 3703 non
1735 3662 1999 3717 corporeo
2029 3663 2137 3701 un--

559 3753 762 3815 guento
828 3743 1050 3813 perinde
1106 3749 1268 3812 atque
1327 3741 1432 3794 alio
1484 3754 1776 3810 corporeos
1829 3738 2116 3803 Christus,

564 3832 659 3888 sed
704 3833 907 3903 Spiritu
956 3840 1193 3901 paternae
1235 3829 1450 3884 deitatis
1489 3838 1747 3895 unctum;
1798 3836 1959 3898 atque
1999 3827 2120 3883 ideo

560 3923 839 3978 Christum
887 3931 1139 3978 vocatum
1194 3922 1404 3977 fuisse:
1437 3935 1467 3973 a
1497 3935 1557 3975 se
1601 3919 1727 3973 item
1769 3917 2118 3988 Evangelium

562 4014 633 4069 iis
661 4014 753 4084 qui
777 4013 954 4067 anima
986 4010 1187 4081 captivi
1214 4016 1369 4065 erant
1399 4007 1746 4078 praedicatum
1777 4022 1898 4061 esse
1927 4021 2122 4061 secun-

562 4104 691 4159 dum
725 4104 1082 4175 prophetiam.
1121 4101 1428 4156 Judazorum
1460 4101 1640 4165 itaque
1693 4085 1967 4169 propheta:
2010 4113 2120 4151 non

562 4197 697 4251 talia
726 4196 1019 4257 cauebant,
1046 4196 1227 4262 itaque
1271 4194 1540 4247 bonorum
1585 4190 1872 4260 Evangelia
1908 4190 1997 4253 iis,
2026 4189 2120 4259 qui

559 4304 678 4344 {evo
711 4302 811 4342 suo
859 4286 1208 4346 exsisterent,
1242 4281 1643 4352 praedicabant;
1688 4281 1781 4337 sed
1818 4282 2014 4335 similia
2056 4282 2121 4335 iis

562 4396 687 4450 qua:
715 4377 926 4448 Moyses
976 4379 1027 4430 iu
1061 4390 1257 4447 magno
1290 4374 1504 4428 cantico
1548 4373 1615 4427 ad
1650 4374 1906 4443 populum
1937 4373 2068 4427 dicit
2102 4389 2115 4424 :

2226 3197 2405 3269 ἔργοις
2435 3195 2781 3267 ἀποπληροῦν
2809 3197 2876 3249 τὰ
2912 3196 2998 3250 διὰ
3040 3196 3146 3248 τῶν
3180 3195 3469 3266 προφητῶν
3509 3212 3792 3266 «parte?»

2227 3287 2452 3359 νημένα,
2485 3287 2621 3357 μετά
2647 3289 2831 3358 χεῖρας
2867 3286 3042 3340 λαδὼν
3074 3287 3167 3339 καὶ
3202 3285 3419 3338 διελθὼν
3460 3286 3562 3357 τὴν
3606 3286 3675 3338 δι’
3714 3284 3792 3338 αὑ-

2224 3378 2320 3432 τοῦ
2376 3378 2664 3451 προσώπου
2712 3378 3023 3447 φάσκουσαν
3053 3376 3147 3430 τοῦ
3194 3376 3411 3430 Ἡσαΐου
3452 3380 3786 3447 περικοπὴν

2228 3469 2467 3540 Πνεῦμα
2510 3470 2731 3536 Κυρίου
2773 3469 2864 3521 ἐπ’
2910 3468 3033 3538 ἐμὲ,
3076 3464 3147 3524 οὗ
3185 3470 3415 3522 εἵνεκεν
3458 3468 3675 3538 ἔχρισέ
3699 3486 3787 3539 με,

2225 3561 2720 3629 εὐαγγελίσασθαι
2757 3559 3010 3629 πτωχοῖς
3037 3558 3380 3623 ἀπέσταλκέ
3406 3577 3507 3628 με,
3540 3560 3788 3629 κηρῦξαι

2224 3653 2614 3723 αἰχμαλώτοις
2666 3652 2916 3722 ἄφεσιν,
2978 3654 3073 3707 καὶ
3140 3654 3387 3721 τυφλοῖς
3431 3653 3787 3722 ἀνάϐλεψιν,

2227 3747 2430 3811 πτύξας
2455 3747 2550 3818 τὴν
2585 3746 2763 3817 βίϐλον
2787 3745 2923 3815 μετά
2957 3746 3053 3815 τὴν
3083 3745 3402 3812 ἀνάγνωσιν,
3429 3741 3581 3797 εἴπεο
3611 3745 3787 3813 Σήμε-

2215 3857 2331 3908 ρον
2351 3838 2725 3906 πεπλήρωται
2744 3837 2781 3904 ὴ
2807 3835 3011 3906 Γραρὴ
3034 3836 3183 3903 αὕτη
3203 3836 3271 3889 ἐν
3289 3835 3412 3901 τοῖς
3431 3836 3584 3889 ὠσὶν
3606 3836 3782 3905 ῠμιῖιν·

2223 3931 2486 3985 διδάσκων
2514 3912 2686 3983 αὐτὸν
2727 3930 2824 4000 μὲν
2867 3924 3001 3981 εἶναι
3038 3928 3128 3980 τὸν
3166 3928 3226 3980 ού
3284 3927 3579 3997 σωματικῷ
3639 3928 3787 3999 μύρῳ

2224 4024 2336 4086 τοῖς
2377 4022 2705 4092 σωματικοῖς
2744 4023 2982 4091 χριστοῖς
3024 4019 3241 4090 ὁμοίως,
3290 4018 3366 4089 τῷ
3411 4019 3467 4071 δὲ
3515 4020 3783 4089 Πνεύματι

2224 4114 2324 4181 τῆς
2349 4113 2620 4184 πατρικῆς
2655 4111 2907 4184 θεότητος
2932 4110 3304 4182 κεχρισμένον,
3358 4112 3452 4164 καὶ
3486 4111 3576 4164 διὰ
3636 4111 3783 4163 τοῦτο

2226 4203 2456 4276 Χριστὸν
2479 4203 2933 4275 ἀνηγορευμένον·
2968 4203 3034 4256 δι’
3064 4202 3226 4255 αὐτοῦ
3247 4202 3303 4255 δὲ
3329 4204 3421 4256 καὶ
3446 4203 3509 4255 τὸ
3546 4203 3782 4270 Εὐαγγέ-

2224 4294 2337 4348 λιον
2380 4298 2493 4359 τοῖς
2536 4296 2633 4360 τὰς
2667 4293 2847 4365 ψυχὰς
2889 4292 3250 4365 αἰχμαλώτοις
3295 4291 3780 4363 κεκηρῦχθαιάιω-

2224 4382 2427 4447 λθύθως
2451 4386 2515 4455 τῇ
2544 4383 2865 4455 προφητείᾳ.
2880 4384 2942 4436 Οἱ
2965 4384 3062 4453 μὲν
3082 4378 3174 4436 οὖν
3195 4382 3286 4435 τοῦ
3315 4382 3581 4436 Ἰουδαίων
3603 4382 3781 4445 ἔθνους

564 4471 697 4525 Filii
743 4469 1132 4538 vituperabiles,
1176 4468 1441 4538 generatio
1487 4475 1726 4519 tortuosa
1772 4474 1824 4518 et
1856 4480 2121 4533 perversa,

2228 4476 2500 4545 προφῆται
2541 4473 2602 4525 ού
2645 4472 2865 4526 τοιαῦτα
2901 4468 3042 4544 ᾖδον,
3086 4473 3196 4525 οὐδ’
3233 4472 3450 4540 ἀγαθῶν
3481 4472 3779 4541 Εὐαγγέλια

561 4563 788 4617 Ittrccine
824 4561 1045 4615 Domino
1086 4558 1345 4613 redditis?
1374 4558 1566 4611 siccine
1603 4556 1823 4625 populus
1855 4554 2048 4609 stultus
2073 4566 2122 4610 et

560 4672 665 4711 non
698 4653 1003 4722 sapiens"?
1042 4659 1096 4706 et
1127 4666 1246 4721 quae
1284 4658 1586 4718 sequuntur
1614 4668 1626 4703 :
1658 4648 1749 4702 ubi
1795 4647 1949 4702 adest
1992 4647 2119 4701 item

520 4805 524 4808 ,
563 4747 716 4809 illud,
751 4745 1101 4799 Irritaverunt
1141 4760 1218 4796 me
1240 4744 1290 4795 in
1316 4742 1525 4803 alienis,
1552 4741 1605 4793 in
1644 4737 2118 4793 abominatiuuibus

562 4840 672 4891 suis
702 4836 1139 4890 exacerbacerunt
1181 4851 1279 4887 me.
1308 4832 1719 4886 Immolaverunt
1749 4830 2045 4891 datmoniis,
2071 4838 2120 4882 et

566 4945 673 4982 non
704 4926 809 4980 Deo
830 4927 876 4957 ⁷⁸
902 4942 915 4990 ;
948 4934 999 4979 et
1030 4925 1182 4987 illud,
1220 4922 1329 4991 Ipsi
1365 4930 1768 4991 provocarerunt
1816 4934 1895 4972 me
1938 4920 1991 4971 in
2022 4934 2125 4971 non

561 5022 679 5078 deo,
724 5020 1062 5070 irritaverant
1123 5016 1177 5069 in
1221 5015 1374 5068 idolis
1419 5015 1607 5068 suis".
1656 5013 1823 5068 Isaias
1863 5028 1991 5067 vero
2039 5012 2125 5066 his

562 5111 720 5166 aliine
743 5108 1015 5161 canticum
1043 5107 1210 5161 edens
1231 5106 1444 5161 dicebat
1478 5124 1490 5157 :
1514 5104 1752 5159 Cantabo
1780 5103 1969 5158 dilecto
1998 5119 2126 5155 can-

560 5206 722 5259 ticum
755 5202 934 5256 dilecti
980 5202 1103 5264 mei,
1143 5202 1303 5254 vinea:
1350 5199 1576 5253 mete":
1621 5197 1819 5267 quibus
1870 5196 2057 5263 adjicit
2102 5211 2115 5247 :

561 5280 707 5361 Quid
732 5293 927 5363 faciam
961 5292 1118 5345 vinea:
1153 5307 1300 5352 metu,
1355 5290 1480 5359 quia
1513 5288 1806 5357 exspectavi
1837 5296 1891 5339 ut
1926 5286 2120 5355 faceret

559 5402 735 5443 uvam.
767 5384 888 5453 fecit
926 5392 1101 5436 autem
1139 5382 1365 5451 spinas?
1404 5381 1655 5449 Auferam
1701 5396 1870 5449 sepem
1898 5379 2031 5448 ejus,
2056 5388 2122 5441 et

560 5481 657 5535 erit
690 5481 742 5531 in
765 5479 1135 5546 direptionem;
1165 5486 1211 5529 et
1240 5476 1509 5527 destruant
1551 5475 1742 5526 turrim
1780 5472 1917 5543 ejus,
1948 5481 1996 5525 et
2021 5472 2121 5524 erit

628 5662 670 5691 '”
710 5658 842 5713 Gen.
877 5675 951 5713 xu
977 5698 989 5717 .
1028 5658 1080 5710 3.
1156 5658 1200 5687 ⁷³
1238 5654 1344 5709 lsa.
1381 5656 1612 5720 x1.v,l3.
1688 5655 1732 5686 ⁷³
1773 5653 1854 5715 lsu
1913 5668 1975 5720 tt
2001 5652 2040 5713 Ῐ.
2081 5652 2099 5716 ι

559 5733 601 5763 ’⁷
641 5731 771 5784 ibid.
809 5732 896 5783 2|.
972 5729 1015 5758 ⁷⁸
1057 5729 1158 5780 lsa.
1196 5741 1246 5789 ν,
1292 5726 1340 5778 1.

2228 4568 2339 4628 τοῖς
2373 4564 2492 4619 καθ’
2514 4565 2739 4627 ἑαυτοὺς
2767 4565 3057 4634 ἐκήρυττον
3077 4579 3090 4593 °
3129 4564 3243 4617 ἀλλ’
3270 4565 3427 4616 ὁποῖα
3460 4565 3702 4631 Μωῦσῆς
3727 4565 3778 4615 ἐν

2232 4655 2439 4729 μεγάλῃ
2463 4655 2570 4726 ᾠδῇ
2602 4656 2735 4726 πρὸς
2754 4656 2843 4709 τὸν
2873 4656 2999 4708 λαὸν
3022 4655 3242 4725 φάσκων
3262 4672 3275 4685 δ
3303 4655 3483 4709 Τέκνα
3504 4654 3776 4723 μωμητὰ,

2226 4746 2400 4818 γενεὰ
2436 4748 2653 4801 σκολιὰ
2710 4746 2807 4800 καὶ
2862 4745 3313 4815 διεστραμμένη,
3364 4746 3552 4800 ταῦτα
3596 4747 3781 4812 Κιτίῳ

2226 4838 2689 4902 ἀνταποδίδοτε;
2712 4836 2862 4890 οὕτω
2884 4837 3032 4903 λαὸς
3054 4836 3248 4905 μωρὸς
3275 4837 3369 4889 καὶ
3402 4836 3537 4905 οἰνχί
3563 4837 3779 4904 00.36;;

2226 4929 2320 4981 καὶ
2346 4928 2415 4981 τὰ
2452 4929 2659 4993 τούτοις
2691 4928 2955 4983 ἀκόλουθα
2975 4946 2988 4960 ·
3037 4931 3093 4981 ἐν
3126 4924 3208 4992 οἷς
3244 4930 3358 4981 ἐστι
3391 4928 3483 4981 καὶ
3528 4928 3607 4991 τὸ,
3640 4931 3779 4993 Παί-

2225 5018 2467 5083 ώξυνάν
2481 5037 2556 5088 με
2580 5020 2649 5073 ἐν
2677 5020 3035 5088 ἀλλοτρίοις,
3054 5020 3122 5072 ἐν
3145 5019 3567 5090 βδελύγμασιν
3592 5018 3779 5072 uiittia-

2224 5109 2624 5177 ὲξεπίκρανάν
2640 5127 2735 5179 με.
2761 5112 3021 5164 Ἔθυσαν
3038 5110 3380 5179 δαιμονίοις,
3404 5108 3503 5162 καί
3534 5111 3605 5161 σὺ
3634 5106 3773 5171 Θεῷ·

2226 5203 2319 5254 καὶ
2347 5201 2425 5263 τὸ,
2462 5202 2635 5255 Αὐτοὶ
2670 5200 3096 5270 παρεζιὶλωσάν
3112 5218 3187 5270 με
3233 5200 3323 5253 ἐπ’
3358 5202 3428 5252 οὐ
3469 5198 3610 5263 Θεῷ,
3643 5214 3778 5265 πσρ-

2224 5290 2484 5361 ώργισάν
2518 5309 2593 5361 με
2633 5292 2703 5344 ἐν
2729 5293 2852 5359 τοῖς
2878 5290 3142 5357 εἰδώλοις
3178 5290 3391 5344 αὐτῶν.
3419 5290 3529 5343 Καὶ
3566 5290 3777 5348 Ἡσαΐας

2225 5382 2281 5435 δὲ
2315 5382 2519 5445 τούτοις
2552 5381 2881 5451 κατάλληλον
2911 5381 3049 5452 ᾄδων
3084 5377 3235 5451 ᾆσμα
3274 5380 3487 5447 ἔλεγενο
3530 5381 3682 5448 ’ξᾼσω
3708 5376 3773 5439 δὴ

2226 5471 2304 5537 τῷ
2324 5471 2679 5541 ἠγαπημένῳ
2702 5466 2865 5541 ᾆσμα
2891 5470 2995 5524 τοῦ
3021 5470 3325 5540 ἀγαπητοῦ
3340 5488 3479 5538 μου,
3496 5472 3577 5533 τῷ
3601 5466 3774 5534 ἀμπε-

3441 5648 3486 5678 ’⁶
3526 5647 3654 5703 ibid.
3692 5641 3765 5695 16.

2205 5655 2249 5686 "
2289 5654 2416 5710 Luc.
2457 5672 2504 5708 tv
2562 5654 2652 5709 ‘21.
2728 5656 2774 5688 "
2810 5653 2964 5707 Deut.
2993 5666 3170 5718 usu,
3208 5649 3271 5713 5,
3313 5646 3345 5700 6
