3974 6536
247 321 380 379 1221

1361 330 1857 390 COMMENTA-RlA
1884 335 1949 392 IN.
1985 335 2320 396 PSALMOS.

3336 350 3360 404 1
3369 351 3477 406 222

241 435 394 492 αἰῶνι
413 454 564 508 μου·
603 432 682 502 οἷς
715 439 988 510 ἐπιλέγεισ
1032 443 1092 497 TI
1127 444 1359 514 ποιήσω
1383 444 1461 510 τῷ
1503 445 1783 515 ἀμπελῶν

1913 450 1966 503 in
2011 452 2498 508 conculcationem:
2528 465 2588 510 et
2634 457 2922 526 relinquam
2975 456 3177 511 vineam
3216 462 3474 526 meam",

237 543 380 596 μου,
411 527 501 582 ὅτι
529 528 734 605 ἔμεινα
770 531 874 586 τοῦ
903 531 1147 601 ποιῆσαι
1191 536 1534 604 σταφυλὴν,
1568 538 1814 606 ἐποίησε

236 616 310 671 δὲ
353 617 652 684 ἀκάνθας;
706 621 947 677 naeus
985 624 1091 678 τὸν
1135 627 1405 696 φραγμὸν
1451 629 1671 691 αὑτοῦ,
1714 629 1813 682 καί

187 774 196 783 .
236 707 411 764 ἔσται
462 712 548 776 εἰς
588 709 954 783 διαρπαγήν-⁸
995 716 1094 768 καί
1153 718 1382 771 καθελῶ
1435 719 1541 772 τὸν
1585 720 1814 789 πύργον

235 800 453 864 αὐτοῦ,
489 803 589 855 καί
636 802 809 858 ἔσται
852 808 939 872 εἰς
1002 807 1419 878 καταπάτημα·
1452 810 1549 863 καί
1605 810 1812 878 ἀνήσω

236 890 344 943 τὸν
400 891 725 960 ἀμπελῶνὰ
786 913 939 964 μου,
993 897 1089 950 καὶ
1140 897 1210 950 τὰ
1256 899 1524 954 ἀκόλουθα
1581 901 1807 966 τούτοις.

235 981 480 1052 Θρήνους
528 985 708 1039 δὲκαὶ
757 988 1024 1060 Ἱερεμίας
1081 985 1175 1062 ᾖδε
1214 991 1352 1045 κατά
1393 992 1487 1046 τοῦ
1543 994 1808 1048 Ἰουδαίων

235 1069 368 1126 λαοῦ
392 1090 405 1104 ·
438 1075 531 1128 καὶ
556 1077 604 1128 οἱ
631 1076 808 1131 λοιποὶ
840 1079 897 1130 δὲ
924 1075 1125 1149 ὁμοίως
1157 1082 1452 1153 προφῆται,
1485 1083 1582 1154 τὴν
1604 1083 1808 1137 πτῶσιν

233 1163 418 1217 αὐτῶν
455 1167 947 1240 ἀπολοφυρόμενοι.
981 1171 1121 1243 ᾠδὰς
1147 1173 1328 1237 αὐτοῖς
1365 1171 1488 1245 ᾖδον
1534 1175 1806 1248 καταλλή-

232 1256 379 1321 λους.
409 1259 480 1311 Τὸ
505 1259 560 1312 δὲ
589 1264 701 1326 τοῖς
723 1262 928 1319 ἔθνεσιν
951 1264 1432 1338 εὐαγγελιζόμενον
1454 1264 1604 1340 ᾇσμα
1623 1269 1805 1324 καινὸν

231 1349 333 1402 οὑκ
365 1347 432 1422 ἦν
475 1353 702 1414 ἐκείνοις
731 1356 936 1424 ὅμοιον,
973 1357 1173 1411 καινῶν
1201 1358 1256 1412 δὲ
1287 1360 1378 1412 καὶ
1421 1360 1554 1414 νέων
1586 1359 1804 1429 ἀγαθῶν

231 1442 562 1512 ἐπαγγελίας
589 1448 861 1516 περιέχον,
899 1448 992 1501 καὶ
1023 1451 1083 1502 ού
1112 1449 1189 1520 τῷ
1224 1451 1491 1505 Ἰουδαίων
1513 1451 1644 1523 λαῷ.
1669 1453 1804 1508 ἀλλά

231 1535 382 1606 πασῃ
405 1539 468 1607 τῇ
503 1540 570 1609 γῇ
609 1542 1138 1612 προσπεφωνημένα.
1167 1543 1378 1615 Σφόδρα
1415 1543 1470 1597 δὲ
1497 1545 1737 1616 ἀκριΰῶς
1767 1549 1799 1619 ἠ

229 1628 525 1699 προγραφὴ
573 1630 634 1684 τὸ
667 1631 852 1685 καινὸν
893 1629 1044 1704 ᾇσμά
1087 1652 1219 1706 φησι
1253 1637 1798 1709 εὐαγγελισθήσεσθαι

227 1719 361 1770 πᾶσι
395 1722 503 1784 τοῖς
545 1719 772 1787 ἔθνεσιν,
805 1723 942 1778 Ὅτε
971 1729 1004 1779 ό
1052 1722 1218 1793 οῖκος
1249 1727 1600 1799 ᾠκοδομεῖτο
1651 1729 1800 1799 μετὰ

217 1807 339 1875 μὲν
373 1813 802 1879 αἰχμαλωσίαν.
836 1816 946 1870 Καὶ
995 1816 1164 1881 ἄλλως
1194 1818 1300 1890 γὰρ
1348 1820 1485 1890 μετὰ
1516 1822 1614 1892 τὴν
1661 1821 1791 1874 Ἰου-
1829 1801 1870 1856 Β

221 1898 388 1954 δαίων
411 1903 781 1974 αἰχμαλωσίαν
813 1907 908 1960 καὶ
943 1909 1080 1978 μετά
1104 1910 1200 1981 τὴν
1234 1911 1548 1966 ἀπόπτωσιν
1589 1913 1789 1977 αὐτῶν,

218 1991 317 2042 καὶ
340 1992 438 2062 τὴν
466 1993 794 2048 ἐπελθοῦσαν
823 1997 1002 2058 αὐτοῖς
1033 1989 1116 2051 ἐκ
1146 1999 1279 2051 Θεοῦ
1324 1999 1510 2073 ὀργὴν,
1551 2002 1617 2073 ἢν
1669 2001 1789 2055 ἐθέ-

219 2095 414 2133 σπισεν
440 2083 468 2134 6
501 2083 606 2153 πρὸ
635 2084 824 2137 τούτου
853 2085 1064 2156 ψαλμὸς
1095 2087 1282 2152 εἰπὼν,
1320 2088 1423 2142 Ἀεὶ
1448 2089 1787 2145 πλανῶνται

215 2169 297 2240 τῇ
325 2171 554 2242 καρδίᾳ.
579 2175 757 2229 Αὐτοὶ
785 2175 853 2228 δὲ
884 2179 993 2231 οὐκ
1014 2179 1290 2248 ἔγνωσαν
1316 2180 1420 2246 τὰς
1445 2180 1619 2246 ὁδούς
1642 2199 1783 2251 μου,

213 2263 301 2326 ὠς
315 2261 522 2332 ὤμοσα
535 2265 604 2318 ἐν
622 2265 693 2336 τῇ
709 2263 856 2336 ὀργῇ
871 2286 1005 2333 μου,
1027 2272 1078 2323 εἰ
1097 2272 1546 2325 εἰσελεύσονται
1561 2275 1647 2338 είς
1678 2272 1791 2341 τὴν

213 2353 600 2410 κατάπαυσίν
625 2376 774 2428 μου,
816 2361 864 2413 οἰ
900 2362 1076 2414 πᾶσαν
1104 2361 1201 2433 τὴν
1246 2362 1350 2432 γῆν
1394 2363 1665 2428 οἰκοῦντες
1693 2366 1786 2419 ἄν-

215 2443 423 2514 θρωποι
450 2447 713 2520 βάρδαροί
742 2468 799 2502 τε
831 2451 924 2504 καὶ
951 2451 1229 2524 Ἕλληνες,
1261 2453 1498 2523 ὁπηνίκα
1533 2456 1661 2525 παρ’
1689 2456 1786 2508 αὐ-

1916 548 1971 596 et
2023 551 2240 599 caetera.
2286 534 2556 602 Jeremias'
2603 548 2731 603 item
2781 549 3190 606 lamentationes
3245 551 3476 606 canebat

1915 643 2108 688 contra
2126 634 2413 694 Iudaicum
2433 640 2688 709 populum
2709 659 2722 694 :
2747 641 2936 710 reliqui
2957 643 3161 710 pariter
3173 641 3470 712 prophetae,

1913 726 2127 782 ruinam
2171 744 2358 783 eorum
2401 730 2768 800 deplorantes,
2796 731 3149 800 congruentia
3179 731 3306 787 item
3343 747 3475 786 cau-

1912 815 2018 871 tica
2047 819 2302 873 edebant.
2337 818 2548 876 Novum
2577 830 2761 876 autem
2795 821 3048 892 gentibus
3087 823 3473 878 annuntiatum

1911 907 2184 963 canticum
2217 910 2324 966 illis
2352 911 2530 966 simile
2553 926 2659 966 non
2688 919 2842 979 erat;
2874 911 2969 967 sed
2997 927 3262 966 novorum
3294 927 3358 967 ac
3388 928 3472 968 re-

1910 1000 2150 1054 centium
2186 1002 2455 1056 bonorum
2493 1003 2763 1073 promissa
2816 1005 3314 1074 complectebatur,
3359 1021 3469 1060 non

1906 1088 2216 1146 Judaeorum
2247 1093 2468 1162 populo,
2501 1093 2597 1149 sed
2628 1094 2774 1148 omni
2811 1102 2968 1150 terrae
2995 1082 3470 1152 annuntiata.°Ac-

1908 1183 2252 1261 curatissime
2294 1195 2472 1239 autem
2519 1184 2707 1240 titulus
2744 1184 2968 1250 indicat,
3013 1196 3144 1241 tunc
3192 1188 3466 1243 canticum

1905 1287 2105 1326 novum
2137 1273 2387 1344 gentibus
2417 1275 3014 1340 annuntiandum‘esse,
3042 1279 3252 1348 quando
3277 1277 3467 1333 domus

1905 1362 2297 1432 tediﬁcabatur,
2320 1374 2436 1433 post
2459 1368 2834 1434 captivitatem.
2870 1366 2934 1421 Et
2959 1369 3200 1440 alioquin
3227 1380 3346 1441 post
3365 1371 3466 1424 Ju-

1904 1453 2142 1508 dteorum
2167 1456 2538 1525 captivitatem
2568 1472 2630 1512 ac
2658 1469 2778 1526 post
2802 1458 3011 1512 ruinam
3035 1475 3222 1515 eorum
3244 1468 3299 1516 et
3328 1461 3464 1515 iram

1903 1541 1997 1597 Dei
2038 1541 2340 1599 immissam
2383 1545 2539 1614 ipsis,
2575 1561 2738 1615 quam
2779 1549 3104 1604 vaticinatus
3137 1555 3222 1605 est
3262 1565 3464 1619 praece-

1901 1634 2036 1689 dens
2061 1635 2303 1705 psalmus
2329 1636 2535 1701 dicens,
2564 1637 2776 1706 Semper
2797 1651 2974 1693 errant
3003 1641 3176 1695 corde.
3205 1642 3316 1710 Ipsi
3346 1659 3462 1697 vero

1901 1740 2004 1778 non
2031 1737 2378 1796 cognoverunt
2407 1729 2519 1781 vias
2548 1744 2713 1794 meas,
2746 1731 2880 1783 sicut
2914 1731 3096 1800 juravi
3119 1733 3172 1786 in
3203 1733 3286 1786 ira
3323 1751 3458 1798 mea,

1899 1817 1945 1870 si
1973 1815 2263 1870 introibant
2298 1818 2352 1870 in
2382 1819 2608 1888 requiem
2639 1836 2828 1881 meam,
2859 1837 3048 1877 omnes
3091 1821 3340 1878 homines
3369 1839 3457 1877 or-

1896 1908 2016 1964 bem
2041 1909 2362 1970 incolentes,
2388 1925 2512 1964 cum
2544 1909 2780 1974 barbari,
2810 1920 2920 1966 tum
2945 1911 3137 1977 Graeci,
3159 1928 3282 1968 cum
3314 1912 3457 1982 apud

1894 2016 1990 2057 eos
2015 2001 2211 2059 domus
2267 2003 2384 2068 Dei,
2420 2004 2632 2058 scilicet
2664 2002 2906 2059 Ecclesia
2937 2005 3058 2075 ejus
3099 2007 3456 2063 constituere.

1894 2101 2002 2158 tur,
2037 2092 2286 2163 deposito
2321 2109 2388 2149 co
2422 2095 2565 2164 quod
2594 2094 2648 2148 in
2692 2094 3019 2150 diabolicum
3063 2098 3298 2167 plurium
3328 2096 3458 2151 deo-

1893 2199 2016 2238 rum
2055 2185 2261 2239 cultum
2301 2185 2459 2240 edere
2503 2186 2771 2250 solebant,
2804 2202 3001 2241 novum
3053 2189 3323 2243 canticum
3365 2203 3454 2244 ca-

1896 2289 2028 2329 nere
2055 2274 2234 2330 edocti
2265 2283 2412 2331 sunt.
2446 2274 2525 2330 Ex
2569 2277 2660 2330 illo
2685 2293 2918 2348 namque
2949 2285 3190 2348 tempore
3215 2281 3457 2336 salutare

1896 2363 1988 2421 Dei
2023 2367 2158 2436 ipsis
2185 2368 2532 2432 annuutiant,
2567 2383 2690 2422 cum
2727 2385 2822 2439 per
2852 2379 3022 2424 totum
3055 2372 3239 2427 orbem
3267 2387 3454 2427 sacro-

1889 2474 2010 2512 rum
2047 2457 2458 2529 Evangeliorum
2489 2460 2813 2516 lectionibus
2834 2469 3082 2516 utuntur.

212 2536 526 2605 τοῖςόοῖκος
557 2542 651 2595 τοῦ
680 2543 814 2598 θεοῦ
851 2546 1098 2617 συνέστη,
1134 2547 1332 2620 δηλαδὴ
1364 2551 1396 2620 ἡ
1438 2549 1730 2622 Ἐκκλησία
1754 2552 1939 2624 αὐτοῦ,
1969 2554 2032 2606 τὸ
2055 2559 2238 2607 καινὸν
2267 2551 2418 2626 ᾇσμα
2435 2555 2578 2625 ᾅδειν
2607 2555 2981 2628 ἐδιδάχθησαν,
3002 2557 3062 2610 τὸ
3086 2575 3184 2630 της
3238 2577 3448 2630 αιμονιο

214 2635 318 2701 κῆς
346 2633 436 2685 καὶ
465 2633 727 2688 πολυθέου
760 2635 967 2708 πλάνης
998 2638 1345 2710 ἀποθέμενοι.
1365 2639 1452 2704 Ἐξ
1483 2641 1689 2694 ἐκείνου
1714 2642 1769 2696 δὲ
1800 2643 1894 2696 κα).
1921 2643 1982 2697 τὸ
2015 2645 2281 2716 σωτήριον
2307 2644 2400 2698 τοῦ
2417 2643 2550 2698 Θεοῦ
2579 2645 3033 2714 εὐαγγελίζονται,
3055 2646 3176 2700 καθ’
3202 2646 3328 2720 ὅλης
3353 2651 3454 2721 τῆς

213 2725 535 2797 οἰκουμένης
562 2729 674 2790 τοῖς
707 2727 812 2780 τῶν
837 2729 994 2798 ἰερῶν
1012 2730 1356 2800 Εὐαγγελίων
1379 2731 1766 2803 ἀναγνώσμασι
1796 2735 2086 2807 χρώμενοι.

287 2841 752 2912 Εὐαγγελίζεσθε
779 2845 1006 2913 ἡμέραν
1040 2846 1109 2911 ἐξ
1141 2847 1364 2916 ἡμέρας
1395 2849 1460 2902 τὸ
1489 2849 1785 2918 σωτήριον

209 2931 432 2985 αὐτοῦ’
480 2933 870 3004 ἀναγγείλατε
897 2936 967 2987 ἐν
1016 2937 1141 3002 τοῖς
1194 2938 1395 2991 ἔθνεσι
1439 2938 1552 3008 τὴν
1596 2939 1783 3004 δόξαν

1967 2851 2127 2908 Vens.
2157 2854 2211 2909 3.
2240 2853 2562 2908 Annuntiate
2579 2854 2643 2908 de
2673 2855 2757 2909 die
2793 2856 2845 2909 in
2874 2856 3014 2909 diem
3043 2857 3280 2913 salutare
3310 2859 3450 2928 ejus.

1887 2943 2216 2999 Annuntiate
2247 2946 2300 2999 in
2332 2946 2566 3015 gentibus
2603 2947 2828 3015 gloriam
2853 2945 2987 3015 ejus,
3009 2947 3061 2998 in
3089 2947 3328 3000 omnibus
3355 2964 3450 3016 po-

209 3026 418 3091 αἰντοῦ,
448 3027 518 3080 ἐν
547 3027 696 3082 πᾶσι
731 3027 856 3095 τοῖς
875 3028 1046 3094 λαοῖς
1077 3029 1376 3099 θαυμάσια
1422 3031 1627 3086 αὑτοῦ.
1671 3030 1781 3084 Καὶ

1888 3037 2023 3103 palis
2055 3037 2326 3090 ini-abitio
2352 3037 2485 3106 ejus.
2509 3035 2846 3102 Quibusnam
2871 3037 2984 3091 haec
3010 3037 3225 3108 praecipi
3255 3048 3449 3108 putan-

206 3119 322 3172 τίσι
359 3118 530 3172 ταῦτα
561 3121 826 3192 προσήκει
875 3121 1118 3193 νομίζειν
1144 3123 1566 3192 προστάττεσθαι
1606 3124 1638 3195 ἢ
1674 3127 1782 3188 τοῖς

205 3208 274 3262 δι’
317 3209 493 3281 ἔργων
541 3209 764 3282 ὕστερόν
824 3229 953 3266 ποτε
1007 3211 1146 3266 αὑτά
1205 3213 1620 3286 πεπληρωκόσι,
1670 3212 1781 3279 τός

205 3300 406 3373 δηλαδὴ
441 3302 954 3376 εὐαγγελισαμένοις
991 3306 1070 3368 εἰς
1102 3304 1278 3358 πάντα
1315 3305 1384 3359 τὰ
1420 3305 1546 3378 ἔθνη
1577 3307 1637 3360 τὸ
1674 3325 1779 3360 σωο

203 3395 396 3464 τήριον
441 3392 534 3446 τοῦ
590 3393 758 3460 θεοῦς
815 3394 1034 3459 Τούτοις
1093 3395 1202 3467 γὰρ
1251 3395 1312 3448 τὸ
1364 3395 1501 3450 θεῖον
1557 3396 1778 3468 Πνεῦμα

204 3482 414 3538 ἄνωθεν
454 3485 548 3538 καὶ
615 3485 720 3559 πρὸ
771 3485 966 3538 πολλοῦ
1016 3485 1173 3538 τοῦτο
1226 3486 1485 3556 πράττειν
1545 3503 1780 3559 παρεκε-

202 3575 414 3630 λεύετο.
439 3578 562 3641 Τοῖς
593 3579 777 3641 αὐτοῖς
818 3577 873 3630 δὲ
914 3578 1006 3645 καὶ
1034 3577 1103 3631 τά
1150 3578 1274 3648 ἑξῆς
1320 3582 1666 3650 προσφωνεῖ,
1701 3580 1777 3643 ὼς

205 3669 275 3722 ἂν
309 3668 596 3740 μέλλουσιν
642 3669 995 3738 ἀναγγέλλειν
1021 3669 1114 3723 τοῦ
1160 3671 1363 3744 Κυρίου
1406 3670 1503 3742 τὴν
1530 3670 1686 3737 δόξαν
1718 3673 1776 3726 ὲν

201 3763 340 3815 πᾶσι
367 3763 477 3825 τοῖς
509 3761 706 3824 ἔθνεσι,
760 3761 1010 3832 μέλλουσί
1042 3779 1101 3814 τε
1133 3763 1190 3814 ὲν
1224 3762 1352 3814 πᾶσι
1385 3765 1496 3825 τοῖς
1525 3762 1672 3826 λαοῖς
1707 3762 1776 3817 τὰ

203 3851 484 3926 θαυμάσια
515 3853 678 3907 αὑτοῦ
711 3853 1025 3926 κηρύττειν.
1061 3853 1215 3918 Τίνες
1237 3851 1328 3908 οὖν
1354 3850 1491 3926 ἦσαν
1522 3858 1570 3908 οἰ
1605 3855 1774 3910 ταῦτα

191 3948 270 4001 δι’
301 3948 476 4018 ἔργων
505 3947 942 4013 ὲπιτελὲσαντες;
977 3947 1039 4000 Εἰ
1070 3948 1166 4018 μὲν
1197 3945 1266 4018 ἦν
1298 3947 1514 4020 ἑτέρους
1552 3947 1773 4001 δυνατὸν

200 4037 587 4101 ἐπιδεικνύναι,
611 4038 727 4108 ἦτοι
759 4036 900 4090 κατά
928 4037 1052 4100 τοὺς
1074 4036 1259 4109 Κύρου
1291 4038 1534 4110 χρόνους,
1569 4038 1601 4110 ἢ
1634 4039 1772 4092 κατά

198 4129 420 4202 τοὺςῌ)
441 4129 663 4202 Δαρείου
692 4129 961 4193 τοιούτους
981 4131 1035 4184 αἱ
1064 4132 1420 4202 προκείμεναι
1450 4130 1771 4204 προστάξεις

198 4217 476 4288 γίγνονται
505 4220 616 4282 τοῖς
668 4218 841 4290 Ἰησοῦ
890 4218 1191 4290 μαθηταῖς,
1244 4218 1501 4274 ἀκούουσι
1533 4221 1620 4274 τό’
1651 4225 1768 4275 Πο-

190 4309 510 4379 ρευθέντες
533 4312 951 4379 μαθητεύσατε
992 4309 1188 4365 πάντα
1218 4311 1288 4365 τὰ
1316 4311 1479 4380 ἔθνη.
1513 4313 1767 4368 Βούλεται

1883 3127 2013 3182 dum
2046 3135 2150 3193 est,
2182 3127 2288 3183 nisi
2315 3129 2382 3183 iis
2409 3129 2504 3198 qui
2536 3129 2628 3182 diu
2662 3137 2847 3197 postea
2880 3127 2993 3181 [nec
3017 3128 3272 3197 operibus
3295 3143 3447 3183 com-

1881 3219 2200 3290 pleverunt;
2247 3218 2315 3274 iis
2359 3217 2611 3275 videlicet
2652 3216 2745 3287 qui
2795 3217 2849 3271 in
2894 3217 3148 3273 omnibus
3193 3218 3447 3288 Sentibus

1881 3313 2121 3369 salutare
2168 3311 2262 3368 Dei
2319 3309 2793 3382 praedicaverunt?
2838 3307 2934 3363 His
2980 3311 3181 3381 quippe
3225 3311 3445 3367 divinus

1881 3397 2119 3469 Spiritus
2167 3397 2377 3468 jamdiu
2415 3403 2470 3450 et
2521 3395 2696 3449 multo
2741 3400 2865 3448 ante
2908 3403 3151 3464 tempore
3199 3393 3250 3448 id
3285 3409 3445 3464 agere

1878 3489 2249 3562 prazcipiebat.
2300 3487 2496 3543 lisdem
2529 3501 2747 3556 quoque
2795 3485 3076 3555 sequentia
3131 3483 3440 3550 denuntiat,

1877 3585 2065 3647 utpote
2090 3577 2182 3646 qui
2217 3573 2430 3628 Domini
2457 3572 2687 3642 gloriam
2720 3571 2774 3624 in
2802 3571 3057 3625 omnibus
3087 3571 3360 3640 gentibus,
3389 3577 3444 3624 et

1876 3671 1932 3725 in
1955 3669 2211 3724 omnibus
2257 3665 2472 3736 populis
2504 3663 2778 3718 mirabilia
2824 3671 2942 3733 ejus
2977 3663 3319 3732 praedicaturi
3349 3679 3441 3718 es-

1874 3767 2015 3817 sent.
2041 3758 2268 3824 Quinam
2294 3757 2456 3826 igitur
2488 3760 2615 3808 sunt
2636 3753 2730 3823 qui
2762 3751 2881 3807 haec
2914 3752 3170 3821 operibus
3201 3751 3444 3822 perfece~

1873 3851 2039 3910 runt?
2074 3849 2130 3904 Si
2178 3847 2396 3918 quidem
2426 3852 2652 3917 possent
2694 3843 2786 3897 alii
2834 3843 2948 3898 sive
2985 3841 3110 3913 Cyri
3145 3843 3258 3897 sive
3293 3841 3442 3897 Darii

1874 3957 2116 4015 tempore
2160 3938 2413 4005 indicari,
2458 3935 2682 4009 [quibus
2729 3935 2844 3990 haec
2889 3940 3290 4003 competerent;
3318 3934 3442 3988 illos

1871 4028 2156 4102 prophetia
2201 4027 2518 4097 reSpiceret.
2557 4023 2664 4079 Sed
2697 4038 2822 4078 cum
2857 4023 2992 4077 nulli
3015 4023 3124 4078 sint
3153 4022 3440 4092 hujusmo-

1870 4120 1974 4193 di,]
2005 4105 2426 4189 hiec’prtecepta
2465 4114 2754 4184 discipulis
2795 4111 2922 4168 Jesu
2975 4112 3306 4176 traduntur,
3345 4113 3440 4184 qui

1867 4215 1986 4268 haec
2014 4212 2244 4266 audiunt
2272 4225 2285 4261 :
2321 4206 2544 4271 Euntes,
2577 4206 2757 4260 docete
2795 4221 2973 4259 omnes
3021 4214 3197 4276 gentes
3218 4205 3284 4259 ⁸ο.
3312 4203 3440 4258 Vult

1867 4307 2011 4363 enim
2067 4304 2307 4376 Spiritus
2347 4309 2571 4358 sanctus
2620 4315 2715 4355 eos
2750 4306 2974 4354 strenua
3012 4306 3064 4352 et
3109 4296 3436 4352 indesinenli

197 4403 310 4476 γὰρ
344 4402 404 4455 τὸ
467 4401 685 4473 Πνεῦμα
735 4401 796 4454 τὸ
843 4402 996 4471 ἅγιον
1054 4401 1286 4472 συντόνῳ
1333 4403 1424 4455 καὶ
1468 4402 1769 4475 ἁδιαστάτῳ

1888 4413 2039 4471 ψθτε
2079 4397 2451 4467 evangelicum
2484 4408 2622 4463 opus
2653 4391 2943 4462 perﬁcere;
2973 4404 3096 4444 nam
3131 4389 3184 4442 id
3213 4390 3297 4443 his
3320 4405 3439 4443 ver-

197 4495 406 4565 σπουδῇ
438 4493 700 4546 ἐπιτελεῖν
732 4494 925 4558 αὐτοὺς
961 4494 1023 4546 τὸ
1074 4492 1425 4561 εὐαγγελικὸν
1473 4492 1662 4564 ἔργον·
1696 4497 1760 4566 τῇ

1888 4494 1954 4549 iis
1989 4490 2321 4553 declaratur,
2355 4485 2418 4540 de
2450 4485 2532 4538 die
2580 4487 2634 4538 in
2664 4484 2821 4549 diem,
2857 4491 2915 4536 ut
2957 4483 3167 4537 scilicet
3216 4480 3436 4535 assidue

193 4587 326 4658 γὰρ,
361 4584 550 4655 ἡμέρᾳ
585 4584 654 4649 ἐξ
686 4585 943 4653 ἡμέρας,
1000 4585 1158 4638 τοῦτο
1192 4583 1518 4655 παρίστησι,
1552 4585 1613 4638 τὸ
1643 4586 1761 4657 διη-

193 4677 368 4742 νεκῶς
404 4678 598 4741 αὐτοὺς
623 4676 1064 4745 εὐαγγελίζεσθαι
1105 4677 1167 4730 τὸ
1202 4679 1488 4750 σωτήριον,
1533 4679 1658 4749 περὶ
1700 4674 1760 4733 οὗ

191 4771 443 4840 εἴρηται·
494 4764 681 4833 Οὗτός
712 4767 882 4820 ἐστιν
924 4765 1158 4834 άληθῶς
1192 4770 1224 4820 ὁ
1271 4766 1472 4836 Σωτὴρ
1512 4767 1619 4820 τοῦ
1664 4768 1760 4820 κό-

190 4878 375 4930 σμου.

275 4951 585 5021 Ἐνέγκατε
617 4950 694 5016 τῷ
742 4949 966 5018 Κυρίῳ,
997 4950 1054 5002 αἱ
1111 4947 1348 5014 πατριαί
1389 4945 1508 5000 τῶν
1535 4946 1757 5012 ἐθνῶν,

189 5044 476 5114 ἐνέγκατε
502 5041 582 5108 τῷ
633 5041 826 5110 Κυρίῳ
868 5037 1055 5103 δόξαν
1089 5038 1186 5091 καὶ
1235 5037 1443 5106 τιμὴν,
1479 5038 1759 5107 ἐνέγκατε

189 5137 274 5204 τῷ
303 5135 494 5204 Κυρίῳ
520 5132 707 5197 δόξαν
747 5132 988 5200 ὀνόματι
1033 5127 1236 5185 αὑτοῦ.
1285 5129 1360 5182 υὺ
1403 5130 1578 5200 μάτην
1607 5126 1760 5201 ᾆσμα

189 5230 379 5285 καινὸν
410 5227 555 5299 ᾄδειν
581 5227 640 5278 ὲν
661 5222 966 5294 προοιμίοις
994 5221 1091 5291 τῆς
1113 5218 1425 5291 ψαλμῳδίας
1453 5220 1756 5282 ἐκέλευσεν,

189 5323 308 5378 ἀλλ’
343 5318 528 5390 ἐπειδὴ
552 5317 710 5388 καινή
740 5332 824 5379 τις
862 5315 1053 5384 κλῆσις
1085 5311 1178 5365 τοῦ
1213 5313 1477 5384 παρόντος
1515 5311 1754 5383 ψαλμοῦ,

189 5412 378 5469 καινὸν
406 5409 464 5464 τὸ
493 5410 774 5480 κήρυγμα.
812 5403 977 5474 Ἐθνη
1025 5402 1156 5474 γὰρ,
1191 5401 1266 5467 ὡς
1294 5403 1448 5473 ὁρᾷς,
1481 5404 1529 5456 οἱ
1563 5401 1757 5456 καλού-

191 5521 346 5580 μενοι
377 5500 495 5574 (sic)
528 5500 588 5553 οὐ
623 5498 858 5570 μόσχους
886 5494 991 5549 οὐδ’
1032 5494 1220 5566 ἄρνας,
1265 5495 1371 5547 οὐδ’
1413 5493 1606 5560 ἔξωθεν
1644 5495 1751 5546 εἰσ-

1869 4587 2109 4642 salutare
2133 4583 2264 4637 illud
2312 4578 2656 4642 annuntient,
2694 4577 2761 4630 de
2795 4591 2905 4646 quo
2931 4574 3136 4628 dictum
3169 4581 3251 4628 est
3283 4587 3297 4625 :
3334 4571 3437 4626 Hic

1866 4688 1943 4734 est
1970 4693 2082 4731 vere
2104 4675 2353 4731 Salvator
2383 4669 2646 4725 mundi".

1938 4938 2104 4993 Vens.
2140 4936 2192 5000 7,
2229 4935 2284 4991 8.
2316 4934 2513 5003 Aﬂ'e'te
2559 4929 2779 4983 Domino
2822 4927 3009 4999 patria
3058 4927 3313 4998 gentium,
3344 4926 3432 4995 af-

1841 5032 1996 5103 tferte
2037 5029 2263 5084 Domino
2302 5027 2532 5097 gloriam
2577 5032 2624 5076 et
2666 5022 2944 5083 honorem,
2991 5020 3174 5088 a/ferte
3209 5017 3434 5072 Domino

1863 5122 2089 5196 gloriam
2133 5121 2333 5174 nomini
2379 5117 2516 5188 ejus.
2565 5115 2848 5171 Canticum
2898 5128 3097 5167 novum
3138 5126 3336 5165 canere
3379 5111 3431 5164 iu

1863 5212 2137 5285 principio
2196 5207 2515 5278 psalmodite
2571 5223 2678 5260 non
2729 5204 2934 5259 frustra
2978 5201 3278 5272 praecepit;
3336 5198 3432 5252 sed

1862 5305 1991 5376 quia
2023 5304 2360 5358 vocationem
2387 5307 2441 5355 et
2469 5297 2907 5370 praedicationem
2935 5308 3129 5349 novam
3168 5291 3256 5344 hic
3297 5291 3434 5359 psal-

1861 5412 1984 5457 mus
2023 5395 2504 5465 complectebatur.
2528 5392 2595 5445 At
2623 5391 2789 5452 enim,
2817 5395 2875 5442 ut
2896 5388 3010 5456 ipse
3042 5384 3212 5442 vides.
3243 5389 3432 5451 gentes

1861 5506 1981 5562 quae
2013 5497 2298 5556 vocantur,
2332 5503 2438 5543 non
2483 5485 2702 5550 vitulos,
2753 5498 2862 5538 non
2893 5491 3084 5551 agnos,
3129 5490 3237 5530 non
3271 5471 3430 5544 quid-

261 5661 307 5694 "
344 5661 447 5716 lsa.
479 5672 532 5721 ν,
565 5654 620 5717 ι,
651 5655 705 5709 5.
780 5653 825 5685 ⁸ο
862 5651 1052 5708 Matth.
1088 5665 1280 5716 xxvut,
1315 5648 1402 5703 i9.
1477 5650 1520 5681 εί
1560 5648 1716 5705 Joan.
1756 5665 1828 5717 tv,
1863 5647 1952 5704 δὲ.

261 5804 339 5874 (1)
372 5802 469 5855 ilio
500 5795 698 5853 desinit
731 5793 900 5848 codex
934 5806 1038 5848 em.
1069 5791 1222 5847 card.
1258 5789 1526 5847 Coislinii.
