3974 6534
255 422 276 472 I
287 420 395 476 29.5

1387 421 1886 483 COMMENTARIA
1922 428 1989 483 IN
2031 427 2364 485 PSALMOS.

3369 425 3503 482 1220

254 538 762 607 εὐφρανθήτωσαν
796 538 975 608 νῆσοι
1007 544 1253 595 πολλαί.
1296 543 1514 616 Ἐπειδὴ
1546 546 1601 597 ἐν
1628 547 1693 616 τῇ
1727 543 1821 597 τῶι

1943 554 2115 599 tentur
2142 545 2332 600 insula:
2376 544 2575 598 multa’.
2614 541 2881 607 Quoniam
2923 539 2976 593 in
3025 538 3378 610 Septuaginta
3413 538 3499 593 Iu—

265 629 664 701 Ἐϐδομήκοντα
697 632 961 703 ἑρμηνείᾳ
1000 634 1222 701 φέρεται
1257 636 1290 705 ἡ
1326 636 1640 708 προγραφὴ,
1675 635 1831 707 ἐροῦ-

258 739 378 793 μεν,
417 723 513 786 ὡς,
547 723 807 786 πολλάκις
829 726 1135 795 συμφοραῖς
1168 725 1602 795 περιπεπτωκὼς
1621 728 1648 780 ὁ
1671 726 1831 780 Δαυῒδ

255 813 375 867 τότε
412 815 510 885 μὲν
539 816 627 868 ὅτε
674 815 778 868 ύπὺ
809 816 982 870 Σαοὺλ
1010 815 1292 887 ἠλαύνετο,
1327 819 1420 873 καὶ
1461 819 1561 883 τὰς
1591 821 1830 890 ἐρήμους

259 907 573 977 μετεδίωκε,
607 908 705 970 τάς
745 925 805 961 τε
839 908 991 981 παρά
1020 913 1133 973 τοῖς
1169 909 1486 980 ἀλλοφύλοις
1514 911 1792 983 διατριϐάς
1813 928 1826 944 ·

252 996 374 1050 τότε
421 996 478 1050 δὲ
529 998 618 1050 ὅτε
671 998 927 1069 πολέμοις
975 997 1264 1068 ἐσχόλαζε,
1303 999 1396 1054 τὸν
1440 999 1827 1071 προκείμενον,

251 1081 439 1158 οἶμαι,
476 1087 687 1158 ψαλμὸν
732 1092 852 1143 κατ’
892 1091 1098 1142 ἐκεῖνον
1137 1086 1238 1163 ᾖσε
1277 1090 1398 1144 καθ’
1428 1091 1485 1145 ὃν
1528 1091 1825 1162 κατέστηή

250 1179 322 1248 γῆ
351 1179 538 1246 αὑτοῦ,
570 1180 704 1250 ὁμοῦ
734 1182 826 1234 καὶ
853 1183 950 1255 τῆς
983 1182 1220 1247 διανοίας
1245 1183 1410 1237 αὐτοῦ
1443 1183 1654 1254 καὶτῆς
1678 1182 1829 1253 βασι-ο

250 1271 400 1336 λείας
450 1273 506 1324 ὲν
551 1272 817 1344 ἀταραξίᾳ.
866 1274 961 1327 καὶ
1010 1274 1198 1345 εἰρήνῃ
1248 1275 1342 1327 καὶ
1395 1274 1602 1346 γαλήνῃ
1660 1291 1818 1328 καται

253 1360 458 1432 στάσης
485 1360 622 1433 μετά
646 1361 745 1433 τὴν
776 1362 990 1416 πάντων
1014 1362 1121 1417 τῶν
1144 1363 1354 1435 ἐχθρῶν
1375 1365 1672 1438 ἀναίρεσιν.
1693 1364 1827 1417 Τότε

250 1446 344 1504 οὖν
365 1453 394 1505 ὁ
428 1454 730 1524 προφήτης,
761 1455 818 1506 ὲν
864 1453 1124 1524 εἰρηναίῳ
1159 1456 1537 1528 καταστήματι
1568 1457 1824 1525 γεγονὼς,

251 1543 358 1597 ὑπὸ
385 1543 479 1598 τοῦ
516 1545 659 1598 θείου
690 1543 1004 1617 Πνεύματος
1047 1545 1140 1597 ἐπὶ
1173 1547 1270 1616 τὴν
1306 1546 1413 1600 τῶν
1451 1547 1826 1619 προκειμένων

250 1635 596 1691 διδασκαλίαν
637 1638 988 1692 ἀνακινείται.
1019 1638 1235 1710 Ἐπειδὴ
1260 1639 1315 1692 δὲ
1345 1640 1482 1711 μήτε
1527 1640 1654 1712 ᾠδὴ,
1687 1643 1825 1712 μήτε

249 1725 462 1799 ψαλμὸς
507 1729 908 1801 ἐπιγέγραπται
937 1731 1068 1801 παρ’
1106 1729 1405 1802 Ἑϐραίοις,
1440 1733 1614 1798 εἴποις
1658 1733 1724 1788 ἂν
1758 1735 1824 1789 τά

252 1820 589 1892 προκείμενα
622 1821 956 1893 προιρητείαν
982 1817 1118 1874 εἶναι
1151 1823 1244 1876 καὶ
1273 1822 1620 1878 διδασκαλίαν
1646 1825 1822 1896 ἁπλῆν

1933 643 2226 706 terpretum
2262 635 2514 691 versione
2574 634 2664 688 hic
2712 631 2904 686 titulus
2937 629 3182 694 alfcrtur,
3229 630 3504 699 dicamus,

1932 726 2188 784 Davidem
2239 728 2295 782 in
2342 727 2542 781 multas
2594 725 2874 794 delapsum
2933 723 3274 778 calamitates
3323 738 3504 780 cuma

1933 815 2095 873 Saule
2124 819 2434 888 pelleretur,
2468 816 2684 874 deserta
2711 818 2825 872 loca
2869 814 3238 886 frequentaret
3271 825 3326 873 et
3357 816 3502 888 apud

1931 909 2235 982 allophylos
2275 918 2620 976 moraretur;
2661 917 2811 969 tunc.
2868 923 2991 964 cum
3044 909 3253 964 scilicet
3281 924 3310 963 a
3344 910 3503 969 bellis

1931 1008 2167 1065 vacaret,
2220 1001 2367 1055 hunc
2432 1000 2727 1070 psalmum,
2773 1007 2832 1053 ut
2897 999 3157 1061 arbitror,
3207 1000 3500 1067 cecinisse,

1929 1107 2053 1146 cum
2079 1091 2191 1159 jam
2222 1099 2366 1147 terra
2387 1092 2507 1163 ejus
2537 1092 2788 1147 restituta
2831 1100 3000 1156 esset,
3033 1091 3273 1162 quando,
3315 1093 3500 1147 subla-

1929 1184 2002 1240 tis
2028 1183 2270 1240 inimicis
2294 1185 2569 1247 omnibus,
2598 1194 2652 1239 et
2686 1184 2901 1238 animus
2939 1189 2993 1238 et
3036 1199 3261 1254 regnum
3297 1185 3415 1254 ejus
3444 1184 3497 1238 in

1930 1277 2247 1340 securitate,
2284 1274 2337 1329 in
2379 1290 2513 1347 pace
2543 1284 2596 1330 ct
2626 1275 3022 1345 tranquillitate
3053 1275 3306 1346 degebat.
3344 1272 3501 1330 Tunc

1929 1379 2059 1438 ergo
2095 1367 2383 1436 propheta,
2417 1367 2626 1436 pacatis
2651 1369 2814 1420 rebus
2841 1365 2980 1432 suis,
3010 1365 3079 1419 ad
3107 1365 3247 1419 hanc
3270 1364 3502 1421 efferen-

1928 1458 2052 1514 dam
2076 1459 2381 1514 doctrinam
2409 1474 2436 1511 a
2463 1456 2652 1512 divino
2669 1456 2872 1527 Spiritu
2910 1467 3177 1514 movetur.
3210 1457 3348 1525 Quia
3373 1473 3501 1513 vero

1929 1564 2106 1620 neque
2157 1549 2459 1613 canticum,
2524 1563 2694 1618 neque
2762 1550 3004 1618 psalmus
3065 1549 3362 1620 inscriptus
3415 1557 3500 1604 est

1927 1641 2071 1711 apud
2103 1639 2382 1700 Hebraeos.
2409 1639 2613 1695 dixeris
2656 1640 2772 1695 haec
2808 1641 3146 1712 prophetiam
3200 1651 3254 1696 et
3293 1640 3500 1695 doctri-

1926 1749 2052 1788 nam
2087 1734 2390 1804 simplicem
2429 1750 2573 1802 esse,
2601 1751 2718 1806 qua:
2743 1735 2809 1790 ad
2841 1729 3146 1790 secundum
3195 1742 3250 1789 et
3298 1733 3502 1803 glorio-
3579 1747 3595 1761 κ

1928 1842 2049 1882 sum
2076 1825 2377 1882 Salvatoris
2399 1829 2576 1883 nostri
2619 1829 2910 1884 adventura
2951 1834 3221 1898 spectant,
3263 1827 3502 1896 comple-

249 1911 320 1964 τὰ
368 1912 497 1981 περὶ
535 1912 631 1982 τῆς
679 1911 934 1985 δευτέρας
973 1915 1066 1967 καὶ
1120 1913 1329 1981 ἐνδόξου
1382 1916 1683 1988 παρουσίας
1727 1916 1820 1971 τοῦ

1928 1925 2210 1974 ctentem:
2256 1935 2417 1990 quem
2473 1919 2661 1975 Daniel
2706 1920 2790 1976 his
2841 1920 3020 1976 verbis
3067 1926 3496 1974 commemorat:

249 2001 504 2074 Σωτῆρος
531 2003 688 2075 ἡμῶν
718 2005 1104 2076 περιέχουσαψ
1133 1999 1200 2078 ἦς
1223 2007 1314 2059 καὶ
1343 2007 1371 2059 ὁ
1393 2008 1590 2079 Δανιὴλ
1619 2027 1828 2081 μνήμο-

247 2091 419 2146 νεύων
452 2091 617 2162 φησίν
637 2109 650 2123 ·
696 2091 1037 2160 Ἐθεώρουν,
1071 2093 1170 2147 καὶ
1224 2092 1352 2147 ἰδοὺ
1385 2094 1483 2147 ἐπὶ
1512 2093 1631 2147 τῶν
1657 2111 1828 2164 νεφε-

244 2183 376 2238 λῶν
398 2182 505 2238 τοῦ
535 2184 794 2252 οὐρανοῦ
834 2184 968 2250 Υίὸς
1003 2184 1317 2253 ἀνθρώπου
1347 2185 1566 2255 παρῆν,
1594 2187 1691 2240 καί
1720 2186 1826 2256 μέ-

244 2292 348 2344 χρι
387 2275 493 2330 τοῦ
534 2274 801 2330 Παλαιοῦ
832 2275 951 2328 τῶν
980 2276 1495 2352 ήμερῶνβφθασε.
1528 2278 1636 2332 Καὶ
1669 2279 1829 2346 αὐτῷ

243 2367 424 2435 ἐδόθη
457 2368 496 2436 ἡ
537 2365 693 2436 ἀρχὴ
724 2366 821 2421 καί
875 2368 914 2436 ἡ
945 2366 1080 2436 τιμὴ
1131 2367 1228 2423 καί
1280 2370 1318 2436 ἡ
1364 2369 1692 2434 ,βασιλεία’
1726 2372 1826 2426 καὶ

245 2458 468 2524 πάντες
511 2461 562 2514 οί
606 2459 764 2523 λαοὶ,
815 2459 1023 2529 φυλαὶ,
1055 2458 1326 2530 γλῶσσαι
1377 2461 1538 2528 αὐτῷ
1572 2462 1826 2519 δουλεύ-

247 2564 492 2604 σουσιν.
539 2548 600 2603 Ἠ
615 2549 903 2613 βασιλεία
927 2550 1112 2604 αὐτοῦ
1137 2550 1424 2615 ,βασιλεία
1447 2551 1700 2620 αἰώνιος,
1727 2553 1828 2608 καί

246 2641 286 2708 ἠ
310 2639 564 2704 ἐξουσία
603 2639 790 2694 αὐτοῦ
836 2643 907 2695 οὐ
947 2639 1034 2710 μὴ
1076 2642 1382 2711 ἀφαιρεθῇ.
1439 2643 1602 2708 Τότε,
1637 2645 1823 2715 φησὶν.

246 2731 632 2801 ἀγαλλιάσεται
679 2734 826 2805 πᾷσα
863 2732 1017 2803 ήγῆ,
1050 2732 1169 2803 ἦτοι
1223 2735 1256 2804 ἡ
1301 2735 1460 2806 καινὴ
1500 2735 1695 2800 κτίσις,
1733 2736 1827 2790 καὶ

249 2824 449 2888 πάντες
479 2825 529 2877 ol
575 2823 635 2889 ἐξ
680 2824 873 2888 αἰῶνος
905 2825 1002 2897 τὴν
1030 2827 1132 2897 γῆν
1178 2827 1500 2896 οἰκήσαντες
1547 2826 1823 2896 ἄνθρωποι

244 2914 341 2970 τοῦ
370 2914 506 2970 Θεοῦ
526 2932 540 2944 ο
571 2915 605 2987 ἢ
630 2917 724 2970 καὶ
754 2917 802 2969 οἱ
838 2917 1121 2987 μέλλοντες
1153 2917 1508 2990 κληρονομεῖν
1529 2918 1625 2989 τὴν
1660 2920 1825 2971 ἐπου-

250 3005 431 3078 ράνιον
457 3007 580 3077 γῆν,
602 3007 742 3060 κατά
765 3006 824 3059 τό
844 3022 856 3036 ·
890 3006 1177 3076 Μακάριοι
1205 3010 1259 3061 οι
1287 3007 1514 3076 πραεῖς,
1540 3007 1629 3060 ὅτι
1655 3009 1824 3063 αὐτοὶ

249 3096 786 3166 κληρονομήσουσι
837 3098 953 3166 τὴν
1002 3096 1134 3168 γῆν.
1191 3099 1302 3170 Τῆς
1344 3099 1452 3171 γὰρ
1508 3101 1825 3171 σωματικῆς

245 3188 434 3251 οὐσίας
464 3189 544 3251 είς
571 3187 876 3259 ἀφθαρσίαν
915 3188 1356 3259 μεταϐαλλούσης
1397 3190 1538 3244 κατὰ
1571 3192 1696 3253 τοὺς
1723 3191 1822 3261 τῆς

247 3275 598 3338 ἀναστάσεως
613 3273 822 3344 λόγους,
845 3275 1232 3344 ἀγαλλιάσεται
1265 3279 1299 3349 ή
1322 3278 1414 3349 γῆ,
1443 3279 1538 3333 ἅτε
1567 3279 1667 3348 τῆς
1711 3279 1820 3332 τῶν

243 3364 489 3439 οὐρανῶν
519 3366 792 3437 βασιλείας
830 3369 922 3423 καὶ
961 3368 1097 3441 αὐτὴ
1123 3369 1660 3441 καταξιωθήσομένη.

312 3454 842 3525 Εὑφρανθήτωσαν
873 3454 1053 3524 νῆσοι
1101 3458 1359 3512 πολλαί·
1389 3457 1583 3511 πολλαὶ
1609 3458 1685 3522 δὲ,
1724 3459 1821 3512 καὶ

244 3546 306 3600 ού
343 3545 534 3610 πᾶσαι,
561 3545 651 3599 διὰ
687 3546 795 3599 τῶν
834 3546 1137 3611 κακοδόξων
1159 3565 1173 3578 ·
1208 3548 1269 3600 ού
1321 3549 1425 3620 χρὴ
1459 3549 1567 3621 γὰρ
1608 3550 1820 3620 χαίρειν

240 3639 359 3699 τοῖς
385 3635 628 3689 ἀσεϐέσι.
676 3635 893 3706 Νήσους
922 3635 1030 3706 γὰρ
1076 3635 1188 3689 ἔσθ’
1233 3639 1322 3691 ὅτε
1362 3637 1422 3690 τὺ
1472 3639 1709 3710 Γράμμα
1759 3639 1820 3692 τὸ

246 3728 393 3800 ἱερὸν
413 3728 512 3789 τὰς
552 3727 875 3797 Ἑκκλησίας
903 3727 1197 3781 ἀποκαλεῖ*
1215 3723 1324 3782 οἷον
1353 3731 1410 3782 ὲν
1433 3728 1670 3800 θαλάσσῃ
1705 3746 1819 3783 κει-

246 3821 417 3892 μένας
447 3825 506 3873 ὲν
535 3821 670 3891 τῷδε
703 3819 782 3891 τῷ
814 3820 984 3891 τόπῳ,
1012 3821 1107 3874 κα)⁸
1137 3825 1354 3893 πικροῖς
1385 3820 1541 3875 ὕδασι
1569 3838 1821 3892 περιεχο-

246 3914 417 3986 μένας
444 3915 563 3977 ταῖς
597 3915 652 3966 ὲν
683 3912 833 3983 αὐτῷ
862 3912 1213 3984 περιστάσεσι
1232 3931 1269 3978 ,ο
1281 3914 1374 3967 καὶ
1402 3913 1477 3977 ὼς
1501 3913 1820 3986 ραγδαιοτά-

243 4022 361 4069 τοις
411 4004 618 4077 κύμασι
677 4004 1122 4077 καταπαιομένας
1180 4007 1292 4069 τοῖς
1340 4006 1629 4076 διωγμοῖς·
1678 4004 1820 4077 πλὴν

244 4094 601 4157 ἀδιαπτώτως
625 4095 1041 4166 ἐρηρεισμένας.
1075 4097 1168 4150 καὶ
1201 4096 1498 4166 ἀνεχούσας
1534 4095 1690 4165 ὑψοῦ,
1725 4099 1820 4150 καὶ

243 4191 366 4252 ταῖς
392 4187 635 4257 θλίψεσιν
664 4190 725 4240 ού
761 4186 1180 4259 βαπτιζομένας.
1222 4189 1530 4260 ’Δκλόνήτοι
1576 4189 1683 4262 γὰρ
1732 4188 1820 4242 διὰ

244 4275 480 4346 Χριστὸν
509 4276 567 4328 αἱ
608 4275 943 4346 Ἐκκλησίαι,
977 4276 1072 4330 καὶ
1102 4276 1266 4330 πύλαι
1309 4277 1432 4348 ᾆδον
1471 4278 1530 4330 ού
1565 4277 1821 4350 κατισχύ-

244 4383 430 4420 σουσιν
483 4366 682 4420 αὐτῶν.
733 4366 940 4420 Οὐκοῦν
997 4367 1043 4420 εί
1099 4366 1162 4438 δὴ
1203 4366 1442 4437 βούλοιτό
1489 4385 1573 4432 τις
1621 4371 1820 4440 νήσους

241 4459 446 4512 ἐννοεῖν
476 4457 573 4521 τὰς
605 4457 664 4522 ἐξ
696 4457 864 4512 ἐθνῶν
905 4458 1248 4529 Ἐκκλησίας,
1287 4459 1386 4512 ούκ
1421 4459 1529 4512 ἀπὸ
1555 4459 1649 4514 τοῦ
1688 4461 1822 4533 πρέ*

241 4567 439 4614 ποντος
477 4549 738 4620 βαδιεῖται
786 4549 1009 4604 σκοποῦ.
1055 4551 1482 4621 Ἐγκαινίζονται
1515 4551 1645 4620 γοῦν
1678 4552 1811 4624 πρὸς

240 4642 376 4695 Θεὸν
390 4642 541 4712 νῆσοι
572 4639 651 4710 τῷ
690 4637 902 4711 Ἡσαΐᾳ,
926 4642 982 4696 αί
1012 4641 1119 4696 ἀπὸ
1138 4642 1247 4695 τῶν
1267 4640 1434 4695 ὲθνῶν
1475 4643 1810 4714 Ἐκκλησίαι,

239 4735 366 4805 ἄρτι
398 4733 824 4803 καθιστάμεναι,
854 4734 948 4785 καὶ
984 4735 1082 4804 τῆς
1119 4734 1365 4806 ἁλμυρᾶς
1396 4734 1652 4799 ἀπιστίας
1682 4735 1812 4788 ἀνα-

239 4825 568 4891 κύπτουσαι,
596 4825 691 4877 καὶ
729 4821 891 4893 πῆξιν
925 4821 1258 4894 λαμϐάνουσι
1296 4824 1373 4895 τῷ
1405 4825 1523 4896 Θεῷ
1556 4825 1806 4898 βάσιμον.

237 4916 440 4979 Καλῶς
463 4916 642 4969 τοίνυν
683 4913 962 4969 κάνταῦθα
990 4912 1090 4977 τὰς
1127 4914 1302 4984 ψυχὰς
1325 4915 1432 4968 τῶν
1465 4918 1524 4968 ὲν
1551 4920 1663 4980 τοῖς
1694 4935 1813 4970 πει-

238 5011 472 5080 ρασμοῖς
502 5008 560 5061 τὸ
600 5007 812 5077 ἑδραῖον
837 5023 896 5059 τε
936 5007 1032 5060 καὶ
1072 5005 1402 5075 ἀμετάθετον
1439 5007 1813 5079 ἐπιδεικνυμέ-

235 5113 366 5155 νων,
392 5096 587 5164 νήσους
621 5094 925 5164 ὠνόμασεν,
945 5092 1012 5156 ἃς
1037 5093 1299 5146 πάντοθεν
1332 5093 1429 5164 μὲν
1456 5093 1812 5167 διαλαμϐάνει

234 5189 270 5257 ἠ
298 5187 398 5254 τῆς
424 5187 622 5250 κακίας
651 5185 821 5258 ἅλμη,
848 5185 908 5238 ού
945 5184 1051 5256 μὴν
1087 5182 1336 5236 τοσοῦτον
1377 5183 1546 5255 ἰσχύει
1577 5188 1811 5258 προσπί-

234 5295 481 5342 πτουσα,
527 5278 602 5342 ὡς
634 5279 728 5333 καὶ
758 5277 918 5332 σάλον
948 5276 1071 5330 τινα
1117 5275 1195 5346 τῷ
1244 5275 1427 5346 παγίῳ
1471 5277 1566 5346 τῆς
1617 5279 1816 5349 ἀρετῆς

234 5372 557 5442 ἐμποιῆσαι.

308 5575 545 5645 Νεφέλη
596 5575 694 5630 καὶ
720 5574 944 5643 γνόφος
986 5573 1190 5637 κύκλῳ
1220 5569 1427 5632 αὐτοῦ,
1458 5568 1810 5637 δικαιοσυνη

1935 2013 2212 2080 Videbam,
2239 2025 2288 2069 et
2310 2031 2424 2068 ecce
2447 2015 2502 2067 in
2523 2013 2744 2068 nubibus
2775 2014 2890 2067 ca'li
2916 2011 3089 2066 Filius
3120 2011 3345 2066 hominis
3379 2010 3502 2068 ade-

1929 2117 2034 2170 rat,
2070 2115 2120 2160 et
2168 2121 2326 2175 usque
2356 2104 2424 2158 ad
2457 2104 2745 2173 Antiquam
2775 2096 2979 2156 dierum
3007 2101 3256 2169 pervenit.
3295 2098 3362 2152 Et
3393 2099 3498 2170 ipsi

1928 2198 2113 2252 datum
2141 2207 2219 2252 est
2253 2197 2527 2266 imperium
2557 2205 2605 2249 et
2649 2195 2815 2248 honor
2851 2205 2897 2248 et
2952 2207 3210 2263 regnum:
3236 2201 3286 2246 et
3321 2207 3497 2246 omnes

1927 2291 2107 2360 populi
2139 2329 2153 2353 ,
2196 2289 2364 2342 tribus
2396 2297 2443 2342 et
2476 2287 2669 2357 lingua:
2713 2286 2812 2354 ipsi
2838 2285 3082 2339 servient.
3113 2281 3344 2353 Regnum
3381 2281 3498 2352 ejus

1927 2397 2142 2453 regnum
2194 2379 2591 2449 sempiternum,
2638 2386 2689 2431 et
2730 2384 2963 2445 potestas
3011 2374 3126 2444 ejus
3157 2390 3263 2428 non
3289 2372 3499 2442 aufere-

1930 2478 2016 2523 tur
2056 2469 2123 2526 ⁸⁸.
2161 2467 2335 2533 Tunc,
2372 2467 2569 2537 inquit,
2600 2464 2893 2521 exsultabit
2914 2463 3094 2519 omnis
3121 2469 3288 2524 terra,
3314 2459 3364 2515 id
3393 2469 3498 2525 est,

1927 2574 2068 2616 nova
2101 2569 2374 2624 creatura,
2401 2565 2456 2614 et
2495 2571 2686 2612 omnes
2719 2554 2811 2611 Dei
2837 2554 3089 2610 homines
3115 2553 3208 2624 qui
3241 2567 3271 2607 a
3299 2553 3500 2610 saeculo

1925 2661 2132 2710 terram
2198 2651 2480 2714 incolunt;
2517 2648 2632 2705 sive
2691 2647 2856 2702 etiam
2901 2646 2995 2716 qui
3026 2645 3302 2700 cmlestem
3351 2645 3500 2699 illam

1911 2752 2128 2798 terram
2185 2740 2499 2811 possessuri
2562 2744 2713 2802 sunt,
2771 2737 3074 2791 secundum
3129 2733 3264 2788 illud
3303 2733 3501 2789 :Beati

1926 2835 2114 2897 mites,
2150 2832 2397 2902 quoniam
2455 2830 2554 2898 ipsi
2617 2826 2954 2898 possidebunt
3032 2835 3227 2880 terram
3248 2823 3314 2880 ⁸⁸.
3362 2823 3500 2879 Nam

1926 2939 2053 2980 cum
2099 2935 2367 2992 corporea
2413 2918 2722 2976 substantia
2777 2916 2830 2970 in
2884 2915 3373 2984 incorruptionem,
3403 2927 3500 2985 per

1925 3007 2352 3068 resurrectionis
2410 3005 2619 3076 legem,
2677 3009 2885 3057 mutata
2957 3000 3156 3064 fuerit,
3205 3000 3502 3056 exsultabit

1924 3107 2095 3162 terra,
2130 3103 2327 3167 utpote
2348 3109 2469 3166 quae
2494 3107 2662 3164 regno
2697 3091 2961 3147 cmlorum
3009 3098 3064 3146 et
3103 3089 3220 3161 ipsa
3245 3089 3498 3146 donanda

1926 3188 2020 3246 sit.

1992 3453 2263 3508 Ltetentur
2285 3449 2478 3505 insqu
2500 3448 2706 3512 multae,
2728 3446 2914 3501 multa!
2955 3443 3234 3508 videlicet,
3266 3442 3363 3498 sed
3389 3457 3498 3496 non

1921 3557 2136 3608 omnes,
2163 3556 2352 3596 eorum
2407 3554 2576 3595 causa
2634 3539 2729 3609 qui
2785 3551 2953 3607 prave
3001 3536 3288 3592 sentiunt:
3320 3549 3500 3604 neque

1920 3633 2066 3686 enim
2119 3645 2218 3702 par
2238 3639 2324 3686 est
2358 3637 2411 3682 nt
2447 3628 2598 3699 impii
2630 3627 2924 3698 gaudeant.
2981 3625 3198 3682 Insulas
3227 3624 3498 3697 siquidem

1921 3721 2204 3793 Scriptura
2251 3721 2407 3777 saera
2447 3718 2723 3774 Ecclesias
2787 3716 3021 3772 subinde
3073 3727 3268 3781 vocat,
3309 3717 3500 3787 utpote

1920 3829 2044 3886 quae
2074 3813 2160 3869 bis
2190 3813 2244 3868 in
2279 3812 2415 3867 locis
2437 3811 2586 3865 velut
2621 3809 2676 3863 in
2700 3807 2839 3863 mari
2881 3805 3120 3876 jaceant,
3162 3807 3497 3877 immaniqne

1924 3919 2193 3978 aquarum
2221 3902 2393 3968 ﬂuxu,
2411 3900 2822 3957 calamitatibus
2850 3899 3125 3964 videlicet,
3151 3899 3498 3955 circumden-

1922 4006 2034 4062 tur,
2063 4010 2128 4052 ac
2170 3992 2666 4066 persecutionibus,
2713 4007 2810 4048 seu
2869 3990 3190 4046 decumanis
3238 3988 3496 4045 ﬂuctibus

1916 4087 2228 4158 jactentur;
2283 4098 2470 4138 verum
2528 4081 2650 4137 sine
2726 4081 3078 4144 detrimento,
3135 4085 3323 4148 utpote
3373 4093 3496 4148 qua:

1920 4176 2072 4232 fultae
2103 4181 2158 4231 et
2185 4175 2240 4229 in
2275 4173 2508 4230 sublime
2540 4181 2736 4228 erecta:
2785 4174 2916 4236 sint,
2951 4179 3116 4243 atque
3146 4173 3201 4225 in
3233 4171 3495 4226 aerumnis

1919 4283 2031 4324 non
2057 4267 2465 4336 demergantur.
2487 4262 2623 4318 Nam
2653 4263 2862 4319 Christi
2890 4278 3056 4334 opera
3111 4261 3371 4319 Ecclesiae
3391 4263 3497 4318 im-

1919 4359 2152 4415 mobiles
2176 4363 2421 4418 manent,
2451 4364 2508 4410 et
2532 4363 2704 4426 porta
2758 4354 2924 4410 inferi
2974 4368 3088 4409 non
3119 4355 3489 4424 praevalebunt

1920 4453 2185 4508 adversus
2211 4463 2327 4506 eas.
2357 4447 2412 4503 Si
2438 4449 2565 4519 quis
2593 4463 2723 4519 ergo
2776 4462 2870 4517 per
2934 4446 3166 4510 insulas,
3215 4445 3493 4502 Ecclesias

1919 4559 1986 4599 ex
2015 4542 2272 4615 gentibus
2320 4540 2553 4610 intelligi
2599 4539 2857 4602 voluerit,
2899 4553 2929 4591 a
2959 4551 3088 4592 vero
3118 4551 3289 4606 scopo
3314 4537 3494 4592 neuti-

1919 4650 2084 4706 quam
2115 4632 2416 4690 aberrabit.
2453 4630 2791 4686 Innovantur
2831 4627 2976 4682 enim
3016 4641 3145 4698 erga
3192 4625 3360 4682 Deum
3407 4629 3493 4682 in-

1920 4729 2054 4784 sulae
2080 4725 2223 4797 apud
2282 4723 2478 4780 Isaiam
2502 4722 2568 4790 ⁸⁸,
2605 4721 2862 4777 Ecclesia:
2904 4734 3099 4790 nempe
3125 4734 3191 4775 ex
3213 4719 3489 4790 gentibus,

1919 4837 2049 4892 qua:
2077 4834 2253 4890 nuper
2301 4817 2614 4872 constitutae
2661 4823 2809 4876 sunt,
2845 4821 3008 4883 atque
3053 4813 3121 4867 ab
3147 4812 3239 4866 illa
3274 4812 3410 4867 falsa
3435 4822 3492 4868 et

1915 4913 2128 4966 marina
2192 4909 2577 4966 incredulitate
2621 4913 2983 4971 emerserunt,
3046 4919 3105 4958 ac
3162 4903 3490 4960 soliditatem

1916 5000 2216 5070 accipiunt,
2267 5010 2327 5054 ut
2350 4996 2440 5052 Dei
2510 4995 2740 5063 vestigia
2782 4995 2924 5050 ferre
2966 4995 3200 5064 possint.
3255 4991 3490 5049 Pulchre

1917 5090 2045 5146 item
2069 5091 2282 5145 animas
2306 5103 2520 5152 eorum,
2551 5086 2646 5157 qui
2679 5087 2734 5142 in
2764 5086 3164 5143 tentationibus
3204 5093 3490 5141 versantes

1918 5183 2228 5238 ﬁrmitatem
2255 5189 2306 5236 et
2355 5179 2788 5235 immobilitatem
2833 5177 3114 5242 exhibent,
3150 5177 3240 5231 hic
3278 5175 3491 5229 insulas

1915 5273 2215 5336 vocaverit,
2246 5285 2387 5343 quas
2444 5269 2685 5341 undique
2739 5268 2964 5325 malitiae
3022 5266 3273 5338 procellae
3317 5265 3494 5334 impe-t

1914 5371 2071 5424 tunt;
2105 5376 2283 5431 neque
2327 5372 2509 5417 tamen
2529 5360 2899 5430 irrumpentes
2945 5357 2999 5412 id
3040 5355 3251 5411 edicere
3285 5354 3490 5416 valent,

1912 5464 1972 5509 ut
1996 5454 2218 5511 virtutis
2241 5453 2486 5510 ﬁrmitati
2515 5453 2930 5523 succussionem
2960 5448 3218 5505 inferant.

1982 5561 2146 5622 Vsus.
2179 5567 2216 5620 2
2275 5565 2450 5623 Nubes
2487 5575 2533 5621 et
2569 5566 2739 5636 caligo
2770 5565 2821 5618 in
2852 5562 3077 5616 circuitu
3108 5559 3242 5628 ejus,
3267 5558 3488 5629 justiti:

237 5669 333 5725 καὶ
371 5636 544 5738 έρῖμιὲ
581 5636 944 5736 κατόρθωσιξ-
971 5663 1074 5717 τοῦ
1105 5636 1320 5729 θρόνου
1349 5661 1557 5716 αὑτοῦ.
1593 5659 1810 5730 Νεςρέλτι

1926 5668 1958 5714 ιι
1983 5660 2246 5736 jjtdirium
2275 5662 2527 5716 correctio
2559 5653 2733 5712 throni
2760 5657 2897 5724 ejus.
2931 5651 3114 5710 Nubes
3156 5650 3375 5722 quidem
3399 5636 3492 5707 est

307 5825 357 5859 ⁸⁸
396 5825 530 5878 Dan.
570 5840 678 5885 vn,
720 5824 820 5886 I3,
861 5823 950 5876 Η.
1026 5823 1070 5854 ⁸⁵
1113 5821 1302 5875 Matth.
1339 5837 1394 5876 v.
1427 5820 1479 5875 4.
1558 5819 1604 5852 ⁸⁵
1644 5817 1749 5874 lsa.
1787 5831 1909 5881 ιιι,
1950 5819 1996 5873 I.

519 5918 790 5980 PATBOL.
817 5916 931 5979 Gn.
969 5917 1206 5977 XXIII.

3089 5905 3169 5964 39
