3974 6520
551 382 690 440 1227

1219 383 1488 440 EUSEBH
1510 381 1992 441 CASSARIENSIS
2027 376 2179 434 OPP.
2217 376 2399 434 PARS
2437 375 2528 432 111.
2560 405 2632 418 --
2660 371 3076 428 EXEGETICA.

3619 367 3716 419 ιιει

548 516 615 556 ex
642 501 957 572 splendente
993 517 1118 558 sere
1141 502 1370 557 radians
1411 509 1466 557 et
1497 499 1822 555 tenuissima
1845 494 2118 566 composi-
2147 535 2154 554 ε

2244 494 2322 547 ιέν
2346 495 2494 549 ἐστιν
2522 494 2586 546 ὲκ
2605 484 2926 562 φωτοειδοῦς
2952 483 3112 554 ἀέρος
3135 478 3450 572 φεγγοδόλον
3473 479 3557 529 καὶ

549 595 866 664 tio;caligo
905 602 1109 660 autem,
1135 594 1350 650 turbida
1382 605 1435 649 et
1485 593 1722 648 obscura
1770 589 2119 646 tenebrarum

551 682 771 741 ollusio.
800 683 906 741 Per
935 694 1227 755 utrumque
1257 701 1388 741 vero
1417 685 1617 740 divina;
1672 690 1884 738 natura:
1935 678 2123 732 invisi-

553 773 816 832 bilitatem
894 793 1076 832 sermo
1143 777 1401 834 declarat.
1459 773 1928 843 Quemadmodum
1980 769 2125 824 enim

553 882 701 933 eum,
725 869 816 940 qui
845 871 991 926 nube
1020 870 1254 941 quadam
1279 879 1332 924 et
1370 871 1601 940 caligine
1631 867 1961 928 obvolvitur,
1992 878 2127 917 con-

555 962 766 1028 spicere
794 962 954 1032 plane
979 979 1088 1017 non
1125 963 1284 1027 licet;
1341 963 1422 1017 sic
1477 969 1532 1016 et
1583 957 1880 1014 invisibilis
1929 961 2128 1009 natura

553 1051 725 1106 videri
751 1069 977 1122 prorsus
1007 1055 1217 1125 nequit.
1253 1053 1534 1124 Signiﬁcat
1562 1053 1690 1108 item
1741 1051 1997 1105 latentem
2023 1044 2131 1099 Do-

554 1142 692 1198 mini
715 1143 780 1197 ad
817 1144 1066 1200 homines
1102 1147 1418 1214 adventum,
1455 1141 1674 1216 quando
1705 1141 1762 1196 in
1787 1139 1928 1196 servi
1956 1136 2130 1191 forma

556 1243 724 1289 natus
753 1242 872 1300 est;
905 1236 980 1290 ita
1007 1245 1066 1290 ut
1095 1236 1268 1291 nubes
1311 1242 1365 1291 et
1419 1234 1596 1306 caligo
1626 1247 1756 1288 caro
1787 1247 1932 1293 esse,
1964 1241 2130 1299 quam

556 1323 881 1394 assumpsit,
933 1325 1306 1396 intelligatur;
1339 1333 1527 1394 utpote
1559 1338 1681 1394 qua:
1712 1321 1970 1378 deitatem
2000 1331 2132 1388 ope-

557 1417 690 1483 riat,
724 1420 1026 1475 secundum
1090 1423 1220 1476 illud
1259 1438 1273 1474 :
1307 1421 1496 1476 Posuit
1557 1421 1796 1475 tenebras
1851 1417 2133 1472 latibulum

557 1527 714 1565 suum
745 1528 763 1566 :
793 1511 848 1566 in
889 1512 1112 1567 circuitu
1141 1514 1256 1583 ejus
1282 1513 1681 1567 tabernaculum
1725 1511 1840 1580 ejus
1858 1510 1925 1564 ⁸⁷.
1955 1508 2135 1562 Monet

559 1599 725 1654 etiam
757 1601 932 1671 ipsum
962 1619 1089 1659 esse
1117 1604 1212 1676 qui
1244 1603 1293 1657 in
1327 1613 1513 1659 monte
1545 1602 1676 1658 Sina
1709 1603 1766 1657 in
1788 1601 1933 1656 nube
1956 1607 2011 1654 et
2040 1614 2134 1654 ca-

561 1688 728 1760 ligine
749 1706 809 1747 se
830 1691 1080 1762 exhibuit
1108 1711 1122 1747 :
1150 1708 1216 1748 ac
1239 1696 1419 1760 docet,
1453 1693 1670 1750 etiamsi
1716 1693 1898 1748 divina
1942 1699 2136 1745 natura

562 1780 736 1836 videri
768 1791 1026 1853 nequeat,
1053 1799 1214 1854 posse
1241 1793 1423 1840 tamen
1444 1799 1512 1839 ex
1540 1784 1857 1855 Operatione
1885 1782 2006 1851 ejus
2027 1781 2139 1836 vir-

2223 565 2382 639 τατον
2413 584 2666 654 ὕφασμαο
2699 579 2895 650 γνόφος
2945 575 3003 629 δὲ
3033 571 3306 643 ἀχλυώδης
3355 569 3445 620 καὶ
3482 565 3721 636 ὁμιχλώδης

2226 676 2552 747 σκοτασμός.
2586 675 2662 726 Δι’
2707 670 3031 743 ἀμφοτέρων
3066 666 3127 719 τὸ
3166 663 3466 733 ἀθεώρητον
3505 659 3587 728 τῆς
3613 657 3724 720 θείας

2227 770 2442 840 φύσεως
2475 763 2840 837 ἀποσεμνύνει
2865 765 2894 816 ὁ
2915 762 3091 829 λόγος.
3112 758 3319 827 ’Ὥσπερ
3340 752 3445 823 γὰρ
3473 751 3555 803 τὸν
3576 748 3726 823 νεφέλῃ

2225 865 2334 917 τινὶ
2368 861 2462 916 καὶ
2492 860 2676 929 γνόφῳ
2709 852 3220 924 συγκαλυπτόμενον
3247 846 3500 900 ἀδύνατον
3526 843 3729 903 κατιδεῖν,

2226 955 2368 1009 οὕτω
2398 953 2630 1022 πάμπαν
2679 948 2937 1003 ἀδύνατον
2975 941 3266 997 θεάσασθαι
3307 936 3403 1007 τὴν
3435 935 3633 1005 ἀόρατον
3661 931 3731 1000 9:3-

2231 1059 2335 1097 σιν.
2363 1020 2625 1113 Σηρίαίνει
2650 1038 2706 1091 δὲ
2738 1037 2832 1090 καὶ
2859 1035 2956 1104 τὴν
2987 1030 3269 1102 λεληθυῖαν
3297 1030 3354 1081 ὲν
3379 1023 3647 1095 ἀνθρώποις
3665 1020 3731 1074 τοῦ

2230 1133 2437 1205 Κυρίου
2483 1130 2742 1192 κάθοδον,
2791 1129 2879 1181 ὅτε
2937 1127 3179 1195 πέφυκεν
3227 1122 3284 1173 ὲν
3331 1121 3395 1188 τῇ
3454 1114 3542 1168 τοῦ
3592 1113 3733 1166 δούλω

2236 1228 2440 1298 μορφῇ,
2489 1225 2564 1288 ὼς
2593 1221 2823 1276 νοεῖσθαι
2876 1217 3104 1288 νεφέλην
3135 1214 3227 1268 καὶ
3263 1211 3457 1280 γνόφον
3491 1207 3578 1277 τὴν
3611 1222 3736 1276 προσ·

2233 1317 2528 1389 ληφθεῖσαν
2564 1315 2764 1387 σάρκα,
2800 1313 2896 1367 am
2926 1310 3024 1382 τὴν
3063 1307 3291 1378 θεότητα
3330 1299 3738 1372 ὑποκρύπτουσαν,

2236 1407 2378 1462 κατὰ
2397 1406 2476 1459 τό’
2501 1407 2702 1460 ’Ἐθετο
2732 1403 2954 1468 σκότος
2985 1394 3347 1466 ἁποκρυςεὴν
3368 1390 3563 1453 αὑτοῦ,
3587 1390 3742 1450 κύκλῳ

2235 1498 2420 1554 αὑτοῦ
2468 1498 2506 1564 ἡ
2551 1494 2757 1563 σκηνὴ
2789 1492 2996 1549 αὐτοῦ.
3038 1487 3467 1560 Ἀναμιμνήσκει
3499 1482 3551 1535 δὲ
3596 1480 3743 1545 καλῶς

2237 1591 2400 1653 αὐτός
2432 1591 2549 1643 ἐστι
2594 1590 2689 1642 καὶ
2719 1588 2747 1639 ό
2778 1587 2838 1640 ὲν
2883 1583 2962 1655 τῷ
3003 1582 3132 1654 Σινᾷ
3180 1580 3298 1651 ὄρει
3330 1577 3416 1630 διὰ
3446 1574 3646 1646 νεφέλης
3679 1573 3743 1624 καὶ

2238 1684 2436 1753 γνόφου
2496 1683 2594 1752 τὴν
2645 1679 2850 1734 οἰκείαν
2894 1676 3260 1747 ποιησάμενος
3307 1668 3638 1738 ἐπιφάνειαν,
3679 1663 3744 1716 καὶ

2239 1775 2501 1836 διδάσκει,
2534 1773 2640 1834 ὅτι,
2674 1774 2723 1824 εἰ
2752 1770 2846 1823 καὶ
2875 1767 2974 1838 τὴν
3007 1765 3154 1819 θείαν
3195 1761 3359 1833 φύσιν
3394 1757 3630 1813 ἀδύνατον
3653 1771 3744 1807 κστ-

563 1881 736 1929 tutem
789 1843 1067 1946 conspici:
1093 1876 1372 1947 Siquidem
1417 1843 1691 1947 justitiam
1737 1843 1986 1928 homines
2038 1871 2138 1926 do-

2246 1856 2407 1926 ιδὲῖν,
2457 1861 2569 1916 ἀλλ’
2611 1855 2703 1913 οὖν
2751 1858 2838 1912 διά
2874 1858 2972 1928 τῆς
3019 1853 3299 1926 ἐνεργείας
3345 1850 3446 1922 τὴν
3488 1843 3746 1915 ταύτης

563 1968 714 2035 cuit;
743 1983 808 2023 ac
829 1984 924 2024 eos
945 1970 1039 2040 qui
1069 1971 1254 2025 omnia
1288 1970 1408 2026 sine
1449 1970 1662 2025 delectu
1714 1977 1768 2024 et
1815 1965 2143 2023 discretione

567 2061 921 2130 peragebant,
960 2072 1018 2115 ut
1075 2076 1200 2116 cum
1248 2070 1400 2117 recto
1420 2060 1628 2132 judicio
1674 2061 1842 2115 vitain
1899 2065 2141 2127 agerent,

566 2150 826 2206 instituit.
882 2151 994 2207 Hoc
1053 2154 1227 2222 ipsius
1267 2153 1499 2209 thronus
1556 2167 1620 2208 ac
1672 2166 1898 2222 regnum
1948 2147 2143 2212 allicit;

569 2256 741 2308 quare
785 2241 974 2296 addit:
1005 2241 1232 2297 Iustitia
1281 2254 1330 2299 et
1355 2243 1622 2313 judicium
1675 2241 1924 2296 correctio
1972 2237 2146 2292 throni

556 2330 850 2404 (7.10.“ch
873 2335 990 2400 l‘uit,
1020 2338 1216 2407 inquit,
1244 2337 1511 2390 adventus
1540 2335 1686 2390 illius
1709 2347 1896 2394 causa,
1929 2339 1988 2384 ut
2008 2329 2151 2399 judi-

565 2433 722 2479 ‘carct
740 2426 889 2494 juste
919 2441 1145 2482 causam
1169 2437 1436 2489 nostram.
1473 2441 1634 2496 quam
1661 2423 2150 2492 contra-malignas

573 2525 627 2569 et
657 2514 1002 2571 adversarias
1027 2525 1332 2588 potestates
1378 2518 1666 2573 habemus.
1723 2515 1784 2572 In
1811 2531 1911 2570 nos
1949 2515 2151 2584 quippe

575 2611 825 2679 regnavit
845 2609 1120 2675 Christus,
1169 2621 1227 2668 ut
1284 2612 1389 2669 ﬁde
1450 2612 1782 2682 justiﬁcarct
1829 2625 1926 2667 eos
1973 2610 2064 2681 qui
2096 2611 2152 2664 in

569 2710 801 2771 peccato
821 2711 997 2760 erant.
1038 2704 1254 2760 Judicio
1274 2712 1458 2758 autem
1480 2711 1564 2758 est
1596 2719 1728 2758 usus
1753 2703 1910 2773 plane
1940 2701 2150 2766 divino,

576 2809 640 2848 ac
673 2795 1070 2851 humanissimo
1099 2810 1113 2846 :
1143 2795 1410 2866 judicavit
1441 2796 1607 2857 enim,
1642 2810 1751 2848 non
1801 2809 1864 2848 ex
1897 2792 2154 2862 operibus

571 2887 826 2956 justitiae,
857 2885 953 2942 sed
1001 2885 1301 2942 secundum
1361 2884 1793 2940 misericordiam
1847 2871 2002 2940 suain
2040 2897 2156 2936 ma-

575 2993 784 3049 gnam:
826 2993 1033 3048 nosque
1080 2993 1179 3048 per
1218 2991 1416 3048 aquam
1467 2985 1714 3033 sanctam
1767 2986 1821 3030 et
1868 2974 2154 3046 mysticam

577 3070 758 3125 salvos
790 3067 989 3134 effecit,
1023 3069 1080 3123 in
1108 3083 1216 3140 qua
1248 3067 1521 3124 contritus
1551 3077 1599 3121 et
1627 3067 1984 3121 conculcatus
2030 3064 2154 3127 fuit,

578 3160 689 3212 imo
718 3158 901 3227 potius
951 3159 1112 3227 periit
1172 3157 1339 3212 draco
1397 3158 1488 3212 ille
1517 3157 1707 3210 multis
1767 3155 2040 3224 capitibus
2071 3153 2156 3206 in—
2184 3191 2226 3248 ο

579 3255 847 3312 structus,
908 3261 972 3302 ac
1026 3261 1152 3302 cum
1195 3261 1261 3301 eo
1287 3247 1522 3301 virtutes
1552 3246 1673 3314 ejus
1713 3244 1982 3314 malignae.
2031 3241 2156 3297 Haec

578 3337 818 3392 correxit
861 3335 1066 3390 Christi
1097 3349 1345 3405 regnum.
1393 3334 1451 3389 Id
1500 3349 1631 3389 sane
1684 3333 1812 3387 hinc
1843 3333 2019 3402 palam
2049 3341 2155 3396 est,

579 3428 726 3500 quod
755 3443 854 3482 nos
874 3426 1095 3498 quidem
1126 3426 1194 3479 ab
1226 3426 1294 3481 iis
1315 3427 1409 3494 qui
1440 3440 1542 3479 nos
1577 3423 1778 3493 injuste
1820 3423 1875 3477 in
1924 3422 2159 3478 servitu-

579 3530 690 3579 tem
721 3521 1043 3591 redegerant
1066 3519 1278 3574 liberati
1322 3518 1529 3580 simus,
1565 3516 1640 3569 illi
1665 3529 1792 3569 vero
1813 3513 2157 3568 condemnati

583 3616 716 3670 sint.
751 3612 876 3669 Haec
899 3613 1103 3683 quippe
1131 3627 1258 3667 vera
1283 3610 1498 3680 justitia
1536 3617 1641 3673 est,
1675 3617 1733 3662 ut
1768 3608 1815 3663 is
1845 3608 1938 3678 qui
1974 3615 2160 3677 tyran-

583 3707 765 3763 nidem
827 3705 1119 3762 exercebat
1185 3703 1436 3758 diabolus
1504 3702 1854 3768 destruatur,
1912 3700 2162 3754 homines

581 3814 714 3854 vero
744 3797 838 3868 qui
893 3797 998 3851 sub
1030 3793 1318 3866 tyrannide
1372 3791 1643 3863 degebant
1695 3792 2015 3846 liberentur.
2044 3788 2162 3842 Cre-

585 3901 763 3946 terum
807 3891 863 3946 id
893 3903 1112 3960 quoque
1144 3903 1174 3941 a
1209 3887 1368 3942 nobis
1419 3885 1648 3956 expetit,
1679 3892 1738 3939 ut
1787 3880 2058 3953 justitiam
2110 3888 2164 3936 et

580 3984 849 4054 judicium
875 3989 1025 4036 recte
1053 3991 1431 4034 exerceamus.

659 4076 825 4130 Vens.
859 4075 979 4130 5-7.
1020 4071 1169 4142 Ignis
1193 4072 1249 4124 in
1281 4078 1558 4140 conspectu
1587 4069 1699 4138 ejus
1743 4066 2046 4122 etardescet
2067 4104 2082 4128 ,
2114 4070 2166 4118 et

585 4167 938 4238 inﬂammabit
985 4167 1041 4220 in
1091 4165 1315 4218 circuitu
1367 4165 1606 4217 inimicos
1665 4161 1799 4230 ejus.
1863 4159 2166 4213 Illuxerunt

588 4262 804 4333 fulgura
829 4260 942 4328 ejus
977 4257 1090 4312 orbi
1127 4267 1283 4311 terra:
1307 4273 1327 4311 .'
1357 4255 1482 4310 vidit
1514 4265 1563 4309 et
1601 4261 1862 4308 commota
1890 4261 1968 4305 est
2001 4261 2162 4306 terra.

589 4352 796 4408 Montes
825 4351 961 4404 sicut
996 4365 1118 4404 cera
1149 4348 1418 4420 liquefacti
1444 4358 1565 4402 sunt
1607 4365 1639 4400 a
1680 4346 1816 4416 facie
1840 4344 2094 4414 Domini,
2135 4363 2166 4399 a

590 4447 726 4515 facie
780 4444 996 4498 Domini
1059 4444 1228 4496 omnis
1297 4453 1469 4496 terrae.
1534 4441 1994 4495 Annuutiaoerunt
2053 4439 2170 4493 caeli

2242 1973 2406 2028 ναμιν
2457 1955 2630 2008 ἔνεστι
2665 1952 2961 2021 θεωρῆσαι.
3009 1944 3364 2016 Δικαιοσύνην
3392 1941 3496 2014 γὰρ
3548 1941 3651 2001 τοὺς
3679 1938 3744 1989 ἀν-

2244 2047 2492 2120 θρώπους
2535 2045 2858 2109 ἐπαίδευσε,
2895 2043 2986 2096 καὶ
3041 2041 3165 2103 τοῦς
3219 2035 3541 2106 ἀδιακρίτως
3589 2032 3747 2084 ᾶπαντα

2243 2140 2484 2212 δρῶντας
2523 2137 2660 2210 μετὰ
2704 2137 2936 2208 κρίσεως
2973 2133 3135 2206 ὀρθῆς
3171 2127 3378 2192 ἐδίδαξε
3421 2120 3744 2179 πολιτεύεσθαι

2246 2232 2431 2286 Ταῦτα
2467 2228 2633 2284 αὐτοῦ
2672 2231 2700 2283 ό
2741 2227 2927 2300 θρόνος
2964 2225 3058 2279 καὶ
3089 2225 3122 2294 ἠ
3173 2219 3421 2292 βασιλεία
3458 2215 3746 2285 κατώρθωσε·

2246 2325 2325 2380 διὸ
2350 2324 2571 2392 ἐπάγει·
2600 2315 2956 2384 Δικαιοόνύνη
2987 2315 3084 2370 καί
3119 2313 3296 2383 κρῖμα
3328 2311 3657 2379 κατόρθωσις
3677 2301 3750 2357 τοῦ

2249 2417 2464 2485 θρόνου
2487 2411 2708 2468 ἀύτοῦ.
2753 2409 2923 2480 Αὕτη,
2956 2407 3118 2478 φησὶ,
3153 2406 3349 2474 γέγονε
3392 2402 3490 2471 τῆς
3523 2397 3750 2469 παρουσίας

2251 2509 2285 2578 ἡ
2309 2507 2476 2571 αἰτία,
2507 2505 2570 2558 τὸ
2596 2507 2776 2576 κρῖναι
2807 2501 3030 2562 δικαίως
3059 2497 3157 2568 τὴν
3191 2498 3374 2568 κρίσιν
3408 2493 3570 2566 ἡμῶν,
3605 2490 3750 2561 ipe/co

2257 2619 2355 2673 μεν
2387 2597 2586 2671 δηλαδὴ
2619 2596 2753 2668 πρὸς
2785 2593 2884 2657 τὰς
2927 2590 3168 2661 πονηρὰς
3200 2589 3297 2642 καὶ
3337 2581 3750 2673 ἀντικειμένας

2253 2671 2465 2764 νάμεις.
2514 2685 2873 2742 Βεϐασίλευκε
2925 2683 3033 2753 γὰρ
3077 2680 3285 2751 ἡμῶνό
3331 2677 3575 2749 Χριστὸς,
3603 2674 3669 2726 ἵνα
3698 2671 3749 2723 ει-

2256 2784 2468 2854 καιὼσῃ
2491 2785 2556 2852 τῇ
2588 2779 2763 2832 πίστει
2794 2777 2919 2840 τοὺς
2935 2778 2991 2828 ἐν
3021 2773 3284 2846 ἁμαρτίᾳ.
3326 2766 3661 2842 Ἐχρήσατοᾶ
3689 2764 3751 2814 iul

2255 2876 2550 2946 θεοπρεπεῖ
2595 2871 2689 2924 καλ⁸
2741 2866 3023 2939 φιλαγάθῳ
3060 2866 3322 2938 κρίματι·
3377 2858 3656 2914 δεδικαίωκε
3680 2856 3751 2946 γὰρ

2258 2965 2358 3016 οὐκ
2387 2943 2446 3024 ἐξ
2473 2961 2648 3031 ἔργων
2675 2955 3041 3024 δικαιοσύνης,
3070 2953 3206 3007 ἀλλά
3235 2951 3383 3005 κατά
3413 2949 3471 3002 τὸ
3502 2947 3615 3000 πολὺ
3639 2943 3749 2997 αὖτοῦ

2261 3053 2426 3115 ἔλεοςο
2460 3051 2665 3103 σέσωκε
2693 3047 2749 3100 δὲ
2785 3047 2932 3117 ἡμᾶς
2955 3045 3046 3097 καὶ
3075 3044 3145 3098 δι’
3175 3043 3372 3106 ὓδατος
3410 3041 3499 3095 τοῦ
3535 3038 3662 3105 ἁγίου
3692 3033 3751 3085 καὶ

2265 3143 2546 3216 μυστικοῦ,
2571 3141 2628 3193 ὲν
2656 3131 2700 3205 ᾧ
2723 3136 3010 3208 συνετρίϐη
3044 3137 3137 3188 καὶ
3167 3134 3496 3204 πεπάτηται,
3533 3127 3688 3200 μᾶλλον
3715 3123 3751 3174 δὲ

2260 3235 2354 3290 καὶ
2393 3230 2668 3287 ἀπόλωλεν
2713 3231 2742 3282 ό
2789 3227 3156 3298 πολυκέφαλος
3204 3227 3457 3297 δράκων,
3485 3224 3568 3276 καὶ
3608 3221 3652 3272 al
3691 3217 3752 3267 σὺν

2260 3328 2406 3398 αὐτῷ
2427 3326 2681 3396 δυνάμεις
2715 3324 2970 3400 πονηραί.
2998 3321 3180 3374 Ταῦτα
3214 3323 3247 3390 ἡ
3281 3319 3378 3372 τοῦ
3411 3315 3620 3389 Χριστοῦ
3649 3313 3751 3381 fias:-

2260 3422 2377 3474 λεία
2412 3417 2758 3490 κατώρθωσε.
2794 3415 2961 3486 Δῆλον
3000 3413 3058 3467 δὲ
3111 3415 3204 3482 ἀφ’
3248 3407 3328 3467 ὧν
3368 3413 3520 3482 ἡμεῖς
3570 3408 3647 3479 μὲν
3681 3403 3753 3455 τῶν

2262 3508 2780 3564 καταδουλωσάντων
2809 3505 3007 3567 ἀδίκως
3040 3503 3511 3574 ἠλευθερώθημεν,
3545 3499 3696 3551 ἐκεῖνοι
3716 3492 3753 3544 δὲ

2263 3601 2685 3675 κατεκρίθησαν.
2718 3599 2888 3653 Τοῦτο
2920 3597 3028 3668 γὰρ
3069 3599 3250 3668 κρίσις
3285 3595 3498 3654 δικαία,
3523 3593 3576 3644 τὸ
3595 3589 3664 3642 τὸν
3691 3586 3754 3655 μὲν

2261 3693 2628 3766 τυραννοῦντα
2666 3691 2910 3744 διάϐολον
2937 3687 3360 3752 καθελεῖν,,τοὺς
3387 3684 3442 3737 δὲ.
3476 3675 3752 3752 τυραννουμέ

2263 3801 2389 3848 νους
2423 3780 2740 3855 ἀνθρώπους
2784 3777 3163 3849 ἐλευθερῶσαι.
3198 3775 3348 3847 Πλὴν
3379 3773 3510 3828 ἀλλά
3555 3769 3631 3824 καὶ
3655 3766 3752 3835 ἡμᾶς

2265 3877 2490 3930 ἀπαιτεῖ
2520 3869 2868 3940 δικαιοσύνην
2901 3870 2995 3923 καὶ
3024 3869 3202 3941 κρίσιν
3237 3864 3544 3939 κατορθῶν.

2341 4059 2464 4126 Πῦρ
2497 4056 2754 4111 ἐνώπιον
2789 4052 2976 4108 αὐτοῦ
3022 4049 3390 4117 καυθήσεται
3410 4088 3426 4113 ,
3471 4047 3559 4100 καί
3591 4032 3756 4112 φλοῃεῖ

2269 4152 2475 4214 κύκλῳ
2503 4149 2645 4214 τοὺς
2671 4147 2924 4217 ἐχθροὺς
2945 4144 3430 4212 αὑτοῦίἘςπιναν
3455 4143 3510 4193 al
3534 4129 3752 4202 ἄστρα-ταί

2269 4242 2454 4298 αὐτοῦ
2481 4239 2553 4310 τῇ
2581 4236 2898 4308 οἰκουμένῃ
2922 4253 2936 4269 ο
2969 4233 3089 4290 εἶδε
3120 4235 3215 4290 καί
3247 4233 3540 4297 ἐσαλεύθη
3565 4230 3595 4296 ἠ
3617 4222 3688 4294 τῆ.
3709 4221 3755 4273 Τὰ

2270 4339 2379 4406 ὄρη
2403 4334 2546 4389 ὡσεὶ
2571 4333 2756 4401 κηρὸς
2779 4330 3081 4400 ἐτάκησαν
3103 4328 3221 4383 ἀπὸ
3244 4326 3558 4395 προσώπου
3583 4317 3754 4384 Κυρίου.

2271 4428 2386 4483 ἀπὸ
2424 4425 2758 4496 πρωσώπου
2787 4423 3004 4492 Κυρίου
3031 4419 3235 4486 πάσης
3265 4418 3378 4487 τῆς
3413 4408 3758 4487 τῆς.14νή]τει·

591 4537 851 4592 iustitiam
871 4536 1074 4606 ejus,et
1103 4533 1343 4588 viderunt
1363 4550 1538 4587 omnes
1566 4533 1746 4600 populi
1773 4531 1996 4602 gloriam
2028 4532 2154 4600 ejus.

2268 4525 2387 4575 .lar
2417 4523 2466 4573 oi
2507 4519 2747 4587 οὐρανοὶ
2773 4515 2886 4583 τὴν
2909 4514 3298 4579 δικαιοσύνην
3338 4509 3533 4571 αὐτοῦ,
3559 4504 3638 4557 καὶ
3657 4499 3757 4554 elic-

593 4626 1002 4697 Confundantur
1029 4639 1205 4677 omnes
1229 4624 1317 4693 qui
1346 4623 1573 4676 adorant
1619 4621 1908 4688 sculptilia,
1933 4622 2020 4692 qui
2054 4621 2168 4691 glo-

593 4720 802 4773 riantur
827 4718 882 4772 in
917 4717 1074 4771 idolis
1101 4717 1236 4770 suis.
1284 4715 1388 4770 Hic
1442 4714 1708 4769 terribilia
1757 4714 1972 4768 ultricis
2023 4714 2168 4768 illius

598 4810 813 4865 virtutis
829 4810 1118 4880 pet-ignem
1138 4817 1193 4865 et
1216 4807 1446 4878 fulguris
1471 4807 1835 4876 splendorem,
1852 4821 1972 4876 quae
2001 4807 2054 4859 in
2084 4821 2170 4860 sc-

595 4902 778 4956 cundo
803 4901 1009 4957 Christi
1041 4901 1278 4956 adventu
1320 4899 1550 4954 videnda
1579 4907 1708 4953 sunt
1728 4899 2070 4965 subindicat;
2109 4914 2172 4952 ac

596 4989 968 5058 evangelicam
997 4988 1452 5043 illuminationem
1506 4989 1746 5054 revelat,
1797 4987 1995 5044 divinae
2037 5003 2175 5060 prac-

599 5079 892 5136 dicationis
926 5095 1231 5144 sermones,
1260 5080 1355 5151 qui
1384 5095 1481 5150 per
1508 5087 1682 5136 totum
1710 5082 1900 5138 orbem
1927 5081 2175 5148 resplen-

599 5171 750 5238 dent,
784 5171 1000 5242 fulgura
1032 5185 1378 5241 nuncupans.
1439 5169 1626 5243 Neque
1673 5172 1818 5227 enim
1873 5170 2176 5225 dixerimus

599 5276 724 5318 eum
752 5248 1005 5334 fulguris,
1040 5261 1238 5333 pluviae
1288 5260 1524 5327 indicis,
1565 5259 1895 5316 mentionem
1956 5258 2174 5326 facere;

600 5353 697 5410 sed
733 5353 904 5409 divini
931 5361 987 5408 et
1017 5352 1322 5424 spiritualis
1365 5350 1590 5407 luminis
1624 5349 1912 5421 fulgorem,
1944 5348 2177 5419 fulguris

601 5444 824 5501 nomine
857 5445 1163 5516 signiﬁcat;
1197 5454 1292 5500 aut
1321 5443 1555 5500 fortasse
1585 5442 1798 5514 fulgura
1839 5443 2047 5498 Christi
2085 5457 2179 5496 vo-

602 5544 694 5595 cat
721 5552 838 5600 eos,
863 5537 957 5608 qui
991 5553 1208 5592 sacrum
1242 5539 1440 5593 divinae
1468 5547 1523 5592 et
1550 5537 1875 5607 evangelicae
1915 5536 2179 5608 praedica-

605 5628 772 5685 tionis
803 5645 1002 5685 munus
1033 5630 1322 5701 obierunt,
1354 5629 1406 5685 id
1445 5629 1835 5702 estlapostolos
1855 5636 1909 5686 et
1944 5645 2181 5714 evange-

670 5809 720 5842 ’τ
763 5809 906 5867 Psat.
945 5825 1094 5878 xm,
1137 5809 1200 5865 12

2270 4627 2392 4666 σαν
2416 4610 2639 4675 πάντες
2661 4611 2714 4662 οὶ
2738 4608 2874 4663 λαοὶ
2902 4606 3014 4674 τὴν
3043 4605 3230 4668 δόξαν
3258 4603 3462 4658 αὐτοῦ.
3498 4589 3758 4664 Αἰσχυνθύν

2269 4718 2471 4758 τωσαν
2501 4700 2722 4766 πάντες
2758 4702 2811 4752 οἱ
2851 4696 3336 4766 προσκυνοῦντες
3375 4693 3495 4758 τοῖς
3530 4682 3756 4760 fluxit-Fc.

2271 4798 2325 4849 oi
2356 4792 2793 4864 ἐγκαυχώμενοι
2832 4791 2902 4843 ἐν
2941 4789 3066 4855 τοῖς
3089 4787 3357 4853 εἰδώλοις
3379 4783 3577 4840 αὐτῶν.
3593 4781 3661 4832 Ἑν
3680 4774 3759 4828 τιό-

2271 4903 2385 4950 τοις
2405 4885 2474 4939 τὰ
2500 4885 2707 4956 φοϐερὰ
2722 4885 2821 4955 τῆς
2845 4881 3272 4951 ἀνταποδοτικῆς
3288 4881 3554 4950 δυνάμεως

2273 4995 2415 5040 νυσι,
2449 4978 2537 5030 διὰ
2563 4976 2655 5030 τοῦ
2690 4976 2859 5047 πυρὸς
2890 4977 3106 5045 καὶτῆς
3138 4972 3454 5042 διαττούσης
3479 4963 3708 5037 ἀστραπῆς
3723 4957 3760 5047 ἐν

2274 5070 2339 5138 τῇ
2367 5066 2593 5136 δευτέρᾳ.
2618 5045 2853 5136 Χριστοῦ
2877 5063 3149 5134 παρουσίᾳ
3167 5079 3180 5091 ·
3207 5060 3520 5114 ἐκκαλύπτει
3544 5055 3590 5107 δὲ
3615 5045 3761 5138 ulti}!

2277 5132 2635 5226 εῦαγγελικῆν
2666 5132 3046 5224 ιρωταγωγίαν,
3075 5132 3360 5225 ἀστραπὰς
3391 5151 3547 5216 λέγων
3577 5143 3677 5201 τοὺς
3698 5132 3758 5186 τοδ

2278 5247 2421 5300 θείου
2457 5247 2807 5333 κηρύγματος
2832 5245 3045 5312 λόγους,
3077 5246 3126 5298 οἳ
3157 5244 3299 5297 κατὰ
3332 5244 3498 5312 πάσης
3529 5237 3613 5304 τῆς

2282 5341 2449 5411 μένης
2476 5319 2866 5410 ὲίιλάμπουσιν.
2893 5339 2968 5390 υῦ
2993 5337 3100 5410 γὰρ
3123 5337 3296 5407 δήπου
3325 5335 3508 5405 φαμὲν,
3529 5331 3597 5382 ὅτι
3619 5319 3758 5411 τῆς

2281 5407 2469 5494 ῦετοῦς
2495 5407 2866 5502 γεγενημένης
2890 5407 3176 5501 ἀστραπῆς
3202 5431 3428 5484 ἐποιεῖτο
3453 5407 3757 5502 μνήιινφθοάλξιἱ

2281 5521 2380 5592 τὴν
2411 5520 2504 5576 τοῦ
2545 5522 2688 5576 θείου
2725 5523 2819 5575 καὶ
2867 5521 3059 5591 νοητοῦ
3095 5521 3270 5590 φωτὸς
3312 5515 3590 5587 ἀνάλαμψιν
3614 5505 3673 5577 τῷ
3694 5500 3759 5568 τῆς

2282 5614 2567 5687 ἀστραπῆς
2594 5615 2990 5687 κατεσημαίνει
3020 5615 3268 5685 ὀνόματι·
3299 5613 3331 5685 ἦ
3355 5606 3603 5681 ἀστραπὰς
3624 5593 3757 5664 θηίίίν
