3974 6546
307 405 443 460 122‘!)

1420 401 1924 458 COMMENTARIA
1965 400 2031 455 IN
2072 397 2410 456 PSALMOS.

3412 395 3548 448 19.30

304 517 410 584 ζων
435 517 691 591 Χριστοῦ,
726 519 849 582 τοὺς
877 518 936 570 τὸ
968 519 1108 572 θεῖον
1151 520 1244 572 καὶ
1280 519 1630 589 εὐαγγελικὸν
1670 521 1880 590 ἱερουρ-

1992 517 2158 580 listas,
2190 515 2282 584 qui
2308 516 2478 568 instar
2506 511 2727 567 luminis
2764 513 2952 566 orbem
2981 521 3249 568 terrarum
3299 509 3543 564 illustra—

303 610 532 679 γοῦντας
560 611 838 682 κήρυγμα,
869 610 1143 664 τουτέστιν
1175 612 1503 675 ἀποστόλους
1528 613 1622 665 καὶ
1651 611 1880 680 εὐαγγε-

304 702 507 766 λιστάς,
537 702 586 756 οἳ
609 701 785 770 φωτὸς
814 701 970 773 δίκην
1007 703 1105 774 τὴν
1137 705 1462 776 οἰκουμένην
1499 701 1873 774 κατέλαμψαν·

303 789 386 858 οἷς
413 795 504 847 καὶ
530 794 690 856 αὐτὸς
712 792 813 865 ἔφη
836 795 1070 868 Χριστός
1092 811 1106 826 ·
1152 796 1336 865 Ὑμεῖς
1363 791 1503 849 ἐστε
1528 795 1592 848 τὸ
1621 793 1747 864 φῶς
1775 791 1879 846 τοῦ

304 884 537 954 κόσμου
579 883 697 948 ⁶ι’ῶς
720 883 818 955 μὲν
850 885 959 956 γάρ
985 885 1045 938 τὸ
1068 885 1318 957 ἀληθινὸν
1346 886 1505 949 αὐτός
1537 888 1682 938 ἐστιν
1705 887 1734 938 ὁ
1757 884 1880 948 Υἱὸς

305 974 696 1044 καταφωτίζων
733 977 949 1030 ἅπασαν
984 976 1159 1030 κτίσιν
1189 977 1429 1048 λογικήν.
1450 975 1667 1048 Ἐπειδὴ
1698 975 1751 1028 δὲ
1785 993 1880 1043 γε·-

305 1064 494 1132 γόνασι
525 1064 740 1135 μέτοχοι
765 1066 860 1119 τοῦ
897 1067 1027 1137 παρ’
1051 1066 1212 1119 αὐτοῦ
1239 1066 1414 1136 φωτὸς
1444 1067 1536 1120 καὶ
1565 1067 1716 1119 αὐτοὶ
1743 1065 1882 1119 κατά

305 1154 366 1207 τό
384 1171 398 1184 ·
426 1155 742 1222 Ἀνθρακες
766 1154 1129 1225 ὰνήφθησαν
1155 1157 1253 1211 ἀπ’
1278 1157 1485 1220 αὐτοῦ,
1515 1156 1881 1229 χρηματίζου-

306 1261 361 1299 σι
389 1245 504 1314 φῶς
533 1244 630 1299 τοῦ
669 1245 896 1316 κόσμου.
927 1242 1085 1301 Οὗτοι
1115 1248 1292 1302 τοίνυν
1329 1247 1578 1319 καθάπερ
1607 1248 1884 1319 ἀστραπαὶ

305 1336 561 1405 γεγόνασι
592 1338 658 1408 τῇ
690 1337 780 1389 ὑπ’
811 1336 1038 1408 οὐρανὸν
1069 1337 1437 1410 διατρέχοντες
1471 1337 1766 1408 πανταχοῦ,
1791 1338 1885 1391 καὶ

305 1428 368 1482 τὸ
397 1427 539 1481 θεῖον
562 1428 655 1481 καὶ
679 1427 866 1499 νοητὸν
889 1430 1008 1492 ταῖς
1042 1428 1148 1482 τῶν
1175 1446 1530 1499 μυσταγωγου
1538 1429 1715 1500 μένων
1731 1437 1882 1500 ’καρ-

307 1519 444 1583 δίαις
475 1519 866 1590 είσπέμπονται
897 1519 1031 1589 φῶς.
1053 1521 1162 1573 Καὶ
1184 1519 1296 1592 πῦρ
1321 1521 1378 1574 δέ
1401 1537 1563 1591 φησιν
1591 1523 1619 1573 ό
1645 1520 1882 1590 ψάλλων,

307 1612 367 1665 οὐ
401 1613 618 1674 πάντως
654 1610 809 1665 τοῦτο
836 1611 895 1664 τὸ
922 1610 1198 1682 αἰσθητὸν,
1233 1611 1357 1663 οὔτε
1399 1612 1505 1682 μὴν
1546 1613 1642 1683 τὴν
1677 1609 1886 1682 ὁρωμέ-

307 1723 406 1774 νην
437 1704 629 1774 φλόγα,
655 1703 789 1758 ἀλλὰ
816 1703 966 1758 θείαν
993 1704 1116 1758 τινὰ
1141 1702 1370 1773 δύναμιν
1397 1704 1606 1774 ἄμαχον
1636 1703 1729 1756 καὶ
1760 1701 1886 1754 δυσ-

308 1798 537 1867 άντητον
559 1796 654 1850 καὶ⁵
678 1795 1090 1866 δυσδιάφυκτον,
1124 1795 1292 1867 πυρὸς
1319 1794 1474 1865 δίκην
1500 1793 1888 1848 κατεσθίουσαν

307 1888 432 1952 τοὺς
462 1887 845 1960 ἐχθραίνοντας
889 1887 1059 1958 αὐτῷ.
1091 1883 1250 1942 Οὗτοι
1297 1886 1354 1940 δέ
1393 1883 1533 1956 ἦσαν
1566 1886 1659 1939 καὶ
1693 1883 1797 1956 πρό
1821 1902 1883 1954 γε
1915 1875 1960 1932 Β

306 1975 414 2031 τῶν
439 1977 613 2031 ἀλλων
631 1978 681 2030 οἱ
706 1976 974 2048 ἀλιτήριοι
997 1977 1250 2047 δαίμονες
1275 1975 1369 2029 καὶ
1395 1977 1424 2028 ὁ
1447 1978 1547 2045 τῆς
1569 1973 1769 2045 ἀγέλης
1790 1973 1888 2027 αὑ-

307 2067 417 2123 τῶν
451 2069 746 2138 ἐπιστάτης
766 2085 780 2098 ⁸
815 2068 1002 2122 τοῦτον
1033 2067 1358 2136 κατέφλεξεν
1387 2069 1417 2120 ὁ
1443 2066 1634 2138 Σωτὴρ
1659 2069 1770 2129 τοῖς
1799 2064 1888 2119 6.).-

307 2160 420 2224 λοις
452 2160 606 2229 ὁμοῦ.
643 2161 716 2214 Οὐ
746 2161 854 2232 γὰρ
882 2157 950 2231 ἦν
975 2160 1172 2230 ἑτέρως
1209 2158 1479 2224 ἐξελέσθαι
1509 2160 1636 2220 τοὺς
1666 2159 1760 2211 ἐπὶ
1789 2159 1886 2228 τῆς

309 2249 414 2320 γῆς
445 2250 535 2302 ὑπ’
558 2250 706 2320 αὺτῷ
743 2250 1084 2321 γενομένους,
1110 2251 1156 2302 εί
1190 2249 1264 2321 μὴ
1300 2249 1548 2320 καθάπερ
1576 2266 1629 2303 τι
1655 2247 1766 2319 πῦρ
1792 2249 1888 2301 ἐπ-

309 2344 520 2412 αφῆκεν
549 2340 808 2412 αὐτῷτὴν
827 2341 1154 2395 δαπανῶσάν
1179 2358 1236 2394 τε
1270 2341 1362 2394 καὶ
1393 2341 1759 2410 ἀφανίζουσαν
1785 2340 1886 2393 αὐ-

307 2433 400 2485 τὸν
421 2433 612 2504 ὀργήν.
633 2431 818 2496 Οὕτως
839 2432 1072 2497 ἐξείλετο
1098 2433 1224 2496 τοὺς
1248 2433 1338 2486 ὑπ’
1355 2431 1518 2486 αὑτοῦ
1544 2433 1884 2503 γενομένους,

313 2523 517 2578 σέσωκε
545 2524 671 2588 τοὺς
697 2526 756 2578 ἐν
784 2525 1145 2597 αἰχμαλωσίᾳ,
1169 2524 1437 2597 ἐρρύσατο
1457 2525 1582 2588 τοὺς
1609 2525 1887 2597 πεπλανη-

314 2614 527 2684 μένους,
563 2614 657 2669 καὶ
687 2616 766 2678 εἱς
797 2616 858 2669 τὸ
884 2616 984 2686 τῆς
1007 2616 1266 2687 ἀληθείας
1300 2616 1526 2670 ἐκάλεσε
1570 2616 1703 2685 φῶς.
1734 2617 1886 2687 Τάχα

310 2706 367 2758 δὲ
397 2705 568 2777 πυρὸς
599 2706 692 2759 καὶ
720 2707 1004 2778 ἀστραπῆς
1035 2707 1435 2778 ἐμνημόνευσεν
1459 2710 1488 2761 ὁ
1510 2707 1690 2772 Δαυῒδ,
1720 2709 1887 2780 ἧγουν

313 2794 508 2862 φλογὸς
542 2796 636 2849 καὶ
678 2796 852 2866 φωτός
877 2815 889 2827 ο
925 2796 1110 2865 ἐπειδὴ
1141 2798 1302 2868 διπλῆ
1337 2798 1428 2852 τοῦ
1460 2799 1630 2870 πυρὸς
1669 2800 1702 2869 ἡ
1733 2799 1883 2870 ἐνέρο

311 2902 468 2954 γειαο
512 2887 572 2940 οὐ
603 2887 710 2959 γάρ
745 2889 901 2959 μόνον
933 2889 994 2942 τὸ
1017 2891 1212 2952 καίειν,
1242 2889 1377 2943 ἀλλά
1410 2891 1503 2944 καὶ
1545 2891 1605 2943 τὸ
1635 2891 1887 2959 φωτίζειν
1908 2919 1920 2933 ·

311 2979 456 3049 ἔχει·
491 2979 585 3034 καὶ
631 2980 692 3034 τὸ
739 2981 836 3052 μέν
868 2981 982 3050 φῶς
1011 2985 1123 3047 τοῖς
1156 2982 1384 3047 δικαίοις
1407 2982 1817 3054 ἁποχαρίζεται,
1852 2988 1886 3056 ἡ

312 3070 369 3124 δέ
402 3071 595 3136 καῦσις
618 3075 732 3136 τοῖς
761 3073 1096 3145 παρανόμοις
1114 3073 1438 3147 ἀφώρισται.
1465 3075 1650 3129 Ταῦτα
1674 3076 1768 3130 καὶ
1789 3076 1888 3146 τῆς

312 3162 569 3235 δευτέρας
603 3165 921 3234 ἐπιφανείας
951 3166 1019 3219 τά
1048 3166 1425 3222 θεσπίσματα·
1453 3167 1627 3222 ταῦτα
1661 3168 1753 3222 καὶ
1784 3171 1888 3222 Δα-

314 3253 435 3325 νιὴλ
473 3254 734 3311 ἐθεάσατο
754 3274 768 3287 ⁸
798 3257 1087 3328 Ποταμὸς,
1121 3259 1232 3328 γάρ
1279 3277 1432 3331 φησι,
1466 3259 1658 3329 πυρὸς
1690 3256 1894 3314 εἷλκεν

313 3349 650 3418 ἔμπροσθεν
680 3349 866 3404 αὑτοῦ
888 3366 901 3380 ’
934 3349 1026 3403 καὶ
1048 3351 1075 3404 ό
1103 3350 1304 3421 Κύριος
1323 3348 1494 3414 εἶπεν,
1522 3351 1597 3414 ὠς
1623 3353 1656 3422 ή
1685 3367 1891 3422 παρου-

204 3489 215 3498 .
319 3442 410 3494 σία
441 3441 619 3494 ἀὑτοῦ
659 3441 811 3494 ἐσται
843 3441 918 3504 ὡς
945 3443 979 3511 ὴ
1005 3442 1113 3495 ἀπὸ
1159 3442 1432 3496 ἀνατολῶν
1479 3443 1638 3514 μέχρι
1673 3440 1892 3512 δυσμῶν

1981 619 2141 662 runt:
2175 608 2375 677 quibus
2433 607 2594 660 etiam
2640 605 2891 661 Christus
2937 605 3111 672 dixit,
3163 603 3262 658 Vos
3295 603 3420 657 estis
3454 601 3547 660 lus:

1980 699 2163 754 mundi
2193 699 2259 754 ⁸⁸.
2314 697 2448 752 Nam
2497 713 2626 754 vera
2659 699 2750 752 lux
2805 707 2888 753 est
2921 699 3035 767 ipse
3066 695 3258 759 Filius,
3298 695 3394 766 qui
3423 710 3547 748 om~

1981 807 2104 849 nem
2125 800 2432 846 creaturam
2476 790 2854 847 rationabilem
2899 788 3192 844 illuminat.
3237 787 3374 855 Quia
3421 802 3549 842 vero

1981 886 2120 940 lucis
2146 885 2293 940 illius
2325 884 2617 954 participes
2641 883 2863 939 fuerunt
2891 883 3195 938 secundum
3235 881 3390 945 illud,
3413 880 3552 935 Car-

1982 974 2136 1026 bones
2165 972 2401 1026 succensi
2425 982 2548 1026 sunt
2588 973 2651 1026 ab
2681 989 2740 1026 eo
2772 972 2838 1038 θ’,
2872 971 2992 1027 ideo
3058 973 3150 1026 lux
3205 981 3334 1028 sunt
3387 971 3550 1040 hujus

1982 1062 2193 1118 mundi.
2226 1062 2292 1117 lli
2325 1063 2508 1134 itaque
2539 1063 2704 1118 veluti
2735 1063 2949 1134 fulgura
2986 1061 3109 1118 facti
3155 1072 3283 1118 sunt
3310 1104 3324 1128 ,
3380 1070 3550 1120 totam

1984 1156 2184 1226 ubique
2215 1164 2413 1210 terram
2461 1161 2871 1226 percurrentes,
2921 1170 2983 1209 ac
3012 1155 3251 1210 divinam
3291 1155 3552 1226 spiritua-

1983 1246 2199 1317 lcmque
2252 1247 2430 1302 lucem
2490 1245 2827 1302 initiatorum
2901 1245 3157 1301 cordibus
3227 1245 3546 1302 immittunt.

1985 1338 2163 1410 Ignem
2190 1354 2356 1411 porro
2384 1338 2676 1396 Psalmista
2704 1338 2855 1404 dicit,
2881 1355 2990 1394 non
3011 1338 3156 1394 hunc
3187 1339 3500 1395 sensibilcm
3531 1379 3547 1403 ,

1984 1448 2162 1504 neque
2183 1430 2455 1486 flammam
2481 1431 2626 1485 illam
2646 1445 2766 1501 qua:
2805 1429 2908 1486 sub
2932 1440 3208 1502 aspectum
3240 1430 3421 1497 cadit;
3457 1431 3550 1485 scd

1986 1521 2223 1576 divinam
2269 1520 2562 1591 quamdam
2609 1520 2863 1575 virtutem
2915 1518 3423 1592 inexpugnabilem,
3465 1522 3555 1574 cui

1988 1629 2095 1668 non
2126 1613 2341 1680 obsisti,
2372 1628 2492 1684 quae
2523 1627 2633 1667 non
2675 1611 2840 1684 ellugi
2868 1620 3047 1685 potest
3066 1651 3084 1679 ,
3131 1627 3254 1683 quae
3283 1612 3426 1683 ignis
3464 1612 3552 1666 in-

1988 1714 2104 1762 star
2126 1705 2312 1761 hostes
2355 1720 2487 1761 suos
2519 1703 2765 1761 devorat.
2797 1703 2865 1760 Hi
2894 1715 3073 1762 autem
3096 1711 3271 1768 erant,
3295 1717 3406 1774 pra:
3431 1703 3556 1760 aliis

1990 1795 2283 1869 perniciosi
2310 1795 2587 1852 daemones
2610 1834 2627 1861 ,
2670 1803 2724 1851 et
2772 1795 2954 1869 gregis
3001 1810 3191 1852 eorum
3221 1793 3510 1866 prterectus
3535 1834 3554 1860 ,

1988 1868 2149 1959 quem
2181 1868 2432 1942 Salvator
2474 1903 2596 1943 cum
2641 1868 3123 1945 aliiscombussit.
3177 1885 3366 1956 Neque
3421 1887 3557 1944 alias

1990 1979 2355 2064 poteranthui
2381 1978 2438 2034 in
2467 1986 2612 2034 terra
2640 1979 2717 2034 illi
2735 1979 2966 2051 subjecti
2988 1986 3145 2036 erant
3177 1979 3419 2043 liberari,
3446 1979 3554 2034 nisi

1990 2087 2088 2128 ceu
2125 2071 2305 2145 ignem
2327 2073 2634 2143 quempiam
2664 2073 3124 2144 consumptricem
3157 2071 3224 2127 ad
3259 2072 3554 2142 perniciem

1993 2173 2049 2219 et
2077 2151 2529 2230 destructionem,
2566 2167 2700 2220 iram
2733 2181 2886 2221 suam
2934 2167 3252 2222 immisisset
3291 2167 3346 2222 in
3380 2167 3554 2222 illum.

1992 2257 2084 2313 Sic
2105 2258 2195 2312 ille
2221 2257 2470 2313 liberavit
2520 2273 2614 2313 eos
2650 2257 2746 2326 qui
2774 2258 2976 2313 subditi
3036 2257 3287 2321 fuerant,
3315 2258 3559 2328 captivos

1991 2347 2214 2418 eripuit,
2278 2356 2529 2404 errantes
2575 2346 2825 2412 reduxit,
2870 2355 2926 2403 et
2972 2349 3028 2403 in
3086 2349 3330 2405 veritatis
3380 2349 3556 2404 lucem

1990 2439 2255 2494 evocavit.
2295 2437 2550 2495 Fortasse
2599 2455 2727 2493 vero
2762 2438 2902 2510 ignis
2933 2447 2987 2494 et
3032 2439 3262 2512 fulguris
3312 2439 3559 2495 meminit

1991 2528 2181 2592 David,
2212 2530 2462 2587 videlicet
2481 2531 2712 2587 flammae
2735 2542 2790 2588 et
2829 2533 2999 2598 lucis;
3059 2533 3186 2604 quia
3215 2532 3412 2604 duplex
3448 2533 3557 2604 igni

1989 2623 2227 2678 eﬂicacia
2256 2623 2440 2680 lnest:
2473 2639 2584 2678 non
2612 2624 2756 2680 enim
2787 2625 2978 2682 urcndi
3025 2625 3223 2690 solum,
3255 2624 3350 2680 sed
3393 2625 3558 2680 etiam

1989 2709 2333 2764 illuminandi
2370 2711 2477 2766 vim
2527 2711 2726 2780 habet;
2776 2727 2840 2768 ac
2889 2713 3064 2767 lucem
3116 2713 3333 2784 quidem
3386 2715 3557 2783 justis

1992 2799 2256 2872 impertit,
2281 2803 2589 2859 combustio
2612 2809 2790 2858 autem
2831 2803 3033 2874 iniquis
3058 2811 3390 2860 reservatur.
3432 2803 3559 2860 Haec

1993 2899 2121 2947 sunt
2148 2892 2372 2948 secundi
2402 2894 2669 2950 adventus
2701 2895 2950 2949 vaticinia
2978 2913 2990 2949 :
3025 2895 3138 2950 haec
3170 2894 3358 2951 Daniel
3379 2894 3514 2952 vidit
3539 2934 3556 2958 ,

1995 2999 2117 3038 nam
2135 2985 2229 3050 ait,
2251 2983 2470 3038 Fluvius
2487 2986 2666 3056 igneus
2689 2985 2924 3040 trahebat
2957 2987 3009 3040 in
3039 2998 3314 3057 conspectu
3335 2987 3446 3057 ejus
3473 2987 3556 3054 ὀς

1993 3083 2047 3131 et
2074 3075 2334 3132 Dominus
2366 3059 2533 3140 dicit,
2587 3077 2876 3133 adventum
2911 3094 3068 3133 suum
3097 3119 3112 3144 ,
3164 3085 3222 3133 ut
3280 3078 3460 3149 fulgur
3489 3079 3561 3135 ab

1993 3169 2201 3225 oriente
2225 3170 2292 3224 ad
2315 3169 2651 3225 occidentem
2693 3171 3025 3241 pertingens,
3056 3169 3298 3225 futurum
3341 3186 3465 3228 esse
3487 3171 3558 3230 ".

1993 3259 2138 3332 Ignis
2181 3261 2400 3332 quidem
2455 3261 2576 3331 ejus
2623 3261 2891 3332 praecedet
2949 3262 3295 3318 inimicorum
3350 3277 3558 3329 causa;

1993 3354 2292 3409 amicorum
2324 3368 2452 3408 vero
2479 3368 2544 3407 ac
2573 3353 2952 3424 religiosorum
3008 3353 3285 3409 hominum
3341 3353 3515 3425 gratia
3542 3393 3560 3418 ,

1991 3444 2204 3517 fulgura
2227 3459 2257 3499 a
2280 3445 2400 3500 luce
2425 3445 2546 3514 ejus
2563 3445 2764 3501 emissa
2785 3445 2907 3501 loco
2937 3447 3068 3501 solis
3094 3447 3281 3502 orbem
3315 3447 3562 3502 illustra-

318 3532 592 3602 φθάνουσα
620 3534 896 3604 ἀστραπὴ.
928 3533 1000 3586 Τὸ
1042 3533 1140 3604 μὲν
1183 3531 1292 3606 πῦρ
1318 3532 1483 3587 αὑτοῦ
1523 3532 1889 3604 προπορεύσε-

1992 3541 2149 3595 bunt.
2182 3537 2238 3592 Si
2262 3537 2407 3593 enim
2441 3546 2573 3592 tunc
2611 3537 2693 3592 sol
2722 3536 3119 3602 obscurabitur,
3173 3548 3224 3592 et
3284 3538 3412 3592 luna
3457 3555 3562 3593 non

315 3644 408 3682 ται
428 3627 592 3682 ἓνεκα
607 3626 714 3680 τῶν
733 3625 941 3698 ἐχθρῶν
958 3625 1122 3679 αὐτοῦ
1140 3643 1154 3656 ο
1184 3625 1294 3679 τῶν
1320 3625 1377 3680 δέ
1404 3623 1640 3678 εὐσεϐῶν
1662 3625 1756 3678 καὶ
1776 3623 1889 3677 θεο-

1992 3627 2139 3682 dabit
2166 3627 2340 3680 lumen
2371 3641 2558 3687 suum,
2609 3634 2660 3680 et
2691 3625 2860 3680 stella:
2889 3625 3081 3679 cadent
3122 3625 3183 3679 de
3211 3626 3337 3681 caelo
3371 3627 3439 3690 ”,
3477 3643 3563 3682 se-

317 3719 490 3789 φιλῶν
535 3719 742 3792 ἀνδρῶν
789 3720 946 3790 χάριν
991 3719 1268 3790 ἀστραπαὶ
1295 3716 1460 3772 αὐτοῦ
1491 3720 1555 3771 ἐκ
1581 3715 1677 3769 τοῦ
1723 3714 1888 3769 αὐτοῦ

1995 3717 2235 3773 cundum
2264 3715 2567 3771 Salvatoris
2594 3715 2936 3783 doctrinam;
2968 3715 3112 3770 unde
3153 3715 3289 3772 alias
3323 3715 3562 3770 mundus

318 3812 497 3880 φωτὸς
546 3811 958 3881 ἐκπεμπόμεναι
1005 3811 1126 3864 ἀντὶ
1172 3811 1323 3882 ἡλίου
1351 3807 1765 3879 -καταλάμψουσι
1791 3805 1889 3876 τὴν

1997 3807 2414 3872 illuminabitur,
2445 3807 2549 3862 nisi
2574 3821 2639 3861 ex
2668 3805 2828 3878 ipso?
2860 3806 3299 3878 quandoquidem
3330 3813 3416 3862 est
3446 3806 3564 3876 ipse

317 3903 658 3974 οἰκουμένην.
705 3904 767 3956 Εἰ
795 3902 904 3972 γὰρ
946 3902 1065 3955 τότε
1109 3905 1142 3956 ὀ
1183 3901 1354 3971 ἥλιος
1400 3901 1887 3970 σκοτισθήσεται,

2000 3899 2262 3954 Dominus
2294 3899 2384 3954 lux
2411 3903 2635 3953 aeterna.

318 3994 417 4048 καὶ
441 3995 495 4063 ιή
531 3992 764 4061 σελήνη
792 3995 862 4047 οὐ
894 3993 1072 4047 δώσει
1117 3993 1181 4047 τὸ
1221 3991 1440 4063 φέγγος
1465 3993 1678 4061 αὐτῆς,
1708 3994 1806 4048 καὶ
1836 3997 1891 4048 ol
1927 3991 2178 4062 ἀστέρες
2205 3993 2529 4047 πεσοῦνται
2561 3992 2625 4044 ἐκ
2683 3991 2787 4045 τοῦ
2825 3991 3104 4060 οὐρανοῦ,
3141 3989 3284 4045 κατά
3311 3988 3408 4061 τὴν
3459 4004 3568 4043 σω-

319 4090 506 4161 τήριον
549 4087 890 4144 διδασκαλίαν
909 4105 922 4119 ⁸
959 4089 1122 4144 πόθεν
1171 4088 1391 4144 ἄλλοθεν
1443 4089 1840 4159 φωτισθήσεται
1866 4092 1896 4142 ό
1932 4091 2135 4160 κόσμος
2159 4091 2207 4142 εί
2231 4087 2305 4160 μὴ
2328 4086 2386 4154 ἐξ
2413 4085 2576 4141 αὑτοῦ
2597 4103 2610 4114 ο
2649 4084 2973 4156 Ἐπειδήπεο
2995 4085 3141 4139 ἐστὶν
3159 4083 3319 4146 αὐτὸς
3355 4083 3386 4134 ὁ
3451 4079 3567 4134 Κύ-

321 4198 436 4253 ριος
469 4180 583 4250 φῶς
612 4181 846 4238 αἰώνιον.
2961 4201 2964 4204 λ

390 4297 859 4365 Προσκυνήσατε
908 4296 1067 4364 αὐτῷ
1113 4297 1336 4365 πάντες
1381 4299 1620 4370 ἄγγελοι
1667 4298 1887 4353 αὑτοῦ·

2067 4293 2232 4348 Vens.
2265 4290 2416 4347 8-12.
2453 4289 2685 4343 Adorate
2711 4305 2828 4343 eum
2851 4305 3027 4343 omnes
3072 4291 3245 4360 angeli
3277 4290 3390 4360 ejus
3417 4305 3437 4344 :
3465 4308 3567 4345 au-

319 4387 551 4457 ἤκουσε
582 4389 680 4442 ναὶ
703 4390 1006 4459 εὐφράνθη
1040 4391 1080 4458 ἡ
1119 4390 1289 4454 Σιὼν,
1315 4391 1414 4444 καὶ
1443 4389 1889 4460 ἡγαλλιὰσαντο

1997 4387 2126 4440 divit
2158 4393 2206 4438 et
2241 4379 2424 4438 lcetata
2440 4389 2518 4435 est
2537 4380 2754 4441 Sion,et
2777 4381 3170 4436 exsultaverunt
3200 4382 3331 4450 ﬁlice
3361 4381 3569 4438 Judaue

319 4483 378 4533 al
403 4478 716 4549 θυγατέρες
755 4479 865 4549 τῆς
904 4481 1187 4547 Ἰουδαίας
1229 4481 1438 4535 ἕνεκεν
1460 4481 1578 4535 τῶν
1604 4481 1889 4551 χριμάτων

1998 4487 2208 4548 propter
2230 4475 2438 4545 judicia
2491 4482 2616 4539 tua,
2669 4472 2911 4527 Domine.
2966 4471 3099 4527 Sion
3129 4475 3346 4542 quidem
3380 4474 3572 4533 Eccle-

319 4587 456 4635 σου,
481 4572 674 4638 Κύριε.
698 4569 835 4623 Σιὼν
864 4571 960 4640 μὲν
988 4571 1084 4643 τὴν
1113 4571 1434 4642 Ἐκκλησίαν
1458 4571 1691 4642 Χριστοῦ
1717 4570 1893 4642 ὑπάρ-

319 4681 435 4733 χειν
466 4664 657 4726 ίστέον,
685 4663 986 4734 θυγατέρας
1024 4663 1080 4716 δὲ
1124 4664 1222 4734 τῆς
1260 4662 1512 4728 Ἰουδαίας
1535 4662 1635 4726 τάς
1661 4663 1892 4716 ἀποστο-

319 4754 477 4816 λικάς
522 4752 697 4823 ψυχάς
747 4754 854 4806 ἀπὸ
900 4754 993 4806 τοῦ
1039 4754 1300 4809 Ἰουδαίων
1332 4754 1517 4818 ἔθνους
1547 4754 1889 4817 διελθούσας·

320 4847 375 4899 αἳ
408 4845 472 4915 δὴ
505 4845 598 4899 καὶ
631 4845 994 4916 ἐμπίπλανται
1020 4846 1355 4919 εὐφροσύνης
1388 4848 1479 4900 καὶ
1502 4847 1891 4916 ἀγαλλιάσεως,

325 4935 690 5008 μανθάνουσαι
726 4935 851 5007 περὶ
875 4934 984 4988 τῶν
1009 4935 1290 5006 κριμάτων
1321 4937 1414 4989 τοῦ
1443 4937 1669 5009 Κυρίου,
1699 4935 1809 4988 τῶν
1835 4951 1894 4987 τε

321 5031 434 5092 τοῖς
465 5028 871 5100 εἰδωλολάτραις
902 5027 1278 5096 ἀποκειμένων
1316 5028 1615 5099 τιμωριῶν,
1646 5026 1742 5080 καὶ
1785 5026 1895 5080 τῶν

321 5122 434 5182 τοῖς
458 5119 631 5174 ἔθνεσι
650 5118 1033 5191 τετηρημένων
1060 5118 1420 5188 ἐπαγγελιῶν.
1436 5119 1674 5182 Εἰκότως
1698 5119 1756 5173 δέ
1774 5119 1895 5190 χαί-

326 5227 507 5284 ρουσιν
530 5212 623 5265 ἆτε
646 5210 793 5282 αὑτῷ
822 5210 1194 5281 ἀνακείμεναι,
1221 5211 1313 5264 καὶ
1343 5203 1654 5276 ἐλπίζουσαι
1685 5209 1785 5282 τῆς
1808 5211 1894 5263 ἐν-

320 5305 473 5369 δόξου
506 5303 667 5357 αὑτοῦ
697 5304 998 5376 παρουσίας
1043 5301 1694 5377 καταξιωθήσεσθαι.⁶’οτι
1729 5303 1812 5357 σὺ
1841 5298 1904 5358 εἷ

323 5398 539 5462 Κύριος
576 5398 608 5449 ὀ
647 5396 928 5464 ’Ὺψιστος
962 5395 1060 5448 ἐπὶ
1098 5391 1303 5451 πᾶσαν
1335 5393 1448 5462 τὴν
1486 5394 1622 5465 γῆν,
1659 5394 1896 5465 σφόδρα

320 5487 725 5554 ὐπερυψώθης
745 5485 897 5553 ὑπὲρ
919 5473 1148 5550 πάντας
1167 5484 1308 5550 τοὺς
1330 5485 1522 5551 θεούς.
1543 5487 1606 5538 Ol
1624 5469 1897 5555 ἀγαπῶν-

319 5583 422 5641 τες
457 5575 562 5629 τὸν
585 5576 824 5645 Κύριον,
841 5575 1069 5646 μισεῖτε
1109 5576 1401 5643 πονηρόν·
1442 5574 1750 5645 φυλάσσει
1789 5576 1898 5630 Κύ-

324 5683 450 5737 ριος
473 5667 578 5734 τὰς
594 5669 796 5739 ψυχὰς
818 5668 936 5722 τῶν
956 5669 1142 5723 ὁσίων
1160 5668 1367 5732 αὐτοῦ,
1400 5669 1468 5722 ἐκ
1490 5668 1686 5739 χειρὸς
1717 5667 1899 5737 ἁμαρ-

395 5825 440 5858 ⁸³
479 5823 666 5882 ﬂatth.
702 5841 789 5896 vr,
828 5825 940 5890 Η.
987 5828 1033 5862 δ’
1070 5825 1217 5883 Psal.
1252 5842 1400 5893 χιιι,
1433 5825 1526 5901 9.⁸
1563 5826 1609 5862 ’⁸
1641 5823 1779 5880 Dan.
1821 5841 1893 5879 vn
1917 5865 1932 5891 ,

1999 4573 2136 4626 siam
2158 4552 2358 4624 Christi
2396 4581 2518 4622 esse
2556 4565 2836 4620 sciendum
2862 4570 2978 4631 est;
3021 4564 3160 4619 filias
3189 4581 3315 4621 vero
3345 4565 3564 4630 Iudaeae.

2000 4660 2329 4732 apostolicos
2360 4658 2572 4712 animas
2604 4672 2670 4711 ex
2699 4655 3010 4710 Iudaeorum
3055 4666 3214 4727 gente
3260 4657 3522 4714 oriundas
3549 4679 3564 4715 :

2001 4770 2122 4824 quze
2147 4767 2280 4807 sane
2301 4750 2537 4820 impletae
2557 4755 2684 4804 sunt
2707 4748 2907 4819 gaudio
2929 4755 2984 4803 et
3005 4749 3408 4818 exsultatione;
3439 4765 3566 4806 cum

2002 4845 2069 4901 de
2091 4844 2315 4914 judiciis
2341 4841 2555 4896 Domini
2591 4839 2902 4903 audierunt,
2923 4837 3100 4910 deque
3125 4841 3430 4912 suppliciis,
3448 4858 3569 4912 quae

2002 4935 2270 4990 illolOrum
2299 4931 2602 4986 cultoribus
2637 4931 2875 5001 reposita
2907 4938 3057 4993 sunt,
3101 4947 3312 4988 necnon
3344 4933 3411 4989 de
3441 4949 3572 5004 pro-

2000 5025 2206 5089 missis,
2230 5039 2352 5096 qute
2371 5023 2624 5094 gentibus
2646 5031 3016 5078 reservantur.
3047 5024 3112 5078 Et
3138 5027 3332 5080 merito
3351 5024 3569 5097 quidem

2000 5117 2462 5190 gaudent,utpote
2484 5114 2584 5184 ipsi
2609 5115 2856 5177 addietze,
2889 5128 2954 5170 ac
2979 5122 3260 5186 sperantes
3288 5130 3348 5171 se
3369 5115 3572 5187 glorio-

2002 5223 2064 5262 so
2103 5205 2224 5276 ejus
2278 5207 2512 5260 adventu
2551 5201 2856 5274 dignandos
2897 5217 3038 5258 esse.
3094 5201 3356 5269 Quoniam
3404 5209 3460 5253 tu
3514 5215 3569 5254 es

2003 5299 2259 5354 Dominus
2315 5296 2609 5350 altissimus
2659 5311 2808 5365 super
2862 5309 3062 5350 onlnem
3118 5302 3349 5354 terram,
3411 5291 3568 5343 nimis

2000 5389 2268 5444 exultatus
2298 5405 2352 5444 es
2375 5402 2529 5456 super
2558 5395 2733 5440 omnes
2776 5384 2919 5440 deos.
2973 5384 3078 5450 Qui
3109 5383 3329 5453 diligitis
3384 5379 3569 5435 Domi-

2003 5497 2127 5535 num
2147 5523 2162 5547 ,
2192 5479 2330 5534 adite
2357 5477 2556 5532 malum
2582 5494 2600 5531 :
2635 5476 2865 5531 custodit
2894 5473 3152 5528 Dominus
3199 5473 3407 5525 animas
3439 5485 3566 5525 san-

2004 5582 2208 5626 ctorum
2242 5587 2494 5632 suorum,
2549 5568 2612 5625 de
2638 5585 2800 5623 manu
2821 5575 3154 5636 peccatorum
3194 5551 3434 5618 liberabit
3457 5577 3567 5622 eos.

2008 5654 2062 5722 Si
2092 5659 2314 5726 malum,
2347 5665 2543 5736 inquit,
2575 5661 2832 5724 aversati,
2865 5657 3040 5716 sancti
3059 5655 3367 5713 efﬁciamini
3387 5672 3404 5723 ;
3425 5663 3572 5730 tunc

1972 5825 2059 5879 ιι).
2133 5825 2176 5856 ⁸⁷³
2219 5822 2406 5878 Matth.
2444 5837 2593 5888 xxiv,
2629 5819 2723 5873 27.
2800 5817 2844 5850 "
2877 5812 3018 5887 ibid.
3049 5810 3147 5868 S9.
