3964 6514
496 338 640 396 1‘23!

1181 329 1442 390 EUSEBJ-l
1482 332 1960 419 CIESARIENSIS
1999 332 2146 388 OPP.
2183 331 2359 389 PARS
2405 331 2492 389 Ill.
2526 362 2598 375 —
2624 330 3033 388 EXEGETICA.

3565 341 3582 393 ί
3591 341 3669 396 25‘:

504 449 658 504 vobis
680 448 955 520 continget
987 446 1077 502 Dei
1102 447 1358 516 praesidio
1406 448 1629 514 muniri,
1655 458 1818 520 atque
1845 464 1875 503 a
1907 463 2071 524 manu

2174 449 2378 503 τωλῶν
2410 450 2663 518 ῥύσεται
2704 450 2947 516 αὐτούς.
3002 450 3528 523 Είόιποετραφέντες,
3549 471 3672 524 φησι,

504 539 703 594 diaboli
736 537 953 593 liberari
983 558 995 591 :
1031 538 1077 593 is
1104 537 1248 592 enim
1281 538 1501 608 proprie
1551 548 1808 608 peccator
1847 539 2067 596 dicitur.

459 687 461 689 ,
509 627 700 682 Modus
730 628 909 696 itaque
937 626 1244 682 dilectionis
1278 643 1404 698 erga
1435 626 1722 684 Dominum
1770 637 1855 686 est
1889 629 2071 686 odisse

508 720 690 782 mala;
722 733 930 772 merces
955 726 1134 771 autem
1167 718 1313 773 illius
1343 725 1446 781 est,
1480 718 1654 788 ipsum
1689 719 1745 774 in
1779 719 1902 775 vitae
1935 734 2072 790 pra:-

510 811 705 865 sidium
739 809 1014 871 obtinere,
1053 815 1213 878 atque
1253 810 1658 880 insurgentibus
1689 811 1927 868 inimicis
1984 828 2074 867 su-

499 901 774 974 periorem
813 900 1060 954 evadere.
1086 897 1277 953 Viden‘
1304 907 1505 970 quanta
1533 915 1630 970 pro
1660 899 1754 956 Dei
1781 902 2070 958 dilectione

505 996 838 1066 accipimus?
870 994 1053 1050 Sancti
1087 1011 1213 1050 vero
1261 994 1544 1059 efficimur,
1595 1009 1720 1050 cum
1745 991 1847 1063 ipsi
1871 992 2068 1048 addicti

503 1104 714 1154 sumus,
746 1097 906 1158 atque
939 1085 1106 1141 Deum
1145 1086 1431 1142 custodem
1464 1085 1645 1158 magni
1681 1086 1827 1141 illius
1858 1084 2066 1156 praedii,

501 1179 698 1235 animae
731 1178 941 1234 scilicet
973 1187 1207 1242 nostrae,
1261 1176 1663 1242 nanciscimur;
1718 1178 1794 1230 ita
1844 1182 1903 1228 ut
1957 1189 2066 1228 non

501 1273 643 1326 ultra
693 1271 797 1328 sub
829 1286 992 1325 manu
1042 1278 1095 1326 et
1141 1277 1409 1341 potestate
1450 1269 1659 1324 inimici
1704 1283 2024 1323 maneamus
2052 1309 2068 1332 ,

501 1379 626 1418 nam
656 1363 770 1416 Lux
795 1372 912 1416 orta
932 1373 1008 1416 est
1032 1363 1202 1432 justo,
1233 1372 1280 1415 et
1300 1363 1451 1416 rectis
1471 1360 1624 1416 corde
1667 1360 1874 1415 lwtitia.
1928 1357 2070 1412 Lart—

501 1455 690 1522 amini,
711 1455 869 1525 justi,
888 1455 941 1508 in
965 1453 1206 1520 Domino,
1226 1462 1273 1508 et
1296 1452 1617 1522 conﬁtemini
1636 1451 1897 1506 memoria:
1914 1467 2070 1505 sanc-

505 1545 805 1618 tiﬁcationis
833 1547 967 1617 ejus.

2175 540 2235 592 τὸ
2272 539 2504 611 πονηρὸν
2536 540 2672 593 ὅσιοι
2709 541 2960 613 γένησθε,
3000 543 3121 595 τότε
3149 542 3212 613 δὴ
3246 542 3552 614 συμϐήσεται
3580 546 3675 614 ὑμῖν

2177 631 2270 685 καὶ
2297 631 2398 701 τῆς
2428 630 2670 702 φυλακῆς
2699 632 2798 701 τῆς
2833 632 2983 704 παρὰ
3010 632 3104 686 τοῦ
3129 633 3258 685 Θεοῦ
3284 636 3472 703 τυχεῖν,
3503 637 3582 688 καὶ
3603 637 3676 706 τῆς

2177 722 2271 775 τοῦ
2312 721 2554 775 διαϐόλου
2596 721 2857 793 ρυσθῆναι
2903 723 3116 794 χειρός’
3151 717 3300 786 οὗτος
3343 723 3446 795 γάρ
3469 725 3494 775 ὁ
3524 726 3678 796 κυρίως

2181 812 2517 886 ἁμαρτωλός.
2537 813 2594 866 '0
2630 814 2725 884 μὲν
2751 810 2842 867 οὖν
2868 815 3069 885 τρόπος
3111 815 3212 884 τῆς
3244 815 3374 885 apo;
3414 816 3497 866 τὸν
3525 816 3680 885 Κύριον

2177 903 2394 974 ἀγάπης
2417 903 2478 957 τὸ
2511 906 2686 975 μισεῖν
2722 906 2934 976 πονηρά
2953 923 2966 936 ’
2999 905 3187 976 μισθὸς
3211 905 3266 958 δὲ
3296 906 3474 958 τούτου
3499 906 3550 958 τὸ
3573 906 3681 977 ἔχειν

2175 995 2337 1050 αὑτὸν
2358 995 2602 1069 φυλακὴν
2631 997 2728 1067 τῆς
2753 997 2916 1068 ζωῆς,
2947 999 3042 1050 καὶ
3070 998 3301 1068 κρείττω
3329 996 3432 1050 τῶν
3457 999 3683 1051 ἐπανισται

2178 1088 2350 1158 μένων
2374 1088 2649 1160 δυσμενῶν
2678 1089 2938 1158 γίνεσθαι.
2965 1084 3116 1150 Εἶδες
3147 1087 3304 1159 ἡλίκα
3328 1088 3422 1159 τῆς
3452 1088 3570 1159 πρὸς
3585 1089 3685 1142 Θεὸν

2173 1180 2392 1254 ἀγάπης
2433 1181 2813 1252 άπολάϐομεν;
2857 1179 3120 1250 Γινόμεθα
3147 1180 3204 1233 δὲ
3235 1181 3368 1232 ὅσιοι
3399 1180 3686 1250 ἀνακείμενοι

2175 1271 2344 1343 αὐτῷ,
2380 1273 2471 1326 καὶ
2513 1273 2726 1342 φύλακα
2766 1273 2855 1328 τὸν
2898 1273 3028 1327 Θεὸν
3054 1271 3149 1325 τοῦ
3181 1271 3430 1342 μεγίστου
3465 1274 3687 1341 κτήματος

2176 1363 2276 1435 τῆς
2301 1364 2576 1437 ἡμετέρας
2600 1365 2776 1437 ψυχῆς
2810 1365 3004 1437 ἔχομεν
3023 1383 3036 1395 ⁸
3068 1365 3207 1418 ὥστε
3237 1365 3311 1437 μὴ
3341 1365 3440 1417 ὑπὸ
3460 1365 3548 1436 τὴν
3567 1368 3688 1436 χεῖρα

2177 1453 2272 1507 καὶ
2317 1454 2416 1525 τὴν
2464 1455 2709 1522 ἐξουσίαν
2756 1457 3007 1526 γενέσθαι
3063 1455 3156 1510 τοῦ
3204 1456 3429 1528 ἐχθροῦ·
3467 1457 3578 1520 Φῶς
3608 1457 3690 1528 γὰρ

2175 1545 2445 1601 ἀνέτειλε
2489 1547 2570 1612 τῷ
2610 1548 2836 1616 δικαίῳ,
2867 1548 2965 1602 καί
3009 1547 3135 1614 τοῖς
3169 1549 3375 1604 εὐθέα
3417 1544 3486 1616 τῇ
3521 1547 3690 1616 καρδίᾳ

500 1643 867 1712 εὐφροσύνη.
913 1641 1320 1710 Εὐφράνθητε,
1369 1640 1604 1705 δίκαιοι,
1654 1640 1725 1693 ἐν
1763 1637 1842 1706 τῷ
1884 1637 2096 1706 Κιξρίῳ,
2127 1640 2222 1692 καί
2248 1640 2702 1714 ἐξομολογεῖσθε
2738 1643 2814 1713 τῇ
2843 1645 3050 1716 μνήμῃ
3091 1644 3202 1714 τῆς
3255 1644 3577 1715 ἁγιωσύνης
3615 1643 3691 1695 ub-

502 1752 627 1789 του.

807 1850 1131 1909 PSALMUS
1155 1848 1285 1904 IPSI
1311 1848 1518 1904 DAVID
1549 1847 1760 1904 XCVII.

574 1945 741 2002 Vnus.
774 1946 824 2000 1.
879 1945 1102 2000 Cantate
1147 1943 1377 1997 Domino
1401 1941 1665 1994 canticum
1699 1955 1911 2000 norum,
1945 1937 2071 2007 quia

501 2036 773 2090 mirabilia
796 2035 940 2104 fecit.
986 2033 1085 2089 llic
1118 2035 1247 2089 item
1305 2031 1549 2102 psalmus
1577 2029 1754 2084 eidem
1786 2026 2070 2082 sententiae

503 2128 743 2184 insistit:
775 2142 900 2181 nam
930 2135 1223 2195 utrumque
1243 2122 1546 2178 Salvatoris
1562 2112 1854 2176 adventum
1880 2117 2072 2173 vatici-

502 2229 689 2285 natur,
723 2217 831 2275 sed
863 2217 1032 2272 multo
1062 2216 1234 2286 magis
1259 2214 1328 2269 de
1364 2212 1608 2269 secundo
1636 2209 1911 2266 edisserit.
1941 2206 2072 2262 Jure

500 2321 683 2368 autem
716 2308 996 2365 canticum
1024 2322 1225 2362 novum
1258 2305 1369 2359 Deo
1399 2303 1598 2360 offerre
1646 2301 1912 2373 praacipit,
1944 2299 2072 2370 quia

500 2402 862 2474 pristinarum
905 2414 1086 2453 rerum
1120 2397 1476 2451 mutationem
1510 2395 1790 2466 pratdicat,
1822 2408 2072 2462 przenun-

502 2495 713 2563 tiatque
740 2505 944 2545 novum
990 2488 1116 2542 vitae
1151 2487 1485 2541 institutum.
1534 2485 1750 2540 Etenim
1785 2499 1848 2538 ea
1892 2498 2014 2552 quae
2043 2497 2072 2535 a

505 2583 615 2640 Deo
654 2582 1040 2638 universorum
1069 2594 1167 2651 pro
1217 2578 1394 2634 salute
1436 2585 1628 2632 nostra
1669 2582 1888 2646 peracta
1921 2581 2072 2636 sunt,

503 2674 947 2747 supernaturalia
997 2686 1132 2727 sane
1185 2676 1315 2726 sunt
1363 2684 1428 2724 ac
1473 2665 1764 2738 stupenda.
1816 2664 2073 2720 Servator

502 2768 704 2838 quippe
727 2774 916 2822 noster
955 2763 1158 2818 mundo
1182 2761 1500 2824 adveniens,
1532 2773 1597 2813 ac
1629 2757 1724 2812 Dei
1765 2756 1940 2827 gratia
1975 2768 2073 2825 pro

501 2855 756 2910 omnibus
783 2861 1010 2908 mortem
1058 2852 1378 2922 degustans,
1421 2855 1482 2903 ut
1527 2847 1740 2902 tolleret
1790 2853 2074 2914 peccatum

504 2947 714 3010 mundi,
747 2954 806 3000 ut
851 2960 919 2999 ex
956 2943 1312 3012 sequentibus
1359 2939 1650 2995 versiculis
1671 2937 2074 2992 demonstrabi-

504 3045 614 3100 tur,
646 3035 857 3106 magnis
885 3042 941 3088 et
968 3034 1185 3088 arcanis
1219 3047 1318 3086 nos
1365 3032 1622 3102 dignatus
1661 3037 1746 3084 est
1775 3029 2072 3098 mysteriis.

503 3129 739 3186 Salvavit
769 3128 871 3181 sibi
896 3124 1112 3180 dextera
1129 3125 1265 3194 ejus,
1295 3136 1344 3177 et
1371 3122 1645 3177 brachium
1673 3130 1914 3174 sanctum
1943 3118 2078 3188 ejus.
2108 3107 2154 3170 C

503 3218 841 3275 Salvatorem
879 3231 1003 3272 esse
1051 3213 1330 3270 dexteram
1374 3221 1430 3270 et
1476 3212 1760 3269 brachium
1801 3209 1917 3274 Dei,
1953 3210 2069 3280 jam

495 3316 755 3388 pluribus
779 3328 845 3368 ex
878 3312 1114 3368 dexterae
1149 3321 1204 3366 et
1237 3310 1456 3366 brachii
1491 3307 1892 3380 significatione
1923 3323 2074 3361 com-

501 3412 867 3463 monstratum
918 3411 1026 3459 est.
1068 3403 1299 3458 Dextera
1347 3403 1530 3472 itaque
1576 3401 1668 3456 Dei
1718 3415 1835 3466 eos,
1871 3399 1964 3470 qui
2004 3399 2072 3454 ad

500 3496 893 3555 beatitudinem
926 3494 1094 3550 erecti
1125 3501 1274 3559 sunt,
1304 3494 1485 3550 salvos
1535 3492 1642 3563 ipsi
1671 3491 1923 3548 custodit.
1955 3489 2073 3545 Non

497 3591 646 3646 enim
677 3589 856 3646 omnis
891 3588 985 3660 qui
1019 3587 1205 3644 salvus
1237 3596 1342 3651 est,
1374 3585 1611 3641 Domino
1635 3583 1748 3641 Deo
1778 3592 2070 3650 servatur;

501 3683 596 3738 sed
627 3683 778 3740 solus
801 3689 858 3738 et
885 3680 1065 3736 omnis
1092 3681 1185 3736 ille
1215 3681 1310 3750 qui
1340 3677 1643 3735 secundum
1672 3683 1878 3733 rectam
1901 3675 2073 3732 ratio-

501 3790 624 3831 nem
648 3790 679 3830 a
707 3773 867 3832 malis
899 3781 954 3828 et
974 3773 1182 3829 morbis
1212 3773 1502 3836 liberatur,
1530 3778 1586 3826 et
1618 3769 1863 3826 veritatis
1884 3767 2074 3839 cogni-

501 3870 704 3925 tionem
739 3882 863 3924 cum
894 3870 1094 3938 pietate
1116 3872 1405 3922 assecutus
1429 3874 1532 3920 est.
1556 3861 1693 3916 Nam
1716 3862 1811 3933 qui
1831 3877 1896 3918 es
1927 3877 2076 3916 mor-

499 3960 586 4016 bis
613 3967 670 4015 et
694 3959 1017 4015 vulneribus
1050 3963 1324 4019 servatur,
1350 3971 1458 4009 non
1496 3955 1717 4025 penitus
1756 3952 1868 4008 Deo
1889 3953 2074 4008 salvus

2490 1912 2497 1926 ἱ
2555 1846 2848 1900 ΨΑΛΜΟΣ
2887 1847 2974 1917 Τῼ
3011 1848 3210 1901 ΔΛΥΙΔ
3251 1846 3359 1914 L_C’.

2244 1937 2463 2008 ᾊσατε
2500 1935 2582 2002 τῷ
2619 1939 2816 2005 Κυρίῳ
2853 1931 3015 2008 ᾆσμα
3048 1938 3275 2003 καινὸν,
3313 1938 3400 1992 ὅτι
3437 1944 3696 2010 θαυμαστὰ

2170 2027 2438 2096 ἐποίησε.
2459 2030 2567 2083 Καὶ
2592 2021 2748 2093 οὗτος
2767 2032 2795 2082 ὁ
2814 2030 3024 2102 ψαλμὸς
3045 2030 3140 2102 τὴν
3162 2030 3334 2101 αὐτὴν
3358 2031 3466 2102 ἔχει
3485 2032 3691 2086 διάνοιαν·

2171 2119 2436 2192 ἑκατέραν
2460 2120 2568 2192 γὰρ
2600 2119 2694 2174 τοῦ
2726 2121 2973 2194 Σωτῆρος
3014 2123 3340 2192 ἐπιφάνειαν
3369 2123 3696 2194 προθεσπίζει,

2172 2211 2309 2266 ἀλλὰ
2333 2212 2402 2266 τὰ
2435 2213 2655 2266 πλείονα
2672 2215 2800 2285 περὶ
2817 2214 2914 2284 τῆς
2934 2215 3188 2286 δευτέρας
3213 2215 3482 2282 διέξεισιν.
3505 2217 3696 2278 Είκότως

2172 2302 2226 2356 δὲ
2255 2298 2405 2375 ᾆσμα
2429 2305 2610 2358 καινὸν
2631 2305 2840 2359 κελεύει
2867 2308 3247 2377 προσενεγκεῖν
3277 2306 3360 2378 τῷ
3379 2306 3494 2378 Θεῷ
3511 2322 3522 2335 ⁸
3552 2307 3696 2378 ἐπειδὴ

2172 2395 2280 2450 τῶν
2311 2395 2600 2476 προτέρων.
2624 2397 2962 2467 πραγμάτων
2993 2396 3249 2468 κηρύττει
3287 2397 3592 2468 μεταϐολὴν.
3629 2399 3697 2450 καὶ

2173 2485 2362 2557 καινὴν
2383 2486 2656 2540 πολιτείαν
2687 2487 3062 2558 προαγορεύει.
3080 2489 3368 2559 ’Υπερφυᾶ
3393 2488 3498 2558 γάρ
3524 2491 3604 2542 καὶ
3619 2505 3696 2541 πα·

2175 2577 2371 2649 ράδοξα
2403 2578 2471 2631 τὰ
2505 2578 2609 2632 ὑπὸ
2637 2578 2727 2631 τοῦ
2761 2579 2895 2632 Θεοῦ
2930 2579 3036 2631 τῶν
3069 2579 3206 2632 ὅλων
3230 2581 3498 2648 γενόμενα
3527 2581 3699 2632 tuim-

2174 2672 2340 2744 τηρίᾳ
2361 2671 2625 2744 ἡμετέρᾳ.
2644 2673 2700 2742 Ὀ
2726 2672 2833 2744 γὰρ
2854 2673 3061 2745 Σωτὴρ,
3088 2674 3330 2745 ὲπιδημή
3339 2691 3436 2738 σας
3461 2672 3533 2744 τῷ
3553 2674 3700 2743 κόσμῳ

2179 2761 2272 2816 καὶ
2299 2763 2479 2835 χάριτι
2499 2761 2634 2815 Θεοῦ
2656 2763 2796 2832 ὑπὲρ
2823 2764 3020 2827 παντὸς
3043 2765 3385 2836 γευσάμενος
3412 2765 3617 2818 θανάτου
3636 2765 3700 2814 ἐπὶ

2129 2888 2137 2896 .
2176 2850 2254 2921 τῷ
2286 2846 2415 2922 ᾇραι
2458 2852 2557 2924 τὴν
2596 2853 2867 2925 ἁμαρτίαν
2891 2853 2984 2906 τοῦ
3016 2854 3241 2924 κόσμου,
3278 2856 3359 2919 ὡς
3389 2856 3474 2910 διὰ
3494 2856 3589 2909 τῶν
3610 2857 3703 2907 ἑπο-

2183 2946 2357 3016 μένων
2385 2945 2752 3018 δηλωθήσεται
2784 2947 3002 3016 στίχων,
3028 2947 3136 3001 τῶν
3169 2949 3427 3019 μεγάλων
3460 2951 3546 3002 καὶ
3573 2950 3702 3018 amr,

2183 3037 2359 3106 ῥήτων
2386 3037 2534 3107 ἡμᾶς
2567 3035 2869 3107 κατηξίωσε
2917 3037 3494 3109 μυστηρίων.Ἕσωσε
3519 3038 3700 3104 nimi”)

2183 3124 2353 3190 δεξιὰ
2389 3128 2599 3193 αὐτοῦ,
2628 3128 2725 3181 καὶ
2756 3131 2789 3182 ό
2816 3129 3089 3197 ,ϐραχίων
3109 3131 3142 3182 ὀ
3165 3128 3338 3198 ἄγνος
3365 3131 3561 3186 αὑτοῦ.
3581 3129 3704 3194 Δεξιὰ

2177 3218 2270 3271 καὶ
2299 3217 2538 3290 βραχίων
2564 3218 2698 3273 Θεοῦ
2719 3220 2807 3274 διὰ
2829 3221 3088 3275 πλειόνων
3107 3222 3484 3276 ἀποδέδεικται
3509 3225 3536 3276 ό
3556 3222 3705 3292 Σωτὴρ

2177 3307 2312 3366 εἶναι
2333 3311 2471 3366 κατά
2487 3312 2581 3366 τοῦ
2604 3316 2701 3384 τῆς
2733 3314 2910 3378 δεξιᾶς
2936 3317 3030 3367 καὶ
3055 3314 3146 3368 τοῦ
3170 3315 3456 3386 βραχίονος
3477 3315 3703 3385 κειμένου.

2177 3401 2346 3466 Σώζει
2381 3397 2474 3457 οὖν
2501 3403 2648 3473 αὐτῷ
2678 3403 2754 3474 τῷ
2787 3404 2904 3475 Θεῴ
2930 3406 2962 3475 ἡ
2993 3404 3142 3469 δεξιὰ
3167 3405 3338 3458 αὑτοῦ
3380 3407 3506 3468 τοὺς
3533 3406 3602 3466 εἰς
3628 3421 3705 3473 μα-

2178 3495 2476 3566 καριότητα
2508 3495 2796 3565 ἡρμένους.
2831 3497 2905 3549 Οὐ
2939 3496 3048 3566 γάρ
3079 3498 3186 3560 πᾶς
3215 3496 3522 3568 σωζόμενος
3559 3496 3706 3566 Κυρίῳ

2176 3584 2255 3655 τῷ
2298 3584 2417 3656 Θεῷ
2464 3584 2723 3649 σώζεταισ
2755 3586 2889 3640 ἀλλὰ
2920 3588 3077 3656 μόνος
3109 3586 3206 3640 καὶ
3247 3589 3364 3650 πᾶς
3386 3589 3417 3640 ό
3445 3587 3610 3640 κακῶν
3635 3585 3705 3638 καὶ

2177 3675 2364 3730 παθῶν
2390 3675 2528 3730 κατὰ
2548 3677 2638 3731 τὸν
2671 3677 2828 3746 ὀρθὸν
2852 3678 3007 3746 λόγον
3028 3678 3522 3752 ἀπαλλαττόμενος,
3543 3679 3622 3733 καὶ
3635 3677 3706 3746 τὴν

2173 3768 2272 3839 τῆς
2294 3769 2548 3840 ἀληθείας
2576 3769 2772 3838 γνῶσιν
2796 3773 2910 3841 μετ’
2933 3771 3208 3836 εὐσεὸείας
3226 3773 3548 3845 ἀνειληφώς.
3564 3774 3612 3826 '0
3626 3770 3706 3840 γὰρ

2176 3863 2241 3915 ὲκ
2263 3862 2430 3916 νόσων
2458 3863 2550 3917 καὶ
2575 3864 2902 3934 τραυμάτων
2933 3865 3122 3929 σωθεὶς
3153 3865 3214 3918 οὐ
3249 3867 3471 3931 πάντως
3503 3865 3605 3934 Θεῷ
3626 3861 3704 3916 sti)-

2177 3952 2348 4016 ζεται,
2372 3954 2605 4025 μάλιστα
2626 3957 2716 4009 ὅτε
2744 3957 2843 4009 οὐκ
2872 3957 3238 4027 ὲπίσταταιιὲκ
3257 3959 3399 4013 Θεοῦ
3421 3959 3516 4030 τὴν
3541 3958 3705 4025 ὑγίειαν

497 4060 604 4118 εει,
635 4053 874 4108 maxime
902 4066 1035 4107 vero
1078 4065 1203 4106 cum
1238 4051 1454 4121 ignorat
1483 4063 1544 4104 se
1582 4063 1613 4102 a
1641 4047 1753 4104 Deo
1783 4047 2071 4102 incolumi-

2177 4046 2324 4118 αῦτῷ
2361 4047 2817 4118 δεδόσθαι.”Αγιος
2845 4051 2902 4105 δὲ
2938 4055 2968 4106 ό
3001 4051 3235 4126 βραχίων
3275 4052 3374 4106 τοῦ
3407 4053 3538 4107 Θεοῦ
3573 4054 3704 4110 ἐστιν,

499 4155 609 4202 tate
641 4146 924 4201 donatum.
975 4143 1238 4198 Sanctum
1287 4155 1452 4212 porro
1497 4139 1592 4195 Dei
1631 4139 1918 4194 brachium
1967 4150 2072 4203 est,

500 4250 612 4289 non
655 4233 1078 4304 participalione
1128 4230 1474 4296 sanctitatis;
1516 4229 1608 4285 sed
1651 4230 1780 4300 quia
1835 4227 2074 4300 Spiritus

499 4328 675 4382 sancti
692 4325 978 4382 brachium
1003 4333 1107 4382 est.
1125 4324 1191 4378 Et
1215 4322 1449 4380 fortasse
1464 4321 1689 4378 dextera
1705 4320 1951 4392 quidem,
1977 4320 2074 4374 Dei

498 4416 583 4470 vis
609 4415 896 4487 operandi,
920 4430 1042 4484 qua:
1074 4430 1179 4470 non
1214 4414 1318 4468 alia
1347 4427 1510 4484 quam
1536 4411 1678 4467 Deus
1711 4410 1947 4467 Verbum
1965 4417 2071 4477 est,

2174 4140 2237 4192 οὐ
2289 4139 2428 4193 κατὰ
2471 4141 2700 4212 μετοχὴν
2751 4144 3034 4215 ἁγιότητος
3082 4145 3392 4216 τυγχάνων,
3443 4147 3551 4200 ἀλλ’
3587 4143 3706 4211 ἁγίαν

2177 4229 2490 4301 Πνεῦματος
2518 4231 2593 4284 ὢν
2629 4231 2886 4305 βραχίων.
2913 4236 3025 4289 Καὶ
3053 4237 3194 4306 τάχα
3222 4237 3377 4302 δεξιά
3408 4238 3503 4308 μὲν
3531 4239 3562 4306 ἡ
3593 4237 3706 4306 ἔνερ-

2176 4323 2374 4393 γητικὴ
2421 4323 2514 4377 τοῦ
2557 4324 2692 4378 Θεοῦ
2734 4326 2978 4398 δύναμις,
3009 4328 3110 4382 οὐκ
3131 4328 3264 4399 άλλη
3290 4331 3387 4384 τοῦ
3419 4329 3548 4384 Θεοῦ
3572 4329 3704 4395 Λόγου

2177 4417 2538 4487 τυγχάνουσα,
2562 4419 2826 4483 καλεῖται,
2847 4419 2934 4473 διά
2953 4421 3014 4474 τὸ
3032 4420 3242 4487 δεξιῶς,
3259 4423 3536 4476 τουτέστιν
3554 4421 3704 4489 Muli.

498 4513 761 4573 vocatur;
813 4506 942 4577 quia
981 4504 1223 4566 dextere,
1268 4503 1321 4558 id
1367 4511 1470 4566 est,
1518 4511 1730 4565 sancte,
1775 4501 2069 4573 sapienter,

2178 4507 2374 4576 σοφῶς,
2403 4509 2726 4580 ἀμέμπτως,
2749 4511 3047 4575 ὲπαινετῶς
3074 4513 3250 4566 πάντα
3274 4518 3452 4568 ποιεῖν
3470 4531 3484 4545 ο
3512 4513 3706 4585 βραχίων

500 4595 798 4667 inculpate,
852 4595 1205 4650 laudabiliter
1276 4593 1459 4648 omnia
1531 4592 1724 4660 eflicit;
1785 4592 2073 4648 brachium

499 4705 629 4743 vero
671 4690 743 4744 ob
781 4687 1160 4743 fortitudinem
1211 4702 1275 4740 ac
1326 4687 1495 4741 robur
1537 4685 2072 4756 praestantissimum.

574 4779 739 4836 Vsus.
760 4779 817 4846 2,
846 4781 900 4835 5.
940 4779 1143 4833 Νοιιιηι
1175 4780 1296 4849 [erit
1332 4779 1584 4834 Dominus
1615 4777 1867 4833 Salutare
1895 4793 2072 4842 suum,

499 4872 555 4926 in
583 4881 862 4940 conspectu
909 4873 1139 4942 gentium
1181 4871 1423 4926 reuelauit
1445 4872 1716 4939 justitiam
1765 4887 1939 4923 suam.
1976 4869 2075 4923 Re-

498 4963 750 5018 cordatus
797 4972 876 5018 est
929 4963 1309 5018 misericordia:
1349 4979 1460 5016 sua:
1496 4961 1699 5023 Iacob,
1749 4971 1798 5014 et
1839 4961 2072 5015 veritatis

500 5073 612 5112 sum
657 5055 840 5110 domui
888 5054 1082 5112 Israel.
1129 5056 1383 5110 Viderunt
1433 5070 1610 5109 omnes
1659 5054 1869 5107 termini
1919 5062 2074 5107 terra:

499 5147 751 5206 Salutare
781 5150 877 5204 Dei
912 5150 1099 5204 nostri.
1133 5147 1274 5204 Olim
1325 5147 1637 5202 Abrahamo
1680 5145 1975 5215 pollicitus,
2017 5145 2074 5200 in

499 5243 709 5298 semine
735 5242 911 5313 ipsius
934 5241 1336 5297 benedicendas
1354 5255 1479 5296 esse
1499 5253 1692 5295 omnes
1714 5245 1928 5310 gentes,
1952 5253 2074 5293 ver-

495 5334 694 5402 borum
729 5335 1014 5390 veritatem
1043 5349 1140 5404 per
1170 5346 1352 5388 rerum
1397 5339 1652 5387 eventum
1678 5331 2025 5388 conﬁrmavit
2055 5350 2069 5387 :

498 5437 552 5481 et
585 5427 1041 5490 misericordiam,
1084 5439 1248 5496 quam
1283 5439 1342 5481 se
1373 5424 1747 5481 exhibiturum
1789 5441 1915 5484 esse
1946 5441 2071 5482 cum

497 5521 808 5591 iuramento
840 5517 1113 5590 promisit,
1144 5517 1212 5572 ad
1238 5533 1354 5572 rem
1381 5517 1671 5574 deductam
1706 5534 1828 5574 esse
1851 5503 2076 5575 demon-

499 5611 716 5668 suavit.
749 5611 872 5665 Haec
907 5625 1070 5682 porro
1101 5610 1334 5664 multum
1365 5609 1544 5666 allinia
1585 5609 1842 5665 videntur
1879 5611 2073 5665 vatici-

499 5703 607 5755 niis
630 5701 802 5764 lsaize,
830 5715 925 5770 per
955 5715 1116 5770 quem
1154 5698 1313 5755 Pater
1346 5699 1634 5772 Unigenito
1661 5716 1761 5756 suo
1786 5701 1860 5754 ait
1888 5718 1901 5753 :
1938 5699 2073 5753 Dedi

497 5802 548 5846 te
576 5793 631 5844 in
664 5801 1029 5844 testamentum
1073 5791 1298 5862 generis,
1331 5791 1383 5846 in
1425 5791 1586 5848 lucem
1609 5793 1867 5863 gentium,
1899 5801 1958 5846 ut
1995 5793 2069 5846 sis

2172 4600 2230 4662 δὲ
2260 4599 2347 4654 διὰ
2378 4601 2439 4670 τὸ
2469 4602 2687 4674 ἰσχυρὸν
2715 4603 2810 4656 καὶ
2841 4603 3180 4675 ὑπερϐάλλον
3203 4609 3270 4677 τῇ
3305 4607 3653 4677 κραταιότητι.

2256 4776 2576 4846 Ἐγνώρισε
2595 4778 2811 4846 Κύριος
2837 4778 2904 4832 τὸ
2927 4777 3225 4848 Σωτήρων
3242 4781 3454 4844 αὐτοῦ,
3477 4778 3708 4834 ἐναντίον

2171 4867 2290 4922 τῶν
2330 4867 2520 4922 ἐθνῶν
2562 4867 2917 4938 ἀπεκάλυψας
2958 4869 3074 4938 τὴν
3100 4869 3500 4938 δικαιοσύνην
3537 4867 3704 4925 αὐτοῦ.

2186 4961 2482 5030 Ἐμνήσθη
2509 4961 2613 5014 τοῦ
2637 4961 2848 5026 ἐλέους
2887 4963 3075 5017 αὐτοῦ
3113 4964 3193 5028 τῷ
3235 4965 3460 5029 Ἰακὼϐ,
3492 4964 3582 5018 καί
3622 4959 3708 5027 τῆς

2171 5055 2456 5126 ἀληθείας
2477 5055 2662 5110 αὐτοῦ
2697 5053 2776 5120 τῷ
2799 5056 2942 5122 οἴκῳ
2974 5055 3238 5126 Ἰσραήλ.
3267 5057 3532 5112 Εἵὸοσαν
3548 5053 3708 5108 πάντα

2170 5147 2244 5201 τὰ
2279 5145 2502 5215 πέρατα
2542 5147 2654 5216 τῆς
2695 5146 2808 5218 τῆς
2841 5147 2907 5200 τὸ
2935 5146 3238 5216 Σωτήρων,
3253 5149 3360 5202 τοῦ
3391 5146 3533 5202 Θεοῦ
3553 5142 3703 5213 ἡμῶν·

2175 5239 2348 5294 Πάλαι
2374 5241 2463 5294 τὸν
2480 5240 2727 5312 Ἀϐραὰμ
2746 5243 2804 5294 ὲν
2818 5239 2896 5311 τῷ
2915 5240 3186 5312 σπέρματι
3207 5240 3372 5294 αὐτοῦ
3395 5233 3707 5304 ἑνευλογηθῆ·

2171 5350 2258 5386 ναι
2287 5332 2357 5386 τὰ
2386 5333 2513 5405 ἔθνη
2546 5331 3026 5404 ἐπαγγειλάμενος,
3047 5332 3145 5403 τὴν
3172 5331 3278 5386 τῶν
3297 5330 3468 5400 λόγων
3488 5325 3704 5396 ἀλήθειαν

2170 5421 2258 5475 διά
2283 5422 2383 5493 τῆς
2401 5421 2508 5476 τῶν
2531 5423 2870 5494 πραγμάτων
2899 5422 3174 5486 ἐκϐάσεως
3203 5423 3534 5476 ἐπιστώσατο
3550 5437 3562 5450 ·
3591 5411 3704 5471 καὶὸ

2170 5511 2411 5585 δι’ὄρκου
2431 5511 2793 5582 ἐπηγγείλατο
2813 5511 3067 5584 παρέξειν
3083 5511 3249 5577 ἕλεος,
3267 5510 3426 5565 τοῦτο
3445 5509 3625 5575 ἔδειξεν
3642 5506 3700 5564 εἰς

2173 5608 2330 5679 ἔργον
2357 5607 2540 5662 ὲκϐάν.
2573 5606 2784 5679 Κομιδῆ
2816 5606 2872 5660 δὲ
2902 5605 3074 5660 ταῦτα
3102 5606 3244 5660 ἔοικε
3273 5609 3384 5669 τοῖς
3410 5604 3611 5658 Ἡσαΐου
3635 5597 3701 5650 θε-

2175 5700 2462 5770 σπίσμασι,
2493 5699 2561 5751 δι’
2587 5693 2648 5752 οὗ
2695 5699 2724 5751 ό
2769 5697 2956 5770 Πατὴρ
2985 5698 3088 5767 ἔφη
3133 5699 3266 5768 πρὸς
3303 5697 3394 5748 τὸν
3424 5687 3696 5758 Μονογενῆ·

2179 5789 2404 5846 Ἔδωκά
2421 5807 2497 5846 σε
2521 5793 2608 5856 εὶς
2622 5788 2919 5860 δὶαθήκην
2931 5788 3163 5859 γένοι’ς,
3181 5791 3266 5856 εις
3284 5787 3404 5857 φῶς
3421 5774 3699 5844 sardium?
