3964 6530
280 359 412 419 1253

1409 363 1914 424 COMMENTARIA
1952 364 2016 421 IN
2056 366 2393 424 PSALMOS.

3386 368 3524 423 1231

271 478 428 534 εἷναί
443 497 517 535 σε
531 484 615 549 εὶς
636 485 937 553 σωτηρίαν
956 486 1066 554 ἕως
1081 487 1343 559 ἐσχάτου
1361 487 1470 555 τῆς
1483 486 1614 557 γῆς.
1634 487 1850 558 Ἐπειδὴ

1957 487 2009 540 in
2040 487 2266 542 salutem
2315 503 2475 557 usque
2518 486 2587 540 ad
2628 487 2871 541 ultimum
2917 483 3146 539 terrm".
3193 481 3330 548 Quia
3377 485 3522 537 enim

275 572 383 643 γὰρ
415 576 528 637 τοῖς
565 573 887 646 θαυμασίοις
918 580 1281 653 πατριάρχαις
1329 579 1423 633 καὶ
1455 578 1532 649 τῷ
1563 577 1723 631 Δαυῒδ
1752 578 1854 631 ὑπ-

274 664 464 734 έσχετο
490 665 641 732 όξτῶν
670 666 803 721 ὅλων
821 668 952 733 Θεὸς
975 670 1039 724 ἐκ
1058 672 1153 724 τοῦ
1176 670 1487 743 σπέρματος
1514 666 1691 722 αὐτῶν
1714 668 1852 721 κατὰ

279 756 458 828 σάρκα
486 757 576 810 τὸν
609 759 839 832 Χριστὸν
867 760 1209 835 ἀναστήσειν,
1244 764 1337 817 καὶ
1367 761 1638 834 σωτηρίαν
1666 760 1731 814 δι’
1754 760 1852 815 αὑ-

274 847 367 900 τοῦ
401 851 563 901 πᾶσιν
585 848 889 921 ἀνθρώποις
910 853 1186 924 παρέξειν,
1207 852 1472 927 διαθήκην
1498 852 1725 907 ἐκάλεσε
1753 850 1852 922 τὴν

275 937 409 1008 πρὸς
440 938 567 999 τοὺς
600 938 842 1010 πατέρας
869 942 1166 1015 γενομένην
1204 942 1554 1012 ἐπαγγελίαν.
1600 940 1761 1005 Γένος
1796 939 1853 992 δέ

274 1029 439 1083 αὐτοῦ
490 1030 581 1083 τὸν
627 1033 843 1104 Ἰσραὴλ
895 1033 1191 1106 κέκληκεν·
1241 1034 1428 1107 ἐπειδὴ
1478 1034 1537 1102 ἐξ
1586 1033 1853 1089 Ἰουδαίων

273 1121 415 1175 κατὰ
450 1122 626 1195 σάρκα
658 1124 909 1197 Χριστός.
944 1125 1161 1181 Δέδωκά
1189 1144 1248 1180 σε
1276 1127 1455 1180 τοίνυν
1482 1128 1559 1186 εἰς
1592 1126 1853 1197 διαθήκην

274 1209 484 1278 γένους,
502 1212 949 1277 τουτέστιν,ὥστε
975 1214 1260 1288 πληρῶσαι
1283 1216 1382 1280 τὰς
1403 1216 1537 1287 πρὸς
1571 1215 1851 1279 Ἰουδαίους

274 1302 647 1371 γεγενημένας
682 1302 980 1374 συνθήκας·
1015 1306 1131 1359 ἀλλ’
1160 1306 1239 1371 είς
1291 1307 1409 1376 φῶς
1455 1307 1555 1359 οὐκ
1600 1306 1680 1358 ἔτι
1726 1307 1853 1358 Ἰου-

275 1391 463 1456 δαίων,
497 1392 610 1446 ἀλλ’
644 1393 845 1447 ἐθνῶν⁶
881 1388 1030 1449 οῦτοι
1062 1396 1172 1468 γὰρ
1219 1396 1306 1450 διὰ
1356 1395 1457 1467 τῆς
1488 1396 1721 1460 πίστεως
1752 1396 1851 1466 τῆς

273 1485 549 1558 σωτηρίας
592 1486 912 1557 μετέλαχοψ
950 1489 1145 1541 ἐκεῖνοι
1184 1487 1240 1541 δὲ
1287 1488 1376 1541 τὸν
1405 1487 1566 1557 ζόφον
1589 1486 1690 1558 τῆς
1719 1488 1852 1541 ἀπι-

276 1578 429 1639 στίας
485 1577 796 1648 ἠγάπησαν.
825 1578 993 1632 Τοῦτο
1046 1580 1139 1632 καὶ
1200 1579 1434 1634 ἐνταῦθα
1496 1578 1598 1651 ἔφη
1650 1580 1846 1633 Δαυῖδ·

284 1668 591 1739 Ἐμνήσθη
615 1671 719 1724 τοῦ
752 1670 963 1739 ἐλέους
990 1672 1177 1726 αὑτοῦ
1203 1672 1281 1739 τῷ
1322 1671 1541 1738 Ἰακὼϐ,
1581 1674 1746 1743 ἤγουν
1771 1671 1846 1743 τῷ

282 1759 515 1831 Ἰσραὴλ,
570 1761 815 1815 τουτέστι
860 1762 960 1826 τὰς
1008 1763 1146 1835 πρὸς
1195 1763 1435 1826 ἐκείνους
1477 1763 1849 1834 γεγενημένας

270 1852 600 1920 ἐπαγγελίας
637 1853 943 1925 ἐπλήρωσε,
978 1854 1072 1907 καὶ
1118 1856 1195 1918 εἰς
1223 1854 1382 1927 ἔργον
1409 1857 1582 1926 ήγαγε
1610 1873 1624 1886 ·
1657 1855 1736 1908 διὸ
1768 1854 1844 1908 εἴ.
1878 1837 1920 1896 Β

272 1940 464 1995 δοσαν
486 1943 681 1998 πάντα
699 1946 769 1999 τὰ
788 1944 1010 2014 πέρατα
1044 1945 1152 2013 τῆς
1175 1944 1286 2015 γῆς
1308 1947 1375 1999 τό
1404 1946 1706 2015 Σωτήρων
1742 1946 1846 1999 τοῦ

274 2034 421 2087 Θεοῦ
443 2036 629 2104 ἡμῶν.
648 2038 1023 2109 Κηρυχθέντος
1039 2037 1146 2109 γὰρ
1166 2037 1259 2091 τοῦ
1271 2038 1597 2108 Εὑαγγελίου
1616 2039 1672 2091 ἐν
1698 2038 1849 2110 πάσῃ

266 2129 333 2196 τῇ
360 2126 451 2178 ὑπ’
465 2127 692 2198 οὐρανὸν
716 2130 809 2182 καὶ
828 2130 885 2181 ἐν
905 2128 1049 2199 πάσῃ
1062 2132 1127 2200 τῇ
1144 2128 1435 2201 οἰκουμένῃ
1452 2130 1529 2192 είς
1553 2128 1848 2200 μαρτύριον

270 2221 405 2272 πᾶσι
437 2224 548 2284 τοῖς
580 2221 777 2287 ἔθνεσι,
814 2223 953 2277 κατὰ
980 2224 1084 2295 τὴν·
1110 2223 1345 2296 Χριστοῦ
1379 2222 1749 2293 χρησμῳδίαν,
1771 2216 1848 2274 εἷ-

266 2312 354 2365 δον
386 2312 560 2368 πάντα
581 2314 647 2368 τὰ
675 2315 886 2387 πέρατα
917 2317 1017 2386 τῆς
1048 2320 1150 2387 γῆς
1182 2315 1438 2388 Χριστὸν,
1473 2315 1531 2367 τὸ
1574 2315 1847 2384 Σωτήριον

270 2403 364 2456 τοῦ
396 2404 551 2458 Θεοῦ.

349 2516 711 2581 Ὰλαλάεατε
756 2518 837 2583 τῷ
884 2518 1027 2584 Θεῷ,
1059 2517 1227 2574 πᾶσα
1274 2519 1312 2587 -ή
1367 2516 1466 2586 τῆ,
1496 2516 1706 2583 ᾆσατε,
1748 2513 1850 2569 καὶ

264 2607 636 2676 ἀγαλλιᾶσθε
667 2610 761 2663 καί
797 2609 1049 2678 ψάλατε.
1081 2609 1319 2664 Ψὰλατε
1343 2609 1425 2676 τῷ
1447 2610 1640 2678 Κυρίῳ
1664 2610 1734 2662 ἐν
1759 2627 1847 2662 κε-

265 2698 436 2767 θάρᾳ,
462 2698 531 2754 ἐν
557 2700 769 2769 κιθάρᾳ
816 2701 915 2755 καὶ
951 2702 1120 2770 φωνῇ
1140 2701 1407 2771 ψαλμοῦ,
1433 2702 1502 2754 ἐν
1521 2701 1850 2771 σάλπιγξιν

265 2790 525 2858 ἐλαταῖς,
560 2793 658 2847 καὶ
698 2792 868 2862 φωνῇ
904 2794 1243 2864 σάλπιγγος
1264 2793 1850 2863 κερατίνης.Ἀλιιλά-

265 2883 409 2947 Eata
437 2882 695 2939 ἐνώπιον
729 2886 835 2939 τοῦ
860 2886 1168 2952 ,ϐασιλέως
1189 2886 1432 2953 Κυρίου,
1462 2886 1556 2938 καὶ
1596 2886 1663 2939 τὰ
1698 2885 1845 2955 ἐξῆς.

264 2973 425 3027 Κατὰ
453 2973 547 3043 μὲν
584 2974 643 3027 τὸ
678 2975 857 3045 ῥητὸν,
888 2974 1179 3044 συνάψατε,
1207 2975 1360 3045 φησὶ,
1392 2978 1501 3038 τοῖς
1535 2974 1723 3045 ὕμνοις
1758 2975 1849 3028 καὶ

264 3062 473 3133 ὄργανα
504 3064 756 3135 ψαλμικά
775 3082 789 3097 '
822 3069 961 3120 κατὰ
992 3066 1048 3119 δὲ
1078 3067 1388 3137 ἀναγωγὴν,
1408 3066 1608 3136 κιθάρα
1640 3069 1672 3137 ή
1706 3084 1850 3138 πρα-

265 3157 462 3226 κτικήσ
512 3158 667 3228 φωνὴ
711 3158 773 3212 δὲ.
796 3158 1013 3230 ψαλμοῦ
1063 3161 1095 3229 ή
1151 3158 1371 3229 θεωρία.
1405 3156 1672 3222 Δοξάσατε
1738 3154 1844 3225 θῦν,
1873 3184 1915 3240 C

266 3249 421 3317 φησὶ,
451 3248 540 3301 τὸν
566 3249 772 3320 Κύριον
798 3249 887 3303 διὰ
917 3250 1168 3323 πράξεως
1200 3252 1295 3305 καὶ
1318 3252 1569 3323 θεωρίας,
1598 3251 1691 3304 καὶ
1711 3252 1847 3323 πρὸς

263 3341 358 3395 τὸν
381 3342 594 3412 ψαλμὸν
622 3343 713 3397 τὸν
742 3344 830 3398 διὰ
868 3344 963 3397 τοῦ
1002 3346 1233 3417 ὀργάνου
1262 3344 1650 3415 πληττόμενον,
1683 3347 1847 3415 ἤγουν

264 3434 368 3496 τὰς
390 3434 478 3488 διὰ
508 3434 603 3489 τοῦ
637 3434 883 3507 σώματος
916 3436 1192 3506 ἐνεργείας
1219 3436 1319 3500 τὰς
1349 3435 1469 3490 κατ’
1498 3436 1721 3508 ἀρετὴν,
1756 3437 1849 3490 καὶ

268 3525 420 3595 φωνή
453 3542 534 3599 τις
566 3526 739 3596 ᾀδέτω
762 3528 795 3598 ή
821 3528 949 3597 περὶ
981 3526 1088 3580 τῶν
1116 3527 1404 3599 πρακτέων
1432 3525 1661 3598 θεωρία·
1696 3528 1851 3583 κιθά-

270 3632 371 3685 ραν
536 3618 633 3687 τὴν
662 3617 756 3670 τοῦ
786 3596 1038 3688 *σώματος
1073 3596 1208 3689 πρός
1239 3618 1337 3690 τὴν
1365 3596 1552 3689 ψυχὴν.
1585 3621 1848 3691 ἁρμονίαν

266 3706 437 3773 λέγει.
468 3708 577 3761 Καὶ
610 3708 796 3761 τοῦτον
826 3709 883 3761 δέ
915 3709 1005 3764 τὸν
1038 3709 1200 3780 νόμον
1234 3710 1383 3764 ἐστιν
1423 3712 1551 3767 ἰδεῖν
1570 3711 1849 3779 ’διηνεκῶς

268 3798 329 3850 ἐν
360 3800 479 3864 ταῖς
504 3798 818 3869 ἐκκλησίαις
844 3799 1217 3872 πληρούμενον
1238 3816 1249 3828 '
1277 3804 1343 3873 τῇ
1365 3801 1476 3875 γὰρ
1502 3804 1850 3874 πνευματικῇ

270 3889 472 3963 κιθάρᾳ
500 3892 599 3963 τὴν
638 3892 784 3947 θείαν
817 3893 1230 3963 ἀνακρουόμεθα
1263 3895 1548 3966 μελῳδίαν.
1582 3897 1850 3967 Ποιοῦμεν

267 3980 327 4035 δὲ
361 3983 453 4036 καὶ
489 3985 649 4053 ἡμεῖς
680 3983 902 4053 λογικὰς
927 3985 1159 4055 κιθάρας
1197 3986 1267 4039 τὰ
1304 3986 1552 4058 ἡμέτερα
1584 3988 1848 4059 στόματα,

269 4075 366 4127 καὶ
398 4075 658 4146 χρώμεθα
689 4077 808 4131 ἀντὶ
843 4078 941 4148 μὲν
983 4078 1187 4151 χορδῶν
1223 4081 1336 4144 τοῖς
1374 4080 1604 4147 ὀδοῦσιν,
1638 4081 1760 4135 ἀντὶ
1791 4081 1849 4134 δὲ

270 4167 475 4238 χαλκοῦ
508 4171 620 4233 τοῖς
640 4168 842 4239 χείλεσι
864 4188 879 4201 ·
914 4169 1194 4243 πλήκτρου
1219 4171 1275 4223 δὲ
1312 4172 1511 4235 παντὸς
1550 4174 1583 4243 ἡ
1629 4172 1849 4240 γλῶσσα

270 4259 527 4331 ὀξύτερον
574 4262 884 4333 κινουμένη,
934 4262 1032 4334 τήν
1078 4264 1394 4335 ἐναρμόνιον
1443 4264 1699 4318 ἀποτελεῖ
1742 4265 1853 4318 τῶνΔ

269 4349 630 4420 κρουσμάτων
662 4353 804 4423 ὴχήν
824 4371 841 4384 ο
861 4356 999 4407 κινεί
1020 4354 1076 4407 δὲ
1109 4353 1205 4424 τὴν
1230 4352 1484 4421 γλῶτταν
1507 4357 1535 4407 ὁ
1566 4353 1710 4419 νοῦς,
1740 4351 1848 4409 οἷόν

267 4458 354 4503 τις
391 4442 643 4511 μουσικὸς
679 4445 795 4514 μετ’
825 4446 1137 4517 ἐπιστήμης
1177 4447 1495 4517 ποιούμενος
1522 4444 1620 4517 τήν
1645 4446 1849 4518 ταύτης

1955 575 2292 633 admirandis
2321 578 2430 634 illis
2464 578 2790 649 patriarchis
2828 585 2881 633 et
2924 575 3109 631 Davidi
3144 575 3522 630 universorum

1954 665 2098 723 Deus
2130 669 2475 740 promiserat,
2499 685 2559 726 se
2582 686 2647 726 ex
2673 671 2881 726 semine
2909 683 3098 723 eorum
3130 666 3405 722 Christum
3436 682 3525 721 se-

1954 758 2192 813 cundum
2222 774 2445 815 carnem
2474 761 2862 829 excitaturum,
2894 774 2959 815 ac
2990 774 3085 830 per
3113 759 3262 812 illum
3292 759 3521 813 salutem

1954 847 2209 902 omnibus
2242 848 2559 906 hominibus
2592 850 2850 905 daturum
2882 865 3039 916 esse;
3071 848 3382 919 hujusmodi
3407 851 3524 919 pol-

1953 936 2306 993 licitationem
2342 940 2589 1010 patribus
2617 941 2822 1005 datam,
2864 948 3249 996 testamentum
3285 942 3519 996 vocavit.

1955 1027 2129 1097 Ipsius
2158 1039 2337 1085 autem
2366 1046 2537 1101 genus
2566 1032 2819 1087 lsraelem
2843 1033 3092 1098 vocavit;
3121 1033 3248 1103 quia
3270 1029 3521 1087 Christus

1953 1121 2253 1176 secundum
2283 1137 2502 1178 carnem
2542 1139 2609 1179 ex
2639 1122 2844 1179 Iudaeis
2880 1131 2984 1180 est.
3023 1122 3150 1179 Dedi
3182 1133 3233 1179 te
3267 1124 3430 1193 igitur
3469 1124 3523 1178 in

1951 1220 2339 1267 testamentum
2372 1215 2625 1285 generis;
2660 1214 2710 1270 id
2754 1223 2860 1280 est,
2899 1223 2956 1270 ut
2986 1226 3139 1286 pacta
3171 1231 3293 1268 cum
3320 1214 3523 1271 Judteis

1952 1301 2084 1355 inita
2119 1302 2483 1373 impleantur;
2516 1306 2608 1360 sed
2644 1306 2699 1360 in
2744 1307 2917 1361 lucem
2950 1306 3071 1361 dedi
3116 1314 3186 1372 te,
3226 1323 3334 1360 non
3383 1307 3524 1360 ultra

1948 1393 2171 1461 Judazis,
2206 1396 2299 1451 sed
2345 1397 2597 1467 gentibus
2620 1438 2635 1463 ,
2674 1414 2769 1467 per
2804 1398 2965 1454 iidem
2995 1398 3141 1453 enim
3177 1400 3257 1453 liae
3290 1400 3523 1452 salutem

1951 1492 2125 1539 nacta:
2154 1493 2315 1541 sunt:
2349 1486 2427 1541 illi
2458 1502 2585 1542 vero
2621 1488 2957 1544 infidelitatis
3001 1491 3287 1558 caliginem
3315 1491 3520 1544 dilexe-

1951 1583 2097 1629 runt.
2133 1573 2187 1629 Id
2222 1576 2296 1629 ait
2330 1578 2432 1632 hoc
2476 1579 2597 1633 loco
2635 1576 2801 1633 David
2838 1596 2850 1630 :
2893 1579 3212 1634 Recordatus
3246 1592 3321 1634 est
3369 1583 3524 1650 mise:

1948 1667 2195 1722 ricordiw
2221 1685 2332 1723 sua:
2376 1668 2578 1736 Jacob,
2625 1673 2835 1727 scilicet
2864 1672 3073 1740 lsraeli,
3126 1675 3177 1728 id
3219 1685 3321 1736 est,
3365 1676 3523 1730 datas

1952 1758 2086 1827 ipsis
2125 1760 2518 1829 promissiones
2567 1763 2834 1833 implevit,
2875 1775 2929 1820 et
2978 1766 3046 1819 ad
3090 1781 3205 1819 rem
3254 1766 3518 1820 deduxit:

1948 1866 2117 1920 quare
2155 1850 2393 1905 viderunt
2439 1870 2615 1908 omnes
2656 1858 2867 1909 termini
2926 1868 3079 1912 terra:
3116 1857 3374 1912 Salutare
3431 1859 3531 1914 Dei

1948 1944 2134 1998 nostri.
2168 1943 2463 2015 Evangelio
2501 1947 2645 2001 enim
2692 1950 2743 2003 in
2795 1951 2942 2005 oniui
2994 1960 3162 2019 terra,
3219 1953 3522 2009 secundum

1947 2032 2149 2089 Christi
2191 2036 2527 2100 vaticinium,
2556 2047 2610 2094 et
2633 2039 2688 2093 in
2724 2041 2980 2097 universo
3009 2052 3277 2098 terrarum
3306 2045 3437 2100 orbe
3469 2044 3525 2101 in

1949 2129 2322 2186 testimonium
2354 2133 2613 2189 omnibus
2642 2135 2895 2204 gentibus
2926 2136 3239 2205 praedic-ato,
3270 2138 3525 2195 viderunt

1948 2234 2141 2276 omnes
2182 2220 2317 2277 ﬁnes
2351 2228 2509 2278 terrae
2539 2221 2842 2291 Christum,
2880 2223 3129 2281 Salutare
3161 2224 3277 2281 Dei.

2023 2509 2188 2566 Vens.
2223 2510 2333 2565 εδ.
2378 2508 2615 2565 Jubilate
2646 2508 2771 2572 Deo,
2814 2512 2986 2563 omnis
3026 2519 3191 2574 terra,
3238 2520 3449 2566 cantate
3472 2520 3526 2566 et

1948 2603 2216 2656 exsultate
2248 2613 2296 2656 et
2324 2602 2558 2671 psallite.
2596 2602 2823 2657 Psallite
2856 2601 3082 2656 Domino
3126 2603 3183 2657 in
3208 2602 3437 2668 cithara,
3466 2606 3527 2659 in

1948 2694 2155 2749 cithara
2181 2703 2229 2749 et
2264 2710 2383 2749 voce
2430 2694 2658 2763 psalmi,
2700 2694 2757 2747 in
2791 2693 2928 2747 tubis
2968 2693 3281 2760 ductilibus,
3326 2705 3375 2749 et
3406 2710 3528 2750 voce

1950 2787 2087 2841 tuba:
2138 2804 2359 2843 cornere.
2395 2786 2635 2841 Jubilate
2682 2788 2738 2839 in
2779 2797 3057 2840 consoectu
3110 2789 3245 2858 regis
3291 2787 3524 2855 Domini,

1947 2887 1999 2936 et
2016 2891 2233 2937 cmtera.
2250 2880 2330 2935 Ad
2354 2881 2573 2935 verbum
2597 2878 2841 2949 quidem,
2869 2879 3104 2949 hymnis,
3121 2881 3219 2943 ait,
3246 2878 3533 2951 adjungite

1948 2981 2001 3027 et
2032 2971 2395 3027 instrumenta
2417 2973 2700 3043 psalmica.
2726 2971 3038 3028 Secundum
3058 2973 3409 3043 anagogicum
3429 2989 3527 3027 au-

1947 3072 2056 3116 tem
2107 3062 2507 3133 interpretandi
2565 3065 2811 3128 modum,
2859 3062 3071 3118 cithara
3118 3071 3202 3118 est
3240 3063 3537 3133 practica;

1949 3171 2050 3210 vox
2082 3170 2215 3211 vero
2246 3154 2464 3225 psalmi,
2486 3155 2721 3211 theoria.
2746 3156 2977 3211 Domino
3009 3156 3215 3234 itaque,
3239 3156 3335 3220 ait,
3370 3157 3533 3226 praxis

1950 3255 2003 3303 et
2034 3248 2243 3303 theoria
2267 3247 2482 3302 laudem
2500 3248 2666 3304 dicite
2700 3267 2712 3302 :
2742 3257 2793 3303 et
2810 3256 3005 3319 praeter
3028 3248 3296 3319 psalmum
3328 3250 3528 3306 instru-

1949 3348 2133 3396 mento
2167 3341 2463 3411 pulsatum,
2494 3343 2745 3398 videlicet
2776 3351 2970 3413 przctcr
2998 3345 3247 3415 corporis
3280 3344 3526 3399 actiones

1949 3445 2074 3486 cum
2104 3432 2308 3488 virtute
2346 3433 2546 3498 editas,
2580 3452 2681 3489 vox
2735 3436 2863 3490 item
2907 3444 3088 3500 canat,
3146 3436 3196 3491 id
3230 3447 3332 3498 est,
3367 3450 3528 3506 agen-

1949 3523 2141 3577 darum
2172 3539 2358 3579 rerum
2389 3525 2601 3582 theoria
2632 3526 2769 3597 (sive
2795 3528 3119 3598 speculatio)
3149 3528 3381 3583 addatur
3404 3546 3419 3582 :
3441 3527 3524 3581 ci-

1952 3614 2161 3668 tharam
2187 3614 2392 3686 quippe
2412 3626 2595 3681 vocat,
2623 3619 2870 3689 corporis
2902 3634 3025 3673 cum
3061 3620 3240 3673 anima
3291 3634 3527 3675 concen-

1951 3717 2086 3760 tum.
2123 3705 2277 3763 Hanc
2306 3722 2470 3777 porro
2496 3710 2670 3780 legem
2701 3710 2888 3765 videre
2913 3710 3077 3764 liceat
3109 3710 3329 3765 assidue
3358 3711 3411 3765 in
3439 3724 3535 3765 ec-»

1950 3797 2137 3855 clesiis
2160 3799 2412 3868 impleri:
2445 3816 2570 3855 nam
2594 3802 2865 3872 spirituali
2896 3802 3105 3857 cithara
3130 3802 3370 3856 divinam
3404 3802 3525 3871 pul-

1951 3905 2139 3947 samus
2182 3890 2497 3946 melodiam.
2551 3891 2664 3947 lmo
2702 3893 2863 3948 etiam
2908 3908 3003 3947 ora
3050 3902 3238 3949 nostra
3285 3893 3564 3948 citharas.

1948 3982 2249 4040 rationales
2274 3982 2572 4048 etiicimus;
2611 3990 2667 4039 et
2713 4000 2813 4054 pro
2841 3985 3085 4049 chordis,
3114 3984 3369 4040 dentibus
3411 3985 3524 4038 uti-

1949 4092 2113 4143 mur;
2146 4090 2246 4146 pro
2278 4091 2405 4141 aere,
2438 4076 2601 4132 labiis
2628 4093 2641 4129 ε
2685 4078 2883 4148 quovis
2916 4086 3097 4134 autem
3144 4078 3353 4149 plectro
3381 4078 3531 4134 cele-

1950 4171 2068 4227 rius
2115 4171 2314 4243 agitata
2368 4171 2575 4241 lingua‘,
2624 4172 2957 4233 concinnum
2990 4172 3101 4227 edit
3155 4172 3535 4241 pulsationum»

1949 4277 2146 4315 sonum
2181 4279 2195 4316 :
2231 4272 2387 4317 mens
2421 4269 2602 4315 autem
2648 4262 2890 4332 linguam
2935 4271 3135 4322 movet.
3170 4278 3268 4317 ceu
3318 4263 3533 4331 peritus

1948 4354 2177 4426 quidam
2221 4355 2466 4411 musicus
2508 4355 2646 4410 scite
2692 4355 2812 4424 ejus
2860 4356 3219 4409 mutationem
3262 4352 3523 4408 elliciens.

1950 4447 2078 4504 llch
2105 4446 2318 4501 cithara
2354 4446 2465 4502 Deo
2510 4446 2717 4515 gratior
2744 4455 2848 4508 est,
2894 4461 3056 4515 quam
3106 4446 3193 4498 illa
3222 4445 3389 4498 animi
3426 4459 3524 4498 ex-

272 4532 591 4605 μετάϐασιν.
609 4533 755 4604 Αῦτη
790 4535 867 4606 τῷ
894 4536 1012 4606 Θεῷ
1045 4539 1077 4607 ή
1106 4536 1305 4609 κιθάρα
1327 4538 1424 4609 τῆς
1452 4538 1660 4608 ἀψύχου
1679 4538 1845 4609 θυμη-

1953 4558 2096 4610 pers.
2125 4540 2299 4610 Cujus
2332 4540 2410 4594 rei
2453 4541 2610 4594 testis
2651 4542 2766 4609 ipse
2797 4548 2880 4594 est
2921 4554 3017 4607 per
3055 4538 3374 4606 prophetam
3410 4537 3526 4590 hac

271 4626 521 4698 ρεστέρα.
551 4628 660 4680 Καὶ
690 4627 897 4697 μάρτυς
928 4630 1089 4693 αὐτὸς
1114 4630 1202 4684 διὰ
1234 4631 1328 4684 τοῦ
1356 4632 1636 4701 προφήτου
1673 4630 1810 4702 βοῶν
1831 4647 1843 4660 ·

281 4718 658 4785 Ἀπόστησον
680 4719 777 4787 ἀρ’
800 4720 968 4788 ἡμῶν
994 4718 1146 4792 ἦχον
1172 4723 1339 4790 ᾠδῶν
1359 4740 1497 4791 σου,
1517 4724 1615 4778 καὶ
1642 4723 1850 4793 φωνῆς

268 4810 541 4879 ὀργάνων
568 4827 686 4865 σου
718 4814 831 4865 οὐκ
858 4812 1207 4883 ἀκούσομαι.
1226 4817 1325 4869 Ἐν
1349 4816 1683 4885 σάλπιγξιν
1705 4816 1848 4869 ἐλα-

266 4902 421 4967 τιιῖς,
439 4902 533 4955 καὶ
555 4900 724 4971 φωνῇ
740 4902 1073 4972 σάλπιγγος
1090 4908 1419 4975 κερατίνης.
1442 4908 1654 4962 Ἐλαταὶ
1671 4908 1853 4975 λέγοντ-

265 5009 362 5045 ται
394 4992 689 5060 σάλπιγγες
720 4995 768 5045 οἱ
798 4992 942 5061 λόγοι
975 4993 1106 5046 τῶν⁶
1126 4995 1439 5048 ἀποστόλων
1470 4997 1562 5048 τοῦ
1594 4997 1847 5065 Σωτῆρος

270 5083 429 5155 ἡμῶν
450 5084 536 5137 διὰ
564 5085 625 5137 τὸ
643 5084 1098 5155 βεϐασανισμένον
1124 5086 1216 5141 καὶ
1236 5088 1630 5157 πεπυρωμένον
1644 5089 1741 5159 τῆς
1764 5090 1850 5142 πί-

272 5191 443 5237 στεως
478 5174 690 5227 αὐτῶν
731 5177 1012 5246 κεράτιναι
1043 5178 1100 5231 δὲ
1131 5178 1217 5231 διὰ
1249 5177 1309 5231 τὸ
1345 5180 1659 5249 πρακτικόν.
1698 5180 1850 5232 Βοῶν

270 5266 381 5336 γὰρ
411 5270 466 5317 αἱ
499 5268 776 5339 κεράτιναι
811 5268 1103 5338 σάλπιγγες
1123 5287 1137 5301 ο
1160 5269 1283 5339 βοῦς
1302 5271 1357 5323 δὲ
1382 5272 1670 5342 ἐργατικὸν
1687 5272 1842 5336 ζῶον.

268 5360 383 5414 Καὶ
411 5363 536 5434 περὶ
556 5362 663 5415 τῶν
689 5364 1002 5417 ἀποστόλων
1032 5363 1089 5416 δέ
1120 5365 1326 5433 φησινιό
1348 5365 1559 5428 Παῦλος
1581 5383 1592 5395 ·
1612 5365 1710 5433 Μὴ
1730 5366 1852 5419 τῶν

267 5451 434 5514 βοῶν
448 5452 617 5521 μέλει
650 5452 730 5519 τῷ
758 5455 1036 5526 [inp/(pri)
1063 5455 1129 5508 δι’
1147 5456 1293 5525 ἡμᾶς
1316 5457 1528 5520 πάντως
1557 5456 1847 5525 λέγει.Φω-

269 5545 361 5598 ναὶ
410 5545 695 5615 τοιγαροῦν
747 5546 855 5599 τῶν
908 5547 1067 5618 ιερῶν
1118 5546 1214 5600 τοῦ
1263 5548 1516 5618 Σωτῆρος
1539 5549 1848 5604 ἀποστόλων

269 5634 462 5691 ἐλαταὶ
485 5635 621 5707 ὁμοῦ
654 5639 748 5691 καὶ
780 5639 1060 5709 κεράτιναι
1086 5637 1382 5706 σάλπιγγες
1411 5638 1726 5708 ἐτύγχανον.
1751 5640 1853 5692 Κιο

342 5788 389 5822 ”
436 5790 539 5845 lsa.
573 5806 738 5855 xux,
775 5793 828 5846 6.
904 5794 948 5829 ἰ
993 5793 1154 5849 Amos
1188 5810 1241 5859 ν,
1278 5795 1367 5857 ίὶᾰ.
1446 5794 1490 5825 ’⁸
1530 5791 1555 5846 ι.
1582 5794 1710 5851 Cor.
1749 5810 1840 5862 ix,
1873 5796 1926 5850 9.

1951 4635 2228 4687 clamans:
2261 4631 2449 4685 Λυσι-ιε
2477 4646 2508 4682 a
2543 4628 2691 4682 nobis
2721 4644 2905 4681 sonum
2933 4628 3261 4679 canticorum
3291 4636 3536 4687 tuorum,

1950 4734 1999 4776 ct
2046 4739 2221 4777 vocem
2264 4723 2733 4775 instrumentorum
2758 4728 2965 4771 tuorum
2987 4734 3090 4769 non
3118 4716 3334 4769 audiam
3363 4715 3431 4769 “.
3459 4713 3535 4768 In»

1951 4817 2086 4871 tubis
2127 4814 2448 4879 ductilibus,
2488 4822 2537 4867 et
2600 4828 2721 4866 voce
2768 4810 2906 4865 tuba:
2954 4825 3180 4863 carnem.
3214 4807 3381 4864 Tuba:
3423 4808 3527 4862 du—

1951 4908 2110 4963 ctiles
2160 4908 2424 4961 dicuntur
2462 4918 2748 4960 sermones
2794 4903 3166 4974 apostolorum
3218 4900 3539 4955 Servatoris

1958 5000 2155 5064 nostri,
2199 5000 2271 5054 ob
2321 4997 2607 5068 probatam
2655 5005 2709 5051 et
2760 4997 2884 5066 igne
2930 4995 3292 5049 examinatam
3335 5008 3527 5048 eorum

1957 5091 2149 5157 tidem;
2216 5106 2432 5146 cornea:
2510 5105 2639 5144 vero
2719 5098 2940 5160 propter
3017 5089 3280 5141 actiones.
3355 5086 3525 5139 Boum

1952 5183 2095 5238 enim
2164 5194 2295 5238 sunt
2352 5183 2496 5237 tubae
2548 5198 2762 5236 cornea:
2806 5198 2819 5235 :
2878 5189 2963 5237 est
3018 5189 3198 5235 autent
3253 5178 3353 5232 bos
3402 5177 3527 5229 ani-

1955 5271 2063 5325 mal
2114 5271 2475 5325 laboriosum.
2527 5271 2602 5326 De
2655 5272 2918 5340 apostolis
2970 5285 3099 5325 vero
3151 5269 3227 5322 ait
3273 5267 3523 5321 Paulus:

1958 5360 2214 5430 Nunquid
2257 5362 2321 5416 de
2378 5362 2538 5417 bobus
2578 5380 2707 5416 cura
2764 5373 2841 5417 est
2916 5361 3128 5414 Domine
3155 5360 3249 5413 9'?
3288 5357 3371 5411 vel
3412 5371 3531 5426 pro-

1956 5466 2077 5525 pter
2108 5471 2207 5511 nos
2250 5456 2476 5511 omnino
2510 5457 2612 5510 huc
2634 5456 2788 5510 dicit.
2835 5454 3011 5508 Voces
3038 5454 3213 5522 itaque
3247 5464 3526 5503 sacrorum

1957 5547 2257 5606 Salvatoris
2297 5549 2706 5618 apostolorum,
2741 5546 2974 5601 ductiles
3019 5544 3181 5601 simul
3216 5550 3271 5598 et
3316 5553 3539 5596 cornea

1959 5641 2101 5698 tubae
2118 5649 2292 5698 erant.
2316 5643 2635 5709 Alioautcm
2662 5646 2844 5704 modo,
2867 5640 3128 5694 citharam
3158 5654 3227 5694 ne
3254 5632 3549 5694 cuncteri‘s.
3579 5682 3583 5686 .
