3964 6518
458 361 596 418 1235

1206 362 1475 420 EUSEBll
1512 357 1990 417 CESARIENSIS
2028 356 2177 414 OPP.
2220 356 2399 414 PARS
2437 355 2521 413 Ill.
2561 388 2622 397 —-
2663 353 3070 411 EXEGETICA.

3538 355 3644 412 1236

454 482 641 539 dicere
661 484 979 539 universum
1017 484 1223 541 Christi
1246 486 1530 556 populum,
1558 501 1625 540 ex
1650 483 1886 540 diversis
1916 483 2029 537 ani’

2135 479 2298 552 θὰραν
2347 480 2405 533 δὲ
2452 480 2624 542 ἄλλως
2679 478 2750 549 μὴ
2798 477 2940 531 ὖκνει
2960 462 3137 544 λέγειν
3168 473 3257 527 τὸν
3289 473 3553 544 σύμπαντα
3575 475 3647 528 τοῦ

457 573 682 639 intubus,
733 583 992 645 tanquam
1046 590 1112 630 ex
1160 576 1412 646 pluribus
1442 576 1682 642 chordis,
1729 576 2029 631 concinna-

457 673 598 729 tum,
634 676 795 736 atque
829 667 1048 722 unicam
1090 668 1395 730 orationem
1428 677 1483 724 et
1513 669 1816 739 gratiarum
1860 666 2034 722 actio-

458 772 582 812 nem
611 757 721 813 Deo
744 758 1080 815 offerentem.

704 867 1027 925 PSALMUS
1085 869 1215 926 IPSI
1280 872 1507 926 DAVID.
1573 872 1802 928 XCVIII.

531 956 791 1036 Vensni,
822 961 875 1013 2.
906 960 1167 1017 Dominus
1203 965 1460 1034 regnavit.
1493 964 1799 1017 irascantur
1828 965 2031 1033 populi,

459 1049 549 1128 qui
570 1050 711 1102 sedet
752 1068 908 1119 super
938 1052 1226 1120 cherubim,
1260 1063 1533 1109 moveatur
1563 1063 1725 1109 terra.
1757 1054 1856 1109 llic
1890 1055 2037 1125 psal-

460 1152 584 1192 mus
630 1139 775 1209 apud
826 1139 1083 1197 Hebraeos
1122 1144 1282 1199 titulo
1312 1152 1461 1200 caret
1496 1164 1509 1200 :
1546 1152 1740 1216 estque
1786 1162 1930 1201 unus
1969 1161 2035 1200 ex

459 1229 530 1285 iis
550 1230 645 1301 qui
668 1230 875 1286 Christi
906 1248 1133 1305 regnum
1167 1236 1517 1292 annuntiant.
1542 1236 1679 1292 Cum
1698 1237 1843 1292 enim
1875 1253 2036 1293 nemo

460 1321 628 1377 irasci
677 1337 737 1378 se
767 1323 913 1378 dicat
943 1325 1089 1395 quod
1136 1325 1281 1383 Deus
1310 1328 1694 1384 universorum
1747 1328 1801 1382 in
1845 1344 2035 1385 omnes

461 1429 689 1484 regnum
722 1415 1000 1484 obtineat;
1036 1416 1103 1472 de
1127 1417 1332 1473 Christi
1361 1428 1543 1473 tamen
1592 1435 1761 1490 regno
1792 1420 1867 1473 ait
1896 1436 2035 1490 pre:-

461 1520 591 1561 sens
643 1521 821 1561 sermo
881 1508 1114 1578 populos
1155 1510 1340 1575 irasci,
1389 1510 1645 1565 videlicet
1701 1511 1931 1580 p0pulos
1970 1527 2036 1567 ex

460 1595 886 1652 circumcisione
926 1608 981 1654 et
1031 1615 1095 1655 ex
1141 1601 1419 1671 gentibus,
1454 1602 1550 1672 qui
1591 1602 1645 1656 in
1699 1603 1877 1672 ipsum
1926 1617 2036 1657 non

460 1686 714 1742 credunt.
755 1687 890 1755 Quis
926 1691 996 1746 sit
1051 1699 1233 1747 autem
1282 1691 1569 1760 Dominus,
1621 1709 1743 1749 mox
1796 1694 2037 1750 declarat

460 1777 650 1835 dicens
689 1801 701 1836 :
763 1782 867 1848 Qui
912 1784 1052 1838 sedet
1084 1801 1240 1854 super
1288 1786 1575 1841 cherubim.
1630 1785 1839 1842 Mordct
1890 1787 2035 1842 enim

460 1869 731 1937 inﬁdeles,
776 1873 1019 1945 ipsisque
1078 1875 1226 1931 dolet
1279 1880 1523 1949 gentium
1574 1894 1673 1948 pro
1715 1879 1891 1933 salute
1923 1885 2037 1933 stu-

460 1962 653 2019 dium:
692 1965 958 2036 siquidem
1001 1969 1346 2039 propheticas
1386 1970 1454 2026 de
1501 1985 1669 2042 regno
1712 1971 1832 2040 ejus
1876 1966 2038 2027 voces

460 2068 573 2108 non
614 2054 1019 2113 intellexerunt.
1062 2058 1339 2115 Moventur
1361 2070 1520 2115 terra.
1555 2061 1836 2116 Daemones
1869 2061 2035 2125 enim,

459 2147 554 2218 qui
588 2147 719 2202 olim
749 2148 1046 2219 plurimum
1076 2152 1358 2217 valebant,
1384 2152 1642 2208 inﬁrmati
1676 2159 1836 2219 sunt;
1868 2151 1939 2205 ita
1980 2162 2039 2205 ut

460 2251 652 2293 omnes
680 2251 869 2294 eorum
912 2240 1144 2297 virtutes
1180 2249 1467 2297 commotae
1511 2242 1643 2309 sint,
1674 2251 1729 2297 et
1762 2243 2039 2312 operatio-

461 2338 559 2380 nes
580 2326 939 2381 cessaverint.
963 2326 1223 2385 Homines
1246 2346 1460 2400 quoque
1479 2341 1679 2386 terram
1710 2331 2034 2396 incolentes,

458 2417 869 2487 resipiscentes,
891 2420 1101 2489 paterni
1129 2423 1335 2477 erroris
1360 2423 1654 2493 perniciem
1674 2430 2035 2493 agnoverunt,

459 2508 630 2564 Deum
666 2508 901 2565 Verbum
934 2512 1038 2566 sibi
1069 2512 1355 2568 Dominum
1388 2515 1739 2569 ascribentes.
1767 2513 1879 2569 imo
1908 2530 2037 2570 vero

459 2599 641 2669 quiin
667 2615 791 2669 eum
829 2602 1094 2657 increduli
1127 2602 1367 2672 fuerunt,
1404 2606 1751 2661 vehementer
1776 2607 2035 2663 commoti

461 2699 612 2755 sunt,
643 2692 694 2745 vi
720 2691 985 2750 doctrinas
1022 2695 1141 2764 ejus
1164 2697 1418 2752 concussi
1465 2704 1627 2769 atque
1672 2702 1937 2769 percussi.
1969 2699 2038 2753 il-

461 2788 556 2844 iud
589 2796 794 2855 autem,
835 2792 926 2862 qui
956 2792 1118 2856 sedet,
1151 2793 1309 2863 quasi
1345 2794 1593 2850 homines
1624 2795 1907 2866 alloquens
1936 2794 2032 2849 ait.

460 2880 666 2937 Natus
696 2882 900 2953 quippe
933 2883 1253 2954 incorporea
1292 2883 1746 2955 incomprehensa
1781 2892 1835 2939 et
1862 2884 2034 2939 incir-

458 2976 796 3046 cumscripta
824 2984 927 3032 est.
967 2975 1224 3031 Dominus
1256 2977 1311 3030 in
1342 2974 1471 3031 Sion
1509 2993 1751 3046 magnus,
1793 2986 1841 3031 et
1867 2977 2037 3031 excel-

459 3083 551 3122 sus
583 3084 738 3137 super
759 3084 936 3122 omnes
964 3068 1204 3137 populos.
1248 3067 1381 3122 Sion
1424 3066 1696 3139 signiﬁcat
1734 3069 2033 3136 speculam;

2134 572 2370 644 Χριστοῦ
2417 570 2544 624 λαὸν
2590 572 2655 624 ὲκ
2694 568 2963 640 διαφόρων
3008 565 3195 636 ψυχῶν
3234 564 3308 630 ὡς
3348 566 3408 617 ὲκ
3440 564 3650 617 πλειόνων

2134 663 2338 737 χορδῶν
2366 662 2732 735 ἡρμοσμένον,
2769 661 2898 733 μίαν
2940 677 3001 713 τε
3051 657 3214 730 εὐχὴν
3244 657 3335 712 καὶ⁵
3359 657 3652 727 εὐχαριστίαν

2133 756 2212 828 τῷ
2236 755 2355 826 Θεῷ
2384 754 2800 825 ἀναπέμποντα.

2519 864 2812 918 ΨΑΛΜΟΣ
2843 864 2928 935 Ἱᾩ
2948 862 3167 915 ΔΑΥῙΔ.
3198 862 3317 927 HH’.

2218 959 2270 1010 '0
2314 959 2527 1026 Κύριος
2566 958 3001 1017 ἐϐασίλευσεν,
3063 954 3484 1025 ὀργιζέσθωσαν
3522 956 3656 1020 .laol,

2137 1054 2170 1105 ό
2186 1050 2513 1119 καθήμενος
2536 1050 2632 1103 ἐπὶ
2673 1048 2975 1118 χερουϐὶμ,
2994 1048 3342 1114 σαλευθήτω
3368 1049 3402 1114 ἠ
3424 1047 3510 1116 γῆ.
3542 1051 3659 1101 Ἄνε-

2138 1145 2411 1215 πίγραφος
2439 1142 2567 1213 παρ’
2614 1141 2885 1213 Ἐὁραίοις
2912 1143 2940 1195 ό
2964 1140 3177 1211 ψαλμός
3200 1157 3215 1170 °
3246 1134 3325 1202 εἷς
3346 1141 3401 1194 δὲ
3433 1142 3515 1193 καὶ
3537 1142 3660 1206 with;

2136 1233 2389 1304 τυγχάνει
2409 1232 2517 1286 τῶν
2539 1229 3039 1301 εὐαγγελιζομένων
3065 1230 3165 1302 τὴν
3190 1229 3283 1283 τοῦ
3298 1232 3519 1302 Χριστοῦ
3539 1232 3662 1301 βασι-

2136 1326 2304 1381 λείαν.
2362 1326 2515 1378 Ἐπεὶ
2572 1325 2667 1396 μὲν
2727 1323 2835 1394 γὰρ
2861 1323 2940 1393 τῷ
2974 1322 3276 1393 βασιλεύειν
3318 1324 3550 1376 ἁπάντων
3582 1324 3663 1375 τῶν

2136 1421 2273 1473 ὅλων
2303 1419 2453 1481 Θεὸν,
2515 1418 2706 1472 οὐδένα
2759 1416 2823 1470 ἄν
2846 1434 2931 1481 τις
2985 1416 3299 1487 ὀργίζεσθαι
3346 1417 3491 1486 φαίη,
3529 1417 3665 1470 inlisi

2138 1515 2202 1583 τῇ
2230 1510 2327 1565 τοῦ
2361 1509 2595 1583 Χριστοῦ
2621 1507 2866 1580 βασιλείᾳ
2902 1510 3063 1579 φησιν
3091 1510 3119 1561 ὀ
3147 1506 3337 1578 παρὼν
3368 1506 3513 1576 λόγος
3548 1507 3665 1578 ὀργί-

2138 1602 2324 1667 ζεσθαι
2367 1601 2560 1665 λαούς·
2611 1601 2745 1671 φησὶ
2773 1600 2828 1653 δὲ
2858 1600 2983 1661 τοὺς
3022 1601 3085 1652 ὲκ
3117 1598 3422 1670 περιτομῆς
3464 1599 3667 1662 καὶτοὺς

2136 1694 2196 1761 ἐξ
2248 1694 2417 1748 ἐθνῶν
2461 1692 2822 1755 ἀπιστοῦντας
2867 1690 3034 1763 αὐτῷ.
3065 1691 3164 1754 Τίς
3188 1690 3245 1743 δέ
3278 1691 3425 1742 ἐστιν
3451 1692 3478 1743 ό
3506 1690 3668 1760 Κύριος

2135 1788 2389 1855 διασαφεῖ
2416 1784 2590 1853 λέγων
2621 1781 2782 1853 ἑξῆς·
2825 1782 2880 1834 '0
2933 1767 3269 1850 καθήμενος
3307 1780 3457 1847 ὑπὲρ
3506 1798 3668 1848 κερου-

2138 1878 2269 1951 ὄζω.⁸
2311 1875 2505 1928 Δὰκνει
2560 1873 2668 1947 γὰρ
2697 1873 2825 1937 τοὺς
2864 1873 3127 1935 ἀπίστους
3148 1871 3243 1924 καὶ
3273 1871 3431 1924 λυπεῖ
3462 1872 3486 1923 ὁ
3522 1870 3598 1921 ἐπὶ
3622 1872 3670 1939 τῇ

2140 1965 2383 2038 σωτηρίᾳ
2408 1963 2514 2017 τῶν
2540 1963 2706 2017 ἐθνῶν
2738 1962 2896 2035 ζῆλος
2918 1979 2935 1995 ο
2969 1962 3029 2015 ού
3060 1961 3168 2033 γὰρ
3202 1964 3439 2033 συνῆκαν
3460 1961 3549 2023 τὰς
3576 1960 3671 2029 περὶ

2138 2056 2235 2123 τῆς
2271 2053 2546 2123 βασιλείας
2573 2052 2737 2107 αὑτοῦ
2751 2050 3095 2123 προφητικὰς
3124 2050 3308 2120 φωνάς
3329 2068 3342 2080 ·
3365 2050 3672 2114 Emis”)ij

2138 2153 2176 2218 ἡ
2203 2148 2299 2220 γῆ.
2337 2149 2405 2202 Οἵ
2432 2164 2493 2200 τε
2532 2147 2639 2217 γὰρ
2686 2144 2852 2199 πάλαι
2903 2142 3073 2196 πολλὰ
3137 2143 3424 2212 δυνάμενοι
3468 2140 3672 2210 δαίμονες

2137 2244 2524 2316 ὲξησθένησαν,
2561 2240 2637 2303 ὼς
2670 2238 2847 2301 πάσας
2894 2236 3072 2291 αὐτῶν
3108 2234 3207 2298 τὰς
3238 2234 3493 2305 δυνάμεις
3519 2232 3673 2284 σαλευ-

2138 2337 2319 2408 θῆναι,
2349 2336 2442 2389 καὶ
2488 2332 2790 2402 παυσθῆναι
2823 2328 2922 2393 τὰς
2961 2328 3239 2400 ἐνεργείας
3264 2343 3277 2358 ⁸
3323 2327 3377 2379 οἵ
3403 2342 3460 2378 τε
3487 2324 3572 2394 τὴν
3596 2323 3675 2392 γῆν

2137 2427 2413 2490 οἰκοῦντες
2434 2425 2528 2480 ἄνθ
2538 2440 2727 2497 ρωποι,
2751 2421 3164 2493 μεταὸαλόντες,
3185 2419 3287 2488 τῆς
3312 2417 3555 2489 πατρῴας
3569 2416 3674 2468 πλά-

2137 2537 2235 2589 νης
2272 2518 2364 2571 τὸν
2404 2515 2623 2586 ὄλεθρον
2669 2513 3007 2580 ἐπέγνωσαν,
3050 2510 3141 2563 τὸν
3173 2508 3309 2562 Θεὸν
3339 2508 3506 2577 Λόγον
3534 2505 3674 2559 αὐτῶν

2138 2610 2341 2679 Κύριον
2404 2604 2858 2674 ἐπιγραψάμενοι.
2900 2602 2975 2655 Οὐ
3034 2599 3140 2671 μὴν
3192 2598 3331 2651 ἀλλὰ
3366 2597 3458 2651 καὶ
3497 2599 3539 2650 οἱ
3572 2598 3673 2648 ἁπι-

2138 2700 2386 2762 στοῦντες
2416 2696 2599 2767 αὐτῷ,
2654 2694 2902 2767 μεγάλως
2953 2692 3358 2763 ὲσαλεύθησαν,
3412 2689 3673 2758 κινούμενοι

2137 2794 2230 2847 καὶ
2262 2787 2760 2860 καταπληττόμενοι
2786 2784 2885 2854 τῆς
2928 2782 3275 2846 διδασκαλίας
3317 2780 3481 2836 αὐτοῦ
3507 2779 3592 2849 τὴν
3613 2776 3674 2830 δύο

2136 2897 2319 2949 ναμιν.
2352 2879 2425 2931 Τὸ
2451 2878 2527 2941 δὲ,
2551 2874 2904 2945 καθήμενος,
2930 2874 3007 2937 ὡς
3033 2871 3169 2945 πρὸς
3198 2870 3515 2941 ἀνθρώπους
3539 2866 3673 2920 διαλί-

2136 2973 2363 3043 γόμενος
2422 2971 2664 3042 εἴρηκεν.
2719 2970 2781 3021 'H
2829 2967 2938 3039 γὰρ
2980 2966 3273 3037 ἀσώματος
3317 2964 3476 3034 φύσις
3522 2960 3675 3030 ἀπερί-

2136 3066 2340 3136 ληπτος
2392 3064 2487 3117 καὶ
2540 3061 2937 3133 ἁπερίγραφος.
2981 3059 3194 3126 Κύριος
3232 3058 3301 3111 ἐν
3333 3056 3483 3110 Σιὼν
3504 3054 3673 3125 μέγας.

462 3160 542 3215 sic
579 3169 759 3215 autem
812 3160 1084 3231 appellare
1122 3159 1307 3215 divina
1364 3160 1651 3232 Scriptura
1698 3162 1837 3217 solet
1872 3176 2033 3216 omne

2139 3156 2236 3210 καὶ
2265 3155 2505 3223 ὑψηλός
2541 3154 2714 3206 ἐστιν
2750 3151 2850 3205 ἐπὶ
2890 3149 3120 3216 πάντας
3148 3148 3291 3215 τοὺς
3336 3148 3536 3213 λαούς.
3568 3144 3676 3197 Σιὼν

460 3252 777 3323 religiosum
812 3252 1146 3315 institutum,
1179 3259 1344 3322 atque
1384 3252 1487 3306 hoc
1522 3253 1683 3307 modo
1716 3252 2034 3308 iudicantur

460 3344 499 3398 ii
532 3345 627 3415 qui
677 3345 921 3400 coelestia
954 3345 1328 3414 speculantur,
1360 3346 1539 3413 qualis
1589 3353 1706 3400 erat
1737 3345 2033 3415 Apostolus

457 3434 551 3504 qui
577 3434 696 3489 ait:
740 3431 865 3486 Non
910 3431 1302 3503 speculantibus
1345 3430 1496 3486 nobis
1551 3441 1780 3494 terrena.
1816 3433 1908 3487 sed
1932 3448 2033 3487 σω-

458 3523 616 3581 lestia
645 3523 711 3577 “.
741 3523 897 3596 Apud
933 3523 1053 3580 illos
1083 3523 1229 3579 enim
1257 3538 1489 3594 magnus
1514 3530 1599 3579 est
1630 3522 1914 3579 Dominus.

526 3790 694 3849 Vens.
747 3794 801 3848 3.
838 3792 1202 3863 Conﬁteantur
1248 3795 1449 3849 nomini
1505 3804 1595 3849 tuo
1647 3810 1859 3864 magno,
1909 3811 2033 3865 (μιθ-

454 3884 599 3940 niam
622 3884 857 3939 terribile
882 3894 932 3939 et
957 3894 1198 3939 sanctum
1220 3894 1319 3941 est.
1354 3884 1513 3941 Nunc
1536 3885 1758 3957 quidem
1781 3886 2031 3942 irascun-

453 3985 547 4032 tur
566 3977 753 4047 populi
778 3977 1043 4033 adversus
1072 3992 1302 4048 regnum
1341 3976 1643 4035 Salvatoris
1672 3979 1847 4034 nostri
1876 3997 1891 4034 :
1926 3979 2033 4034 erit

454 4083 621 4139 porro
649 4076 864 4137 tempus
892 4084 1001 4139 quo
1038 4069 1142 4138 ipsi
1170 4083 1387 4140 quoque
1420 4068 1628 4123 nomini
1675 4083 1875 4139 magno
1910 4068 2030 4139 ejus

451 4158 880 4224 conﬁtebuntur,
904 4159 1113 4230 quando
1131 4176 1282 4216 omne
1303 4178 1434 4232 genu
1456 4160 1695 4230 ﬂectetur
1715 4160 2024 4227 calestium,

454 4261 612 4320 atque
643 4252 992 4316 terrestrium,
1020 4262 1069 4307 et
1098 4254 1269 4309 omnis
1300 4254 1484 4325 lingua
1520 4252 1878 4323 conﬁtebitur,
1900 4254 2029 4324 quia

2137 3246 2494 3321 ἑρμηνεύεται
2526 3244 2999 3311 σκοπευτήριονο
3040 3241 3183 3295 οὕτω
3211 3241 3268 3294 δὲ
3295 3238 3565 3312 ὀνομάζειν
3584 3236 3674 3298 ἔθος

2135 3339 2235 3411 τὴν
2268 3340 2415 3393 θείαν
2462 3340 2684 3411 Γραφὴν
2723 3338 2829 3390 πᾶν
2859 3336 2921 3389 τὸ
2963 3334 3211 3398 θεοσεϐὲς
3258 3334 3571 3403 πολίτευμα,
3596 3329 3676 3381 τῶν

2134 3433 2204 3489 τὰ
2256 3432 2555 3503 ἐπουράνια
2607 3428 2952 3482 σκοπούντων
2996 3419 3186 3480 τοῦτον
3230 3424 3568 3498 δηλουμένων
3609 3420 3675 3472 τὸν

2134 3523 2331 3597 τρόπον
2391 3525 2572 3585 ὁποῖος
2633 3517 2701 3593 ἧν
2732 3521 2907 3591 λέγων
2942 3521 2972 3573 ὁ
3010 3518 3333 3583 Ἀπόστολος
3359 3536 3373 3549 ·
3427 3515 3676 3572 Σκοπούν·

2135 3633 2253 3669 των
2282 3614 2451 3685 ἡμῶν
2461 3617 2531 3669 οὐ
2550 3614 2620 3668 τὰ
2639 3615 2888 3684 ἐπίγεια,
2913 3611 3073 3668 ἀλλὰ
3092 3611 3164 3666 τὰ
3182 3609 3527 3680 ἐπουράνια.
3552 3602 3676 3676 Παρὰ

2132 3705 2340 3769 τούτοις
2368 3700 2460 3759 οὗν
2493 3706 2664 3776 μέγας
2692 3706 2837 3758 ἐστὶν
2861 3706 2889 3759 ὁ
2916 3703 3139 3775 Κύριος.

2220 3794 2919 3866 Ἐξομολογησάσθωσαν
2950 3793 3031 3860 τῷ
3065 3792 3316 3864 ὀνόματί
3357 3808 3472 3846 σου
3503 3787 3573 3853 τῷ
3596 3801 3675 3855 μευ

2128 3889 2315 3961 quam,
2344 3888 2431 3943 ὅτι
2460 3890 2718 3958 φοϐερὸν
2755 3889 2854 3943 καί
2896 3888 3066 3957 ἅγιόν
3099 3888 3249 3940 ἐστι.
3298 3884 3415 3939 Νῦν
3443 3882 3534 3954 μὲν
3560 3877 3675 3949 ὀργί-

2133 3981 2314 4046 ζονται
2357 3980 2474 4035 λαοὶ
2520 3982 2613 4034 ἐπὶ
2646 3980 2738 4035 τοῦ
2774 3981 3024 4051 Σωτῆρος
3062 3978 3219 4051 ἡμῶν
3255 3976 3529 4046 βασιλείᾳ·
3556 3971 3674 4023 ἔσται

2130 4074 2188 4129 δέ
2225 4092 2309 4137 τις
2352 4074 2541 4143 καιρὸς
2588 4076 2644 4127 ὲν
2681 4068 2725 4141 ᾧ
2751 4073 2845 4127 καὶ
2902 4073 3055 4126 αὐτοὶ
3108 4068 3581 4140 ὲξομολογήσονται
3616 4056 3673 4125 τῷ

2132 4166 2357 4238 ὀνόματι
2381 4164 2549 4219 αὑτοῦ
2579 4165 2657 4237 τῷ
2712 4164 2954 4236 μεγάλῳ,
2986 4164 3117 4216 Ὅτε
3149 4160 3272 4216 πᾶν
3314 4163 3460 4231 γόνυ
3492 4154 3673 4222 κάμψει

2131 4259 2503 4328 ἐπουρανίων
2528 4259 2624 4312 καί
2660 4258 2953 4326 ἐπιγείων,
2988 4255 3083 4309 καί
3112 4251 3279 4308 πᾶσα
3304 4250 3549 4321 γλῶσσα
3576 4242 3674 4305 ἔξεο

455 4342 715 4398 Dominus
761 4344 921 4400 Jesus
950 4347 1004 4400 in
1031 4346 1203 4417 gloria
1250 4345 1434 4399 Patris
1457 4347 1527 4399 ’⁷.
1557 4374 1628 4387 -
1678 4343 1850 4401 Vens.
1873 4345 1927 4399 4.
1962 4344 2031 4398 Et

2135 4349 2550 4422 μολογήσεται,
2580 4349 2669 4403 ὅτι
2701 4349 2915 4415 Κύριος
2958 4344 3185 4413 Ἰησοῦς
3236 4345 3327 4408 εὶς
3376 4340 3557 4429 δόξαν
3582 4335 3674 4429 11a:

454 4438 621 4493 honor
650 4439 783 4508 regis
822 4438 1085 4508 judicium
1126 4438 1324 4510 diligit.
1362 4437 1551 4494 Honor
1588 4446 1643 4494 et
1671 4437 1848 4493 virtus
1883 4437 2029 4508 regis

2135 4444 2287 4512 τρός-
2326 4442 2436 4497 Καὶ
2477 4441 2615 4511 τιμὴ
2649 4438 2958 4505 ,ϐασιλέως
2999 4437 3203 4505 κρίσιν
3221 4432 3446 4506 ἀγαπᾷ.
3505 4428 3565 4483 Ἡ
3604 4428 3673 4476 τον

453 4544 579 4582 cum
617 4527 847 4598 judicio.
894 4530 1016 4586 aliis
1064 4529 1286 4600 quidem
1346 4545 1545 4585 nomen
1596 4527 1716 4594 ejus
1766 4528 2025 4593 terribile,

2135 4534 2399 4605 βασιλέως
2429 4535 2562 4605 τιμή
2624 4550 2683 4586 τε
2729 4532 2824 4586 καὶ
2846 4529 3014 4602 ἁρετὴ
3057 4528 3279 4590 εἰκότως
3312 4525 3448 4597 μετὰ
3484 4520 3675 4605 κρίσεως

452 4618 577 4674 aliis
601 4637 729 4674 vero
758 4630 1008 4675 sanctum
1044 4622 1237 4677 merito
1259 4621 1440 4676 eﬁicit.
1469 4621 1527 4677 Si
1551 4624 1697 4677 enim
1732 4622 1824 4693 qui
1856 4622 2029 4691 legem

451 4705 572 4776 ejus
624 4710 1127 4780 transgrediuntur.
1168 4726 1265 4781 per
1314 4712 1487 4781 ipsam
1536 4713 2029 4785 transgressionem

454 4796 605 4852 illum
634 4798 966 4856 inlionnrant
991 4819 1006 4866 ;
1036 4802 1129 4871 qui
1160 4802 1399 4858 divinam
1432 4805 1605 4875 legem
1630 4814 2025 4876 exsequuntur,

455 4886 573 4942 vice
603 4904 784 4953 versa,
825 4906 923 4959 per
970 4892 1091 4963 ejus
1146 4894 1556 4951 exsecutionem
1612 4912 1792 4966 regem
1848 4898 2028 4967 ipsum

451 4979 545 5049 qui
600 4980 773 5052 legem
822 4983 971 5039 dedit
1020 4986 1228 5042 honore
1279 4987 1541 5051 alliciunt,
1588 4987 1854 5057 judicium
1907 4990 2032 5059 ejus

451 5071 741 5142 diligentes
773 5092 786 5128 :
818 5076 1052 5133 scientes
1087 5080 1299 5149 justum
1332 5096 1456 5136 esse
1480 5080 1747 5150 judicium
1778 5082 1921 5152 ejus,
1965 5098 2031 5138 ac

452 5179 513 5219 se
530 5164 711 5220 divina
735 5169 953 5236 praemia
976 5180 1371 5227 consecuturos
1402 5188 1545 5237 esse,
1573 5175 1700 5244 quia
1724 5175 2027 5231 secundum

451 5256 788 5313 voluntatem
823 5261 945 5330 ejus
975 5262 1065 5332 pie
1094 5270 1148 5318 et
1173 5263 1323 5333 juste
1343 5272 1591 5333 egerunt.

521 5436 688 5497 Vens.
719 5442 773 5497 5.
802 5443 879 5497 Tu
910 5446 1116 5513 parasti
1138 5446 1473 5507 directiones,
1498 5447 1763 5515 judicium
1793 5457 1845 5503 et
1863 5448 2031 5518 justi-

455 5532 582 5585 tiam
624 5535 677 5587 in
706 5533 873 5589 Jacob
905 5546 959 5589 tu
990 5538 1179 5606 fecisti.
1232 5537 1483 5593 Exaltate
1521 5539 1807 5593 Dominum
1861 5539 2031 5594 Deum

449 5636 711 5689 nostrum,
763 5636 870 5682 etc.
939 5630 1130 5694 Nemo,
1174 5629 1373 5699 inquit,
1404 5631 1681 5686 existimet
1726 5631 1815 5686 hic
1863 5631 2029 5687 alium

555 5781 599 5817 ἰ
642 5783 679 5837 Il
714 5780 839 5839 Cor.
875 5802 959 5851 iv,
998 5786 1080 5840 18.
1157 5787 1202 5819 ’⁷
1242 5784 1475 5847 Philipp.
1514 5802 1583 5849 It.
1627 5788 1726 5848 ιο,
1766 5790 1851 5843 il.

2131 4603 2245 4689 τοῖς
2270 4626 2368 4697 μὲν
2408 4603 2665 4694 ἐπίφοόον
2694 4625 2925 4676 ποιεῖται
2952 4621 3013 4673 τὸ
3049 4619 3219 4689 ὄνομα
3258 4615 3448 4680 αὐτοῦ,
3498 4612 3595 4672 τοῖς
3632 4603 3676 4656 δὲ

2134 4719 2308 4787 ἆγιον.
2362 4718 2423 4770 Εἰ
2460 4716 2569 4788 γὰρ
2619 4716 2668 4768 oi
2722 4711 3144 4784 παραϐαίνοντες
3180 4706 3346 4763 αὐτοῦ
3379 4707 3468 4759 τὸν
3525 4702 3672 4773 νόμον,

2132 4811 2197 4864 δι’
2222 4810 2386 4862 αὐτοῦ
2406 4807 2500 4861 τοῦ
2530 4806 2885 4878 παραϐαίνειν
2910 4801 3264 4874 ἀτιμάζουσιν
3301 4798 3494 4853 αὐτόν’
3524 4795 3567 4848 oi
3594 4809 3671 4843 κα·

2132 4902 2451 4974 τορθοῦντες
2501 4900 2592 4953 τὸν
2625 4900 2764 4953 θεῖον
2788 4897 2949 4968 νόμον
2999 4895 3067 4948 δι’
3118 4892 3285 4949 αὐτοῦ
3334 4891 3427 4945 τοῦ
3469 4886 3675 4957 ἐνεργεῖν

2138 4994 2277 5049 κατὰ
2310 4994 2504 5047 ταύτὸν
2533 4990 2731 5063 τιμῶσι
2770 4990 2862 5043 τὸν
2910 4986 3344 5058 νομοθετήσαντα
3370 4981 3524 5036 αὐτὸν
3548 4977 3671 5049 βασιο

2137 5086 2255 5151 λέα,
2282 5083 2600 5151 ἀγαπῶντες
2628 5081 2724 5152 τὴν
2758 5080 2888 5151 παρ’
2912 5077 3077 5132 αὑτοῦ
3123 5076 3326 5148 κρίσιν,
3362 5071 3671 5139 ἐπιστάμενοι

2133 5176 2339 5228 δίκαιον
2389 5174 2450 5227 τὸ
2508 5177 2682 5246 κρῖμα
2742 5171 2927 5233 αὐτοῦ,
2973 5170 3065 5224 καὶ
3109 5170 3191 5222 ὅτι
3233 5168 3499 5233 τεύξονται
3540 5158 3669 5212 θείων

2133 5265 2396 5337 ἀμοιϐῶν,
2434 5266 2574 5319 κατὰ
2628 5265 2685 5318 τὸ
2714 5263 2961 5336 βούλημα
3016 5259 3203 5326 αὐτοῦ,
3239 5256 3473 5319 εὐσεϐῶς
3501 5251 3584 5305 καὶ
3608 5249 3669 5300 δι·

2137 5354 2305 5416 καίως
2342 5354 2812 5424 πολιτευσάμενοι.

2202 5448 2287 5501 Σὺ
2325 5448 2658 5516 ἡτοίμασας
2711 5447 3062 5513 εὐθύτητας,
3093 5444 3296 5513 κρίσιν
3326 5442 3425 5494 καὶ
3478 5438 3663 5489 ducar

2132 5538 2335 5605 σύνην
2346 5538 2416 5591 ἐν
2442 5537 2643 5592 Ἰακὼὸ
2654 5537 2735 5591 σὺ
2766 5538 2940 5605 (istoin
2947 5553 3081 5603 σας.
3100 5535 3344 5604 Ὑψοῦτε
3357 5531 3565 5598 Κύριον
3580 5520 3664 5575 τὸν

2139 5626 2286 5681 Θεὸν
2332 5626 2521 5698 ἡμῶν,
2583 5627 2678 5681 καὶ
2730 5626 2798 5681 τὰ
2838 5626 2983 5697 ἑξῆς.
3021 5625 3243 5697 Μηδεὶς,
3264 5622 3410 5694 φησὶ,
3429 5612 3663 5687 νομίζοιτο
