3964 6516
272 311 408 367 1257

1395 317 1902 378 COMMENTARIA
1938 324 2006 380 ΙΝ
2043 323 2380 384 PSALMOS.

3374 331 3517 391 1258

266 424 451 516 ἓτερον
488 421 625 516 εἶναι
651 426 742 481 τὸν
765 427 996 483 ἑπαῧθα
1022 430 1467 505 δοξολογούμενον
1503 436 1706 510 Κύριον
1748 439 1838 493 τοῦ

1949 442 2229 498 dominum
2260 444 2432 514 gloria
2479 442 2768 500 celebrari.
2805 458 2967 514 quam
3017 442 3183 499 Deum
3213 444 3306 514 qui
3346 446 3519 516 legem

265 513 401 567 Θεοῦ
428 515 522 568 τοῦ
534 516 1008 601 νομοθετήσαντος
1032 523 1090 575 ἐν
1120 526 1183 593 τῇ
1216 526 1424 596 ἐρήμῳ.
1452 527 1523 580 Σὺ
1536 528 1666 599 γὰρ,
1691 530 1843 601 φησὶ,

266 601 464 674 Κύριε,
497 600 558 659 οὗ
584 606 681 676 τὴν
718 606 992 675 βασιλείαν
1024 611 1371 683 θεσπίζομεν,
1415 616 1577 680 αὐτὸς
1610 616 1686 670 ὢν
1716 636 1845 688 τυγ-

269 692 471 763 χάνεις,
502 697 530 747 6
550 698 643 747 xui.
670 697 746 767 τῷ
772 699 835 751 ὲκ
859 702 1160 771 περιτομῆς
1181 702 1292 773 λαῷ
1311 704 1490 775 κρίσιν
1519 709 1613 760 καὶ
1641 708 1846 763 δικαιο-

269 783 435 856 σύνην
454 785 845 858 διαταξάμενος
879 791 1019 844 κατὰ
1060 792 1157 863 τὴν
1189 794 1431 848 δοθεῖσαν
1465 799 1648 863 αὐτοῖς
1685 817 1839 872 νομο·

266 874 834 949 θεσίαν,δικαιώματα
866 882 959 935 καὶ
983 883 1225 954 κρίματα
1257 886 1636 958 περιέχουσαν.
1672 892 1745 944 Σὺ
1788 890 1844 944 δὲ

266 970 429 1032 αὐτὸς
458 970 554 1023 καὶ
586 970 887 1043 εύθύτητας
914 974 1216 1045 ἡτοίμασας
1245 978 1386 1032 κατὰ
1422 980 1512 1032 τὸν
1538 981 1637 1051 τῆς
1683 982 1846 1036 ἀντα-

265 1060 537 1123 ποδόσεως
558 1062 747 1133 καιρὸν
768 1064 1244 1136 άποδοθησομένας
1269 1070 1379 1133 τοῖς
1399 1070 1723 1139 φυλάττωσι
1748 1073 1844 1145 τὴν

267 1148 447 1221 κρίσιν
476 1150 570 1205 καὶ
596 1152 694 1223 τὴν
714 1151 1079 1225 δικαιοσύνην.
1107 1157 1370 1225 Μωϋσῆς
1399 1160 1499 1212 καί
1540 1160 1755 1229 Ἀαρὼν
1776 1162 1847 1215 ἐν

266 1240 391 1307 τοῖς
420 1241 682 1309 ἱερεῦσιν
706 1244 913 1311 αὐτοῦ,
948 1246 1043 1299 καὶ
1082 1248 1363 1317 Σαμουὴλ
1389 1251 1458 1304 ἐν
1490 1252 1613 1319 τοῖς
1644 1254 1847 1306 ἐπικα-

264 1328 581 1397 λουμένοις
613 1330 678 1383 τὸ
708 1331 894 1401 ὄνομα
914 1334 1118 1388 αὑτοῦ.
1150 1336 1583 1392 Ἐπεκαλοῦντο
1611 1343 1716 1395 τὸν
1731 1343 1847 1395 Κύ-

254 1436 412 1485 ριον,
464 1420 563 1473 καί
614 1422 797 1489 αὐτὸς
836 1423 1178 1493 εισήκουεν,
1225 1429 1293 1482 ἐν
1333 1433 1536 1495 στύλῳ
1585 1433 1847 1502 νεφέλης

265 1509 470 1564 ἐλάλει
512 1512 663 1580 πρὸς
700 1516 942 1582 αὐτούς.
1009 1519 1394 1588 Ἐφύλασσον
1442 1524 1513 1577 τὰ
1550 1526 1848 1595 μαρτύρια

261 1602 469 1667 αὐτοῦ,
501 1604 598 1659 καὶ
626 1605 697 1659 τὰ
715 1609 1137 1679 προστάγματα
1172 1612 1209 1666 ἃ
1241 1613 1464 1668 ἔδωκεν
1488 1618 1712 1683 αὐτοῖς.
1748 1619 1843 1680 Τὸ,

263 1695 334 1745 El
354 1694 749 1752 ἐπιστεύσατε
763 1700 1009 1769 Μωῦσῇ,
1031 1703 1426 1759 ἐπιστεύσατε
1441 1706 1516 1760 ἂν
1526 1709 1657 1778 ἐμοί
1674 1726 1687 1739 ⁸
1713 1710 1846 1777 περὶ

264 1786 373 1856 γὰρ
400 1790 545 1858 ἐμοῦ
572 1791 803 1859 ἐκεῖνος
826 1792 1071 1863 ἔγραψε,
1094 1797 1192 1867 τῆς
1217 1794 1309 1853 οὖν
1331 1800 1500 1871 αὐτῆς
1520 1801 1701 1871 ἔχεται
1729 1803 1844 1855 δια·
1875 1796 1914 1849 Β

262 1877 412 1943 νοίας
466 1883 561 1935 καὶ
607 1885 675 1937 τὰ
726 1887 1083 1958 προκείμενα.
1121 1888 1320 1944 Τοῦτον
1344 1892 1452 1963 γὰρ
1479 1892 1572 1945 τὸν
1616 1893 1839 1966 Κύριον,

264 1976 354 2025 καὶ
383 1976 480 2043 οὐχ
510 1980 718 2047 ἕτερον,
746 1979 901 2049 φησι,
930 1980 1021 2032 τὸν
1053 1982 1109 2033 ὲν
1140 1982 1216 2051 τῷ
1244 1984 1468 2053 παρόντι
1492 1984 1844 2057 θεολογούμε-

260 2080 381 2126 νον,
420 2065 513 2118 καὶ
554 2068 799 2138 Μωῦσῆς
842 2070 933 2122 καὶ
970 2071 1176 2142 Ἀαρὼν
1214 2074 1307 2128 καὶ
1341 2075 1624 2147 Σαμουὴλ,
1665 2078 1760 2130 καὶ
1794 2078 1847 2130 εῐ

259 2167 342 2214 τις
377 2155 577 2224 ἕτερος,
598 2155 704 2209 εἴτε
731 2160 1044 2231 προφητῶν,
1073 2162 1181 2214 εἴτε
1214 2164 1425 2234 ἱερέων,
1456 2169 1839 2224 ἐπεκαλοῦντο.

262 2244 372 2297 Καὶ
400 2240 552 2310 οὗτος
577 2244 643 2320 ἧν
676 2250 836 2313 αὐτὸς
865 2253 893 2304 6
919 2253 1012 2305 τοῦ
1054 2254 1189 2307 Θεοῦ
1211 2257 1404 2326 Λόγος,
1466 2260 1561 2312 καὶ
1606 2259 1702 2313 νῦν
1748 2261 1843 2314 ἐπὶ

259 2336 468 2401 πάντας
499 2339 622 2404 τοὺς
645 2341 807 2405 λαοὺς
834 2343 1035 2414 ὑψηλὸς
1068 2347 1349 2418 ὑπάρχων,
1386 2350 1483 2403 καὶ
1517 2351 1666 2424 παρὰ
1707 2354 1842 2406 πᾶσι

256 2428 369 2489 τοῖς
412 2427 589 2483 ἔθνεσι
633 2432 1004 2505 δοξαζόμενος,
1041 2440 1070 2491 6
1115 2440 1382 2493 κάκείνων
1425 2443 1724 2498 είσακούων
1747 2447 1843 2499 καὶ

257 2517 431 2572 λαλῶν
462 2522 646 2586 αὐτοῖς
695 2526 754 2577 ὲν
796 2527 971 2598 στύλῳ
1012 2529 1261 2598 νεφέλης.
1307 2530 1422 2584 υὺκ
1452 2532 1625 2597 ἄλλως
1651 2534 1708 2587 δὲ
1739 2534 1843 2605 τῆς

253 2611 525 2684 τοσαύτης
556 2615 710 2681 ἀξίας
742 2616 929 2687 ἔτυχον
963 2621 1010 2672 οἱ
1042 2619 1393 2691 δηλωθέντες,
1423 2626 1468 2676 εί
1497 2624 1570 2695 μὴ
1598 2626 1679 2679 ὅτι
1707 2626 1842 2693 ἐφύσ-

255 2703 449 2758 >αττονν
476 2705 547 2761 τὰ
568 2708 844 2779 μαρτύρια
892 2712 1079 2777 αὐτοῦ,
1121 2715 1215 2767 xui.
1244 2715 1304 2767 τὸ
1349 2717 1674 2789 πρόσταγμα
1701 2720 1730 2772 ὃ
1757 2721 1843 2777 δέ·

253 2795 431 2851 δωκεν⁴
466 2799 669 2862 αὐτοῖς.
712 2800 897 2865 Οὕτως
944 2800 1037 2856 οὖν
1081 2805 1174 2857 καὶ
1209 2808 1343 2876 ἡμῖν
1376 2807 1461 2860 διὰ
1500 2809 1597 2879 τῆς
1632 2810 1843 2879 Καινῆς

256 2885 535 2958 Διαθήκης
580 2889 609 2940 6
655 2888 817 2953 αὐτὸς
879 2891 1279 2963 προστάγματα
1325 2897 1419 2949 καὶ
1466 2897 1703 2962 ἐντολὰς,
1746 2900 1842 2952 καὶ

260 2978 535 3051 μαρτύρια
569 2979 786 3045 ἔδωκεν,
841 2981 980 3057 ἅπερ
1040 2984 1087 3036 εί
1132 2985 1515 3057 φυλάττοιμεν,
1554 2988 1662 3041 τῶν
1712 2987 1847 3043 τσωνν

254 3069 351 3123 καὶ
376 3069 529 3122 αὐτοὶ
549 3070 1093 3143 καταξιωθησόμεθα.

1949 535 2097 591 dedit
2150 537 2204 590 in
2237 537 2471 592 deserto.
2514 534 2597 592 Tu
2627 536 2796 599 enim,
2835 537 3035 607 inquit,
3072 535 3319 602 Domine,
3360 538 3521 607 cujus

1949 642 2176 698 regnum
2223 627 2608 693 vaticinamur,
2638 629 2779 683 idem
2832 629 2948 698 ipse
2980 643 3040 683 es
3080 629 3172 699 qui
3220 630 3422 700 populo
3454 646 3517 685 ex

1947 716 2364 772 circumcisione
2396 717 2663 786 judicium
2692 718 3040 788 etjustitiam
3074 720 3396 790 praecepisti,
3430 735 3520 775 se-

1945 808 2181 862 cundum
2208 816 2468 864 statutam
2507 809 2642 880 ipsis
2677 810 2871 879 legem,
2901 810 3323 879 iustiﬁcationes
3352 819 3405 866 et
3427 812 3521 877 ju-

1944 900 2084 955 dicia
2125 902 2595 971 complectentem.
2630 900 2712 956 Tu
2749 910 2929 956 autem
2974 902 3089 973 ipse
3131 904 3336 972 parasti
3379 902 3523 957 dire-

1945 992 2175 1055 ctiones,
2208 992 2585 1047 retributionis
2608 1000 2856 1062 tempore
2883 993 2949 1048 iis
2975 993 3277 1047 reddendas
3300 994 3392 1062 qui
3430 993 3522 1062 ju-

1944 1083 2147 1138 dicium
2200 1092 2254 1138 et
2306 1084 2577 1153 justitiam
2635 1084 3016 1140 custodierint.
3076 1115 3144 1124 —
3180 1082 3346 1139 Vens.
3376 1085 3431 1145 6,
3467 1085 3516 1138 7.

1945 1173 2155 1245 Moyses
2181 1184 2231 1228 et
2256 1175 2436 1228 Aaron
2466 1176 2520 1227 in
2552 1175 2914 1229 sacerdotibus
2954 1176 3091 1245 ejus,
3114 1187 3161 1229 et
3188 1174 3407 1229 Samuel
3437 1177 3521 1227 iu-

1947 1278 2024 1321 ιρι·
2050 1284 2137 1321 eos
2162 1270 2252 1337 qui
2270 1268 2514 1321 invocant
2558 1284 2744 1321 nomen
2775 1268 2909 1336 ejus.
2961 1265 3285 1321 lnvacabant
3339 1267 3523 1320 Domi-

1945 1376 2095 1423 num,
2127 1371 2174 1412 et
2208 1360 2315 1427 ipse
2346 1358 2667 1412 exaudiebat
2685 1376 2796 1422 eos,
2826 1361 2879 1413 in
2903 1360 3149 1413 columna
3171 1359 3325 1414 nubis
3352 1359 3524 1429 loque-

1946 1450 2105 1503 batur
2152 1448 2221 1503 ad
2255 1466 2363 1513 eos,
2391 1450 2755 1504 custodiebant
2808 1452 3105 1506 testimonia
3149 1452 3283 1520 ejus,
3309 1461 3356 1505 et
3382 1468 3520 1519 prcr-

1946 1551 2093 1609 cepta
2147 1558 2263 1611 qua:
2307 1541 2451 1596 dedit
2490 1543 2622 1598 illis.
2677 1542 2836 1608 Illud,
2874 1545 2933 1597 Si
2995 1544 3277 1598 crederetis
3323 1541 3519 1612 Moysi,

1906 1693 1914 1702 _
1945 1634 2224 1691 crederetis
2268 1637 2446 1707 utique
2493 1638 2643 1703 mihi,
2677 1638 2741 1692 de
2774 1655 2852 1692 me
2909 1640 3044 1691 enim
3093 1638 3184 1691 ille
3213 1638 3424 1706 scripsit
3448 1638 3518 1697 9',

1948 1728 2191 1797 ejusdem
2224 1730 2506 1784 sententia:
2544 1742 2627 1785 est
2676 1739 2839 1801 atque
2883 1732 2970 1783 illa
3002 1746 3121 1799 quae
3162 1730 3273 1799 jam
3325 1738 3521 1783 tracta-

1946 1836 2090 1874 mus.
2123 1818 2258 1873 Nam
2289 1821 2563 1885 eumdem,
2582 1823 2774 1892 inquit,
2797 1830 2852 1877 et
2876 1837 2987 1877 non
3010 1822 3175 1875 alium
3210 1820 3533 1879 Dominum,

1945 1911 2037 1981 qui
2063 1912 2177 1980 jam
2203 1910 2346 1967 Deus
2370 1914 2715 1983 praedicatur,
2738 1913 2973 1985 Moyses.
2996 1915 3175 1968 Aaron
3196 1923 3257 1967 et
3282 1912 3520 1974 Samuel,

1944 2018 2008 2056 ac
2030 2003 2076 2057 si
2094 2004 2218 2073 quis
2240 2003 2402 2069 alius,
2426 2004 2541 2059 sive
2565 2005 2973 2074 prophetarum,
3006 2006 3120 2061 sive
3150 2004 3521 2065 sacerdotum,

1944 2096 2291 2163 invocabant.
2327 2095 2397 2151 Et
2441 2097 2530 2151 hic
2588 2107 2706 2152 erat
2748 2097 2927 2166 ipsum
2984 2096 3078 2152 Dei
3117 2095 3375 2159 Verbum,
3410 2095 3536 2163 jam.

1945 2194 2086 2255 apud
2133 2200 2325 2241 omnes
2356 2187 2585 2256 populos
2630 2187 2907 2241 excelsum
2951 2194 3005 2241 et
3042 2184 3182 2255 apud
3238 2185 3537 2239 universas.
3638 2198 3641 2207 ν

1941 2282 2134 2345 gentes
2165 2276 2336 2345 gloria
2360 2276 2634 2336 allectum,
2667 2275 2812 2346 quod
2852 2277 2977 2331 illos
3017 2276 3145 2331 olim
3174 2276 3520 2337 exaudiebat,

1945 2374 1999 2421 et
2022 2366 2079 2420 in
2105 2368 2363 2421 columna
2392 2368 2554 2422 nubis
2590 2369 2915 2438 loquebatur
2951 2368 3017 2422 ad
3046 2383 3163 2423 eos.
3197 2366 3382 2437 Neque
3415 2368 3537 2421 alio.

1945 2458 2108 2512 modo
2139 2460 2425 2513 memorati
2462 2460 2561 2513 viri
2592 2467 2798 2513 tantam
2836 2459 3152 2529 dignitatem
3192 2458 3340 2513 nacti
3364 2466 3517 2521 sunt,

1945 2551 2049 2605 nisi
2080 2551 2208 2621 quia
2244 2552 2557 2606 testimonia
2586 2552 2707 2621 ejus
2737 2558 2791 2606 et
2815 2559 3168 2622 praaceptum,
3204 2552 3349 2621 quod
3371 2550 3537 2606 dedit;

1944 2643 2074 2706 illis,
2134 2643 2537 2700 custodiebant.
2604 2642 2696 2698 Sic
2759 2644 2945 2713 itaque
3001 2644 3089 2699 ille
3146 2658 3241 2712 per
3306 2641 3516 2697 Novum

1944 2734 2355 2791 Testamentum
2387 2744 2658 2807 praecepta
2695 2744 2749 2790 et
2793 2736 3046 2790 mandata
3079 2746 3244 2805 atque
3274 2736 3523 2789 testimo-

1943 2827 2033 2881 nia
2075 2829 2233 2885 nobis
2258 2828 2427 2894 dedit,
2457 2844 2578 2899 quis
2612 2829 2658 2885 si
2703 2830 3103 2888 custodiamus.
3134 2828 3377 2899 paria.et
3410 2828 3537 2898 ipsi.

1943 2917 2331 2974 obtinehimus.

321 3160 498 3226 Κύριε
525 3161 667 3227 Θεὸς
698 3163 883 3232 ἡμῶν,
910 3165 992 3220 σὺ
1035 3166 1332 3236 ἐπιξκουες
1363 3171 1580 3236 αὐτῶν,
1604 3174 1687 3229 σὺ
1722 3175 1838 3229 εὐΐ-

2016 3160 2180 3218 Vsns.
2213 3163 2264 3221 8.
2298 3163 2521 3217 Domine
2552 3165 2691 3221 Deus
2728 3174 2924 3227 noster,
2961 3174 3017 3217 tu
3056 3162 3378 3221 exaudiebas
3404 3178 3519 3229 eos,

251 3248 439 3314 λατος
476 3249 680 3318 ἐγένου
706 3253 931 3320 αὐτοῖς,
963 3257 1059 3311 καὶ
1098 3258 1350 3314 ἐκδικῶν
1375 3262 1473 3316 ἐπὶ
1530 3264 1730 3319 πάντα
1768 3266 1851 3321 τὰ»

251 3336 690 3409 ἐπιτηδεύματα
718 3343 933 3398 αὐτῶν.
960 3347 1265 3419 Σὺ,,φησῗιν,
1287 3351 1316 3403 6
1349 3352 1613 3423 ἡμέτερος
1640 3354 1857 3427 Κύριος,

256 3429 351 3482 καὶ
380 3429 533 3495 Θεὸς,
567 3435 595 3485 6
618 3433 726 3486 τῶν
759 3436 928 3490 ἐθνῶν
960 3437 1234 3508 βασιλεὺς,
1266 3444 1294 3496 6
1316 3443 1406 3512 ὑφ’
1444 3444 1839 3519 ήμῶνηκηρυτε-

253 3521 497 3591 τὸμενος,
553 3526 710 3590 αὐτὸς
751 3523 895 3598 ἦσθα
945 3532 973 3582 ὁ
1024 3532 1117 3587 καὶ
1157 3532 1266 3585 τῶν
1306 3535 1448 3605 ἀμφὶ
1480 3536 1711 3596 Μωῠσέα
1745 3540 1843 3593 καὶ

265 3611 479 3683 ’Δαρὼν
509 3616 799 3671 ὑπακούων
831 3660 847 3683 ,
878 3622 971 3677 καὶ
997 3623 1096 3693 τῆς
1119 3624 1388 3695 τοσαύτης
1411 3627 1641 3693 ἐκείνοις
1674 3646 1840 3700 μετα-

250 3702 429 3768 διδοὺς
481 3708 813 3779 παρρησίας,
871 3712 1199 3783 ίλεουμένοις
1243 3732 1301 3769 σε
1336 3716 1477 3789 ὑπὲρ
1504 3718 1599 3771 τοῦ
1631 3736 1839 3791 παρορ-

250 3795 499 3867 γίζοντος
528 3799 680 3863 λαοῦ,
718 3802 809 3857 καὶ
852 3802 1049 3875 πολλῆς
1092 3807 1288 3873 αὐτοὺς
1320 3808 1485 3873 ἀξιῶν
1526 3811 1834 3881 εὐμενείας.

250 3888 315 3941 El
342 3889 453 3960 γὰρ
478 3892 570 3944 καί
594 3910 733 3946 τισιν
780 3895 1085 3961 ἀσθενείαις
1118 3901 1475 3972 περιέπιπτον
1504 3903 1582 3966 ὡς
1626 3903 1837 3977 ἄνθρω-

250 3993 368 4045 ποι,
417 3979 493 4042 ὡς
537 3983 775 4053 Μωῡσῆς
826 3986 920 4038 ἐπὶ
966 3990 1030 4059 τῇ
1067 3990 1295 4062 ἀπιστίᾳ
1340 3992 1437 4045 τοῦ
1477 3992 1699 4060 ὕδατος,
1739 3996 1836 4049 καὶ

262 4069 475 4141 Ἀαρὼν
492 4073 584 4125 ἐπὶ
602 4076 666 4143 τῇ
693 4077 1035 4151 μοσχοποιία,
1066 4083 1151 4144 σὺ,
1176 4081 1251 4146 ὼς
1277 4085 1597 4153 παναγάθου
1628 4087 1833 4158 πατρὸς

251 4162 566 4229 πανάγαθος
610 4165 741 4229 υἱὸς,
802 4168 957 4232 ἵλεως
1006 4171 1187 4236 αὐτοῖς
1244 4175 1446 4242 ὲγίνου,
1500 4177 1831 4249 συγγνώμην

251 4254 433 4323 νέμων
462 4259 527 4326 τῇ
563 4256 728 4329 θνητῇ
767 4260 1036 4333 ἀσθενείᾳ.
1070 4265 1179 4317 Καὶ
1212 4266 1465 4319 ἐκδικῶν
1504 4269 1601 4322 ἐπὶ
1636 4270 1835 4323 πάντα

250 4346 326 4399 τὰ
366 4347 806 4419 ἐπιτηδεύματα
844 4354 1062 4409 αὐτῶν.
1098 4356 1158 4408 El
1194 4359 1289 4411 καὶ
1321 4358 1506 4424 ἔδοξάν
1538 4378 1612 4424 τι,
1642 4363 1831 4432 φησιν,

254 4438 589 4510 ἁμαρτάνειν
637 4442 711 4505 ὡς
757 4444 1052 4515 ἄνθρωποι,
1086 4448 1199 4500 ἀλλ’
1234 4450 1513 4514 ἐπαίδευες
1544 4454 1741 4517 uinob;
1772 4456 1830 4507 ὲν

253 4522 336 4590 οἷς
370 4530 615 4595 παιδείας
657 4532 887 4589 ἐδέοντο.
930 4537 1215 4608 Ἠλὲγχετο
1249 4541 1357 4611 γὰρ
1386 4544 1477 4599 ἐπὶ
1505 4543 1597 4596 τοῦ
1627 4546 1827 4615 μόσχου

251 4619 577 4692 ἁμαρτήσας
618 4623 846 4695 Ἀαρὼν,
877 4628 969 4680 καὶ
996 4631 1233 4702 Μωῦσῆς
1268 4634 1361 4685 ἐπὶ
1396 4633 1488 4689 τοῦ
1513 4634 1702 4695 ὓδατος
1727 4636 1831 4705 τῆς

249 4708 581 4777 ἀντιλογίας.

333 4801 577 4870 Ύψοῦτε
614 4807 831 4873 Κύριον
871 4808 973 4861 τὸν
1006 4810 1153 4863 Θεὸν
1189 4813 1386 4881 ἡμῶν,
1414 4816 1513 4873 καὶ
1561 4833 1827 4885 προσκυει

245 4890 405 4945 reice
441 4896 528 4960 εἰς
577 4895 713 4963 ὅρος
744 4898 916 4961 ἅγιον
955 4903 1159 4964 αὑτοῦ,
1201 4905 1289 4957 ὅτι
1336 4906 1501 4975 ἅγιος
1535 4909 1749 4975 Κύριος
1796 4912 1829 4961 o'

252 4984 397 5050 Θεὸς
426 4986 611 5054 ἡμῶν.
650 4990 828 5060 Μηδὲν
856 4993 1129 5056 ταπεινὸν,
1161 4998 1312 5065 φησὶ.
1356 4998 1447 5050 καὶ
1489 5000 1825 5071 ἀνθρώπινον

249 5077 492 5145 περὶτοῦ
529 5080 733 5151 Κυρίου
761 5086 1003 5151 φρονεῖτε
1023 5103 1035 5113 ·
1068 5086 1184 5141 ἀλλ’
1222 5086 1416 5160 ὑψοῦτε
1452 5090 1611 5149 αὑτὸν
1646 5091 1825 5163 ὑψηλά

250 5165 380 5236 περὶ
443 5167 607 5220 αὑτοῦ
663 5168 1002 5236 δοξάζοντες,
1065 5175 1157 5227 καὶ
1224 5176 1284 5229 τὸ
1340 5178 1615 5249 προσῆκον
1673 5180 1822 5251 αὐτῷ

250 5258 650 5326 προσενέγκατε
708 5262 890 5326 σέὸας.
924 5266 1085 5337 Ὀρος
1112 5267 1169 5321 δὲ
1205 5267 1357 5335 ἆγιον
1404 5269 1570 5323 πάλαι
1626 5271 1725 5342 μὲν
1760 5272 1823 5324 τὸ

248 5346 389 5400 Σιὼν
451 5350 716 5415 ἐκαλεῖτο,
764 5355 858 5408 νῦν
912 5358 968 5410 δὲ
1036 5359 1133 5429 τῆς
1176 5360 1503 5428 θεογνωσίας
1547 5363 1609 5416 τὸ
1650 5363 1817 5433 ὕψος·

247 5437 391 5490 οὕτω
402 5439 510 5511 γὰρ
529 5444 621 5493 καὶ
650 5444 873 5508 Ἡσαΐας
893 5448 985 5499 καὶ
1000 5450 1237 5518 Μιχαίας
1266 5449 1557 5504 ὲθέσπισαν
1575 5468 1589 5482 ο
1610 5455 1821 5508 Ἔσται

246 5533 317 5585 ἐν
336 5532 463 5599 ταῖς
481 5535 764 5603 ἐσχάταις
794 5537 1031 5605 ἡμέραις
1044 5540 1379 5608 ἑμφανὲςτὸ
1403 5542 1539 5609 ὄρος
1563 5545 1783 5612 Κυρίου
1803 5562 1815 5574 ⁸

321 5715 369 5745 ⁸⁸
406 5713 561 5768 Joan.
602 5733 655 5783 ν,
692 5717 781 5771 Μ).
859 5718 902 5748 ”
945 5718 1025 5772 lsa
1091 5734 1164 5779 ιι.
1197 5718 1233 5772 2
1261 5718 1471 5787 ;>.‘llich.
1502 5735 1573 5784 Iv,
1618 5721 1667 5773 1.

1946 3262 1999 3306 tu
2028 3256 2288 3324 propitius
2313 3256 2465 3325 fuisti
2487 3258 2587 3321 eis,
2612 3267 2660 3311 et
2692 3258 2947 3311 ulciscens
2982 3259 3035 3310 in
3061 3273 3237 3311 omnes
3267 3255 3520 3310 adiuven-

1944 3347 2110 3405 tiones
2132 3364 2339 3403 eorum.
2376 3348 2481 3413 Tu,
2516 3349 2714 3420 inquit,
2749 3348 3013 3405 Dominus
3038 3359 3092 3404 et
3124 3349 3264 3404 Deus
3308 3357 3516 3415 noster,

1940 3441 2181 3494 omnium
2210 3456 2327 3505 rex,
2368 3440 2516 3511 quia
2550 3441 2712 3497 nobis
2741 3440 3083 3512 prmdicaris,
3109 3441 3226 3511 ipse
3251 3456 3375 3495 eras
3423 3441 3519 3514 qui

1941 3531 2181 3599 Moysem
2218 3541 2273 3587 et
2328 3532 2598 3589 Aarouem
2658 3534 3008 3598 exaudiebas,
3044 3549 3106 3588 ac
3152 3540 3357 3611 tantam
3408 3533 3519 3587 illis

1942 3622 2181 3676 addebas
2214 3622 2489 3685 llduciam,
2518 3638 2642 3677 cum
2689 3635 2741 3677 te
2769 3624 3123 3677 exaeerbanti
3157 3624 3358 3693 papulo
3389 3637 3519 3692 pro-

1940 3713 2135 3782 pitium
2187 3712 2497 3775 redderent,
2528 3714 2733 3782 quique
2762 3713 2883 3767 illos
2918 3714 3089 3767 multa
3138 3712 3518 3767 benevolentia

1940 3804 2260 3874 dignabare.
2293 3804 2520 3860 Etiamsi
2552 3804 2696 3859 enim
2744 3804 2798 3858 in
2846 3804 3114 3874 quasdam
3171 3802 3529 3857 infirmitates.

1940 3894 2276 3959 laberentur,
2311 3902 2501 3964 utpote
2528 3895 2799 3969 homines,
2818 3892 3277 3965 quemadmodum
3304 3891 3534 3963 Moyses.

1938 3986 1995 4042 in
2028 3987 2465 4043 incredulitatem
2491 3988 2639 4043 circa
2673 4002 2894 4058 aquam,
2930 3995 2984 4042 et
3010 3987 3189 4041 Aaron
3217 3985 3271 4039 in
3308 3983 3516 4040 conﬂa-

1937 4078 2143 4133 tionem
2196 4078 2386 4143 vituli;
2428 4089 2485 4134 tu
2526 4088 2585 4133 ut
2606 4080 2799 4149 Optimi
2848 4078 3021 4149 patris
3057 4077 3301 4149 optimus
3344 4077 3525 4143 Illius,

1936 4170 2207 4240 pr0pitius
2236 4171 2373 4240 ipsis
2416 4185 2562 4234 eras,
2596 4185 2659 4226 ac
2712 4171 2927 4223 mortali
2972 4168 3275 4223 inﬁrmitati
3299 4168 3511 4222 veniam

1935 4258 2301 4314 concedebas.
2358 4258 2427 4313 Et
2475 4260 2729 4315 ulciscens
2782 4261 2843 4318 in
2886 4276 3065 4315 omnes
3117 4258 3512 4321 adiuventiones

1933 4365 2136 4406 eorum.
2187 4349 2438 4415 Etiamsi,
2470 4351 2667 4422 inquit,
2701 4351 3191 4421 utpots‘homines,
3236 4352 3290 4405 in
3328 4350 3531 4420 aliquo.

1935 4455 2161 4510 peccare
2190 4442 2535 4508 viderentur,
2560 4451 2617 4497 tu
2641 4445 2949 4513 castigabas
2978 4460 3095 4505 eos,
3127 4458 3251 4498 cum
3279 4443 3513 4511 castiga-

1934 4535 2083 4588 tione
2117 4549 2255 4604 opus
2284 4543 2421 4593 erat.
2451 4534 2586 4587 Nam
2638 4535 2707 4589 de
2738 4534 2973 4589 conﬂato
3003 4535 3174 4589 vitulo
3205 4534 3388 4587 Aaron
3424 4549 3510 4587 re-
3606 4539 3614 4547 '

1933 4624 2323 4693 darguebatur,
2360 4633 2414 4680 et
2448 4626 2661 4695 Moyses
2703 4625 2844 4695 apud
2884 4640 3080 4695 aquam
3121 4622 3511 4677 contradictio.
3562 4685 3575 4696 _

1934 4719 2036 4772 uis.

2008 4814 2169 4867 Vsus.
2221 4812 2272 4865 9.
2325 4810 2571 4864 Exaltate
2606 4808 2884 4863 Dominum
2944 4808 3110 4863 Deum
3162 4818 3424 4872 nostrum,
3454 4817 3514 4864 et.

1932 4905 2151 4957 adorate
2184 4905 2237 4957 in
2277 4912 2449 4957 monte
2480 4914 2662 4957 sancto
2702 4902 2841 4971 ejus,
2867 4902 3117 4973 quoniam
3147 4911 3360 4959 sanctus
3395 4900 3521 4953 Do-

1935 4996 2108 5047 minus
2141 4994 2277 5048 Deus
2322 5004 2518 5049 noster.
2550 4993 2714 5054 Nihil,
2767 4994 2964 5063 inquit,
2995 4992 3202 5047 humile
3228 4998 3283 5047 et
3312 4994 3504 5045 buma-

1932 5101 2062 5140 num
2086 5086 2153 5139 de
2171 5086 2401 5141 Domino
2446 5086 2644 5140 sentite
2663 5103 2693 5151 ς,
2734 5084 2833 5141 sed
2877 5084 3094 5141 excelsa
3123 5082 3191 5138 de
3230 5082 3323 5136 illo
3352 5080 3504 5150 cogi-

1933 5187 2110 5232 tantes
2148 5179 2325 5247 ipsum
2375 5178 2628 5240 exaltate,
2692 5177 2908 5247 ipsique
2948 5175 3197 5233 debitum
3247 5172 3502 5228 exhibete

1928 5271 2156 5325 cultum.
2184 5269 2338 5325 Mons
2367 5278 2547 5325 autem
2579 5280 2805 5326 sanctus
2834 5270 2962 5323 olim
3014 5268 3143 5322 Sion
3177 5264 3498 5325 vocabatur,

1930 5377 2075 5415 nunc
2108 5377 2236 5416 vero
2260 5361 2460 5415 divinas
2510 5360 2817 5415 sublimitas
2845 5357 3175 5428 cognitionis
3200 5373 3214 5419 ;
3248 5354 3323 5409 ita
3351 5352 3499 5406 enim

1930 5452 2099 5507 Isaias
2127 5460 2182 5507 et
2228 5452 2480 5509 Michaeas
2508 5451 2791 5507 vaticinati
2819 5457 2947 5505 sunt
2980 5465 2993 5500 :
3029 5446 3147 5500 Erit
3184 5446 3239 5499 in
3273 5443 3513 5498 novissix

1930 5546 2027 5599 mis
2066 5544 2247 5599 diebus
2279 5544 2597 5615 manifestus
2637 5559 2784 5597 mons
2830 5541 3042 5595 Domini
3060 5540 3140 5603 ὀς
3175 5536 3227 5595 id
3261 5544 3367 5601 est,
3400 5533 3519 5595 Dei.
