3964 6518
497 302 633 360 ιεδο
1156 299 1424 356 EUSEBII
1454 299 1932 358 CESARIENE-IS
1961 301 2113 360 OPP.

493 423 733 493 cognitio
773 428 961 488 aperta
1012 419 1267 475 omnibus
1298 420 1437 475 erit.
1478 418 1614 475 Nam
1678 422 1794 491 ipse
1843 437 2061 495 quoque
2090 438 2135 490 Α

491 512 790 583 A-postolus
836 517 1077 568 montem
1132 510 1263 566 Sion
1308 511 1651 582 spiritualem
1702 518 1954 585 agnovit;
1987 519 2064 573 ait

492 607 696 676 qtiippe
728 620 744 655 ι
781 604 1092 658 Accessistis
1121 603 1190 657 ad
1245 614 1472 659 montem
1518 603 1670 669 Sion,
1704 616 1753 660 et
1799 609 2065 665 civitatem

497 696 591 751 Dei
616 697 848 759 viventis,
899 694 1199 750 Jerusalem
1240 697 1554 751 coelestem‘.
1591 696 1855 754 Jubemur
1884 702 2065 772 itaque

495 803 593 858 pro
621 788 817 844 collata
846 786 1006 843 nobis
1035 803 1067 842 a
1096 787 1207 843 Deo
1226 790 1539 859 cognitione
1560 792 1665 862 ipsi
1688 793 2063 851 adorationem

493 873 733 932 offerre:
777 878 870 947 qui
928 875 1196 933 Dominus
1224 889 1409 934 noster
1455 888 1562 948 est,
1595 882 1721 951 quia
1776 899 1875 939 nos
1922 888 2063 942 servi

493 968 615 1038 ejus
643 984 864 1036 sumus;
897 977 954 1025 et
988 968 1132 1025 Deus
1191 969 1318 1025 item
1360 979 1463 1036 est,
1502 980 1687 1043 utpote
1720 975 1920 1044 opifex.
1966 982 2064 1031 At-

492 1076 601 1132 que
624 1061 698 1117 ita
726 1060 998 1133 spirituali
1026 1077 1177 1117 more
1201 1063 1471 1131 psalmum
1498 1064 1887 1136 intelligamus.

656 1152 979 1226 PSALMUS
1016 1170 1083 1226 1N
1124 1171 1671 1230 CONFESSIONEM.
1716 1174 1901 1233 xeix.

564 1260 732 1318 Vens.
769 1262 825 1327 2,
859 1263 913 1317 3.
974 1261 1211 1317 Jubilate
1284 1263 1528 1332 Domino,
1572 1268 1740 1322 omnis
1802 1279 1961 1323 terra.
2010 1270 2064 1325 Id

492 1366 600 1421 est,
623 1363 815 1426 gentes
843 1369 966 1423 quae
1012 1354 1065 1408 in
1112 1363 1256 1408 terra
1303 1364 1471 1411 sunt:
1502 1372 1624 1426 quae
1661 1359 1745 1413 liis
1774 1361 1956 1416 verbis
1996 1362 2063 1417 ad

494 1447 852 1519 pristinorum
898 1454 1245 1517 peccatorum
1295 1447 1698 1504 confessionem
1741 1460 2063 1517 evocantur,

496 1537 552 1591 in
581 1536 782 1609 quibus
819 1536 1040 1606 quando
1086 1538 1357 1594 idolorum
1403 1541 1577 1596 errori
1638 1542 1836 1598 dedita:
1886 1556 2064 1609 erant,

492 1627 899 1683 volutabantur.
933 1628 1297 1694 Quamobrem
1355 1632 1601 1701 psalmus
1640 1633 1940 1704 inscriptus
1983 1644 2068 1691 est

497 1718 565 1773 In
595 1719 995 1789 confessionem.
1038 1719 1241 1778 Servite
1288 1722 1515 1777 Domino
1553 1725 1610 1779 in
1645 1724 1858 1789 latitia,
1893 1727 2067 1797 ipsius

492 1812 624 1883 jugo
646 1828 744 1867 vos
781 1811 1184 1868 submittentes.
1218 1811 1451 1870 Perinde
1488 1830 1723 1887 namque
1756 1825 1840 1873 est
1863 1794 2068 1873 servire
2098 1794 2142 1848 Β

495 1904 623 1975 ipsi,
652 1911 819 1973 atque
868 1903 1074 1959 servire
1103 1903 1237 1969 luci,
1284 1914 1339 1959 et
1385 1906 1592 1962 servire
1634 1907 1780 1971 vitae,
1827 1909 2064 1974 veritati,

493 1996 722 2067 iustitiae
748 2005 802 2051 et
836 1996 1114 2051 sanctitati
1147 2012 1160 2047 :
1199 1998 1312 2051 haec
1335 1998 1534 2068 quippe
1568 2000 1753 2053 omnia
1801 2000 2067 2056 Dominus

494 2098 598 2143 est.
635 2087 857 2142 Introite
886 2090 938 2141 in
982 2097 1260 2157 conspectu
1307 2090 1420 2158 ejus
1464 2092 1518 2145 in
1578 2092 1949 2147 exsultatione.
2008 2093 2065 2148 Si

495 2182 621 2251 quis
652 2191 833 2237 autem
862 2198 972 2237 non
1029 2184 1232 2238 serviat
1269 2184 1372 2254 ipsi
1422 2183 1477 2237 in
1533 2184 1738 2246 laetitia,
1771 2201 1840 2240 ne
1870 2187 2068 2240 amicat

493 2275 807 2345 conspectui
838 2275 958 2345 ejus
987 2290 1046 2330 se
1069 2277 1286 2339 sistere,
1320 2277 1486 2331 illotis
1517 2276 1746 2345 pedibus
1782 2278 1847 2332 ad
1884 2277 2070 2333 Eccle-

495 2366 635 2420 siam
659 2364 781 2433 ejus‘
815 2364 1105 2420 accedens.
1148 2365 1347 2420 Scitote
1376 2365 1625 2435 quoniam
1666 2364 1925 2420 Dominus
1956 2368 2069 2436 ipse

495 2454 734 2510 est'Deus
763 2471 783 2510 :
810 2457 919 2525 ipse
949 2456 1071 2525 fecit
1092 2474 1208 2522 nos,
1237 2466 1286 2512 et
1309 2473 1412 2511 non
1440 2458 1541 2526 ipsi
1565 2474 1681 2521 nos,
1703 2458 1926 2527 populus
1950 2460 2068 2528 ejus

493 2558 679 2603 etoves
698 2564 908 2617 pascua:
952 2565 1087 2618 ejus.
1118 2549 1253 2604 Cum
1314 2549 1459 2604 enim
1517 2551 1830 2605 noverimus
1887 2555 2066 2621 ipsum

494 2636 686 2704 Deum,
717 2638 893 2706 ipsum
921 2638 1208 2694 Dominum
1234 2654 1376 2706 esse,
1408 2646 1541 2693 tunc
1571 2655 1669 2709 per
1701 2639 1848 2693 illam
1880 2642 2069 2711 cogni-

492 2732 697 2785 tionem
720 2732 776 2785 in
803 2738 1154 2802 conspectum
1182 2732 1303 2801 ejus
1331 2731 1586 2802 ingressi,
1612 2732 1791 2803 ipsum
1817 2732 2067 2803 opificem

494 2830 744 2879 nostrum
787 2839 910 2880 esse
955 2824 1355 2880 confitebimur.
1396 2823 1554 2891 Quod
1613 2826 1758 2881 enim
1821 2840 1930 2880 non
1966 2840 2068 2881 nos

493 2916 595 2985 ipsi
644 2932 745 2972 nos
788 2916 1093 2982 faciamus,
1141 2917 1245 2971 etsi
1299 2923 1557 2972 auctores
1608 2916 1891 2972 videamur
1945 2931 2068 2972 esse

493 3008 862 3078 generationis
901 3008 1223 3071 liberorum,
1276 3008 1404 3062 hinc
1454 3009 1635 3078 palam
1680 3016 1786 3075 est,
1814 3007 1966 3079 quod
1999 3024 2066 3063 ex

496 3106 648 3169 patre
669 3108 721 3154 et
749 3106 921 3154 matre
946 3098 1113 3171 geniti
1133 3098 1235 3153 Job
1261 3106 1314 3153 et
1337 3098 1530 3163 David,
1580 3099 1741 3153 ambo
1770 3106 1953 3152 tamen
1984 3097 2067 3151 di-
2094 3128 2137 3186 α

493 3195 622 3243 cant
652 3208 665 3244 :
698 3188 892 3244 Manus
926 3202 1028 3246 tute
1049 3190 1283 3260 fecerunt
1310 3207 1389 3244 me
1424 3199 1474 3244 et
1501 3190 1895 3259 plasmaverunt
1928 3207 2006 3245 me
2022 3190 2065 3254 ’,

494 3295 557 3334 ac
578 3279 826 3335 Ieremite
854 3281 968 3351 ipse
1014 3280 1158 3336 Deus
1190 3282 1264 3334 ait
1292 3297 1303 3331 :
1337 3282 1631 3349 Antequam
1687 3292 1734 3335 te
1783 3281 2071 3350 formarem

490 3368 546 3424 in
572 3380 741 3437 utero,
766 3372 884 3425 novi
919 3379 964 3424 te
982 3371 1023 3426 ³.
1058 3370 1190 3425 Nam
1226 3388 1472 3435 uxorem,
1500 3388 1621 3442 «pne
1673 3389 1862 3428 errore
1909 3372 2069 3426 ducta

489 3459 613 3514 viro
638 3475 741 3515 suo
777 3459 993 3516 dicebat
1026 3480 1039 3515 :
1068 3462 1175 3515 Aut
1225 3461 1295 3514 da
1333 3461 1461 3515 mihi
1488 3462 1705 3525 liberos,
1751 3463 1835 3516 sin
1871 3463 2068 3527 minus,

494 3550 670 3604 occide
692 3567 775 3605 me
790 3550 832 3615 ⁵,
868 3552 973 3616 vir,
1003 3566 1125 3605 cum
1156 3551 1378 3623 sapiens
1403 3560 1571 3617 esset,
1607 3552 1770 3608 docte
1822 3552 2071 3623 increpat

492 3639 581 3694 his
609 3642 791 3697 verbis
826 3656 838 3691 :
878 3639 1133 3712 Nunquid
1172 3658 1265 3710 pro
1290 3641 1400 3697 Deo
1420 3659 1512 3714 ego
1548 3641 1640 3695 tibi
1671 3658 1806 3709 sum,
1847 3645 1935 3714 qui
1962 3644 2073 3711 pri-

491 3729 631 3779 vavit
670 3734 717 3779 te
746 3725 924 3795 fructu
967 3726 1245 3780 ventris"?
1277 3727 1502 3783 Etiamsi
1553 3727 1698 3781 enim
1765 3736 1949 3798 patres
1998 3727 2076 3782 vi-

493 3817 725 3872 dcantur
756 3818 958 3874 liberos
1002 3834 1327 3889 procreare,
1355 3828 1410 3872 at
1440 3819 1584 3875 Dcus
1620 3820 1744 3875 illos
1768 3820 1931 3875 eilicit
1963 3836 1975 3871 :
2007 3835 2071 3874 ac

492 3907 586 3963 ille
604 3908 820 3979 quidem
856 3924 1021 3964 causa
1044 3919 1147 3974 est,
1178 3911 1256 3964 illi
1300 3926 1431 3965 vero
1469 3921 1856 3982 cooperantur,
1884 3920 2073 3982 utpote

492 3999 586 4070 qui
602 3999 783 4070 jussui
806 3999 927 4069 ejus
963 4001 1217 4069 primitus
1248 4001 1377 4056 dato
1418 4002 1818 4057 obsecundent.
1866 4003 2072 4069 Quam-

491 4091 681 4147 obrem
712 4091 871 4145 multi
904 4091 1004 4145 etsi
1032 4090 1234 4146 liberos
1278 4091 1561 4160 suscipere
1610 4100 1919 4163 peroptent,
1957 4107 2069 4148 non

491 4189 723 4252 possunt
768 4189 973 4237 tamen.
1034 4180 1397 4253 Symmachus
1441 4199 1574 4238 vero
1623 4184 1739 4237 ait:
1775 4182 1896 4252 Ipse
1946 4185 2072 4253 fecit

489 4289 610 4339 nos,
639 4290 743 4328 non
765 4276 1095 4329 exsistentes.
1122 4273 1237 4329 Nos
1257 4285 1430 4330 autem
1459 4277 1681 4345 populus
1711 4293 1925 4347 pascute
1953 4277 2069 4346 ejus

489 4376 541 4421 et
562 4381 679 4421 oves
708 4384 896 4423 manus
924 4370 1091 4424 illius.
1126 4368 1223 4423 His
1250 4385 1379 4423 vero
1411 4386 1517 4423 non
1539 4370 1875 4425 dominatum
1907 4368 2070 4424 modo

492 4474 684 4525 suum;
743 4460 839 4515 sed
889 4460 1052 4514 etiam
1104 4460 1500 4530 providentiam
1566 4476 1720 4517 suam
1762 4459 2062 4513 indicavit:
2094 4464 2267 4560 ΒΔιὰ
2316 4482 2376 4517 το

2126 4550 2136 4622 ί
2170 4550 2496 4627 κηδεμονίαν
2528 4553 2854 4626 ἐγνώρισενο
2878 4554 2939 4607 ού
2970 4553 3128 4625 μόνον
3161 4552 3268 4624 γὰρ
3299 4556 3334 4625 ἡ
3344 4553 3458 4623 μῶν
3487 4550 3703 4617 δεσπότης

488 4566 601 4605 non
647 4552 824 4607 solum
868 4553 1015 4608 enim
1066 4552 1334 4610 Dominus
1396 4564 1583 4609 noster
1629 4551 1868 4617 est;sed
1900 4554 2065 4606 etiam

486 4654 679 4715 pastor
704 4660 829 4701 cum
859 4649 952 4707 sit,
1006 4648 1148 4701 bona
1178 4646 1338 4701 nobis
1368 4660 1572 4715 pascua
1598 4643 1777 4699 offert.
1819 4641 1933 4697 Nos
1964 4660 2065 4696 au-

489 4747 593 4791 tem
639 4740 863 4807 populus
910 4739 1046 4808 ejus,
1094 4745 1282 4807 utpote
1312 4739 1649 4809 regis;oves
1707 4746 1887 4790 autem
1918 4736 2063 4806 ejus,

489 4840 677 4901 utpote
707 4832 944 4901 pastoris
982 4847 995 4882 :
1035 4830 1271 4901 populus
1303 4841 1451 4894 sunt,
1486 4831 1580 4900 qui
1611 4830 1866 4885 meliores
1886 4837 1940 4884 et
1970 4843 2061 4882 ra-

486 4919 899 4985 tionabiliores;
927 4934 1056 4973 oves
1105 4929 1311 4988 autem,
1344 4921 1439 4990 qui
1493 4922 1561 4975 iis
1595 4920 1885 4977 inferiores
1909 4928 2060 4989 sunt,

486 5019 543 5064 et
573 5009 1090 5065 irrationabiiiorem
1122 5011 1368 5067 ordinem
1393 5012 1667 5077 obtinent,
1706 5028 1886 5083 neque
1918 5012 2062 5068 divi-

487 5118 684 5157 norum
735 5104 1083 5159 oraculorum
1134 5105 1292 5175 periti
1339 5114 1503 5173 sunt;
1541 5106 1842 5163 secundum
1877 5106 2053 5161 iilud:

487 5193 681 5248 Επαιτὶ
710 5194 845 5248 sicut
868 5195 975 5249 ovis
1004 5212 1119 5266 qua:
1145 5198 1352 5266 periit“.
1379 5196 1643 5252 Czeterum
1666 5212 1791 5252 cum
1810 5198 2055 5253 omnium

488 5283 649 5339 Deus.
665 5294 720 5340 et
753 5289 1006 5342 conditor
1033 5289 1126 5353 sit,
1163 5289 1344 5343 omnia
1379 5296 1560 5352 vocat,
1596 5289 1776 5343 omnia
1801 5290 1905 5344 sibi
1930 5305 2060 5360 pro-

492 5373 606 5445 pria
628 5373 807 5432 efﬁcit.
836 5376 1087 5435 Homines
1107 5382 1306 5450 quippe
1334 5390 1384 5433 et
1404 5379 1647 5447 jumenta
1670 5381 1840 5435 salvat
1858 5381 1999 5436 Deus
2017 5383 2059 5447 7;

494 5468 617 5526 illos
638 5472 880 5541 quidem,
905 5484 963 5528 ut
1002 5476 1262 5546 populum
1302 5489 1498 5542 suum;
1538 5476 1629 5529 illa
1663 5493 1813 5540 vero,
1853 5485 2062 5532 utoves

494 5575 687 5620 manus
715 5578 848 5621 ευεε.

565 5678 579 5706 ¹
618 5676 785 5753 iicbr.
826 5682 1053 5753 xn,22.
1133 5683 1163 5753 ²γ
1191 5682 1335 5753 Ιῖεοι.
1368 5698 1572 5750 cxvm,
1609 5684 1709 5748 7'5;
1742 5684 1844 5740 Job
1876 5700 2009 5753 vm,
2046 5686 2130 5740 ~10.

2148 302 2326 359 PARS
2357 298 2445 357 Ill.
2489 331 2557 341 -—
2598 299 3005 369 EXEGETICA.
3583 306 3691 362 12ίο

2162 424 2437 478 τουτέστιν
2477 421 2635 493 ἢτοῦ
2667 421 2805 476 Θεοῦ
2849 421 3050 491 γνῶσις
3079 424 3211 475 πᾶσι
3249 422 3386 494 δήλη
3425 426 3695 495 γενήσεται.

2168 513 2289 572 Οἵδε
2311 516 2418 588 γὰρ
2449 516 2543 569 καὶ
2567 517 2595 570 6
2636 513 2955 577 ’Δπόστολος
2980 514 3166 586 νοητὸν
3189 515 3314 586 ὅρος
3345 515 3480 567 Σιών
3498 532 3510 543 ·
3538 520 3699 584 Hm.

2165 610 2499 677 εληλύθατε
2525 606 2634 679 γὰρ
2654 606 2777 675 ὄρει
2823 605 2977 661 Σιὼν
3010 606 3107 660 καί
3136 607 3309 660 πόλει
3355 607 3497 659 Θεοῦ
3524 608 3701 679 ὤνιος

2179 696 2566 767 Ἰερουσαλὴμ
2620 696 2977 765 ἐπουρανίῳ.
3040 695 3501 766 Προστετάγμεθα
3556 700 3703 753 τοίνυν

2165 789 2309 844 κατὰ
2339 790 2436 861 τὴν
2463 790 2850 859 δοθεῖσανήμῖν
2876 787 2979 841 ὑπὸ
3016 786 3150 839 Θεοῦ
3182 786 3387 853 γνῶσιν
3419 789 3705 859 προσφέρειν

2166 880 2314 951 αὐτῷ
2350 880 2747 951 προσκύνησινο
2794 880 2851 943 ὃς
2889 880 2984 933 καὶ
3032 878 3234 946 Κύριος
3278 878 3440 948 ἡμῶν
3492 881 3621 932 ἐστιν
3644 882 3704 943 ὡς

2167 970 2388 1035 δούλων,
2418 971 2510 1025 καὶ
2537 970 2669 1033 Θεὸς
2690 971 2766 1034 ὡς
2802 971 3065 1039 πλάστης.
3109 970 3245 1023 Ἀλλ’
3275 969 3421 1024 οῦτω
3462 971 3553 1043 μὲν
3575 990 3703 1026 πνευο

2170 1058 2545 1131 ματικὼτερον
2567 1059 2659 1114 τὸν
2681 1059 2891 1130 ψαλμὸν
2925 1061 3238 1131 νοήσαιμεν.

2379 1176 2675 1230 ΨΑΛΜΟΣ
2705 1175 2814 1228 ΕΙΣ
2837 1174 3388 1228 ΕΞΟΜΟΛΟῙἪΣΙΝ.
3422 1174 3531 1242 ιβ’.

2250 1266 2617 1331 Ἀλαλὰξατε
2646 1265 2725 1331 τῷ
2760 1267 2953 1334 Κπιρίῳ
2991 1266 3157 1321 πᾶσα
3184 1269 3222 1333 ἡ
3257 1266 3361 1336 γῆ.
3397 1268 3635 1320 Τουτὲστι
3656 1271 3709 1323 τὰ

2168 1358 2262 1411 ἐπὶ
2282 1361 2384 1428 γῆς
2418 1357 2542 1428 ἔθνη
2563 1374 2577 1387 ’
2612 1358 2706 1410 καὶ
2736 1357 2824 1410 διὰ
2848 1357 3050 1409 τούτων
3080 1357 3345 1426 κέκληται
3380 1356 3471 1408 ἐπὶ
3498 1355 3709 1425 ἐξομολό-

2166 1466 2329 1521 γησιν
2358 1449 2465 1502 τῶν
2500 1447 2777 1519 προτέρων
2831 1448 3267 1519 ἁμαρτημάτων,
3323 1449 3382 1499 ἐν
3422 1442 3501 1507 οἷς
3537 1448 3711 1501 ἐκαλινο

2167 1540 2353 1595 δοῦντο
2400 1542 2489 1594 ὅτε
2547 1542 2613 1611 τῇ
2663 1539 3033 1611 είδωλολόιτρῳ
3087 1542 3383 1611 προσεῖχον
3430 1539 3609 1610 πλάνῃ.
3642 1540 3713 1591 Διὸ

2169 1630 2573 1701 ἐπιγέγραπται
2626 1629 2838 1699 ψαλμὸς
2863 1634 2967 1697 Εἰς
3003 1631 3469 1700 ἐξομολόγησιν.
3498 1633 3713 1683 Aoniae-

2169 1736 2318 1774 σατε
2350 1720 2429 1786 τῷ
2462 1720 2660 1788 Κυρίῳ
2695 1719 2765 1773 ἐν
2818 1722 3188 1790 εὐφροσύνῃ,
3232 1719 3586 1782 ὑποϐαλόντες
3617 1720 3712 1771 ἑαυ-

2168 1812 2295 1877 τοὺς
2316 1811 2395 1883 τῷ
2427 1812 2594 1866 αὐτοῦ
2639 1812 2811 1884 ζυγῷ.
2851 1814 3076 1883 Ὅμοιον
3102 1813 3212 1884 γάρ
3248 1814 3372 1865 ἐστι
3401 1813 3462 1865 τὸ
3488 1811 3714 1864 δουλεύειν

2169 1906 2317 1977 αύτῷ
2348 1905 2425 1976 τῷ
2482 1904 2752 1958 δουλεύειν
2805 1904 2976 1972 φωτὶ,
3042 1903 3133 1956 καὶ
3181 1901 3459 1955 δουλεύειν
3500 1902 3601 1974 ζωῇ
3644 1903 3714 1956 καὶ

2167 1995 2415 2067 ἀληθείᾳ,
2460 1996 2553 2048 καὶ
2593 1994 2907 2067 δικαιοσύνῃ
2951 1994 3043 2046 καὶ
3090 1993 3389 2063 ἁγιασμῷ·
3429 1995 3595 2047 πάντα
3631 1995 3714 2064 γὰρ

2166 2086 2340 2141 ταῦτά
2372 2089 2519 2141 ἐστιν
2558 2089 2586 2140 6
2642 2087 2864 2158 Κύριος.
2916 2086 3232 2140 Είσέλθετε
3272 2086 3531 2139 ἐνώπιον
3565 2086 3715 2140 αὑτοῦ

2167 2180 2238 2233 ἐν
2261 2179 2635 2249 ἀγαλλιάσει.
2684 2181 2745 2232 Ei
2789 2180 2847 2232 δέ
2894 2197 2976 2243 τις
3015 2178 3089 2249 μὴ
3118 2179 3364 2232 δουλεύοι
3398 2180 3541 2249 αὐτῷ
3579 2182 3627 2233 ἐν
3651 2182 3717 2232 εύ-

2169 2268 2432 2340 φροσύνῃ,
2469 2269 2543 2339 μὴ
2570 2268 2824 2339 τολμάτω
2861 2267 3114 2338 παριέναι
3156 2266 3395 2321 ἐνώπιον
3432 2266 3605 2331 αὑτοῦ,
3630 2266 3716 2319 ivi.

2168 2375 2324 2421 πτοις
2378 2359 2503 2411 ποσὶ
2542 2357 2902 2427 παραϐάλλων
2938 2360 3016 2420 είς
3050 2357 3147 2428 τὴν
3187 2358 3521 2429 Ἐκκλησίαν
3565 2356 3711 2410 αὑτοῦ.

2168 2450 2369 2503 Γνῶτε
2410 2448 2499 2502 ὅτι
2549 2450 2765 2516 Κύριος
2807 2450 2989 2514 αὑτός
3034 2449 3205 2501 ἐστιν
3251 2452 3287 2501 ὀ
3356 2450 3534 2514 Θεός·
3570 2446 3715 2512 αὐτὸς

2168 2534 2457 2603 ἐποίησεν
2506 2535 2683 2605 ἡμᾶς,
2731 2537 2831 2589 καὶ
2875 2539 2986 2606 οὐχ
3018 2537 3207 2603 ἡμεῖς,
3252 2539 3412 2604 ,Ιαὸς
3437 2538 3609 2591 αὑτοῦ
3640 2536 3713 2589 καί

2168 2628 2431 2695 πρόϐατα
2458 2627 2647 2696 νομῆς
2666 2628 2871 2683 αὐτοῦ.
2905 2629 3071 2683 Ὅταν
3102 2628 3210 2700 γὰρ
3232 2628 3456 2697 γνῶμεν
3486 2628 3562 2680 ὃτι
3592 2626 3714 2688 αὐτὸς

2168 2718 2299 2784 Θεός
2330 2722 2497 2785 ἐστιν,
2525 2721 2686 2784 αὐτὸς
2711 2724 2739 2774 6
2773 2720 2995 2793 Κύριος,
3040 2722 3100 2775 τὸ
3131 2720 3393 2791 τηνικάδε
3458 2718 3607 2774 αὑτοῦ
3643 2717 3711 2771 τοῦ

2168 2812 2455 2881 γινώσκειν
2480 2811 2708 2866 ἐνώπιον
2733 2812 2896 2865 αὐτοῦ
2927 2811 3337 2882 εἰσεληλυθότες
3355 2851 3369 2875 ,
3403 2811 3499 2864 καὶ
3529 2808 3714 2881 ποιητὴν

2168 2905 2376 2958 ἑαυτῶν
2395 2904 2797 2975 ὁμολογήσομεν
2815 2904 2992 2957 αὐτόν.
3021 2904 3141 2956 ’Ὁτι
3157 2904 3213 2957 δὲ
3230 2903 3332 2973 οὐχ
3354 2905 3512 2975 ἡμεῖς
3536 2904 3713 2963 ἑαυτοὺς

2170 2996 2452 3067 ποιοῦμεν,
2471 2996 2572 3049 κᾶν
2601 2997 2763 3049 αἴτιοι
2786 2996 3030 3067 δοκῶμεν
3054 2996 3345 3065 τυγχάνειν
3376 2996 3478 3065 τῆς
3501 2995 3597 3048 τῶν
3619 2993 3714 3047 παί-

2166 3089 2271 3142 δων
2301 3088 2582 3157 γενέσεως,
2634 3088 2792 3158 δῆλον
2850 3086 3098 3141 ἐντεῦθεν
3118 3101 3134 3115 ·
3164 3090 3227 3142 ὲκ
3272 3088 3485 3159 πατρὸς
3518 3088 3613 3157 γὰρ
3644 3085 3713 3138 καὶ

2176 3182 2380 3253 μητρὸς
2422 3181 2702 3251 γενόμενοι
2741 3177 2859 3232 ’1ὼὸ
2906 3180 2999 3232 καὶ
3050 3178 3232 3243 Δαυῒδ,
3278 3181 3446 3249 φασὶν
3486 3178 3710 3248 ἑκάτεροι,

2169 3277 2239 3328 Αἱ
2267 3271 2458 3342 χεῖρές
2483 3287 2599 3325 σου
2648 3269 2945 3338 ἐποίησάν
2972 3288 3049 3340 με
3095 3272 3193 3323 καὶ
3219 3269 3505 3325 ἐπλασάν
3529 3288 3621 3341 με’
3642 3269 3711 3323 καὶ

2170 3365 2305 3436 πρὸς
2347 3362 2614 3435 Ἰερεμίαν
2647 3361 2807 3427 αὐτὸς
2832 3363 2860 3414 6
2892 3361 3044 3425 Θεὸς,
3097 3360 3217 3429 Πρὸ
3266 3362 3378 3415 τοῦ
3417 3378 3494 3431 με
3526 3358 3711 3413 πλάσαι

2170 3472 2244 3509 σε
2273 3455 2343 3508 ἐν
2364 3455 2579 3520 κοιλίᾳ,
2628 3454 2955 3523 ἐπίσταμαί
2989 3470 3082 3507 σε.
3119 3454 3199 3524 Τῇ
3232 3454 3367 3522 γοῦν
3407 3452 3710 3524 ἐσφαλμένοις

2170 3546 2397 3617 λεγούσῃ
2420 3546 2496 3617 τῷ
2518 3546 2774 3616 ἀνδρὶ,“Η
2791 3544 2893 3611 δός
2922 3563 3023 3614 μοι
3054 3546 3253 3610 τέκνα,
3286 3548 3341 3599 εὶ
3376 3545 3445 3599 δὲ
3470 3546 3570 3615 μὴ,
3597 3544 3705 3597 ἀπιῖ-

2170 3641 2405 3695 κτεινόν
2421 3657 2519 3709 με,
2553 3639 2711 3708 σοφὸς
2727 3638 2803 3691 ὢν
2841 3641 2869 3691 6
2915 3640 3077 3712 ἀνὴρ,
3119 3638 3467 3708 δογματικῶς
3503 3635 3707 3706 ἐπιτιμᾷ.

2168 3733 2266 3802 Μὴ
2290 3731 2422 3786 ἀντὶ
2463 3730 2610 3785 Θεοῦ
2655 3746 2753 3784 σοι
2788 3730 2905 3799 εἰμὶ
2935 3730 3069 3800 ἐγὼ,
3104 3731 3171 3798 ὃς
3188 3728 3485 3799 ἐστέρησέ
3511 3745 3577 3783 σε
3607 3744 3709 3793 καρ-

2170 3819 2290 3873 πὸν
2308 3820 2542 3881 κοιιλίας
2562 3834 2579 3880 ;
2603 3819 2666 3871 Ei
2695 3818 2801 3890 γὰρ
2828 3818 2923 3872 καὶ
2950 3819 3195 3872 δοκοῦσιν
3221 3820 3269 3872 οἱ
3316 3821 3548 3891 πατέρες
3577 3816 3708 3871 ποιεῖν

2169 3911 2440 3975 τὰτέκνα,
2480 3911 2595 3964 ἀλλ’
2627 3906 2720 3964 οῦν
2761 3911 2789 3963 ὁ
2836 3910 2968 3974 Θεὸς
3018 3910 3188 3964 ταῦτα
3219 3914 3393 3964 ποιεῖ’
3432 3913 3522 3965 καὶ
3566 3909 3591 3962 6
3634 3906 3707 3978 ph

2168 4004 2358 4067 αἴτιος,
2393 4004 2441 4056 οἱ
2464 4002 2519 4056 δὲ
2546 4002 2827 4068 συναίτιοι,
2862 4002 2939 4067 ὡς
2970 4003 3047 4075 τῷ
3074 4003 3131 4069 ἐξ
3161 4004 3338 4073 ἀρχῆς
3372 4000 3531 4055 αὑτοῦ
3562 4001 3707 4053 διακο·

2168 4095 2384 4159 νοῦντες
2411 4094 2812 4166 προστάγματι.
2843 4093 2941 4147 Διὰ
2971 4092 3129 4147 τοῦτο
3179 4093 3386 4158 πολλοὶ,
3421 4094 3584 4148 καίτοι
3619 4095 3705 4143 ἐπι-

2171 4187 2466 4259 θυμοῦντες
2500 4185 2855 4249 παιδοποιεῖν,
2886 4188 2944 4239 ού
2974 4184 3246 4240 δύνανται.
3286 4185 3347 4240 '0
3377 4186 3433 4239 δὲ
3462 4181 3703 4255 Σύμμαχῆ

2170 4298 2358 4353 φησιν,
2413 4279 2606 4346 Αὐτὸς
2643 4279 2931 4346 ἐποίησεν
2973 4278 3131 4349 ἡμᾶς
3173 4283 3283 4333 οὐκ
3342 4279 3542 4344 ὄντας-ο
3574 4272 3703 4345 ἡμεῖς

2168 4373 2237 4426 δὲ
2271 4371 2423 4439 λαός
2447 4370 2639 4441 νομῆς
2671 4370 2858 4426 αὐτοῦ
2896 4371 2992 4425 καὶ
3026 4371 3287 4439 πρόϐατα
3315 4369 3513 4440 χειρὸς
3538 4364 3700 4421 αὑτοῦ.

2170 4464 2267 4518 Διὰ
2316 4462 2520 4517 τούτων
2562 4464 2622 4517 οὐ
2668 4463 2826 4534 μόνον
2854 4462 2953 4534 τὴν
2993 4462 3331 4524 δεσποτείαν,
3373 4462 3504 4515 ἀλλὰ
3533 4456 3701 4525 καὶτὴν

2170 4650 2339 4711 ἐστὶν,
2371 4646 2508 4701 ἀλλὰ
2532 4648 2625 4700 καὶ
2644 4646 2867 4718 ποιμὴν,
2890 4645 2987 4717 τὴν
3013 4645 3219 4716 ἀγαθὴν
3245 4649 3277 4716 ἡ
3286 4646 3404 4716 μῶν
3429 4643 3703 4717 προσφέρων

2169 4743 2363 4812 νομήν.
2417 4740 2607 4810 Ἡμεῖς
2646 4738 2714 4792 δὲ
2734 4740 2884 4805 λαὸς
2926 4738 3134 4805 αὐτοῦ,
3174 4738 3248 4802 ὡς
3288 4739 3565 4809 βασιλέως,
3608 4730 3702 4802 πρό-

2169 4832 2309 4885 6ατα
2345 4831 2401 4884 δὲ
2425 4831 2501 4895 ὡς
2530 4831 2785 4901 ποιμένος
2806 4847 2820 4861 ο
2850 4830 2978 4893 λαὸς
3005 4833 3052 4882 οἱ
3087 4831 3367 4902 κρείττους
3396 4830 3486 4883 καὶ
3517 4824 3701 4893 λογικώ-

2168 4941 2315 4995 τεροι
2335 4940 2347 4953 ⁸
2381 4922 2627 4995 πρόϐατα
2639 4923 2688 4975 οἱ
2710 4922 3129 4992 ὑποϐεϐηκότες,
3154 4923 3248 4975 καὶ
3275 4924 3376 4993 τὴν
3408 4917 3700 4987 ἀλογωτέραν

2169 5016 2320 5081 τάξιν
2369 5015 2679 5084 ἐπέχοντες,
2720 5014 2813 5067 καὶ
2843 5015 2917 5083 μὴ
2977 5015 3034 5067 ὲν
3062 5014 3227 5085 πείρᾳ
3268 5014 3377 5067 τῶν
3402 5012 3548 5065 ϐείων
3581 5009 3699 5064 ὄντες

2168 5107 2394 5175 λογίων·
2432 5106 2573 5160 κατὰ
2613 5105 2694 5167 τὸ,
2738 5105 3120 5175 Ἐπλίινήθην
3166 5106 3244 5172 ὡς
3264 5107 3547 5173 πρόϐατον
3582 5100 3697 5151 ἀπο·

2166 5203 2381 5267 λωλός.
2444 5200 2589 5271 Πλὴν
2638 5198 2771 5252 ἀλλὰ
2828 5199 3045 5251 πάντων
3098 5196 3227 5259 Θεὸς
3260 5196 3334 5248 ῶν
3369 5196 3457 5249 καὶ
3490 5187 3693 5260 ποιητὴς.

2168 5293 2348 5347 πάντα
2369 5292 2520 5345 καλεῖ
2557 5292 2652 5345 καὶ
2688 5289 3062 5355 ὲξοικειοῦται.
3104 5285 3468 5355 Ἀνθρώπευς
3504 5283 3594 5354 γὰρ
3619 5278 3691 5333 καί

2169 5385 2359 5453 κτήνη
2417 5382 2584 5443 σώζει
2626 5386 2657 5436 ό
2694 5382 2867 5447 Θεός*
2907 5382 3033 5443 τοὺς
3064 5381 3183 5451 μὲν,
3215 5380 3288 5443 ὡς
3316 5381 3438 5432 λαὸν
3458 5373 3619 5438 αὑτοῦ,
3643 5370 3693 5423 τὰ

2168 5477 2247 5539 δὲ,
2277 5476 2351 5541 ὡς
2382 5476 2629 5549 πρόΰατοι
2661 5474 2843 5547 χειρὸς
2870 5472 3053 5527 αὑτοῦ.

2207 5686 2228 5716 ³
2265 5684 2463 5741 Jcrem.
2501 5703 2557 5754 ι,
2599 5686 2649 5741 5.
2732 5686 2751 5717 ⁸
2791 5684 2926 5741 Gen.
2984 5700 3119 5751 xxx,
3166 5685 3207 5738 i.
3260 5682 3438 5751 \‘uig.,
3496 5666 3685 5740 αίίοίίκίπ

496 5749 713 5809 morior.
791 5754 813 5786 ³
853 5752 983 5809 ibid.
1018 5751 1071 5807 2.
1149 5752 1169 5783 ‘
1208 5751 1349 5811 Psal.
1387 5770 1553 5811 cxvut
1595 5755 1715 5813 176.
1791 5757 1820 5824 ⁷,
1851 5749 2005 5813 Psal.
2037 5772 2213 5812 xxxv.
2251 5755 2298 5811 7.
