3964 6500
591 304 732 362 ιειδ

1331 306 1600 367 EUSEBII
1626 305 2103 367 CJESARIENSlS
2138 306 2287 363 OPP.
2325 307 2506 364 PARS
2544 306 2630 366 ΙΙΙ.
2670 340 2738 353 -
2774 308 3184 365 EXEGETICA.

3658 316 3755 371 HM

590 423 886 493 peccabatn
915 444 930 482 :
955 426 1051 483 sed
1085 427 1136 507 si
1181 427 1316 499 quid
1358 429 1491 484 mihi
1526 430 1847 485 humanitus
1879 426 2163 495 acciderit,

2271 428 2318 480 εί
2342 426 2397 480 δὲ
2427 428 2522 481 καί
2554 446 2606 481 τι
2636 427 2834 500 συνέϐη
2880 426 3235 497 ἀνθρώπινον,
3417 426 3473 478 οὗ
3498 430 3755 498 προθεμένην

592 515 647 571 id
675 533 782 572 non
807 534 875 573 ex
902 520 1183 589 proposito
1211 536 1333 577 meo
1367 520 1571 576 factum
1602 530 1707 579 est.

664 607 828 664 Vens.
866 611 919 665 4.
963 609 1085 666 Non
1133 612 1358 668 adhazu't
1394 613 1521 668 mihi
1556 631 1646 668 cor
1680 630 1921 683 pravum.
1957 616 2166 671 Diaboli

592 701 844 767 consilia,
893 710 1083 774 utpote
1107 721 1229 775 qua:
1272 715 1482 762 rectum
1531 707 1669 761 nihil
1698 708 1955 774 habeant,
1999 724 2166 780 prava

592 807 725 847 sane
746 802 799 847 et
824 808 1077 863 perversa
1103 805 1255 863 sunt,
1295 814 1417 869 quae
1446 814 1752 869 nunquam,
1790 799 1888 862 ait,
1928 799 1981 853 in
2006 798 2168 855 corde

594 884 831 940 admisi:
863 902 1067 956 gnarus
1111 904 1264 956 vero,
1311 906 1436 946 eum
1486 892 1580 962 qui
1632 891 1868 946 adhaeret
1896 891 2049 960 justo
2077 892 2168 961 ju-

592 984 737 1032 stum
789 976 926 1043 fore,
960 996 1175 1036 omnem
1222 998 1540 1054 perversum
1597 1001 1681 1040 me
1735 986 2053 1055 contingere
2102 1001 2166 1040 ac

590 1068 723 1122 mihi
764 1070 1039 1126 adhaerere
1066 1073 1393 1129 abnuebam.
1424 1074 1559 1129 Nam
1604 1086 1810 1130 rectum
1846 1091 2015 1131 curvo
2041 1092 2167 1132 coa-

590 1160 730 1227 ptari
772 1164 983 1232 nequit,
1016 1172 1204 1235 utpote
1234 1167 1379 1236 quod
1401 1167 1673 1237 quadrare
1709 1177 1963 1237 nequeat.
1997 1169 2167 1223 Decli-

510 1318 513 1321 Α
591 1260 749 1305 uante
779 1269 812 1305 a
835 1270 916 1307 me
938 1256 1169 1326 maligno
1197 1274 1301 1312 non
1322 1256 1715 1327 cognoscebam.
1746 1256 1845 1312 Vir
1868 1258 2163 1329 perfectus,

590 1346 682 1416 qui
710 1362 808 1402 cor
845 1364 1162 1417 perversum
1202 1367 1312 1408 non
1354 1352 1517 1407 habet
1547 1353 1603 1407 in
1632 1353 1776 1423 quod
1802 1355 1976 1422 possit
2010 1355 2167 1409 mali-

588 1454 730 1509 gnus
758 1442 996 1509 operari,
1030 1441 1142 1497 Deo
1181 1445 1459 1514 repletur;
1489 1445 1565 1498 ita
1596 1452 1656 1499 ut
1706 1447 2000 1516 malignus,
2038 1462 2162 1501 cum

590 1530 769 1583 locum
800 1532 942 1599 apud
968 1548 1093 1586 eum
1122 1548 1231 1587 non
1276 1534 1534 1603 reperiat,
1562 1532 1799 1590 declinet
1827 1536 1895 1591 ab
1920 1552 1984 1591 eo
2018 1557 2030 1591 :
2065 1537 2165 1592 de-a

588 1620 829 1676 clinante
860 1630 1042 1678 autem
1069 1624 1184 1689 illo,
1216 1624 1416 1694 inquit,
1445 1640 1555 1680 non
1579 1627 1996 1697 cognoscebam,
2035 1630 2163 1699 quia

589 1712 893 1780 praesentiae
935 1713 1056 1784 ejus
1088 1730 1253 1771 sensu
1301 1715 1594 1772 destitutus
1631 1732 1803 1786 eram,
1836 1719 1927 1789 qui
1961 1735 2061 1775 nec
2097 1720 2164 1775 de

588 1804 684 1858 illo
714 1806 1042 1875 cogitabam,
1088 1823 1191 1864 nec
1237 1824 1377 1879 opus
1425 1826 1550 1865 cum
1584 1810 1679 1866 illo
1719 1811 2009 1867 habebam.
2040 1811 2167 1868 Haec
2200 1790 2243 1846 Β

589 1910 755 1965 porro
800 1896 1068 1968 intelliges
1100 1913 1319 1970 quoque
1360 1898 1427 1954 de
1475 1899 1696 1955 homine
1736 1902 1996 1973 maligno,
2040 1905 2169 1973 quia

587 2003 690 2042 nec
716 2002 841 2042 cum
873 1989 1178 2055 accederet,
1204 2006 1304 2046 nec
1329 2006 1452 2046 cum
1485 1992 1810 2056 discederet,
1844 1995 2165 2064 sentiebam,

589 2076 665 2130 ita
698 2077 991 2148 pestiferos
1024 2080 1275 2137 homines
1310 2081 1735 2152 vilipendebam,
1771 2100 1834 2139 ac
1866 2100 1974 2139 non
2004 2101 2170 2142 nosse

586 2169 911 2225 simulabam
959 2190 973 2227 :
1029 2188 1128 2228 nec
1188 2174 1333 2228 enim
1398 2174 1664 2245 dignabar
1718 2178 1929 2233 amicus
1977 2193 2166 2233 eorum

585 2275 730 2316 esse.
758 2260 897 2316 Num
930 2264 1057 2333 quia
1087 2264 1356 2334 superbus
1387 2265 1488 2319 es?
1521 2264 1897 2336 Nequaquam,
1932 2267 2046 2335 ait;
2072 2269 2167 2324 sed

587 2352 772 2407 sciens
803 2354 957 2418 illud,
983 2353 1338 2423 Corrumpunt
1368 2372 1537 2410 mores
1562 2356 1723 2411 bonos
1751 2358 2015 2428 colloquia
2049 2376 2169 2425 pra-

587 2459 649 2495 va
669 2443 713 2507 ⁸,
750 2458 873 2519 qum
906 2446 1062 2499 malis
1089 2447 1407 2502 societatem
1438 2463 1547 2501 non
1575 2449 1800 2503 inibam.

656 2614 822 2672 Vens.
868 2619 921 2673 5.
964 2618 1331 2676 Detrahentem
1376 2632 1571 2678 secreto
1607 2626 1849 2694 proximo
1883 2643 1999 2695 suo,
2029 2629 2167 2682 hunc

582 2708 949 2778 persequebar.
978 2710 1113 2765 Cum
1146 2714 1444 2781 hominem,
1484 2716 1682 2786 inquit,
1731 2724 1846 2772 tum
1889 2720 2166 2791 cogitatio-

583 2816 708 2855 nem
740 2800 874 2856 mihi
913 2803 1121 2873 aliquid
1148 2806 1273 2859 mali
1299 2816 1489 2861 contra
1518 2811 1828 2879 quempiam
1860 2826 2162 2883 suggeren-

581 2898 715 2976 tem,
740 2908 808 2947 ex
836 2895 1002 2949 corde
1032 2895 1299 2964 pellebam
1329 2906 1389 2951 ut
1412 2912 1604 2953 canem
1632 2900 1774 2954 clam
1792 2902 2158 2959 mordentem.

580 2981 718 3038 Nam
745 2986 827 3041 vir
848 2988 1078 3057 probus,
1110 2989 1201 3060 qui
1239 2990 1295 3045 in
1324 2992 1584 3048 omnibus
1617 2992 1848 3049 ﬁdenter
1886 3012 2048 3066 agere
2079 3014 2162 3053 so-

583 3078 677 3143 let,
720 3078 863 3133 sicut
887 3095 951 3134 ea
986 3096 1108 3150 quae
1138 3082 1277 3136 clam
1313 3090 1572 3153 aguntur,
1614 3092 1800 3155 utpote
1831 3088 2161 3145 confusione

583 3167 767 3237 digna,
800 3179 1113 3239 aversatur;
1161 3172 1235 3227 ita
1271 3181 1485 3229 secreto
1514 3184 1708 3230 contra
1742 3179 2051 3249 quempiam
2076 3183 2162 3237 vel

583 3259 765 3316 dicere
795 3262 999 3332 aliquid
1026 3264 1111 3318 vel
1149 3264 1339 3320 audire
1367 3281 1478 3320 non
1512 3268 1787 3324 sustinet:
1823 3285 1945 3323 nam
1979 3272 2031 3325 id
2067 3273 2164 3326 im-

585 3350 738 3421 probi
770 3359 826 3406 et
852 3352 1133 3410 illiberalis
1162 3364 1309 3411 esset
1338 3375 1351 3412 :
1382 3373 1482 3414 nec
1501 3358 1772 3428 ejusmodi
1797 3376 1884 3416 res
1918 3363 2162 3432 periculo

584 3452 763 3508 vacat,
797 3460 921 3500 cum
955 3445 1237 3514 Scriptura
1272 3449 1460 3505 dicat:
1489 3449 1572 3505 Ne
1594 3469 1737 3508 ames
1770 3456 2065 3524 detrahere,
2102 3476 2163 3514 ne

584 3534 647 3589 de
699 3536 867 3591 medio
917 3538 1203 3606 tollaris’;
1238 3550 1313 3607 et,
1363 3542 1546 3599 Nolite
1592 3544 1866 3603 detrahere
1916 3551 2158 3621 invicem,

583 3627 798 3696 fratres,
843 3648 907 3685 ne
934 3632 1031 3686 sub
1054 3633 1319 3702 judicium
1361 3637 1570 3693 cedatis
1590 3641 1656 3697 ¹⁰.
1694 3639 1837 3707 Quid
1869 3644 1940 3698 sit
1972 3645 2161 3701 detra-

583 3721 906 3792 here,quasi
932 3728 1180 3797 exemplo
1197 3729 1588 3807 declarandum
1611 3724 1723 3789 est:
1754 3750 1863 3790 non
1895 3738 2068 3806 enim,
2096 3739 2164 3797 de

583 3812 769 3883 aliquo
793 3815 935 3870 clam
965 3818 1187 3888 obloqui
1226 3836 1445 3891 quoque
1474 3823 1659 3891 modo,
1700 3824 1836 3881 illud
1866 3835 1951 3884 est
1975 3829 2163 3885 detra-

584 3904 736 3961 here.
764 3904 1089 3977 Plerumque
1124 3909 1270 3964 enim
1301 3910 1369 3967 de
1392 3912 1578 3984 aliquo
1608 3924 1742 3970 tunc
1770 3917 1999 3974 absente
2021 3921 2163 3977 male

584 3996 883 4065 loquimur,
926 4013 1036 4054 non
1087 4001 1232 4071 quod
1287 4002 1578 4062 detrahere
1622 4006 1727 4077 ipsi
1760 4009 2034 4081 velimus,
2065 4016 2163 4070 sed

584 4089 831 4146 dolentes
860 4091 1007 4161 quod
1042 4093 1089 4147 is
1125 4092 1361 4150 fortasse
1391 4096 1675 4167 improbus
1710 4101 1823 4157 sit:
1850 4111 2013 4174 atque
2048 4105 2164 4162 haec

585 4196 809 4237 narrare
841 4183 1126 4239 studemus
1150 4185 1239 4248 iis,
1272 4187 1365 4256 qui
1400 4190 1627 4258 perinde
1658 4199 1823 4261 atque
1852 4209 1952 4250 nos
1983 4210 2049 4250 ex
2076 4197 2163 4251 di-

586 4271 838 4326 lectionis
873 4272 1071 4327 atl‘ectu
1105 4274 1172 4329 de
1196 4276 1287 4330 illo
1317 4287 1512 4333 curant
1535 4286 1590 4335 et
1626 4281 1847 4337 solliciti
1877 4293 2025 4341 sunt.
2057 4287 2163 4354 Qui

586 4362 753 4433 igitur
798 4364 879 4419 sic
922 4373 1114 4420 contra
1170 4367 1446 4424 absentem
1496 4371 1760 4443 loquitur,
1816 4392 2162 4448 nequaquam

2190 3133 2233 3191 C

2276 535 2377 589 μου
2404 519 2563 572 τοῦτο
2586 520 2817 588 ἐγένετο.

2347 615 2467 667 Οὐκ
2497 613 2800 682 ἐκολλήθη
2829 629 2931 681 μοι
2963 610 3176 679 καρδία
3211 608 3463 677 σκαμῶῆ.
3493 610 3564 662 Τὰ
3588 611 3661 663 τοῦ
3682 611 3758 664 δια·

2273 704 2428 758 δόλου
2464 703 2824 775 βουλεύματα,
2862 705 2956 758 ἆτε
2992 703 3158 774 μηδὲν
3191 703 3344 766 eaet;
3385 701 3577 771 ἔχοντα,
3602 703 3759 774 σκαμῶ

2272 798 2333 850 τέ
2384 800 2499 851 ἐστι
2549 798 2641 851 καὶ
2686 795 3115 868 διεστραμμένα,
3169 796 3310 865 ἆπερ
3365 794 3595 847 οὐδέποτε
3638 798 3681 847 ἐν
3715 801 3759 867 τῇ

2274 890 2468 961 καρδία
2490 889 2850 960 είσδέδεγμαι,
2883 890 3066 959 φησίν·
3099 873 3251 950 είδῶς
3287 886 3363 949 δὲ,
3393 886 3470 937 ὅτι
3498 886 3524 936 ὁ
3557 887 3761 956 nanda:-

2273 996 2362 1042 νος
2407 977 2597 1048 δικαίῳ
2640 978 2845 1041 δίκαιος
2892 978 3065 1043 ἔσται,
3109 976 3283 1029 πάντα
3314 975 3610 1045 διάστροφον
3648 978 3763 1046 ἄνδρα

2274 1071 2634 1143 παρῃτούμην
2664 1068 3025 1124 συνάπτεσθαί
3052 1085 3143 1139 μοι
3182 1068 3275 1119 καὶ
3303 1065 3576 1119 κολλᾶσθαί
3611 1083 3694 1135 μοι.
3718 1068 3766 1118 Υδ

2272 1163 2380 1235 γὰρ
2430 1162 2557 1232 εὐθὺ
2603 1160 2681 1234 τῷ
2728 1159 2973 1233 στρεϐλῷ
3030 1158 3364 1227 συναφθῆναι
3414 1157 3472 1210 ού
3514 1156 3766 1223 δύναταιὼς

2272 1255 2633 1327 ἀνάρμοστον.
2680 1254 3098 1318 Ἑκσαίνοντος
3129 1251 3229 1306 ἀπ’
3265 1249 3411 1318 ἐμοῦ
3448 1248 3543 1301 τοῦ
3571 1249 3767 1315 πονηροῦ

2272 1350 2383 1401 οὐκ
2425 1347 2773 1417 ἐγίνωσκον.
2814 1346 2873 1397 '0
2913 1344 3135 1407 τέλειος,
3181 1341 3406 1413 καρδίαν
3452 1340 3667 1410 σκαμύὴν
3702 1342 3767 1392 ιίκ

2272 1438 2431 1507 ἔχων,
2466 1438 2546 1500 είς
2595 1437 2658 1506 ἢν
2688 1438 2926 1506 ἐνεργεῖν
2966 1437 2994 1488 ὁ
3032 1432 3267 1504 πονηρὸς
3311 1430 3543 1490 δύναται,
3577 1430 3653 1481 τοῦ
3675 1428 3766 1481 Θεοῦ

2273 1529 2663 1600 πεπλήρωται·
2699 1526 2838 1579 ὥστε
2887 1526 2979 1578 τὸν
3023 1524 3277 1595 πονηρὸν,
3331 1522 3406 1594 μὴ
3448 1522 3617 1591 ἔχοντα
3656 1523 3765 1573 τόπον

2273 1621 2403 1690 παρ’
2447 1618 2617 1689 αὐτῷ,
2662 1616 2929 1670 ἐκκλίνειν
2982 1615 3076 1669 ἀπ’
3130 1612 3295 1667 αὑτοῦ
3321 1630 3335 1644 ο
3392 1612 3687 1672 ἐκκλίνοντος
3718 1611 3765 1673 δὲ,

2272 1711 2455 1782 φησὶν,
2491 1711 2591 1764 οὐκ
2635 1709 2965 1778 ἐγίνωσκον·
3004 1706 3082 1779 τῷ
3132 1705 3206 1777 μὴ
3252 1705 3504 1775 αἴσθησιν
3542 1704 3767 1773 παρανοίας

2272 1802 2434 1856 αὑτοῦ
2466 1802 2755 1873 ἐσχηκέναι
2778 1818 2790 1831 ο
2822 1801 2882 1854 οὐ
2905 1799 3012 1871 γὰρ
3039 1798 3332 1870 ἐνθύμημα
3360 1797 3394 1867 ἢ
3425 1795 3571 1866 ἔργον
3599 1794 3680 1847 τῶν
3705 1796 3768 1848 αἰ·

2270 1894 2364 1949 τοῦ
2389 1895 2546 1965 ἔσχον
2577 1894 2706 1965 παρ’
2737 1892 2880 1963 ἐμοί.
2910 1892 3143 1962 Νοήσεις
3172 1888 3229 1942 δὲ
3265 1888 3445 1942 ταῦτα
3470 1886 3557 1938 καὶ
3583 1886 3683 1957 περὶ
3703 1885 3766 1937 ἀν·

2273 1986 2492 2058 θρώπου
2532 1983 2791 2058 πονηροῦ,
2838 1984 2919 2037 ὅτι
2966 1982 3074 2035 οὐδ’
3120 1982 3207 2034 ὅτε
3257 1978 3573 2051 προσῆλθεν,
3597 1977 3681 2029 οὐδ’
3708 1978 3767 2029 ὅτι

2272 2078 2536 2150 ἀνεχώρει
2566 2076 2816 2147 αἴσθησιν
2845 2072 3167 2144 ἐλάμϐανον,
3200 2071 3379 2134 οὕτως
3404 2071 3459 2123 ἐν
3490 2068 3641 2122 οὐδενὶ
3664 2068 3767 2138 μέρει

2271 2171 2571 2241 ἐποιούμην
2615 2170 2741 2231 τοὺς
2786 2166 3027 2237 λοιμοὺς,
3098 2164 3192 2217 καὶ
3236 2163 3392 2216 οὐδὲν
3440 2162 3616 2214 εἰδέναι
3654 2177 3759 2230 πρω-

2270 2261 2600 2331 εποιούμην·
2636 2260 2696 2312 οὐ
2732 2259 2841 2327 γὰρ
2879 2256 3065 2326 ἠξίουν
3094 2251 3231 2309 εἶναι
3274 2254 3428 2324 φίλον
3474 2253 3646 2306 αὐτῶν.
3671 2248 3767 2320 ’Δρα

2270 2354 2346 2420 ὡς
2387 2355 2766 2425 ύπερήφανος;
2815 2348 3100 2420 Οὐδαμῶς,
3149 2346 3353 2418 φησίνο
3411 2345 3517 2400 ἀλλ’
3556 2344 3767 2406 είδὼρτι

2270 2447 2625 2517 Φθείρουσιν
2663 2443 2778 2512 ἤθη
2806 2441 3039 2512 χρηστὰ
3071 2440 3294 2509 ὁμιλίαι
3326 2437 3521 2502 κακαὶ,
3547 2437 3599 2489 οὐ
3627 2434 3767 2489 mils-

2269 2538 2496 2609 τιθέμην
2527 2540 2638 2600 τοῖς
2668 2537 2943 2606 πονηροῖςο
3523 2622 3534 2627 -
3665 2621 3674 2627 .
3735 2616 3752 2627 .

2346 2630 2456 2685 Τὸν
2484 2628 2945 2683 καταλαλοῦντα
2974 2626 3168 2693 λάθρα
3192 2624 3305 2678 τὸν
3344 2622 3597 2691 πλησίον
3624 2621 3767 2679 αὑτοῦ,

2268 2723 2484 2775 τοῦτον
2506 2720 2844 2785 ἐξεδίωκον.
2891 2718 3004 2771 Καὶ
3033 2715 3349 2787 ἄνθρωπον,
3386 2715 3533 2786 φησὶ,
3562 2712 3641 2768 καὶ
3669 2712 3765 2779 λογι-

2269 2814 2406 2884 σμὸν
2431 2811 2805 2867 ὑποὸάλλοντά
2838 2828 2890 2865 τι
2928 2809 3161 2881 πονηρόν
3199 2825 3291 2879 μοι
3341 2808 3480 2861 κατὰ
3504 2824 3628 2869 τινος
3644 2803 3767 2867 ἐξέδε-

2266 2907 2357 2960 λον
2386 2908 2450 2959 ἐκ
2492 2905 2592 2975 τῆς
2632 2903 2857 2975 καρδίας
2894 2920 3016 2973 μου,
3058 2902 3132 2965 ὡς
3176 2900 3317 2954 κύνα
3358 2899 3699 2972 λαθροδήκτην.
3728 2896 3766 2947 '0

2266 2998 2375 3069 γάρ
2417 2996 2722 3059 σπουδαῖος,
2760 2996 2817 3047 ἐν
2857 2992 3020 3047 παντί
3050 3010 3127 3063 τῳ
3171 2992 3490 3063 παρρησίαν
3528 2990 3646 3060 ἔχειν
3679 2989 3764 3053 ἀτι-

2268 3089 2410 3155 πῶν,
2439 3088 2627 3159 ὥσπερ
2667 3087 2735 3140 τὰ
2780 3086 2956 3157 λάθρα
3002 3083 3253 3156 δρώμενα
3296 3084 3379 3154 τῷ
3425 3082 3653 3153 αἰσχύνης
3677 3076 3765 3131 εἶναι

2265 3182 2413 3249 ἄξια,
2454 3183 2837 3253 παραιτεῖται·
2884 3177 3027 3231 οὕτω
3068 3177 3163 3237 καὶ
3211 3176 3272 3229 τὸ
3321 3176 3501 3245 λέγειν
3542 3175 3572 3245 ἢ
3615 3173 3765 3226 ἀκούειν

2264 3274 2409 3328 κατά
2446 3290 2592 3335 τινος
2641 3271 2883 3342 κρύϐδην
2923 3269 3024 3323 οὐκ
3070 3269 3356 3339 ἀνέχεται’
3398 3266 3664 3338 κακοήθους
3696 3263 3764 3331 γὰρ

2264 3367 2359 3419 καὶ
2394 3362 2745 3435 ἀνελευθέρου
2792 3362 2853 3415 τὸ
2891 3362 3116 3433 χρῆμα,
3157 3362 3469 3431 ἐπήρτηται
3507 3361 3557 3413 δὲ
3596 3356 3763 3414 κίνδυνος

2261 3455 2341 3527 τῷ
2380 3455 2701 3529 πράγματι,
2740 3458 2837 3526 τῆς
2881 3454 3103 3525 Γραφῆς
3152 3453 3456 3524 λεγούσηςο
3500 3452 3585 3519 Μὴ
3623 3446 3763 3517 ἀγάπα

2264 3547 2646 3612 καταλαλεῐν,
2696 3548 2797 3600 ἵνα
2837 3546 2923 3615 μὴ
2964 3543 3256 3613 ἑξαρθῇς·
3305 3546 3423 3609 καὶ,
3448 3543 3538 3612 Μὴ
3577 3542 3762 3596 καταλα-

2261 3639 2423 3694 λεῖτε
2453 3638 2761 3705 ἀλλήλων,
2806 3639 3079 3708 ἀδελφοὶ,
3107 3639 3209 3693 ἵνα
3241 3638 3331 3707 μὴ
3363 3637 3481 3693 ὐπὸ
3511 3636 3679 3705 κρίσιν
3699 3628 3763 3683 .τέ-

2264 3746 2430 3801 σητε.
2465 3731 2530 3803 τί
2554 3731 2611 3784 δέ
2642 3733 2756 3784 ἐστι
2786 3730 2845 3783 τὸ
2873 3730 3194 3784 καταλαλεῖν
3220 3730 3297 3794 ὡς
3332 3731 3391 3783 ἐν
3427 3729 3571 3798 τύπῳ
3600 3723 3762 3794 παραδο-

2263 3826 2415 3880 τέον’
2450 3824 2511 3876 ού
2556 3822 2664 3895 γὰρ
2695 3824 2757 3876 τὸ
2788 3822 3037 3877 ὁπωσοῦν
3066 3823 3243 3892 λέγειν
3285 3824 3416 3892 περί
3438 3839 3570 3884 τινος
3606 3820 3678 3871 καὶ

2264 3919 2370 3992 θρα
2394 3917 2603 3971 ἐκείνου
2634 3917 2952 3971 καταλαλεῖν
2975 3919 3122 3970 ἐστι·
3148 3916 3412 3980 πολλάκις
3434 3915 3553 3985 γοῦν
3579 3908 3761 3981 ἀγορεύο-

2268 4010 2368 4080 μέν
2400 4027 2524 4063 τινα
2555 4009 2741 4073 κακῶς
2782 4009 3011 4077 ἀπόντα,
3049 4010 3109 4062 ού
3158 4008 3483 4063 καταλαλεῖν
3519 4003 3652 4061 αὐτοῦ
3679 4001 3761 4072 βονο

2264 4102 2499 4172 λόμενοι,
2532 4099 2669 4154 ἀλλά
2714 4099 3040 4172 λυπούμενοι
3086 4099 3175 4153 διὰ
3212 4100 3272 4153 τὸ
3324 4096 3463 4153 εἶναι
3506 4098 3641 4152 αὐτὸν
3675 4094 3759 4151 ἴσως

2265 4191 2467 4261 φαῦλον
2491 4208 2507 4223 ο
2561 4189 2883 4263 πειρώμεθα
2925 4190 2981 4243 δέ
3023 4190 3205 4258 λέγειν
3248 4189 3317 4242 τὰ
3359 4190 3484 4261 περὶ
3526 4183 3660 4241 αὑτοῦ
3687 4181 3761 4239 τοῖς

2262 4285 2524 4350 ὡσαύτως
2570 4288 2703 4356 ἡμῖν
2747 4284 3067 4356 κηδομένοις
3115 4282 3277 4338 αὐτοῦ
3326 4284 3419 4336 καὶ
3474 4278 3758 4351 φροντίζων

2265 4378 2373 4432 ἀπὸ
2410 4377 2705 4441 διαθέσεως
2750 4377 2988 4448 φιλικῆς.
3042 4377 3099 4430 '0
3156 4371 3245 4429 οὖν
3295 4374 3440 4429 οὕτω
3482 4374 3631 4439 λέγων
3666 4364 3758 4418 κατὰ

587 4455 889 4512 maledicus
917 4463 1003 4512 est
1031 4477 1043 4513 :
1078 4458 1234 4531 (nam
1269 4460 1570 4518 maledicus
1616 4479 1722 4519 non
1758 4466 1830 4519 ita
1852 4469 1963 4537 agit
1991 4473 2032 4537 ),
2066 4470 2160 4524 sed

2268 4472 2510 4539 ἀπόντος⁹
2531 4472 2590 4524 οὐ
2624 4469 2925 4532 κατάλαλός
2950 4471 3095 4522 ἐστιν
3118 4485 3131 4498 ·
3170 4466 3307 4520 ἀλλά
3337 4465 3558 4535 σπουδὴν
3586 4462 3672 4530 ἔχει

586 4564 712 4602 cum
756 4550 1037 4620 voluptate
1071 4561 1263 4614 contra
1298 4556 1590 4625 quemdam
1620 4558 1883 4629 loquitur,
1913 4564 2027 4615 non
2054 4578 2163 4617 mo-

2269 4562 2463 4635 ἡδονῆς
2504 4564 2621 4616 κατ’
2653 4562 2861 4614 ἐκείνου
2900 4560 3098 4629 λέγειν,
3138 4559 3237 4612 οὐκ
3276 4559 3563 4630 ἀχθόμενος
3605 4552 3675 4605 ἐπὶ

588 4639 725 4695 leste
760 4639 945 4698 ferens
975 4645 1121 4714 quod
1157 4645 1248 4700 ille
1286 4646 1413 4700 talia
1444 4649 1709 4718 patrarit;
1756 4650 1850 4705 sed
1893 4652 1961 4705 de
2008 4667 2072 4706 ea
2107 4667 2165 4708 re

588 4729 817 4789 ltetatur.
875 4732 1006 4804 Ejus
1058 4752 1296 4807 namque
1342 4746 1497 4809 gesta
1553 4741 1833 4797 malevolis
1890 4754 2162 4808 recenset,

586 4825 680 4895 qui
731 4842 793 4881 ea
837 4838 1079 4900 relegere
1127 4839 1181 4886 et
1236 4834 1554 4889 renuntiare
1599 4843 1830 4904 possunt
1873 4837 1996 4891 aliis
2028 4838 2165 4893 bene

587 4919 797 4974 multis.
848 4920 986 4987 Quid
1026 4925 1129 4979 sibi
1164 4926 1282 4979 vult
1319 4936 1501 4982 autem
1534 4928 1666 4983 illud
1706 4930 2161 5001 quodadjicitur,

586 5021 806 5076 secreto,
872 5029 993 5068 eum
1040 5018 1217 5086 palam
1256 5019 1325 5073 sit
1366 5020 1664 5091 quamlibet
1708 5022 2161 5081 obtrectationem

588 5114 801 5162 secreto
834 5106 993 5163 ﬁeri?
1020 5108 1117 5165 Vel
1142 5111 1195 5166 id
1232 5112 1366 5173 dicit
1406 5113 1553 5185 quod
1584 5116 1798 5187 agitur;
1835 5124 1930 5171 aut
1978 5119 2050 5173 ita
2082 5118 2161 5172 di-

587 5199 972 5271 stinguendum
1025 5213 1110 5258 est
1147 5206 1614 5262 :obtrectatorum
1661 5210 1925 5279 quosdam
1970 5220 2161 5264 contra

587 5301 885 5360 praesentes
906 5309 1092 5348 coram
1123 5298 1374 5366 obloqui;
1402 5298 1457 5351 hi
1486 5315 1649 5369 porro
1680 5302 2084 5355 conviciator-es
2108 5312 2162 5355 et

586 5386 971 5440 contumeliosi
1024 5399 1246 5443 assueto
1292 5406 1442 5444 more
1492 5400 1791 5459 vocantur;
1847 5395 1938 5449 sed
1981 5403 2161 5448 tamen

587 5477 715 5545 quia
755 5488 945 5532 contra
978 5482 1287 5551 quempiam
1316 5483 1637 5553 loquuntur,
1683 5485 2022 5540 detractores
2049 5485 2164 5540 fue-

589 5569 735 5637 rint;
768 5572 861 5626 alii
893 5589 1020 5626 vero
1049 5574 1185 5629 clam
1219 5583 1270 5631 et
1301 5577 1619 5634 absentibus
1646 5578 1735 5644 iis,
1761 5578 1964 5649 quibus
1993 5578 2162 5632 male-

657 5748 684 5785 ⁸
720 5751 738 5806 Ι
775 5752 902 5808 Cor.
942 5769 1030 5819 xv,
1068 5753 1153 5807 35.
1179 5793 1193 5818 ,
1254 5770 1257 5773 ·
1296 5756 1313 5786 ⁸
1356 5754 1517 5811 Prov.
1556 5771 1647 5823 xx,
1706 5755 1787 5822 15,
1826 5771 1927 5811 sec.
1965 5752 2129 5809 LXX.

2265 4654 2490 4710 τοιαῦτα
2513 4657 2719 4709 ἐκεῖνον
2747 4653 3125 4724 πεποιηκέναι,
3151 4652 3286 4705 ἀλλὰ
3309 4653 3399 4704 καὶ
3428 4651 3627 4720 χαίρων-
3648 4642 3757 4705 Λέγει

2266 4745 2396 4812 γοῦν
2422 4746 2651 4809 ἐκείνοις
2670 4745 2741 4798 τὰ
2774 4744 2902 4814 περὶ
2931 4742 3095 4796 αὐτοῦ
3126 4746 3237 4807 τοῖς
3273 4742 3513 4813 μισοῦσιν
3532 4738 3679 4797 αὐτὸν,
3698 4730 3757 4784 καὶ

2268 4838 2577 4908 φανερῶσαι
2606 4838 2921 4903 δυναμένοις
2948 4837 3015 4890 δι’
3039 4835 3371 4904 ἐπαγγελίας
3406 4826 3755 4925 ἑτέροις

2265 4930 2333 4983 τὰ
2376 4930 2504 5001 περ)⁵
2532 4929 2717 4984 αὐτοῦ.
2746 4930 2810 4983 Τί
2840 4929 2896 4983 δὲ
2931 4928 3174 4999 βούλεται
3209 4926 3580 4998 προσκείμενον
3604 4919 3666 4978 τὸ,
3686 4919 3755 4967 .ld—

2266 5024 2394 5091 θρα,
2433 5021 2666 5095 φανεροῦ
2692 5022 2861 5085 ὄντος,
2891 5022 2971 5074 ὃτι
2996 5022 3141 5073 πᾶσα
3177 5018 3473 5089 κατηγορία
3491 5014 3637 5107 λάθρα
3658 5007 3754 5107 γίνε-

2263 5132 2381 5181 ται;
2418 5116 2488 5169 Ἢ
2522 5115 2653 5168 αὐτὸ
2678 5114 2824 5184 λέγει
2848 5114 2908 5167 τὸ
2931 5114 3009 5175 ὃν,
3039 5114 3072 5183 ἢ
3096 5112 3391 5182 διαιρετέον
3421 5108 3566 5167 οὕτω,
3595 5106 3658 5157 δτι
3679 5106 3753 5150 τῶν

2265 5211 2714 5283 κατηγορούντων
2747 5211 2919 5274 τινὰς,
2958 5212 3008 5262 οἱ
3052 5209 3147 5279 μὲν
3182 5207 3321 5261 κατὰ
3362 5205 3619 5276 πρόσωπον
3657 5208 3751 5261 παρ·

2263 5306 2420 5368 ὄντας
2468 5305 2859 5375 κακηγοροῦσι,
2904 5303 3131 5373 λοίδοροι
3171 5301 3227 5354 δὲ
3268 5294 3408 5353 οὗτοι
3441 5295 3525 5348 καὶ
3567 5283 3750 5357 ὑδρία-,αὶ

2267 5393 2509 5462 συνήθως
2552 5393 2873 5447 καλοῦνται·
2905 5394 3055 5463 ὅμως
3088 5388 3179 5444 οὖν
3221 5389 3297 5460 τῷ
3323 5388 3456 5442 κατά
3480 5398 3604 5443 τινος
3625 5377 3749 5472 Alfi.“

2265 5484 2552 5539 κατὰλαλοι
2593 5485 2659 5538 ἂν
2696 5482 2835 5539 εἷενο
2871 5485 2918 5537 οἱ
2963 5484 3018 5536 δὲ
3068 5482 3241 5549 λάθρα
3288 5480 3377 5533 καὶ
3425 5476 3637 5531 ἀπόντων
3667 5477 3748 5566 ,των

2265 5577 2755 5648 κατηγορουμένων
2805 5578 3022 5645 λέγουσι
3065 5574 3183 5629 κατ’
3232 5572 3419 5637 αὐτῶν.
3472 5568 3561 5621 Τὸν
3604 5568 3751 5625 tauri]!

2274 5757 2314 5789 ⁸ο
2353 5754 2465 5812 Jac.
2503 5772 2575 5823 iv,
2616 5757 2698 5812 ll.
