3964 6516
155 322 300 377 1245

1322 330 1832 390 COMIlE-NTARIA
1865 333 1933 390 IN
1971 333 2306 395 PSALMOS.

3273 335 3412 398 ms

143 437 246 495 οὖν
276 440 468 512 ἔχοντα
491 443 589 515 τὴν
617 443 772 512 τάξιν
796 445 1078 502 ἐκδιώκειν
1107 449 1138 502 ὁ
1160 447 1314 518 ἅγιος
1337 450 1505 520 λέγει.
1532 452 1592 505 οὐ
1615 453 1725 516 τοὺς

1844 455 2071 520 dicitur,
2100 456 2498 529 obloquuntur.
2525 457 2682 540 .Eum
2707 473 2841 515 vero
2874 457 2968 530 qui
2997 455 3164 528 hujus
3183 455 3411 512 'ordinis

143 535 234 596 εἰς
263 533 555 604 πρόσωπον
599 536 1154 610 διαλοιδορουμένους.
1197 542 1436 607 Ἐκεῖνος
1465 543 1575 615 γὰρ
1615 543 1735 597 καθ’

142 617 214 676 οὗ
238 627 296 678 αί
322 625 660 697 βλασφημίαι
743 629 932 703 παρὼν
954 632 1375 705 ἀπολογήσεται,
1400 636 1432 707 ἢ
1463 636 1738 706 ἐλεγχθεὶς

141 716 247 769 ἐπὶ
275 716 354 787 τῷ
379 717 619 782 τοιοῦτος
651 714 810 782 εἶναι,
847 723 1288 795 αἰσχυνθήσεται.
1329 727 1558 781 Δυνατδν
1592 729 1737 781 ἀντι-

139 806 560 862 διαστέλλεσθαι
585 811 684 882 τὴν
715 811 890 883 λάθρα
923 817 1212 886 γινομένην
1238 819 1568 873 καταλαλιάν
1601 821 1735 890 πρὸς

140 898 250 970 τὴν
286 903 377 954 ἐπὶ
407 903 609 974 κριτῶν
641 906 998 978 κατηγορίαν.
1037 909 1147 962 Καὶ
1179 909 1287 982 γὰρ
1320 911 1458 983 αὕτη
1483 910 1562 982 τῷ
1587 912 1733 980 γένει

143 991 474 1058 mutam,
500 995 614 1048 ἀλλ’
641 998 702 1050 οὑ
733 996 910 1069 λάθρα
942 1001 1228 1070 γινομένη.
1258 1003 1483 1075 Καρπδς
1509 1003 1610 1075 μὲν
1639 1001 1732 1057 οὖν

139 1080 390 1147 διανοίας
438 1087 804 1159 ἁγιοπρεποῦς
852 1090 914 1144 τὸ
957 1093 1340 1162 παραιτεῖσθαι
1386 1095 1511 1159 τοὺς
1565 1113 1734 1168 πονη-

143 1174 308 1244 ρούς
338 1177 576 1250 ἐσχάτης
610 1181 668 1234 δὲ
704 1183 970 1254 πονηρίας
1003 1186 1277 1251 ἀπόδειξις
1305 1188 1365 1240 τὸ
1410 1188 1730 1243 καταλαλεῖν

138 1267 404 1338 ἀδελφοῦ,
435 1272 526 1325 καὶ
559 1273 734 1329 ταῦτα
773 1276 968 1348 λάθρα,
998 1279 1136 1333 ἀλλὰ
1183 1280 1257 1351 μὴ
1291 1283 1371 1344 εἰς
1416 1281 1725 1353 πρόσωπον,

137 1360 236 1414 ἵνα
267 1364 341 1435 μὴ
375 1366 566 1437 παρὼν
589 1368 997 1442 ἀπολογήσηται
1037 1375 1065 1427 ό
1114 1374 1619 1446 κατηγορούμενος·
1650 1375 1727 1440 ὡς

136 1452 171 1504 ὃ
201 1470 266 1518 γε
315 1455 403 1524 ἐφ’
431 1458 588 1527 ἡμῶν
623 1461 810 1533 ἐτέρου
845 1464 1182 1529 καταλαλῶν,
1222 1458 1376 1529 οὗτος
1415 1466 1535 1518 οὐδὲ
1571 1466 1727 1537 ἡμῶν

137 1546 470 1600 καταλαλεῐν
493 1550 578 1618 ἐφ’
607 1552 808 1622 ἐτέρων
840 1554 1117 1624 ἀφέξεται.
1150 1556 1310 1627 Ὅθεν
1342 1557 1446 1628 χρὴ
1480 1558 1572 1610 τὸν
1611 1575 1725 1610 τοι-

132 1635 304 1690 οῦτον
331 1638 406 1702 ὡς
448 1642 626 1697 κοινὸν
662 1643 854 1716 ἐχθρὸν
895 1647 1118 1711 εἰκότως
1151 1647 1492 1712 ἐλαύνεσθαι,
1521 1649 1597 1711 ὡς
1635 1649 1725 1704 τὸν

132 1726 202 1778 ὲν
235 1731 546 1802 παραδείσῳ
583 1734 920 1805 μιμούμενον
944 1736 1231 1808 δράκοντα,
1257 1736 1316 1801 ὃς
1340 1738 1432 1791 τοῦ
1466 1738 1600 1791 Θεοῦ
1631 1755 1723 1791 κα·

1840 549 1936 612 sit,
1968 564 2028 606 se
2043 549 2246 621 pellere
2277 558 2506 607 sanctus
2531 551 2624 606 ille
2651 552 2738 608 vir
2773 551 2929 618 dicit,
2966 566 3074 606 non
3104 557 3284 605 autem
3313 565 3410 606 eos

1837 641 1932 712 qui
1957 656 2142 697 coram
2172 643 2574 698 conviciantur.
2611 642 2661 698 Is
2687 643 2831 698 enim
2862 643 2917 697 in
2941 659 3102 714 quem
3127 641 3411 698 maledicta

1836 734 2233 806 conjiciuntur,
2263 736 2350 792 vel
2378 750 2621 807 praasens
2653 751 2777 791 sese
2807 735 3088 806 purgabit;
3120 735 3206 790 vel
3246 751 3306 790 se
3335 742 3411 787 ta-

1836 828 1940 882 lem
1972 843 2097 884 esse
2129 829 2435 894 convictus,
2475 829 2680 900 pudore
2733 827 3016 883 atlicietur.
3065 825 3252 881 Potest
3282 826 3411 880 item

1834 917 2096 988 distingui
2125 918 2451 974 obtrectatio
2478 919 2620 972 clam
2649 917 2796 974 edita
2831 917 2900 972 ab
2931 918 3287 972 accusatione
3325 931 3413 970 co-

1834 1025 1947 1064 ram
1967 1009 2153 1080 judice
2172 1009 2337 1066 facta.
2362 1009 2574 1066 Etenim
2596 1011 2713 1082 ipsa
2736 1026 2953 1082 quoque
2971 1009 3026 1064 in
3051 1025 3249 1081 genere
3267 1009 3415 1064 oblo-

1832 1104 1981 1159 cutio
2024 1103 2134 1159 dici
2167 1111 2383 1174 potest;
2423 1104 2517 1159 sed
2549 1119 2671 1174 quae
2709 1104 2849 1158 clam
2893 1117 3003 1157 non
3036 1103 3145 1157 ﬁat.
3177 1100 3412 1157 Fructus

1831 1200 2015 1268 itaque
2036 1205 2241 1253 sanctae
2259 1199 2459 1254 mentis
2479 1197 2642 1253 fuerit
2659 1198 2925 1268 malignos
2943 1197 3214 1263 aversari;
3240 1203 3416 1250 extre-

1830 1306 1932 1344 ma:
1965 1306 2094 1344 vero
2129 1289 2346 1344 malitiae
2374 1296 2754 1359 argumentum
2777 1296 2970 1343 contra
3007 1286 3230 1342 fratrem
3265 1286 3416 1340 oblo-

1829 1382 1920 1450 qui
1943 1399 1957 1448 ;
1975 1381 2138 1451 idque
2155 1380 2296 1435 clam
2314 1395 2490 1450 neque
2508 1379 2560 1432 in
2580 1387 2898 1450 conspectu,
2928 1393 2997 1432 ne
3011 1377 3104 1449 qui
3123 1382 3414 1431 accusatur

1828 1490 1949 1530 sese
1975 1489 2207 1544 purgare
2237 1473 2446 1541 valeat;
2499 1474 2573 1528 ita
2614 1479 2673 1526 ut
2723 1471 2818 1542 qui
2870 1487 3054 1528 coram
3106 1469 3264 1526 nobis
3316 1469 3409 1523 alii

1827 1565 2122 1627 maledicit,
2148 1581 2215 1620 ne
2236 1565 2458 1634 quidem
2481 1579 2512 1619 a
2537 1563 2701 1619 nobis
2724 1563 3047 1619 vellicandis
3069 1576 3252 1616 coram
3285 1560 3411 1615 aliis

1827 1656 2120 1712 abstineat.
2187 1655 2550 1723 Quamobrem
2628 1653 2945 1726 hujusmodi
3021 1653 3293 1707 hominem
3349 1659 3410 1706 ut

1827 1763 2175 1803 communem
2204 1749 2416 1804 hostem
2446 1749 2712 1818 repellere
2743 1753 3173 1805 consentaneum
3210 1739 3406 1805 fuerit;

131 1821 454 1894 ταλαλήσας
488 1826 586 1898 τὴν
627 1826 772 1882 Εὔαν
799 1805 1100 1901 ἠπάτησεν.
1143 1831 1331 1901 Ἡμεῖς
1357 1831 1414 1884 δὲ
1458 1832 1598 1902 μήτε
1635 1830 1725 1883 λέ-

1829 1844 2018 1909 utpote
2050 1837 2144 1908 qui
2185 1839 2335 1892 illum
2366 1805 2583 1893 olim-in
2619 1838 2873 1909 paradiso
2903 1837 3194 1891 draconem
3231 1831 3410 1886 imite-

131 1916 560 1984 γωμεν-κακῶς,
595 1920 690 1972 καὶ
719 1923 829 1983 τοῖς
857 1920 1104 1990 λέγουσιν
1133 1922 1301 1994 ἀκοὴν
1335 1923 1409 1995 μὴ
1442 1923 1728 1995 παράσχω-

134 2022 269 2075 μεν.
308 2008 513 2076 Ἀκοῖιν
542 2009 630 2073 δὲ,
664 2012 816 2083 φησὶ,
860 2014 1120 2082 ματαίαν⁸
1144 2013 1229 2084 μὴ
1259 2013 1595 2084 παραδέξῃ*
1626 2015 1727 2068 οὑκ

128 2094 288 2163 εἷπε,
328 2101 401 2172 μὴ
433 2103 753 2178 πιστεύσῃς,
800 2105 954 2168 ἀλλὰ,
983 2106 1070 2176 μὴ
1095 2107 1426 2177 παραδέξῃ.
1458 2107 1549 2161 Διὸ
1577 2107 1672 2162 καὶ
1697 2108 1728 2160 ὁ

130 2191 462 2265 Προφήτης,
514 2196 882 2263 Ἐξεδίωκον,
914 2201 1072 2271 φησὶ,
1104 2200 1210 2254 τὼ·
1232 2201 1724 2256 καταλαλοῦνταο

125 2284 240 2337 οὑκ
277 2282 448 2339 εἶπενο
478 2289 590 2342 Οὑκ
615 2292 916 2356 ἐπίστευον,
948 2293 1004 2364 ἢ,
1036 2295 1110 2347 Οὑ
1140 2293 1519 2365 παρεδεχόμην
1546 2294 1614 2347 τὰ
1642 2295 1731 2347 λε-

127 2375 383 2446 γόμενα·
417 2378 555 2432 ἀλλὰ
587 2382 683 2434 καὶ
713 2382 789 2446 ὡς
826 2382 1018 2454 ἐχθρὸν
1055 2383 1386 2454 ἀπήλαυνον.
1419 2383 1552 2436 Είπὲ
1592 2383 1729 2454 πρὸς

127 2466 231 2519 τὸν
286 2468 712 2538 καταλαλοῦντα,
763 2474 946 2543 Ἔχεις
992 2474 1278 2526 ἐπαινέσαι
1335 2474 1474 2539 τινὰ,
1526 2474 1727 2542 ἀνοίγω

127 2558 239 2622 τὰς
263 2559 449 2625 ἀκοὰς,
484 2561 569 2616 ἵνα
602 2563 840 2634 δέξωμαι
884 2565 954 2618 τὰ
989 2565 1172 2637 μύρα⁹
1215 2565 1402 2630 κακῶς
1435 2565 1609 2630 θέλεις
1651 2566 1728 2618 εί-

133 2653 283 2716 πεῖν,
314 2653 648 2725 ἀποφράττω
683 2656 782 2728 τὴν
816 2657 1019 2710 εἴσοδον
1063 2660 1176 2721 τοῖς
1221 2659 1458 2730 ῥήμασιν
1479 2675 1493 2688 ο
1528 2659 1590 2711 ού
1617 2657 1726 2728 γὰρ

133 2742 404 2814 ἀνέχομαι
435 2746 638 2818 κόπρον
670 2749 763 2801 καὶ
792 2747 1049 2821 βόρϐορον
1070 2749 1336 2820 δέχεσθαι.
1379 2752 1726 2822 Ἐπιστόμιζε

131 2834 231 2886 τὸν
261 2835 663 2892 καταλαλοῦντα
683 2841 740 2892 ἐν
766 2841 955 2905 ἀκοαῖς
981 2858 1094 2904 σου,
1125 2843 1210 2895 ἵνα
1235 2843 1310 2913 μὴ
1332 2842 1521 2914 διπλῆν
1550 2844 1729 2913 ἀμαρ-

133 2926 264 2980 τίαν
296 2929 393 2981 σὺν
423 2929 574 3000 αύτῷ
617 2932 960 3002 ἁμαρτάνῃς,
1007 2933 1100 2985 καὶ
1133 2933 1326 2986 σαυτὸν
1359 2931 1586 3003 ὀλεθρίῳ
1618 2931 1726 2984 πά-

135 3018 222 3072 θει
251 3017 469 3084 ἐθίζων,
498 3023 750 3075 κάκεῖνον
776 3023 918 3076 κατὰ
949 3022 1040 3076 τοῦ
1080 3023 1309 3095 πλησίον
1339 3023 1596 3093 φλυαρεῖν
1628 3023 1727 3075 οὑκ

133 3111 484 3168 ἀνακόπτων.
517 3113 609 3184 Μὴ
634 3113 778 3185 δῲης
815 3114 913 3186 τὴν
941 3116 1112 3186 ἀκοήν
1141 3132 1234 3169 σου
1277 3117 1342 3186 τῇ
1377 3113 1596 3186 γλώσσῃ
1631 3113 1725 3167 τοῦ

134 3204 464 3270 καταλάλου,
502 3205 636 3278 μηδέ
668 3208 767 3278 τὴν
795 3209 1044 3278 γλῶσσάν
1075 3226 1169 3262 σου
1197 3211 1262 3278 τῇ
1292 3210 1430 3280 ἀκοῇ
1451 3207 1546 3261 τοῦ
1577 3207 1726 3277 φιλο-

129 3298 331 3368 ψόγου,
371 3300 541 3370 ἡδέως
570 3299 748 3355 λαλῶν
781 3301 814 3372 ἢ
860 3301 1076 3355 ἀκούων
1107 3302 1251 3356 κατὰ
1281 3302 1375 3356 τοῦ
1416 3301 1604 3368 πέλας,
1640 3301 1726 3354 ἵνα

137 3392 218 3465 μὴ
247 3390 484 3464 ἐκπέσης
511 3392 612 3463 τῆς
651 3393 894 3464 ἀγάπης,
929 3395 1023 3447 καὶ
1051 3394 1330 3465 ἀλλότριος
1368 3393 1598 3466 εὑρεθῇς
1626 3396 1726 3465 τῆς

132 3485 358 3540 αἰωνίου
377 3485 540 3556 ζωῆς.
567 3486 822 3558 Διαφέρει
836 3487 892 3540 δὲ
914 3487 976 3540 τὸ
1000 3495 1371 3556 κατακρτναι,
1405 3488 1466 3541 τὸ
1486 3487 1726 3546 ἐξουδε-

132 3576 351 3641 νῶο-αι,
381 3578 475 3632 καὶ
497 3578 557 3630 τὸ
575 3577 1018 3647 καταλαλῆσαι.
1038 3578 1473 3649 Καταλαλῆοίαι
1485 3579 1592 3652 γάρ
1609 3582 1723 3632 ἐστι

134 3669 197 3722 τὸ
244 3670 419 3722 εἰπεῖν
457 3669 596 3723 κατά
635 3685 799 3733 τινος,
843 3667 975 3734 οἷον,
1020 3671 1104 3723 ὅτι
1149 3669 1446 3740 Ἑψεύσατο
1492 3672 1521 3723 ό
1553 3671 1722 3735 δεῖνα,

133 3762 192 3834 ἦ,
227 3760 496 3834 ὠργίσθη,
531 3761 564 3833 ῆ
608 3761 954 3833 ἐπόρνευσεν,
997 3763 1030 3833 ἦ
1079 3779 1134 3816 τι
1185 3762 1450 3816 τοιού-τον·
1496 3763 1724 3833 ὲλάλησε

133 3853 247 3926 γὰρ
262 3853 528 3924 ἐμπαθῶς
555 3853 614 3907 τὸ
642 3853 946 3925 ἁμάρτημα
968 3853 1062 3908 τοῦ
1089 3854 1342 3924 ἀδελφοῦ.
1361 3855 1724 3923 Κατακρῖναι

133 3947 191 4000 δέ
218 3947 336 3999 ἐστι
365 3946 427 3998 τὸ
451 3947 647 4011 εἰπεῖν,
681 3946 762 3999 ὅτι
809 3947 866 4000 ’0
891 3946 1040 3998 δεῖνα
1067 3946 1307 4018 ψεύστης
1336 3948 1472 4012 ἐστὶ,
1504 3948 1722 4020 πόρνος,

134 4039 352 4113 ὀργίλος
371 4056 384 4070 ⁸
418 4037 526 4092 ίδοὺ
551 4037 660 4110 γὰρ
687 4039 1008 4110 κατέκρινεν
1037 4041 1208 4110 αὑτὴν
1237 4041 1335 4111 τὴν
1359 4041 1598 4096 διάθεσιν
1624 4044 1723 4113 τῆς

134 4131 316 4202 ψυχῆς
355 4129 544 4194 αὑτοῦ,
574 4130 667 4183 καὶ
695 4131 1013 4203 ἀπεφήνατο
1039 4131 1159 4184 καθ’
1190 4131 1312 4186 ὅλου
1343 4133 1437 4186 τοῦ
1469 4133 1582 4205 βίου
1621 4137 1720 4188 αὑ-

60 4258 66 4262 -
133 4224 230 4280 τοῦ
269 4224 463 4292 λέγων,
507 4223 588 4277 ὅτι
619 4223 824 4277 τοιόσδε
864 4224 1048 4278 ἐστίν’
1082 4224 1210 4278 ἄλλο
1255 4225 1363 4297 γάρ
1389 4227 1507 4279 ἐστι
1548 4226 1608 4279 τὸ
1646 4228 1722 4281 εί-

1827 1935 1938 1995 tur,
1971 1929 2064 1998 qui
2099 1937 2292 1983 contra
2344 1927 2511 1984 Deum
2563 1929 2900 1998 obloquens,
2957 1924 3123 1980 Evam
3169 1920 3408 1978 seduxit.

1826 2019 1939 2076 Nos
1986 2027 2169 2075 autem
2217 2035 2317 2074 nec
2349 2019 2766 2084 maledicamus,
2822 2032 2923 2072 nec
2958 2011 3412 2100 maledicentibus

1828 2127 2012 2167 aurem
2044 2111 2405 2181 praebeamus.
2435 2109 2726 2174 Auditum,
2765 2107 2960 2179 inquit,
2991 2122 3183 2161 vanum
3224 2122 3286 2160 ue
3311 2119 3411 2159 ex-

1828 2203 1994 2272 cipias
2019 2218 2038 2255 :
2071 2217 2180 2256 non
2215 2202 2325 2264 ait,
2358 2216 2429 2256 ne
2455 2199 2686 2264 credas;
2739 2199 2856 2264 sed,
2883 2214 2946 2253 ne
2972 2196 3228 2266 excipias.
3284 2192 3412 2250 Ideo
3452 2231 3459 2238 .

1828 2293 2097 2365 Propheta
2119 2294 2272 2360 dicit,
2292 2291 2665 2347 Deira/mntem
2694 2289 3072 2361 persequebar;
3097 2285 3406 2357 neque-ait:

1826 2385 1946 2442 Non
1976 2386 2262 2442 credebam
2282 2385 2353 2450 ei,
2382 2385 2467 2440 vel
2493 2403 2505 2439 :
2541 2382 2692 2438 Dicta
2722 2383 2844 2452 ejus
2877 2398 2987 2437 non
3012 2378 3365 2434 admittebam
3393 2393 3410 2443 ;

1827 2479 1923 2534 sed
1980 2486 2038 2533 ut
2095 2478 2376 2532 inimicum
2429 2477 2719 2546 pellebam.
2779 2473 2874 2529 Dic
2937 2471 3290 2538 detrahenti;
3350 2466 3409 2522 Si

1826 2571 2137 2642 quempiam
2162 2570 2387 2625 laudare
2419 2571 2525 2635 vis,
2559 2583 2722 2624 aures
2752 2567 3016 2637 aperiam,
3046 2569 3106 2618 ut
3133 2568 3410 2630 unguenta

1827 2663 2129 2734 excipiam;
2159 2663 2242 2718 sin
2275 2663 2602 2718 maledicere
2633 2662 2801 2726 velis,
2846 2657 3028 2714 verbis
3061 2657 3169 2711 tuis
3199 2653 3408 2710 aditum

1827 2754 2211 2818 intercludam,
2241 2769 2419 2824 neque
2443 2754 2589 2809 enim
2622 2752 2807 2806 {imum
2853 2760 2908 2805 et
2951 2749 3124 2804 lutum
3159 2745 3412 2815 excipere

1828 2847 2132 2903 sustinebo.
2164 2845 2238 2902 Os
2273 2845 2426 2901 frena
2458 2845 2766 2900 detrahenti
2830 2841 2898 2896 ad
2946 2855 3109 2895 aures
3159 2847 3304 2901 tuas,
3342 2850 3408 2890 ne

1827 2953 1954 2994 cum
1980 2939 2074 2994 illo
2106 2937 2343 3010 duplicis
2376 2937 2586 3008 peccati
2643 2951 2770 2991 reus
2809 2933 3010 2990 evadas
3033 2971 3049 2999 ,
3101 2945 3224 2986 cum
3261 2934 3316 2984 et
3348 2934 3408 2980 tu

1827 3033 2060 3089 exitioso
2085 3031 2225 3087 mori
2258 3044 2571 3095 assuescas,
2607 3037 2661 3084 et
2694 3028 2846 3082 illum
2879 3041 2907 3079 a
2942 3023 3186 3080 susurris
3217 3026 3407 3075 contra

1830 3123 2136 3196 proximum
2174 3137 2284 3177 non
2310 3123 2642 3178 ahsterreas.
2677 3118 2756 3175 Ne
2802 3133 2992 3173 aurem
3025 3124 3174 3170 tuam
3208 3113 3407 3184 lingua

1829 3213 2166 3271 detrahentis
2197 3215 2461 3285 praebeas,
2501 3228 2677 3283 neque
2705 3211 2949 3282 linguam
2994 3215 3144 3262 tuam
3180 3203 3410 3258 auribus

1825 3307 2095 3377 vituperia
2154 3309 2435 3362 amantis:
2485 3305 2668 3361 dulcia
2716 3303 2942 3374 loquare
2991 3307 3046 3355 et
3103 3297 3295 3352 audias
3341 3295 3408 3351 de

1826 3403 2097 3473 proximo,
2137 3416 2205 3455 ne
2233 3415 2264 3454 a
2294 3399 2562 3454 cliaritate
2588 3395 2814 3452 excidas
2839 3436 2854 3462 ,
2882 3401 2932 3449 et
2990 3407 3019 3447 a
3052 3391 3163 3446 vita
3201 3395 3403 3444 acterna

1825 3497 2035 3551 alienus
2083 3493 2382 3549 inveniare.
2437 3489 2704 3546 Diﬂ‘eruut
2753 3495 2936 3543 autem
2990 3486 3135 3541 inter
3179 3498 3239 3538 se
3289 3498 3408 3536 con-

1824 3585 2095 3650 demnare,
2151 3584 2416 3655 despicere
2469 3590 2524 3638 et
2568 3579 2866 3636 detrahere.
2925 3575 3062 3634 Nam
3132 3573 3408 3629 detrahere

1823 3686 1909 3735 est
1937 3684 2131 3733 contra
2165 3677 2402 3747 aliquem
2437 3675 2597 3730 verba
2652 3673 2834 3727 facere
2859 3710 2874 3733 ,
2925 3669 3079 3724 verbi
3112 3669 3284 3739 gratia
3325 3667 3408 3720 di—

1823 3784 1986 3824 cere:
2012 3766 2106 3822 llle
2129 3767 2293 3822 homo
2323 3765 2586 3820 mentitus
2609 3771 2714 3825 est,
2736 3767 2854 3825 aut,
2881 3757 2937 3812 in
2966 3759 3106 3811 iram
3132 3753 3404 3825 prorupit,

1824 3871 1918 3917 aut
1946 3860 2255 3916 moechatus
2283 3865 2402 3924 est,
2437 3865 2530 3910 aut
2559 3854 2692 3926 quid
2729 3851 2944 3919 simile;
3004 3849 3052 3905 is
3100 3846 3244 3904 enim
3277 3859 3407 3917 pec-

1822 3962 2006 4010 catum
2037 3951 2222 4008 fratris
2249 3951 2335 4007 sui
2364 3965 2432 4006 ex
2459 3945 2629 4002 animi
2663 3951 2812 4001 motu
2831 3940 3112 3999 revelavit.
3143 3935 3405 3993 Candent-

1823 4061 1972 4112 nare,
2007 4044 2058 4099 id
2086 4053 2173 4100 est
2204 4041 2388 4098 dicere
2420 4059 2435 4095 :
2471 4038 2621 4094 Talis
2650 4036 2817 4091 homo
2842 4030 3076 4088 mendax
3107 4037 3223 4096 est,
3265 4040 3407 4082 mte-

1820 4140 1981 4203 chus,
2016 4133 2357 4202 iracundus;
2385 4147 2533 4197 nam,
2563 4137 2624 4185 ut
2657 4127 2833 4192 vides,
2873 4125 3052 4196 ipsum
3088 4120 3256 4177 animi
3286 4118 3408 4189 ejus

1820 4232 2074 4288 affectum
2097 4235 2152 4285 et
2171 4241 2333 4288 nsum
2365 4223 2666 4284 damnavit.
2708 4234 2772 4275 ac
2809 4226 3000 4272 contra
3031 4222 3203 4271 totam
3241 4210 3407 4266 vitam

137 4320 280 4380 πεῖν,
321 4315 598 4388 Ὠργίσθη,
618 4316 713 4370 καὶ
745 4316 872 4370 ἄλλο
906 4317 987 4378 τὸ,
1031 4317 1276 4388 Ὀργίλος
1297 4317 1464 4373 ἐστίν.
1509 4319 1718 4384 Ἐξου-

1828 4326 1936 4397 ejus
1970 4321 2296 4379 sententiam
2314 4319 2458 4381 tulit,
2482 4315 2672 4372 dicens
2697 4329 2822 4370 eum
2842 4311 2937 4366 illo
2952 4307 3115 4364 modo
3138 4304 3390 4397 all'ectum

134 4408 398 4464 δενῶσαι
411 4408 467 4461 δέ
484 4409 600 4460 ἐστι
638 4409 699 4461 τὸ
725 4409 885 4462 οἱονεὶ
928 4408 1307 4479 βδελύσσεσθαι
1349 4409 1438 4464 τὸν
1469 4411 1713 4483 πλησίον,

1815 4393 1958 4476 esse.
1991 4414 2154 4470 Aliud
2179 4413 2381 4486 quippe
2425 4417 2512 4466 est
2557 4409 2781 4464 dicere:
2828 4402 2891 4459 ln
2939 4402 3074 4457 iram
3125 4393 3404 4469 prorupit;

132 4501 231 4556 καὶ
256 4499 627 4570 σικχαίνεσθαι
655 4498 730 4562 ὡς
757 4498 893 4571 ἀηδῆ
917 4517 1065 4554 τιναο
1098 4499 1128 4553 ὃ
1152 4501 1244 4554 καὶ
1271 4499 1365 4555 τοῦ
1393 4505 1716 4574 κατακρῖναι

1828 4506 1974 4563 aliud
2016 4520 2187 4562 vero:
2247 4500 2552 4557 Iracundus
2611 4504 2718 4554 est.
2766 4494 3048 4562 Despicere
3094 4496 3276 4543 autem
3321 4492 3406 4539 est

133 4589 260 4646 όλεθ
267 4587 427 4661 ριῶτε
434 4607 546 4662 ρον.

216 4873 298 4926 Οὐ
350 4869 598 4936 κατῴκει
642 4870 712 4923 ἑν
745 4868 914 4939 μέσῳ
971 4868 1077 4938 τῆς
1125 4875 1318 4939 οἰκίας
1366 4891 1485 4942 μου
1537 4873 1722 4928 ποιῶν

132 4965 574 5033 ὑπερηφανίαν.
630 4965 778 5015 Ἀνω
832 4963 931 5032 μὲν
979 4963 1109 5034 περὶ
1161 4963 1316 5033 φίλου
1373 4965 1721 5036 ὑπερηφάνου

133 5059 358 5126 ἔλεγενο
391 5054 626 5110 ἐνταῦθα
651 5054 710 5108 δὲ
740 5055 868 5127 περὶ
895 5055 1168 5126 ὑπηρέτου
1196 5056 1381 5127 φησιν,
1414 5058 1495 5110 ὅτι
1520 5057 1724 5113 οὐδένα

134 5152 251 5205 τῶν
297 5149 568 5221 ὑπεροψίᾳ
619 5148 918 5220 χρωμένων
967 5148 1211 5203 σύνοικον
1263 5151 1406 5221 ἔχειν
1449 5151 1720 5223 ᾑρούμην,

133 5242 262 5297 οὑδέ
292 5241 576 5314 πρωτείων
606 5241 697 5294 καὶ
728 5242 1041 5313 παρρησίας
1074 5241 1291 5312 ¹ἠξιοῦτο
1321 5245 1449 5314 παρ’
1479 5244 1622 5314 ἐμοὶ,
1648 5243 1720 5308 ὡς

133 5333 234 5390 τοῦ
277 5336 333 5386 ἐν
376 5333 526 5404 μέσῳ
562 5336 660 5404 τῆς
705 5333 880 5397 οἰκίας
922 5335 1234 5406 παρρησίαν
1279 5336 1374 5388 καὶ
1411 5335 1723 5408 ἐλευθερίαν

135 5427 355 5498 ἔχοντος
373 5442 384 5454 ·
421 5426 475 5478 ἐν
501 5425 652 5496 ὂψεσι
684 5426 792 5496 γὰρ
821 5427 1081 5480 δεσπότου
1115 5429 1144 5480 ό
1168 5426 1425 5491 τοιοῦτος.
1458 5430 1638 5482 Ποιεῖν
1665 5430 1722 5483 δὲ

136 5518 522 5589 ὑπερηφανίαν
555 5519 671 5572 ἐστὶ
707 5519 768 5572 τὸ
803 5521 941 5591 μετὰ
973 5519 1290 5585 ἀλαζονείας
1323 5524 1583 5592 ἐνεργεῖν.
1632 5523 1723 5575 Λέ-

134 5626 230 5681 γοι
255 5609 300 5663 δ’
335 5609 421 5671 ἂν,
456 5610 546 5679 καὶ
573 5612 654 5664 ὅτι
679 5630 692 5642 ο
720 5612 793 5666 Οὑ
827 5611 1062 5683 κατῴκει
1089 5616 1146 5668 ἐν
1177 5615 1242 5684 τῇ
1271 5615 1467 5687 καρδίᾳ
1496 5633 1595 5686 μου
1637 5615 1722 5668 λο-

138 5701 339 5771 γισμὸς
378 5702 694 5756 ὑποδάλλων
738 5705 1130 5776 ὑπερηφανίαν.
1183 5706 1397 5759 Δειλῶν
1440 5706 1618 5760 ἄδικα
1650 5709 1721 5761 οὐ

142 5795 511 5848 sarem-ures“
555 5795 810 5849 ἐνώπια-ο
855 5795 970 5851 τῶι⁴
1003 5796 1324 5856 (ἓιεθιιλαῶν
1359 5817 1489 5853 ιιοισ.
1531 5799 1721 5853 Συντό-

1824 4598 1982 4672 quasi
2019 4595 2284 4652 detestari
2328 4591 2660 4664 proximum,
2694 4594 2749 4642 et
2780 4584 2938 4655 quasi
2969 4581 3219 4636 odiosum
3253 4576 3402 4672 illum

1823 4665 2100 4747 exsecrari
2129 4707 2141 4742 :
2174 4687 2319 4759 quod
2370 4684 2533 4740 etiam
2572 4681 2689 4751 ipsa
2717 4672 3170 4733 comlemnatione
3223 4665 3406 4740 perni-

1824 4783 2031 4840 ciosius
2061 4794 2164 4837 est.

1900 4873 2066 4930 Vsus.
2109 4873 2158 4926 7.
2201 4870 2326 4926 Non
2357 4866 2632 4923 habitabat
2662 4865 2717 4920 in
2752 4862 2920 4919 medio
2946 4851 3132 4914 domus
3162 4868 3290 4908 mete
3315 4849 3406 4924 qui

1826 4969 2024 5039 faceret
2056 4963 2381 5036 superbiam.
2431 4959 2696 5033 Superius
2717 4955 2938 5030 quidem
2983 4953 3050 5008 de
3098 4947 3276 5004 amico
3305 4961 3401 5000 su-

1826 5060 1997 5132 perbo
2029 5059 2244 5113 locutus
2279 5064 2398 5124 est;
2432 5055 2520 5109 hic
2543 5058 2724 5107 autem
2765 5049 2833 5105 de
2870 5045 3074 5103 famulo
3117 5041 3362 5112 loquitur
3385 5078 3400 5102 ,

1829 5155 2011 5224 aitque
2041 5172 2054 5207 :
2086 5150 2370 5208 Neminem
2404 5164 2592 5205 eorum
2622 5144 2717 5218 qui
2760 5140 2994 5214 superbe
3037 5146 3259 5210 agerent
3306 5134 3405 5187 do-

1828 5246 2116 5302 mesticum
2149 5243 2284 5298 mihi
2314 5240 2612 5312 deligebam
2640 5278 2656 5302 ,
2701 5251 2880 5306 neque
2931 5227 3293 5288 concedebant
3345 5231 3406 5276 ut

1827 5336 1972 5410 apud
1996 5352 2081 5392 me
2116 5337 2322 5407 primas
2351 5339 2602 5389 tenerent
2626 5339 2682 5386 et
2716 5329 2946 5384 ﬁdenter
2975 5331 3237 5394 agerent,
3274 5318 3403 5388 quia

1828 5430 2036 5486 scilicet
2065 5429 2113 5484 is
2142 5429 2236 5499 qui
2257 5429 2313 5482 in
2338 5426 2515 5482 medio
2538 5425 2735 5480 domus
2764 5429 2849 5478 est
2877 5417 3134 5474 ﬁduciam
3162 5421 3216 5468 et
3236 5413 3403 5465 liber-

1827 5529 1994 5578 tatem
2030 5522 2278 5577 obtinet:
2321 5535 2446 5575 nam
2483 5514 2794 5589 liujusmodi
2825 5514 2989 5568 homo
3013 5511 3071 5564 in
3103 5506 3278 5563 oculis
3306 5505 3406 5558 do-

1828 5617 1962 5672 mini
1993 5624 2262 5673 versatur.
2294 5615 2616 5686 Superbiam
2647 5626 2779 5668 vero
2815 5608 3016 5667 facere,
3049 5613 3132 5659 est
3158 5617 3284 5658 cum
3317 5615 3406 5653 ar-

1826 5711 2075 5782 rogantia
2107 5726 2166 5765 se
2192 5725 2396 5781 gerere.
2426 5706 2628 5762 Dixerit
2661 5707 2788 5760 item
2816 5722 2828 5758 :
2868 5699 2985 5756 Non
3018 5695 3298 5752 habitabat
3349 5693 3405 5748 in

1831 5803 1993 5861 corde
2023 5818 2145 5859 meo
2177 5800 2432 5859 cogitatio
2464 5798 2777 5859 superbiam
2811 5806 3128 5857 suggerens.
3169 5789 3276 5856 Qui
3323 5786 3404 5842 ιο-
