3964 6508
623 312 761 375 1257

1331 313 1597 371 EUSEBII
1628 312 2104 372 CAESARIENSIS
2145 309 2296 368 OPP.
2337 310 2519 368 PARS
2556 310 2642 365 111.
2695 342 2755 352 -
2816 311 3222 369 EXEGETICA.

3664 323 3755 385 ιιιδ

620 435 875 507 quebatur
905 436 1103 507 iniqua,
1132 453 1233 491 non
1261 438 1518 511 dirigebat
1546 443 1598 495 in
1614 450 1892 511 conspectu
1923 441 2188 495 oculorum

2224 441 2267 497 Α
2299 454 2413 507 μως
2443 438 2638 501 εἰπεῖν,
2677 437 2855 489 πᾶσαν
2895 436 3108 489 ἀδικίαν
3140 436 3554 509 ἀπεστρεφόμην,
3576 443 3667 496 οὐδὲ
3693 452 3759 518 τὴν

622 544 874 582 meorum.
908 528 1319 599 Utcompendio
1351 531 1527 587 dicam
1551 571 1567 597 ,
1612 547 1831 589 omnem
1870 533 2194 601 injustitiam

623 618 934 677 aversabar.
954 634 1130 688 neque
1147 621 1231 675 vel
1254 621 1543 677 verborum
1571 631 1733 679 tenus
1758 639 1879 678 eam
1911 623 2146 679 ferebam
2177 643 2191 678 :

622 724 747 762 nam
780 708 869 778 qui
897 709 1220 779 loquebatur
1248 711 1436 782 iniqua
1462 712 1597 767 nihil
1624 715 1996 783 promovebat,
2020 729 2195 784 neque

621 800 759 856 bene
786 816 897 855 rem
924 802 1145 872 gerebat
1179 803 1233 857 in
1266 814 1562 875 conspectu
1594 820 1737 869 meo,
1766 820 1867 861 nec
1898 822 1960 860 ea
1987 822 2108 876 quae
2138 808 2195 861 in

622 891 803 944 animo
833 891 1059 947 haberet
1090 893 1427 963 perﬁciebat.

693 978 856 1034 Vsus.
894 980 946 1035 8.
989 980 1055 1033 In
1088 983 1347 1037 matutino
1378 983 1757 1052 interﬁciebam
1795 999 1970 1038 omnes
2012 999 2195 1051 pecca-

621 1080 757 1124 tores
791 1080 963 1136 terrw,
996 1084 1051 1125 ut
1080 1072 1432 1140 disperderem
1454 1080 1517 1127 de
1548 1074 1758 1127 civitate
1781 1072 1995 1128 Domini
2017 1090 2193 1128 omnes

620 1172 891 1228 operantes
918 1162 1270 1227 iniquitatem.
1302 1162 1401 1217 llic
1434 1172 1701 1230 exactam,
1736 1164 1987 1219 stabilem
2017 1175 2071 1219 et
2104 1180 2196 1220 sn-

619 1252 792 1306 briam
834 1252 1061 1321 justitize
1094 1254 1361 1308 rationem
1395 1253 1694 1309 describit:
1726 1270 1851 1309 nam
1885 1254 1981 1319 ait,
2017 1270 2194 1325 neque

621 1347 703 1399 ira
728 1385 744 1410 ,
796 1361 973 1415 neque
1002 1347 1237 1403 ebrietas
1279 1347 1481 1403 caedem
1515 1347 1648 1401 mihi
1694 1348 2060 1418 suggerebat:
2113 1349 2193 1405 ira

618 1438 816 1506 quippe
846 1439 1059 1493 etiamsi
1108 1439 1361 1494 hesterna
1402 1438 1491 1494 die
1541 1454 1627 1493 me
1674 1438 2088 1510 inflammabat;
2137 1449 2194 1496 at

620 1528 976 1584 diuturnitate
1009 1530 1188 1586 noctis
1245 1530 1493 1601 mitigata
1526 1530 1735 1598 fuerat;
1771 1533 2009 1589 ebrietas
2038 1549 2189 1599 vero,

622 1620 746 1675 licet
777 1621 959 1690 gravis
1006 1621 1333 1692 vespertinis
1376 1622 1525 1678 boris
1572 1623 1861 1689 adfuisset,
1891 1640 2085 1681 somno
2115 1634 2193 1679 ta-

619 1725 743 1766 men
772 1711 1021 1767 discussa
1050 1710 1248 1768 fuerat.
1307 1712 1455 1768 Pura
1482 1715 1667 1785 itaque
1714 1730 1879 1769 manu
1913 1723 1967 1770 et
2011 1723 2190 1772 mente

618 1810 813 1857 contra
862 1818 957 1858 eos
982 1804 1075 1873 qui
1115 1804 1169 1857 in
1201 1802 1370 1861 Deum
1402 1813 1761 1876 peccaverant
1809 1806 2107 1863 instructus
2136 1817 2191 1863 et

619 1904 861 1951 armatus
882 1911 1053 1959 eram,
1078 1913 1255 1969 neque
1281 1915 1343 1954 ex
1378 1900 1506 1954 vino
1531 1916 1706 1972 neque
1726 1916 1791 1956 ex
1817 1901 1895 1955 ira
1919 1903 2102 1958 animo
2127 1918 2190 1959 ac

619 1986 886 2039 sententia
914 1986 1246 2057 decipiebar.
1294 1986 1621 2045 Peccatores
1657 1999 1839 2045 autem
1874 2008 1983 2046 non
2013 1993 2188 2048 solum

622 2088 717 2143 per
748 2075 1055 2131 universam
1087 2084 1311 2141 terram,
1336 2078 1432 2133 sed
1460 2094 1556 2134 eos
1583 2079 1743 2134 etiam
1775 2081 1870 2151 qui
1906 2082 1960 2136 in
1987 2082 2192 2138 ditione

618 2180 747 2221 mea
768 2175 925 2221 erant
975 2169 1290 2225 occidebam
1321 2189 1335 2227 :
1367 2186 1542 2241 neque
1592 2174 1754 2229 simul
1803 2190 1994 2233 omnes
2023 2216 2039 2242 ,
2093 2178 2189 2234 sed

620 2257 782 2313 modo
812 2259 980 2325 ii‘l'mn,
1016 2275 1141 2315 mox
1175 2261 1361 2319 alium.
1416 2261 1616 2318 Verum
1664 2266 1869 2321 nemini
1898 2274 2031 2337 puto
2079 2284 2189 2324 non

617 2350 963 2406 manifestum
994 2368 1118 2408 esse
1146 2354 1259 2409 haec
1285 2356 1625 2428 :enigmatice
1655 2356 1802 2411 dicta
1833 2358 2040 2427 fuisse;
2090 2378 2186 2417 ne-

616 2457 723 2511 que
760 2444 903 2521 enim
936 2460 999 2500 ea
1026 2454 1111 2502 est
1141 2447 1272 2502 dicti
1298 2450 1589 2515 sententia,
1620 2466 1703 2507 me
1733 2453 2049 2511 ineuntibus
2070 2456 2187 2510 sin-

616 2534 757 2602 gulis
818 2533 1011 2589 diebus
1067 2535 1306 2592 humano
1369 2540 1632 2609 sanguine
1685 2556 1883 2597 manus
1955 2542 2189 2600 foedasse

620 2636 768 2678 meas
798 2640 812 2677 :
844 2623 898 2678 id
935 2624 1082 2679 enim
1117 2636 1480 2698 praeterquam
1509 2630 1655 2699 quod
1692 2630 2070 2688 detestandum
2104 2652 2191 2691 es-

617 2726 720 2781 set,
749 2714 1357 2779 nullatenus'credibile
1401 2734 1505 2780 est.
1564 2726 1853 2793 Quomodo
1898 2733 2045 2786 enim
2074 2733 2190 2788 sin-

616 2811 757 2882 gulis
786 2815 1071 2870 matutinis
1101 2831 1291 2881 omnes
1321 2828 1635 2886 peccatores
1659 2828 1819 2877 terrae
1870 2837 2031 2877 manu
2061 2839 2189 2894 pro-

617 2900 734 2969 pria
771 2903 1037 2959 conlicere
1071 2906 1380 2974 potuisset?
1412 2906 1597 2978 Neque
1622 2912 1767 2965 enim
1812 2928 1957 2969 unus
1996 2929 2189 2970 omnes

617 3007 875 3061 superare
898 2995 1179 3062 valuisset,
1211 3013 1335 3053 cum
1355 3040 1372 3067 ,
1398 3008 1457 3053 ut
1494 3002 1788 3057 verisimile
1827 3014 1945 3071 est,
1992 3021 2186 3077 magna

616 3092 761 3140 esset
793 3096 1138 3155 peccatorum
1164 3090 1456 3145 multitudo
1482 3110 1496 3146 :
1529 3108 1593 3146 ac
1609 3094 1653 3147 si
1671 3109 1766 3150 eos
1784 3096 1837 3149 in
1859 3097 1997 3151 bello
2020 3098 2176 3153 vicis-

616 3187 833 3241 set,uno
852 3178 903 3232 iu
922 3180 1189 3235 matutino
1202 3195 1389 3237 omnes
1406 3182 1792 3252 interfecisset,
1810 3202 1985 3258 neque
2001 3188 2188 3260 singu-

617 3266 685 3323 lis
706 3271 990 3326 matutinis
1010 3271 1159 3342 ipsos
1183 3273 1401 3343 propria
1431 3290 1593 3331 manu
1624 3278 2010 3336 interemisset.
2043 3281 2183 3349 Quid

618 3361 800 3429 itaque
828 3362 1095 3432 significet
1116 3364 1286 3420 illud?
1312 3365 1587 3423 Attentius
1612 3380 1664 3425 et
1693 3372 2017 3441 prudentius
2042 3374 2188 3430 dicta

618 3452 1003 3523 intelligamus,
1028 3471 1095 3511 ne
1124 3458 1443 3529 prophetica
1477 3463 1699 3516 oracula
1728 3447 1998 3519 mendacii
2030 3481 2189 3522 accu-

617 3560 827 3609 scmus,
867 3546 1011 3616 quod
1062 3548 1215 3605 nefas
1250 3559 1416 3607 esset.
1457 3553 1662 3609 Civitas
1716 3553 1927 3611 Domini
1957 3567 2040 3613 est
2083 3560 2187 3613 bu-

619 3652 792 3691 mana:
818 3645 1105 3693 structura:
1134 3644 1488 3712 compositio;
1522 3655 1839 3715 peccatores
1863 3656 2045 3704 autem
2074 3658 2186 3706 ter-

619 3745 692 3785 rae
720 3730 755 3783 ii
787 3738 914 3785 sunt
948 3731 1015 3785 de
1038 3732 1646 3805 quibus’Salvatorait,
1682 3739 1755 3791 Ab
1780 3741 1921 3795 intus
1949 3757 2015 3796 ea:
2033 3742 2188 3797 corde

618 3830 802 3874 exeunt
827 3820 1172 3891 cogitationes
1206 3825 1383 3888 malua,
1411 3825 1730 3893 homicidia,
1762 3830 2044 3897 adulteria,
2081 3831 2189 3899 for-

618 3911 933 3976 nicationes,
1000 3913 1179 3981 furta,
1237 3913 1380 3982 falsa
1437 3918 1772 3981 testimonia,
1829 3921 2183 3991 blaspltemiw.

618 3999 747 4054 llwc
776 4011 918 4066 sunt,
945 4018 1062 4072 qua:
1086 4005 1428 4077 coinquinant
1475 4008 1735 4065 hominem
1766 4012 1828 4067 ¹¹.
1864 4012 1975 4069 llos
2005 4026 2188 4071 autem

618 4101 933 4159 peccatores
963 4110 1030 4149 ex
1059 4104 1202 4151 terra
1241 4105 1413 4162 ortos,
1448 4099 1504 4153 id
1535 4109 1640 4167 est,
1674 4117 1741 4158 ex
1780 4109 1997 4159 terrena
2024 4120 2190 4162 carne

618 4182 964 4252 prodeuntes,
994 4186 1122 4242 dum
1153 4187 1379 4259 singula:
1403 4191 1469 4246 de
1519 4190 1629 4247 Deo
1658 4194 2016 4264 cogitationes
2056 4211 2188 4251 exo-

619 4272 855 4341 riuntur,
873 4290 939 4331 ex
966 4279 1185 4347 prOpria
1213 4288 1491 4337 structura
1524 4285 1664 4338 tollit
1696 4286 1788 4355 qui
1820 4302 1941 4342 sese
1970 4298 2184 4359 purgat.

617 4364 941 4420 Matutinum
971 4375 1151 4425 autem
1195 4380 1251 4427 et
1280 4372 1581 4431 diluculum
1615 4378 1668 4431 in
1706 4379 1887 4432 anima
1917 4389 2023 4447 est,
2049 4398 2185 4452 quo-

2214 3135 2259 3195 C

2298 528 2463 599 μέχρι
2502 527 2675 597 λόγων
2716 528 3035 598 ὑπομένων
3068 528 3098 578 6
3142 527 3247 599 γὰρ
3290 528 3457 582 λαλῶν
3496 532 3629 587 ἄδικα
3659 540 3759 594 οὐδὲν

2294 620 2473 690 ἤνυεν,
2522 619 2621 672 οὐκ
2664 618 2925 673 εὺωδοῦτο
2969 619 3195 673 ἐνώπιόν
3241 635 3365 689 μου,
3397 622 3453 674 οὐ
3494 626 3759 697 κατώρθουξ

2296 711 2645 776 ἐσπούδαζεν.

2369 980 2475 1044 Είς
2492 978 2599 1045 τὰς
2616 982 2835 1046 πρωτας
2865 980 3220 1035 ἀπέκτεινον
3249 982 3473 1049 ,πάντας
3502 985 3618 1051 τοὺς
3643 987 3764 1055 ἀμσί-

2293 1069 2523 1136 τωλοὺς
2569 1069 2679 1138 τῆς
2726 1070 2858 1141 γῆς,
2906 1071 3013 1126 τοῦ
3050 1073 3471 1142 ἐξολοθρεῦσαι
3516 1077 3574 1129 ἐκ
3608 1080 3767 1144 πόλεως

2293 1162 2512 1228 Κυρίου
2542 1160 2773 1227 πάντας
2814 1162 2954 1228 τοὺς
2991 1161 3412 1233 ἐργαζομένους
3452 1164 3553 1232 τὴν
3583 1166 3764 1224 adirier.

2294 1253 2365 1306 Τὸ
2390 1255 2612 1324 ἀκριϐὲς
2632 1256 2725 1308 καὶ
2748 1254 2983 1319 ἀπλανὲς
3008 1256 3102 1310 καὶ
3130 1257 3388 1327 νηφάλιον
3413 1261 3503 1327 τῆς
3538 1259 3662 1330 δίκης
3680 1281 3768 1331 περ·

2298 1344 2508 1411 ίστησιν
2546 1361 2558 1376 δ
2611 1344 2693 1397 ὅτι
2757 1344 2881 1398 οὕτε
2929 1346 3120 1417 θυμὸς,
3177 1349 3363 1419 φησὶν,
3409 1346 3521 1401 οὕτε
3562 1351 3670 1421 μέθη
3704 1356 3766 1424 τὴν

2295 1436 2571 1507 ἀναίρεσιν
2602 1438 2915 1492 ὑπετίθετο’
2950 1440 2978 1491 6
3002 1439 3102 1510 μὲν
3127 1439 3235 1511 γάρ
3262 1440 3428 1511 θυμὸς
3446 1443 3489 1493 εί
3516 1445 3595 1494 καὶ
3622 1448 3669 1514 τῇ
3687 1446 3767 1514 χθξ

2292 1527 2477 1599 ἡμέρᾳ
2510 1528 2846 1598 παρώξυνεν,
2878 1529 3014 1584 ἀλλά
3050 1530 3139 1584 διὰ
3174 1531 3265 1584 τοῦ
3310 1532 3508 1602 μήκους
3534 1537 3614 1603 τῆς
3640 1538 3767 1599 νυκτὸς

2293 1618 2631 1689 ἐμαλάσσετο
2652 1636 2665 1650 ⁸
2713 1623 2746 1692 ἡ
2780 1621 2836 1674 δὲ
2867 1621 3026 1693 μέθη,
3062 1622 3165 1678 κᾶν
3201 1622 3358 1691 ὀψίας
3396 1622 3547 1695 πολλὴ
3582 1628 3765 1693 προσεγὲ

2295 1726 2434 1772 νετο,
2466 1709 2554 1762 διὰ
2580 1709 2675 1763 τοῦ
2710 1709 2876 1763 ὕπνου
2910 1712 3111 1775 ἱκανῶς
3143 1712 3477 1766 ὲλεπτύνετο.
3510 1714 3690 1786 Καθαρᾷ
3708 1714 3766 1769 οὖν

2224 1784 2264 1841 Β
2293 1802 2383 1854 καὶ
2410 1804 2552 1873 χειρὶ
2579 1804 2673 1855 καὶ
2704 1803 2899 1876 γνώμῃ
2928 1804 3069 1857 κατά
3103 1806 3212 1859 τῶν
3245 1807 3326 1868 εἰς
3368 1806 3493 1859 Θεὸν
3519 1784 3766 1877 emptae};-

2290 1911 2399 1946 των
2431 1894 2825 1966 ὲξωπλιζόμην,
2856 1898 2994 1967 μήτε
3028 1898 3126 1967 τῆς
3169 1896 3230 1962 ἐξ
3272 1898 3417 1951 οἴνου
3447 1898 3653 1969 γνώμης,
3677 1902 3764 1969 μήτε

2289 1986 2388 2056 τῆς
2434 1988 2498 2038 ἐκ
2546 1985 2719 2058 θυμοῦ
2771 1987 3110 2058 σφαλλοὼης
3166 1990 3258 2041 τὸν
3304 1989 3564 2059 λογισμέν.
3606 1992 3764 2051 Τοὺςᾶ

2290 2076 2647 2148 ἁμαρτωλοὺς
2676 2079 2995 2134 ἀπέκτεινον
3025 2080 3121 2150 οὐχ
3150 2080 3337 2144 ἁπλῶς
3361 2080 3565 2151 ἀπάσης
3593 2082 3667 2150 τῆς
3685 2084 3762 2153 ﬁt?

2289 2175 2424 2229 ἀλλὰ
2461 2175 2562 2246 τῆς
2593 2176 2683 2229 ὑπ’
2712 2177 2843 2246 ἐμέο
2869 2177 2963 2231 καὶ
2992 2178 3197 2241 πάντας
3223 2178 3280 2230 δὲ
3307 2178 3405 2247 οὐχ
3431 2178 3554 2247 ἃμα,
3581 2178 3683 2230 ἀλλὰ
3706 2178 3763 2229 νῖν

2294 2268 2391 2339 μὲν
2419 2268 2628 2333 τοῦτον,
2671 2269 2765 2323 νῦν
2799 2270 2854 2324 δὲ
2898 2272 3121 2324 ἐκεῖνον.
3162 2271 3381 2325 Μᾶλλον
3409 2272 3462 2324 δὲ
3498 2270 3632 2323 τοῦτο
3661 2273 3763 2323 παντί

2289 2376 2390 2414 που
2426 2359 2601 2430 δῆλον,
2630 2361 2711 2413 ὅτι
2743 2362 2799 2413 ὲν
2829 2362 3107 2431 αἰνίγματι
3149 2362 3564 2431 κεκαλυμμένως
3593 2365 3762 2431 είρηιιιο

2288 2452 2347 2505 οὐ
2376 2453 2484 2524 γὰρ
2515 2453 2597 2506 ὅτι
2636 2451 2756 2505 καθ’
2796 2452 3030 2522 ἑκάστην
3066 2453 3249 2525 ἀρχὴν,
3282 2453 3396 2524 τῆς
3426 2455 3613 2525 ἡμέρας
3638 2454 3761 2523 aiunt

2287 2544 2587 2617 ἀνθρώπων
2616 2560 2713 2609 τας
2744 2550 2930 2617 χεῖρας
2961 2548 3327 2617 ὲμολυνομην,
3354 2547 3412 2600 οὐ
3451 2547 3590 2599 τοῦτὸ
3614 2548 3761 2614 φηςινό

2287 2635 2469 2703 λόγος·
2498 2635 2657 2689 τοῦτο
2688 2636 2795 2708 γὰρ
2826 2636 2963 2708 πρὸς
2991 2636 3068 2706 τῷ
3096 2636 3279 2705 ἐναγεῖ
3320 2636 3401 2687 ἔτι
3430 2634 3520 2687 καὶ
3559 2635 3606 2685 τὸ
3641 2631 3764 2684 inii:-

2287 2744 2374 2779 vov
2426 2726 2554 2797 ἔχει.
2608 2728 2727 2791 Πῶς
2771 2728 2879 2799 γὰρ
2925 2728 3142 2781 πάντων
3183 2726 3417 2797 ἡδύνατο
3459 2726 3566 2780 καθ’
3605 2726 3762 2790 inim

2288 2820 2499 2892 πρωῐαν
2532 2820 2781 2891 αὐτόχειρ
2808 2821 3049 2888 γίνεσθαι
3081 2820 3189 2881 τῶν
3226 2818 3555 2891 ἁμαρτωλῶν
3582 2816 3659 2884 τῆς
3676 2814 3761 2881 τῆς

2287 2910 2360 2962 UO
2393 2909 2501 2980 γὰρ
2548 2910 2922 2982 περιγίνεσθαι
2969 2911 3187 2964 πάντων
3226 2910 3453 2964 δυνατὸν
3494 2908 3593 2969 ἕνα,
3628 2905 3762 2958 milia

2285 2996 2393 3050 τῶν
2419 2996 2901 3069 ἐξαμαρτανόντων
2932 3002 3011 3062 είς
3039 3000 3099 3053 τὸ
3123 3000 3269 3063 είκος
3312 2999 3505 3052 ὄντων·
3534 2999 3612 3051 καὶ
3642 3000 3675 3048 εἰ

2288 3087 2437 3158 λέμῳ
2488 3088 2666 3142 αὐτῶν
2714 3092 3139 3162 κατεκράτησεν,
3189 3101 3247 3146 εν
3308 3094 3406 3163 μιᾷ
3464 3091 3523 3147 ἂν
3565 3090 3761 3143 diem;

2290 3182 2468 3251 πρωῖᾳ
2521 3183 2647 3245 τοὺς
2709 3182 3046 3253 σύμπαντας,
3106 3185 3221 3238 ἀλλ’
3278 3186 3403 3255 οὐχὶ
3453 3184 3560 3239 καθ’
3606 3183 3761 3247 ἑκάστην

2288 3276 2500 3345 πρωῖαν
2539 3276 2792 3347 αὐτόχειρ
2820 3276 2998 3330 αὐτῶν
3039 3277 3264 3345 ἐγίνετο.
3307 3279 3372 3330 Τί
3403 3274 3491 3331 οὖν
3512 3277 3639 3330 τοῦτό
3670 3276 3760 3335 ira;

2287 3368 2654 3440 Συνετώτερον
2675 3370 2779 3423 τῶν
2809 3370 3113 3440 λεγομένων
3141 3371 3481 3442 ἀκούσωμεν,
3512 3373 3586 3423 ἵνα
3613 3368 3665 3438 μὴ
3682 3382 3761 3420 κατ-

2288 3461 2649 3530 ηγορήσωμεν
2708 3462 2800 3515 ἐπὶ
2834 3462 3017 3530 ψεύδει
3046 3462 3153 3516 τῶν
3197 3463 3539 3535 προφητικῶν
3567 3456 3759 3528 infami

2292 3550 2365 3620 μὴ
2392 3548 2567 3620 θέμις.
2610 3552 2769 3615 Πόλις
2790 3552 2884 3605 τοῦ
2909 3554 3115 3625 Κυρίου
3150 3556 3185 3625 ἡ
3220 3554 3476 3617 σύστασίς
3504 3550 3757 3619 ἐστιτῆςάν·

2290 3640 2565 3712 θρωπίνης
2599 3645 2941 3715 κατασκευῆς
2960 3662 2972 3674 ·
3024 3646 3343 3716 ἁμαρτωλοὶ
3371 3646 3428 3698 δὲ
3455 3646 3564 3715 γῆς,
3600 3641 3692 3710 περὶ
3716 3632 3761 3690 ὧν

2289 3751 2450 3805 φησιν
2481 3736 2509 3787 6
2537 3735 2747 3806 Σωτὴρ,
2781 3736 2862 3788 ὅτι
2886 3738 3145 3791 Ἕσωθεν
3178 3738 3245 3791 ἐκ
3276 3736 3387 3805 τῆς
3422 3736 3633 3803 καρδίας
3654 3728 3760 3794 ἐξέβ

2290 3844 2494 3891 γονται
2543 3829 2820 3897 λογισμοὶ
2864 3829 3134 3896 πονηροὶ.
3168 3830 3365 3899 φόνοι,
3398 3827 3637 3897 μοιχεῖαι,
3668 3837 3760 3887 30p

2289 3922 2439 3976 νεῖαι
2466 3963 2480 3985 ,
2538 3920 2756 3975 κλοπαὶ
2783 3960 2798 3985 ,
2859 3921 3398 3989 ψευδομαρτυρίαι,
3452 3915 3757 3985 ﬂuidorum-

2293 4010 2482 4065 Ταῦτά
2503 4012 2632 4064 ἐστι
2673 4009 2747 4065 τὰ
2773 4009 3091 4065 κοινοῦντα
3129 4012 3235 4064 τὸν
3270 4011 3582 4077 ἄνθρωπον.
3606 4003 3759 4061 Τούτους

2285 4103 2348 4175 δὴ
2378 4104 2502 4166 τοὺς
2549 4106 2615 4158 ὲκ
2658 4106 2757 4174 τῆς
2803 4104 2907 4174 γῆς
2951 4103 3326 4175 ἁμαρτωλοὺς,
3367 4101 3588 4154 τουτέστι
3611 4096 3699 4155 τοὺς
3720 4094 3760 4143 ἐκ

2287 4196 2383 4266 τῆς
2412 4197 2604 4265 γηῖνης
2652 4196 2848 4267 σαρκὸς
2879 4196 3181 4267 προϊόντας,
3221 4194 3343 4248 καθ’
3383 4193 3593 4252 ἑκάστην
3622 4189 3758 4238 ἔννοιαν

2286 4286 2382 4356 τὴν
2422 4288 2550 4357 περὶ
2588 4286 2721 4339 Θεοῦ
2751 4286 3059 4353 ἐξαφανίζει
3102 4288 3162 4339 ἔκ
3191 4287 3290 4356 τῆς
3339 4287 3465 4347 ξδίας
3491 4274 3758 4371 notasse;

2287 4377 2492 4430 ἑαυτῶν
2527 4377 2890 4449 ἐκκαθαίριιιν.
2939 4379 3128 4448 Πρωῖα
3166 4372 3256 4429 οὖν
3294 4380 3384 4430 καὶ
3410 4374 3583 4445 ὄρθρος
3605 4371 3649 4421 ὲν
3666 4366 3755 4432 (ξ’-¹ῖί

617 4456 719 4513 ties
744 4458 1000 4515 salutaris
1038 4461 1309 4533 dogmatis
1361 4478 1513 4525 ortus
1566 4471 1797 4538 accidit,
1844 4490 1954 4543 quo
1995 4490 2184 4531 omnes

2224 4473 2260 4527 ι)
2290 4468 2406 4520 καθ’
2436 4468 2669 4539 ἑκάστην
2710 4469 2969 4539 ἀνατολὴν
3004 4468 3269 4539 σωτηρίου
3316 4459 3563 4537 δόγματος
3601 4460 3755 4528 γίνεται,

615 4550 994 4619 cogitationes,
1023 4570 1143 4623 quae
1180 4568 1475 4627 operantur
1506 4562 1868 4632 iniquitatem,
1902 4565 1969 4622 de
2008 4568 2185 4623 medio

616 4640 731 4695 tolli
760 4652 993 4713 oportet.
1018 4643 1131 4700 Nisi
1164 4648 1309 4702 enim
1339 4650 1497 4719 primi
1526 4651 1721 4707 anima).
1755 4662 1935 4709 motus
1966 4654 2034 4709 ad
2065 4671 2183 4711 ma-

615 4734 789 4791 litiam
829 4738 1241 4803 exsciudautur,
1269 4744 1640 4798 necessarium
1681 4753 1767 4799 est
1804 4747 2087 4816 cupidines
2117 4748 2184 4803 ad

615 4840 755 4894 opus
779 4826 1091 4894 procedere.
1134 4827 1375 4901 Exempli
1404 4848 1589 4897 causa,
1621 4845 1876 4903 peccator
1910 4845 2069 4892 terra:
2100 4847 2185 4894 est

617 4916 875 4983 cogitatio
930 4917 1341 4977 fornicationem
1383 4938 1710 4994 suggerens.
1759 4943 1878 4998 qua:
1918 4929 2078 4985 ellicit
2127 4939 2186 4986 ut

618 5010 742 5077 quis
772 5008 1054 5065 mulierem
1096 5014 1352 5083 respiciat
1396 5016 1463 5070 ad
1498 5019 1993 5089 concupiscendum
2025 5038 2181 5080 eam:

619 5098 733 5153 hzec
768 5114 929 5169 porro
963 5100 1068 5157 nisi
1099 5102 1155 5157 in
1180 5105 1359 5160 anima
1390 5107 1670 5163 occidatur
1694 5148 1709 5175 ,
1749 5124 1813 5164 ac
1847 5094 2059 5167 ratione
2084 5128 2183 5169 ceu

618 5190 796 5260 gladio
817 5192 1095 5251 scindente
1118 5207 1171 5250 et
1199 5196 1425 5255 affectus
1454 5201 1675 5265 tollente
1708 5202 1946 5258 credatur
1967 5244 1982 5268 ,
2022 5205 2185 5277 idque

624 5284 673 5337 iu
710 5285 973 5339 matutino
994 5286 1276 5355 clliciatur,
1300 5292 1509 5346 scilicet
1543 5308 1666 5347 cum
1700 5295 1932 5365 primum
1968 5298 2057 5352 illa
2088 5313 2187 5368 pa-

623 5377 726 5431 lam
778 5377 1202 5446 deprehenditur
1248 5384 1395 5452 (nam
1446 5385 1663 5453 quidvis
1702 5389 2055 5459 conspicuum
2089 5392 2184 5446 lux

625 5478 745 5539 est),
782 5479 902 5540 post
934 5472 1079 5527 illam
1112 5474 1165 5527 in
1199 5474 1364 5531 corde
1409 5475 1843 5548 fornicationem,
1870 5481 1936 5535 ad
1963 5484 2187 5552 gravius

625 5560 780 5615 etiam
815 5572 1094 5632 peccatum
1141 5565 1231 5619 illa
1276 5566 1549 5625 hominem
1592 5570 1852 5641 deducet;
1885 5572 2071 5642 idest,
2115 5574 2183 5630 ad

700 5716 733 5743 "
782 5712 963 5768 Matth.
1003 5732 1087 5779 xv,
1131 5716 1211 5781 19,
1241 5718 1328 5771 20.

2288 4560 2344 4610 ἐν
2461 4559 2878 4627 ἐξαφανὶζεσθαι
2919 4561 3001 4612 δεῖ
3045 4561 3249 4622 πάντας
3285 4561 3410 4621 ’τοὺς
3454 4550 3755 4627 ἐργαζομένους

2286 4650 2382 4720 τὴν
2415 4652 2643 4720 ἀνομίαν
2688 4650 2999 4719 λογισμούς.
3039 4653 3101 4704 Εἰ
3136 4658 3244 4720 γὰρ
3279 4662 3354 4721 μη
3387 4650 3450 4702 τὰ
3484 4646 3640 4717 πρῶτα

2286 4743 2550 4813 πονηρίας
2571 4744 2844 4813 κινήματα
2870 4744 2968 4814 τῆς
2994 4743 3167 4814 ψυχῆς
3196 4742 3505 4814 ἐκτμηθείῃ,
3528 4738 3690 4801 ἀνάγκη
3708 4743 3755 4785 εις

2286 4834 2443 4904 ἔργον
2470 4837 2826 4907 προχωρῆσαι
2858 4835 2949 4899 τάς
2970 4836 3289 4905 ἐνθυμήσεις
3306 4849 3319 4861 ⁸
3348 4829 3453 4887 οἷον
3478 4831 3563 4899 γῆς
3584 4829 3757 4896 ἁμαρτω

2284 4926 2374 4989 λός
2408 4930 2553 4980 ἐστιν
2586 4931 2613 4979 6
2644 4931 2742 4989 τὴν
2775 4927 3014 5001 μοιχείαν
3044 4928 3358 4981 ὑποϐἀλλων
3386 4922 3637 4993 λογισμὸς,
3660 4919 3755 4969 ὅστις

2284 5020 2497 5090 ἐνεργεῖ
2521 5020 2582 5074 τὸ
2611 5020 2877 5090 ἐμϐλέψαι
2908 5021 3121 5089 γυναικὶ
3157 5020 3291 5091 πρὸς
3314 5019 3373 5072 τὸ
3398 5006 3756 5107 ausaausa}:

2284 5115 2381 5185 τῆς
2399 5130 2412 5143 ’
2442 5106 2593 5178 οὗτος
2615 5118 2710 5167 ἐὰν
2738 5116 2811 5185 μὴ
2838 5113 3148 5183 ἀποκτανοῇ
3176 5115 3238 5165 ὲκ
3265 5113 3359 5180 τῆς
3378 5110 3553 5179 ψυχῆς,
3572 5103 3755 5198 οἱονειὶῄςι·

2286 5225 2373 5276 φει
2394 5207 2498 5259 τινὶ
2523 5206 2599 5277 τῷ
2620 5206 2869 5276 τμητικῷ
2889 5206 3029 5276 λόγῳ
3053 5208 3144 5258 καὶ
3162 5202 3487 5273 ἀφανιστικῴ
3502 5199 3591 5252 τῶν
3610 5191 3751 5277 milia.

2286 5300 2377 5350 καί¹
2404 5296 2562 5350 τοῦτο
2591 5302 2814 5368 γένηται
2838 5299 2894 5349 ἐν
2918 5298 3118 5368 πρωῖᾳ,
3146 5298 3385 5348 τουτέστι
3405 5292 3529 5346 κατά
3548 5288 3624 5357 τὴν
3643 5284 3698 5340 εἰς

2285 5390 2513 5461 φανερὸν
2550 5390 2892 5459 ἀποκάλυψιν
2937 5392 3063 5457 (πᾶν
3092 5388 3199 5459 γὰρ
3230 5388 3289 5440 τὸ
3318 5379 3751 5477 φανερούμενοι

2284 5482 2445 5552 ἐστι),
2468 5483 2608 5553 μετά
2622 5482 2719 5550 τὴν
2736 5485 2791 5535 ἐν
2810 5481 3003 5552 καρδίᾳ
3026 5481 3285 5551 μοιχείαν,
3307 5480 3393 5532 καὶ
3408 5476 3490 5530 ἐπὶ
3504 5473 3583 5569 τὴν

2283 5573 2485 5644 ταύτης
2510 5574 2787 5645 ἁμαρτίαν
2810 5572 3033 5644 προάξει
3059 5574 3147 5625 τὸν
3172 5571 3461 5643 ἄνθρωπον,
3484 5562 3595 5637 πρὸς
3613 5562 3751 5625 τίίνθίί
