3964 6516
142 358 169 412 1
181 356 298 414 249

1287 367 1783 425 COMMENTARIA
1826 371 1890 427 IN
1930 372 2267 433 PSALMOS.

3286 382 3421 437 I‘BIO

135 477 247 531 τοῦ
284 476 533 549 σώματος
562 478 837 549 ἐνέργειαν
884 479 1046 533 αὐτὸν
1081 483 1499 555 ἐκκαλούμενος,
1563 485 1724 540 Τοῦτι

1835 501 2162 558 corporeum
2209 505 2349 560 opus
2387 490 2656 547 evocabit.
2688 487 2742 545 ld
2802 490 2988 561 itaque
3045 491 3178 546 dicit
3226 491 3417 559 David,

134 566 244 626 οὖν
272 570 419 638 λέγει
451 570 612 622 Δαυῒδ
643 570 753 636 ὅτι,
785 570 923 635 Τοὺς
956 573 1310 644 ἁμαρτωλοὺς
1340 577 1433 629 καὶ
1465 578 1730 648 ἐμπαθεῖς

133 659 450 730 λογισμοὺς
487 662 613 725 τοὺς
656 664 719 716 ὲκ
750 662 845 716 τοῦ
882 663 1119 731 γεώδους
1156 664 1405 735 σώματος
1429 668 1732 737 φυομένους

134 755 274 816 ταῖς
318 753 566 816 ὲωθιναῖς
602 758 933 825 προσευχαῖς
972 756 1065 809 καὶ
1101 760 1167 828 τῇ
1224 758 1358 829 πρὸς
1396 759 1528 813 Θεὸν
1562 778 1730 831 προσ-

134 842 306 914 εδρίᾳ
334 843 589 908 ἐκόλαζον
607 862 621 876 ’
650 847 742 899 κα)⁵
774 847 851 918 τῷ
879 849 1017 917 φωτὶ
1047 848 1147 919 τῆς
1170 848 1423 917 γνώσεως
1454 851 1549 905 καὶ
1569 855 1635 922 τῇ
1662 853 1730 906 δι’

132 933 591 1006 ὲξομολογήσεως
621 939 926 1008 φανερώσει
951 940 1219 1012 διέκρινον
1245 943 1339 996 καὶ
1370 944 1732 1017 ὲξωλόθρευον

126 1026 214 1080 τὰ
234 1027 331 1081 τοῦ
355 1027 601 1098 σώματος
623 1029 791 1101 πάθη,
816 1031 910 1083 καὶ
932 1034 1058 1097 τοὺς
1077 1034 1414 1104 ἀνομοῦντας
1436 1035 1732 1107 λογισμοὺς

132 1119 210 1173 ὲκ
242 1121 344 1191 τῆς
390 1121 618 1192 καρδίας
659 1140 779 1193 μου.
821 1123 968 1196 Αὕτη
998 1122 1108 1196 γάρ
1150 1127 1298 1180 ἐστιν
1344 1130 1376 1199 ὴ
1427 1128 1582 1192 πόλις
1633 1129 1728 1182 τοῦ

129 1211 357 1283 Κυρίου
378 1252 391 1275 ,
418 1212 494 1275 ὡς
520 1208 665 1277 οἶκος
683 1214 778 1268 τοῦ
813 1216 967 1284 ἁγίου
996 1217 1312 1288 Πνεύματος
1330 1260 1345 1287 ,
1373 1219 1517 1273 κατὰ
1544 1220 1632 1273 τό-
1666 1222 1730 1273 Οἱ

130 1303 408 1371 θεμέλιοι
443 1305 630 1359 αὐτοῦ
658 1305 728 1359 ἐν
769 1307 893 1375 τοῖς
919 1309 1084 1377 ὄρεσι
1111 1310 1238 1377 τοῖς
1268 1311 1458 1380 ἁγίοις
1477 1328 1490 1341 ο
1531 1310 1730 1381 ἀγαπᾷ

131 1394 364 1462 Κύριος
387 1394 495 1461 τὰς
526 1398 723 1463 πύλας
744 1399 897 1453 Σιὼν
920 1400 1072 1470 ὑπὲρ
1099 1402 1296 1463 πάντα
1322 1403 1394 1457 τὰ
1419 1406 1730 1474 σκηνώμα-

130 1501 219 1537 τα
268 1485 492 1541 Ἰακώϐ.
559 1487 975 1558 Δεδοξασμένα
1014 1491 1287 1561 ἐλαλήθη
1319 1496 1451 1562 περὶ
1491 1495 1638 1557 σοῦ,
1687 1495 1726 1563 ἠ

133 1578 326 1643 πόλις
344 1578 448 1631 τοῦ
471 1580 637 1633 Θεοῦ.
658 1582 867 1636 Οὐκοῦν
884 1583 1071 1655 ἐπειδὴ
1101 1585 1282 1657 πληγή
1309 1589 1472 1652 ἐστιν,
1496 1587 1573 1651 ὼς
1592 1587 1727 1659 ἀλη-

134 1666 257 1730 Θῶς
277 1710 292 1733 ,
316 1668 455 1721 κατὰ
474 1668 582 1722 τῶν
615 1670 823 1741 ἀρετῶν
845 1674 878 1742 ή
899 1673 994 1745 τῆς
1021 1674 1218 1738 κακίας
1239 1675 1526 1746 εὐημερία,
1552 1676 1730 1740 καλῶς

132 1758 260 1827 ἔχει
298 1759 389 1812 τὸν
422 1762 757 1831 προφητικὸν
787 1762 1136 1833 ζηλώσαντας
1162 1765 1318 1833 λόγον
1360 1768 1572 1839 πρωῒαν
1603 1768 1728 1821 ἑαυ-

1834 575 2160 634 Peccatores
2194 579 2317 634 illos
2345 587 2399 634 et
2432 580 2792 651 cogitationes
2839 578 3176 649 atiectusque
3204 596 3267 636 ex
3309 591 3421 637 ter-

1833 683 1967 724 reno
1997 683 2227 739 corpore
2272 678 2445 735 ortos,
2480 671 2765 726 matutinis
2795 670 3161 734 orationibus,
3194 678 3249 726 et
3276 673 3419 729 assi-

1832 759 1957 815 duis
1985 760 2051 814 ad
2081 759 2253 815 Deum
2280 761 2499 818 emissis
2527 762 2782 832 precibus
2810 761 3166 831 castigabam,
3197 776 3262 816 ac
3296 762 3420 819 lucc

1832 848 2182 918 cognitionis,
2207 850 2684 920 declarationeque
2706 865 2802 920 ρον
2825 850 3226 904 confessionem
3251 852 3416 919 edita,

1833 955 2129 1010 corporeos
2172 940 2400 996 aﬂ‘ectus
2429 948 2484 996 et
2517 942 2715 1011 impias
2743 942 3104 1012 cogitationes
3135 940 3417 1000 discerne-

1832 1030 1979 1095 bam,
2010 1047 2186 1103 exque
2218 1033 2384 1088 corde
2419 1049 2541 1089 meo
2570 1035 3022 1090 exterminaham.
3062 1033 3177 1089 Hoc
3217 1035 3418 1107 quippe

1833 1128 1918 1175 est
1960 1121 2155 1178 civitas
2206 1123 2425 1179 Domini
2479 1116 2667 1195 utpote
2715 1125 2915 1181 domus
2948 1124 3189 1196 Spiritus
3213 1130 3415 1192 sancti,

1833 1213 2133 1267 secundum
2203 1214 2334 1270 illud
2382 1234 2395 1270 :
2442 1213 2820 1271 Fundamenta
2868 1217 2986 1285 ejus
3039 1221 3093 1272 in
3148 1221 3416 1274 montibus

1830 1305 2067 1370 sanctis;
2099 1306 2282 1377 diligit
2326 1308 2581 1362 Dominus
2613 1316 2812 1376 'portas
2870 1308 2997 1363 Sion
3047 1326 3202 1379 super
3238 1314 3417 1366 omnia

1832 1396 2173 1452 tabernacula
2208 1399 2397 1455 Iacob.
2436 1399 2683 1454 Gloriosa
2705 1402 2849 1455 dicta
2891 1413 3012 1457 sunt
3040 1403 3103 1457 de
3130 1414 3202 1468 te,
3234 1405 3415 1459 civitas

1830 1484 1927 1540 Dei
1946 1488 2009 1541 υ.
2062 1487 2231 1558 Igitur
2258 1490 2388 1560 quia
2434 1491 2652 1545 malitiae
2708 1493 3044 1561 prosperitas
3088 1508 3216 1547 vere
3253 1495 3410 1563 plaga

1832 1577 2091 1633 virtutum
2137 1588 2254 1647 est,
2303 1590 2730 1636 consentaneum
2778 1592 2882 1647 est,
2916 1591 3000 1647 ut,
3034 1583 3413 1653 pr0pheticum

1830 1670 2149 1727 aemulantes
2181 1672 2411 1738 dictum,
2449 1676 2775 1729 matutinum
2798 1675 2959 1729 nobis
2988 1676 3411 1738 constituamus,

1830 1773 1940 1826 quo
1977 1758 2369 1816 interﬁciamus
2413 1777 2603 1816 omnes
2651 1770 2965 1831 peccatores
3010 1772 3192 1829 terrae,
3221 1773 3275 1821 et
3302 1766 3417 1820 dis-

128 1854 260 1914 τοίς
285 1854 486 1916 ποιεῖν,
516 1853 606 1907 διὰ
636 1855 697 1907 τὸ
727 1856 1041 1910 ἀποκτεῖναι
1073 1858 1279 1922 πάντας
1308 1860 1435 1923 τοὺς
1463 1862 1724 1931 ἁμαρτω-

1828 1850 2118 1919 perdamus
2147 1851 2214 1907 de
2241 1854 2461 1907 civitate
2483 1852 2719 1919 Domini,
2738 1871 2857 1925 quae
2876 1864 2960 1911 est
2996 1856 3202 1920 anima,
3222 1870 3414 1911 omnes

130 1940 270 2005 λοὺς
295 1943 397 2014 τῆς
426 1945 530 2015 γῆς
574 1945 669 1998 τοῦ
716 1946 1095 2018 ὲξολοθρεῦσαι
1149 1950 1213 2003 ὲκ
1255 1951 1464 2016 πόλεως
1496 1952 1723 2022 Κυρίου,

128 2034 289 2106 ψυχὴ
326 2036 382 2088 δὲ
419 2039 452 2108 ἡ
485 2037 669 2100 πόλις,
699 2038 907 2103 πάντας
932 2042 1057 2104 τοὺς
1088 2041 1379 2113 λογισμοὺς
1410 2044 1535 2107 τοὺς
1564 2045 1727 2114 ἐργα-

130 2125 406 2196 ζομένους
428 2128 526 2198 τὴν
554 2128 803 2198 ἀνομίαν,
825 2123 898 2183 ὧν
931 2133 959 2185 ό
991 2132 1210 2203 ὄλεθρος
1236 2131 1349 2204 ζωὴ
1383 2133 1591 2201 γίνεται
1618 2133 1725 2186 τῶν

127 2218 464 2289 ἀμεινόνων,
500 2221 639 2275 κατὰ
666 2222 749 2283 τὸ,
792 2223 933 2292 Ἐγὼ
970 2223 1279 2279 ἀποκτενῶ
1303 2226 1399 2278 καὶ
1424 2222 1529 2293 ζῇν
1553 2227 1725 2295 ποιή-

128 2322 229 2361 σω
255 2325 268 2339 ·
297 2309 560 2377 πατάξω,
584 2311 745 2381 κάγὼ
772 2312 1038 2383 ἰάσομαι,
1064 2315 1161 2367 καὶ
1186 2318 1295 2369 οὐκ
1314 2315 1485 2370 ἔστιν
1524 2316 1592 2383 ὃς
1632 2318 1728 2382 ἐξ·

128 2399 357 2453 ελεῖται
388 2401 455 2454 ἐκ
489 2401 606 2455 τῶν
636 2403 848 2475 χειρῶν
886 2423 1025 2474 μου.
1058 2407 1452 2477 Νεκρουμὲνων
1485 2410 1594 2480 γὰρ
1620 2410 1729 2462 τῶν

135 2490 320 2560 μελῶν
345 2493 453 2548 τῶν
472 2493 565 2546 ἐπὶ
589 2494 691 2565 τῆς
708 2494 831 2564 γῆς,
862 2496 1311 2567 ὑπωπιαζομένου
1340 2516 1400 2551 τε
1429 2501 1522 2553 καὶ
1543 2499 1729 2553 δουλα-

131 2599 322 2650 γωγου
330 2583 489 2654 μένου
515 2585 610 2638 τοῦ
638 2584 909 2657 σώματος,
928 2588 985 2641 αί
1009 2590 1071 2641 ἐκ
1087 2588 1186 2659 τῆς
1206 2589 1407 2661 σαρκὸς
1422 2590 1532 2643 τῶν
1553 2591 1668 2661 ἁμα
1676 2609 1731 2662 ρ-

132 2689 204 2743 τη
214 2674 399 2743 μάτων
425 2676 673 2747 ἀφορμαὶ
695 2679 794 2748 οὐχ
822 2672 931 2732 οἷαί
957 2680 1016 2733 τέ
1042 2682 1177 2734 εἰσιν
1199 2683 1407 2752 ἐγεῖραι
1436 2682 1727 2754 λογισμοὺς

132 2766 204 2835 τῇ
251 2764 393 2837 ψυχῇ
434 2769 559 2830 τοὺς
591 2768 922 2834 σπεύδοντας
960 2771 1027 2824 δι’
1064 2771 1260 2843 ἡδονῆς
1300 2774 1597 2827 ἀπόλαυσιν
1628 2775 1728 2843 τὴν

134 2857 368 2925 ἀνομίαν
402 2862 603 2911 ποιεῖν’
653 2862 749 2915 καὶ
776 2861 963 2915 λοιπὸν
998 2860 1130 2927 ζῶσι
1176 2863 1243 2917 τὰ
1276 2864 1583 2936 κρείττονα.
1640 2868 1730 2917 Δεῖ

134 2948 314 3003 τοίνυν
338 2951 484 3020 ἡμᾶς
516 2950 590 3021 μὴ
615 2953 772 3021 μόνον
802 2953 990 3007 παθῶν
1020 2951 1158 3009 εἶναι
1185 2958 1512 3026 σωματικῶν
1536 2975 1727 3027 φονευ-

134 3040 271 3106 τὰς,
306 3042 441 3096 ἀλλὰ
479 3045 572 3096 καὶ¹
610 3043 720 3096 τῶν
753 3044 897 3099 κατὰ
932 3045 1109 3117 ψυχὴν
1152 3048 1416 3117 ἐμπαθῶν
1447 3049 1727 3120 λογισμῶν

137 3130 433 3203 όλετῆρας.
503 3134 841 3207 Ἀμαρτωλοὶ
869 3136 979 3207 γὰρ
1004 3137 1108 3207 γῆς
1131 3138 1198 3192 τὰ
1223 3138 1315 3192 τοῦ
1343 3138 1593 3210 σώματος
1614 3141 1692 3193 πά
1710 3170 1725 3181 -

136 3222 234 3293 Θη,
264 3224 622 3296 ἐργαζόμενοι
656 3226 712 3280 δὲ
734 3228 964 3299 ἀνομίαν
986 3231 1049 3283 ἐκ
1079 3230 1285 3295 πόλεως
1312 3233 1519 3304 Κυρίου
1548 3234 1726 3300 ἐξολο-

104 3352 109 3356 -
136 3312 478 3386 θρευόμενοι,
513 3318 611 3387 τῆς
642 3319 817 3391 ψυχῆς
836 3323 885 3373 οί
914 3322 1244 3392 ἀνομοῦντες
1263 3322 1534 3395 λογισμοί.
1568 3324 1727 3380 Κατὰ

137 3407 195 3459 δὲ
212 3407 272 3459 τὸ
290 3409 475 3479 ῥητὸν,
507 3410 872 3477 Ἀπέκτεινον,
896 3415 1049 3486 φησὶ,
1078 3415 1205 3478 τοὺς
1221 3416 1602 3487 ἁμαρτωλοὺς,
1626 3419 1725 3489 χά-

138 3512 228 3564 ριν
248 3495 342 3549 τοῦ
357 3497 732 3568 ἐξολοθρεῦσαι
750 3502 875 3564 τοὺς
893 3504 1363 3574 παρανομοῦντας,
1383 3507 1466 3559 ἵνα
1481 3508 1581 3578 τὴν
1598 3511 1725 3561 ἁπο-

134 3586 331 3655 τομίαν
361 3588 461 3658 τῆς
488 3589 760 3654 κολάσεως
788 3593 821 3661 ὴ
854 3596 1170 3665 παρανομία
1217 3596 1490 3666 βλέπουσα
1530 3615 1725 3653 συστα-

136 3678 202 3749 λῇ
246 3679 338 3731 καὶ
383 3681 678 3753 ἀφανισθῇ.
750 3682 813 3735 Ἦ
855 3682 914 3736 δὲ
943 3688 1126 3756 πρωῖα
1158 3688 1219 3740 τὸ
1253 3690 1541 3745 σπουδαῖον
1572 3691 1724 3762 δηλοῖ

135 3768 278 3822 κατὰ
298 3769 358 3822 τὸ
386 3771 546 3841 τάχος
565 3789 578 3803 ο
607 3773 837 3843 νόμιμος
856 3774 914 3827 δὲ
945 3778 977 3846 ἡ
1006 3778 1115 3833 τῶν
1142 3780 1393 3851 πονηρῶν
1416 3781 1687 3852 ἐξαίρεσις
1704 3800 1717 3812 ’

154 3860 473 3929 Ἐξαιρεῖτε
502 3863 609 3934 γὰρ
633 3904 646 3927 ,
674 3866 837 3935 φησι,
869 3867 977 3921 τὸν
999 3870 1266 3938 πονηρὸν
1290 3872 1361 3935 ἐξ
1388 3872 1572 3941 ὑμῶν.

145 3975 513 4050 neoterxn
556 3980 643 4049 Τῼ
680 3980 931 4050 ΠΤΩΧῼ,
975 3982 1157 4035 OTAN
1197 3983 1568 4050 ΑΚΗΔΙΑΣῌ.
1596 3987 1717 4039 ΚΑΙ

215 4039 927 4170 ξιξῗιδὶιξιοΡἊςιιΥΡιοῑί
970 4052 1211 4126 tamen
1271 4055 1413 4108 THN
1462 4039 1715 4109 AEHXIN

208 4230 382 4297 Κύριε
406 4269 419 4290 ,
455 4231 823 4292 εἰσάκουσον
848 4234 958 4304 τῆς
987 4235 1333 4304 προσευχῆς
1359 4253 1509 4305 μου,
1545 4238 1644 4291 καὶ
1675 4239 1714 4305 ἡ

1827 1942 2187 2011 cogitationes
2218 1958 2508 2015 operantes
2534 1948 2914 2017 iniquitatem;
2938 1963 3169 2017 quarum
3185 1948 3414 2003 exitium

1827 2035 2115 2090 meliorum
2142 2037 2253 2091 vita
2275 2046 2379 2103 est,
2410 2041 2713 2095 secundum
2747 2039 2902 2105 illud,
2942 2039 3053 2112 Ego
3087 2039 3345 2100 occidam,
3366 2050 3413 2092 et

1825 2124 1993 2180 vivere
2029 2126 2260 2195 faciam;
2298 2129 2610 2198 percutiant,
2644 2138 2693 2183 et
2727 2145 2819 2199 ego
2850 2129 3075 2193 sandho,
3102 2138 3149 2183 et
3191 2144 3295 2182 non
3335 2141 3414 2180 est

1827 2215 1917 2284 qui
1945 2214 2009 2270 de
2040 2218 2284 2272 manibus
2330 2220 2459 2273 meis
2488 2221 2653 2288 possit
2698 2236 2881 2274 eruere
2901 2219 2964 2274 ".
2995 2218 3129 2273 Nam
3182 2216 3413 2272 mortifi-

1828 2308 1973 2363 catis
2006 2310 2268 2365 membris
2297 2326 2416 2380 quae
2457 2319 2584 2364 sunt
2634 2327 2800 2380 super
2830 2319 3057 2375 terram,
3088 2318 3141 2364 et
3197 2310 3415 2364 sublato

1826 2398 1881 2451 in
1910 2402 2338 2473 servitutemque
2371 2402 2593 2456 redacto
2624 2417 2875 2471 corpore,
2896 2402 3145 2456 carnales
3177 2400 3242 2454 ad
3286 2416 3415 2469 pec-

1828 2500 1950 2545 cata
1997 2493 2232 2564 impetus
2269 2496 2624 2565 cogitationes
2656 2497 2708 2549 in
2732 2495 2911 2548 anima
2943 2494 3183 2547 excitare
3212 2506 3416 2561 neque-

1829 2590 1951 2646 unt,
1970 2597 2091 2651 qua:
2107 2599 2205 2653 pro
2227 2586 2508 2654 voluptate
2541 2585 2774 2640 fruenda
2798 2582 2866 2637 ad
2895 2582 3234 2653 iniquitatem
3257 2596 3415 2636 exer-

1828 2676 2057 2733 cendam
2098 2676 2328 2731 incitent
2358 2695 2370 2731 :
2408 2693 2468 2732 ac
2503 2678 2548 2733 si
2583 2677 2801 2731 demum
2836 2690 2900 2730 ea
2930 2676 3119 2729 vivunt
3147 2666 3274 2744 qua;
3298 2689 3413 2727 me-

1826 2770 1965 2824 liora
1992 2778 2139 2825 sunt.
2164 2767 2315 2839 Opus
2348 2770 2530 2838 itaque
2556 2778 2639 2823 est
2667 2784 2768 2823 nos
2792 2783 2902 2821 non
2928 2767 3089 2821 modo
3120 2779 3415 2835 corporeo—

1828 2879 1951 2918 rum
1981 2862 2270 2917 aﬂectuum
2319 2860 2721 2924 interfectores,
2755 2860 2847 2916 sed
2888 2868 2942 2915 et
2966 2873 3256 2929 pravarum
3288 2857 3412 2911 ani-

1832 2970 1932 3010 mae
1965 2953 2357 3023 cogitationum
2384 2952 2841 3006 exterminatores
2867 2966 3009 3006 esse.
3048 2949 3182 3003 Nam
3225 2964 3415 3019 pecca-

1832 3054 1978 3100 tores
2006 3052 2166 3099 terra:
2216 3054 2345 3098 sunt
2375 3044 2625 3113 corporis
2671 3042 2932 3110 allectus;
2966 3052 3257 3114 Operantes
3284 3061 3413 3100 vero

1831 3138 2196 3207 iniquitatem,
2233 3136 2328 3206 qui
2360 3135 2428 3191 de
2481 3135 2699 3191 civitate
2731 3134 2943 3190 Domini
2998 3135 3409 3205 disperduntur,

1830 3230 2028 3299 iniquae
2057 3228 2222 3282 animi
2248 3227 2626 3297 cogitationes.
2654 3226 2965 3282 Secundum
2996 3238 3174 3283 autem
3208 3229 3411 3283 dietum

1828 3321 1983 3387 illud,
2040 3320 2460 3385 Interiiciebam,
2524 3322 2619 3379 ait.
2680 3327 3030 3389 peccatores,
3081 3329 3141 3374 ut
3193 3321 3411 3389 iniquos

1826 3412 2285 3477 exterminat-em;
2321 3426 2431 3480 quo
2474 3410 2735 3479 iniquitas
2771 3410 3163 3465 immanitatem
3203 3412 3412 3482 suppli-

1825 3504 1896 3559 cii
1948 3504 2266 3573 conspicata
2319 3503 2671 3557 cohiberetur
2706 3510 2762 3558 et
2794 3502 2862 3557 de
2892 3502 3071 3557 medie
3101 3503 3407 3557 tolleretur.

1824 3595 2149 3651 Matutinum
2188 3610 2353 3665 porro
2403 3594 2741 3665 diligentiam
2801 3594 3045 3649 denotat.
3111 3592 3408 3650 Pravorum

1822 3699 2005 3743 autem
2037 3687 2419 3743 exterminium
2481 3685 2780 3755 legitimum
2824 3694 2909 3742 est
2942 3704 2955 3741 :
2992 3702 3141 3753 nam,
3167 3687 3404 3756 Auferte,

1821 3778 2017 3850 inquit,
2044 3776 2245 3832 malum
2277 3792 2344 3832 ex
2375 3776 2598 3831 vobis“.

1820 3977 2079 4034 ORATIO
2121 3975 2445 4041 PAUPERI,
2487 3974 2631 4030 CUM
2682 3973 2941 4029 ANXIUS
2979 3973 3257 4043 FUERIT,
3315 3975 3405 4030 ET

1893 4050 1954 4103 IN
2011 4047 2416 4105 CONSPECTU
2471 4044 2710 4101 DOMINI
2788 4044 3178 4099 EFFUDERIT
3246 4045 3405 4100 PRE-

1888 4120 2027 4175 CEM
2071 4118 2281 4174 SUAM.
2326 4117 2411 4171 CI.

1887 4232 2055 4289 Vens.
2093 4231 2217 4286 2-6.
2252 4230 2497 4291 Domine.
2528 4228 2725 4284 exaudi
2778 4229 3070 4282 orationem
3115 4245 3305 4291 meam,
3353 4240 3403 4283 et

135 4320 365 4391 κραυγή
392 4340 513 4390 μου
543 4324 694 4392 πρὸς
724 4326 799 4381 σὲ
821 4327 1060 4383 ἐλθέτω.
1092 4327 1190 4396 Μὴ
1217 4328 1613 4397 ἀποστρέψῃς
1645 4330 1713 4384 τὸ

1828 4326 2017 4381 :Iamor
2050 4342 2194 4380 meus
2219 4314 2289 4379 ad
2322 4333 2370 4377 te
2403 4323 2596 4378 veniat.
2632 4320 2757 4375 Non
2782 4331 2988 4375 avertas
3021 4321 3211 4389 [aciem
3253 4334 3402 4375 tuam

133 4410 458 4479 πρόσωπόν
481 4426 599 4467 σου
630 4415 731 4468 ἀπ’
757 4415 903 4485 ἐμοῦ
923 4458 940 4483 ,
989 4416 1084 4472 καὶ
1119 4417 1189 4471 τὰ
1240 4417 1385 4487 ἑξῆς.
1432 4419 1645 4491 Ἐπειδὴ
1678 4420 1710 4490 ἡ

1828 4435 1846 4472 ι
1870 4434 1970 4483 me,
1997 4427 2103 4473 etc.
2160 4416 2428 4482 Quoniam
2479 4413 2673 4469 titulus
2707 4414 2789 4469 sic
2819 4412 3010 4476 habet,
3053 4411 3241 4466 Oratio
3269 4428 3403 4480 pau-

134 4503 412 4575 ὲπιγραφὴ
447 4503 593 4575 ἔχει,
629 4507 945 4578 Προσευχὴ
986 4508 1067 4575 τῷ
1095 4508 1307 4579 πτωχῷ
1333 4551 1348 4575 ,
1378 4508 1526 4564 ὅταν
1564 4511 1711 4579 ἀκη-

1828 4510 1948 4571 υενὶ,
1973 4523 2092 4562 cum
2108 4507 2299 4560 anxius
2334 4505 2516 4574 fuerit,
2550 4514 2600 4557 et
2630 4504 2684 4557 in
2721 4517 2999 4572 conspectu
3026 4500 3241 4554 Domini
3262 4502 3400 4569 effu-

132 4593 313 4663 δαίσῃ
329 4633 343 4657 ,
370 4596 468 4649 καὶ
493 4597 770 4651 ἐναντίον
786 4600 1007 4667 Κυρίου
1029 4600 1208 4671 ἐκχέῃ
1236 4601 1352 4670 τὴν
1372 4600 1585 4670 δέησιν
1604 4604 1709 4657 αὺ-

1828 4600 1949 4654 ierit
1996 4612 2199 4667 precem
2248 4612 2439 4657 suam,
2506 4594 2594 4648 hic
2654 4606 2948 4662 pauperem
2998 4591 3293 4662 intelligas,
3352 4594 3399 4647 si

134 4682 242 4736 τοῦ
261 4725 276 4748 ,
308 4686 518 4755 νοήσεις
558 4686 649 4738 τὸν
681 4688 916 4741 ἐνταῦθα
947 4689 1238 4761 λεγόμενον
1271 4693 1487 4762 πτωχὸν
1512 4731 1527 4755 ,
1566 4709 1706 4762 συμ-

1828 4705 1994 4760 ipsum
2025 4703 2151 4743 cum
2193 4688 2287 4740 illo
2334 4685 2429 4756 qui
2473 4685 2666 4739 beatus
2706 4683 3054 4753 praedicatur,
3090 4697 3395 4752 compares,

134 4778 343 4831 ϐάλλων
375 4779 537 4832 αὑτὸν
559 4778 636 4850 τῷ
668 4782 1107 4853 μακαριζομένῳ,
1136 4784 1278 4838 κατὰ
1302 4784 1388 4837 τό’
1416 4782 1708 4853 Μακάριοι

1828 4782 2119 4838 secundum
2174 4780 2342 4843 illud,
2391 4778 2547 4832 Beati
2589 4793 2844 4846 pauperes
2893 4778 3105 4845 spiritu,
3146 4779 3396 4847 quoniam

132 4873 189 4924 oi
217 4870 433 4937 πτωχοὶ
466 4869 546 4935 τῷ
581 4872 890 4940 πνεύματι,
925 4872 1015 4926 ὅτι
1052 4876 1249 4929 αὐτῶν
1274 4875 1444 4928 ἐστιν
1463 4877 1501 4942 ἡ
1524 4876 1707 4938 βασι-

1828 4876 2161 4950 ῐρεοτιιηιοεει
2191 4887 2407 4941 regnum
2437 4868 2685 4923 cwlorum
2712 4868 2775 4921 η.
2816 4868 3030 4922 Amicto
3079 4870 3204 4922 item
3263 4885 3395 4939 pau-

130 4962 269 5017 λεία
302 4960 417 5015 τῶν
449 4963 740 5029 οὐρανῶν.
815 4965 1099 5035 Ἀρμόσειε
1132 4966 1175 5018 δ’
1192 4966 1273 5032 ,ἂν
1302 4966 1379 5034 τῷ
1413 4966 1707 5035 ἁκηδιῶντι

1828 4963 1925 5034 κεί
1974 4962 2109 5018 illud
2141 4961 2432 5033 aptaveris,
2471 4959 2621 5014 Beati
2671 4959 2853 5028 ﬂentes
2898 4968 2947 5012 et
2979 4959 3231 5028 lugentes,
3263 4976 3395 5028 quo-

130 5054 330 5125 πτωχῴ
358 5056 450 5108 καὶ
468 5058 528 5111 τό
544 5072 557 5085 ·
585 5055 871 5124 Μακάριοι
894 5059 948 5109 οἱ
968 5057 1280 5122 κλαίοντες
1299 5058 1395 5111 καὶ
1421 5057 1711 5112 πενθοῦν-

1828 5054 1954 5107 tiam
2001 5051 2101 5120 ipsi
2143 5049 2638 5105 consolabuntur".
2662 5047 2927 5118 Quisquis
2962 5048 3108 5104 enim
3141 5046 3251 5103 Deo
3298 5050 3395 5102 ad-

129 5162 250 5211 τες,
268 5146 353 5199 ἔτι
373 5148 538 5201 αὐτοὶ
569 5147 1156 5216 παρακληθήσονται.
1187 5148 1300 5211 Πᾶς
1321 5145 1610 5217 τοιγαροῦν
1630 5145 1707 5216 τῷ

1828 5143 1991 5199 lictus
2021 5150 2128 5206 est,
2162 5152 2216 5196 et
2242 5141 2336 5212 qui
2366 5141 2423 5195 iu
2452 5141 2575 5195 vitae
2597 5140 2761 5194 rebus
2795 5156 3022 5209 pauper,
3049 5140 3191 5210 apud
3222 5139 3389 5194 Deum

127 5236 250 5307 Θεῷ
274 5237 628 5309 ἀνακείμενος
646 5279 661 5303 ,
692 5237 989 5307 πτωχεύων
1016 5238 1072 5288 ὲν
1098 5239 1211 5299 τοῖς
1258 5235 1351 5288 τοῦ
1399 5234 1514 5304 βίου
1558 5234 1703 5305 πρά-

1828 5244 1991 5288 tutem
2023 5234 2176 5289 dives
2201 5242 2304 5296 est,
2336 5232 2527 5288 dolens
2565 5234 2944 5297 contristatur,
2966 5242 3059 5286 aut
3086 5231 3387 5286 secundum

125 5344 323 5401 γμασι⁶
362 5330 510 5399 παρὰ
537 5329 592 5382 δὲ
622 5328 740 5401 Θεῴ
762 5328 1026 5391 πλουτῶν,
1051 5328 1247 5399 ἁκηδιᾷ
1266 5327 1621 5397 λυπούμενος,
1648 5328 1704 5398 ἦ,

124 5419 343 5487 ἀθυμίᾳ
370 5461 383 5483 ,
416 5418 556 5472 κατὰ
583 5419 680 5489 τὴν
707 5418 801 5471 τοῦ
834 5419 1130 5489 Συμμάχου
1174 5416 1501 5488 ἑρμηνείαν,
1565 5435 1703 5470 κατ-

125 5512 351 5581 έχεται,
388 5512 482 5564 ἐπὶ
502 5515 571 5583 τῇ
603 5512 711 5565 τῶν
735 5510 943 5565 πολλῶν
975 5510 1141 5580 κακίᾳ
1173 5512 1265 5563 καὶ
1292 5509 1564 5580 ἀπωλείᾳ·
1593 5504 1702 5573 οἷος

125 5601 194 5676 ἦν
218 5604 426 5673 ὀλίγων
446 5619 458 5630 ·
485 5604 670 5672 Οῖμοι,
696 5602 781 5657 ὅτι
807 5602 1123 5656 ἀπόλωλεν
1144 5600 1407 5668 εὐλαϐὴς
1430 5601 1547 5656 ἀπὸ
1568 5600 1698 5670 γῆς,

1818 5324 2131 5397 Symmachi
2184 5323 2705 5394 interpretationem,
2735 5324 2961 5377 tristitia
2986 5323 3269 5385 detinetur,
3323 5323 3388 5376 de

1810 5415 2017 5469 malitia
2045 5422 2099 5470 et
2131 5414 2352 5468 interitu
2380 5414 2739 5484 plurimorum
2780 5433 2792 5468 :
2829 5413 3139 5484 cujusmodi
3176 5424 3292 5468 erat
3339 5416 3387 5468 is

1808 5507 1901 5578 qui
1926 5505 2163 5585 dicebat,
2199 5503 2299 5558 llei
2334 5505 2481 5569 mihi,
2518 5506 2643 5575 quia
2676 5506 2836 5573 periit
2878 5504 2998 5571 pius
3039 5502 3102 5557 de
3144 5513 3303 5566 terra,
3335 5515 3384 5557 et

1810 5603 1863 5654 in
1896 5598 2192 5654 hominibus
2220 5614 2322 5652 non
2354 5606 2431 5652 est
2462 5600 2549 5668 qui
2585 5607 2722 5652 recte
2756 5606 2924 5668 agat:
2952 5612 3127 5655 omnes
3157 5594 3225 5649 ad
3256 5612 3377 5649 san.

2208 5782 2249 5813 ⁸⁸
2292 5779 2480 5835 Matth.
2521 5795 2573 5842 ν,
2609 5777 2663 5832 ὖ.
2743 5777 2785 5808 ¹⁶
2824 5774 3038 5842 Luem,
3069 5773 3159 5827 2i.

207 5785 245 5816 ¹²
290 5783 430 5838 Psal.
472 5799 701 5847 LXXXVI,
737 5782 799 5848 ἓ,
838 5783 889 5837 5.
971 5779 1013 5816 ¹³
1051 5780 1205 5845 Deut.
1246 5798 1425 5849 xxxii,
1459 5783 1546 5838 59.
1630 5782 1669 5814 ”
1709 5782 1724 5837 1

1828 5798 1887 5836 η’.
1930 5783 1961 5837 5
1985 5823 1999 5847 ,
2038 5782 2122 5839 15.
