3964 6522
663 351 800 407 1251

1373 352 1645 412 EUSEBll
1682 351 2164 410 CIESAREENSIS
2203 351 2354 410 OPP.
2387 350 2570 407 PARS
2609 349 2698 408 ΙΙΙ.
2737 383 2808 393 ——
2848 350 3253 407 EXEGETICA.
3727 362 3815 420 ηεξ

657 467 863 536 guinem
905 465 1174 537 judicant,
1225 467 1423 538 singuli
1453 469 1752 536 proximum
1799 485 1952 522 suum
1983 467 2235 522 tribulant

2342 468 2440 522 καί
2465 470 2498 521 ό
2518 465 2821 535 κατορθῶν
2838 466 2908 519 ὲν
2927 467 3256 535 ἀνθρώποις
3277 467 3390 536 οὐχ
3409 468 3815 543 ὑπάρχει·ιὰι-τες

659 558 1000 610 tribulatione
1017 559 1090 622 ‘7;
1126 567 1181 612 et
1211 559 1304 628 qui
1357 558 1594 623 (licebat,
1650 559 1772 614 Non
1819 571 1895 614 est
1938 561 2030 630 qui
2070 561 2238 629 faciat

659 651 850 704 bonum
871 651 932 704 ⁸⁸.
957 649 1223 706 Caeterum
1256 667 1462 722 pauper
1488 654 1581 723 qui
1609 652 1676 708 de
1706 653 1774 708 iis
1799 653 2162 708 contristatur
2182 663 2240 708 et

657 744 823 806 dolet,
872 744 1066 799 morbo
1113 760 1216 800 suo
1247 745 1513 802 medelam
1539 746 1816 818 excogitat
1855 765 1867 800 :
1905 747 2020 801 haec
2057 754 2236 801 autem

655 843 774 890 erat
797 836 976 891 oratio
1001 836 1068 891 ad
1103 835 1293 913 Deum,
1321 854 1484 908 quam
1516 839 1689 894 solam
1720 839 1954 893 habebat
1985 839 2240 895 consola-

657 928 880 995 tionem,
912 943 1019 998 qua
1075 930 1313 984 animam
1352 931 1673 1001 expandens
1733 946 1911 995 suam,
1947 939 2001 986 et
2049 946 2238 988 omnes

653 1023 1013 1091 cogitationes
1042 1038 1172 1079 suas
1193 1024 1249 1078 in
1275 1032 1576 1094 conspectu
1617 1022 1712 1079 Dei
1745 1023 2002 1088 offerens.
2033 1025 2240 1079 dicitur

655 1111 720 1183 in.
789 1122 1090 1184 conspectu
1156 1115 1372 1170 Domini
1431 1115 1712 1171 eﬂ‘undere
1783 1116 2239 1186 supplicationem

653 1221 833 1272 suam,
879 1207 1014 1270 sive,
1089 1208 1349 1278 loquelam
1395 1225 1589 1276 suam,
1643 1208 1945 1264 secundum
1993 1206 2243 1279 Symma-

652 1298 837 1354 chum.
894 1299 1007 1356 lmo
1055 1302 1218 1356 etiam
1277 1302 1326 1358 is
1366 1304 1460 1372 qui
1489 1300 1791 1358 secundum
1839 1299 2004 1356 Deum
2032 1313 2240 1370 pauper

652 1398 738 1447 est
758 1431 774 1457 ,
813 1391 866 1446 id
897 1399 1003 1457 est,
1033 1393 1424 1464 prophetarum
1456 1393 1681 1457 chorus,
1715 1393 1904 1447 dolore
1937 1391 2132 1462 plenus
2170 1389 2238 1446 de

652 1483 854 1552 prioris
886 1484 1071 1554 populi
1102 1485 1284 1549 ruina,
1316 1483 1606 1539 Dominum
1647 1484 1782 1553 adit,
1807 1482 2236 1556 supplicationes

652 1589 778 1628 cum
803 1574 1016 1645 jejunio
1061 1583 1114 1632 et
1173 1576 1433 1648 lacrymis
1482 1591 1582 1646 pro
1620 1576 1823 1646 populo
1853 1575 2237 1636 emittens;ut

653 1667 1020 1739 ipse-quoque
1047 1670 1283 1739 populus
1307 1669 1745 1724 misericordiam
1771 1675 2163 1739 consequatur.

2343 561 2430 625 εις
2455 561 2671 629 αἵματα
2703 557 3068 622 δικάζονται,
3112 558 3370 625 ἕκαστος
3397 561 3497 614 τὸν
3530 567 3737 631 πλησίον
3751 571 3816 622 ait.

2345 653 2451 707 τοῦ
2483 653 2872 706 ἐκθλίϐουσιν
2915 650 3164 719 ἐκθλιϐῇ
3186 669 3198 682 ·
3227 652 3325 704 καὶ
3353 653 3383 704 6
3414 653 3595 704 εἰπών·
3621 659 3711 708 Οὐκ
3735 660 3817 714 ἐστι

2345 742 2532 798 ποιῶν
2553 744 2951 813 χρηστότητα.
2989 743 3136 814 Πλὴν
3161 743 3250 796 ἐπὶ
3276 742 3484 807 τούτοις
3505 746 3528 798 6
3735 753 3818 823 ἀκη.

2344 836 2472 890 διῶν
2503 837 2595 890 καὶ
2623 835 2849 907 ἀθυμῶν
2867 876 2881 899 ,
2923 836 3216 907 φάρμακον
3241 836 3339 888 τοῦ
3371 837 3560 900 πάθους
3590 839 3818 910 θεραπευτι-

2346 929 2441 981 κὸν
2472 933 2711 999 περινοεῖ
2738 927 2918 998 ἐαυτῷ
2936 945 2950 958 ·
2978 927 3136 981 τοῦτο
3163 928 3220 981 δὲ
3248 923 3318 1000 ἦν
3348 934 3382 999 η
3413 929 3540 999 πρὸς
3563 929 3639 983 τὸν
3659 931 3818 986 Θεὸνεῦ-

2345 1021 2435 1092 κὴς
2471 1021 2536 1092 ἦν
2568 1021 2733 1092 μόνην
2761 1018 2872 1091 εἶχε
2904 1022 3284 1092 παραμυθίαν,
3315 1021 3384 1073 δι’
3412 1017 3477 1093 ἦς
3498 1021 3700 1085 ὲξιπλῶν
3717 1027 3818 1078 ³ης,

2346 1113 2443 1184 τὴν
2483 1113 2663 1185 ψυχὴν
2687 1157 2700 1178 ,
2749 1116 2844 1167 καὶ
2899 1113 3224 1184 σύμπαντας
3263 1113 3459 1168 ἑαυτοῦ
3484 1117 3598 1178 τοὺς
3619 1115 3818 1186 lampas;

2350 1205 2672 1277 προσφέρων
2693 1203 2922 1258 ἐνώπιον
2940 1203 3035 1258 τοῦ
3054 1203 3214 1268 Θεοῦ,
3237 1204 3454 1273 λέγεται
3474 1204 3674 1259 ἐνώπιον
3685 1209 3816 1276 Κυρίου

2344 1297 2554 1368 ὲκχέειν
2577 1296 2673 1369 τὴν
2697 1296 2879 1368 δέησιν
2901 1295 3090 1360 αὑτοῦ,
3111 1296 3168 1369 ἦ,
3187 1295 3304 1365 τὴν
3323 1298 3650 1366 λογοειοιίατ
3664 1297 3815 1361 ἑαυτοῦ,

2345 1390 2485 1444 κατὰ
2509 1389 2598 1442 τὸν
2630 1389 2944 1460 Σύμμαχον.
2993 1387 3155 1442 Ἀλλὰ
3184 1389 3280 1442 καὶ
3311 1391 3342 1443 6
3374 1389 3510 1442 κατὰ
3531 1389 3647 1443 Θεὸν
3665 1392 3816 1457 παχὺς,

2341 1483 2620 1536 τουτέστιν
2661 1482 2690 1534 6
2735 1482 2844 1535 τῶν
2877 1481 3174 1554 προφητῶν
3203 1481 3402 1553 χορὸς,
3431 1481 3594 1553 λύπης
3620 1483 3816 1553 πεπληρω-

2346 1573 2504 1644 μένος
2528 1572 2620 1626 ὲπὶ
2641 1574 2707 1644 τῇ
2730 1572 2826 1625 τοῦ
2855 1571 3120 1644 προτέρου
3147 1571 3280 1626 λαοῦ
3302 1577 3651 1646 καταστροφῇ,
3669 1576 3816 1646 xposit-

2344 1679 2496 1734 χεται
2525 1661 2605 1732 τῷ
2637 1663 2848 1734 Κυρίῳ,
2878 1662 2978 1726 τὰς
2999 1660 3138 1734 ὑπὲρ
3161 1661 3256 1715 τοῦ
3291 1661 3422 1717 λαοῦ
3447 1665 3731 1735 ἀναπέμπων
3746 1666 3815 1736 δεή-

654 1775 769 1822 σεις
804 1761 942 1832 μετὰ
967 1761 1220 1832 νηστείας
1250 1763 1345 1815 καὶ
1377 1761 1653 1833 δακρύων,
1685 1762 1835 1826 ὅπως
1859 1761 1926 1817 ἂν
1956 1761 2051 1815 xui.
2080 1757 2242 1821 αὐτὸς
2278 1757 2308 1809 6
2340 1753 2466 1818 λαὸς
2491 1754 2832 1826 οἰκτειρήθῇο

726 1848 891 1906 Vsus.
918 1852 970 1906 3.
1003 1850 1069 1906 In
1096 1869 1405 1923 quacunque
1435 1853 1522 1907 die
1557 1852 1784 1907 lribulor
1813 1852 2016 1907 inclina
2041 1850 2110 1905 ad
2158 1867 2239 1906 me
2268 1859 2311 1915 Β

649 1959 834 1998 aurem
889 1953 1056 2000 tuam.
1110 1944 1211 2002 Hic
1247 1945 1468 2002 dicatur
1502 1948 1634 2003 illud
1666 1946 1820 2004 Isaite
1863 1967 1878 2004 :
1915 1948 2162 2011 Domine,
2182 1948 2236 2000 in

650 2037 992 2094 tribulatione
1015 2041 1280 2094 recordati
1311 2058 1493 2097 sumus
1522 2043 1620 2104 tui,
1639 2043 1694 2096 in
1717 2042 2057 2098 tribulatione
2074 2057 2238 2111 parva

649 2131 934 2202 disciplina
964 2119 1062 2188 ιιιᾶ
1084 2135 1233 2190 nobis
1253 2136 1318 2189 ¹⁹.
1350 2136 1490 2192 Ante
1516 2137 1828 2193 alllictionis
1861 2144 2078 2209 tempus
2098 2136 2237 2193 divi-

643 2226 739 2280 nis
758 2227 1015 2296 precibus
1047 2228 1356 2283 vacandum
1401 2235 1507 2294 est,
1541 2243 1720 2300 neque
1757 2229 1936 2285 solum
1958 2230 2012 2283 in
2046 2229 2238 2285 adver-

647 2317 727 2371 sis
765 2317 1125 2386 temporibus.
1163 2317 1260 2372 Hic
1311 2318 1492 2388 itaque
1529 2318 1615 2373 vir
1643 2326 1872 2375 sanctus
1919 2328 2096 2391 rogat,
2127 2335 2236 2374 non

651 2415 710 2462 ut
739 2407 1033 2463 athictione
1063 2417 1268 2473 careat,
1303 2409 1354 2464 id
1409 2410 1554 2465 enim
1608 2410 1726 2466 ﬁeri
1772 2411 1999 2482 nequit;
2047 2411 2141 2466 sed
2177 2419 2236 2466 ut

650 2500 883 2555 amictus
910 2515 978 2554 ne
1009 2509 1319 2570 superetur,
1357 2507 1410 2555 et
1440 2510 1499 2554 ut
1532 2516 1628 2570 spe
1676 2501 1920 2572 gaudens
1961 2516 2237 2556 aerumnas

649 2590 791 2646 {erat
844 2592 899 2645 in
950 2592 1129 2662 iisque
1165 2591 1428 2662 glorietur
1464 2611 1477 2646 :
1529 2591 1828 2646 Tribulatio
1853 2593 1991 2646 enim
2020 2608 2112 2662 per
2139 2607 2238 2660 pa-

650 2685 888 2739 tientiam
935 2694 984 2739 et
1037 2683 1425 2754 probationem,
1483 2699 1624 2754 spem
1677 2694 1892 2756 generat
1913 2685 1979 2738 ὀ.
2027 2683 2236 2738 Exaudi

649 2794 755 2839 me.
776 2779 972 2849 inquit,
996 2777 1050 2832 in
1074 2793 1404 2848 quacunque
1427 2778 1515 2832 die
1544 2777 1797 2843 tribuler,
1840 2777 2044 2832 inclina
2067 2775 2134 2829 ad
2153 2791 2238 2831 me

647 2877 990 2924 mansuetam
1021 2883 1207 2923 aurem
1250 2876 1422 2924 tuam.
1456 2867 1600 2923 Deus
1631 2875 1811 2922 autem
1856 2883 2043 2923 aurem
2080 2867 2238 2922 incli-

647 2976 782 3016 nare
809 2961 1036 3024 dicitur,
1057 2962 1214 3032 quasi
1246 2962 1485 3015 humana
1508 2962 1590 3015 vis
1612 2968 1666 3016 et
1689 2961 1899 3014 clamor
1921 2961 1986 3015 ad
2015 2960 2238 3015 celsitu-

645 3049 829 3102 dinem
881 3047 1104 3104 deitatis
1152 3049 1274 3118 ejus
1305 3050 1614 3120 pertingere
1675 3056 1955 3118 nequeat:
1992 3063 2236 3119 quapro-

649 3148 769 3211 pter
794 3140 912 3210 ipse
940 3155 972 3194 a
1000 3141 1376 3210 magnitudine
1403 3156 1502 3196 sua
1539 3156 1660 3195 sese
1696 3139 2010 3202 demittcns,
2043 3155 2232 3194 aurem

647 3230 878 3284 inclinat
911 3231 998 3294 iis,
1047 3247 1185 3301 quos
1218 3231 1479 3286 exaudire
1520 3231 1799 3301 dignatur.
1841 3230 1973 3284 Illud
2005 3240 2184 3286 autem
2216 3251 2230 3284 :

650 3323 716 3375 In
745 3339 1052 3392 quacunque
1074 3322 1157 3376 die
1182 3323 1441 3388 tribulor,
1480 3339 1545 3378 ac
1569 3323 1615 3378 si
1641 3323 1848 3377 diceret
1889 3343 1901 3377 :
1933 3323 2054 3376 Non
2089 3339 2233 3378 nunc

648 3422 881 3477 tantum,
909 3415 1004 3469 sed
1038 3423 1152 3468 toto
1176 3415 1300 3469 vita:
1337 3428 1471 3468 mete
1507 3423 1773 3484 tempore,
1809 3415 2153 3484 maximeque
2180 3414 2233 3470 in

647 3506 1136 3570 tribulationibus;
1196 3514 1327 3561 tunc
1377 3508 1523 3562 enim
1575 3507 1850 3577 praecipue
1895 3506 2100 3561 auxilio
2149 3513 2236 3561 est

645 3614 806 3670 Opus.
840 3597 949 3653 Aut
979 3598 1214 3654 fortasse
1239 3614 1347 3653 non
1373 3598 1531 3669 quasi
1555 3599 1624 3653 de
1648 3597 1829 3652 futura
1860 3599 2232 3662 tribulatione,

647 3691 744 3748 sed
776 3692 844 3746 de
875 3691 1133 3763 praesenti
1158 3691 1365 3746 dictum
1391 3699 1494 3746 est.
1529 3689 1601 3743 Ea
1635 3690 1779 3745 enim
1813 3691 1933 3761 ejus
1965 3691 2234 3746 sententia

644 3791 730 3837 est
761 3797 773 3834 :
799 3780 937 3848 Quia
963 3781 1088 3838 talis
1117 3782 1232 3836 haec
1260 3783 1378 3836 dies
1394 3789 1500 3844 est,
1530 3791 1588 3835 ut
1609 3782 1728 3852 ejus
1750 3783 2072 3854 gravitatem
2092 3780 2236 3838 ferre

646 3890 758 3930 non
791 3874 1021 3939 valeam,
1067 3871 1288 3928 ﬂectere
1317 3881 1371 3929 et
1420 3884 1733 3945 promptum
1783 3875 2046 3929 auxilium
2090 3889 2232 3944 prte-

646 3969 798 4022 stito.
833 3965 900 4022 In
920 3983 1232 4038 quacunque
1249 3967 1334 4019 die
1361 3967 1664 4021 invocavero
1681 3979 1750 4031 te,
1774 3968 2020 4022 velociter
2037 3967 2235 4022 exaudi

645 4076 748 4116 me.
780 4058 988 4130 Ecquid
1023 4067 1235 4113 tantum
1289 4060 1485 4130 urget?
1523 4075 1645 4128 qua:
1695 4060 1779 4114 vel
1834 4060 2010 4130 qualis
2066 4074 2233 4114 causa

647 4152 992 4208 velocitatis?
1023 4151 1164 4218 Quia
1216 4151 1513 4221 defecerunt
1547 4153 1685 4206 sicut
1722 4152 1900 4221 fumus
1943 4151 2055 4206 dies
2087 4153 2231 4206 mei:

647 4243 910 4314 temporis
961 4245 1282 4299 brevitatem
1329 4253 1384 4300 et
1437 4244 1854 4299 instabilitatem
1893 4259 1994 4315 per
2021 4243 2231 4298 fumum

646 4337 940 4408 signiﬁcat.
969 4335 1038 4390 Et
1059 4354 1182 4391 ossa
1207 4353 1322 4391 mea
1353 4337 1490 4391 sicut
1515 4337 1766 4390 cremium
1788 4345 2062 4390 aruerunt.
2100 4335 2233 4389 Per-

645 4445 832 4484 cussus
865 4446 982 4484 sum
1013 4439 1069 4482 ut
1099 4429 1275 4499 fenum
1296 4439 1343 4484 et
1373 4429 1582 4483 exaruit
1609 4445 1700 4483 cor
1731 4444 1921 4492 meum,
1949 4429 2074 4498 quia
2099 4427 2232 4481 obli~

2425 1835 2527 1900 Ἔν
2544 1840 2584 1917 ᾖ
2613 1847 2689 1900 ἀν
2710 1844 2901 1916 ἡμέρᾳ
2923 1845 3208 1915 θλίϐωμαι
3236 1847 3453 1902 κλῖνον
3471 1850 3607 1916 πρὸς
3616 1851 3678 1918 μὲ
3695 1852 3739 1903 τὸ
3753 1847 3813 1916 ﬂ":

2338 1952 2474 1994 σου.
2542 1938 2804 1993 Ἐνταῦοα
2838 1940 3075 2014 εἰρήσθω
3100 1941 3162 1994 τὸ
3200 1941 3299 1995 τοῦ
3343 1942 3587 1996 Ἦσαῖοψ
3611 1945 3812 2013 Ktiptt,ér

2338 2030 2541 2098 θλίψει
2575 2030 2962 2102 ἐμνήσθημέν
3005 2048 3121 2088 σου
3141 2073 3156 2097 ,
3190 2033 3262 2085 ἐν
3310 2034 3512 2102 θλίψει
3531 2034 3811 2103 μικρᾷήπαιο

2338 2117 2466 2173 δρία
2497 2132 2614 2174 σου
2646 2120 2812 2189 ἡμῖν.
2850 2120 2970 2193 Χρὴ
3007 2122 3066 2176 δὲ
3095 2124 3200 2194 ἄρα
3234 2123 3334 2177 καὶ
3365 2124 3472 2196 πρὸ
3499 2124 3584 2178 τοῦ
3614 2125 3806 2182 bubula.

2338 2212 2458 2274 ταῖς
2492 2211 2792 2282 ἱκετηρίαις
2825 2213 3108 2284 σχολάζειν
3127 2255 3141 2276 ,
3169 2216 3265 2269 καὶ
3299 2216 3378 2286 μὴ
3409 2217 3560 2286 μόνον
3586 2220 3634 2270 ὲν
3659 2221 3737 2280 τοῖς
3752 2235 3808 2270 ιε-

2340 2308 2670 2378 ριστατικοῖς
2691 2308 2921 2377 καιροῖς.
2960 2307 3018 2360 '0
3047 2309 3228 2379 μέντοι
3249 2310 3412 2378 ἅγιος
3431 2310 3625 2381 εὔχεται
3642 2312 3809 2381 οὐχὸπως

2343 2395 2416 2467 μὴ
2446 2394 2600 2468 θλίόῃ
2622 2435 2636 2459 ,
2673 2396 2931 2450 ἀδύνατον
2959 2398 3067 2471 γὰρ
3093 2398 3269 2463 τοῦτο,
3303 2401 3420 2454 ἀλλ’
3445 2403 3581 2466 ὃπως
3602 2403 3809 2472 dubiam;

2342 2489 2418 2560 μὴ
2454 2488 2684 2560 ἡττηθῇ,
2719 2491 2813 2543 καὶ
2843 2491 2993 2556 ὅπως
3026 2494 3091 2563 τῇ
3132 2492 3311 2547 ἑλπίδι
3335 2495 3539 2566 χαίρων
3559 2496 3809 2569 ὑπομένῃιὲς

2341 2579 2548 2651 θλίψεις
2590 2582 2684 2635 καὶ
2716 2582 3068 2654 καυχώμενος
3099 2584 3158 2637 ὲν
3188 2587 3406 2651 αὑταῖς.
3473 2589 3539 2644 Ἠ
3575 2592 3661 2660 γὰρ
3683 2593 3810 2657 θλίψις

2338 2671 2453 2740 τὴν
2471 2673 2690 2727 ἐλπίδα
2705 2673 2801 2728 διὰ
2839 2674 2950 2744 τῆς
2977 2677 3292 2746 ὑπομονῆς
3324 2680 3425 2733 καὶ
3455 2679 3672 2750 δοκιμῆς

2351 2763 2684 2821 Ἐπάκουσον
2705 2763 2800 2822 οὖν
2825 2785 2948 2839 μου.
2977 2770 3162 2840 φησὶν,
3186 2773 3242 2824 ὲν
3332 2773 3398 2826 ἃς
3427 2775 3596 2844 ἡμέρᾳ
3617 2774 3807 2843 Θλίὸωμιι.

2340 2856 2621 2922 ὲπικλίνας
2639 2876 2738 2928 μου
2755 2861 2854 2932 τὴν
2872 2860 3248 2933 φιλάνθρωπον
3260 2865 3453 2937 ἀκοήν.
3465 2867 3646 2920 κλίνειν
3657 2867 3807 2929 δὲὸΘεὲς

2337 2947 2399 3000 τδ
2427 2943 2516 3011 οὖς
2548 2950 2713 3003 αὐτοῦ
2749 2951 3000 3020 λέγεται.
3033 2953 3109 3018 ὡς
3147 2954 3246 3008 οὐκ
3275 2957 3650 3028 ἐφικνουμένης
3673 2961 3806 3028 fit“

2340 3037 2617 3111 θρωπίνης
2647 3041 2930 3112 δυνάμεώς
2959 3062 3018 3098 τε
3064 3049 3159 3100 καὶ
3201 3049 3456 3120 κραυγῆς
3487 3050 3673 3120 φθάνειν
3695 3052 3805 3104 irini

2340 3129 2474 3200 ὕψος
2524 3133 2624 3204 τῆς
2667 3135 2834 3189 αὑτοῦ
2869 3134 3155 3209 θεότητος·
3191 3139 3386 3212 διόπερ
3419 3144 3568 3207 αὐτὸς
3605 3143 3803 3196 bacam

2334 3225 2438 3293 τῆς
2478 3225 2643 3280 αὐτοῦ
2693 3229 3115 3303 μεγαλειότητος
3159 3233 3441 3288 ὑποκλίνει
3480 3236 3570 3308 τὴν
3598 3237 3720 3305 ἀκοὴν
3743 3237 3803 3295 τις

2335 3315 2780 3387 καταξιουμένοις
2841 3322 3244 3376 εἰσακούεσθαι.
3313 3327 3388 3379 Τὸ
3449 3327 3523 3390 δὲ,
3580 3328 3660 3380 'Er
3700 3319 3726 3396 ᾖ
3761 3324 3802 3376 ἂν

2335 3403 2525 3473 ἡμέρᾳ
2580 3408 2860 3477 θλίϐωμαι
2881 3448 2896 3473 ,
2946 3411 3069 3463 ἀντὶ
3112 3412 3203 3465 τοῦ
3226 3451 3241 3476 ,
3278 3414 3375 3485 Μὴ
3420 3413 3510 3466 νῦν
3543 3415 3695 3485 μόνον,

2334 3497 2466 3567 παρ’
2534 3496 2663 3567 ὃλην
2716 3497 2898 3570 ζωὴν,
2931 3501 3092 3556 πλέον
3129 3503 3187 3556 δὲ
3234 3505 3294 3556 ἐν
3355 3506 3582 3576 θλίψεσιο
3636 3506 3716 3556 τότε
3740 3507 3801 3570 γάρ

2337 3587 2576 3658 μάλιστα
2607 3591 2764 3662 χρεία
2799 3594 3070 3664 βοηθείας.
3113 3596 3183 3648 "H
3221 3598 3366 3667 τάχα
3397 3601 3491 3668 οὐχ
3526 3599 3591 3661 ὡς
3615 3593 3801 3668 περὶ

2333 3677 2532 3752 λούσης
2577 3681 2833 3753 θλίψεως,
2869 3685 2984 3738 ἀλλ’
3020 3679 3097 3750 ὡς
3132 3689 3449 3762 ἐνεστώσης
3493 3692 3684 3763 εἴρηται.
3722 3686 3798 3739 lit-l-

2331 3771 2482 3827 λεται
2540 3774 2649 3848 γὰρ
2704 3778 2879 3832 εἰπεῖν
2919 3777 3036 3841 ὅτι,
3100 3780 3223 3833 ἐπεὶ
3284 3781 3425 3854 αὕτη
3457 3784 3588 3836 ἐστὶν
3625 3785 3650 3848 ἡ
3692 3781 3798 3848 uti.“

2331 3863 2400 3941 ἧς
2431 3867 2530 3921 οὐκ
2555 3867 2700 3923 ἐστιν
2731 3871 3052 3940 ὑπενεγκεῖν
3071 3871 3170 3943 τὴν
3193 3872 3493 3946 βαρύτητα,
3517 3875 3729 3943 uiuebat:
3747 3870 3797 3920 υἱ

2332 3962 2554 4030 ταχεῖαν
2579 3960 2668 4024 δὸς
2692 3961 2789 4033 τὴν
2812 3961 3082 4034 βοήθειαν.
3131 3966 3234 4020 Ἐν
3251 3961 3292 4038 ᾖ
3325 3968 3402 4022 ἂν
3429 3968 3597 4037 ἡμέρᾳ
3618 3963 3796 4017 inuali-

2331 4052 2527 4124 σῳμαί
2549 4068 2622 4106 σε
2641 4093 2655 4118 ,
2693 4055 2848 4126 ταχὺν
2877 4056 3227 4112 ἐπάκουσον
3255 4079 3399 4128 μου.
3462 4061 3560 4114 Καὶ
3579 4059 3622 4110 τί
3650 4057 3692 4109 τὸ
3722 4069 3797 4106 κατα

2331 4147 2579 4212 επεῖγον;
2613 4147 2761 4199 αίτία
2779 4147 2834 4199 δὲ
2846 4149 2952 4213 τίς,
2980 4150 3012 4220 ἢ
3038 4152 3166 4203 ποία
3190 4152 3292 4219 τῆς
3331 4153 3631 4223 ταχύτητο;;
3651 4143 3797 4202 Ὀτιὲε·

2329 4236 2543 4290 ἐλιπον
2559 4241 2618 4292 αἱ
2643 4240 2851 4309 ἡμέραι
2876 4260 2997 4311 μου
3022 4244 3166 4297 ὡσεὶ
3187 4247 3420 4311 καπνός
3438 4263 3450 4277 θ
3479 4246 3534 4298 τὸ
3549 4242 3794 4313 ὀλιγοχρόνιον

2331 4332 2424 4384 καὶ
2446 4333 2818 4388 ἀνυπόστατον
2851 4336 2938 4390 διὰ
2972 4337 3064 4390 τοῦ
3091 4338 3301 4392 καπνοῦ
3335 4341 3497 4411 δηλοῖ.
3524 4341 3613 4393 Kal
3636 4337 3687 4390 τὰ
3705 4328 3792 4386 ὀστᾶ

2325 4442 2444 4492 μου
2469 4425 2612 4480 ὡσεὶ
2632 4428 2886 4498 φρύγιον
2905 4433 3402 4502 συνερρύησαν.
3444 4431 3697 4498 Ἐπλήγην
3708 4424 3790 4479 ὡσεὶ

647 4532 732 4576 tas
761 4539 878 4576 sum
913 4522 1181 4577 comedere
1217 4538 1403 4591 panem
1437 4537 1628 4576 meum.
1667 4522 1712 4574 Α
1740 4537 1859 4575 voce
1885 4521 2110 4590 gemitus
2133 4521 2231 4574 mei

2335 4519 2563 4586 κάρτοςν
2596 4521 2695 4574 καὶ
2714 4520 3014 4590 ἐξηράνθη
3039 4525 3076 4592 ἡ
3104 4525 3320 4592 καρδία
3344 4545 3479 4596 μου,
3508 4525 3584 4577 ὅτι
3609 4517 3791 4575 iactatis;

645 4612 870 4667 adltwsit
917 4631 974 4668 os
1005 4631 1176 4668 meum
1212 4615 1363 4668 carni
1421 4630 1568 4670 mete.
1616 4614 1749 4680 ρυω
1780 4613 1982 4684 populo
2024 4613 2233 4665 accide-

2335 4629 2460 4682 μην
2484 4613 2592 4667 τοῦ
2627 4614 2841 4682 φαγεῖν
2872 4615 2980 4669 τὸν
3005 4616 3188 4685 ἄρτον
3225 4637 3367 4688 μου.
3412 4618 3534 4674 Ἀπὸ
3555 4611 3710 4686 ρων-ῆς
3732 4606 3788 4661 uti

646 4712 775 4758 runt
800 4711 859 4759 ut
882 4705 988 4760 sibi
1015 4704 1235 4775 prapria
1264 4713 1485 4759 enarrat
1510 4705 1863 4775 propheticus
1891 4704 2115 4764 chorus,
2151 4703 2233 4756 vel

645 4799 807 4851 etiam
846 4798 962 4866 ipse
1014 4795 1182 4851 David
1233 4816 1247 4850 :
1293 4796 1641 4866 declaratque
1677 4797 1989 4850 universam
2040 4809 2230 4849 eorum

647 4891 926 4952 virtutem,
969 4903 1077 4958 qua
1115 4888 1306 4959 legalis
1345 4888 1528 4944 cultus
1578 4886 1964 4952 consistebat,,
2003 4887 2236 4957 periisse

646 4997 711 5036 ac
759 4982 1164 5051 pessumivisse.
1245 4978 1369 5038 Haec
1425 4993 1590 5050 porro
1635 4985 1789 5033 erant
1841 4977 2229 5042 sacerdotium,

646 5075 933 5144 templum,
963 5089 1222 5146 pecorum
1250 5072 1543 5136 sacriﬁcia,
1572 5071 1750 5142 gentis
1776 5072 1868 5141 jus
1897 5079 1951 5126 et
1981 5071 2226 5125 libertas.

647 5167 967 5224 Sublimiori
1001 5183 1130 5224 vero
1163 5183 1352 5229 sensu,
1386 5164 1479 5236 qui
1527 5165 1828 5219 secundum
1878 5162 2047 5218 Deum
2095 5177 2230 5232 pau-

647 5278 744 5334 per
793 5271 900 5328 est,
959 5262 1199 5333 primum
1238 5273 1400 5314 suum
1458 5257 1673 5312 facinus
1725 5261 1994 5322 enuntiat,
2039 5272 2234 5327 nempe

647 5352 793 5425 quod
821 5364 1188 5423 temporanea:
1211 5347 1339 5402 vita:
1371 5346 1489 5402 dies
1524 5347 1610 5402 sui
1654 5350 1831 5402 instar
1862 5347 1994 5402 fumi
2025 5346 2235 5402 defece-

645 5445 779 5507 rint,
809 5458 936 5498 cum
966 5441 1232 5512 inglorius
1266 5445 1322 5493 et
1362 5439 1635 5494 obscurus
1680 5439 1830 5508 ipsos
1880 5440 2228 5510 transegerit.

647 5535 764 5590 Hoc
793 5543 972 5590 autem
1005 5533 1276 5602 intelliges
1303 5545 1369 5584 ex
1404 5529 1489 5584 his
1527 5546 1650 5600 quae
1675 5529 1777 5586 Job
1817 5532 1893 5585 ait
1939 5551 1953 5586 :
1998 5532 2230 5598 Quando

647 5625 855 5684 lucebat
878 5625 1094 5680 lucerna
1115 5639 1272 5692 super
1291 5633 1448 5690 caput
1480 5638 1672 5687 meum,
1707 5623 1918 5693 quando
1947 5640 2091 5678 eram
2119 5642 2232 5679 ma-

2337 4707 2677 4775 στεναγμοῦ
2692 4725 2813 4776 μου
2833 4708 3136 4777 ἐκολλήθη
3164 4711 3230 4764 τὸ
3254 4712 3478 4766 ὀστοῦν
3492 4728 3595 4780 μου
3613 4705 3669 4772 τῇ
3683 4720 3750 4768 σαί
3759 4701 3787 4747 ’ί

2329 4813 2469 4865 μου.
2503 4798 2584 4852 Τὰ
2607 4815 2671 4851 συ
2681 4801 2893 4870 μΰάντα
2916 4801 2992 4872 τῷ
3017 4802 3131 4873 λαῷ
3159 4803 3592 4858 οίκειοποιεῖταιό
3617 4810 3786 4871 apag-17"

2335 4888 2429 4952 κδς
2459 4889 2618 4962 κορδῖ
2638 4931 2651 4954 ν
2685 4891 2716 4962 ἦ
2754 4893 2848 4945 καὶ
2879 4895 2908 4946 ὁ
2942 4895 3134 4948 Ααυῖδ·
3187 4896 3281 4950 καὶ
3320 4897 3569 4950 δείκνυσιν
3613 4896 3673 4947 ὅτι
3703 4891 3786 4939 πᾶσι

2334 4977 2563 5050 δύναμις
2589 4981 2789 5047 αὐτῶν,
2810 4983 2891 5036 «δι’
2917 4979 2983 5054 ἧς
3013 4989 3349 5057 συνειστήκει
3375 4989 3438 5041 τὰ
3458 4987 3542 5058 τῆς
3569 4980 3676 5037 κατὰ
3695 4979 3785 5045 «iam

2335 5070 2591 5142 λατρείας
2610 5112 2624 5134 ,
2673 5073 2938 5147 διεφθάρη
2969 5078 3064 5131 καὶ
3097 5079 3393 5134 ἀπόλωλεν.
3423 5077 3518 5132 Ἦν
3540 5079 3587 5130 8%
3611 5073 3729 5127 ταῦτα
3768 5066 3783 5130 ἡ

2335 5161 2737 5233 ἀρχιερωσύνη,
2771 5167 2799 5218 6
2823 5167 2980 5231 ναὸς,
3015 5169 3071 5220 al
3102 5167 3191 5221 διὰ
3210 5169 3318 5222 τῶν
3355 5168 3640 5241 θρεμμάτων
3662 5159 3782 5212 basia.

2330 5257 2427 5310 καὶ
2457 5257 2490 5328 ἡ
2525 5257 2822 5330 αὐτονομία
2859 5260 2952 5314 τοῦ
2987 5261 3190 5326 ἔθνους.
3252 5262 3581 5334 ’Υψηλότερον
3602 5258 3644 5310 δὲ
3663 5256 3682 5305 ὁ
3702 5247 3782 5303 uti

2329 5347 2462 5401 Θεὸν
2495 5350 2710 5419 πτωχὸς
2753 5351 2970 5422 πρῶτον
3012 5353 3177 5407 αὑτοῦ
3211 5355 3525 5426 κατόρθωμα
3558 5349 3728 5403 διδάσκει
3749 5338 3781 5388 τὸ

2327 5440 2699 5498 ἐκλελοιπέναι
2729 5445 2940 5499 καπνοῦ
2961 5441 3118 5518 δίκην
3130 5447 3241 5511 στὰς
3269 5447 3367 5517 τῆς
3401 5443 3676 5516 προσκαίρου
3695 5431 3780 5499 ζωῆς

2329 5534 2542 5604 ἡμέρας
2563 5535 2750 5600 αὐτοῦ,
2779 5537 2984 5602 ἀδόξως
3005 5541 3099 5592 καὶ
3123 5539 3342 5610 ἀφανῶς
3365 5537 3518 5600 αὐτὰς
3533 5531 3778 5597 assam;

2327 5625 2560 5696 Νοήσεις
2591 5626 2649 5681 δὲ
2679 5628 2838 5682 τοῦτο
2865 5631 2960 5698 ἀφ’
2993 5625 3070 5687 ὧν
3101 5633 3129 5684 ό
3167 5631 3286 5688 Ἰώό
3321 5647 3500 5702 φηςιν·
3557 5628 3658 5680 Ὅτε
3676 5617 3777 5684 nives

721 5809 762 5840 ’τ
804 5806 967 5864 lliclt.
1003 5821 1116 5872 vn,
1159 5803 1212 5870 ί,
1246 5802 1300 5858 2.
1379 5804 1422 5838 ⁸⁸
1461 5802 1606 5862 Psal.
1643 5821 1736 5860 ιιι*
1763 5843 1779 5872 ,
1816 5805 1870 5863 3.
1951 5804 1994 5838 ¹⁹
2032 5804 2135 5863 lsa.
2185 5823 2235 5861 si

2335 5851 2339 5866 .
2379 5807 2464 5878 ιο.
2542 5807 2784 5868 “Rom.
2818 5827 2872 5885 γ.
2908 5812 2962 5867 4.
