3964 6522
222 356 365 414 1253

1334 362 1836 419 COMMENTARIA
1876 364 1942 420 IN
1982 365 2323 423 PSALMOS.

3339 379 3480 432 ηδε

217 472 253 524 ό
275 470 506 539 λύχνος
538 472 688 540 ὑπὲρ
728 474 998 543 κεφαλῆς
1035 492 1154 557 μοι)
1178 490 1192 504 ·
1247 474 1345 529 ὅτε
1374 476 1536 547 ἤμην
1560 478 1780 547 ὑλώδης

1904 481 2106 535 terialt's
2129 482 2286 536 nimis
2311 484 2378 539 “.
2427 481 2663 540 Lucebat
2689 485 2794 557 ipsi
2818 485 3038 543 lucerna
3068 496 3198 544 tunc
3227 490 3281 545 in
3308 493 3480 547 abun-

215 562 381 615 λίαν.
433 561 602 632 Ηῦγει
635 564 783 636 αὐτῷ
817 567 845 618 ὁ
880 566 1071 636 λύχνος
1105 554 1227 621 τότε
1272 570 1331 623 ἐν
1368 570 1589 642 εὐθηνίᾳ
1620 573 1800 645 ὑπάρ-

214 668 368 721 χοντι
389 669 403 682 ·
452 656 539 707 ὅτε
566 655 622 708 δὲ
654 657 831 710 πάντα
864 658 1016 730 αὺτῷ
1052 658 1122 713 τά
1153 661 1466 733 ὑπάρχοντα
1492 662 1800 718 διαπεπτώο

215 760 325 806 κει,
361 740 515 799 εἶπεν
541 746 608 801 ἂν
637 749 731 803 καὶ
763 750 957 813 αὐτός’
996 752 1113 805 Ὅτι
1157 753 1441 817 ἐξέλιπον
1471 756 1613 811 ὡσεὶ
1648 774 1799 811 καπ-

212 835 323 903 νὸς
366 841 426 891 αἱ
454 828 669 917 ῄμέραι
696 858 836 909 μου.
894 843 1147 908 Τοιοῦτος
1184 845 1240 899 δέ
1271 848 1417 900 ἐστιν
1444 849 1473 901 ὁ
1499 848 1642 903 κατὰ
1666 849 1800 902 Θεὸν

212 928 432 999 πτωχὸς
452 969 467 993 ,
501 929 703 997 ἀδόξως
739 932 836 986 καὶ¹
875 932 1097 1003 ἀφανῶς
1125 934 1224 999 τάς
1249 937 1460 1008 ἡμέρας
1495 938 1659 992 αὐτοῦ
1697 938 1799 1009 τῆς

211 1022 550 1093 προσκαίρου
575 1022 722 1092 ζωῆς
764 1024 1049 1093 διεξάγων.
1078 1022 1212 1081 Εἶτα
1233 1030 1469 1093 ἀσιτίαις
1492 1031 1681 1084 ἐαυτὸν
1706 1031 1799 1085 καὶ

209 1111 521 1166 ινακὼσεσιν
556 1115 895 1181 ὑποδάλλων,
920 1118 977 1170 ἐν
1011 1118 1153 1189 λιμῷ
1183 1121 1276 1173 καὶ
1303 1121 1441 1191 δίψει
1467 1123 1796 1195 κατατρύχει

207 1203 302 1255 καὶ
335 1206 693 1277 καταφρύγει.
732 1208 843 1262 Καὶ
871 1210 992 1263 ἐπεὶ
1020 1208 1189 1266 πᾶσα
1211 1212 1369 1282 σὰρξ
1395 1214 1610 1283 χόρτος
1635 1256 1649 1280 ,
1697 1217 1793 1270 καί

205 1290 379 1347 πᾶσα
408 1295 557 1359 δόξα
585 1295 771 1365 αὐτῆς
795 1299 876 1366 ὡς
900 1299 1085 1368 ἄνθος
1109 1304 1348 1371 χόρτου,
1374 1305 1653 1376 μαραίνων
1675 1308 1796 1360 ἐαυ-

203 1384 299 1438 τοῦ
327 1387 427 1457 τὴν
459 1388 638 1460 σάρκα
668 1391 833 1460 φησὶν
852 1430 867 1455 ,
910 1391 1217 1463 Ἐπλήγην
1243 1394 1387 1448 ὡσεὶ
1418 1397 1648 1466 χόρτος.

289 1496 347 1547 '0
375 1497 433 1550 δὲ
454 1498 660 1571 ἀληθὴς
695 1503 1014 1573 στεναγμὸς,
1044 1504 1103 1567 ὃς
1132 1507 1225 1559 καὶ
1256 1506 1439 1579 φωνὴν
1467 1508 1579 1580 ἔχει
1606 1511 1794 1565 ἀκουο-

207 1587 376 1659 μένην
406 1590 557 1662 παρὰ
589 1591 758 1654 Θεοῦ,
794 1594 950 1665 τήκει
991 1595 1052 1647 τὸ
1087 1595 1276 1667 σῶμα,
1323 1599 1420 1652 καὶ
1448 1599 1548 1670 τῆς
1592 1602 1792 1673 σαρκὸς

202 1680 497 1750 ἐργάζεται
522 1682 810 1755 νέκρωσιν,
840 1684 982 1739 ὥστε
1007 1687 1097 1740 τὸν
1120 1687 1229 1741 ἐσω
1256 1689 1679 1746 άνακαινοῦσθαι
1705 1694 1792 1748 ἄν·

202 1770 440 1843 θρωπον.
488 1775 797 1841 Ἐπιόαλεῖς
822 1777 878 1831 δέ
902 1779 994 1831 καὶ
1021 1772 1147 1832 ὧδε’
1169 1780 1439 1836 Ἐκλείπει
1461 1785 1667 1850 καπνὸς
1690 1803 1791 1839 πυ-

204 1863 296 1949 ρὸς
326 1864 712 1937 σϐεννυμένου·
751 1868 1075 1939 ὑφεστηκὼς
1103 1872 1183 1935 είς
1206 1872 1329 1926 ὅσον
1360 1874 1575 1946 ἐνεργεῖ
1592 1876 1654 1929 τὸ
1674 1876 1788 1949 πῦρ

197 1947 244 2021 ᾧ
281 1956 440 2021 αὐτὸς
473 1959 892 2029 παρακολουθεῖ.
930 1961 1027 2014 "lv'
1061 1958 1175 2025 οὖν,
1204 1963 1357 2036 φησὶ,
1386 1966 1481 2018 καὶ
1503 1967 1559 2021 αἱ
1581 1947 1786 2040 ἡμέραι

202 2045 279 2117 μὴ
295 2047 639 2103 ἐκλείπωσιν.
663 2050 735 2103 Οὐ
753 2051 861 2121 γάρ
882 2068 971 2121 μοι
990 2053 1125 2124 πρὸς
1146 2054 1310 2108 καλοῦ
1324 2055 1476 2110 ἔσται
1492 2056 1552 2110 τὸ
1566 2058 1787 2130 σϐεσθῆ-

196 2153 287 2190 νκι
316 2137 379 2190 τὸ
412 2140 526 2208 φῶς
556 2140 649 2194 ἀπ’
682 2142 815 2212 ἐμοῦ
850 2144 911 2197 τὸ
946 2146 1224 2217 ποιητικὸν
1251 2146 1361 2200 τῶν
1393 2148 1617 2220 ἡμερῶν
1649 2167 1781 2221 μουο

195 2230 491 2300 παράγαγε
511 2233 579 2286 τά
609 2234 851 2307 θλιόερά.
889 2237 951 2290 Εί
976 2238 1083 2308 γὰρ
1105 2239 1433 2310 ἐπιμένοιεν,
1458 2243 1605 2297 αίτια
1626 2246 1786 2314 γενή-

196 2339 383 2377 σονται
417 2326 517 2395 τῆς
548 2329 843 2398 ἐκλείψεως
874 2332 983 2385 τῶν
1010 2332 1232 2403 ἡμερῶν
1265 2351 1399 2404 μου,
1428 2333 1563 2389 ἀλλὰ
1596 2338 1689 2390 καὶ
1716 2338 1785 2391 τά

192 2413 331 2468 ὀστᾶ
356 2434 457 2486 μου
485 2418 565 2471 ἔτι
592 2421 792 2490 μᾶλλον
821 2423 1189 2495 συμφρύξοιεν
1216 2426 1625 2496 παραμένοντα,
1658 2446 1783 2483 του-

194 2504 366 2570 τέστι,
400 2506 497 2571 τάς
524 2509 773 2574 εὐτόνους
798 2513 893 2566 καὶ
924 2514 1321 2585 στερῤοτάτους
1352 2517 1451 2586 τῆς
1481 2516 1660 2590 ψυχῆς
1691 2521 1783 2573 δυ·-

196 2597 418 2667 νάμεις,
454 2601 509 2653 αἳ
548 2602 642 2655 καὶ
678 2605 1090 2676 συμφρύγονται
1124 2606 1232 2660 ὑπὸ
1258 2607 1359 2678 τῆς
1390 2609 1499 2661 τῶν
1533 2610 1780 2681 ψυχικῶν

194 2687 385 2742 παθῶν
414 2693 730 2764 πυρώσεως.
782 2696 1127 2767 Ξηρανθῆναι
1165 2697 1221 2751 δὲ
1250 2698 1398 2769 αὑτῷ
1426 2699 1527 2771 τὴν
1554 2702 1780 2773 καρδίαν

196 2778 391 2850 φησιν,
423 2782 571 2835 οὐδὲν
608 2783 791 2855 ίλαρὺν
817 2784 924 2837 οὐδ’
950 2787 1033 2854 ἐφ’
1066 2779 1110 2853 ᾧ
1157 2787 1302 2840 ἐστιν
1336 2786 1479 2857 ἔχειν
1514 2788 1780 2859 θυμηδίαν

196 2874 561 2944 κεκτημένην.
613 2874 807 2943 Γέγονε
836 2874 945 2948 γὰρ
977 2878 1036 2929 ἐν
1070 2880 1182 2941 τοῖς
1213 2879 1597 2950 προκειμένοις
1627 2899 1781 2953 περι-

196 2968 467 3028 στατικοῖς
490 2967 762 3031 τοσοῦτον,
787 2968 862 3031 ὡς
890 2968 1087 3039 μηκέτι
1111 2964 1283 3023 οἷόντε
1305 2966 1442 3024 εἶναι
1463 2972 1556 3024 τὸν
1582 2972 1782 3029 κατάλ-

193 3055 355 3126 ληλον
389 3058 482 3111 καὶ
526 3060 782 3129 ἁρμόδιον
811 3064 878 3132 τῇ
929 3061 1234 3134 τιμιωτέρᾳ
1264 3062 1399 3135 αὐτῇ
1433 3064 1589 3135 οὐσίᾳ
1614 3065 1780 3136 άρτον

192 3147 487 3216 τρέφεσθαι
506 3166 517 3179 ·
544 3150 735 3203 τούτου
756 3152 861 3222 γὰρ
876 3150 971 3205 τοῦ
998 3153 1163 3225 ἄρτου
1188 3154 1619 3226 μεταλαμϐάνειν
1639 3156 1774 3220 ἔστι,

196 3238 271 3309 μὴ
316 3240 758 3311 περιελκόμενον,
799 3244 931 3315 μηδὲ
971 3244 1290 3316 θολούμενον
1331 3246 1437 3300 ὑπὸ
1463 3247 1571 3300 τῶν
1599 3248 1778 3312 ἐκτός.

190 3329 282 3391 lit;
311 3330 564 3385 τοσοῦτον
593 3333 650 3385 δέ
676 3351 807 3405 φησι
838 3336 912 3407 μὴ
939 3336 1240 3407 τεθράφθαι
1266 3338 1455 3393 τοῦτον
1479 3339 1568 3391 τὸν
1594 3340 1777 3413 ἄρτον,

188 3421 267 3483 ὡς
296 3422 392 3475 καὶ
423 3422 594 3495 λήθην
622 3423 765 3495 ἐχειν
792 3427 886 3480 τοῦ
920 3446 1048 3481 ποτε
1076 3430 1243 3483 αὑτοῦ
1277 3431 1597 3499 γεγεῦσθαι.
1632 3433 1777 3487 Πάνυ

188 3513 247 3565 δὲ
268 3512 537 3579 στενάζων
557 3515 645 3569 διά
666 3516 733 3570 τὰ
755 3519 998 3589 παρόντα
1023 3522 1274 3585 ἐπίπονα,
1298 3522 1553 3577 τοσοῦτον
1578 3524 1777 3595 ἀφίημι

188 3606 579 3678 ἐπιτεταμένον
612 3610 706 3663 καὶ
733 3612 933 3682 συνεχῆ
970 3614 1299 3685 στεναγμὸν,
1335 3615 1411 3677 ὡς
1445 3617 1510 3669 ἐκ
1541 3615 1642 3685 τῆς
1669 3634 1780 3685 φω-

189 3699 290 3769 νῆς
314 3717 413 3770 μου
439 3703 577 3771 μετὰ
598 3702 859 3773 ὀλολυγῆς
883 3706 1176 3776 γινομένης
1196 3706 1520 3777 κολληθῆναι
1544 3706 1638 3761 καὶ
1654 3708 1779 3777 τρό-

189 3809 292 3845 πον
320 3793 439 3847 τινὰ
476 3796 739 3867 ἐνωθῆναι
769 3796 830 3850 τὸ
860 3797 1051 3851 ὀστοῦν
1089 3815 1192 3870 μου
1221 3802 1288 3869 τῇ
1323 3799 1484 3871 σαρκί
1516 3816 1617 3870 μου
1641 3840 1655 3865 ,
1690 3799 1777 3853 διά

187 3886 290 3957 τὴν
325 3886 522 3957 ποίλὴν
562 3887 829 3959 ξηρασίαν
869 3889 1236 3960 άναποθείσης
1274 3891 1457 3961 πάσης
1497 3893 1597 3963 τῆς
1639 3907 1776 3961 παρ⁹

189 3979 542 4047 εσπαρμένης
580 3978 658 4049 τῷ
692 3977 905 4049 σώματί
940 3997 1040 4050 μου
1066 3981 1364 4053 ὑγρότητος
1400 3982 1465 4035 ἐκ
1489 3980 1591 4051 τῆς
1618 3980 1776 4045 ἐπελ-

188 4070 388 4141 θούσης
406 4071 718 4135 κακώσεως.
746 4072 891 4143 Αὕτη
920 4074 1029 4145 γὰρ
1046 4075 1078 4144 ἡ
1098 4074 1333 4145 ὑγρότης
1349 4076 1435 4128 ὅτε
1457 4092 1546 4144 μοι
1570 4079 1772 4147 παρῆν,

188 4162 476 4215 πιαίνουσα
495 4163 555 4216 τὸ
582 4163 791 4227 ὀστοῦν,
821 4163 994 4235 διῄρει
1021 4165 1152 4218 αὐτὸ
1181 4165 1287 4218 ἀπὸ
1308 4165 1406 4236 τῆς
1430 4164 1651 4235 σαρκὸς,
1676 4165 1774 4237 τὴν

190 4254 362 4325 μέσην
392 4255 571 4326 σάρκα
604 4257 696 4309 καί⁹
729 4256 931 4309 ὀστέων
963 4256 1158 4327 ἔχουσα
1193 4256 1396 4329 χώραν.

271 4345 592 4416 Ὠιιοιώθην
635 4346 924 4403 πελεκᾶνι
951 4348 1228 4417 ἐρημικῷ·
1288 4347 1507 4417 φεύγων
1531 4348 1770 4419 δηλονότι

183 4438 282 4500 τὰς
310 4439 366 4489 ἐν
395 4438 536 4509 ὄχλῳ
566 4440 849 4510 διατριϐάς
883 4439 1194 4511 ἐμονούμην
1226 4442 1322 4494 καὶ
1346 4438 1767 4512 ἐξηνθρώπιζον.

1901 574 2084 629 dantia
2110 576 2397 630 exsistenti
2432 593 2447 631 :
2475 578 2697 648 quando
2724 595 2856 636 vero
2881 584 3097 638 cunctis
3130 582 3479 641 facultatibus

1899 668 2197 733 exciderat,
2230 669 2429 725 dixerit
2467 671 2630 726 etiam
2664 672 2781 744 ipse
2810 692 2822 729 :
2859 674 2999 741 Quia
3036 675 3339 746 defecerunt
3368 680 3476 734 sic-

1900 769 1957 813 ut
1991 760 2168 829 fumus
2219 761 2332 816 dies
2380 764 2499 817 mei.
2552 763 2877 835 Hujusmodi
2926 776 3106 824 autem
3151 780 3235 825 est
3265 770 3353 826 ille
3392 785 3477 825 se-

1900 850 2140 905 cundum
2178 850 2347 908 Deum
2380 869 2604 925 pauper,
2640 856 2907 928 inglorius
2941 868 2995 913 et
3033 860 3302 918 obscurus
3342 869 3479 918 tem-

1898 945 2102 1014 poralis
2127 944 2251 1000 vita:
2275 945 2392 1002 dies
2416 948 2746 1019 transigens.
2770 948 2976 1005 Deinde
2995 966 3124 1007 vero
3150 968 3271 1008 sese
3302 954 3476 1009 absti-

1898 1037 2103 1094 nentiis
2142 1046 2199 1094 et
2251 1040 2714 1097 macerationibus
2760 1043 3083 1112 subjicieus,
3120 1041 3262 1101 fame
3291 1053 3345 1101 et
3382 1046 3473 1102 siti

1897 1131 2131 1202 castigat
2167 1139 2221 1187 et
2262 1133 2509 1188 arefacit.
2559 1133 2627 1187 Et
2674 1135 2804 1206 quia
2847 1137 3016 1190 omnis
3047 1155 3172 1192 caro
3221 1138 3395 1208 fenum
3424 1149 3479 1194 et

1896 1226 2068 1279 omnis
2090 1226 2266 1296 gloria
2288 1227 2404 1296 ejus
2430 1228 2585 1297 quasi
2606 1228 2840 1299 ﬂosffem'
2858 1231 2923 1294 ⁸³,
2943 1245 3163 1287 carnem
3189 1234 3478 1292 exsiccans

1896 1332 2051 1374 suam
2080 1318 2157 1374 ait
2207 1334 2221 1371 :
2258 1318 2551 1375 Percussus
2583 1337 2698 1376 sum
2724 1332 2781 1376 ut
2818 1322 3017 1391 fenum.

1965 1514 2141 1573 Verus
2179 1529 2356 1574 autem
2398 1521 2653 1591 gemitus,
2688 1523 2781 1594 qui
2812 1538 3000 1579 vocem
3050 1524 3213 1579 habet
3259 1525 3327 1580 ad
3380 1525 3475 1583 Dei

1893 1620 2057 1664 aures
2086 1611 2513 1679 pervenientem,
2546 1628 2748 1684 corpus
2796 1615 3062 1681 exsiccat,
3096 1625 3148 1672 ct
3179 1618 3474 1674 mortifica-

1892 1701 2095 1757 tionem
2125 1704 2309 1759 carnis
2356 1707 2607 1777 peragit;
2659 1708 2734 1763 ita
2765 1715 2826 1763 ut
2864 1710 3093 1765 interior
3122 1711 3285 1768 homo
3319 1728 3475 1769 reno-

1891 1804 2070 1850 vetur.
2104 1796 2203 1851 Hic
2233 1814 2399 1868 porro
2433 1801 2675 1854 animum
2721 1800 2985 1858 adhibeas
3019 1823 3032 1859 :
3069 1805 3257 1861 Deficit
3289 1806 3474 1863 furnus

1893 1888 2168 1945 exstincto
2225 1891 2382 1961 igne,
2436 1906 2560 1945 cum
2604 1894 2792 1948 tandiu
2826 1896 3056 1951 exsistat
3107 1898 3472 1964 solummodo,

1894 1980 2137 2049 quandiu
2168 1980 2310 2053 ignis
2341 1983 2474 2055 agit,
2513 1999 2674 2055 quem
2728 1984 2911 2041 fumus
2958 1988 3226 2059 sequitur.
3277 1988 3347 2044 Ut
3404 2007 3474 2047 ne

1892 2071 2098 2143 itaque,
2137 2072 2237 2139 ait,
2268 2074 2384 2129 dies
2409 2075 2514 2129 mei
2545 2075 2804 2131 deficiant
2832 2096 2847 2140 ;
2885 2093 2992 2133 non
3021 2096 3106 2134 me
3132 2081 3289 2149 juvat
3324 2083 3469 2137 enim

1892 2165 1937 2220 si
1993 2166 2086 2220 lux
2142 2181 2172 2220 a
2217 2181 2302 2221 me
2350 2168 2756 2238 exstinguatur,
2784 2170 3038 2240 quazdies
3077 2188 3227 2228 meos
3266 2174 3473 2245 elIicit;

1889 2272 2162 2312 aerumnas
2202 2273 2411 2315 amove.
2455 2257 2590 2314 Nam
2641 2260 2686 2314 si
2733 2262 2839 2317 illa!
2889 2273 3166 2329 maneant,
3214 2266 3269 2320 in
3303 2281 3472 2323 causa

1889 2358 2052 2406 erunt
2084 2350 2230 2421 quod
2255 2350 2375 2406 dies
2406 2351 2513 2408 mei
2543 2353 2835 2422 deficiant;
2860 2356 2970 2409 imo
2998 2358 3181 2424 etiam,
3212 2360 3257 2415 si
3285 2376 3472 2430 perse-

1889 2440 2156 2504 verarint,
2176 2456 2304 2497 ossa
2322 2457 2442 2497 mea
2457 2443 2631 2514 magis
2655 2445 2934 2515 magisque
2947 2446 3263 2513 arefacient,
3288 2450 3340 2504 id
3363 2457 3469 2513 est,

1888 2533 2148 2589 robustas
2170 2545 2224 2588 et
2251 2533 2599 2591 ﬁrmissimas
2625 2537 2792 2591 animi
2827 2538 3081 2604 virtutes,
3107 2556 3228 2609 quae
3249 2542 3319 2597 ab
3347 2542 3472 2613 igne

1886 2625 2203 2695 passionum
2248 2625 2446 2681 animae
2491 2627 2860 2683 exsiccantur.
2919 2629 3235 2685 Arefaetum
3288 2644 3468 2688 autem

1887 2732 1984 2771 cor
2007 2732 2166 2771 suum
2196 2732 2320 2773 esse
2350 2718 2504 2780 dicit,
2530 2719 2675 2789 quod
2705 2721 2839 2774 nihil
2876 2724 3076 2784 laetum,
3110 2722 3244 2776 nihil
3275 2722 3329 2777 in
3361 2740 3470 2793 quo

1886 2808 2123 2877 gaudere
2146 2808 2343 2872 valeat,
2368 2809 2667 2877 possideat.
2696 2809 2771 2864 lta
2801 2812 2946 2866 enim
2980 2815 3032 2865 in
3061 2815 3469 2875 calamitatibus

1885 2898 2170 2954 demersus
2198 2909 2302 2963 est,
2323 2910 2383 2954 ut
2406 2917 2513 2955 non
2538 2901 2682 2954 ultra
2708 2905 2881 2971 possit
2903 2906 3221 2974 congruenti
3246 2920 3311 2960 ac
3345 2921 3471 2976 pre-

1886 2988 2040 3043 tiosa:
2063 3003 2175 3043 sua:
2196 2990 2519 3046 substantiae
2539 2991 2737 3047 idoneo
2759 3008 2897 3063 pane
2923 2997 3120 3049 nutriri
3146 3011 3161 3049 :
3186 2997 3291 3051 hoc
3318 2999 3465 3053 enim

1883 3095 2023 3149 pane
2046 3089 2178 3135 tunc
2207 3082 2384 3136 solum
2415 3082 2494 3136 uti
2536 3083 2684 3149 licet,
2718 3101 2844 3139 cum
2873 3087 3039 3143 rebus
3067 3091 3324 3146 extrariis
3352 3107 3463 3147 non

1806 3189 1848 3247 (ς
1884 3172 2238 3242 abstrahitur,
2267 3189 2444 3245 neque
2475 3173 2731 3233 foedatur.
2762 3172 2973 3234 Tamdiu
3023 3188 3203 3237 autem
3250 3199 3309 3240 se
3359 3185 3465 3240 ltu-

1874 3267 2118 3338 jusmodi
2142 3270 2299 3339 panis
2330 3270 2590 3325 alimento
2614 3270 2886 3341 privatum
2920 3273 3020 3339 ait,
3052 3281 3110 3328 ut
3139 3291 3208 3330 ne
3239 3276 3459 3345 quidem

1880 3362 2192 3417 meminerit
2227 3378 2295 3417 an
2335 3363 2634 3434 aliquando
2669 3364 2846 3435 ipsum
2889 3366 3284 3437 degustaverit.
3323 3369 3465 3426 Mul-

1881 3463 1993 3508 tum
2027 3471 2190 3525 porro
2230 3455 2297 3510 de
2338 3458 2701 3526 praesentibus
2753 3461 3015 3515 aerumnis
3067 3461 3460 3531 ingemiscens,

1879 3554 1961 3601 tot
1990 3556 2211 3618 tamque
2243 3547 2549 3619 frequentia
2576 3551 2835 3621 suspiria,
2877 3560 2955 3605 tot
2987 3555 3221 3622 gemitus
3249 3555 3374 3621 edo,
3402 3566 3465 3613 ut

1879 3654 1908 3693 a
1960 3655 2084 3694 voce
2115 3656 2234 3695 mea
2268 3658 2392 3696 cum
2423 3642 2630 3713 ejulatu
2665 3644 2867 3699 emissa
2911 3661 2975 3700 os
3018 3663 3197 3702 meum
3237 3664 3336 3704 ceu
3368 3666 3464 3721 ag-

1879 3730 2204 3800 glutinatum
2232 3740 2285 3786 et
2317 3732 2638 3802 adjunctum
2677 3733 2841 3788 fuerit
2862 3738 3015 3789 carni
3050 3752 3203 3804 meae,
3241 3753 3361 3793 cum
3390 3739 3462 3793 ob

1879 3821 2103 3875 munitam
2163 3822 2310 3876 illam
2344 3824 2671 3887 ariditatem,
2703 3825 2881 3881 omnis
2916 3826 2969 3880 in
2999 3842 3234 3897 corpore
3270 3846 3461 3899 sparsa

1878 3911 2177 3967 humiditas
2211 3928 2275 3968 ex
2334 3914 2623 3985 ingruente
2682 3916 2976 3972 afflictione
3030 3922 3233 3975 amissa
3289 3931 3456 3979 esset.

1877 3999 2002 4057 llazc
2032 4004 2233 4074 quippe
2257 4004 2556 4060 humiditas
2582 4022 2706 4060 cum
2736 4008 2975 4072 adesset.
3005 4028 3065 4066 os
3088 4012 3458 4085 impinguans,

1877 4092 2011 4147 illud
2044 4109 2074 4147 a
2111 4110 2279 4150 carne
2308 4095 2605 4161 dividebat,
2640 4115 2765 4152 cuin
2798 4102 3035 4155 medium
3066 4104 3206 4159 inter
3234 4120 3456 4160 carnem

1873 4193 1927 4240 et
1957 4200 2084 4242 ossa
2111 4186 2290 4241 locum
2324 4194 2549 4245 teneret.

1946 4346 2110 4403 Vsus.
2138 4350 2190 4402 7.
2221 4349 2429 4405 Similis
2459 4351 2635 4420 factus
2681 4370 2797 4408 sum
2834 4358 3094 4424 pellicauo
3127 4361 3454 4427 solitudinis,

1874 4441 2141 4510 siquidem
2179 4457 2363 4497 moras
2407 4444 2460 4497 in
2501 4446 2660 4500 turba
2706 4446 2943 4519 fugiens,
2989 4450 3141 4504 solus
3178 4459 3233 4507 et
3263 4454 3455 4522 procul

197 4522 352 4582 Ἐπεὶ
401 4532 494 4583 καὶ
527 4530 588 4583 τὸ
622 4530 759 4593 ζῶον
800 4530 959 4584 τοῦτο
1002 4533 1300 4604 φιλέρημον
1328 4529 1464 4586 εἶναι
1496 4532 1713 4601 λέγεται
1740 4535 1769 4586 ὁ

1885 4532 2186 4587 hominibus
2215 4533 2496 4603 degebam.
2546 4535 2682 4591 Nam
2728 4540 2931 4593 animal
2975 4541 3109 4596 illud
3155 4544 3457 4611 pellicanus

182 4618 441 4672 πελεκάν.
470 4620 776 4691 Παρίστησι
811 4622 869 4675 δὲ
903 4623 999 4676 καὶ
1038 4623 1136 4694 τὴν
1169 4624 1404 4696 ἐρημίαν
1443 4624 1539 4677 τοῦ
1562 4623 1766 4688 ἔθνους,

181 4710 462 4765 καὶιτοῦτό
496 4728 598 4764 που
630 4712 751 4764 καθ’
776 4713 841 4782 ἢν
873 4713 1032 4783 μόνος
1053 4714 1279 4786 εὕρηται
1302 4710 1382 4780 εἵς
1405 4734 1507 4769 που
1538 4716 1632 4770 καὶ
1650 4715 1769 4769 δεύ-

178 4821 341 4876 τερος
370 4805 462 4856 καὶ
496 4803 719 4877 βραχεῖς
745 4821 889 4868 τινες
908 4822 921 4835 ·
952 4801 1063 4860 οἷον
1106 4808 1374 4880 Ἱερεμίας
1402 4810 1435 4880 ἢ
1460 4810 1702 4882 Βαροὺχι
1734 4809 1767 4879 ἢ

177 4896 369 4969 ἕτερος
399 4897 506 4950 τῶν
536 4898 657 4951 τότε
680 4897 1135 4967 ἀπολειφθέντων,
1165 4895 1239 4955 ὧν
1269 4905 1332 4955 ἐκ
1362 4903 1653 4974 προσώπου
1678 4903 1766 4956 λέ-

179 5005 341 5055 γεται
372 4989 442 5043 τά
488 4990 849 5061 προκείμενα.
918 4990 1227 5062 Ὀμοιοῦται
1277 4993 1333 5047 δὲ
1381 4994 1534 5048 καὶὸ
1565 4995 1769 5065 Κύριος

180 5080 436 5153 ἐρημικῷ
470 5081 727 5137 πελεκᾶνι
764 5082 906 5137 κατά
933 5083 1033 5155 τὴν
1076 5083 1171 5137 τοῦ
1198 5084 1383 5157 ὀρνέου
1410 5085 1600 5139 τούτου
1631 5088 1768 5160 πρὸς

174 5172 250 5225 τὰ
280 5171 478 5241 ἔγγονα
511 5172 971 5247 θαυμασιωτάτην
995 5175 1357 5247 συμπάθειαν.
1382 5177 1554 5232 Τοῦτο
1578 5178 1686 5250 γάρ
1707 5178 1768 5234 τὸ

178 5263 323 5327 ζῶον
351 5264 453 5329 τὰς
482 5265 703 5330 νοσσιάς
732 5267 884 5340 παρὰ
906 5267 1134 5339 πέτραις
1156 5269 1452 5341 ἀποτόμοις
1478 5270 1765 5343 πηγνύμε-

176 5375 271 5411 νον
294 5360 408 5421 τοῖς
452 5362 691 5422 νεοσσοῖς
710 5397 725 5423 ,
752 5360 813 5412 τὸ
847 5360 921 5433 μὴ
952 5363 1123 5433 ῥᾷστα
1156 5362 1306 5433 παρά
1329 5380 1472 5427 τινος
1501 5364 1611 5417 τῶν
1643 5365 1765 5419 ἐπι-

175 5448 386 5503 εούλων
408 5449 837 5522 διαφθείρεσθαι,
867 5450 1278 5524 κατεργάζεται.
1314 5453 1451 5507 Ἀλλ’
1476 5456 1504 5509 ὅ
1526 5474 1589 5525 γε
1620 5457 1762 5527 ὄφις,

175 5540 522 5605 ἀποπτάντος
538 5540 714 5594 αὐτῶν
745 5540 840 5595 τοῦ
875 5543 1114 5614 πατρὸς,
1148 5543 1334 5615 ἐπειδὴ
1369 5545 1563 5618 καὶμὴ
1597 5564 1767 5619 προσ-

173 5631 421 5703 εγγίζειν
452 5636 519 5705 τῇ
551 5635 713 5707 καλιᾷ
737 5634 985 5701 δύναται,
1023 5636 1230 5706 ἐπιχέει
1270 5637 1452 5703 αὐτοῖς
1478 5638 1765 5711 πόρρωθεν

152 5818 155 5819 ⁷
248 5814 292 5847 ³⁸
333 5812 437 5871 Job
471 5831 599 5871 xm
623 5854 639 5882 ,
675 5814 730 5871 5.
808 5815 854 5850 ²⁸
892 5814 996 5872 lsa.
1026 5828 1094 5870 ιι.
1117 5852 1133 5882 ,
1166 5811 1253 5915 6ηψ

1872 4630 2121 4689 vocatus,
2152 4624 2468 4680 solitudinis
2496 4633 2581 4681 est
2608 4642 2820 4684 amans.
2853 4630 3104 4685 Declarat
3131 4649 3297 4702 porro
3325 4652 3455 4705 gen-

1872 4708 1943 4762 tis
1991 4708 2304 4763 vastitatem
2336 4720 2391 4765 et
2426 4713 2819 4781 solitudinem;
2857 4716 3017 4771 talem
3072 4719 3342 4783 videlicet,
3393 4730 3453 4775 ut

1871 4814 2015 4855 unus
2045 4807 2255 4855 tantum
2288 4804 2370 4857 vel
2404 4803 2533 4869 duo,
2568 4814 2661 4859 aut
2693 4810 2851 4875 pauci
2874 4808 3169 4863 admodum
3200 4826 3447 4868 remane-

1870 4900 1993 4946 rent
2026 4911 2040 4947 :
2072 4894 2251 4964 qualis
2283 4902 2401 4949 erat
2426 4894 2693 4951 Jeremias
2724 4906 2819 4952 aut
2861 4897 3098 4965 Baruch,
3127 4910 3220 4955 aut
3254 4903 3299 4958 si
3328 4905 3453 4974 quis

1870 4983 2012 5040 alius
2037 4985 2204 5041 exiis
2242 4988 2337 5057 qui
2380 4996 2511 5042 tunc
2554 4988 2731 5043 relicti
2771 4998 2921 5054 sunt,
2954 5006 3017 5045 ex
3054 5008 3286 5061 quorum
3328 5010 3453 5065 per-

1869 5093 2006 5135 sona
2034 5079 2151 5136 hac
2181 5082 2463 5138 dicuntur.
2513 5081 2723 5139 Similis
2758 5086 2887 5141 item
2917 5086 3182 5145 Dominus
3203 5097 3288 5145 est
3315 5090 3450 5145 soli-

1868 5171 2010 5226 tario
2050 5173 2342 5242 pellicano,
2388 5175 2691 5231 secundum
2746 5178 2940 5233 miram
2974 5181 3090 5235 avis
3123 5181 3289 5249 hujus
3320 5195 3448 5250 erga

1868 5261 2039 5318 fetum
2070 5264 2433 5322 affectionem.
2484 5266 2621 5322 Illud
2669 5270 2871 5342 quippe
2910 5272 3114 5325 animal
3146 5272 3356 5333 nidum,
3391 5273 3446 5326 in

1868 5357 2038 5428 petris
2061 5373 2125 5413 ac
2150 5360 2442 5430 praeruptis
2472 5360 2733 5425 detixum,
2770 5362 2935 5433 pullis
2968 5363 3084 5417 suis
3120 5363 3192 5415 ita
3225 5363 3449 5417 concin-

1866 5456 1983 5514 nat,
2009 5457 2069 5504 ut
2099 5465 2130 5505 a
2161 5452 2449 5522 quibusvis
2480 5453 2900 5509 insidiatoribus
2928 5453 3089 5508 facile
3128 5455 3446 5510 labefactari

1865 5555 1976 5596 non
1992 5542 2189 5612 possit.
2214 5543 2477 5615 At,patre
2516 5547 2791 5609 avolante,
2824 5561 3070 5615 serpens,
3095 5547 3223 5616 quia
3256 5547 3445 5601 nidum

1864 5633 2018 5692 adire
2045 5637 2267 5708 nequit,
2286 5638 2440 5695 virus
2472 5653 2634 5696 suum
2666 5637 2801 5708 ipsis
2832 5638 3025 5709 procul
3050 5638 3306 5694 infundit.
3338 5636 3450 5694 0b-
