3964 6530
569 384 709 440 1255

1217 377 1482 434 EUSEBII
1514 373 1997 432 CIESARIENSIS
2033 373 2185 430 OPP.
2227 370 2407 427 PARS
2449 369 2533 426 Ill.
2577 399 2646 411 --
2686 369 3098 425 EXEGETICA.

3640 375 3738 429 1255

571 510 753 560 servat
775 501 918 556 enim
943 515 1048 570 qua
1071 507 1264 554 ventus
1294 497 1501 570 perﬂet,
1533 506 1695 568 atque
1727 497 1850 552 inde
1871 511 2138 551 venenum

2253 493 2330 547 τὸν
2355 494 2429 547 ἰόν
2451 508 2462 521 °
2492 495 2819 564 περισκοπεῖ
2839 493 2945 564 γὰρ
2975 493 3096 547 ὅθεν
3121 498 3244 547 πνεῖ
3265 496 3294 546 ὁ
3320 496 3527 566 ἄνεμος,
3554 498 3744 549 κάκεῖθεν

571 607 733 650 suum
761 591 924 662 pullis
947 589 1184 655 exhalat,
1219 589 1293 643 ita
1329 597 1387 642 ut
1416 589 1706 644 intereant.
1734 585 1840 641 Sed
1866 595 2019 657 pater
2045 601 2140 642 eo-

573 699 698 740 rum
744 696 938 737 rursus
968 678 1255 747 advolans,
1289 694 1354 734 ac
1392 677 1626 733 naturali
1673 678 1885 733 ratione
1917 675 2142 731 insidias

575 772 948 843 conspicatus,
1016 771 1166 826 novit
1211 777 1265 825 et
1318 771 1435 840 ipse
1479 785 1589 840 quo
1634 777 1791 839 pacto
1823 767 2146 822 reviviscere

573 865 806 938 possint.
842 863 1050 918 Nubem
1085 863 1229 918 enim
1258 863 1536 928 observat,
1563 869 1617 917 et
1646 862 1701 915 in
1722 860 1956 916 sublime
1973 858 2140 921 volat,

574 973 638 1013 ac
695 971 861 1026 supra
903 963 1064 1025 caput
1098 954 1316 1008 illorum
1363 953 1566 1009 sensim
1604 952 1812 1014 volitat,
1866 951 2144 1020 lateraque

573 1048 771 1118 pennis
798 1046 1169 1102 vehementius
1195 1046 1469 1116 quatiens,
1491 1045 1773 1114 sanguinis
1801 1050 1982 1115 guttas
2011 1041 2145 1111 ipsis

571 1138 828 1210 exprimit
869 1146 922 1193 et
949 1137 1150 1193 emittit
1175 1158 1188 1192 :
1221 1137 1324 1191 illae
1355 1150 1485 1190 vero
1508 1151 1604 1206 per
1625 1135 1823 1190 nubem
1853 1134 2142 1193 stillantes.

570 1229 844 1282 viviﬁcam
865 1226 1097 1282 mortuis
1114 1225 1220 1279 vim
1243 1225 1499 1289 eﬂ'erunt,
1527 1234 1690 1294 atque
1707 1225 1779 1277 ita
1809 1224 1885 1277 illi
1903 1223 2147 1278 excitan-

573 1327 684 1376 tur.
714 1316 1023 1374 Pellicanus
1051 1317 1238 1386 itaque
1279 1331 1380 1386 pro
1421 1315 1651 1370 Domino
1690 1316 1976 1386 accipitur,
2013 1315 2145 1385 pulli

574 1425 674 1481 pro
707 1409 900 1479 primis
928 1407 1269 1479 parentibus,
1305 1406 1468 1464 nidus
1497 1423 1595 1478 pro
1619 1407 1895 1478 paradiso,
1919 1422 2146 1477 serpens

574 1516 674 1572 pro
695 1509 946 1570 apostata
975 1500 1215 1554 diabolo.
1245 1497 1547 1554 lnsulllavit
1573 1514 1705 1570 ergo
1735 1499 1826 1554 ille
1861 1513 1959 1570 per
1985 1497 2144 1552 inob-

575 1592 916 1662 sequentiam
949 1591 1144 1661 primis
1188 1591 1509 1661 parentibus
1545 1591 1601 1646 in
1639 1591 1894 1662 paradiso
1927 1589 2143 1661 positis,

572 1693 915 1754 mortemque
977 1683 1184 1739 invexit
1236 1683 1346 1738 illis
1396 1702 1409 1737 :
1458 1683 1716 1739 Christus
1767 1697 1898 1738 vero
1957 1697 2144 1737 amore

573 1776 748 1831 nostri
798 1783 1103 1848 permotus,
1151 1775 1207 1830 in
1234 1791 1400 1831 cruce
1449 1776 1742 1842 exaltatus,
1769 1791 1833 1830 ac
1863 1775 1920 1830 in
1975 1776 2145 1832 latere

2251 583 2470 653 ἐμφυσᾷ
2491 584 2604 644 τοῖς
2639 583 2868 645 νεοττοῖς
2900 582 2989 633 τὸν
3026 583 3100 635 ίὸν
3129 582 3295 636 αὑτοῦ
3313 623 3328 646 ,
3360 585 3452 638 καὶ
3476 585 3742 639 τελευτῶσιν.

2257 674 2394 726 Ἀλλ’
2413 675 2442 726 6
2473 674 2764 745 γεννήσας,
2791 673 2974 736 αὐτοῖς
3002 674 3234 737 ὲπιπτάς
3253 670 3428 738 αὖθις,
3452 676 3539 728 καὶ
3559 676 3640 746 τὴν
3662 679 3746 728 ἐτα-

2244 765 2437 836 6ουλὴν
2463 767 2709 834 φυσικοῖς
2730 764 2907 833 λόγοις
2928 763 3084 828 εἰδὼς
3099 805 3113 829 ,
3140 760 3244 818 οἶδε
3269 764 3430 819 πάλιν
3450 765 3626 836 ὁμοίως
3644 767 3748 830 ὅπως
3842 793 3846 797 -

2245 855 2657 909 ἀναδιώσονται.
2722 857 2920 908 Σκοπεῖ
2960 857 3070 928 γὰρ
3102 856 3334 926 νεφέλην
3365 858 3458 909 καὶ
3490 856 3673 910 πέτεται
3697 861 3749 920 εἰς

2247 944 2399 1014 ὕψος,
2426 946 2518 999 καὶ
2545 945 2687 999 κατὰ
2711 946 2954 1018 κορυφὴν
2982 947 3165 1017 ἡρέμα
3193 948 3283 998 ἐπ’
3310 947 3490 1010 αὐτοῖς
3516 945 3749 1017 πτερύσσε-

2243 1053 2357 1099 ται,
2387 1036 2480 1090 καὶ
2498 1036 2565 1090 τὰ
2593 1037 2723 1090 πλευ
2733 1037 2799 1106 ρά
2823 1041 2936 1102 τοῖς
2965 1039 3183 1108 πτεροῖς
3207 1036 3540 1108 ἑκατέρωθεν
3562 1037 3752 1108 πλήστων

2247 1129 2635 1200 σφοδρότερον,
2683 1130 2913 1200 αἵματος
2947 1129 3129 1192 αὐτοῖς
3154 1130 3376 1200 ῥανίδας
3414 1129 3631 1200 ἀφίησιν·
3653 1130 3694 1182 αί
3716 1130 3753 1182 δὲ

2245 1220 2332 1274 διὰ
2361 1222 2459 1292 τῆς
2490 1221 2717 1291 νεφέλης
2751 1221 3135 1286 ὲπιστάζουσαι
3168 1220 3432 1289 ζωογόνον
3471 1225 3573 1284 τοῖς
3601 1239 3752 1290 νεκρω-

2246 1313 2415 1367 θεῖσιν
2447 1313 2712 1366 ἐντιθέασι
2739 1311 2988 1383 δύναμιν,
3017 1313 3111 1366 καὶ
3133 1314 3458 1383 ἐγείρονται.
3481 1311 3755 1383 Δαμϐἀνετπι

2246 1401 2338 1458 οὖν
2364 1407 2391 1458 6
2425 1404 2657 1458 πελεκάν
2698 1406 2778 1468 εἰς
2807 1404 2898 1457 τὸν
2931 1404 3132 1476 Κύριον
3152 1445 3167 1467 ,
3193 1407 3239 1457 οξ
3272 1403 3332 1457 δὲ
3365 1404 3558 1458 νεοττοὶ
3586 1406 3650 1466 εἱς
3671 1405 3755 1465 τοὺς

2247 1496 2703 1568 πρωοπλάστους
2726 1537 2741 1561 ,
2764 1498 2798 1568 ἡ
2831 1496 2886 1550 δὲ
2917 1495 3076 1549 καλιά
3101 1497 3180 1559 είς
3206 1495 3300 1548 τὸν
3331 1494 3658 1566 παράδεισον,
3683 1496 3756 1548 ὁδὲ

2246 1589 2368 1659 ὄφις
2391 1589 2470 1651 είς
2497 1588 2587 1641 τὸν
2609 1587 2918 1658 ἀποστάτην
2941 1587 3204 1641 διάϐολον.
3241 1585 3592 1656 Ἑνεφύσησεν
3609 1581 3680 1638 οὖν
3698 1580 3755 1637 οἱ·

2246 1697 2337 1744 τος
2378 1678 2468 1733 διὰ
2508 1678 2606 1749 τῆς
2638 1679 2923 1750 παρακοῆς
2958 1681 3072 1742 τοῖς
3097 1679 3154 1730 ὲν
3183 1677 3261 1748 τῷ
3292 1676 3592 1748 παραδείσῳ
3617 1678 3758 1729 τεθεῖσι

2248 1771 2726 1845 πῳτοπλάστοις,
2779 1771 2872 1824 καὶ
2918 1771 3186 1842 νέκρωσιν
3218 1773 3410 1833 αὐτοῖς
3444 1771 3756 1825 ἐντέθεικενυό

573 1868 913 1931 vulneratus,
946 1867 1218 1921 viviticum
1243 1867 1371 1922 inde
1403 1867 1724 1938 sanguinem
1755 1866 1963 1922 stillare
1996 1865 2144 1934 fecit,

2253 1841 2307 1918 δέ
2337 1852 2570 1936 Χριστὸς
2600 1862 2688 1916 διὰ
2719 1863 2818 1933 τὴν
2852 1862 2988 1934 πρὸς
3019 1841 3164 1933 ἡμᾶς
3194 1863 3422 1934 ἀγάπην
3449 1862 3574 1932 ὑψοῦ
3599 1863 3757 1930 γενδμε.

574 1975 784 2030 nosque
805 1969 1052 2015 mortuos
1085 1975 1181 2031 per
1213 1961 1414 2016 nubem
1461 1960 1638 2016 sancti
1702 1957 1941 2030 Spiritus
1968 1958 2147 2014 vivifi-

573 2053 718 2110 cavit
742 2070 760 2108 :
783 2051 981 2107 Factus
1009 2068 1127 2106 sum
1155 2052 1287 2108 sicut
1322 2052 1628 2122 nycticorax
1654 2051 1709 2106 in
1737 2049 2026 2105 domicilio.
2054 2051 2149 2105 Ti—

574 2146 755 2202 midus
772 2155 853 2203 est
865 2147 1180 2217 nycticorax
1197 2161 1211 2212 ;
1235 2159 1408 2215 quare
1424 2144 1568 2200 ultro
1594 2142 1842 2213 citroque
1861 2141 2072 2214 fugiens
2090 2143 2147 2199 in

574 2237 976 2293 domiciliorum
1015 2237 1304 2292 ruderibus
1333 2244 1635 2306 pernoctat,
1667 2248 1733 2290 ac
1763 2236 1816 2290 in
1838 2235 2014 2304 [nocte
2038 2250 2149 2306 pra:

577 2326 870 2383 formidine
887 2328 1152 2382 clamitat.
1176 2325 1279 2381 Per
1298 2327 1625 2396 pellicanum
1645 2326 1830 2398 itaque
1849 2333 2147 2382 extremam

573 2421 755 2491 populi
789 2420 1098 2476 vastitatem
1129 2425 1183 2474 et
1241 2418 1594 2473 solitudinem
1649 2417 2012 2489 signiﬁcabat,
2053 2433 2149 2489 per

575 2511 976 2582 nycticoracem
1013 2524 1142 2565 vero
1171 2509 1427 2564 tenebras
1460 2507 1688 2575 indicat,
1719 2509 1878 2581 queis
1910 2510 2148 2580 populus

577 2603 788 2659 otl‘usus
815 2610 900 2658 est
931 2601 1300 2671 :denotatqne
1341 2617 1459 2665 eos,
1489 2600 1764 2658 exstincto
1802 2602 2006 2658 lumine
2043 2603 2149 2659 sibi

574 2691 892 2758 irradiante,
925 2693 1228 2763 ignorantia
1257 2694 1350 2750 Dei
1378 2694 1622 2757 all‘ectos,
1645 2694 1803 2765 quasi
1828 2694 1885 2749 in
1911 2692 2150 2747 tenebris

576 2789 632 2835 el.
661 2782 714 2836 in
742 2792 903 2838 nocte
927 2785 1154 2839 versari.
1185 2784 1441 2840 Fortasse
1467 2784 1554 2838 vir
1603 2789 1850 2849 sanctus,
1885 2782 2015 2852 quia
2049 2796 2151 2835 no-

575 2873 757 2929 ctibus
787 2874 1019 2945 singulis
1049 2876 1258 2932 orando
1297 2876 1512 2942 clamet,
1547 2883 1854 2948 opportune
1886 2889 2008 2932 sese
2046 2891 2148 2946 ny-

577 2965 836 3020 cticoram
861 2966 1092 3020 confert.

647 3139 814 3197 Vsus.
851 3140 1001 3196 8—H.
1065 3141 1310 3212 Vigilavi,
1343 3151 1392 3196 et
1438 3141 1613 3210 factus
1642 3158 1760 3197 sum
1803 3143 1938 3197 sicut
1969 3157 2152 3210 passer

579 3233 852 3289 solitarius
882 3235 935 3287 in
976 3242 1126 3288 tecto.
1156 3235 1288 3288 Tota
1318 3235 1402 3288 die
1443 3233 1829 3303 exprobrabant
1872 3236 2002 3293 mihi
2046 3235 2154 3288 ini-

579 3327 704 3379 mici
735 3326 835 3380 mei
868 3343 886 3381 :
915 3335 965 3379 et
990 3327 1079 3396 qui
1123 3326 1413 3380 laudabant
1445 3343 1546 3392 me,
1580 3327 1854 3382 adversum
1894 3343 1975 3382 me
1994 3328 2153 3397 jura-

581 3415 729 3468 bant.
759 3411 1027 3470 Derisioni
1070 3413 1148 3470 iui
1194 3417 1430 3472 inimicis
1460 3435 1473 3470 :
1505 3424 1560 3472 et
1597 3417 1691 3488 qui
1723 3417 1874 3471 olim‘
1902 3420 2157 3474 aemulan-

580 3505 684 3560 dus
715 3513 768 3559 et
795 3505 1023 3560 illustris
1051 3521 1223 3570 eram,
1244 3521 1391 3561 nunc
1418 3507 1482 3563 ad
1509 3507 1897 3578 jusjurandum
1922 3525 2158 3581 usurpor

582 3595 651 3650 ab
685 3595 753 3666 iis
787 3596 878 3665 qui
906 3611 992 3650 me
1021 3596 1150 3650 olim
1187 3597 1528 3652 mirabantur
1553 3613 1566 3650 :
1599 3613 1694 3669 per
1724 3613 1871 3655 meas
1901 3601 2046 3655 enim
2075 3616 2159 3655 ca-

581 3688 852 3742 lamitates
872 3687 1085 3758 jurant,
1111 3687 1190 3744 Ne
1221 3690 1399 3760 patiar
1426 3706 1488 3746 ea
1519 3706 1641 3762 qua:
1662 3691 1883 3761 quidam
1910 3695 2156 3764 perpessi

582 3783 729 3829 sunt.
765 3775 834 3830 Et
864 3777 950 3847 qui
985 3777 1276 3832 laudabant
1312 3797 1414 3846 me,
1442 3781 1720 3837 adversum
1755 3799 1834 3837 me
1857 3783 2114 3854 jurabant
2137 3802 2156 3840 :

584 3877 769 3946 tztpntu
799 3871 890 3933 qui
943 3869 1108 3926 Deum
1157 3871 1465 3948 adjutorem
1501 3891 1612 3930 non
1656 3875 1937 3933 haberem.
1973 3877 2159 3950 Neque

580 3971 755 4024 solum
791 3969 994 4024 inimici
1025 3968 1119 4024 Dei
1155 3969 1268 4023 haec
1299 3968 1566 4039 agebant;
1607 3967 1703 4024 sed
1737 3970 1900 4024 etiam
1946 3970 2041 4040 qui
2072 3985 2161 4026 me

581 4062 896 4133 diligebant,
930 4063 1216 4116 adversum
1243 4076 1329 4116 me
1351 4059 1636 4129 jurabant,
1680 4061 1733 4116 id
1760 4070 1845 4119 est
1870 4064 2159 4118 contribu-

581 4153 664 4211 les
697 4154 822 4208 mei.
869 4153 1005 4207 Nam
1052 4155 1108 4208 hi
1141 4169 1360 4224 quoque
1405 4154 1541 4224 ipsis
1572 4156 1873 4226 prophetiis
1900 4173 2007 4212 non
2038 4174 2159 4214 cre-

582 4245 784 4298 debant
811 4262 823 4297 :
858 4244 954 4298 sed
976 4244 1319 4299 hortationes
1344 4260 1409 4300 ac
1451 4245 1761 4302 futurorum
1794 4251 2062 4318 promissa
2086 4251 2161 4306 ir-

581 4334 844 4398 ridentes,
900 4333 1188 4391 adversum
1237 4352 1322 4392 me
1366 4337 1656 4407 iurabant,
1697 4341 1971 4398 vaticiniis
2023 4344 2159 4398 meis

584 4425 743 4480 [idem
778 4432 1060 4495 negantes.
1091 4425 1232 4492 Quia
1249 4431 1475 4483 cinerem
1515 4439 1765 4500 tanquam
1799 4449 1988 4502 panem
2015 4452 2161 4489 man-

2252 1973 2340 2021 νος
2366 1957 2460 2009 ἐπὶ
2482 1955 2576 2009 τοῦ
2600 1955 2832 2028 σταυροῦ
2849 1997 2864 2019 ,
2879 1957 2973 2009 καὶ
2997 1957 3180 2025 νυγεὶς
3207 1955 3311 2026 τὴν
3327 1954 3581 2026 πλευρὰν,
3609 1954 3754 2006 ἐκεῖθεν

2250 2047 2314 2100 τὺ
2344 2046 2660 2120 ζωήρρυτον
2691 2044 2981 2109 ἐστάλαξεν
3009 2040 3144 2115 αἷμα
3163 2087 3176 2108 ,
3222 2048 3320 2098 καὶ
3347 2045 3437 2098 διὰ
3473 2045 3562 2114 τῆς
3593 2043 3757 2110 vagam;

2251 2139 2346 2194 τοῦ
2388 2139 2544 2208 ἁγίου
2580 2139 2893 2209 Πνεύματος
2919 2137 3295 2208 νεκρωθέντας
3327 2138 3475 2208 ἡμᾶς
3496 2134 3754 2198 ἀνεζώωςεν·

2267 2229 2593 2302 Ἐγενήθην
2623 2231 2765 2284 ὡσεὶ
2791 2231 3152 2298 νυκτικόραξ
3171 2230 3243 2284 ἐν
3264 2227 3567 2291 οὶκοπέδῳ.
3597 2225 3757 2278 dedi-:6

2253 2320 2614 2394 νυκτικὸραξο
2667 2321 2748 2374 διὸ
2781 2320 2994 2390 φεύγων
3052 2319 3396 2390 πανταχόθεν
3439 2321 3546 2381 τοῖς
3569 2315 3755 2388 ἐρειπίοις

2251 2411 2361 2467 τῶν
2386 2413 2701 2484 οἰκημάτων
2730 2409 3085 2476 ἐναυλίζεται,
3123 2411 3216 2465 καὶ
3242 2413 3306 2464 ὲν
3338 2411 3491 2464 νυκτὶ
3516 2405 3756 2480 κράζει

2253 2501 2470 2566 δειλίας.
2509 2502 2605 2555 Διά
2627 2503 2726 2574 μὲν
2755 2498 2848 2556 οὗν
2877 2501 2970 2556 τοῦ
2995 2501 3294 2565 πελεκᾶνος
3319 2503 3423 2581 τὴν
3453 2498 3655 2568 παντελῆ
3672 2499 3754 2567 ἐρη-

2258 2593 2385 2664 μίαν
2416 2592 2509 2646 τοῦ
2537 2593 2665 2648 λαοῦ
2701 2595 2938 2666 ὲσήμανε
2959 2611 2971 2623 ·
3016 2593 3102 2646 διὰ
3142 2593 3197 2646 δὲ
3229 2592 3332 2645 τοῦ
3366 2589 3756 2660 νυκτικόρακοςτὸ

2255 2682 2580 2753 κατειληφδς
2603 2683 2790 2747 σκότος
2811 2683 2901 2737 τὸν
2923 2685 3048 2736 λαὸν
3072 2683 3250 2754 δηλοῖ·
3279 2685 3375 2736 καὶ
3395 2683 3494 2746 ὅτι,
3515 2680 3599 2734 τοῦ
3618 2697 3754 2734 καταυ-

2255 2775 2516 2844 γάζοντος
2541 2777 2736 2840 αὐτοὺς
2765 2778 2939 2845 φωτὸς
2963 2777 3400 2840 ἀποσϐεσθέντας
3417 2818 3432 2839 ,
3458 2770 3540 2829 οἷα
3561 2777 3610 2828 ὲν
3627 2773 3754 2840 σκοτίᾳ

2256 2867 2362 2920 είσὶ
2384 2869 2477 2921 καὶ
2497 2868 2651 2922 νυκτὶ
2672 2869 2944 2938 ἀγνωσίαν
2959 2869 3093 2923 Θεοῦ
3117 2869 3359 2939 ἔχοντες.
3382 2867 3753 2938 Τάχαδὲὸᾰγιος,

2255 2959 2441 3032 ἐπειδὴ
2457 2960 2748 3031 παννύχεις
2769 2960 2899 3013 ἐϐόα
2917 2961 3374 3033 προσευχόμενος,
3399 2961 3666 3029 ἀναγκαίως
3681 2961 3749 3010 in

2255 3051 2346 3107 τὸν
2371 3051 2708 3125 παραϐάλλει
2741 3053 3113 3124 νυκτικόρακι.

2340 3146 2742 3217 Ἡγρύπνησα,
2772 3145 2870 3198 καὶ
2897 3143 3190 3214 ἐγενήθην
3219 3144 3370 3199 ὡσεὶ
3391 3143 3671 3212 στρουθίον
3688 3157 3754 3207 μου

2256 3236 2436 3298 γάζον
2453 3237 2552 3290 ἐπὶ
2577 3235 2814 3305 δώματι.
2848 3237 3041 3300 Ὅλην
3058 3234 3174 3303 τὴν
3187 3235 3422 3306 ἡμέραν
3439 3231 3694 3291 ὠνείδιζόν
3707 3244 3754 3297 με

2255 3334 2309 3386 οὶ
2334 3329 2537 3399 ἐχθροί
2576 3346 2696 3397 μου
2721 3368 2736 3391 ,
2788 3328 2886 3382 καί
2918 3330 2972 3382 οἱ
3003 3328 3400 3393 ἐπαινοῦντές
3427 3343 3499 3396 με
3524 3327 3628 3379 κατ’
3657 3320 3752 3391 ἐμοῦ

2256 3420 2511 3490 ὤμνυον.
2538 3417 2956 3487 Καταγέλαστος
2977 3415 3241 3487 ἐγενόμην
3269 3419 3389 3479 τοῖς
3410 3412 3675 3484 δυσμενέσι,
3695 3407 3754 3458 21".

2255 3514 2284 3566 6
2315 3512 2481 3566 πάλαι
2510 3509 2746 3580 ζηλωτὸς
2779 3511 2870 3563 καὶ
2894 3508 3252 3581 περίϐλεπτος
3274 3548 3291 3570 ,
3329 3507 3425 3560 νύν
3460 3507 3600 3576 ὅρκος
3619 3501 3752 3568 γέγονα

2255 3607 2365 3668 τοῖς
2389 3602 2553 3658 πάλαι
2577 3601 2910 3673 θαυμάζουσι
2933 3619 2948 3632 ο
2973 3600 3117 3654 κατὰ
3139 3601 3248 3672 γὰρ
3277 3600 3390 3654 τῶν
3415 3598 3552 3668 ἐμῶν
3568 3593 3753 3664 bavium

2259 3694 2554 3766 συμφορῶν
2574 3712 2587 3726 ·
2619 3693 2711 3766 Μὴ
2737 3694 2962 3765 πάθοιμι
2998 3692 3035 3747 ἃ
3067 3695 3120 3746 οἱ
3147 3693 3322 3756 δεῖνες
3348 3688 3640 3744 πεπόνθασι.
3681 3680 3752 3736 Καὶ

2257 3793 2309 3844 οἱ
2333 3787 2721 3854 ἐπαινοῦντές
2732 3805 2808 3857 με
2831 3788 2958 3841 κατ’
2980 3786 3126 3856 ἐμοῦ
3151 3785 3396 3854 ὤμνυον
3413 3800 3425 3813 ·
3450 3783 3520 3845 ὡς
3543 3781 3605 3850 μὴ
3622 3776 3752 3845 ἔχοντα

2259 3879 2450 3952 βοηθὸν
2468 3880 2559 3934 τὸν
2580 3881 2729 3934 Θεόν.
2760 3881 2868 3932 Καὶ
2891 3879 2954 3931 ού
2977 3879 3135 3948 μόνον
3159 3878 3208 3930 οἱ
3226 3865 3750 3949 Eii-[90210505051156

2258 3971 2555 4047 ἔπραττον,
2588 3969 2723 4024 ἀλλὰ
2751 3971 2845 4023 καὶ
2878 3973 2926 4024 οἱ
2954 3969 3276 4039 ἀγαπῶντες
3311 3987 3380 4040 με
3413 3969 3524 4022 κατ’
3550 3964 3656 4036 ἐμοῦ
3676 3961 3751 4028 ὦμ-

2258 4081 2382 4117 νυον
2402 4103 2417 4126 ,
2450 4063 2728 4116 τουτέστιν
2760 4065 2808 4116 οἱ
2843 4062 2952 4116 ἀπὸ
2978 4062 3073 4116 τοῦ
3100 4062 3264 4116 αὐτοῦ
3296 4062 3480 4124 ἔθνους
3507 4059 3589 4113 καὶ
3605 4054 3748 4124 γένους-

2257 4157 2368 4211 Καὶ
2389 4149 2533 4209 οὗτοι
2554 4156 2684 4224 γοῦν
2705 4157 2968 4226 ἠπίστουν
2987 4158 3108 4219 ταῖς
3127 4157 3320 4219 αὑταῖς
3344 4145 3750 4227 προφητείαεςντάς

2257 4265 2317 4301 τε
2363 4247 2735 4320 παρακλήσεις
2765 4249 2859 4301 καὶ
2890 4247 2990 4311 τὰς
3021 4247 3128 4301 τῶν
3164 4248 3463 4317 μελλόντων
3503 4237 3749 4309 ἐπαγγελίας

2256 4338 2604 4412 διασύροντες
2635 4339 2752 4393 κατ’
2787 4337 2922 4410 ἐμοῦ
2947 4337 3161 4410 ὤμνυον
3181 4378 3196 4401 ,
3229 4337 3294 4390 τδ
3323 4337 3397 4408 μὴ
3427 4333 3657 4389 πιστεύειν
3677 4329 3748 4385 τδῖῖ

2259 4432 2348 4485 ὑπ’
2371 4430 2505 4502 ἐμοῦ
2533 4431 3050 4503 προερητευομένοις.
3089 4431 3216 4483 Ὅτι
3239 4427 3472 4482 σποδὸν
3490 4423 3610 4480 ὡσεί
3626 4421 3749 4488 (ipa-'7‘

582 4515 867 4583 ducabam,
901 4528 951 4570 et
977 4527 1157 4585 potum
1195 4536 1367 4574 meum
1404 4537 1522 4575 cum
1561 4523 1689 4592 ﬂetu
1720 4525 2023 4582 miscebant.
2056 4525 2152 4582 His

2257 4521 2504 4593 ἔφαγον,
2527 4523 2625 4577 καὶ
2653 4523 2718 4577 τὸ
2744 4526 2904 4594 πόμα
2917 4541 3035 4593 μου
3056 4525 3207 4593 μετά
3228 4522 3530 4593 κλαυθμοῦ
3547 4519 3743 4585 byw.

585 4606 784 4661 similia
807 4617 930 4662 sunt
957 4624 1078 4679 quae
1107 4610 1162 4664 in
1189 4613 1400 4681 psalmo
1430 4631 1615 4680 um,
1649 4616 1960 4673 habentur:
1997 4619 2157 4674 Ciba-

583 4695 785 4754 οἰδ-ηοξ
814 4715 946 4767 pane
976 4702 1357 4772 lacrymarum,
1393 4715 1442 4758 et
1480 4716 1660 4775 potum
1708 4709 1860 4765 dabis
1909 4711 2057 4765 nobis
2101 4713 2157 4766 in

585 4788 836 4860 lacrymis
869 4792 922 4844 in
956 4794 1284 4849 mensura".
1310 4793 1524 4852 Doloris
1561 4813 1690 4854 vero
1727 4801 2157 4871 magnitudinem

585 4881 675 4937 his
705 4882 965 4937 declarat.
1003 4883 1138 4938 Nam
1169 4885 1215 4939 si
1246 4884 1438 4941 edendi
1469 4897 1683 4960 tempus
1723 4890 1911 4947 dolore
1936 4893 2155 4963 plenum

583 4980 725 5037 erat,
750 4974 896 5044 quod
923 4976 1069 5031 aliud
1101 4985 1315 5047 tempus
1344 4979 1534 5037 dolore
1565 4997 1797 5038 vacuum
1836 4985 2042 5042 fuerit?
2061 4987 2159 5044 His

589 5070 791 5130 autem,
819 5065 1017 5136 inquit,
1064 5068 1466 5142 circumcingor
1516 5074 1697 5139 malis,
1746 5077 1872 5146 quia
1922 5087 2002 5145 tu,
2053 5079 2159 5134 Do-

588 5154 754 5219 mine,
794 5154 930 5210 iram
963 5167 1109 5212 tuam
1161 5160 1449 5217 adversum
1507 5178 1593 5219 me
1631 5171 1997 5224 commovisti.
2032 5169 2158 5226 Haec

588 5261 752 5317 porro
793 5245 1063 5318 Propheta
1108 5249 1266 5316 dicit,
1313 5252 1497 5322 populi
1537 5253 1904 5312 calamitatem
1952 5267 2009 5313 ut
2031 5277 2158 5330 pro-

587 5340 761 5408 priam
794 5339 896 5395 sibi
939 5341 1244 5406 ascribens,
1271 5355 1335 5397 ac
1361 5351 1525 5398 tantae
1561 5345 1930 5406 multitudinis
1976 5352 2156 5421 perni-

588 5434 726 5489 ciem
765 5435 976 5506 lugens.
1006 5435 1049 5489 Α
1085 5437 1222 5505 facie
1251 5438 1345 5490 ira:
1375 5449 1422 5493 et
1463 5437 1843 5510 indignationis
1877 5452 2004 5508 tum,
2032 5444 2159 5513 quia

586 5527 792 5580 elevans
829 5521 1046 5580 altisisti
1088 5544 1188 5583 me.
1219 5525 1350 5593 Qua:
1384 5530 1584 5599 papula
1611 5540 1666 5586 et
1691 5533 1810 5588 loco
1841 5533 2160 5590 acciderunt

592 5627 649 5670 ut
679 5617 779 5672 sibi
809 5617 1036 5690 propria
1065 5625 1304 5685 enarrat,
1334 5633 1396 5676 ac
1426 5621 1604 5689 docet,
1629 5623 1696 5678 ad
1743 5638 1995 5697 magnam
2035 5627 2160 5695 glo-

663 5789 708 5819 "
747 5788 888 5844 Psal.
926 5806 1122 5856 Lxxtx,
1159 5789 1214 5848 6.

2259 4614 2482 4678 Τούτοις
2527 4616 2883 4688 παραπλήσια
2917 4615 2983 4670 τά
3013 4617 3073 4669 ὲν
3099 4617 3177 4686 τῷ
3202 4616 3288 4670 οθ¹
3323 4617 3541 4687 ψαλμῷ·
3573 4602 3747 4676 Ψωμιεῖς

2257 4705 2415 4775 ἡμᾶς
2439 4707 2622 4774 ἄρτον
2639 4707 2931 4776 δακρύων,
2964 4709 3061 4762 καί
3093 4708 3318 4774 ποτιεῑς
3347 4706 3495 4776 ἡμᾶς
3512 4705 3572 4758 ἐν
3593 4699 3746 4763 δάκρυ·

2257 4811 2361 4848 σιν
2389 4796 2459 4849 ἐν
2484 4795 2694 4864 μέτρῳ.
2726 4797 2836 4868 Τὴν
2861 4798 2917 4850 δὲ
2948 4799 3047 4869 τῆς
3071 4798 3262 4869 ὀδύνης
3290 4795 3572 4868 ὑπερϐολὴν
3588 4791 3656 4844 διὰ
3674 4785 3747 4838 τοὺ·

2256 4902 2365 4939 των
2391 4885 2557 4958 δηλοῖ.
2582 4889 2643 4940 Εί
2669 4888 2775 4959 γὰρ
2800 4889 2830 4940 6
2854 4889 2949 4959 τῆς
2967 4889 3174 4960 τροφῆς
3202 4890 3392 4961 καιρὸς
3411 4887 3580 4956 ὀδύνης
3597 4880 3745 4947 ὖπῆρῖε

2261 4978 2488 5047 μεστὸς,
2537 4978 2621 5043 τίς
2664 4978 2731 5033 ἂν
2763 4978 2921 5042 ἄλλος
2967 4981 3158 5052 καιρὸς
3189 4981 3391 5052 ταύτης
3421 4976 3657 5046 ἐλεύθερος
3677 4964 3743 5036 ἧνς

2258 5069 2480 5134 Τούτοις
2506 5069 2562 5123 δὲ
2586 5110 2601 5135 ,
2633 5071 2788 5141 φησι,
2820 5071 3215 5143 περικλύζομαι
3248 5077 3360 5136 τοῖς
3391 5072 3587 5131 κακοῖς·
3614 5060 3742 5124 inibi?

2261 5161 2347 5224 σὺ,
2381 5160 2645 5225 Δέσποτα,
2676 5161 2970 5232 κεκίνηκας
3002 5165 3118 5217 κατ’
3148 5164 3282 5236 ἐμοῦ
3308 5165 3404 5236 τὴν
3428 5163 3593 5235 ὀργήν.
3617 5154 3742 5210 Ταῦτα

2256 5253 2315 5307 δέ
2335 5271 2500 5325 φησιν
2515 5257 2543 5307 6
2565 5257 2880 5327 Προφήτης,
2911 5256 3276 5328 οἰκειούμενος
3289 5259 3384 5329 τὴν
3411 5256 3497 5309 τοῦ
3527 5251 3632 5307 λαοῦ
3653 5263 3740 5314 συμ-

2258 5345 2449 5415 φορὰν,
2479 5348 2573 5400 καὶ
2600 5346 2996 5418 ὀλοφυρόμενος
3024 5348 3126 5417 τὴν
3157 5348 3427 5403 ἀπώλειαν
3452 5346 3535 5400 τοῦ
3556 5338 3739 5396 tuatim

2259 5435 2494 5516 πλήθους
2514 5476 2529 5499 ,
2569 5437 2710 5491 Ἀπὸ
2751 5439 3074 5506 προσώπου
3102 5439 3212 5508 τῆς
3250 5439 3424 5511 ὀργῆς
3455 5437 3541 5491 καὶ
3570 5432 3653 5488 τοῦ
3673 5433 3735 5482 θικ

2252 5526 2372 5596 μοῦ
2394 5541 2509 5581 σου
2529 5566 2543 5592 ,
2571 5527 2660 5581 ὅτι
2687 5528 2915 5596 ἐπάρας
2942 5529 3308 5599 κατέρῤοξὰς
3329 5548 3420 5600 με.
3449 5529 3520 5583 Τά
3541 5518 3719 5596 ωμόεεη

2259 5620 2390 5672 κότα
2419 5619 2496 5690 τῷ
2521 5619 2633 5690 λαῷ
2665 5621 2755 5674 καὶ
2782 5621 2857 5693 τῷ
2888 5624 3036 5694 τόπῳ
3071 5623 3392 5679 ίδιοποιεῖται
3420 5622 3660 5679 διδάσκων,
3680 5611 3732 5666 ἆτ’
