3964 6520
226 389 363 445 1257

1363 387 1859 445 (ῙΟΜΜΕΝΤΛΒΙΑ
1904 387 1970 443 ΙΝ
2010 388 2351 445 PSALMOS.

3345 384 3484 439 1258

224 506 305 566 εἰς
338 502 480 574 μέγα
514 504 671 573 δόξης
702 503 936 576 ἀρθέντα
964 506 1054 557 τὸν
1079 505 1226 569 λαὸν,
1258 505 1333 570 ὡς
1360 505 1495 558 Θεοῦ
1523 504 1649 558 λαὸν
1670 522 1807 576 χρη-

1914 504 2049 559 riam
2100 505 2337 561 levatum
2370 503 2654 575 populum,
2687 501 2759 557 ita
2793 512 2852 556 ut
2884 500 3116 572 populus
3144 499 3237 555 Dei
3262 515 3487 554 vocare-

228 593 473 663 ματίσαι,
509 595 655 648 τόνδε
684 595 775 648 τὸν
807 592 953 649 οἶκον
985 596 1118 649 Θεοῦ
1153 597 1516 668 ὀνομασθῆναι
1540 596 1633 649 διὰ
1657 596 1717 649 τὸ
1746 598 1804 648 ἐν

225 682 373 754 αὐτῷ
398 684 663 755 ἀγίασμα.
710 686 951 760 Ἐπάρας
979 688 1071 741 καὶ
1098 690 1337 759 τιμήσας
1364 688 1393 740 6
1416 687 1548 751 Θεὸς
1570 686 1803 759 ἐφαμίλο

222 774 331 838 λως
362 778 427 846 τῇ
466 778 543 840 εἰς
574 776 705 847 ὕψος
732 778 960 853 ἀρθείσῃ
992 780 1169 833 αὐτῶν
1196 781 1345 854 δόξῃ.
1380 783 1460 845 εἰς
1486 780 1545 835 τὸ
1568 781 1805 835 ἐναντίον

222 867 583 938 παραγαγὼν,
611 870 910 943 κατέρραξε
930 888 943 901 ·
968 871 1060 925 τὸν
1089 873 1186 944 μὲν
1212 874 1377 927 τόπον
1400 874 1686 946 πολιορκίᾳ
1711 890 1809 926 πα-

223 958 420 1101 ραδοὺς
466 962 560 1013 καὶ
612 962 863 1016 παντελεῖ
912 965 1151 1036 ἐρημίᾳ,
1197 966 1287 1020 τὸν
1326 967 1381 1021 δέ
1421 966 1549 1022 λαὸν
1605 969 1807 1039 αἰχμα-

256 1050 416 1101 ωσία.

256 1050 416 1104 ωσία.

286 1142 355 1192 Αἱ
380 1140 589 1209 ἡμέραι
605 1160 726 1211 μου
745 1146 888 1202 ὡσεὶ
920 1148 1067 1202 σκιὰ
1090 1148 1440 1217 ἐκλίθησαν,
1472 1148 1635 1219 κάγὼ
1663 1149 1806 1203 ὡσεὶ

222 1229 434 1297 χόρτος
467 1232 824 1305 ἐξηράνθην.
876 1238 1051 1293 Πᾶσα
1073 1239 1183 1310 γὰρ
1221 1239 1379 1309 σὰρξ
1407 1241 1656 1310 χόρτος,
1707 1241 1803 1295 καὶ

223 1321 391 1376 πᾶσα
416 1324 565 1391 δόξα
587 1328 779 1397 αὐτῆς
803 1330 883 1397 ὡς
921 1331 1105 1398 ἄνθος
1130 1334 1367 1401 χόρτου.
1430 1334 1600 1387 Πάλιν
1631 1351 1805 1387 κοινοι

224 1414 546 1486 ποιούμενος
588 1419 678 1473 τὸν
721 1422 848 1493 περὶ
874 1422 967 1475 τοῦ
996 1422 1127 1476 λαοῦ
1161 1424 1349 1492 λόγον,
1381 1423 1642 1493 ἐπιλέγει·
1695 1426 1803 1479 Kal

222 1504 337 1573 ἐγὼ
360 1506 503 1561 ὡσεὶ
524 1512 738 1579 χόρτος
756 1514 1114 1583 ἐξηράνθην.
1144 1517 1229 1570 Σὺ
1253 1516 1339 1581 δὲ,
1368 1518 1564 1583 Κύριε,
1590 1519 1677 1583 είς
1702 1518 1808 1572 τὸν

223 1595 404 1651 αἰῶνα
423 1599 626 1668 μένεις
645 1642 657 1665 ,
691 1606 785 1657 καὶ
828 1606 895 1659 τὸ
914 1609 1312 1677 μνημόσυνόν
1333 1624 1450 1663 σου
1484 1612 1571 1676 εἰς
1595 1610 1808 1680 γενεὰν

224 1689 320 1743 καὶ
346 1693 578 1760 γενεάν.
601 1696 681 1748 Τὰ
707 1698 804 1767 μὲν
833 1697 1025 1770 θνητὰ,
1056 1699 1207 1769 φησι,
1232 1701 1327 1755 καὶ
1356 1702 1673 1773 ἀνθρώπινα
1700 1722 1808 1757 τοι·

224 1781 392 1848 αὔτα,
426 1780 512 1838 οἷα
545 1788 638 1840 καὶ
665 1788 988 1859 δεδήλωται,
1020 1792 1311 1862 τυγχάνει,
1344 1795 1683 1865 εὐμετάϐολα
1714 1796 1807 1850 καὶ

1910 605 2021 662 tur,
2055 610 2117 650 ac
2146 597 2342 651 domus
2376 597 2578 651 Domus
2610 595 2703 651 Dei
2737 595 2807 650 ob
2834 594 3208 649 sauctuarium
3237 593 3309 647 ibi
3342 594 3489 663 posi-

1910 695 2026 742 tum
2062 688 2356 745 diceretur.
2395 687 2532 743 Cum
2567 695 2749 743 autem
2780 702 2811 741 a
2846 686 2955 742 Deo
2982 695 3200 742 erectus
3223 693 3276 741 et
3308 685 3488 739 hono-

1911 787 2066 835 ratus
2114 779 2329 843 fuisset,
2374 780 2620 835 vicissim
2662 787 2853 851 postea
2884 779 3007 834 loco
3052 778 3199 833 illius
3236 777 3489 833 sublimis

1912 871 2115 941 gloriae,
2149 872 2202 925 in
2236 872 2574 925 contrarium
2607 871 3042 941 dejectumeum,
3076 870 3291 925 allisum
3324 883 3354 921 a
3380 866 3491 922 Deo

1914 961 2084 1016 fuisse
2122 962 2219 1027 ait,
2250 962 2327 1015 ita
2357 970 2417 1016 ut
2448 962 2627 1017 locum
2662 964 2937 1017 obsidioni
2960 972 3013 1017 et
3044 969 3302 1017 extremae
3321 963 3492 1016 vasti-

1914 1052 2032 1119 tati,
2070 1052 2331 1122 p0pulum
2358 1067 2487 1107 vero
2510 1053 2815 1123 captivitati
2847 1053 3104 1107 traderet.

1983 1142 2152 1199 Vens.
2184 1144 2373 1199 12-14.
2412 1143 2536 1200 Dies
2568 1146 2669 1199 mei
2692 1147 2829 1199 sicut
2869 1148 3057 1199 umbra
3076 1144 3491 1207 declinaverunt,

1912 1242 1964 1287 et
1985 1247 2079 1303 ego
2109 1234 2246 1287 sicut
2267 1233 2444 1303 fenum
2477 1236 2615 1288 arui.
2659 1233 2845 1290 Omnis
2874 1235 3013 1288 enim
3047 1252 3173 1289 caro
3208 1235 3409 1305 fenum,
3444 1243 3495 1289 et

1914 1327 2085 1379 omnis
2116 1325 2288 1396 gloria
2329 1327 2443 1395 ejus
2477 1328 2632 1396 quasi
2656 1327 2756 1395 ﬂos
2795 1326 2980 1395 feni“.
3017 1325 3260 1381 Rursum
3290 1326 3357 1381 de
3396 1342 3496 1396 po-

1916 1418 2043 1486 pulo
2088 1433 2396 1473 sermonem
2441 1419 2597 1489 quasi
2638 1418 2741 1473 sibi
2778 1419 3059 1489 proprium
3104 1418 3336 1473 eﬂ‘erens
3362 1417 3493 1473 sub-

1909 1509 2111 1580 jungit,
2153 1509 2223 1563 Et
2259 1526 2352 1580 ego
2385 1510 2524 1562 sicut
2564 1509 2739 1577 fenum
2773 1511 2916 1564 arui.
2960 1508 3039 1562 Tu
3071 1518 3268 1574 autem,
3308 1509 3497 1564 Domi-

1915 1620 1998 1667 ne,
2036 1604 2092 1656 in
2116 1613 2367 1656 wiernum
2396 1618 2691 1671 permanes,
2721 1610 2769 1656 et
2803 1600 3110 1655 memoriale
3141 1611 3286 1653 tuum
3320 1600 3375 1653 in
3410 1616 3497 1671 ge-

1914 1695 2240 1748 nerationem
2285 1704 2335 1748 et
2372 1695 2781 1764 generationem.
2826 1692 2958 1757 Res,
2994 1693 3091 1758 ait,
3133 1694 3398 1751 mortales
3443 1702 3498 1748 ct

1916 1786 2167 1839 humanae
2222 1787 2359 1841 tales
2390 1794 2538 1849 sunt,
2575 1785 2765 1855 quales
2810 1800 2979 1853 supra
3008 1785 3348 1840 declaratum
3387 1793 3495 1850 est,

224 1872 507 1944 ἀνώμαλα,
527 1877 780 1932 οὐδέποτε
802 1882 893 1933 ἐπὶ
914 1884 1028 1946 τοῖς
1044 1884 1226 1948 αὐτοῖς
1250 1886 1477 1955 μένοντα
1495 1905 1508 1917 ·
1532 1888 1646 1942 ἀλλ’
1663 1890 1809 1942 ἐπαι-

1914 1879 2201 1933 mutationi
2248 1879 2461 1935 scilicet
2508 1888 2562 1936 et
2607 1880 3022 1950 inaequabilitati
3062 1880 3331 1945 obnoxiae,
3375 1895 3501 1950 quze

227 1967 454 2039 ρόμενα,
473 1970 566 2022 καὶ
586 1974 1101 2045 καταρρηγνύμενοι,
1127 1976 1261 2047 ύψού
1270 1980 1406 2048 μενά
1424 1998 1483 2033 τε
1506 1982 1599 2034 καὶ
1617 1999 1809 2036 ταπει-

223 2059 465 2132 νούμενα
485 2104 499 2129 ,
537 2063 629 2116 καὶ
663 2066 925 2129 παντοίας
955 2067 1165 2137 τροπὰς
1208 2071 1301 2123 καὶ
1337 2072 1639 2141 μεταϐολὰς
1671 2074 1808 2128 ύπο-

226 2152 455 2223 μένοντα
482 2154 569 2209 διὰ
592 2156 690 2228 τὴν
714 2158 771 2209 ἐν
794 2157 1102 2230 ἀνθρώποις
1130 2161 1552 2236 πολιτευομένην
1578 2167 1807 2220 κακίανο

225 2246 290 2297 σὺ
316 2245 396 2311 δὲ,
414 2246 605 2319 Κύριε,
630 2248 779 2303 οὐδὲν
800 2249 937 2321 ἔχων
961 2250 1151 2323 θνητὸν
1174 2254 1295 2307 οὐδὲ
1320 2255 1600 2328 ἐπίκηρον,
1621 2260 1700 2323 είς
1720 2258 1811 2311 τὸν

222 2336 396 2390 αἰῶνα
432 2338 611 2408 μένεις
630 2380 644 2403 ,
676 2340 762 2393 ἀεὶ
796 2344 935 2397 κατά
964 2345 1031 2398 τὰ
1061 2345 1202 2399 αὐτὰ
1230 2348 1325 2399 καὶ
1356 2347 1619 2413 ὡσαύτως
1647 2351 1807 2421 ἔχων,

220 2428 299 2493 ὡς
329 2429 497 2495 ἀΐδιος
525 2433 621 2486 καὶ
644 2434 1001 2500 ἀναλλοίωτος
1018 2474 1033 2500 ,
1066 2440 1161 2491 καὶ
1188 2439 1257 2492 τὰ
1286 2440 1431 2507 ἅπαξ
1457 2440 1563 2495 ὑπὸ
1597 2444 1689 2497 σοῦ
1732 2446 1810 2517 (i)

224 2520 555 2576 σαλευθέντα
578 2564 592 2590 ,
623 2526 715 2579 καὶ
742 2527 799 2579 ἐν
826 2528 1127 2601 ἐπαγγελίᾳ
1160 2530 1519 2587 θεσπισθέντα
1550 2535 1700 2606 μένει
1732 2540 1812 2601 είς

224 2616 571 2687 μνημόσυνον
591 2617 781 2681 ἀΐδιον,
805 2620 838 2692 ἢ
869 2620 970 2674 κᾶν
997 2622 1070 2694 μὴ
1097 2625 1163 2694 τῇ
1187 2624 1434 2698 παρούσῃ
1466 2629 1647 2699 γενεᾷ,
1674 2628 1812 2683 ἀλλά

220 2709 285 2777 τῇ
318 2707 586 2780 ἐρχομένῃ
615 2710 756 2764 κατὰ
786 2711 885 2783 τὴν
907 2712 1243 2785 ψαλμῳδίαν.
1299 2717 1411 2769 Καὶ
1443 2717 1600 2771 τοῦτο
1625 2716 1717 2773 οὖν
1752 2737 1809 2773 σε

225 2798 460 2869 μάλιστα
503 2802 813 2872 ἐπικάμψαι
857 2805 1061 2873 ὀφείλει
1086 2848 1100 2871 ,
1136 2807 1418 2873 Δέσποτα,
1451 2811 1533 2864 ὅτι
1559 2811 1669 2881 ἐγὼ
1716 2814 1813 2883 μὲν

220 2892 315 2944 καὶ
329 2892 425 2963 τὴν
444 2892 605 2961 φύσιν
622 2894 874 2967 τοιαύτην
901 2897 1008 2968 ἔχω
1025 2899 1289 2971 ἐπίκηρον
1308 2902 1402 2955 καὶ
1423 2902 1810 2977 ὀλιγοχρόνιον,

221 2982 317 3033 καὶ
353 2986 661 3055 συμφοραῖς
694 2985 995 3058 συνεζύγην
1038 2989 1357 3054 τοσαύταις·
1403 2992 1467 3045 σὺ
1501 2993 1557 3046 δὲ
1600 2994 1816 3059 αἰώνιος

221 3165 411 3217 κακῶν
436 3168 633 3239 ῥᾳδίως
662 3170 727 3222 ἄν
764 3188 853 3241 μοι
883 3172 1154 3244 χαρίσαιο.
1195 3175 1367 3229 Τοῦτο
1394 3177 1501 3249 γὰρ
1523 3179 1773 3253 ἐπιφέρει
1794 3197 1809 3213 θ

220 3255 306 3308 Σὺ
331 3256 600 3325 ἀναστὰς
615 3261 1006 3330 οὶκτειρήσεις
1028 3270 1146 3333 τὴν
1165 3264 1340 3333 Σιὼν,
1366 3268 1455 3321 ὅτι
1473 3268 1678 3339 καιρὸς
1702 3272 1809 3327 τοῦ

219 3344 585 3415 οἱκτειρῆσαι
622 3348 849 3419 αὐτὴν,
899 3352 989 3407 ὅτι
1033 3354 1163 3422 ἣκει
1208 3356 1432 3427 καιρός.
1468 3360 1590 3426 Δὸς,
1622 3364 1807 3435 φησιν,

221 3438 432 3508 ἀμείνω
472 3440 771 3514 μεταϐολὴν
802 3442 901 3515 τῆς
941 3448 1251 3520 συμφορᾶς·
1285 3450 1313 3500 ὁ
1345 3448 1453 3520 γὰρ
1486 3451 1679 3523 καιρὸς
1716 3450 1809 3508 τὸν

220 3528 370 3583 ἔλέον
404 3532 654 3587 ἀπαιτεῖ’
690 3536 1097 3591 συντετέλεσται
1128 3538 1238 3611 γὰρ
1271 3540 1415 3614 ὁτῆς
1436 3543 1810 3618 ταλαιπωρίας

220 3622 380 3692 ἡμῶν
423 3624 634 3695 χρόνος.
698 3627 1004 3681 Δίνίττεται
1036 3628 1091 3682 δέ
1122 3628 1212 3684 διὰ
1242 3631 1449 3687 τούτων
1482 3635 1581 3705 τῆς
1617 3638 1729 3699 τοῖς
1758 3637 1808 3690 o'

219 3712 368 3767 ἔτεσι
391 3717 833 3791 περιωρισμένης
852 3719 1119 3793 τιμωρίας
1138 3725 1233 3778 καὶ
1252 3726 1628 3797 αἰχμαλωσίας
1644 3728 1706 3781 τὸ
1724 3728 1809 3782 τέ-

218 3804 332 3869 λος.
386 3806 543 3861 Οὕτω
588 3809 686 3863 καὶ
712 3811 741 3863 6
788 3810 1091 3883 Θαυμάσιος
1136 3816 1333 3889 Δανιὴλ
1359 3818 1674 3892 ἀριθμήσας
1711 3822 1811 3894 τῆς

219 3900 603 3970 αίχμαλωσίας
642 3902 735 3957 τὸν
778 3906 969 3977 χρόνον
1015 3909 1315 3982 προσφέρει
1358 3911 1456 3984 τὴν
1506 3913 1806 3987 ἱκετηρίαν,

217 3990 317 4044 καὶ
368 3992 582 4062 συνᾴδει
622 3994 832 4060 τούτοις
866 3997 968 4067 τῆς
1016 4002 1397 4073 πνευματικῆς
1437 4005 1703 4075 μελῳδίας
1740 4006 1811 4060 τὰ

223 4081 465 4152 ῥήματα.
514 4076 624 4136 Καὶ
668 4086 698 4138 6
743 4087 1021 4159 Ζαχαρίας
1063 4089 1120 4143 δὲ
1155 4093 1590 4165 προσευχόμενος
1629 4095 1805 4165 ἔλεγε·

220 4172 398 4240 Κύριε
427 4175 839 4244 παντόκρατορ
861 4215 876 4240 ,
927 4178 1104 4247 μέχρι
1138 4181 1282 4233 πότε
1322 4183 1396 4234 οὐ
1423 4182 1507 4251 μὴ
1543 4182 1810 4252 ἐλεήσῃς

221 4263 339 4332 τὴν
365 4265 772 4337 Ἰερουσαλὴμ,
791 4268 891 4322 καὶ
905 4270 1012 4337 τὰς
1025 4273 1235 4338 πόλεις
1263 4273 1468 4338 Ἰούδα,
1487 4273 1561 4342 ἂς
1575 4276 1809 4344 ὑπερεῖ-

220 4356 355 4422 δες;
388 4356 561 4411 τοῦτο
597 4358 1045 4431 ἑϐδομηκοστὸν
1070 4362 1227 4430 ἔτος.
1276 4364 1726 4437 Προφητεύεσθαι
1751 4369 1809 4421 δὲ

222 4448 455 4504 ἐνταῦθα
485 4447 637 4522 οἶμαι
665 4454 759 4506 καὶ
792 4456 891 4527 τὴν
920 4456 978 4509 ἐν
1001 4456 1310 4529 ἀνθρώποις
1338 4457 1575 4531 Χριστοῦ
1609 4461 1809 4528 ἐπιφά-

222 4558 390 4608 νειαν,
415 4543 589 4597 αίτίαν
614 4544 878 4618 ἐσομένην
898 4546 990 4601 τοῦ
1016 4549 1501 4623 ἀνοικοδομηθῆναι
1524 4551 1623 4627 τὴν
1645 4551 1804 4620 Σιὼν,

220 4635 465 4688 τουτέστι
498 4635 593 4689 τοῦ
619 4637 953 4710 ἀνεῳχθῆναι
974 4639 1035 4693 τὸ
1056 4642 1157 4711 τῆς
1176 4642 1458 4707 εὐσεϐείας
1481 4644 1803 4716 πολίτευμα.

222 4728 319 4791 Τίς
340 4728 395 4781 δέ
414 4731 442 4782 6
468 4728 795 4794 πολύευκτος
822 4732 915 4784 καὶ
942 4734 1264 4805 τριπόθητος
1281 4735 1491 4807 καιρὸς,
1519 4737 1578 4788 ἐν
1599 4730 1643 4805 ᾧ
1670 4738 1809 4808 πλη-

224 4820 462 4893 ρωθῆναι
495 4821 710 4889 λέγεται
742 4822 810 4875 τά
838 4823 990 4895 παρά
1016 4826 1113 4895 τῆς
1146 4827 1281 4881 Σιὼν
1310 4829 1694 4900 ἐπηγγελμένα
1716 4828 1806 4893 ;'O

219 4916 322 4985 τῆς
344 4916 690 4981 ἀναστάσεως
716 4934 832 4982 σου,
851 4916 1044 4991 Κύριε.
1064 4920 1215 4973 Ἐπεὶ
1229 4921 1334 4993 γὰρ
1354 4923 1453 4994 τὴν
1476 4922 1570 4975 τοῦ
1596 4923 1803 4993 κόσμου

219 5008 496 5079 ἁμαρτίαν
530 5004 661 5079 ἆραι
694 5008 984 5081 ἐλήλυθαςο
1021 5012 1120 5064 ούκ
1148 5012 1254 5064 ἔδει
1281 5013 1338 5065 δὲ
1365 5014 1455 5066 τὸν
1486 5014 1803 5085 τηλικοῦτον

220 5099 361 5171 ὑπὲρ
380 5100 575 5169 ὀλίγων
587 5102 922 5172 ἁμαρτωλῶν
945 5102 1117 5157 ἐλθεῖν
1137 5104 1230 5158 καὶ
1252 5103 1443 5158 παθεῖν
1459 5123 1471 5135 ·
1497 5106 1585 5159 ὅτε
1614 5106 1803 5177 ἐνέστη

218 5195 247 5246 6
277 5193 495 5264 χρόνος,
532 5194 654 5247 καθ’
681 5196 740 5250 ὃν
773 5195 987 5269 εἴρηται
1013 5197 1123 5261 ὅτι,
1150 5217 1165 5249 ι
1196 5198 1400 5262 Πάντες
1428 5199 1675 5271 ἥμαρτον
1709 5200 1804 5251 καὶ

222 5286 575 5358 ὑστεροῦνται
616 5289 716 5359 τῆς
746 5287 903 5360 δόξης
937 5288 1031 5342 τοῦ
1059 5290 1193 5343 Θεοῦ
1216 5330 1230 5354 ,
1274 5290 1393 5344 τότε
1426 5291 1565 5344 ύπέο
1600 5291 1801 5354 παντὸς

218 5378 431 5448 ἐγεύσω
461 5376 715 5434 θανάτου.
753 5399 772 5431 ι

288 5710 341 5745 ἰ
374 5710 481 5766 lsa.
515 5727 619 5777 ιι,
652 5710 706 5765 6.
781 5712 828 5745 ”
862 5710 1095 5770 Zachar.
1128 5726 1149 5768 ι
1170 5754 1186 5782 ,
1218 5714 1308 5773 12.
1384 5718 1430 5751 ³⁸
1469 5714 1632 5774 Rom.
1671 5730 1766 5784 ιιι,
1797 5715 1898 5771 9.5.

288 5866 369 5939 (ι)
402 5866 655 5922 Mendum
685 5868 831 5923 haud
864 5868 1047 5924 dubie.

456 5964 729 6024 ΡΑἰ-ιιοι..
778 5963 895 6025 Gn.
944 5962 1185 6025 XXIII.

1911 1988 2191 2043 nunquam
2216 1974 2405 2028 eodem
2432 1974 2486 2028 in
2526 1982 2675 2030 statu
2711 1983 2997 2041 maneant;
3030 1978 3125 2029 sed
3156 1974 3319 2028 modo
3342 1976 3498 2028 exal-

1912 2074 2058 2128 tatze,
2112 2081 2238 2120 mox
2283 2066 2493 2133 allisae;
2542 2066 2705 2122 modo
2736 2074 2952 2133 erectm,
2990 2081 3116 2121 mox
3168 2065 3391 2135 deiecta:
3419 2066 3500 2119 vi-

1911 2156 2168 2221 deantur,
2205 2172 2268 2211 ac
2315 2159 2675 2214 mutationem
2705 2160 3235 2230 conversionemque
3262 2158 3501 2229 quamli-

1913 2248 2002 2303 bet
2024 2249 2280 2312 subeant,
2309 2250 2381 2306 ob
2415 2251 2718 2320 nequitiam
2755 2266 2876 2322 qua:
2912 2252 3056 2306 inter
3090 2251 3342 2306 homines
3380 2266 3502 2304 ver-

1913 2347 2087 2394 satur.
2118 2341 2198 2393 Tu
2231 2349 2437 2407 autem,
2468 2340 2696 2395 Domine
2717 2382 2734 2410 ,
2771 2342 2864 2412 qui
2909 2341 3044 2396 nihil
3067 2342 3319 2408 mortale,
3363 2341 3500 2395 nihil

1912 2434 2118 2490 ﬂuxum
2171 2434 2363 2501 habes,
2416 2434 2475 2490 in
2518 2444 2782 2491 aeternum
2830 2451 3142 2506 permanes,
3188 2449 3255 2489 ac
3288 2449 3503 2504 semper

1911 2525 2103 2581 eodem
2126 2526 2309 2589 modo,
2343 2526 2535 2581 eodem
2570 2526 2625 2579 in
2658 2534 2805 2581 statu
2837 2527 3098 2591 versaris,
3128 2533 3315 2595 utpote
3344 2538 3504 2580 atter-

1912 2632 2019 2673 nus
2057 2626 2113 2673 et
2143 2618 2506 2672 immutabilis
2542 2637 2555 2673 :
2590 2633 2653 2672 ac
2688 2634 2809 2687 quae
2850 2619 3019 2674 semel
3063 2618 3164 2673 abs
3201 2626 3253 2672 te
3293 2624 3500 2671 statuta

1915 2718 2064 2777 sunt,
2096 2719 2151 2765 et
2188 2712 2242 2765 in
2276 2712 2558 2767 vaticiniis
2600 2712 2876 2782 promissa
2924 2709 3170 2774 fuerunt,
3200 2711 3255 2764 in
3292 2725 3506 2764 memo-

1919 2804 2050 2858 riale
2081 2805 2476 2874 sempiternum
2502 2811 2757 2866 manent,
2787 2804 3005 2859 etiamsi
3030 2819 3138 2858 non
3165 2804 3215 2855 in
3241 2802 3503 2871 praesenti

1916 2898 2293 2966 generatione,
2343 2903 2400 2949 at
2443 2896 2498 2950 in
2530 2895 2717 2949 futura
2769 2896 3067 2951 secundum
3117 2896 3499 2966 psalmodiam.

1916 2987 2095 3056 Atque
2121 2984 2227 3039 hoc
2258 2992 2333 3049 te,
2358 2984 2610 3049 Domine,
2643 2984 2880 3039 maxime
2904 2983 3121 3040 ﬂectere
3142 2984 3307 3040 debet
3331 3023 3347 3049 ,
3372 2985 3503 3055 quia

114 3086 117 3087 '
220 3071 317 3124 καὶ
362 3072 661 3139 ἀθάνατος,
696 3076 837 3130 ὥστε
884 3078 1187 3151 μεταϐολήν
1217 3098 1341 3136 τινα
1386 3082 1498 3136 τῶν
1531 3085 1809 3157 παρόντων

1916 3089 2017 3145 ego
2040 3073 2262 3145 quidem
2296 3075 2459 3130 talem
2492 3074 2668 3129 habeo
2697 3083 2973 3140 naturam,
3012 3074 3236 3139 ﬂuxam,
3278 3074 3503 3130 brevem

1916 3173 1971 3221 et
2004 3166 2077 3220 ita
2108 3166 2525 3230 calamitosam;
2560 3174 2619 3221 tu
2658 3181 2789 3222 vero
2826 3174 3065 3223 tetemus
3089 3174 3144 3221 et
3170 3166 3504 3222 immortalis

1912 3273 2004 3323 es;
2031 3257 2108 3311 ita
2140 3265 2201 3311 ut
2252 3259 2607 3328 praesentium
2638 3259 2910 3312 malorum
2958 3258 3321 3313 mutationem
3368 3259 3505 3314 mihi

1911 3366 2175 3422 perquam
2226 3352 2389 3408 facile
2445 3353 2767 3424 praebueris.
2816 3352 2873 3407 ld
2920 3365 3161 3422 namque
3201 3350 3390 3415 infert,
3421 3351 3506 3405 Tu

1908 3462 2195 3519 exsurgens
2228 3446 2555 3502 misereberis
2601 3444 2761 3510 Sion,
2806 3445 2935 3515 quia
2975 3453 3177 3513 tempus
3218 3442 3506 3498 miserendi

1910 3539 2047 3608 ejus,
2074 3540 2201 3610 quia
2230 3541 2369 3593 venit
2397 3548 2620 3607 tempus.
2653 3538 2752 3601 Da,
2777 3536 2976 3607 inquit,
3018 3536 3350 3591 calamitatis
3379 3550 3505 3589 mu-

1911 3632 2174 3685 tationem
2226 3631 2281 3685 in
2327 3630 2524 3685 melius
2567 3648 2581 3685 :
2624 3644 2749 3683 nam
2800 3636 3018 3698 tempus
3061 3626 3505 3683 misericordiam

1915 3722 2185 3792 postulat;
2228 3722 2466 3777 miseria:
2507 3720 2711 3791 quippe
2759 3728 2963 3776 nostra:
3004 3719 3333 3789 completum
3372 3734 3504 3790 spa-

1912 3813 2050 3866 tium
2082 3820 2186 3867 est.
2221 3810 2319 3867 His
2345 3827 2513 3883 porro
2541 3812 2859 3869 subindicat
2892 3812 3152 3883 supplicii
3197 3812 3361 3868 annis
3410 3826 3504 3867 se.

1912 3905 2201 3978 ptuaginta
2249 3906 2654 3978 circumscripti
2701 3914 2758 3963 et
2811 3906 3144 3977 captivitatis
3193 3904 3377 3960 ﬁnem.
3408 3903 3504 3959 Sic

1913 3999 2043 4053 item
2100 3997 2292 4054 Daniel
2344 3998 2435 4054 ille
2488 3999 2795 4063 mirabilis,
2840 3999 3115 4054 recensito
3162 3998 3501 4068 captivitatis

1912 4101 2183 4163 tempore,
2213 4091 2669 4163 supplicationem
2704 4090 2863 4147 oﬂert
2893 4104 3085 4149 suam:
3123 4089 3318 4159 hisque
3342 4088 3502 4159 spiri-

1911 4187 2078 4242 tualis
2132 4185 2381 4240 melodiae
2430 4184 2596 4239 verba
2651 4184 2934 4238 accinunt.
2998 4182 3295 4237 Zacharias
3368 4182 3501 4236 item

1912 4278 2121 4333 orando
2149 4278 2365 4333 dicebat
2401 4295 2415 4332 :
2452 4276 2673 4331 Domine
2715 4276 3060 4345 omnipotens,
3097 4289 3361 4346 usquequo
3395 4286 3498 4328 non

1913 4371 2237 4426 misereberis
2257 4370 2581 4433 Jerusalem,
2626 4378 2676 4424 et
2718 4369 2994 4423 civitatum
3031 4366 3201 4432 Juda,
3241 4384 3373 4437 quas
3403 4368 3499 4422 de-

1910 4464 2175 4533 spexisti.’
2209 4462 2293 4515 hic
2338 4462 2753 4532 septuagesima:
2794 4475 2964 4513 annus
2999 4469 3077 4513 est
3095 4460 3162 4515 ’⁸.
3193 4457 3295 4513 Hic
3332 4458 3498 4514 etiam

1911 4550 2269 4621 prmnuntiari
2316 4560 2450 4619 puto
2498 4549 2708 4604 Christi
2757 4549 2825 4603 ad
2873 4549 3128 4603 homines
3179 4549 3495 4613 adventum,

1913 4644 2006 4713 qui
2056 4643 2111 4695 in
2146 4656 2314 4696 causa
2365 4641 2582 4695 futurus
2624 4648 2728 4706 est,
2763 4647 2823 4694 ut
2869 4647 3214 4695 restauretur
3258 4639 3412 4705 Sion,
3442 4640 3497 4695 id

1914 4739 2018 4793 est,
2050 4738 2109 4785 ut
2148 4731 2366 4801 pietatis
2420 4732 2734 4786 institutum
2772 4732 3072 4801 aperiatur.
3106 4731 3262 4798 Quod
3314 4741 3497 4788 autem

1916 4823 2050 4878 illud
2078 4831 2162 4879 est
2188 4823 2595 4893 optatissimum
2619 4831 2675 4878 et
2692 4823 3225 4879 desideratissimum
3256 4832 3493 4895 tempus,

1915 4932 2025 4986 quo
2064 4916 2353 4987 implenda
2407 4931 2530 4971 esse
2572 4916 2857 4980 dicuntur,
2884 4931 3007 4987 quae
3047 4916 3115 4971 de
3164 4915 3329 4972 Sione
3368 4934 3498 4988 pro—

1912 5010 2084 5065 missa
2128 5009 2292 5066 sunt?
2330 5008 2468 5063 lllud
2508 5016 2591 5063 est
2638 5017 2853 5078 tempus
2895 5010 3324 5065 resurrectionis
3355 5018 3493 5075 tute,

1914 5102 2164 5158 Domine.
2190 5102 2331 5168 Quia
2360 5103 2505 5158 enim
2548 5112 2834 5173 peccatum
2872 5102 3063 5157 mundi
3094 5102 3373 5158 sublatum
3402 5118 3496 5157 vc-

1912 5195 2083 5249 nisti:
2118 5209 2217 5249 nee
2247 5195 2534 5264 oportebat
2573 5201 2787 5249 tantum
2830 5193 2983 5248 illum
3015 5191 3359 5248 Senatorem
3396 5207 3495 5261 pro

1913 5285 2102 5356 paucis
2146 5286 2526 5355 peccatoribus
2575 5284 2762 5340 venire
2811 5294 2865 5341 et
2914 5285 3057 5355 pati;
3093 5298 3220 5338 cum
3261 5282 3495 5337 instaret

1913 5386 2152 5446 tempus,
2180 5391 2290 5447 quo
2314 5376 2520 5431 dictum
2546 5382 2650 5440 est,
2692 5396 2709 5427 ι
2736 5374 2941 5431 Omnes
2980 5381 3351 5446 peccaruntet
3373 5372 3494 5443 glo-

1912 5468 1995 5522 ria
2019 5467 2117 5525 Dei
2142 5470 2511 5539 privantur“,
2546 5476 2678 5525 tunc
2706 5483 2808 5540 pro
2839 5468 3098 5524 omnibus
3130 5476 3363 5523 mortem
3396 5465 3493 5521 de-

1909 5561 2159 5631 gustasti.
2196 5580 2215 5614 ι
