3964 6518
156 384 305 440 (εει

1286 372 1790 433 COMMENTARIA
1830 371 1896 426 IN
1938 369 2277 427 PSALMOS.

3274 362 3413 421 15.62

148 500 387 553 δίκαιοι
430 486 815 563 ἐπεθύμησαν
848 492 999 546 ἰδεῖν
1030 491 1067 544 d
1105 490 1274 560 ὑμεῖς
1314 490 1596 555 βλέπετε,
1645 487 1744 542 καί

1866 484 1983 539 )υω
2010 498 2094 539 me
2120 481 2393 538 inﬁrmum
2414 486 2467 533 et
2493 486 2777 551 gravatum
2801 490 2986 540 cerno,
3013 474 3264 546 suspicor
3278 472 3413 529 mihi

148 593 275 646 οὐκ
302 586 484 651 εἶδον,
523 586 620 640 καὶ
647 586 903 639 ἀκοῦσαι
933 583 971 637 ἆ
995 584 1263 646 ἀκούετε,
1292 583 1390 635 καὶ
1419 584 1529 636 οὐκ
1558 581 1743 651 ἢκου-

146 692 307 729 σαν.
348 671 503 725 Κατὰ
531 672 587 725 δὲ
615 670 712 743 τὴν
748 672 988 742 ἱστορίαν
1010 711 1025 734 ,
1053 670 1294 733 Βλέπων,
1330 671 1514 741 φησὶν,
1570 672 1741 741 ἐμαυ-

145 763 248 814 τὸν
289 760 581 813 ἀτονοῦντα
615 760 712 811 καὶ
746 758 1131 831 βαρυνόμενον,
1164 760 1341 828 ὀλίγον
1371 760 1737 832 ὑπολαμϐάνω

144 854 357 924 καιρὸν
387 852 767 923 ὐπολελεῖφθαί
801 870 890 923 μοι
928 852 1091 923 ζωῆς.
1121 852 1209 924 Μὴ
1235 850 1330 906 οὖν
1370 854 1743 925 ὲκδημήσαιμι

139 945 249 997 τοῦ
308 945 558 1015 σώματος
606 946 663 998 ὲν
709 944 787 1015 τῷ
834 946 1023 1015 ἡμίσει
1063 947 1156 999 καὶ
1212 946 1391 999 ἀτελεῖ
1438 945 1547 998 τῶν
1601 948 1739 1016 ἡμεο

146 1035 291 1110 ρῶν.
346 1039 441 1089 Ἐν
495 1036 670 1108 γενεᾷ
723 1036 944 1107 γενεῶν
970 1038 1041 1091 τὰ
1068 1038 1171 1105 ἐτη
1226 1053 1361 1091 σου.
1403 1036 1739 1107 Ἀναγκαίως

142 1128 442 1201 προειπών
466 1145 481 1160 θ
531 1128 625 1197 Μὴ
667 1128 973 1199 ἀναγάγῃς
1010 1146 1086 1198 με
1134 1128 1205 1181 ἐν
1254 1131 1458 1201 ἡμίσει
1505 1130 1739 1200 ἡμερῶν

134 1239 296 1290 μου,
326 1221 623 1292 εὐξάμενός
668 1239 726 1275 τε
767 1222 1088 1295 παραθεῖναι
1134 1223 1233 1294 τὴν
1277 1224 1419 1293 ζωὴν
1450 1223 1609 1293 μέχρι
1637 1222 1738 1290 τῆς

143 1310 447 1376 ἐκϐάσεως
476 1313 583 1366 τῶν
607 1314 1121 1385 προφητευομένων,
1160 1316 1361 1385 συνορᾷ
1387 1314 1448 1366 τὸ
1480 1313 1738 1367 ἀδύνατον

143 1402 241 1456 διὰ
275 1404 344 1455 τὸ
373 1403 597 1467 ἀσθενὲς
624 1405 717 1457 καὶ
742 1405 1105 1475 ὀλιγοχρόνιον
1133 1406 1231 1475 τῆς
1259 1405 1458 1475 θνητῆς
1488 1404 1701 1474 φύσεως
1722 1422 1737 1437 '

142 1488 276 1545 εἶτα
315 1492 422 1563 ἔφη
450 1509 464 1522 ·
502 1493 603 1546 Σοῦ
630 1495 813 1564 μόνου,
846 1494 1040 1564 Κύριε,
1074 1494 1143 1547 τὰ
1176 1494 1270 1565 έτη
1311 1496 1389 1557 είς
1420 1494 1613 1563 γενεὰν
1642 1497 1739 1549 καὶ

144 1582 360 1650 γενεὰν
398 1583 687 1637 διατείνει·
726 1585 818 1637 καὶ
865 1586 929 1638 σὺ
961 1585 1112 1655 ἥξεις
1158 1587 1239 1649 είς
1282 1586 1496 1659 ἐκείνην
1529 1588 1627 1660 τὴν
1652 1606 1744 1656 γε-

1844 576 2106 646 perbreve
2128 582 2343 644 tempus
2372 572 2495 627 vitae
2530 569 2812 627 residuum
2846 583 2986 624 esse.
3025 566 3105 623 Ne
3132 568 3316 637 itaque
3358 567 3415 621 in

1842 665 2074 721 dimidio
2114 664 2325 719 dierum
2381 670 2437 717 et
2488 662 2778 717 immature
2823 673 2855 713 a
2899 672 3127 728 corpore
3198 658 3419 729 proiici-

1844 771 1987 812 scar.
2024 755 2091 810 In
2113 756 2443 826 generatione
2465 754 2862 825 generationum
2883 753 3012 805 anni
3037 752 3135 806 tui.
3162 752 3301 806 Cum
3332 749 3417 806 di-

1846 852 2038 915 xisset,
2069 847 2152 904 Ne
2183 865 2387 903 revoces
2418 864 2498 901 me
2531 848 2586 900 in
2602 845 2826 899 dimidio
2850 844 3052 898 dierum
3078 860 3337 909 meorum,
3356 859 3420 898 ac

1844 953 2089 1016 rogasset
2119 945 2288 999 vitam
2321 957 2476 999 suam
2512 958 2685 1012 usque
2733 940 2802 995 ad
2852 955 3036 995 rerum
3086 940 3421 1009 praenuntia.

1844 1046 2025 1090 tarum
2048 1044 2303 1092 eventum
2337 1035 2651 1106 prorogari;
2684 1033 2831 1088 videt
2860 1033 2964 1086 hoc
2996 1033 3067 1086 ob
3095 1032 3421 1085 imbecillam

1846 1139 1899 1186 et
1928 1130 2128 1185 ﬂuxam
2175 1128 2423 1185 mortalis
2470 1136 2681 1182 naturae
2731 1125 3101 1182 conditionem
3146 1123 3261 1178 ﬁeri
3316 1138 3425 1177 non

1849 1239 2038 1293 posse;
2065 1223 2261 1278 deinde
2296 1223 2402 1276 ait:
2438 1220 2543 1274 Tui
2590 1219 2761 1274 solius
2792 1219 2943 1281 anni,
2978 1216 3226 1280 Domine,
3258 1216 3313 1270 in
3342 1230 3429 1286 ge-

1847 1313 2182 1367 nerationem
2229 1320 2283 1365 et
2331 1310 2732 1381 generationem
2778 1308 3205 1378 producuntur:
3261 1316 3430 1378 tuque

1848 1406 2134 1476 pervenies
2184 1404 2252 1459 ad
2304 1406 2451 1459 illam
2484 1405 2887 1475 generationem
2925 1412 2979 1457 et
3010 1402 3271 1473 populum
3306 1442 3320 1466 ,
3363 1401 3432 1455 de

1847 1498 2047 1568 quibus
2072 1498 2324 1568 superius
2352 1497 2668 1553 dicebatur:
2700 1496 2981 1552 Scribatur
3019 1495 3129 1549 haec
3178 1495 3235 1548 in
3274 1509 3435 1564 gene-

1854 1590 2111 1646 rationem
2137 1588 2383 1651 alteram,
2420 1597 2472 1643 et
2502 1598 2719 1644 caetera.

145 1678 311 1742 νεᾶν,
358 1680 609 1733 κάκεῖνον
645 1681 733 1733 τὸν
759 1682 907 1745 λαὸν,
936 1681 1062 1752 περὶ
1088 1675 1162 1736 ὧν
1198 1682 1453 1756 ἀνωτέρω
1484 1685 1701 1754 ἐλέγετο
1720 1702 1735 1716 ο
1768 1686 2060 1753 Γραρήτω
2084 1685 2234 1751 αὕτη
2273 1686 2358 1749 είς
2383 1683 2499 1751 τὴν
2543 1683 2752 1753 γενεὰν
2798 1680 3029 1749 ἑτέραν,
3065 1680 3160 1733 καὶ
3180 1678 3250 1732 τὰ
3281 1677 3429 1749 ἑξῆς.

230 1772 388 1822 Κατ’
448 1770 641 1839 ἀρχὰς
676 1771 791 1837 τὴν
846 1769 965 1840 γῆν
998 1771 1114 1835 σὺ,
1185 1774 1378 1840 Κύριε,
1428 1774 1741 1843 ἐθεμελίω-
1774 1763 1817 1816 Β

145 1876 298 1925 σας,
338 1862 439 1913 καὶ
466 1861 608 1930 ἔργα
646 1860 762 1913 τῶν
789 1860 1003 1931 χειρῶν
1039 1863 1155 1915 σού
1191 1865 1350 1917 εἰσιν
1386 1867 1439 1917 οἱ
1476 1866 1739 1932 οἰιοανοί.

147 1951 349 2004 Αὐτοὶ
384 1952 776 2017 ἀπολοῦνται,
829 1953 910 2007 σὺ
942 1952 1009 2006 δὲ
1054 1954 1368 2023 διαμένεις.
1406 1958 1470 2009 Et
1506 1958 1604 2027 μὲν
1637 1957 1746 2029 γὰρ

147 2043 215 2095 οὐ
258 2042 531 2114 συνῆσθα,
567 2044 720 2114 φησὶ,
759 2045 879 2097 κατ’
912 2044 1104 2116 ἀρχὰς,
1139 2041 1184 2100 ὦ
1230 2048 1425 2119 Κύριε,
1473 2051 1567 2103 καὶ⁵
1590 2052 1639 2104 εί
1672 2049 1746 2122 μὴ

151 2135 302 2205 ἔργα
333 2134 445 2187 τῶν
480 2135 680 2207 χειρῶν
722 2153 816 2189 σου
850 2136 1094 2210 ὑπῆρχον
1123 2140 1172 2191 oi
1220 2140 1459 2211 οὐρανοὶ,
1499 2142 1596 2212 οὐχ
1638 2137 1748 2195 οἷόν

153 2244 222 2279 τε
252 2222 331 2297 ἦν
358 2227 500 2279 αὐτά
528 2224 903 2298 μετατεθῆναι,
944 2229 1063 2282 οὐδὲ
1093 2231 1172 2293 είς
1210 2231 1511 2303 μεταϐολὴν
1539 2233 1743 2287 ἐλθεῖν·

150 2321 207 2373 εἰ
240 2320 364 2392 γὰρ
398 2320 637 2392 ἀγένητα
662 2317 751 2393 ἦν,
777 2322 997 2393 ἔμειναν
1029 2322 1094 2377 ἂν
1132 2324 1225 2376 καὶ
1257 2324 1589 2395 ἀτελεύτητα
1608 2343 1622 2357 ⁸
1653 2326 1749 2380 νῦν

151 2411 235 2476 δὲ,
269 2411 404 2463 ἐπεὶ
422 2412 649 2482 ποιητὴς
668 2413 848 2467 αὐτῶν
883 2414 1134 2483 γέγονας,
1163 2414 1385 2478 δυνατὸς
1410 2412 1465 2467 εἴ
1489 2417 1583 2469 καὶ
1610 2433 1752 2487 παρ·

155 2506 405 2572 αγαγεῖν
452 2506 591 2558 αὐτά
647 2504 878 2578 θελήσας
914 2523 927 2536 ⁸
990 2508 1205 2576 φύσεως
1251 2507 1361 2579 γὰρ
1444 2507 1750 2579 ὑπάρχουσι

157 2596 421 2667 φθαρτῆς
475 2598 571 2650 καὶ
613 2598 992 2671 ἀπολλυμένης
1017 2617 1032 2632 ο
1088 2602 1195 2666 δτι,
1231 2602 1324 2655 καὶ
1381 2600 1456 2673 μὴ
1488 2602 1751 2674 πρότερον

162 2688 321 2751 ὄντα,
370 2690 438 2758 σῇ
474 2688 634 2760 βουλῇ
667 2689 761 2742 καὶΙ
794 2690 1019 2761 δυνάμει
1052 2691 1296 2760 γέγονεν.
1354 2694 1451 2745 Ἓν
1493 2692 1602 2763 γάρ
1636 2694 1753 2745 ἐστι

166 2778 339 2849 μένον
382 2780 495 2837 ἀεὶ.
536 2781 632 2832 καὶ
662 2779 859 2833 οὔποτε
893 2782 1190 2851 δυνάμενον
1242 2784 1315 2854 μὴ
1356 2778 1521 2845 εἶναι,
1552 2784 1753 2854 δηλαδὴ

1923 1775 2089 1832 Vens.
2136 1776 2325 1831 2629.
2381 1774 2545 1829 Initio
2603 1785 2683 1839 tu,
2749 1773 2997 1838 Domine,
3054 1782 3253 1826 terram
3318 1770 3437 1841 fun-

1846 1870 2007 1934 dasti,
2073 1880 2121 1923 et
2177 1885 2335 1937 opera
2390 1884 2643 1921 manuum
2698 1876 2911 1919 tuarum
2964 1873 3087 1919 sunt
3136 1864 3269 1917 caeli.
3325 1861 3438 1930 Ipsi

1845 1963 2107 2031 peribunt,
2140 1971 2194 2014 tu
2250 1972 2426 2015 atem
2482 1977 2777 2031 permanes.
2838 1958 2957 2014 Nisi
2990 1958 3138 2013 enim
3187 1972 3218 2010 a
3280 1956 3438 2027 priu-

1847 2052 2028 2123 cipio,
2083 2051 2342 2116 Domine,
2391 2051 2590 2107 fuisses
2618 2092 2634 2115 ,
2696 2058 2750 2106 et
2794 2049 2903 2104 nisi
2948 2048 3071 2104 coeli
3105 2061 3275 2117 Opera
3324 2062 3439 2099 ma-

1848 2162 2018 2201 nuum
2047 2154 2263 2199 tuarum
2317 2150 2501 2199 essent
2522 2183 2537 2208 ,
2572 2157 2682 2196 non
2740 2145 2965 2210 possent
3003 2138 3095 2191 illa
3123 2152 3287 2207 opera
3318 2152 3441 2189 mu-

1848 2238 1996 2302 tari,
2040 2251 2142 2292 nec
2198 2237 2255 2290 in
2298 2235 2461 2289 aliam
2504 2232 2874 2287 conditionem
2923 2231 3111 2285 venire
3162 2249 3175 2284 :
3234 2244 3359 2283 nam
3391 2229 3440 2284 si

1849 2342 1959 2381 non
1998 2326 2139 2381 facta
2191 2333 2400 2389 essent,
2436 2326 2556 2380 sine
2612 2323 2717 2379 ﬁne
2763 2330 3070 2378 manerent.
3131 2319 3250 2376 Jam
3312 2336 3486 2375 νει-ο·

1851 2419 1980 2491 quia
2035 2433 2226 2473 eorum
2275 2416 2457 2485 opifex
2514 2415 2699 2480 fuisti,
2766 2424 2921 2485 potes
2972 2414 3063 2467 illa
3122 2420 3337 2468 mutare
3395 2412 3443 2466 si

1850 2512 2030 2567 velis:
2073 2524 2199 2564 nam
2249 2508 2409 2563 ﬂuxae
2463 2515 2517 2562 et
2568 2505 2946 2576 corruptibilis
2996 2516 3205 2559 natum
3264 2512 3441 2560 sunt:

1852 2602 1980 2673 quia
2041 2616 2165 2656 cum
2226 2614 2339 2653 non
2398 2599 2550 2667 prius
2592 2598 2954 2664 exsisterent,
3009 2598 3288 2652 voluntate
3380 2608 3445 2648 ac

1852 2695 2055 2746 virtute
2109 2698 2200 2744 tua
2250 2688 2469 2743 condita
2528 2696 2676 2744 sunt.
2724 2685 2907 2742 Unum
2966 2686 3165 2757 quippe
3195 2692 3280 2740 est
3300 2683 3445 2754 quod

1855 2790 2060 2847 manet,
2094 2789 2149 2838 et
2178 2796 2459 2852 nunquam
2490 2796 2599 2835 non
2645 2794 2769 2834 esse
2810 2779 3007 2850 potuit,
3043 2793 3237 2848 nempe
3268 2784 3327 2830 tu
3359 2791 3447 2831 so-

163 2870 232 2923 σὺ
258 2870 435 2934 αὐτὸς
464 2873 492 2923 ὁ
524 2870 682 2941 μόνος
716 2872 824 2925 τῶν
847 2872 982 2925 ὅλων
1009 2876 1257 2945 ποιητής.
1297 2873 1405 2927 Καὶ
1431 2873 1653 2939 πάντες
1678 2875 1757 2939 ὡς

1866 2879 1943 2934 lus
1974 2875 2217 2931 omnium
2261 2874 2532 2928 conditor.
2580 2870 2641 2926 Et
2672 2888 2849 2927 omnes
2902 2874 3040 2925 sicut
3082 2872 3448 2925 vestimentum

165 2964 409 3033 ἱμάτιον
458 2964 1004 3032 παλαιωθήσονται,
1055 2965 1153 3018 καί
1196 2965 1339 3019 ὡσεὶ
1381 2966 1760 3033 περιϐόλαιον

1866 2974 2195 3031 veterascent,
2224 2973 2274 3019 et
2301 2966 2438 3019 velut
2469 2964 2727 3019 amictum
2748 2962 2917 3017 volves
2939 2979 3049 3027 eos,
3073 2971 3123 3016 et
3152 2962 3443 3018 solventur.

162 3055 398 3119 ἑλίξεις
456 3055 697 3120 αὐτοὺς,
725 3056 821 3108 καὶ
855 3056 1299 3126 ἐλιχθήσονται.
1330 3057 1441 3110 Καὶ
1463 3058 1511 3109 oi
1543 3055 1760 3126 οὐρανοὶ

1866 3060 1997 3116 lei
2018 3072 2237 3130 quoque
2267 3057 2483 3113 etiamsi
2524 3072 2781 3127 magnum
2816 3056 3454 3128 praestantissimumun

166 3146 246 3208 δὲ,
279 3148 329 3199 εί
364 3145 468 3199 καὶ
499 3145 638 3216 μέγα
669 3147 763 3199 καί
790 3146 1065 3218 ἐξαίρετόν
1092 3164 1144 3199 τι
1176 3147 1502 3218 τυγχάνουσι
1527 3147 1756 3218 κτίσμα,

1866 3149 1973 3205 sint
2018 3147 2332 3221 opiﬁcium,
2392 3151 2634 3199 attamen
2677 3144 2781 3215 ipsi
2828 3158 3050 3214 quoque
3106 3143 3449 3213 corruptioni

168 3238 286 3291 ἀλλ’
326 3238 485 3308 ὅμως
517 3236 608 3290 καὶ
664 3237 817 3290 αὐτοὶ
872 3237 1339 3310 ὑποϐληθήσονται
1373 3238 1577 3312 φθορᾷ·
1624 3241 1658 3312 ὴ
1703 3240 1760 3293 δὲ

1872 3242 2269 3313 subjicientur:
2305 3240 2420 3294 haec
2451 3247 2633 3293 autem
2664 3238 2947 3309 corruptio
2976 3238 3111 3309 ipsis
3132 3234 3189 3291 in
3218 3252 3452 3292 renova-

169 3327 351 3399 φθορά
374 3326 521 3398 αὕτη
551 3330 836 3398 γενήσεται
860 3328 1043 3392 αὐτοῖς
1080 3330 1158 3392 είς
1203 3330 1617 3402 ἀνακαινισμὸν,
1666 3331 1760 3384 καὶ

1868 3338 2076 3393 tionem
2097 3342 2292 3399 vertet,
2329 3343 2491 3403 atque
2516 3332 2665 3403 ipsos
2696 3330 2768 3385 ita
2801 3330 2963 3385 facile
2988 3328 3286 3384 contrahes
3317 3368 3332 3392 ,
3386 3342 3452 3382 ac

173 3421 464 3483 συπελεῖς
498 3422 692 3484 αὐτοὺς
726 3419 966 3491 εὐχερῶς
999 3419 1171 3484 οὔτως
1198 3421 1274 3485 ὡς
1300 3422 1502 3475 ἑλίσσει
1533 3439 1617 3486 τις
1664 3439 1761 3476 πε-

175 3512 459 3583 ριϐόλαιον
478 3528 491 3541 ’
534 3511 903 3582 ὲλιχθήσονται
924 3512 1033 3584 γὰρ
1052 3514 1132 3576 εἰς
1161 3513 1367 3583 βέλτιον
1390 3514 1575 3585 σχῆμα
1608 3530 1765 3585 μετα-

177 3605 532 3675 ϐαλλόμενοι,
570 3605 662 3658 καλ⁵
693 3605 1108 3677 ἀλλαγήσονται,
1159 3607 1253 3659 καὶ
1296 3606 1505 3677 τροπὴν
1555 3605 1765 3677 ἀγαθὴν

178 3694 525 3766 ὑπομενοῦσι
556 3695 655 3766 τὴν
684 3696 792 3748 ἀπὺ
830 3697 927 3767 τῆς
975 3696 1333 3767 παλαιότητος
1376 3698 1470 3752 ἐπὶ
1500 3698 1601 3771 τὴν
1633 3700 1767 3754 ἀνα·-

179 3789 424 3842 γαίνισιν
457 3789 551 3841 καὶ
572 3789 674 3859 τὴν
707 3788 1037 3860 ἀφθαρσίαν.
1079 3789 1163 3843 Σὺ
1194 3789 1263 3843 δὲ
1294 3791 1531 3857 όαὺτὸς
1567 3786 1640 3857 εἴ,
1668 3791 1771 3845 καὶ

178 3881 254 3936 τὰ
280 3882 388 3949 ἐτη
410 3896 532 3934 σου
564 3882 676 3935 οὐκ
707 3879 1083 3948 saetacum.
1132 3884 1199 3934 Ol
1242 3881 1357 3935 υἱοί
1391 3880 1509 3934 τῶν
1535 3881 1771 3936 δούλων

181 3988 301 4029 σου
332 3972 908 4039 κατασκηνώσουσι,
952 3977 1049 4026 καὶ
1082 3972 1149 4026 τὸ
1186 3971 1426 4042 σπέρμα
1458 3973 1656 4028 αὐτῶν
1684 3976 1772 4040 εις

181 4066 290 4121 τὸν
304 4064 500 4119 αἰῶνα
529 4062 1092 4129 κατευθυνθήσεται.
1118 4067 1338 4128 Καινοῖς
1356 4064 1431 4135 (2)
1464 4066 1773 4135 γενομένοις

186 4158 281 4211 καὶ
309 4157 406 4209 ἐπὶ
436 4154 503 4209 τὺ
528 4157 775 4224 κρεῖττον
812 4156 1254 4226 μεθαρμοσθεῖσι,
1286 4156 1384 4209 καὶ
1424 4157 1491 4209 τὸ
1537 4156 1774 4226 σπέρμα

1869 3432 1916 3488 si
1954 3432 2079 3502 quis
2107 3429 2366 3483 amictum
2395 3426 2685 3481 convolvat
2710 3445 2724 3480 :
2782 3440 2911 3479 nam
2941 3424 3224 3479 meliorem
3254 3424 3307 3478 in
3350 3422 3457 3479 for-

1871 3540 2015 3579 mam
2035 3523 2340 3584 volventur,
2370 3535 2433 3574 ac
2455 3518 2816 3573 mutabuntur
2840 3525 3004 3587 atque
3029 3516 3453 3572 conversionem

1873 3615 2133 3685 optimam
2168 3612 2466 3675 subibunt,
2514 3624 2544 3663 a
2578 3615 2854 3663 vetustate
2904 3624 3099 3677 nempe
3125 3607 3193 3661 ad
3222 3623 3457 3662 renova-
3478 3600 3486 3629 ί

1876 3706 2081 3759 tionem
2108 3713 2161 3759 et
2190 3700 2656 3771 incorruptionem
2697 3698 2970 3753 translati.
3011 3698 3091 3751 Tu
3121 3706 3298 3751 autem
3318 3695 3458 3751 idem
3484 3700 3487 3705 λ

1875 3800 1985 3868 ipse
2014 3814 2089 3861 es,
2121 3806 2169 3851 et
2203 3796 2330 3849 anni
2363 3795 2439 3847 tui
2504 3809 2609 3847 non
2662 3790 2924 3861 deﬁcient.
2997 3789 3128 3844 Filii
3188 3806 3459 3845 servorum

1878 3900 2091 3943 tuorum
2130 3886 2470 3950 habitabant,
2499 3894 2550 3939 et
2583 3900 2759 3938 semen
2787 3899 2967 3937 eorum
3003 3884 3057 3936 in
3089 3880 3347 3938 saxulum
3370 3881 3457 3935 di-

1877 3983 2091 4052 rigetur.
2144 3977 2392 4034 lnnovati
2447 3976 2657 4033 scilicet
2676 3983 2837 4031 erunt
2856 3990 2917 4029 ac
2953 3974 3232 4030 meliorem
3256 3973 3311 4029 in
3345 3973 3458 4027 for-

1877 4089 2021 4127 mam
2043 4072 2314 4133 translati,
2348 4078 2397 4124 et
2421 4085 2591 4123 semen
2622 4084 2801 4122 eorum
2837 4109 2852 4135 ,
2902 4067 3110 4123 scilicet
3174 4080 3458 4127 servorum

1879 4173 2120 4228 tuorum,
2157 4165 2209 4218 in
2239 4163 2493 4218 ueculum
2526 4160 2801 4233 dirigetur.

186 4254 444 4317 ἑαυτῶν,
472 4251 674 4323 δηλαδὴ
708 4251 817 4307 τῶν
854 4251 1052 4305 δούλων
1074 4254 1291 4317 σου,»είς
1322 4252 1413 4306 τὸν
1438 4252 1610 4307 αίῶνα
1642 4256 2147 4331 κατευθυνθήσεται.

730 4396 818 4469 Tn
848 4395 1067 4450 ΔΑΥΙΔ.
1100 4396 1220 4448 PB'.

260 4511 538 4580 Εὑλόγει,
570 4510 607 4577 ἠ
634 4510 804 4580 ψυχή
838 4529 978 4579 μου,
1012 4510 1118 4564 τὸν
1144 4511 1383 4579 Κύριον.
1410 4510 1562 4581 Τάχα
1586 4511 1642 4564 δὲ
1677 4511 1773 4583 μέ-

197 4619 296 4671 σην
323 4602 745 4671 ἀπολειφθεῖσαν
776 4602 873 4672 τὴν
902 4602 1079 4674 ψυχὴν
1127 4600 1220 4656 τοῦ
1253 4601 1502 4673 σώματος
1544 4603 1638 4656 καὶ
1681 4602 1775 4656 τοῦ

198 4695 531 4766 πνεύματος,
551 4694 622 4747 ’τὸ
659 4694 757 4765 μὲν
787 4695 943 4765 σῶμα
984 4696 1077 4749 ἐπὶ
1105 4696 1203 4759 τὰς
1248 4695 1453 4759 οἰκείας
1486 4696 1777 4766 ἐπιθυμίας

200 4787 292 4840 καὶ
366 4785 796 4859 ἀνδραποδώδεις
863 4786 1053 4855 ἡδονάς
1106 4788 1388 4851 καθέλκει,
1438 4788 1625 4859 ὥσπερ
1683 4790 1777 4857 ἀφ’

204 4877 369 4947 ὕψους
397 4877 607 4933 ἄνωθέν
636 4877 799 4930 ποθεν
816 4877 1149 4931 καταϐάλλον
1179 4880 1368 4949 αὐτήν*
1395 4878 1454 4931 τὸ
1475 4878 1535 4932 δὲ
1561 4878 1780 4949 πνεῦμα

204 4971 366 5025 πάλιν
394 4973 533 5043 πρὸς
564 4970 724 5025 ἑαυτὸ
770 4969 982 5023 ἀνέλκει
1020 4971 1131 5025 ἄνω
1166 4988 1266 5024 που
1314 4973 1451 5042 πρὸς
1490 4971 1622 5024 Θεὸν
1652 4972 1782 5025 ἀνά-

205 5075 321 5128 γον,
372 5062 477 5115 καὶ·
506 5060 603 5113 τοῦ
643 5060 847 5131 Κυρίου
881 5059 1237 5131 μνημονεύειν
1270 5060 1601 5131 παρακαλεῖ,
1637 5060 1784 5114 εὐλο-

209 5155 325 5220 γεῖν
356 5170 416 5206 τε
448 5152 630 5215 αὐτὸν,
658 5154 751 5205 καὶ
780 5153 884 5224 πρὸ
912 5150 1203 5221 ὀφθαλμῶν
1229 5151 1317 5204 διὰ
1367 5152 1567 5215 παντὸς
1598 5151 1743 5221 ἔχειν
1764 5169 1778 5182 ·

210 5242 243 5312 ἢ
276 5246 437 5309 αὐτὸς
471 5246 663 5300 ἑαυτὸν
697 5246 789 5299 ὲπί
838 5245 930 5299 τὸν
972 5245 1138 5316 ὕμνον
1170 5244 1458 5316 διεγείρειν
1500 5247 1592 5298 καὶ
1626 5246 1783 5298 εὐλο-

212 5338 323 5398 γεῖν
372 5337 465 5390 τὸν
522 5338 655 5391 Θεὸν
684 5338 1051 5405 ὲγκελεύεται,
1083 5336 1250 5390 καλὸν
1291 5336 1469 5406 ἑαυτῷ
1504 5337 1779 5408 σωτηρίας

214 5427 501 5497 φάρμακον
527 5432 626 5501 τὴν
646 5433 725 5493 είς
754 5430 843 5483 τὸν
874 5429 1006 5482 Θεὸν
1040 5428 1287 5497 εὐλογίαν
1322 5428 1779 5499 προϐαλλόμενος.

214 5520 317 5570 Καὶ
346 5520 542 5575 πάντα
568 5522 641 5575 τὰ
666 5522 840 5589 ἐντός
856 5538 974 5591 μου
994 5521 1058 5575 τὸ
1085 5520 1269 5591 ὄνομα
1294 5522 1360 5580 τὸ
1376 5522 1547 5589 ἅγιον
1576 5522 1781 5575 αὐτοῦ.

216 5606 337 5672 Τοῖς
371 5611 521 5676 ἐντὸς
552 5610 716 5665 αὐτοῦ
746 5612 1075 5682 προστάσσει
1104 5611 1341 5681 εὐλογεῖν
1373 5612 1433 5664 τὸ
1466 5612 1635 5682 ὄνομα
1675 5612 1787 5664 Κυ-

225 5700 358 5767 ρίου,
387 5706 630 5760 τουτέστι
654 5709 720 5779 τῇ
749 5705 906 5776 φύσει
927 5705 1034 5760 τῶν
1065 5706 1263 5761 ὲσωθεν
1288 5705 1659 5778 ἐξερχομένων
1681 5705 1787 5759 δια-

293 5810 366 5881 (2)
390 5811 497 5870 Sic.

2380 4398 2510 4455 lPSl
2551 4396 2775 4453 DAVID.
2837 4396 2949 4455 CH.

1946 4512 2112 4569 Vens.
2150 4514 2196 4567 Ι.
2235 4512 2495 4579 Benedic,
2524 4512 2704 4565 anima
2734 4523 2884 4575 mea,
2917 4508 3166 4565 Domino.
3202 4505 3463 4564 Fortasse

1876 4608 2109 4665 mediam
2140 4607 2385 4661 relictam
2418 4605 2652 4658 animam
2681 4604 2823 4657 inter
2847 4615 3046 4671 corpus
3076 4607 3130 4655 et
3169 4600 3420 4670 spiritum
3441 4640 3457 4664 ,

1878 4716 2078 4771 corpus
2103 4699 2323 4769 quidem
2348 4697 2415 4751 ad
2437 4697 2690 4767 proprias
2711 4693 3190 4764 concupiscentias
3211 4699 3265 4748 et
3291 4692 3463 4748 servi-

1880 4794 1959 4848 les
1986 4792 2293 4862 voluptates
2315 4788 2583 4861 pertrahit
2603 4828 2618 4854 ,
2647 4788 2805 4859 quasi
2829 4800 2896 4842 ex
2927 4787 3146 4842 sublimi
3172 4792 3226 4842 et
3258 4787 3464 4843 altissi-

1879 4899 1970 4939 mo
1997 4884 2121 4939 loco
2151 4882 2415 4955 dejiciens
2450 4881 2596 4935 illam
2624 4898 2639 4946 ;
2671 4878 2904 4949 spiritus
2928 4893 3058 4933 vero
3089 4887 3279 4933 contra
3307 4878 3374 4934 ad
3401 4896 3461 4936 se

1883 4986 2102 5027 sursum
2137 4970 2338 5036 trahit,
2372 4976 2427 5024 et
2471 4969 2538 5023 ad
2579 4966 2749 5023 Deum
2800 4968 3058 5032 adducit,
3102 4968 3464 5037 hortaturque

1884 5071 1944 5118 ut
1975 5063 2263 5118 Dominum
2295 5069 2591 5129 memoret,
2624 5061 2731 5133 ipsi
2761 5056 3082 5127 benedicat,
3127 5063 3305 5133 ipsum
3350 5080 3462 5134 pra:

1885 5157 2060 5211 oculis
2094 5169 2307 5224 semper
2336 5154 2574 5209 habeat:
2608 5153 2693 5208 vel
2728 5153 2963 5209 fortasse
2992 5156 3462 5231 quemlibcttseip-

1888 5264 2006 5302 sum
2034 5247 2271 5301 excitare
2301 5260 2365 5299 ac
2400 5245 2511 5300 Deo
2536 5245 2861 5301 benedicere
2888 5245 3073 5314 jubet,
3114 5247 3319 5299 bonum
3355 5246 3458 5300 sibi

1888 5338 1953 5391 ad
1978 5338 2207 5393 salutem
2229 5352 2351 5391 esse
2370 5335 2479 5391 Deo
2496 5335 2819 5392 benedicere
2841 5351 3171 5406 praponens.
3194 5334 3260 5387 Et
3284 5339 3461 5391 omnia
3516 5360 3521 5367 ο

1887 5430 2142 5485 interiora
2184 5444 2301 5483 mea
2340 5429 2541 5483 nomini
2582 5438 2770 5483 sancto
2813 5428 2950 5497 ejus.
2992 5425 3210 5482 Nemini
3245 5427 3463 5483 Domini

1888 5518 2209 5575 benedicere
2236 5518 2391 5588 jubet
2422 5518 2682 5574 interiora
2711 5533 2845 5583 sua,
2876 5518 2928 5571 id
2957 5524 3072 5581 est,
3102 5517 3464 5588 cogitationes

1890 5627 2019 5667 suas
2052 5626 2173 5681 quae
2216 5612 2284 5666 ab
2326 5611 2476 5666 intus
2505 5610 2843 5681 procedunt,
2879 5626 3111 5681 quarum
3145 5610 3343 5681 duplex
3382 5622 3466 5666 ost

1891 5705 2065 5761 ordo:
2108 5702 2228 5760 aliae
2259 5704 2401 5762 enim
2435 5720 2617 5776 pravae
2652 5712 2815 5767 sunt,
2856 5720 3047 5774 nempe
3070 5745 3085 5766 ,
3120 5704 3327 5769 credes,
3361 5705 3469 5760 for-
