3964 6502
466 402 467 405 η
537 349 677 405 1263

1241 337 1510 395 EUSEBll
1549 330 2026 392 CfESARlENSlS
2059 329 2210 387 OPP.
2253 326 2437 383 PARS
2465 324 2558 384 ἱῐί.
2584 356 2650 370 --
2690 322 3104 381 EXEGETICA.

3605 322 3706 378 1261

534 465 840 523 nicationes
878 470 934 517 et
981 459 1123 514 furta
1170 464 1521 528 spectantes;
1562 455 1682 508 alia:
1719 466 1850 508 vero
1882 450 2106 506 urbanae

2225 444 2504 518 ι.ογισμῶν,
2522 436 2597 499 ὧν
2620 442 2841 498 διπλοῦν
2866 444 2982 495 ἐστι
3009 440 3074 493 τὸ
3101 438 3283 508 τάγμα
3303 453 3317 467 ο
3337 438 3385 490 oi
3406 437 3494 507 μὲν
3512 436 3603 507 γὰρ
3618 456 3710 507 μοχ·

532 568 591 616 et
635 557 905 614 salutares
933 593 947 618 ,
997 565 1190 621 nempe
1237 549 1587 612 humanitas,
1640 544 1999 615 temperantia
2050 550 2108 599 et

533 647 922 705 communitas.
952 640 1004 698 ls
1038 642 1222 711 itaque
1251 639 1411 707 cujus
1445 636 1630 691 omnia
1665 634 1928 689 interiora
1957 640 2107 688 recta

534 746 668 800 sunt
711 749 768 795 et
817 742 1006 808 parata
1054 732 1124 787 ad
1173 728 1607 787 benedicendum
1657 727 1862 784 nomini
1915 732 2108 782 sancto

535 832 666 898 Dei,
710 829 957 887 interiori
999 843 1100 884 suo
1143 826 1339 881 aﬂ‘ectu
1379 833 1530 879 recte
1563 822 1757 885 utitur,
1793 819 1861 875 ad
1896 818 2105 889 gratia-

535 940 662 981 rum
696 922 943 980 actiones
979 921 1085 976 Deo
1115 917 1384 990 agendas,
1436 925 1598 986 atque
1631 913 1812 970 omnia
1846 910 2109 966 interiora

539 1033 640 1073 sua
672 1021 994 1078 consecrat,
1045 1027 1344 1081 omnesque
1393 1010 1587 1064 animae
1636 1007 1869 1061 virtutes
1920 1009 1974 1058 et
2014 1017 2111 1057 co-

536 1106 832 1179 gitationes
864 1104 931 1159 ad
964 1102 1210 1157 divinum
1255 1102 1517 1174 hymnum
1563 1099 1823 1153 concitat.
1864 1095 1915 1150 ls
1962 1092 2109 1150 enim

538 1195 827 1252 ratiocinia
846 1236 860 1255 ,
897 1190 1263 1266 cogitationes
1283 1232 1298 1256 ,
1346 1205 1649 1259 omnesque
1675 1187 1843 1242 animi
1881 1191 2067 1239 motus
2089 1221 2106 1248 ,

541 1294 705 1358 atque
752 1286 936 1343 varias
984 1286 1105 1356 ejus
1156 1286 1386 1338 virtutes
1433 1280 1713 1345 advocat,
1764 1278 1872 1332 vim
1917 1289 2112 1345 nempe

541 1377 851 1452 cogitandi,
882 1376 1230 1434 discernendi
1252 1415 1266 1439 ,
1304 1371 1635 1445 respiciendi
1657 1410 1673 1436 ,
1707 1368 1938 1440 agendi,
1969 1366 2113 1420 ima-

541 1473 787 1541 ginandi,
834 1469 1193 1534 recordandi,
1229 1474 1283 1522 et
1314 1466 1450 1521 alias
1484 1483 1499 1520 :
1530 1478 1657 1519 nam
1688 1463 1876 1516 multa:
1910 1460 1966 1513 in
1997 1456 2117 1513 ani-

539 1581 631 1621 ma
680 1565 914 1619 virtutes
970 1561 1219 1631 variique
1269 1566 1452 1613 motus
1506 1562 1657 1610 sunt.
1718 1551 1899 1619 Quare
1952 1547 2115 1603 modo

541 1642 830 1712 strenuum
870 1651 1147 1725 quidpiam
1181 1652 1520 1720 cogitamus,
1566 1643 1729 1700 modo
1768 1636 2118 1711 concupiscio

541 1763 703 1812 mus,
748 1760 874 1801 mox
912 1742 1266 1813 judicamus;
1313 1735 1608 1808 aliquando
1656 1732 1925 1805 quaepiam
1970 1730 2116 1785 desi-

544 1840 822 1900 deramus,
860 1831 1151 1904 aliquando
1185 1842 1548 1895 aversamur;
1600 1841 1663 1880 ac
1697 1838 1919 1880 rursum
1957 1821 2120 1876 modo
2152 1808 2194 1864 Β

543 1931 728 2000 aliquo
789 1927 1108 1991 tendimus,
1165 1922 1329 1979 modo
1386 1920 1772 1999 declinamus“
1838 1914 2119 1971 interdum

543 2023 730 2079 moesti
771 2036 993 2088 sumus,
1044 2024 1236 2089 postea
1276 2028 1408 2070 vero
1457 2011 1673 2084 pacati,
1715 2009 1825 2064 laeti
1867 2017 1922 2063 et
1969 2016 2122 2059 tran-

545 2116 721 2187 quilli.
771 2112 974 2169 Omnes
1012 2112 1197 2181 itaque
1234 2104 1551 2178 hujusmodi
1592 2102 1789 2157 animae
1830 2099 2120 2154 facultates

545 2204 768 2260 divinus
810 2201 1048 2274 Spiritus
1090 2200 1341 2254 hortatur
1382 2202 1443 2250 ut
1489 2193 1821 2249 benedicant
1864 2188 2117 2245 Domino.

544 2298 703 2365 Quod
737 2297 783 2352 si
818 2295 907 2350 cui
952 2307 1216 2364 corporeo
1258 2304 1411 2344 more
1449 2287 1660 2343 dictum
1706 2284 1960 2355 excipere
2002 2281 2121 2335 ani-

544 2407 673 2447 mus
706 2391 813 2453 sit,
843 2387 1025 2453 dicat,
1066 2385 1197 2455 quia
1238 2381 1430 2439 omnia
1467 2379 1716 2450 corporis
1764 2376 1940 2433 nostri
1985 2375 2125 2431 inte-

547 2485 698 2540 riora
726 2489 781 2537 et
805 2480 1022 2536 viscera
1060 2475 1498 2548 profundissima
1538 2471 1634 2527 Dei
1677 2468 1947 2540 sapientia
1991 2481 2126 2521 con-

549 2576 772 2631 cinnata
794 2578 923 2629 sunt
947 2611 963 2637 ,
997 2570 1073 2623 ita
1101 2577 1159 2624 ut
1188 2567 1382 2624 inutile
1411 2564 1550 2618 nihil
1575 2563 1632 2617 in
1655 2560 1814 2616 nobis
1836 2558 1941 2622 sit,
1963 2566 2125 2626 atque

549 2668 644 2725 illa
678 2664 922 2723 omnium
954 2670 1145 2716 mutua
1179 2656 1479 2715 concordia
1507 2663 1561 2710 et
1589 2666 1897 2710 consensus
1931 2649 1999 2703 ad
2029 2648 2126 2703 Dei

547 2759 769 2815 laudem
799 2763 855 2813 et
886 2752 1326 2811 benedictionem
1360 2746 1649 2804 conferat:
1680 2745 1807 2815 jure
1842 2744 1947 2798 ista
1989 2756 2127 2811 quo-

547 2867 659 2924 que
687 2849 758 2906 ad
788 2848 899 2904 Deo
929 2842 1365 2903 benedicendum
1394 2839 1636 2898 evocari.
1684 2836 1744 2892 Si
1784 2838 1971 2907 itaque
2002 2835 2127 2889 ani-

550 2956 699 2997 mam
729 2940 906 3012 ipsam
934 2949 1201 3009 corporeo
1230 2947 1384 2990 more
1418 2945 1601 2988 sermo
1635 2928 1838 2999 edingit
1862 2967 1877 2993 ,
1908 2935 1966 2983 et
2007 2941 2132 2980 cor-

551 3048 751 3108 poreas
806 3043 988 3104 partes
1046 3029 1103 3084 in
1156 3042 1221 3083 ea
1256 3024 1528 3098 .partibus
1584 3028 1808 3078 carente
1866 3017 2128 3089 reponit;

552 3136 740 3200 partes
766 3126 1059 3181 attributas
1101 3122 1333 3183 animae,
1381 3132 1504 3189 qua:
1554 3131 1687 3173 sane
1727 3114 1785 3170 in
1825 3120 2010 3184 partes
2049 3109 2133 3165 di-

551 3217 788 3277 visibilis
818 3232 927 3273 non
957 3221 1077 3279 est,
1114 3212 1222 3267 alio
1264 3211 1374 3264 ritu
1416 3206 1819 3278 cogitabimus;
1855 3210 2134 3273 caputque

553 3311 803 3367 dicemus
826 3349 841 3374 ,
872 3314 1107 3362 mentem
1134 3323 1149 3372 ;
1181 3304 1382 3359 collum
1415 3299 1760 3371 Opinionem,
1795 3303 1982 3366 utpote
2017 3306 2138 3364 quae

560 3419 664 3458 ceu
708 3399 1031 3455 intermedia
1061 3397 1135 3452 sit
1180 3396 1324 3450 inter
1367 3390 1693 3448 rationabile
1741 3395 1797 3443 et
1844 3386 2140 3442 irrationa-

561 3495 715 3562 bile;
767 3498 995 3564 pectus,
1053 3488 1345 3551 animum;
1403 3495 1686 3549 ventrem,
1743 3478 2140 3549 concupiscen-

564 3589 696 3642 tiam
748 3603 765 3643 :
820 3586 1014 3639 harum
1069 3581 1308 3653 partium
1340 3575 1658 3633 nominibus
1714 3588 1817 3631 ceu
1873 3572 2138 3627 virtutum

561 3676 905 3750 singularum
940 3673 1205 3747 symbolis
1238 3671 1349 3741 usi.

633 3942 803 3999 Vsus.
842 3940 975 3994 2-4.
1018 3936 1285 4001 Benedic,
1334 3933 1518 3988 anima
1566 3946 1721 3994 mea,
1769 3927 1999 3982 Domino
2024 3966 2040 3991 ,
2092 3935 2141 3981 et

561 4032 673 4088 nolt
703 4030 941 4085 oblivisci
985 4043 1164 4082 omnes
1207 4025 1577 4080 retributiones
1622 4022 1757 4091 ejus.
1811 4020 1917 4087 Qui
1958 4018 2141 4087 propio

566 4128 730 4180 tiatur
758 4121 999 4176 omnibus
1028 4117 1393 4189 iniquitatibus
1418 4117 1543 4183 tuis,
1565 4115 1654 4185 qui
1680 4123 1835 4168 sanat
1859 4128 2035 4167 omnes
2059 4112 2144 4165 in-

566 4213 848 4284 firmitates
877 4221 996 4265 tuas
1020 4226 1038 4263 :
1069 4210 1159 4279 qui
1181 4207 1391 4261 redimit
1422 4206 1485 4259 de
1516 4205 1739 4259 interitu
1768 4204 1931 4257 vitam
1963 4213 2142 4269 tuam,

2211 538 2366 611 θηροί
2388 538 2515 601 είσι,
2535 533 2704 604 φόνοι,
2738 535 2994 605 μοιχεῖαι,
3029 529 3254 583 κλοπαί·
3287 529 3335 581 oi
3367 527 3422 580 δὲ
3450 528 3622 579 ἀστεῖοι
3644 529 3712 580 καὶ

2211 630 2503 701 σωτήριοι,
2551 624 2950 696 φιλανθρωπία,
2982 619 3322 692 σωφροσύνη,
3358 618 3417 670 τὸ
3443 620 3713 673 κοινωνικὸν.

2208 717 2280 794 ’ᾯ
2305 722 2485 776 τοίνυν
2516 719 2692 773 πάντα
2713 717 2781 770 τὰ
2801 716 2951 778 έντὺς
2970 712 3325 783 κατώρθωται
3349 712 3426 772 εἰς
3454 712 3716 780 ἑτοιμότητα

2209 815 2304 870 τοῦ
2346 814 2586 883 εὐλογεῖν
2617 811 2678 863 τὸ
2715 810 2884 879 ὄνομα
2911 806 3005 860 τοῦ
3038 803 3174 858 Θεοῦ
3208 803 3267 855 τὸ
3291 802 3462 871 ἆγιον,
3491 796 3621 863 οὗτος
3642 819 3717 854 κα-

2210 910 2317 974 λῶς
2368 902 2901 979 συμπαραλαμϐάνει
2947 901 3048 971 τὴν
3100 897 3245 950 ἔνδον
3284 894 3514 949 διάθεσιν
3554 896 3619 957 εἰς
3648 893 3721 964 τὴν

2211 1000 2304 1055 τοῦ
2337 998 2471 1052 Θεοῦ
2507 994 2879 1067 εὐχαριστίαν,
2911 990 3007 1044 καὶ
3042 990 3224 1043 πάντα
3264 985 3332 1039 τὰ
3361 986 3504 1049 ἐντὸς
3533 984 3722 1054 καθιεροῖ

2212 1093 2309 1147 καὶ
2341 1092 2521 1155 πάσας
2559 1090 2658 1159 τῆς
2686 1086 2863 1158 ψυχῆς
2910 1083 3008 1146 τάς
3046 1081 3325 1151 δυνάμεις,
3370 1078 3462 1131 καὶ
3489 1077 3641 1129 πάντα
3662 1076 3726 1128 λο-

2213 1184 2409 1256 γισμὸν
2442 1185 2521 1247 είς
2544 1182 2634 1237 τὸν
2673 1180 2814 1234 θεῖον
2844 1177 3010 1247 ῦμνον
3043 1174 3320 1228 ἀνακινεῖ·
3356 1168 3498 1233 ἐντὸς
3518 1167 3611 1238 γάρ
3632 1170 3727 1222 ixi.

2214 1278 2338 1331 λεσε
2368 1276 2494 1339 τοὺς
2515 1271 2811 1343 λογισμοὺς
2847 1268 2940 1321 καὶ
2966 1266 3063 1329 τὰς
3102 1263 3449 1333 ἐνθυμήσεις,
3488 1260 3571 1310 καὶ
3595 1257 3728 1310 πάντα

2215 1372 2315 1442 τῆς
2353 1368 2530 1440 ψυχῆς
2559 1366 2629 1420 τὰ
2662 1364 2936 1434 κινήματα
2962 1358 3059 1413 καὶ
3078 1356 3179 1418 τὰς
3206 1354 3490 1425 διαφόρους
3527 1351 3727 1419 δυνάμεις

2217 1464 2406 1534 αὐτῆς,
2435 1461 2533 1532 τὴν
2553 1456 2830 1528 νοητικὴν,
2847 1454 2945 1525 τὴν
2960 1446 3442 1519 διανοητικὴν,τὴν
3473 1443 3728 1513 βλεπτικὴν,

2216 1556 2314 1628 τὴν
2337 1548 2665 1626 ὁρμητικὴν,
2685 1547 2784 1619 τὴν
2804 1541 3193 1615 φανταστικὴν,
3219 1540 3318 1610 τὴν
3339 1534 3729 1609 μνημονευτιχὴν,

2217 1627 2317 1712 τάς
2359 1645 2554 1716 ἐτέρας
2572 1659 2585 1673 ·
2620 1638 2813 1693 πολλαὶ
2838 1636 2947 1706 γὰρ
2980 1633 3235 1705 δυνάμεις
3264 1630 3361 1684 καὶ
3385 1628 3599 1698 διάφορα
3621 1627 3733 1694 κινή-

2224 1757 2370 1812 ματα
2401 1740 2459 1791 έν
2474 1738 2540 1806 τῇ
2571 1733 2717 1804 ψυχῇ
2737 1749 2752 1763 °
2783 1730 2902 1785 καθ’
2929 1729 2971 1784 ἃν
2998 1727 3128 1780 ποτὲ
3157 1725 3255 1796 μὲν
3292 1719 3564 1775 σπουδαῖόν
3588 1735 3631 1771 τι
3652 1716 3733 1769 διε·

2223 1808 2509 1901 νοούμεθα,
2534 1825 2664 1879 ποτὲ
2696 1824 2754 1878 δὲ
2787 1818 3185 1891 ἐπιθυμοῦμεν,
3222 1814 3355 1867 ποτὲ
3398 1813 3454 1865 δὲ
3497 1808 3733 1878 tatem;-

2224 1896 2371 1994 μεθα
2392 1920 2490 1993 (1),
2523 1916 2653 1972 ποτὲ
2670 1915 2730 1969 δὲ
2752 1914 3039 1986 κρίνομεν·
3068 1909 3164 1963 καὶ
3182 1906 3374 1962 ἄλλοτε
3406 1903 3501 1974 μὲν
3530 1896 3736 1971 ἐφιέμεθα

2222 2034 2402 2079 τινων,
2433 2014 2617 2069 ἄλλοτε
2662 2010 2720 2064 δὲ
2747 2001 3205 2077 ἀποστρεφόμεθα
3224 2017 3240 2032 ο
3284 1997 3383 2052 καὶ
3410 1995 3559 2050 πάλιν
3595 1994 3733 2048 ἄλλοις

2228 2110 2329 2180 μὲν
2384 2104 2677 2177 ὁρμῶμεν,
2727 2097 2914 2154 ἄλλοτε
2971 2093 3029 2147 δὲ
3097 2088 3421 2158 ὲκκλίνομεν
3452 2126 3468 2152 ,
3522 2082 3604 2137 καὶ
3642 2081 3736 2134 ποτὲ

2227 2175 2326 2273 μὲν
2369 2175 2689 2267 διακείμεθα
2734 2185 3028 2259 λυπηρῶς,
3075 2181 3207 2236 ποτὲ
3253 2180 3311 2234 δὲ
3360 2178 3591 2273 εὐμενεῖς
3617 2175 3737 2243 ἐσμεν

2225 2264 2320 2348 καὶ
2368 2264 2583 2361 φαιδροὶ
2627 2284 2721 2340 καὶ
2771 2281 3063 2351 ἀνειμένοι.
3130 2275 3322 2338 Πάσας
3382 2267 3473 2327 οῦν
3517 2266 3633 2339 ὁμοῦ
3670 2264 3737 2326 τὰς

2225 2357 2628 2446 τοιαύταςντῆς
2676 2371 2854 2443 ψυχῆς
2902 2368 3161 2438 δυνάμεις
3205 2362 3504 2435 προτρέπει
3545 2360 3597 2412 τὸ
3639 2357 3735 2409 θείσν

2227 2473 2450 2542 Πνεῦμα
2520 2467 2761 2534 εὐλογεῖν
2838 2462 2931 2516 τὸν
3001 2461 3225 2531 Κύριον.
3312 2458 3376 2510 Ei
3436 2454 3489 2509 δὲ
3541 2451 3621 2506 καὶ
3668 2467 3737 2501 σω-

2230 2562 2598 2637 ματικώτερον
2627 2556 2909 2630 βουληθείη
2940 2570 3023 2617 τις
3066 2550 3319 2605 ἐκλαϐεῖν
3340 2549 3433 2603 τὸν
3460 2547 3617 2613 λόγον,
3638 2542 3738 2593 εἶτα

2229 2658 2316 2720 ἂν,
2351 2655 2539 2726 ἐπειδὴ
2579 2654 2674 2708 καὶ
2699 2650 2793 2705 τοῦ
2819 2648 3070 2719 σώματος
3102 2644 3195 2699 τοῦ
3225 2641 3495 2713 ἡμετέρου
3526 2636 3672 2689 πάντα
3692 2632 3737 2684 τὰ

2229 2749 2376 2810 ἐντὸς
2402 2745 2611 2814 ἔγκατά
2641 2761 2701 2796 τε
2730 2742 2825 2796 καὶ
2857 2739 3139 2809 σπλάγχνα
3168 2735 3445 2806 βαθυτάτῃ
3473 2730 3593 2786 Θεοῦ
3626 2727 3738 2795 σοφίᾳ

2230 2837 2699 2901 κατεσκεύασται,
2747 2834 2822 2898 ὼς
2874 2832 3038 2904 μηδὲν
3083 2830 3359 2900 ἄχρηστον
3410 2821 3539 2879 εἶναι
3574 2820 3660 2874 τῶν
3701 2819 3738 2868 ἐν

2230 2934 2383 3003 ἡμῖν,
2410 2927 2813 3001 συμϐάλλεσθαι
2839 2926 2896 2978 δὲ
2922 2926 2989 2995 τῇ
3016 2922 3112 2975 τοῦ
3143 2918 3278 2974 Θεοῦ
3312 2914 3575 2985 δοξολογία
3607 2928 3653 2964 τε
3674 2907 3739 2961 καὶ

2232 3001 2452 3093 εὐλογίᾳ
2494 3022 2594 3093 τὴν
2641 3018 2775 3090 όμοῦ
2811 3017 3028 3071 πάντων
3070 3014 3206 3085 πρὸς
3244 3010 3451 3082 ἄλληλα
3494 3001 3739 3093 συμφωνίαν

2231 3130 2291 3167 τε
2326 3088 2439 3166 καὶ-
2471 3088 2756 3184 ἁρμονίαν,
2806 3107 3031 3168 εἰκότως
3077 3104 3172 3157 καὶ
3216 3101 3395 3154 ταῦτα
3440 3098 3527 3151 ἐπὶ
3560 3095 3641 3164 τὴν
3676 3088 3738 3143 τοῦ

2237 3204 2371 3260 Θεοῦ
2399 3182 2646 3272 εὐλογίαν
2675 3200 2957 3270 κέκληται.
2992 3197 3055 3250 Ei
3086 3195 3269 3266 μέντοι
3304 3193 3404 3265 τὴν
3433 3189 3593 3260 ψυχὴν
3622 3182 3740 3251 αὐτὴν

2240 3294 2614 3369 σωματοειδῶς
2660 3295 2689 3347 ὁ
2723 3291 2879 3360 λόγος
2920 3289 3169 3352 πλάττει,
3200 3287 3296 3340 καὶ
3338 3285 3474 3356 μέρη
3516 3275 3736 3349 σωματικὰ

2237 3365 2533 3459 τῇνάμερεῖ
2580 3380 2957 3453 περιπλάττει,
3006 3379 3210 3449 ἑτέρως
3250 3377 3513 3445 νοήσομεν
3550 3372 3620 3422 ἐπ’
3645 3365 3738 3431 αὐτῇ

2238 3458 2308 3533 τά
2336 3475 2725 3548 περιτιθέμενα
2768 3472 2909 3544 μέρη
2950 3473 3017 3544 τῇ
3051 3467 3290 3540 ἀμερείᾳ
3327 3468 3395 3536 τῇ
3432 3460 3562 3517 κατὰ
3596 3458 3739 3548 ψυχὴν,

2238 3546 2455 3630 οἰκείως
2498 3562 2739 3634 κεφαλὴν
2786 3561 2885 3633 μὲν
2911 3560 3002 3614 τὸν
3028 3558 3176 3624 νοῦν,
3218 3556 3426 3627 αὐχένα
3448 3554 3501 3607 δὲ
3527 3551 3612 3622 τὴν
3633 3546 3741 3611 δόξαν

2240 3659 2317 3723 ὡς
2347 3660 2405 3712 ἐν
2442 3657 2593 3729 μέσῳ
2621 3653 2840 3725 λογικοῦ
2876 3653 2972 3706 καὶ
3003 3651 3200 3719 ἀλόγου
3223 3665 3238 3681 ·
3278 3648 3472 3719 στῆθος
3500 3646 3579 3698 τὸν
3606 3639 3740 3710 θυμὸν,

2240 3750 2484 3822 γαστέρα
2503 3749 2600 3820 τὴν
2647 3745 2973 3817 ἐπιθυμίαν,
3021 3746 3133 3807 τοῖς
3183 3740 3295 3795 τῶν
3354 3737 3529 3813 μερῶν
3577 3734 3743 3803 ὀνόμασι

2243 3843 2529 3916 συμϐόλοις
2561 3840 2668 3895 τῶν
2689 3839 2971 3909 δυνάμεων
2994 3834 3288 3908 χρώμενοι.

2309 3910 2584 4003 ὲὺλόγει,
2638 3933 2678 4001 ἠ
2720 3929 2891 4000 ψυχή
2944 3946 3084 3998 μου,
3134 3927 3242 3981 τὸν
3292 3927 3535 3994 Κύριον,
3582 3910 3742 3981 καὶμὴ

2243 4025 2649 4083 ὲπιλανθάνου
2681 4024 2789 4088 τὰς
2832 4020 3276 4085 ἀνταποδόσεις
3320 4016 3521 4073 αὑτοῦ.
3553 4010 3643 4067 Τὸν
3668 4007 3744 4059 εὑτ-

2245 4121 2577 4177 λατεύοντα
2612 4116 2838 4183 πάσαις
2873 4112 3004 4179 ταῖς
3040 4111 3317 4181 ἁνομίαις
3346 4125 3479 4170 σου,
3509 4105 3602 4157 τὸν
3630 4098 3742 4165 ίώμε·

2244 4228 2357 4267 νον
2384 4209 2588 4276 πάσας
2620 4211 2729 4274 τὰς
2766 4207 2992 4273 νόσους
3011 4221 3147 4267 σου,
3186 4201 3295 4257 τὸν
3325 4186 3744 4268 λυτρούμεγσνέκ

565 4305 656 4375 qui
685 4312 904 4358 coronat
936 4311 983 4356 te
1011 4301 1069 4354 in
1101 4296 1465 4353 misericordia
1493 4305 1544 4351 et
1573 4293 2023 4349 miserationibus.
2053 4292 2123 4347 Ha

2248 4300 2473 4372 φθορᾶς
2514 4299 2631 4369 τὴν
2673 4297 2827 4367 ζωήν
2861 4314 3000 4363 σου,
3025 4296 3135 4350 τὸν
3176 4287 3580 4364 στεφανοῦντὰ
3610 4300 3665 4338 σε
3696 4279 3742 4331 ἐγ

568 4405 699 4451 sunt
739 4394 1128 4450 retributiones
1180 4390 1337 4446 nobis
1382 4404 1414 4443 a
1462 4390 1569 4444 Deo
1609 4400 1889 4442 concessae
1915 4405 1928 4441 :
1957 4384 2123 4439 Prinu

2247 4392 2399 4447 ἐλέει
2433 4391 2533 4446 καί
2563 4390 2903 4460 οὶκτιρμοῖς.
2921 4383 3088 4443 Ᾱῦταί
3110 4388 3247 4441 εἰσιν
3270 4387 3328 4439 αἱ
3370 4384 3491 4455 περὶ
3517 4379 3638 4451 ἡμᾶς
3662 4373 3745 4425 ἀντ’

568 4488 1010 4562 propitiationem
1040 4484 1226 4558 posuit
1254 4498 1355 4556 pro
1391 4481 1635 4555 peccatis
1665 4481 1873 4537 nostris
1891 4520 1907 4547 ,
1939 4494 2061 4550 qua:
2088 4478 2123 4532 ii

2250 4483 2538 4548 αποδόσεις
2588 4481 2684 4537 τοῦ
2722 4480 2857 4536 Θεοῦ
2883 4498 2897 4512 ·
2950 4478 3172 4551 Πρῶτον
3221 4476 3447 4549 ἱλασμὸν
3504 4472 3649 4525 ἐθεικε
3672 4460 3743 4515 τῶν

570 4552 759 4637 errore
804 4586 861 4636 et
909 4552 1221 4637 idololatria
1256 4552 1629 4632 admisimus:
1675 4571 2017 4644 singulisque
2056 4583 2123 4624 eo

2251 4578 2537 4650 ἡμετέρων
2566 4576 2870 4650 άμαρτιῶν,
2900 4575 2966 4638 ἃς
2992 4576 3048 4628 ὲν
3083 4572 3260 4645 πλάνῃ
3295 4570 3391 4625 καὶ
3418 4552 3746 4627 εἰδωλολατρεάί

572 4686 695 4727 rum
723 4668 992 4742 propitius
1016 4669 1107 4724 ille
1131 4667 1267 4732 fuit,
1295 4664 1749 4736 supplicationem
1782 4669 2113 4732 praeverteris

2252 4668 2695 4743 διεπραξάμεθα’
2747 4668 2841 4722 καὶ
2888 4666 3045 4729 ἵλεως
3091 4664 3297 4735 ἑκάστῃ
3346 4660 3536 4715 τούτων
3573 4651 3743 4743 ἐγένεξος

573 4763 899 4831 veniamque
921 4759 1172 4815 tribuens
1202 4772 1297 4828 per
1319 4755 1763 4828 propitiationem
1803 4767 1958 4810 suam
1980 4793 1995 4817 ,
2027 4767 2123 4823 qua

2256 4735 2543 4835 προλαϐὼν
2575 4762 2755 4815 πᾶσαν
2784 4758 3067 4831 ίκετηρίαν
3102 4758 3199 4810 καὶ
3229 4756 3327 4827 τὴν
3357 4754 3535 4822 ἄφεσιν
3571 4746 3665 4804 δοὺς

576 4861 662 4912 est
688 4853 983 4919 Christus;
1015 4849 1290 4915 secundo,
1320 4849 1449 4918 quia
1494 4846 1659 4902 etiam
1700 4853 1825 4915 post
1872 4844 2123 4899 remissio

2255 4830 2350 4907 τόδ
2385 4852 2613 4924 ἱλασμοῦ
2655 4852 2843 4916 αὐτοῦ,
2879 4830 2955 4915 δςί
2987 4852 3102 4904 ἐστι
3149 4848 3413 4920 Χριστός·
3460 4830 3743 4924 δεύτερονδὲ

574 4955 704 4997 nem
734 4946 816 5004 te,
849 4953 882 4993 ο
912 4939 1124 5003 anima,
1172 4936 1441 4992 inﬁrmari
1480 4912 1740 5005 contigit,
1773 4935 1830 4990 in
1874 4935 2123 4989 humano

2257 4945 2444 5016 ἐπειδὴ
2487 4912 2582 4999 καὶ
2614 4943 2751 5014 μετά
2792 4912 2890 5013 τῆν
2919 4912 3138 5011 γάφεσιν
3190 4912 3386 5008 συνέϐη
3439 4952 3491 4988 σε
3539 4912 3745 5016 νοσεῖνοῷ

580 5034 810 5089 allectus
861 5031 1184 5102 delapsam:
1233 5037 1289 5086 et
1338 5030 1437 5085 has
1481 5029 1835 5101 aegritudines
1891 5027 2122 5084 Servato

2257 5014 2897 5110 ‘iuxhrﬁmltao'hoaaav
2924 5038 3037 5100 τοῖς
3075 5034 3431 5106 ἀνθρωπίνοις
3468 5026 3650 5083 πάθεσι,
3683 5014 3745 5110 καί

579 5125 999 5181 rationabilibus
1053 5132 1107 5178 et
1163 5121 1548 5194 spiritualibus
1594 5120 1888 5187 remediis,
1931 5135 2054 5191 quae
2097 5120 2123 5174 ἰ]

2259 5102 2462 5195 ταύτας
2531 5130 2631 5194 τὰς
2700 5102 2890 5192 νόσους
2958 5130 2987 5183 ὁ
3052 5102 3242 5197 Σωτῆρ
3297 5126 3389 5179 καὶ
3446 5115 3643 5187 λογικοῖς
3685 5102 3746 5157 καὶ

581 5220 785 5276 divinis
830 5220 953 5288 ejus
995 5215 1296 5289 Scripturis
1336 5214 1561 5269 fundata
1602 5224 1766 5280 sunt,
1800 5215 2054 5279 curavit;
2085 5229 2123 5268 at

2263 5220 2549 5292 σωτηρίοις
2580 5219 2913 5291 φαρμάκοις,
2941 5221 3054 5280 τοῖς
3079 5218 3136 5270 ὲν
3161 5219 3279 5279 ταῖς
3312 5215 3473 5274 θείαις
3494 5201 3629 5292 αὐτοῦ
3649 5198 3744 5292 ΓΡῨ

582 5311 698 5367 haec
748 5311 944 5376 tertio,
994 5312 1164 5365 vitam
1212 5315 1364 5364 tuam
1395 5350 1410 5371 ,
1463 5323 1584 5379 quae
1636 5308 1691 5361 in
1744 5307 2123 5375 corruptioner

2263 5280 2933 5380 ‘Pakuxa‘tafieglrjuévors,
2968 5308 3297 5377 ἐθεράπευσε
3321 5321 3335 5334 ·
3361 5302 3528 5372 τρίτον
3565 5290 3639 5345 ἐπὶ
3663 5280 3744 5380 r35-

584 5422 845 5470 ccssura,
893 5414 948 5460 et
994 5422 1029 5461 a
1069 5414 1246 5461 morte
1289 5402 1635 5460 absorbenda
1684 5411 1801 5463 est,
1854 5399 2123 5455 secundur

2266 5373 2379 5465 τοις
2425 5400 2520 5472 τὴν
2569 5373 2747 5471 {cui};
2767 5417 2857 5453 σου
2915 5373 3208 5470 μέλλουσαν
3261 5396 3449 5467 χωρεῖν
3477 5388 3546 5449 είς
3576 5373 3739 5472 φθοράξν

588 5500 754 5564 illud,
787 5498 982 5554 Anima
1015 5516 1131 5570 qua:
1163 5497 1449 5569 peccaverit
1469 5534 1485 5558 ,
1521 5495 1639 5561 ipsa
1671 5494 1925 5547 morietur
1954 5492 2021 5554 ³⁸,
2060 5491 2123 5543 mi

2268 5495 2361 5547 καὶ
2394 5492 2785 5547 κατατείνεσθαι
2810 5491 2914 5544 ὑπὸ
2959 5489 3054 5543 τοῦ
3088 5489 3337 5552 θανάτου,
3377 5482 3504 5540 κατά
3529 5480 3596 5538 τὸ,
3620 5461 3740 5563 Ψυχῇι

586 5592 901 5647 scricordim
931 5607 1044 5647 suae
1076 5599 1503 5646 consentaneam
1533 5601 1648 5641 rem
1683 5599 1850 5655 agens
1872 5623 1887 5650 ,
1920 5599 1985 5637 ac
2020 5598 2123 5653 pra:

2268 5588 2307 5655 ἢ
2348 5585 2722 5655 ἁμαρτοῦσα,
2774 5584 2927 5652 αὑτὴ
2986 5581 3382 5647 ἀποθανεῖται,
3439 5565 3657 5630 ἀκόλουθα
3690 5553 3741 5623 τῷ

663 5705 706 5735 ³⁸
744 5704 939 5758 Ezech.
977 5719 1140 5767 xvm,
1173 5703 1228 5757 4.

664 5798 739 5871 (1)
791 5800 1283 5870 Ἐπιθινμοῦγιιεν...
1313 5795 1771 5865 ἐπιθυμοιιμεθα.
1810 5794 2123 5848 Alterutrum

2225 5791 2482 5847 :dundare
2516 5790 2747 5847 videtur.
2781 5787 2936 5843 Eutr.
2979 5787 3219 5841 Ριιτιιοι..
