3964 6516
251 354 390 410 1265

1333 354 1842 412 COMMENTARIA
1877 356 1945 410 ΙΝ
1984 352 2322 411 PSALMOS.

3363 355 3501 412 l‘lCO

253 468 421 522 αὐτοῦ
453 466 710 539 πράττων
752 465 907 536 ἐλέῳ,
956 465 1127 536 λύτρα
1154 466 1277 529 δοὺς
1309 467 1450 537 ὑπὲρ
1485 466 1577 520 σοῦ
1618 466 1695 538 τῷ
1733 466 1829 523 θαι

1949 470 2103 521 nium
2133 482 2234 537 pro
2266 476 2319 521 te
2352 464 2513 520 morti
2550 465 2869 543 sanguinem
2896 464 3170 537 Unigeniti
3218 465 3501 533 tribuens,

248 560 397 629 νάτῳ
420 559 483 611 τὸ
499 559 590 611 τοῦ
610 556 946 626 Μονογενοῦς
967 552 1125 627 αἷμα,
1155 558 1278 610 ἐλυτ
1289 558 1499 630 ρώσατο
1515 576 1529 589 ·
1548 558 1829 630 τέταρτον,

245 650 424 720 οἰκείᾳ
460 647 839 719 φιλανθρωπίᾳ
883 648 976 700 καὶ
1007 646 1143 701 ἐλέει
1172 646 1266 701 καὶ
1291 650 1595 720 οἰκτιρμοῖς
1615 648 1833 721 χρώμε-

245 759 355 803 νος,
390 740 513 792 ἐπεὶ
543 740 602 805 ἐξ
641 740 818 811 ἔργων
845 739 1019 803 οὐδεὶς
1053 740 1378 805 δικαιοῦται,
1404 741 1746 810 ἐστεφάνωσέ
1771 759 1832 796 σε

243 831 323 903 τῷ
353 832 453 902 τῆς
484 830 757 893 υἱοθεσίας
796 829 1116 903 δίαρίσματι.
1165 832 1275 885 Καὶ
1325 832 1512 894 ἁπλῶς
1555 828 1709 897 οὗτός
1749 850 1831 887 σοι

246 926 545 998 δεδώρηται
588 925 697 983 τῶν
731 925 1141 997 ἁμαρτημάτων
1172 926 1268 997 τὴν
1302 926 1516 995 ἄφεσιν,
1549 918 1705 991 οὗτός
1750 943 1831 980 σοι

247 1018 546 1090 δεδώρηται
589 1018 698 1071 τῶν
748 1017 936 1071 παθῶν
976 1018 1075 1089 τὴν
1124 1017 1288 1082 ἴασιν,
1335 1018 1435 1089 τῆς
1483 1019 1833 1084 ἀναστάσεως

247 1112 350 1182 τὴν
374 1110 588 1174 ἐλπίδα,
631 1110 723 1163 τὸν
752 1109 1049 1181 ἀρραϐῶνα
1082 1109 1176 1164 τοῦ
1219 1110 1558 1182 Πνεύματος,
1603 1114 1696 1164 καὶ
1742 1112 1833 1164 τὸν

247 1202 351 1272 τῆς
374 1201 679 1271 ἀφθαρσίας
722 1201 925 1272 χιτῶνα
952 1201 1187 1267 ἐνέδυσε,
1232 1203 1328 1257 καὶ
1374 1204 1555 1275 χάριτι
1601 1205 1831 1262 σέσωκε.

248 1294 486 1361 Χάριτος
538 1294 646 1364 γάρ
698 1295 793 1347 καὶ
840 1292 1251 1365 φιλανθρωπίας
1303 1295 1331 1346 ὁ
1383 1295 1668 1364 στέφανος.
1724 1296 1835 1349 Καὶ

249 1386 423 1440 ταῦτα
458 1386 634 1439 πάντα
666 1386 791 1439 ἕδνα
821 1386 916 1439 τοῦ
943 1385 1176 1456 νυμφίου
1211 1391 1306 1440 καὶ
1327 1388 1504 1462 δῶρα·
1525 1388 1708 1442 πίστιν
1726 1388 1835 1461 γάρ

251 1478 286 1548 ὴ
317 1477 504 1548 νύμφη
534 1478 900 1548 προσενήνοχε
955 1478 1136 1549 μόνον.
1157 1480 1231 1533 Οὐ
1261 1481 1420 1551 μόνον
1454 1480 1532 1543 δὲ,
1567 1479 1705 1533 ἀλλά
1743 1482 1837 1536 καὶ

252 1568 638 1638 πνευματικῶν
684 1567 907 1636 ἀγαθῶν
958 1585 1017 1621 σε
1059 1568 1377 1640 ἐνέπλησεν,
1408 1570 1442 1640 ἢ
1490 1569 1587 1624 καὶ
1632 1570 1731 1643 τὴν
1778 1572 1851 1625 ἐνΔ

250 1659 476 1728 ἀγαθοῖς
514 1659 807 1731 ἐπιθυμίαν
841 1677 935 1713 σου
966 1660 1302 1733 ἐπλήρωσεν,
1337 1662 1397 1727 ὃς
1417 1663 1514 1734 τήν
1537 1680 1600 1732 γε
1624 1663 1837 1736 ψυκτὴν

251 1750 432 1821 ψυχὴν
459 1749 814 1821 ἀπαγορεύει,
837 1750 1023 1804 δίδωσι
1047 1751 1103 1803 δὲ
1132 1751 1313 1819 ἁγαθά
1338 1756 1451 1817 τοῖς
1478 1754 1718 1807 αἰτοῦσιν
1740 1755 1808 1809 αὑ

390 1817 461 1893 ήΕἰ
493 1839 549 1892 δὲ
596 1817 773 1909 βούλει
805 1840 944 1893 κατά
976 1817 1190 1894 ταύτὸν.
1210 1841 1335 1894 ἰδεῖν
1388 1842 1534 1915 παθή
1544 1862 1689 1915 ματα
1742 1847 1838 1898 καὶ
1872 1817 1914 1872 Β

251 1934 628 2004 ἁμαρτήματα
670 1933 925 2003 λυόμενα,
956 1932 1102 2004 ἔχεις
1137 1933 1230 1986 τὸν
1258 1935 1564 2006 παράλυτον
1617 1937 1719 2007 τῆς
1759 1938 1840 1991 δι-

253 2025 395 2096 πλῆς
437 2023 643 2095 ταύτης
696 2025 1083 2079 ἀπολαύσαντα
1134 2027 1357 2099 χάριτος
1387 2045 1403 2059 ⁸
1457 2030 1659 2100 ἤκουσε
1705 2029 1835 2102 γὰρ,

266 2116 582 2184 Ἀφέωνταί
614 2132 713 2171 σοι
743 2131 800 2171 at
849 2120 1129 2188 ἁμαρτίαι
1163 2134 1300 2189 σου,
1361 2123 1473 2186 καὶ,
1504 2119 1683 2191 Ἆρον
1732 2123 1840 2178 τόν

253 2208 590 2276 κράὅόατόν
617 2226 733 2265 σου
755 2228 769 2241 ·
800 2210 974 2277 οὓτως
1002 2216 1036 2285 ἡ
1066 2214 1387 2287 ἁμαρτωλὸς
1415 2214 1552 2287 γυνὴ
1573 2216 1840 2288 τετύχηκε

252 2298 356 2370 τῆς
392 2300 661 2370 ἀφέσεως,
701 2304 729 2357 ό
758 2302 983 2377 λῃστὴς,
1012 2307 1063 2359 οἰ
1085 2307 1338 2372 τελῶναι,
1375 2307 1562 2372 ἀπλῶς
1602 2308 1839 2377 ἅπαντες

251 2390 305 2444 οἰ
336 2392 743 2457 πιστεύσαντες.

331 2482 443 2535 Τὸν
464 2482 895 2553 ἐμπιμπλῶντα
941 2486 1012 2540 ἐν
1065 2487 1309 2556 ἀγαθοῖς
1361 2491 1479 2559 τὴν
1524 2493 1843 2563 ἐπιθυμίαν

255 2591 393 2641 σου,
427 2576 997 2643 ἀνακαινισθήσεται
1040 2579 1122 2646 ὡς
1154 2581 1333 2636 ἀετοῦ
1370 2584 1420 2650 ἡ
1442 2587 1655 2653 νεότης
1686 2601 1804 2640 σου
1822 2602 1849 2619 ὐ

255 2665 397 2719 ὥστε
426 2667 866 2732 ἀνακαινίζεσθαι
892 2670 1065 2742 αὐτὴν
1105 2671 1198 2725 τὸν
1231 2673 1461 2728 παλαιὸν
1495 2677 1841 2749 ἀποθεμένην

256 2758 563 2829 ἄνθρωπον,
602 2759 696 2814 τὸν
727 2760 783 2814 δὲ
808 2761 946 2827 νέον,
975 2762 1067 2817 τὸν
1109 2763 1566 2837 ἀνακαινούμενον
1608 2770 1688 2832 εἰς
1724 2770 1843 2822 ἐπί-

256 2867 459 2920 γνωσιν
491 2850 584 2905 τοῦ
612 2852 896 2917 κτίσαντος
924 2854 1105 2919 αὑτὸν,
1143 2855 1546 2926 λαμϐάνουσαν.
1584 2859 1740 2913 Οὕτω
1764 2860 1840 2927 δὲ,

258 2942 446 3013 φησιν,
491 2945 525 3015 ἡ
566 2943 757 3016 νεότης
816 2961 910 2998 σου
942 2946 1481 3017 ἀνακαινισθήσεται,
1514 2949 1590 3013 ῶς
1646 2952 1843 3021 μηκέτι

259 3033 642 3097 παλαιοΰσθαι,
677 3035 811 3106 μηδὲ
853 3037 933 3099 εἰς
985 3035 1193 3109 φθορὰν
1222 3034 1378 3102 αὖθις
1414 3043 1631 3111 χωρεῖν,
1668 3043 1847 3096 ἁεϊδὲ

260 3125 600 3197 παραμένειν
630 3128 688 3181 ἐν
712 3126 789 3198 τῷ
807 3127 1021 3191 νεάζειν
1062 3130 1121 3183 ἐν
1150 3132 1216 3201 τῇ
1249 3130 1513 3203 ἀφθάρτῳ
1539 3131 1671 3205 ζωῇ.
1692 3134 1844 3188 Ἐπεὶ

258 3216 317 3269 δέ
347 3218 377 3270 ὁ
406 3217 564 3281 ἀετὸς
596 3217 708 3271 τῶν
730 3218 931 3290 ὀρνέων
959 3220 1075 3272 ἐστὶ
1104 3219 1547 3290 βασιλικώτατον,
1579 3224 1716 3279 άλλά
1747 3227 1843 3281 καὶ

261 3300 714 3379 ὐψιπετέστατος,
748 3311 907 3382 μόνος
933 3312 990 3366 δέ
1019 3310 1173 3377 ζώων
1208 3315 1358 3385 ἡλίου
1407 3317 1586 3384 φωτὸς
1627 3334 1845 3390 μαρμα-

265 3402 458 3472 ρυγαῖς
490 3402 758 3455 ἀντωπεῖν
783 3402 1025 3468 δυνατὸς,
1058 3406 1151 3459 καὶ
1194 3406 1381 3469 ἀτενὲς
1423 3408 1633 3479 ἀφορᾷν
1669 3409 1841 3481 αὐτῷ,

262 3494 489 3557 εἰκότως
518 3495 618 3565 τὴν
650 3494 947 3549 ἀνανέωσιν
982 3498 1083 3569 τῆς
1119 3497 1318 3568 ψυχῆς,
1349 3500 1443 3553 καὶ
1472 3501 1570 3571 τὴν
1596 3502 1704 3554 ἀπὸ
1744 3504 1846 3574 γῆς

265 3586 347 3648 εἰς
369 3585 597 3657 οὐρανὸν
625 3586 843 3657 πτῆσιν,
876 3587 1088 3640 καὶτὸν
1119 3588 1230 3658 βίον
1264 3590 1435 3660 αὐτῆς
1474 3590 1566 3644 τὸν
1602 3593 1659 3646 ἐν
1692 3592 1849 3666 ἄκρῳ

266 3675 407 3745 φωτὶ
438 3676 821 3747 γενησόμενον,
853 3676 1012 3731 ἀετοῦ
1046 3678 1205 3747 φύσει
1240 3679 1537 3752 παρέϐαλε.

336 3764 532 3819 Ποιῶν
567 3767 983 3836 ἐλεήμοσύνας
1012 3771 1044 3822 ό
1070 3768 1307 3836 Κύριος,
1340 3771 1441 3824 καὶ
1476 3771 1660 3841 κρίμα
1697 3771 1850 3829 πᾶσι

266 3857 393 3924 τοῖς
420 3857 858 3928 ἀδικουμένοις,
874 3860 1163 3931 ἐγνώρισε
1190 3860 1297 3928 τὰς
1323 3862 1504 3930 ὀδοὺς
1555 3864 1743 3937 αὐτοῦ
1767 3865 1848 3932 τῷ

266 3949 477 4018 Μωσῇ,
528 3950 655 4016 τοῖς
695 3950 849 4018 υἱοῖς
903 3952 1141 4021 Ἰσραὴλ
1186 3955 1259 4009 τὰ
1307 3955 1609 4024 θελήματα
1640 3958 1847 4012 αὐτοῦ.

282 4043 376 4094 Ἐκ
420 4042 519 4113 τῆς
563 4043 731 4113 αὐτῆς
775 4044 832 4098 δέ
870 4044 1112 4108 Μωσέως
1158 4047 1380 4118 Γραφῆς
1429 4048 1650 4123 μαθήσῃ
1691 4050 1851 4104 ὁποῖα

268 4131 517 4203 κρίματα
546 4133 788 4203 παρέσχε
834 4136 945 4198 τοῖς
986 4134 1389 4207 ἀδικουμένοιςο
1430 4138 1607 4210 κρίσει
1636 4139 1744 4211 γὰρ
1776 4140 1853 4194 δι-

269 4223 401 4295 καίᾳ
457 4224 689 4293 μετῆλθε
732 4224 859 4287 τοὺς
904 4226 1253 4294 Αἰγυπτίους,
1301 4228 1538 4298 πληγαῖς
1572 4228 1853 4299 θεηλάτοις

269 4316 507 4379 κολάσας
554 4317 752 4380 αὐτοὺς
800 4317 939 4388 ὑπὲρ
974 4318 1084 4370 τῶν
1127 4319 1308 4373 αὐτῶν
1337 4320 1683 4391 ἠδικημένων
1720 4324 1853 4377 υἰῶν

283 4407 518 4478 Ἰσραήλ.
586 4407 911 4477 Οὶκτίρμων
950 4406 1049 4463 καὶ
1088 4407 1358 4479 ἐλεήμων
1388 4412 1421 4463 ὀ
1457 4412 1694 4479 Κύριος,
1736 4429 1851 4482 μα-

270 4498 565 4567 κρόθυμος
595 4498 690 4553 καὶ
725 4500 1075 4566 πολυέλεος,
1108 4503 1219 4555 οὐκ
1252 4504 1339 4569 εἰς
1378 4502 1554 4571 τέλος
1578 4505 1856 4575 ὀργισθή-

270 4604 462 4654 astat,
516 4588 659 4643 οὐδὲ
705 4592 793 4655 εἰς
817 4590 924 4644 τὸν
951 4589 1137 4647 αἰῶνα
1178 4594 1397 4662 μηνιεῐ.
1443 4597 1526 4650 Οὐ
1559 4597 1719 4651 κατὰ
1748 4598 1855 4665 τὰς

271 4680 560 4750 ἁμαρτίας
606 4679 778 4749 ἡμῶν
823 4680 1113 4750 ἐποίησεν
1146 4684 1311 4754 ἡμῖν,
1358 4685 1501 4739 οὐδὲ
1545 4686 1701 4740 κατά
1748 4688 1856 4753 τὰς

272 4772 528 4842 ἀνομίας
557 4771 727 4840 ἡμῶν
751 4772 1171 4828 ἀνταπέδωκεν
1212 4776 1376 4845 ἡμῖν.
1412 4778 1539 4831 Ὀτι
1575 4776 1727 4831 κατὰ
1786 4776 1855 4832 τὸ

271 4866 433 4934 ὕψος
478 4865 582 4919 τοῦ
614 4864 872 4933 οιῖεοανοῦ
911 4866 1028 4920 ἀπὸ
1062 4868 1169 4935 τῆς
1200 4870 1311 4937 γῆς
1349 4870 1712 4939 ἐκραταίωσε
1743 4872 1857 4925 K15-

263 4976 400 5028 ριος
452 4958 519 5011 τὸ
585 4959 757 5022 ἕλεος
820 4958 1007 5012 αὐτοῦ
1058 4959 1155 5012 ἐπὶ
1233 4960 1373 5025 τοὺς
1432 4963 1862 5031 ⁴’φοϐουμένους

271 5051 480 5104 αὐτόν.
578 5052 857 5106 [ἰαθόσον
945 5049 1284 5119 ἀπέχουσιν
1378 5053 1665 5107 ἀνατολαὶ
1738 5054 1855 5107 ἀπὸ

272 5141 558 5210 δυσμῶν,
634 5142 972 5211 ἐμάχρυνεν
1041 5142 1141 5210 ἀέρ’
1190 5142 1360 5211 ἡμῶν
1428 5142 1541 5210 τὰς’
1605 5145 1877 5215 ἀνομίας

275 5232 465 5303 ἡμῶν.
525 5234 735 5300 Καθὼς
784 5235 1053 5302 οἱκτείρει
1115 5232 1314 5301 πατὴρ
1372 5234 1579 5300 υἱοὺς,
1652 5236 1857 5307 ᾠκτεί-

266 5343 429 5395 ρησε
492 5327 710 5394 Κύριος
785 5326 929 5391 τοὺς
1000 5326 1412 5396 φοϐουμένους
1470 5326 1692 5394 αὑτὸν,
1768 5327 1875 5383 ὅτι·

274 5412 462 5480 αὐτὸς
532 5414 685 5483 ἔγνω
728 5412 796 5467 τὸ
848 5413 1099 5484 πλάσμα
1156 5414 1345 5485 ἡμῶν.
1396 5415 1710 5485 Μνήσθητι
1770 5418 1860 5472 ὅτι

275 5508 428 5578 χοῦς
476 5508 684 5576 ἐσμεν⁸
740 5509 1067 5578 ἅνθρωπος,
1100 5511 1242 5564 ὡσεὶ
1293 5511 1506 5580 χόρτος
1557 5514 1618 5565 at
1647 5511 1861 5581 ἡμέραι

276 5603 485 5659 αὐτοῦ·
516 5602 661 5657 ὡσεὶ
688 5602 869 5669 ἄνθος
927 5602 1033 5657 τοῦ
1057 5603 1261 5673 timori,
1296 5602 1486 5669 οὕτως
1514 5602 1874 5672 ἑξανθήσει-

353 5784 399 5817 ⁸⁸
440 5782 606 5839 Marc.
646 5797 721 5849 ιι,
756 5781 811 5836 9.

1936 560 2225 624 liberavit;
2255 566 2453 627 quarto
2472 598 2487 622 ,
2518 557 2738 628 propria
2766 558 3053 612 clementia
3076 598 3090 621 ,
3124 557 3504 613 misericordia

1936 660 1991 707 et
2021 650 2466 707 miserationibus
2496 665 2651 715 usus,
2687 651 2817 720 quia
2848 664 3011 704 nemo
3040 666 3105 705 ex
3137 651 3506 721 operibusju-

1936 743 2229 809 stiticatur,
2262 742 2574 813 adoptionis
2601 752 2655 799 te
2684 742 2862 814 gratia
2893 744 3199 799 coronavit.
3252 742 3311 798 In
3356 760 3506 800 sum-

1933 851 2043 900 ma,
2088 834 2180 890 hic
2222 844 2276 890 te
2324 842 2670 904 peccatorum
2700 833 2859 889 venia
2894 833 3145 900 donavit,
3190 838 3505 893 morborum

1936 929 2102 985 animi
2134 930 2399 983 medelam
2431 929 2656 993 tribuit,
2693 944 2903 983 necnon
2948 945 3100 1000 spem
3146 933 3508 987 resurrectio-

1933 1023 2057 1089 nis,
2108 1023 2305 1093 pignus
2346 1020 2621 1092 Spiritus:
2669 1036 2734 1076 ac
2778 1029 2832 1077 te
2873 1021 3306 1092 incorruptionis
3358 1032 3509 1079 veste

1936 1114 2150 1179 induit,
2182 1114 2356 1186 gratia
2387 1128 2487 1168 sua
2515 1114 2726 1169 salvum
2760 1112 2910 1168 fecit.
2945 1112 3079 1167 Nam
3114 1116 3302 1185 gratiae
3327 1122 3379 1169 et
3406 1116 3512 1170 cle-

1936 1207 2153 1261 mentite
2203 1220 2407 1262 corona
2464 1212 2569 1261 est.
2629 1205 2805 1275 Atque
2862 1205 2976 1260 haec
3031 1207 3250 1272 omnia,
3307 1207 3511 1262 dotalia

1937 1299 2125 1369 sponsi
2151 1314 2380 1355 munera
2412 1305 2469 1354 et
2495 1298 2639 1353 dona
2668 1306 2797 1352 sunt
2825 1316 2837 1352 :
2870 1313 3075 1368 sponsa
3107 1299 3309 1370 quippe
3338 1301 3512 1355 solam

1939 1391 2099 1446 ﬁdem
2140 1390 2356 1445 obtulit.
2401 1388 2588 1462 Neque
2625 1391 2800 1445 solum
2836 1390 2947 1447 illis
2974 1430 2990 1455 ,
3022 1390 3120 1447 sed
3152 1393 3313 1447 etiam
3346 1392 3512 1463 spiri-

1936 1482 2183 1539 tualibus
2210 1484 2371 1539 bonis
2399 1491 2451 1538 te
2479 1483 2710 1554 replevit
2737 1501 2752 1552 ;
2790 1484 2905 1539 sive
2935 1484 3101 1539 etiam
3134 1493 3231 1539 tuo
3270 1487 3327 1540 in
3355 1486 3514 1543 bonis

1890 1576 2213 1654 .desiderio
2266 1576 2567 1641 satisfecit,
2624 1576 2718 1646 qui
2773 1575 3023 1647 frigidam
3070 1577 3306 1630 animam
3351 1590 3515 1648 repu-

1939 1667 2085 1731 diat,
2120 1666 2265 1722 bona
2291 1679 2422 1721 vero
2455 1665 2772 1736 petentibus
2803 1680 2860 1720 se
2891 1665 3104 1721 tribuit.
3145 1665 3304 1733 Quod
3338 1668 3383 1724 si
3414 1686 3518 1725 vo-

1940 1759 2111 1815 lueris
2140 1758 2364 1815 morbos
2396 1758 2559 1814 simul
2592 1766 2645 1812 et
2680 1766 2903 1828 peccata
2941 1759 3121 1813 soluta
3158 1759 3379 1829 videre,
3415 1762 3517 1816 lia-
3581 1758 3583 1765 ¹

1940 1851 2035 1907 bes
2060 1851 2423 1923 paralyticum
2456 1851 2559 1905 bac
2585 1851 2787 1921 duplici
2818 1851 2993 1921 gratia
3022 1850 3283 1907 donatum
3313 1871 3328 1919 ;
3364 1855 3521 1913 audi-

1938 1945 2017 1997 vit
2044 1943 2227 2006 enim,
2268 1941 2627 1996 Dimittuntur
2680 1941 2777 1995 tibi
2826 1952 3043 2011 peccata
3085 1952 3213 2010 tua,
3262 1953 3334 2011 et,
3372 1945 3523 2001 Tolle

1943 2034 2226 2105 grabatum
2256 2043 2405 2087 tuum
2432 2034 2518 2088 ²⁹ι
2552 2034 2633 2088 sic
2678 2035 2958 2104 peccatrix
2996 2034 3195 2090 mulier
3239 2037 3521 2093 remissio-

1940 2143 2065 2183 nem
2112 2134 2410 2182 consecuta
2453 2134 2571 2192 est;
2614 2126 2695 2180 sic
2735 2125 2919 2191 latro,
2953 2126 3271 2197 publicani,
3314 2142 3379 2183 ac
3424 2128 3522 2183 de-

1940 2235 2089 2275 mum
2123 2234 2323 2275 omnes
2348 2219 2443 2289 qui
2472 2217 2841 2274 crediderunt.

2013 2483 2183 2539 Vsus.
2224 2483 2278 2539 5.
2322 2483 2429 2549 Qui
2469 2484 2633 2553 replet
2669 2485 2739 2538 in.
2774 2483 2924 2539 bonis
2968 2485 3288 2542 desiderium
3333 2494 3520 2554 tuum,

1943 2574 2280 2627 renovabitur
2321 2584 2379 2627 ut
2418 2575 2613 2645 aquila:
2653 2575 2895 2642 iuventus
2946 2582 3081 2640 tua;
3130 2576 3205 2630 ita
3250 2584 3308 2631 ut
3351 2578 3539 2648 priori‘

1942 2664 2193 2736 deposito
2223 2666 2477 2731 homine,
2509 2682 2573 2722 ac
2595 2682 2738 2723 novo
2756 2707 2774 2736 ,
2801 2668 2895 2738 qui
2919 2676 3217 2722 renovatur
3239 2669 3305 2727 ad
3334 2669 3525 2741 cogni-

1945 2758 2148 2812 tionem
2182 2757 2462 2812 Creatoris
2493 2759 2614 2822 sui,
2645 2758 2940 2830 adjuncto,
2971 2767 3027 2815 et
3056 2759 3174 2830 ipsa
3205 2768 3521 2819 renovetur.

1947 2851 2039 2905 Sic
2054 2860 2258 2915 autem,
2273 2850 2643 2919 ait,juventus
2660 2860 2753 2907 tua
2772 2854 3148 2917 renovabitur,
3164 2860 3225 2908 ut
3241 2846 3523 2924 nunquam
3538 2890 3549 2901 ς

1945 2949 2280 3007 veterascat,
2315 2958 2495 3014 neque
2539 2944 2607 2998 ad
2641 2945 3050 3014 corruptionem
3090 2960 3289 3001 rursus
3328 2946 3537 3013 abeat,

1948 3032 2045 3087 sed
2076 3047 2292 3102 semper
2322 3045 2509 3105 vegeta
2540 3041 2769 3091 maneat
2788 3035 2846 3089 in
2875 3035 3195 3105 incorrupta
3222 3036 3355 3092 vita.
3384 3035 3526 3091 Cum

1870 3166 1914 3225 α
1951 3130 2131 3179 autem
2156 3125 2344 3196 aquila
2370 3126 2443 3180 sit
2473 3125 2652 3179 avium
2678 3140 2776 3179 rex
2795 3163 2811 3190 ,
2845 3125 3220 3197 altissimeque
3245 3128 3428 3193 volet,
3458 3140 3527 3181 ac

1948 3215 2065 3270 sola
2094 3216 2244 3271 inter
2273 3216 2531 3270 animalia
2561 3215 2775 3272 solares
2820 3214 3006 3272 radios
3047 3218 3227 3273 valeat
3269 3217 3537 3283 obtueri,

1946 3308 2238 3379 ipsumque
2280 3316 2486 3365 attente
2528 3311 2891 3380 conspicere;
2936 3308 3353 3366 renovationem
3405 3309 3528 3364 anl-

1944 3415 2080 3458 mae.
2116 3408 2172 3456 et
2201 3413 2232 3456 e
2261 3408 2409 3456 terra
2443 3399 2512 3455 ad
2553 3400 2753 3457 ctelum
2799 3402 3074 3466 volatum,
3117 3400 3396 3472 vitamque
3432 3415 3527 3456 su-

1946 3507 2137 3564 premo
2188 3494 2243 3547 in
2284 3493 2492 3549 lumine
2530 3501 2876 3550 versaturam
2929 3494 3126 3565 aquila:
3156 3501 3371 3549 naturae
3414 3508 3531 3549 me-

1946 3586 2054 3639 rito
2081 3585 2451 3656 comparavit-

2020 3760 2187 3816 Vens.
2229 3760 2383 3816 6-16.
2427 3759 2659 3816 Faciens
2705 3762 3107 3818 misericordias
3141 3761 3404 3819 Dominus
3428 3803 3444 3829 ,
3476 3772 3530 3818 et

1942 3851 2207 3921 judicium
2238 3850 2480 3905 omnibus
2519 3850 2783 3921 injuriam
2812 3852 3131 3921 patientibus
3158 3894 3173 3920 ,
3204 3863 3361 3909 notas
3401 3854 3549 3924 fecit

1950 3944 2062 3998 vias
2103 3960 2231 3998 suas
2264 3941 2475 4014 Moysi,
2527 3944 2657 4015 ﬁliis
2698 3944 2874 4000 Israel
2914 3948 3211 4002 voluntates
3251 3963 3401 4003 suas.
3446 3945 3530 4003 Ex

1952 4036 2068 4104 ipsa
2097 4048 2227 4090 vero
2258 4035 2461 4108 Moysis
2494 4036 2780 4107 Scriptura
2809 4038 3055 4106 edisces,
3088 4040 3272 4112 qualia
3305 4055 3407 4110 pro
3436 4041 3532 4095 lai-

1952 4127 2030 4180 sis
2060 4125 2267 4195 judicia
2298 4126 2525 4183 tulerit:
2556 4126 2710 4196 justo
2739 4144 2977 4199 namque
3003 4129 3213 4199 judicio
3241 4128 3549 4201 Egyptiosu

1954 4218 2184 4283 invasit,
2208 4219 2472 4277 divinitus
2498 4219 2733 4278 inﬂictis.
2750 4222 2931 4292 plagis
2953 4224 3232 4293 castigans
3262 4222 3388 4277 illos
3414 4235 3536 4292 ριό-

1956 4314 2075 4378 pter
2106 4308 2249 4364 ﬁlios
2280 4308 2449 4366 Israel
2483 4310 2552 4365 ab
2582 4310 2720 4382 ipsis
2752 4312 2988 4380 pessime
3021 4311 3262 4368 habitos.
3302 4309 3537 4365 Misera-

1958 4410 2042 4455 tor
2080 4411 2130 4455 et
2168 4402 2468 4457 misericors
2514 4401 2810 4469 Dominus,
2859 4402 3177 4475 longanimis
3215 4410 3262 4458 et
3309 4402 3556 4456 multum.-

1884 4515 1928 4569 Β
1959 4493 2260 4548 misericors
2282 4532 2297 4558 ,
2328 4511 2430 4547 non
2463 4494 2518 4547 in
2547 4494 2706 4562 linem
2742 4495 3027 4559 irascetur,
3073 4510 3236 4564 neque
3277 4495 3334 4547 in
3380 4503 3539 4548 teter—

1960 4601 2085 4639 num
2114 4587 2457 4640 succensebit.
2489 4584 2615 4639 Non
2638 4586 2927 4640 secundum
2952 4595 3167 4654 peccata
3199 4595 3383 4640 nostra
3413 4586 3545 4654 fecit

1960 4679 2141 4743 nobis,
2172 4696 2334 4749 neque
2363 4681 2650 4733 secundum
2679 4680 2987 4750 iniquitates
3028 4688 3243 4734 nostras
3287 4680 3535 4735 retribuit

1961 4768 2135 4822 nobis.
2175 4769 2439 4835 Quoniam
2472 4767 2758 4822 secundum
2791 4768 3127 4824 altitudinem
3163 4771 3282 4824 caeli
3317 4788 3351 4824 a
3392 4780 3547 4825 terra.

1961 4860 2321 4916 corroboravit
2358 4862 2621 4917 Dominus.
2647 4862 3071 4917 misericordiam
3100 4879 3253 4917 suam
3278 4879 3435 4932 super
3470 4864 3540 4917 ti-

1961 4965 2158 5007 mentes
2189 4971 2263 5009 se.
2298 4954 2567 5020 Quantum
2597 4954 2763 5008 distat
2788 4964 2935 5009 ortus
2967 4954 3031 5006 ab
3062 4955 3355 5021 occidente,
3387 4956 3541 5027 longe

1960 5045 2083 5114 fecit
2113 5063 2143 5099 a
2174 5045 2323 5099 nobis
2350 5046 2653 5115 iniquitates
2689 5056 2919 5101 nostras.
2948 5046 3222 5112 Quomodo
3261 5049 3540 5102 miseretur

1959 5147 2111 5206 pater
2141 5137 2408 5203 ﬁliorum,
2436 5136 2681 5189 misertus
2713 5144 2791 5189 est
2818 5128 3080 5190 Dominus
3111 5136 3413 5190 timentibus
3444 5151 3498 5189 se
3520 5175 3539 5199 ,

1961 5229 2210 5302 quoniam
2236 5230 2346 5298 ipse
2370 5228 2607 5299 cognovit
2630 5229 2935 5299 ﬁgmentum
2958 5237 3218 5282 nostrum.
3244 5225 3538 5281 Recordare

1961 5322 2209 5391 quoniam
2242 5320 2413 5390 pulvis
2444 5334 2658 5383 sumus;
2693 5319 2868 5382 homo,
2899 5318 3035 5371 sicut
3062 5318 3237 5386 fenum
3250 5315 3360 5369 dies
3387 5314 3500 5384 ejus
3520 5355 3537 5380 ,

1963 5424 2214 5485 tanquam
2249 5415 2350 5484 ﬂos
2392 5414 2526 5484 agri,
2573 5415 2651 5467 sic
2688 5412 2956 5484 eﬂlorebit.
3003 5409 3269 5477 Quoniam
3316 5409 3538 5479 spiritus

1961 5504 2303 5575 pertransibit
2332 5506 2388 5558 in
2419 5504 2512 5559 illo
2536 5514 2585 5558 et
2616 5521 2719 5558 non
2749 5504 3028 5566 subsistet,
3057 5510 3109 5555 et
3135 5517 3240 5555 non
3267 5508 3557 5572 cognoscet-

1964 5599 2190 5670 amplius
2243 5599 2415 5655 locum
2459 5614 2634 5654 suum.
2690 5592 3161 5664 Quemadmodum
3213 5610 3245 5650 a
3296 5595 3541 5655 tenebris
