3964 6508
577 390 711 445 1267

1258 390 1528 446 EUSEBH
1564 390 2044 446 CZESARIENSIS
2082 391 2230 446 OPP.
2273 391 2453 447 PARS
2486 392 2573 449 Ill.
2612 425 2680 433 —
2716 389 3121 447 EXEGETICA.

3645 392 3753 449 1268

574 510 896 581 ignorantiae
936 510 1175 578 peccatis
1218 509 1454 565 inductae
1497 510 1566 564 ad
1610 511 1785 565 lucem
1818 510 2136 581 cognitionis

2249 512 2367 564 Ὅτι
2400 498 2634 582 πνεῦμα
2673 511 2921 580 διῆλθεν
2948 509 3017 561 ἐν
3060 505 3240 571 αὐτῷ,
3270 506 3365 560 καί
3402 508 3507 573 οὐχ
3536 506 3755 575 ὑπάρξει,

572 619 689 660 sum
729 618 829 659 nos
871 602 1145 657 transtulit
1179 618 1194 667 ;
1238 601 1463 671 haecque
1504 600 1632 657 fecit
1670 610 1729 655 ut
1767 602 1947 657 bonus
1991 611 2146 673 pater

572 693 914 749 insanientes
964 692 1102 749 ﬁlios
1143 694 1436 749 miseratus
1459 736 1474 760 ,
1513 708 1577 749 ac
1605 708 1735 765 erga
1769 693 1971 749 liberos
2003 694 2145 750 male

571 786 796 841 ati'ectos
829 786 1090 855 majorem
1122 786 1653 842 commiserationem
1688 802 2013 843 assumens:
2046 802 2144 842 eo-

573 877 698 932 dem
729 877 818 932 ille
850 876 1011 931 modo
1041 892 1141 933 nos
1172 877 1470 933 miseratus
1503 885 1588 933 est
1610 917 1625 942 ,
1657 892 1721 931 ac
1749 894 1817 933 ex
1868 877 2045 933 atbeis
2088 885 2145 932 et

574 973 776 1029 timore
806 972 1121 1027 carentibus
1141 1011 1156 1036 ,
1188 972 1311 1040 pios
1339 986 1403 1025 ac
1434 987 1494 1027 se
1522 971 1779 1027 timentes
1809 986 1912 1027 nos
1940 970 2139 1027 effecit.

2251 600 2350 657 καί
2372 603 2483 656 οὐκ
2512 601 2901 673 ἐπιγνώσεται
2930 602 3015 655 ἔτι
3037 598 3144 652 τὸν
3173 600 3359 652 τόπον
3385 599 3576 651 αὐτοῦ.
3596 601 3757 671 Ὥσπερ

2250 692 2359 746 άπὸ
2388 692 2611 758 σκότους
2645 695 2743 764 τῆς
2784 692 2893 746 τῶν
2944 691 3352 763 ἁμαρτημάτων
3380 691 3583 758 ἀγνοίας
3620 692 3693 743 ἐπὶ
3716 694 3758 745 τὸ

2250 783 2366 854 φῶς
2413 785 2515 855 τῆς
2559 785 2722 839 αὐτοῦ
2771 783 3022 854 γνώσεως
3080 783 3444 854 μετεστήσατο
3489 784 3644 851 ἡμᾶς·
3692 785 3760 836 καὶ

2249 875 2421 930 ταῦτα
2450 876 2684 949 ἔπραξεν
2704 877 2779 941 ὡς
2794 877 2995 946 ἀγαθὸς
3017 875 3197 946 πατὴρ
3214 876 3675 945 σπλαγχνιξόμενος
3695 877 3761 929 ἐπὶ

2251 954 2389 1031 υίοῖς
2425 970 2710 1041 μεμηνόσι,
2760 969 2854 1023 καὶ
2886 969 2979 1023 ἐπὶ
3012 968 3199 1031 κακῶς
3235 966 3582 1036 διακειμένοις
3603 968 3761 1031 τέκνοις

579 1065 802 1138 μείζονα
828 1062 1006 1120 οἶκτον
1039 1064 1356 1121 ἀναλαϐώνο
1389 1066 1479 1120 τὸν
1542 1066 1703 1120 αὐτὸν
1734 1065 1933 1138 τρόπον
1997 1066 2093 1121 καὶ
2124 1065 2285 1132 αὐτὸς
2318 1066 2651 1138 ᾠκτείρησεν
2708 1064 2877 1135 ἡμᾶς,
2936 1061 2995 1129 ἐξ
3040 1062 3213 1117 ἀθέων
3264 1061 3359 1115 κα)⁸
3408 1059 3609 1129 ἀφόϐων
3648 1062 3763 1113 εὐπε-

573 1164 689 1228 ϐεῖς
719 1164 812 1217 καὶ
835 1164 1197 1236 φοϐουμένους
1217 1164 1376 1218 αὐτὸν
1400 1165 1872 1237 ἀπεργασάμενος.

558 1330 563 1333 ,
641 1276 811 1333 Vens.
854 1278 1036 1333 1719.
1080 1277 1449 1333 Misericordia
1466 1290 1640 1334 autem
1663 1280 1875 1335 Domini
1902 1280 1972 1334 ab
1994 1291 2149 1335 mter-

2330 1275 2407 1331 Τὸ
2457 1274 2631 1341 ἕλεος
2678 1272 2748 1327 δὲ
2785 1270 2894 1325 τοῦ
2930 1268 3153 1338 Κυρίου
3202 1266 3317 1322 ἀπὸ
3352 1264 3456 1319 τοῦ
3484 1263 3670 1329 αιῶνος
3693 1266 3763 1316 καί

568 1387 674 1433 no,
702 1380 751 1424 et
785 1387 948 1439 usque
998 1371 1053 1425 in
1112 1380 1366 1427 wternum
1421 1389 1578 1441 super
1613 1374 1851 1429 timentes
1903 1389 2041 1429 eum.
2080 1372 2136 1427 Et

2255 1370 2361 1436 ἕως
2399 1368 2504 1423 τοῦ
2536 1365 2749 1432 αίῶνος
2762 1363 2860 1419 ἐπὶ
2878 1362 3019 1428 τοὺς
3046 1359 3458 1432 φοϐουμένους
3471 1359 3667 1413 αὐτόν·
3692 1358 3761 1409 καί

560 1462 779 1533 justitia
808 1462 952 1516 illius
982 1463 1036 1516 in
1064 1462 1207 1531 ﬁlios
1232 1464 1467 1533 ﬁliorum
1485 1504 1500 1529 ,
1529 1464 1609 1519 his
1634 1467 1723 1534 qui
1748 1474 1957 1521 servant
1984 1474 2149 1520 testa-

568 1564 805 1610 mentum
832 1555 976 1624 ejus,
1004 1565 1053 1609 et
1082 1572 1333 1611 memores
1360 1568 1483 1613 sunt
1504 1558 1878 1613 mandatorum
1899 1558 2047 1612 illius
2076 1558 2147 1612 ad

570 1648 869 1719 faciendum
900 1666 980 1703 ea.
1010 1647 1148 1704 Huic
1179 1650 1357 1705 simile
1383 1649 1515 1705 illud
1548 1669 1561 1705 :
1592 1649 1819 1706 Faciens
1847 1652 2147 1705 misericor-

568 1741 716 1795 diam
746 1740 1087 1811 diligentibus
1126 1756 1226 1796 me.
1276 1739 1411 1795 Nam
1464 1741 1841 1797 misericordia
1868 1741 2143 1807 tDomini,

568 1842 624 1889 et
674 1848 901 1903 compar
947 1833 1067 1902 ejus
1110 1832 1323 1901 justitia
1368 1835 1424 1889 in
1472 1850 1690 1891 omnem
1738 1834 2144 1906 generationem

2254 1464 2294 1531 ἠ
2334 1460 2684 1528 δικαιοσύνη
2734 1456 2921 1513 αὐτοῦ
2964 1455 3063 1510 ἐπὶ
3102 1453 3242 1518 τοὺς
3278 1450 3449 1516 υἱοὺς
3494 1449 3599 1502 τῶν
3640 1449 3762 1513 υἱῶν,

2255 1555 2379 1623 τοῖς
2409 1552 2805 1625 φυλάσσουσι
2842 1548 2957 1617 τὴν
3001 1546 3295 1613 διαθήκην
3331 1541 3535 1606 αὑτοῦ,
3575 1542 3657 1595 καὶ
3687 1559 3763 1611 με·

2249 1645 2580 1718 μνημένοις
2610 1641 2730 1697 τῶν
2755 1640 3022 1696 ἐντολῶν
3068 1636 3275 1703 αὐτοῦ,
3305 1635 3416 1690 τοῦ
3445 1632 3664 1700 ποιῆσαι
3689 1636 3763 1688 αὺ-

2252 1734 2379 1803 τάς.
2416 1736 2639 1805 Ὅμοιον
2672 1732 2768 1786 καὶ
2816 1731 2899 1796 τὸ,
2947 1728 3141 1783 Ποιῶν
3182 1728 3359 1793 ἕλεος
3405 1723 3525 1791 τοῖς
3551 1721 3766 1793 ἀγαπῶσι

2243 1844 2341 1897 με.
2374 1823 2697 1897 Παρατείνει
2723 1820 2833 1894 γὰρ
2868 1820 2929 1874 τὸ
2957 1819 3105 1884 ἕλεος
3144 1818 3371 1890 Κυρίου,
3397 1817 3491 1869 καὶ
3526 1818 3559 1887 ἡ
3593 1816 3764 1882 odim;

568 1924 884 1980 extenditur
918 1921 973 1976 in
1012 1922 1267 1977 timentes
1302 1938 1428 1977 eum
1448 1964 1463 1985 .
1499 1931 1554 1977 et
1585 1925 1642 1979 in
1672 1904 1812 1982 ﬁlios
1833 1941 2023 1982 eorum
2049 1966 2064 1991 ,
2097 1924 2136 1981 ἱ(

2254 1915 2421 1973 αὐτοῦ
2463 1913 2797 1983 δικαιοσύνη,
2841 1914 2920 1976 είς
2949 1914 3129 1967 πᾶσαν
3183 1912 3283 1983 τὴν
3332 1904 3524 1980 γενεὰν
3565 1910 3643 1961 ἐπὶ
3678 1909 3765 1972 τοὺς

566 2014 687 2072 est,
722 2012 778 2063 in
802 2008 1151 2065 aemulatores
1179 2016 1458 2081 gestorum
1493 2017 1738 2080 ipsorum
1759 2049 1775 2074 ,
1811 2009 1865 2064 in
1902 2025 1997 2065 eos
2032 2011 2143 2065 sci-

567 2097 728 2163 licet,
752 2098 845 2169 qui
871 2114 982 2154 non
1009 2100 1171 2155 modo
1192 2107 1587 2170 praeceptorum
1610 2101 1730 2170 ejus
1750 2101 2109 2157 recordamur
2124 2141 2139 2165 ,

568 2189 665 2243 sed
695 2190 1045 2247 sermonibus
1076 2205 1244 2260 opera
1270 2191 1573 2260 adjiciunt,
1616 2199 1671 2247 ct
1718 2192 1821 2247 hoc
1869 2192 2033 2247 modo
2061 2193 2142 2246 vi-

566 2288 680 2333 tam
713 2280 1047 2335 concinnant
1074 2297 1250 2337 suam.
1288 2281 1362 2336 Ea
1410 2284 1609 2354 quippe
1651 2284 1872 2349 dantur,
1922 2300 2029 2341 non
2084 2294 2143 2339 ut

566 2371 813 2441 ipsorum
855 2372 1057 2426 nudam
1103 2374 1425 2428 memoriam
1456 2386 1510 2429 et
1539 2376 1788 2429 notitiam
1820 2391 2139 2445 servemus;

565 2464 664 2519 sed
697 2472 757 2519 ut
785 2467 1045 2521 memoria
1089 2467 1156 2521 ad
1196 2466 1535 2537 operandum
1568 2474 1807 2521 utamur.
1840 2467 1979 2522 Illud
2005 2484 2141 2538 quo-

563 2570 673 2623 que
705 2553 964 2611 Servator
988 2557 1244 2621 declarat
1289 2556 1376 2613 his
1405 2556 1627 2612 verbis:
1662 2557 1768 2622 Qui
1800 2558 1954 2612 habet
1986 2575 2141 2612 man-

562 2644 696 2699 data
745 2662 891 2712 mea,
935 2659 986 2702 et
1026 2658 1197 2703 servat
1240 2664 1334 2713 ea,
1375 2646 1467 2703 ille
1502 2656 1579 2702 est
1612 2648 1702 2717 qui
1741 2646 1915 2718 diligit
1944 2665 2027 2702 me
2056 2648 2137 2703 ³ος

564 2755 694 2794 nam
740 2741 1109 2797 observationi
1146 2750 1358 2796 tantum
1380 2756 1550 2812 ,_non
1587 2740 1868 2797 memoriae
1914 2757 2137 2808 eorum,

540 2846 775 2893 merces
805 2832 1072 2900 debetur;
1106 2849 1284 2905 neque
1310 2834 1588 2891 auditores
1608 2875 1623 2902 ,
1658 2833 1754 2889 sed
1788 2834 2028 2889 cultores
2064 2836 2142 2890 lc-

561 2922 647 2994 gis
667 2924 1137 2994 justiticabuntur.
1157 2925 1392 2983 Pulchre
1410 2935 1593 2982 autem
1618 2926 1703 2982 lex
1727 2924 1823 2981 Dei
1844 2932 2141 2982 testamen-

561 3023 680 3070 tum
706 3025 901 3071 vocata
929 3025 1048 3081 est,
1094 3025 1153 3072 ut
1186 3020 1279 3089 qui
1308 3033 1428 3074 eam
1463 3018 1823 3075 observamus
1843 3057 1861 3081 ,
1912 3017 2142 3074 haeredi-

558 3116 730 3163 tatem
762 3109 888 3164 inde
929 3124 1233 3181 speremus.
1284 3109 1443 3178 Quod
1471 3118 1648 3166 autem
1689 3117 1886 3166 natura
1918 3110 2138 3181 quidem

559 3207 751 3254 nostra
772 3198 916 3254 ﬂuxa
942 3200 1045 3265 sit,
1073 3200 1257 3256 divina
1287 3217 1416 3257 vero
1441 3201 1728 3257 clementia
1750 3200 1987 3257 debitam
2012 3217 2141 3272 pro-

2250 2003 2618 2079 φοϐουμένους
2650 2004 2813 2059 αὐτὸν
2858 2005 3102 2069 καὶτοὺς
3140 2010 3291 2070 υῑους
3338 2005 3537 2069 αὐτῶν,
3579 2008 3762 2059 τουτέστι

2248 2098 2372 2161 τοὺς
2412 2095 2520 2151 τῶν
2563 2096 2738 2168 ἔργων
2785 2096 2950 2150 αὐτοῦ
3003 2096 3269 2169 ζηλωτὰς,
3320 2100 3449 2163 τοὺς
3495 2099 3585 2168 οὐχ
3626 2097 3762 2162 ἁπλῶς

2252 2189 2634 2262 μεμνημένους
2673 2189 2781 2243 τῶν
2832 2190 3062 2245 ἐντολῶν
3102 2190 3292 2256 αὐτοῦ,
3346 2192 3464 2246 ἀλλ’
3490 2192 3761 2254 ἐπιτιθέντας

2248 2283 2361 2344 τοῖς
2383 2280 2559 2349 λόγοις
2588 2280 2655 2333 τὰ
2682 2280 2841 2352 ἔργα,
2883 2282 2976 2334 καὶ
3003 2280 3143 2334 κατὰ
3170 2282 3337 2335 ταύτὸ
3367 2282 3457 2335 τὸν
3489 2284 3660 2335 οἰκεῖον
3684 2283 3759 2352 βίον

2250 2371 2630 2445 ῥυθμίξοντας.
2681 2373 2923 2427 Δίδονται
2950 2373 3058 2446 γὰρ
3104 2366 3264 2427 αὗται
3311 2374 3414 2428 οὐκ
3443 2376 3530 2428 ἐπὶ
3565 2375 3630 2445 τῷ
3662 2376 3754 2445 μνήο

2250 2482 2359 2536 μην
2391 2464 2570 2519 αὐτῶν
2602 2464 2763 2535 ψιλήν
2788 2465 2883 2519 καὶ
2914 2465 3111 2533 γνῶσιν
3144 2465 3289 2537 ἔχειν
3322 2468 3491 2537 ἡμᾶς,
3524 2466 3641 2519 ἀλλὰ
3665 2467 3757 2536 μνή-

2250 2574 2357 2629 μην
2402 2558 2481 2619 είς
2523 2556 2584 2611 τὸ
2616 2557 2858 2627 ποιῆσαι.
2889 2556 3060 2611 Τοῦτο
3093 2558 3187 2611 καὶ
3224 2560 3252 2611 ὁ
3279 2558 3474 2631 Σωτὴρ
3502 2560 3755 2629 παρίστηπν

2247 2647 2435 2703 εἰπών·
2453 2650 2506 2702 '0
2536 2650 2693 2719 ἔχων
2716 2648 2823 2716 τὰς
2841 2649 3093 2716 ἐντολάς
3118 2667 3240 2719 μου
3267 2651 3372 2705 καί
3401 2650 3583 2720 τηρῶν
3606 2650 3753 2714 αὑτὰς,

2245 2740 2478 2808 ἐκεῖνός
2524 2741 2697 2797 ἐστιν
2734 2744 2766 2796 ό
2813 2739 3062 2811 ἀγαπῶν
3100 2758 3215 2811 με’
3260 2742 3367 2813 τῆς
3413 2742 3518 2813 γὰρ
3555 2742 3753 2811 ποιήσεως

2246 2832 2360 2886 ἀλλ’
2388 2834 2448 2886 οὐ
2479 2833 2580 2905 τῆς
2624 2834 2843 2906 μνήμης
2882 2833 3061 2890 αὐτῶν
3095 2834 3261 2906 μόνης
3290 2836 3320 2889 ὁ
3361 2835 3566 2906 μισθόςο
3598 2833 3754 2900 nisi}

2246 2928 2294 2979 oi
2318 2926 2605 2998 ἀκροαταὶ,
2636 2926 2750 2982 ἀλλ’
2781 2928 2831 2980 οἱ
2872 2927 3090 2998 ποιηταὶ
3120 2926 3214 2980 τοῦ
3249 2926 3418 2998 νόμου
3446 2926 3753 2995 δικαιωθήσον-

2246 3035 2356 3071 ται.
2392 3016 2589 3082 Καλῶς
2630 3017 2688 3072 δὲ
2718 3016 2953 3090 διαθήκη
3000 3020 3031 3072 ό
3066 3017 3228 3088 νόμος
3256 3017 3355 3071 τοῦ
3390 3017 3520 3071 Θεοῦ
3550 3016 3752 3087 129061376-

2250 3127 2435 3183 ρευται
2464 3150 2481 3175 ,
2531 3109 2619 3166 ἵνα
2677 3110 3039 3183 κληρονομίαν
3092 3109 3408 3181 ὲλπίζωμεν
3462 3110 3517 3176 ἐξ
3554 3109 3689 3176 αὐτῆς
3718 3107 3750 3158 oi

2247 3202 2632 3272 φυλάσσοντες.
2665 3202 2689 3221 "
2716 3204 2811 3256 Οτι
2852 3203 2911 3256 δὲ
2954 3204 2989 3273 ή
3022 3202 3121 3273 μὲν
3148 3201 3313 3273 φύσις
3345 3203 3497 3275 ἡμῶν
3534 3202 3749 3269 ὲπίκηρτις.

559 3291 903 3360 genitoribus
940 3292 1169 3361 justitize
1212 3292 1520 3349 mercedem
1564 3308 1739 3364 usque
1798 3292 1869 3349 ad
1912 3302 2136 3364 nepotes

2244 3295 2277 3365 ή
2299 3293 2356 3347 δὲ
2383 3293 2503 3348 Θεία
2530 3293 2909 3366 φιλανθρωπία
2953 3295 3048 3347 καὶ
3085 3294 3277 3366 μέχρις
3318 3294 3547 3363 ἐγγόνων
3574 3290 3749 3358 διατηρεῖ

559 3390 882 3448 conservet,
931 3394 1191 3456 sexcenta
1221 3386 1454 3457 hujusce
1496 3384 1576 3440 rei
1620 3385 1940 3441 testimonia
1980 3401 2138 3455 repe-

531 3473 694 3529 rias.
724 3472 862 3529 Nam
890 3474 961 3531 ob
979 3475 1306 3541 Abrahami,
1339 3475 1509 3532 Isaaci
1536 3482 1591 3530 et
1612 3472 1801 3530 Jacobi
1825 3473 2101 3546 justitiam
2119 3513 2136 3541 ,

557 3565 822 3637 populum
854 3581 921 3621 ex
952 3567 1020 3623 iis
1049 3575 1240 3638 postea
1266 3574 1520 3623 exortum
1549 3566 1839 3623 vocatione
1883 3572 1939 3623 et
1978 3580 2140 3637 pecu-

557 3656 683 3712 li‘ari
730 3658 1070 3729 providentia
1109 3660 1370 3734 dignatus
1408 3666 1515 3716 est.
1552 3658 1693 3714 Jehu
1732 3666 1916 3714 autem
1960 3672 2139 3729 usque

557 3745 933 3819 adquartam
981 3752 1391 3820 generationem
1451 3765 1683 3821 regnum
1741 3749 2135 3815 conservavit,

538 3836 775 3895 etiamsi
805 3853 916 3893 non
964 3839 1191 3895 omnino
1236 3840 1436 3912 pietate
1478 3840 1743 3912 praditus
1781 3848 1974 3909 esset;
2007 3842 2137 3911 quia

554 3930 614 3985 in
646 3931 916 4003 principio
948 3934 1099 4005 regni
1134 3935 1219 3990 sui
1249 3935 1491 3990 studium
1520 3950 1652 4006 erga
1678 3933 1851 3991 Deum
1877 3935 2137 3992 exhibue-

554 4032 661 4078 rat.
684 4023 916 4080 Mirabili
938 4040 1068 4081 vero
1095 4024 1283 4081 Davidi
1310 4028 1693 4083 inexstinctam
1720 4026 2020 4084 custodivit
2041 4044 2134 4100 ge-

553 4114 705 4171 neris
729 4116 1020 4173 scintillam
1039 4155 1056 4185 ,
1083 4119 1185 4174 etsi
1208 4119 1362 4190 impii
1387 4120 1543 4174 multi
1571 4120 1714 4175 inter
1739 4120 1859 4190 ejus
1884 4126 2134 4191 posteros

553 4208 732 4261 exorti
761 4208 890 4263 sint.
917 4206 1174 4265 Dominus
1204 4212 1260 4271 in
1289 4212 1417 4265 cazlo
1443 4213 1651 4281 paravit
1684 4212 1927 4267 thronum
1952 4228 2129 4277 suum,

552 4307 603 4350 et
660 4314 876 4368 regnum
924 4301 1089 4369 ipsius
1132 4302 1375 4357 omnibus
1422 4303 1806 4359 dominabitur.
1859 4306 2133 4362 Accurate

551 4386 759 4443 dictum
792 4398 906 4454 est,
939 4391 1181 4446 omnibus
1210 4391 1615 4458 dominabitur;
1645 4394 1741 4450 sed
1777 4408 1887 4449 non
1912 4434 1927 4461 ,
1962 4398 2131 4449 omni-

551 4479 648 4532 bus
678 4478 1018 4547 dominatur,
1050 4483 1181 4553 quia
1223 4498 1333 4537 non
1360 4497 1552 4539 omnes
1586 4483 1739 4555 digni
1788 4491 1918 4540 sunt
1959 4500 2129 4553 regno

550 4570 720 4625 illius.
768 4571 1137 4638 Quamobrem
1173 4574 1243 4629 iis
1271 4576 1366 4645 qui
1396 4576 1769 4647 evangelicam
1802 4576 1968 4630 vitam
2004 4576 2125 4631 exi-

548 4669 723 4731 gunt,
783 4678 1013 4732 regnum
1063 4664 1331 4721 cmlorum
1383 4662 1635 4720 Salvator
1682 4664 1965 4735 pollicitus
2016 4671 2121 4719 est.

548 4754 673 4807 Alio
721 4753 851 4808 item
898 4754 1239 4825 intelligendi
1291 4770 1442 4810 more
1486 4756 1743 4812 omnibus
1787 4754 2124 4817 dominatur,

550 4842 717 4897 etiam
760 4840 828 4898 iis
865 4844 960 4914 qui
1006 4861 1174 4915 regno
1220 4846 1485 4901 caelorum
1530 4846 1740 4917 indigni
1778 4854 1907 4903 sunt
1955 4848 2127 4918 impe-

550 4950 683 4990 rans
716 4953 730 5003 ;
761 4945 1032 5008 quatenus
1062 4952 1259 5007 nempe
1287 4937 1531 4993 omnium
1561 4937 1825 4995 Dominus
1854 4944 1958 4994 est.

620 5111 788 5169 Vens.
830 5114 919 5170 20.
961 5115 1263 5170 Benedicite
1282 5116 1529 5184 Domino,
1563 5136 1740 5173 omnes
1769 5118 1944 5190 angeli
1969 5118 2085 5188 ejus
2105 5158 2121 5183 ,

544 5216 783 5274 potentes
810 5209 1006 5265 virtute
1027 5249 1042 5276 ,
1087 5211 1337 5280 facientes
1367 5214 1581 5268 verbum
1610 5213 1760 5267 illius
1787 5211 1857 5265 ad
1900 5211 2122 5265 audien-

545 5299 672 5353 dam
701 5317 876 5357 uocem
904 5319 1206 5359 sermonum
1231 5305 1367 5375 ejus.
1402 5305 1667 5377 Superius
1694 5304 1912 5376 quidem
1944 5302 2123 5375 Spiri-

547 5396 686 5449 ritus
716 5394 936 5451 divinus
973 5398 1210 5454 hominis
1242 5398 1482 5452 animam
1518 5400 1583 5453 ad
1618 5400 1917 5469 gratiarum
1950 5399 2123 5456 actio-

546 5501 672 5540 nem
704 5494 759 5542 et
792 5487 1229 5545 benedictionem
1263 5489 1359 5545 Dei
1396 5490 1661 5545 invitabat
1692 5490 1883 5547 dicens
1904 5531 1917 5555 ,
1956 5492 2123 5546 Bene-

545 5578 633 5631 dic
658 5619 674 5644 ,
705 5581 886 5635 anima
914 5599 1052 5647 mea,
1083 5583 1341 5649 Domino;
1372 5599 1518 5639 nunc
1546 5591 1749 5645 autem,
1779 5586 1906 5655 quia
1936 5584 2121 5641 throni

549 5667 646 5725 Dei
685 5678 742 5725 et
786 5672 1090 5728 crelestium
1136 5676 1521 5743 mansionum,
1570 5692 1707 5748 quas
1751 5675 2119 5749 dignis-Deus

617 5824 662 5857 “
701 5823 852 5880 Joan.
893 5841 1002 5891 ην,
1039 5830 1127 5884 2t.

2194 5648 2197 5651 _
2228 5582 2384 5649 Θεοῦ,
2420 5584 2629 5653 φάσκον
2648 5596 2662 5610 ο
2698 5584 2970 5652 Εὺλόγει,
3000 5583 3038 5651 ὴ
3065 5584 3235 5653 ψυχή
3254 5602 3388 5654 μου,
3411 5579 3505 5635 τὸν
3524 5578 3707 5643 Κύρων.

2242 3384 2342 3457 τὴν
2394 3385 2507 3449 τοῖς
2567 3384 2852 3457 προγόνοις
2901 3384 3256 3457 ὀφειλομένην
3325 3386 3425 3457 τῆς
3482 3380 3746 3445 δικαιοσύνης

2242 3477 2533 3544 ἀντίδοσιν,
2579 3478 2748 3549 μυρία
2781 3477 2847 3532 ἂν
2893 3478 3074 3551 εὕροις
3122 3478 3423 3550 μαρτύρια.
3454 3476 3543 3531 Διὰ
3568 3475 3654 3545 γὰρ

2238 3568 2334 3623 τοῦ
2376 3568 2627 3642 Ἀϐραὰμ
2674 3567 3040 3641 δικαιοσύνην,
3089 3570 3183 3624 καὶ
3226 3569 3328 3642 τὴν
3368 3568 3461 3622 τοῦ
3493 3566 3649 3621 Ἰσαὰκ
3683 3562 3743 3616 καὶ

2252 3661 2467 3727 Ἰακὼϐ,
2500 3662 2592 3717 τὸν
2637 3662 2697 3728 ἐξ
2734 3662 2913 3717 αὐτῶν
2953 3662 3125 3733 φύντα
3173 3662 3319 3734 μετὰ
3349 3662 3514 3716 ταῦτα
3538 3660 3641 3713 λαὸν
3677 3654 3741 3722 τῆς

2238 3752 2483 3825 κλήσεως
2512 3752 2609 3808 καὶ
2644 3754 2745 3823 τῆς
2783 3754 2987 3818 οἰκείας
3020 3754 3329 3825 ἐπισκοπῆς
3360 3752 3632 3823 κατηξίωςε
3652 3765 3664 3777 ⁸
3690 3763 3740 3809 τω

2251 3845 2392 3917 Ἰηοῦ
2416 3846 2579 3917 μέχρι
2594 3845 2861 3917 τετάρτης
2882 3846 3077 3914 γενεᾶς
3104 3845 3201 3915 τὴν
3219 3844 3493 3916 βασιλείαν
3516 3843 3735 3911 τετήρηγλ,

2238 3937 2416 3992 καίτοι
2443 3936 2577 4008 μηδὲ
2608 3936 2818 3990 τελείαν
2840 3936 3167 4007 κτησαμένῳ
3184 3936 3485 3997 εὐσέϐειαν,
3514 3933 3607 3985 ἀλλ’
3631 3931 3673 3980 ὲν

2235 4028 2378 4099 ἀρχῇ
2425 4027 2525 4098 τῆς
2577 4025 2852 4096 βασιλείας
2906 4025 3300 4096 ὲπιδειξαμένῳ
3350 4026 3439 4077 τὸν
3491 4023 3648 4092 ἥλω·
3686 4012 3735 4080 τῷ

2236 4118 2505 4189 θεσπεσίῳ
2536 4116 2716 4182 Δαυῒδ,
2757 4116 3020 4171 ἄσϐεστον
3067 4118 3304 4187 ἐτήρησε
3350 4116 3438 4170 τὸν
3486 4112 3567 4167 τοῦ
3604 4112 3733 4174 γένους

2238 4210 2531 4282 σπινθῆρα,
2573 4209 2667 4262 καὶ
2698 4208 2871 4262 ταῦτα
2899 4207 3105 4261 πολλῶν
3148 4208 3426 4261 δυσσεϐῶν
3453 4209 3506 4259 ὲν
3540 4204 3658 4275 μέσῳ
3678 4198 3732 4267 βξ·

2240 4302 2638 4372 ϐλαπηκὸτων.
2672 4300 2887 4369 Κύριος
2918 4300 2988 4353 ἐν
3026 4299 3105 4365 τῷ
3130 4299 3365 4368 οίιρανῷ
3390 4299 3641 4367 ἡτοᾲιασε
3664 4294 3730 4343 τέν

2234 4395 2453 4463 θρόνον
2500 4393 2710 4454 αὐτοῦ,
2764 4393 2859 4445 καὶ
2913 4393 2951 4460 ἡ
2997 4391 3290 4455 ,βασιλεία
3341 4389 3518 4444 αὐτοῦ
3559 4385 3731 4440 πάντων

2235 4485 2543 4539 δεσπόσει.
2599 4482 2864 4555 Ἀκριϐὧς
2886 4482 2943 4535 δὲ
2974 4482 3035 4535 τὸ
3059 4480 3303 4535 πάντων
3322 4480 3604 4539 δεσπόσει,
3626 4475 3721 4541 sipr-

2231 4593 2344 4642 ται,
2394 4574 2509 4628 ἀλλ’
2555 4576 2639 4640 οὐ,
2687 4574 2929 4628 πάντων·
2972 4572 3241 4634 δεσπόζει
3263 4590 3276 4603 ·
3330 4575 3447 4626 ἐπεὶ
3489 4571 3553 4642 μὴ
3589 4567 3728 4621 πάντες

2234 4667 2377 4732 ἄξιοι
2404 4668 2729 4737 τυγχάνουσι
2761 4667 2860 4737 τῆς
2906 4666 3074 4719 αὐτοῦ
3120 4666 3413 4736 βασιλείας.
3457 4664 3537 4717 Διὸ
3560 4665 3645 4720 τοῖς
3668 4656 3723 4707 τὶν

2232 4755 2585 4824 εὐαγγελικὸν
2617 4754 2939 4826 κατορθοῦσι
2979 4754 3094 4825 βίον
3119 4756 3218 4827 τὴν
3249 4756 3359 4809 τῶν
3386 4752 3598 4827 οὐρανῶν
3625 4748 3725 4817 βαπ-

2232 4843 2382 4903 λείαν
2428 4846 2456 4898 ὁ
2509 4845 2696 4917 Σωτὴρ
2752 4845 3132 4915 ἐπηγγείλατο.
3184 4848 3441 4911 Δεσπόζει
3482 4844 3530 4897 δὲ
3572 4840 3722 4894 πάντων

2231 4934 2353 4989 καθ’
2384 4935 2575 5007 ἑτέραν
2614 4936 2856 4990 ἐπίνοιαν
2889 4936 2983 4989 καὶ
3014 4934 3122 4990 τῶν
3150 4936 3381 5001 ἀναξίων
3408 4937 3496 5006 τῆς
3521 4928 3723 5004 βασιλείας

2231 5028 2395 5084 αὐτοῦ
2432 5028 2671 5101 κρατῶν,
2698 5023 2787 5082 οἷα
2816 5028 2879 5100 δὴ
2908 5030 3126 5083 πάντων
3148 5029 3371 5101 Κύριος.
3836 5064 3837 5105 ι

2296 5119 2616 5189 Εὑλογεῖτε
2658 5120 2765 5173 τὸν
2804 5120 3041 5188 Κύριον,
3082 5120 3304 5187 πάντες
3343 5123 3395 5175 ol
3436 5119 3631 5187 ἄγγελοι
3650 5111 3721 5161 αὐ-

2230 5212 2358 5277 τοῦ,
2390 5211 2634 5266 δυνατοὶ
2668 5212 2854 5281 ἰσχύϊ,
2887 5213 3201 5279 ποιοῦντες
3237 5214 3345 5268 τὸν
3382 5216 3549 5281 λόγον
3569 5200 3713 5262 αὐτοῦ,

2230 5306 2336 5358 τοῦ
2357 5304 2618 5360 ἀκοῦσαι
2648 5303 2758 5371 τῆς
2793 5304 2999 5374 φωνῆς
3024 5303 3142 5358 τῶν
3162 5308 3358 5375 λόγων
3382 5303 3565 5358 αὑτοῦ.
3602 5299 3713 5349 Ἀνω-

2229 5398 2373 5470 τέρω
2402 5398 2500 5469 μὲν
2528 5398 2588 5451 τὸ
2619 5396 2759 5450 θεῖον
2792 5397 3011 5467 Πνεῦμα
3042 5397 3137 5469 τὴν
3180 5398 3274 5451 τοῦ
3304 5395 3561 5469 ἀνθρώπου
3593 5386 3713 5458 ᾧυχῆν

2228 5490 2411 5543 ἐκάλει
2453 5490 2546 5543 ἐπὶ
2589 5489 2688 5561 τὴν
2729 5491 3076 5562 εὐχαριστίαν
3125 5494 3218 5545 καὶ
3262 5493 3358 5562 τὴν
3406 5486 3617 5555 εὐλογίαν
3650 5495 3709 5529 τω

2226 5676 2321 5733 νῦν
2364 5677 2443 5743 δὲ,
2494 5678 2681 5751 ἐπειδὴ
2722 5676 2814 5731 τοῦ
2863 5676 3051 5749 θρόνου
3092 5677 3186 5731 τοῦ
3229 5675 3357 5733 Θεοῦ
3400 5669 3705 5745 ἐμνημόνευσεν

2727 5907 2731 5911 ,
2744 5885 2777 5909 ο
