3964 6530
285 342 447 402 1269

1403 350 1903 407 COMMENTARIA
1944 353 2009 408 IN
2050 354 2383 414 PSALMOS.

3428 374 3559 427 1'27.)

291 466 398 519 καὶ
430 464 538 520 τῶν
568 466 833 539 οὐρανίων
877 467 1188 542 διατριϐῶν,
1233 471 1299 536 ἃς
1337 475 1448 536 τοῖς
1475 474 1648 541 ἀξίοις
1689 476 1718 527 ὁ
1758 474 1867 528 Gabi

1992 481 2318 548 praeparavit
2342 519 2356 544 ,
2384 482 2711 539 mentionem
2738 485 2865 541 fecit
2885 528 2900 553 ,
2929 489 3218 545 admodum
3249 507 3558 560 congruen-

287 556 589 631 ἡτοίμασε,
623 561 824 633 σφόδρα
852 562 1158 628 ἀκολούθως
1179 567 1300 629 ταῖς
1324 566 1593 639 οὐρανίοις
1621 567 1883 638 δυνάμεσι

287 651 621 723 συγχαίρειν
660 655 726 723 τῇ
779 653 883 724 τῆς
931 654 1110 726 ψυχῆς
1150 658 1392 729 σωτηρίᾳ
1425 659 1882 730 παρακελεύεται,

277 743 439 798 κατά
478 744 570 799 τὸν
603 747 869 817 σωτήριον
900 747 1057 817 λόγον
1090 749 1342 821 φήσαντα
1368 751 1539 823 χαρὰν
1569 752 1788 807 ἔσεσθαι
1826 756 1884 808 ἐν

273 834 365 906 τῷ
416 836 635 909 οὐρανῷ
681 838 774 891 ἐπὶ
822 838 904 892 ἑνὶ
954 840 1263 913 ἁμαρτωλῷ
1320 843 1669 914 μετανοοῦντι
1688 862 1703 877 ο
1748 844 1884 900 ἀλλὰ

274 928 383 982 καὶ
424 931 505 994 εἰς
560 929 710 995 τέλος
758 930 881 1001 άγει
925 932 1024 1004 τὴν
1080 933 1369 1007 ἀνθρώπου
1417 936 1595 1009 ψυχὴν
1642 939 1737 993 καὶ
1784 939 1882 1003 τὰς

273 1020 577 1092 οὐρανίους
608 1022 871 1095 δυνάμεις
892 1040 907 1055 ·
943 1024 1008 1081 τὸ
1044 1025 1153 1097 γὰρ
1182 1028 1313 1081 αὐτὸ
1357 1028 1457 1100 τῆς
1504 1030 1754 1100 εὐλογίας
1786 1031 1881 1102 ἔρ-

273 1128 383 1180 γον
428 1114 724 1189 καὶταύτῃ
760 1116 1036 1182 κάκείνοις
1072 1118 1372 1174 ἐπιτάττει.
1418 1121 1671 1175 durarat
1688 1123 1879 1192 ἰσχύϊ,

271 1204 608 1272 ποιοῦντες
660 1207 767 1267 τόν
813 1209 1001 1277 λόγον
1050 1209 1259 1273 αὑτοῦ,
1302 1208 1410 1263 τοῦ
1462 1210 1720 1265 ἀκοῦσαι
1770 1209 1880 1278 τῆς

272 1296 497 1366 φωνῆς
530 1297 649 1351 τῶν
668 1302 868 1369 ,λόγων
886 1301 1096 1356 αὐτοῦ.
1124 1302 1205 1354 Τά
1225 1301 1326 1372 μὲν
1343 1301 1483 1355 κατά
1515 1303 1595 1365 σὲ,
1616 1303 1800 1372 φησὶν,
1834 1297 1878 1355 ὦ

270 1387 473 1460 ψυχὴ,
526 1391 805 1455 ἐξασθενεῖ
859 1392 995 1464 πρὸς
1047 1393 1109 1446 τὸ
1160 1396 1280 1447 κατ’
1334 1394 1490 1459 ἀξίαν
1552 1396 1740 1465 ὑμνεῖν
1786 1395 1878 1448 τὸν

268 1481 453 1537 Θεόνσ
487 1484 553 1538 ὲκ
588 1484 787 1555 μέρους
816 1483 874 1538 δὲ
914 1486 1063 1556 ὅμως
1096 1485 1253 1539 τοῦτο
1289 1488 1452 1541 ποίει.
1507 1487 1643 1541 "laet
1677 1487 1757 1552 δὲ,
1797 1489 1878 1541 ὃτι

236 1559 325 1630 ὀἰ
375 1574 599 1643 ἄγγελοι
626 1576 814 1641 αὐτοῦ,
842 1576 1057 1631 δυνατοὶ
1094 1577 1238 1649 ἰσχύϊ
1278 1580 1449 1645 ὄντες,
1484 1579 1578 1633 καὶ
1604 1579 1877 1634 ἀδιαπτιῦ-

267 1681 392 1728 τως
420 1666 512 1719 τὸν
556 1666 713 1735 λόγον
747 1667 909 1721 αὐτοῦ
943 1667 1243 1733 ποιοῦντες,
1276 1669 1415 1734 ἄξιοί
1446 1688 1504 1723 τε
1532 1670 1750 1725 ἀκούειν
1776 1670 1876 1741 τῆς

270 1757 474 1826 φωνῆς
513 1758 678 1811 αὐτοῦ
729 1759 961 1813 καὶτῶν
991 1760 1166 1831 λόγων
1210 1760 1397 1826 αὐτοῦ,
1434 1763 1755 1833 πρεπόντως
1781 1763 1875 1815 καὶ

270 1852 409 1903 κατ’
427 1850 584 1917 ἀξίαν
620 1851 932 1920 εὐλογοῦσιν
968 1853 1149 1906 αὐτόν.
1174 1853 1236 1905 Εἰ
1265 1854 1323 1907 δὲ
1349 1856 1445 1907 καὶ
1480 1857 1537 1907 ὲν
1563 1854 1873 1926 ἀνθρώποις

269 1937 394 1998 εἶέν
428 1960 573 2005 τινες
598 1943 688 1995 τὸν
724 1944 1005 2013 ἰσάγγελον
1039 1944 1151 2015 βίον
1191 1946 1599 2018 μετερχόμενοι,
1642 1947 1737 2001 ἂτε
1776 1947 1873 2017 τὴν

268 2036 469 2090 εἰκόνα
517 2036 611 2089 τοῦ
658 2038 981 2109 ἐπουρανίου
1027 2037 1339 2110 φοροῦντες,
1379 2039 1653 2109 ἰσχύοντες
1683 2041 1740 2094 δὲ
1782 2042 1875 2097 καὶ

268 2128 441 2181 αὐτοὶ
475 2131 644 2181 ποιεῖν
676 2129 766 2182 τὸν
798 2129 954 2198 λόγον
980 2129 1168 2195 αὐτοῦ,
1198 2130 1293 2184 καὶ
1322 2130 1539 2187 δυνατοί
1565 2132 1664 2203 τῆς
1692 2134 1875 2205 φωνῆς

268 2220 452 2275 αὐτοῦ
486 2221 803 2285 ὑπακούειν,
835 2221 978 2276 κατά
1013 2223 1103 2276 τὸν
1134 2224 1415 2294 φήσαντα·
1447 2223 1651 2278 Πάντα
1686 2226 1875 2293 ἰσχύω

268 2313 346 2365 ἐν
381 2311 463 2378 τῷ
493 2312 931 2383 ἐνδυναμοῦντί
957 2332 1055 2382 με.
1107 2316 1217 2371 Καὶ.
1261 2309 1429 2378 οῦτοι,
1471 2317 1747 2386 ἰσάγγελοι
1789 2317 1875 2370 ὃν·

266 2422 391 2469 τες,
444 2406 834 2475 εὐλογείτωσαν
879 2408 1063 2462 αὐτὸν.
1114 2409 1321 2480 Μηδεὶς
1367 2411 1424 2464 δὲ
1453 2410 1561 2465 τῶν
1594 2410 1871 2482 παραϐαι-

265 2495 482 2551 νόντων
513 2499 603 2552 τὸν
649 2499 804 2568 λόγον
824 2500 999 2553 αὐτοῦ
1028 2502 1120 2555 καὶ
1168 2503 1588 2573 παρακουόντων
1627 2503 1726 2573 τῆς
1757 2520 1871 2572 φω-

267 2588 373 2659 νῆς
400 2588 589 2653 αὐτοῦ,
626 2590 1062 2662 προπετέστερον
1097 2591 1350 2663 τολμάτω
1379 2590 1538 2645 τοῦτο
1566 2595 1759 2648 ποιεῖν.

342 2680 673 2751 Ε’ὺλογεῒτε
714 2682 822 2735 τὸν
863 2683 1100 2751 Κύριον,
1132 2682 1322 2738 πᾶσαι
1359 2687 1417 2738 αἰ
1446 2683 1733 2753 δυνάμεις
1760 2686 1868 2739 αὐ.-

266 2773 407 2839 τοῦ,
460 2774 795 2844 λειτουργοὶ
840 2775 1049 2841 αὐτοῦ,
1082 2776 1398 2842 ποιοῦντες
1442 2777 1514 2830 τὰ
1567 2776 1872 2847 θελήματα

263 2866 490 2923 αὐτοῦ.
508 2866 566 2919 '0
592 2867 689 2937 μὲν
712 2866 893 2933 Δαυῖδ,
922 2868 1219 2940 ἐπειδήπερ
1242 2868 1350 2921 εἰσὶ
1380 2870 1475 2921 καὶ
1498 2869 1869 2939 ἀντικείμεναι

264 2959 560 3029 δυνάμεις,
597 2958 803 3030 σφόδρα
842 2959 1159 3029 ἀναγκαίως
1191 2960 1443 3031 ἐπιφέρει
1482 2959 1569 3013 τό·
1606 2963 1872 3027 λειτουρ-

266 3050 366 3122 γοί
398 3048 615 3115 αὐτοῦ,
649 3052 959 3118 ποιοῦντες
996 3050 1069 3106 τὰ
1097 3052 1404 3122 θελήματα
1428 3052 1635 3114 αὐτοῦ,
1657 3052 1871 3115 δεικνὺς

1995 577 2079 624 ter
2120 571 2377 628 caelestes
2422 574 2653 631 virtutes
2689 577 2847 646 jubet
2878 581 3071 635 animae
3116 584 3279 638 saluti
3320 602 3561 657 congau-

1993 659 2160 726 dere,
2193 664 2492 719 secundum
2532 667 2637 722 hoc
2680 666 2985 727 Salvatoris
3032 673 3272 739 dictum,
3315 677 3557 741 scilicet,

1988 753 2248 821 gaudium
2285 755 2401 811 fore
2432 758 2488 813 in
2519 760 2660 815 ctelo
2694 776 2860 831 super
2905 780 3014 818 uno
3056 776 3339 835 peccatore
3387 772 3563 840 pmni-

1986 848 2211 904 tentiam
2260 859 2455 922 agente
2508 853 2550 885 ³¹
2585 872 2599 908 :
2630 853 2727 909 sed
2775 857 2939 911 etiam
2985 875 3107 913 cum
3157 862 3394 918 hominis
3442 865 3561 918 ani-

1984 954 2169 1006 mam,
2204 948 2320 995 tum
2359 944 2611 1002 cmlestes
2642 948 2879 1003 virtutes
2911 950 2965 1003 in
3016 950 3177 1005 ﬁnem
3222 955 3366 1022 agit:
3416 955 3559 1010 idem

1984 1031 2131 1085 enim
2162 1033 2521 1091 benedicendi
2551 1054 2752 1095 munus
2785 1047 2897 1094 tam
2932 1042 3045 1108 illi,
3079 1061 3241 1113 quam
3275 1047 3396 1102 istis
3424 1064 3561 1117 pra:-

1984 1124 2197 1179 scribit.
2231 1125 2479 1183 Potentes
2511 1131 2732 1195 uirtute,
2762 1132 3012 1199 facientes
3042 1135 3249 1189 rerbum
3281 1139 3462 1201 illius,
3492 1140 3561 1193 ad

1958 1217 2307 1273 -audienaam
2353 1239 2523 1276 vocem
2563 1241 2861 1279 sermonum
2893 1228 3027 1298 ejus.
3066 1228 3221 1294 Quod
3258 1230 3324 1285 ad
3357 1242 3407 1286 te
3436 1250 3559 1302 spe-

1983 1316 2130 1375 etat,
2166 1325 2200 1364 o
2227 1314 2439 1377 anima,
2493 1317 2765 1372 imbecilla
2814 1319 3140 1391 inﬁrmaque
3179 1338 3238 1376 es
3282 1323 3347 1376 ad
3392 1322 3560 1377 Deum

1986 1416 2085 1469 pro
2116 1402 2381 1471 dignitate
2413 1407 2839 1463 celebrandum:
2906 1420 3143 1465 attamen
3188 1413 3239 1466 id
3283 1429 3348 1467 ex
3407 1425 3561 1484 parte

1982 1494 2321 1563 exsequeris.
2368 1495 2521 1553 Scito
2556 1508 2737 1555 autem
2772 1503 2997 1572 angelos
3024 1504 3180 1572 ejus,
3214 1520 3336 1559 cum
3370 1516 3562 1575 poten—

1983 1591 2068 1640 tes
2090 1588 2297 1643 virtute
2319 1590 2429 1644 sint
2450 1630 2464 1654 ,
2489 1600 2541 1646 et
2572 1592 2946 1649 indesinenter
2968 1597 3190 1650 verbum
3220 1598 3311 1652 Dei
3335 1597 3559 1664 faciant,

1980 1677 2240 1750 dignique
2268 1682 2378 1737 sint
2402 1683 2495 1753 qui
2521 1699 2708 1739 vocem
2739 1696 2789 1741 et
2818 1702 3124 1744 sermonem
3150 1692 3269 1759 ejus
3298 1694 3522 1747 audiant
3544 1734 3559 1754 ,

1980 1774 2238 1829 decenter
2268 1791 2331 1829 ac
2358 1777 2625 1847 condigne
2659 1779 2760 1847 ipsi
2795 1780 3138 1839 benedicere.
3173 1785 3328 1849 Quod
3362 1787 3406 1840 si
3439 1790 3561 1855 qui-

1978 1866 2101 1920 dam
2141 1867 2283 1922 inter
2329 1868 2581 1926 homines
2612 1871 2722 1926 sint
2751 1874 2845 1942 qui
2883 1874 3046 1927 vitam
3084 1878 3343 1946 angelica:
3375 1892 3556 1947 parem

1980 1956 2197 2020 ineunt,
2226 1967 2414 2029 utpote
2432 1962 2527 2031 qui
2553 1964 2843 2035 imaginem
2870 1968 3113 2023 cmlestis
3135 1970 3557 2035 circumferant,

1976 2064 2041 2102 ac
2073 2050 2175 2119 ipsi
2213 2067 2434 2121 quoque
2479 2055 2711 2109 verbum
2734 2056 2855 2125 ejus
2892 2060 3117 2128 exsequi
3152 2068 3205 2114 et
3234 2076 3421 2116 vocem
3455 2078 3556 2115 au-

1975 2140 2099 2197 dire
2118 2143 2336 2197 valeant
2358 2182 2373 2209 ,
2400 2145 2706 2201 secundum
2740 2163 2863 2203 eum
2897 2151 2993 2220 qui
3020 2151 3152 2205 dicit
3172 2192 3185 2215 ,
3222 2151 3414 2207 Omnia
3442 2170 3558 2223 pos-

1974 2250 2093 2287 sum
2145 2235 2200 2287 in
2244 2251 2305 2290 eo
2342 2238 2432 2307 qui
2478 2255 2560 2293 me
2593 2240 2861 2309 confortat
2894 2242 2995 2309 ³²;»
3020 2243 3072 2297 bi
3103 2259 3321 2314 quoque
3344 2245 3555 2315 angelis

1979 2340 2138 2393 pares
2168 2340 2293 2380 cum
2320 2329 2464 2393 sint,
2484 2330 2807 2385 benedicant
2834 2333 2904 2387 ei.
2932 2333 3101 2388 Nemo
3130 2343 3310 2390 autem
3337 2352 3552 2402 eorum,

1975 2419 2068 2487 qui
2102 2420 2329 2474 verbum
2364 2421 2484 2489 ejus
2516 2426 2997 2495 transgrediuntur
3027 2443 3099 2481 ac-
3131 2430 3251 2484 voci
3283 2430 3411 2498 ejus
3442 2434 3557 2485 non

1976 2510 2382 2581 obtemperant,
2412 2523 2615 2569 temere
2646 2517 2749 2571 hoc
2774 2531 2933 2589 agere
2960 2531 3274 2589 praesumat.
3526 2534 3531 2539 '

2046 2685 2211 2744 Vsus.
2247 2689 2338 2755 21,
2366 2690 2457 2745 22.
2500 2691 2799 2748 Benedicite
2828 2693 3075 2762 Domino,
3118 2715 3294 2754 omnes
3335 2702 3554 2757 virtutes

1971 2780 2109 2847 ejus,
2146 2783 2381 2836 ministri
2417 2784 2554 2852 ejus,
2591 2788 2681 2855 qui
2710 2789 2888 2856 facitis
2919 2788 3212 2844 voluntates
3238 2792 3371 2860 ejus.
3406 2793 3555 2859 Quo.

1974 2872 2119 2926 niam
2160 2873 2487 2930 adversaria:
2511 2892 2731 2948 quoque
2762 2880 2991 2935 virtutes
3028 2890 3177 2947 sunt,
3228 2883 3353 2938 ideo
3381 2884 3552 2939 David

1973 2966 2305 3021 necessario
2340 2967 2473 3021 illud
2504 2969 2715 3037 adjicit,
2772 2971 3004 3025 ministri
3047 2975 3184 3041 ejus,
3227 2977 3317 3044 qui
3371 2976 3550 3045 facitis

1974 3054 2268 3110 voluntates
2300 3056 2414 3125 ejus
2439 3073 2457 3109 :
2488 3056 2776 3114 declarans
2819 3074 2958 3128 quas
3008 3068 3061 3115 et
3090 3061 3399 3129 cujusmodi
3440 3064 3554 3116 vir—

266 3148 431 3211 τίνας
458 3145 706 3217 βούλεται
727 3145 820 3199 καὶ
847 3144 1037 3208 ὁποίας
1054 3144 1313 3216 δυνάμεις
1333 3145 1573 3212 εὐλογεῖν
1600 3144 1691 3199 τὸν
1713 3145 1865 3198 Θεόν·

1975 3155 2121 3202 tutes
2166 3146 2275 3202 Deo
2313 3148 2638 3204 benedicere
2688 3151 2818 3206 velit
2854 3169 2867 3205 :
2899 3167 3010 3207 non
3087 3167 3278 3209 omnes
3326 3155 3547 3225 quippe,

266 3243 354 3295 ὅτι
392 3239 474 3312 μὴ
505 3239 707 3303 πάσας,
745 3238 880 3310 μηδὲ
925 3237 1025 3302 τὰς
1072 3238 1339 3304 ἐναντίας,
1368 3237 1504 3292 ἀλλά
1562 3238 1720 3308 μόνος
1767 3238 1865 3302 τὰς

269 3332 439 3399 ἀξίας
488 3332 588 3395 τὰς
639 3332 698 3385 ὲν
739 3330 1019 3402 διαφόροις
1043 3330 1229 3395 τάξεσι
1252 3330 1667 3402 λειτουργούσας
1698 3330 1865 3401 αὐτῷ,

268 3428 391 3497 ’ήτοι
430 3423 693 3487 ποιούσας
718 3422 884 3477 αὐτοῦ
914 3423 976 3476 τὸ
1015 3423 1246 3495 θέλημα.
1280 3424 1599 3495 Λειτουργοὶ
1624 3426 1731 3496 γάρ
1762 3427 1866 3479 είσι

269 3514 410 3569 Θεοῦ
436 3515 693 3585 δυνάμεις
715 3512 1080 3583 ὐπερητοῦσαι
1101 3513 1251 3584 αὐτῷ
1272 3515 1351 3577 εἰς
1372 3514 1407 3568 ἃ
1430 3515 1674 3584 βούλεται
1698 3522 1867 3569 ποιεῖν

269 3606 339 3659 δι’
368 3604 556 3659 αὐτῶν
584 3605 671 3657 ἐπ’
700 3604 993 3675 εὐεργεσία
1024 3605 1118 3657 καὶ
1143 3603 1381 3676 ὠφελείᾳ
1410 3607 1640 3669 παντός·
1668 3607 1749 3659 διὸ
1774 3608 1867 3663 καὶ
1914 3621 1921 3627 ·

272 3701 456 3753 ποιεῖν
496 3697 566 3750 τά
610 3697 891 3768 θελήματα
918 3696 1083 3751 αὐτοῦ
1116 3697 1383 3769 εἴρηνται.
1412 3699 1728 3768 Εὐλογεῖτε
1760 3699 1869 3753 τὸν

275 3793 520 3861 Κύριον,
550 3789 747 3843 πάντα
766 3789 839 3843 τὰ
869 3789 1013 3858 ἔργα
1037 3789 1329 3855 αὐτοῦ,ὲν
1360 3792 1538 3845 παντί
1566 3792 1728 3857 τόπῳ
1759 3792 1868 3859 τῆς

273 3884 638 3947 δεσποτείας
660 3882 867 3935 αὐτοῦ.
896 3882 1233 3951 noueram
1266 3883 1435 3953 ψυχή
1460 3901 1602 3952 μου,
1630 3884 1737 3937 τὸν
1754 3885 1869 3938 Κύ-

265 3974 513 4043 ριον.Ἡ
546 3973 645 4043 τῆς
678 3972 1001 4036 ἀκολουθίας
1044 3972 1253 4029 διάνοια
1299 3974 1488 4028 τοῦτον
1530 3974 1705 4029 ἔοικεν
1736 3976 1868 4029 ὐπο-

275 4064 499 4117 6άλλειν
538 4063 629 4115 τὸν
676 4061 800 4115 νοῦν
820 4079 833 4092 ⁸
866 4062 930 4116 Εἰ
963 4062 1063 4135 μὲν
1092 4061 1335 4131 ἀγγέλων
1367 4059 1457 4134 ἦν,
1487 4065 1640 4135 φησί,
1685 4066 1864 4135 μόνον,

275 4156 373 4212 καὶ
419 4155 582 4210 Θείων
630 4155 913 4226 δυνάμεων
950 4156 1044 4209 καὶ
1076 4156 1342 4228 οὐρανίων
1372 4156 1701 4227 λειτουργῶν
1730 4157 1863 4210 θεοῦ

273 4249 338 4303 τὸ
366 4248 611 4316 εὐλογεῖν
640 4248 825 4312 αὐτὸν,
860 4248 1039 4311 καλῶς
1056 4247 1122 4301 ἂν
1148 4246 1311 4319 εἶχες,
1338 4242 1382 4301 ὦ
1412 4248 1577 4321 ψυχὴ,
1606 4250 1866 4304 ὑποστέλ-

272 4343 467 4398 λεσθαι
503 4341 721 4413 ἑαυτὴν,
742 4343 854 4405 τοῖς
886 4342 1157 4411 κρείττοσι
1181 4340 1584 4412 παραχωροῦσα
1600 4340 1696 4411 τὴν
1718 4341 1865 4393 εὐλο-

274 4433 405 4505 γίαν
424 4450 436 4462 °
474 4433 658 4503 ἐπειδὴ
681 4433 738 4485 δὲ
764 4433 792 4485 ό
827 4431 971 4495 θεῖος
994 4432 1151 4501 λόγος
1182 4434 1318 4485 πᾶσι
1347 4434 1459 4494 τοῖς
1492 4431 1672 4501 ἔργοις
1698 4432 1862 4485 αὐτοῦ

1976 3254 2155 3308 neque
2186 3239 2567 3309 adversarias;
2605 3242 2701 3298 sed
2726 3243 2902 3298 solum
2937 3259 3033 3300 eas
3055 3259 3177 3313 quae
3199 3244 3376 3315 dignae
3396 3256 3547 3309 sunt,

1972 3338 2025 3385 et
2049 3330 2216 3386 variis
2246 3331 2534 3389 ordinibus
2559 3334 2665 3404 ipsi
2695 3335 3029 3398 ministrant,
3061 3336 3176 3391 sive
3198 3352 3317 3408 qua:
3342 3337 3553 3393 faciunt

1969 3424 2312 3480 voluntatem
2356 3424 2498 3495 ejus.
2544 3425 2680 3481 Nam
2727 3427 2970 3484 ministri
3010 3428 3104 3484 Dei
3155 3439 3283 3485 sunt
3319 3432 3550 3486 virtutes

1970 3516 2076 3585 ipsi
2108 3517 2177 3571 ad
2219 3517 2474 3587 qualibet
2502 3534 2732 3573 munera
2775 3534 2876 3588 pro
2921 3520 3188 3576 beneﬁcio
3216 3530 3272 3576 et
3318 3523 3551 3578 utilitate

1971 3608 2218 3663 universi
2252 3608 2631 3664 ministrantes
2663 3629 2675 3663 ε
2704 3626 2876 3679 quare
2901 3613 3212 3668 voluntates
3237 3614 3358 3683 ejus
3391 3630 3552 3670 exse-

1970 3700 2062 3769 qui
2100 3700 2380 3755 dicuntur.
2407 3701 2709 3755 Benedicite
2742 3702 2996 3769 Domino,
3018 3706 3198 3758 omnia
3228 3720 3385 3773 opera
3411 3706 3547 3775 ejus,

1969 3795 2025 3847 in
2046 3795 2191 3847 omni
2215 3794 2329 3847 loco
2362 3792 2746 3847 dominationis
2774 3794 2912 3862 ejus.
2937 3794 3185 3862 Benedic,
3208 3798 3545 3861 animarmea,

1974 3884 2221 3940 Domino.
2254 3882 2381 3938 Haec
2410 3882 2575 3938 seriei
2599 3897 2753 3938 mens
2777 3891 2831 3938 et
2861 3885 3132 3938 sententia
3156 3885 3372 3941 videtur
3388 3902 3546 3942 esse:

1975 3976 2033 4031 Si
2063 3975 2405 4045 angelorum,
2437 3974 2639 4044 inquit,
2682 3974 3049 4039 solummodo,
3091 3976 3400 4031 divinarum
3434 3977 3549 4031 vir-

1971 4076 2172 4131 tutum,
2197 4068 2617 4135 cmlestiumque
2651 4064 2748 4121 Dei
2776 4065 3157 4121 ministrorum
3190 4066 3425 4122 oﬂicium
3458 4083 3551 4123 es-

1971 4168 2054 4216 set
2078 4160 2183 4231 ipsi
2213 4159 2558 4225 benedicere,
2599 4168 2747 4213 recte
2775 4173 3051 4227 posses,_o
3089 4160 3292 4221 anima,
3328 4168 3381 4214 te
3408 4174 3545 4214 corv-

1969 4252 2164 4314 tinere,
2191 4267 2255 4306 ac
2284 4257 2337 4306 te
2361 4250 2680 4305 melioribus
2701 4248 3139 4304 benedictionem
3165 4248 3391 4316 cedere;
3416 4250 3547 4319 quia

1969 4358 2100 4398 vero
2140 4343 2363 4397 divinus
2397 4356 2579 4397 sermo
2601 4341 2821 4395 cunctis
2852 4340 2976 4409 ejus
3005 4342 3265 4411 operibus
3294 4342 3545 4411 przecipit

1970 4444 2029 4491 ut
2062 4435 2295 4491 Domino
2331 4435 2693 4502 benedicant;
2730 4451 2829 4506 par
2854 4444 2934 4489 est
2965 4435 3112 4487 enim
3142 4448 3359 4487 omnem
3390 4449 3548 4489 crea-

275 4526 525 4596 εὐλογεῖν
546 4526 635 4579 τὸν
654 4525 860 4597 Κύριον
880 4527 1206 4597 προστάττει
1228 4542 1240 4554 ·
1269 4527 1535 4599 προσήκει
1560 4526 1664 4596 γὰρ
1682 4528 1861 4579 πᾶσαν

1975 4536 2146 4582 turam
2198 4542 2300 4596 pro
2350 4526 2629 4590 facultate,
2684 4531 3076 4594 congruentem
3122 4522 3233 4576 Deo
3284 4523 3544 4592 hymnum

275 4619 373 4693 τὴν
424 4619 601 4672 κτίσιν
649 4617 788 4671 κατὰ
833 4617 931 4689 τὴν
978 4618 1146 4689 αὐτῆς
1189 4618 1414 4689 δύναμιν
1446 4618 1537 4672 τὸν
1584 4618 1861 4689 πρέποντα

279 4712 452 4785 ῦμνον
478 4710 787 4765 ἀποδιδόναι
815 4709 891 4780 τῷ
923 4709 1041 4781 Θεῷ
1059 4728 1071 4740 ·
1108 4710 1159 4763 τί
1193 4710 1425 4781 μέλλεις,
1450 4704 1497 4762 ὦ¹
1518 4710 1661 4781 ψυχή
1685 4727 1700 4776 ;
1730 4712 1863 4780 Οὐχί⁹

278 4803 373 4857 καὶ
402 4802 565 4873 αὐτὴ,
600 4800 694 4853 ἂτε
747 4799 905 4867 ἔργον
954 4801 1053 4851 οὐκ
1100 4799 1573 4871 εὐκαταφρόνητον
1604 4796 1734 4851 οὖσα
1768 4797 1859 4850 τοῦ

280 4896 443 4960 Θεοῦ,
472 4894 606 4948 ἀλλά
636 4892 757 4946 κατ’
786 4890 965 4945 εἰκόνα
991 4890 1182 4944 ἑαυτοῦ
1219 4892 1581 4961 πεποιημένη,
1604 4891 1859 4961 ἀνεγείρῃ

284 4988 517 5058 σεαυτὴν
563 4988 655 5039 ἐπὶ
700 4986 799 5057 τὴν
844 4982 1121 5052 Θεολογίαν
1160 4983 1251 5035 καὶ
1284 4984 1654 5051 εὐλογίανλτοῦ
1686 4983 1858 5046 Θεοῦ;

295 5080 515 5150 Ἐπειδὴ
546 5081 578 5148 ἡ
605 5077 888 5131 δεσποτεία
916 5077 1101 5141 αὐτοῦ,
1139 5079 1276 5133 κατὰ
1302 5076 1363 5128 τὸ
1386 5076 1693 5147 εἰρημένον,
1727 5078 1863 5131 πάν-

283 5191 388 5225 των
408 5170 681 5235 δεσπόζει,
713 5168 1000 5240 οὐρανίων,
1020 5168 1295 5233 ἐπιγείων,
1324 5168 1710 5237 καταχθονίων,
1730 5167 1861 5221 ἀκο-

284 5263 488 5325 λούθως
530 5259 707 5313 πάντα
734 5260 801 5311 τὰ
829 5258 964 5330 ἔργα
996 5256 1183 5323 αὐτοῦ,
1217 5257 1291 5321 ὡς
1326 5256 1389 5311 ἂν
1425 5257 1529 5309 ὐπὸ
1566 5256 1663 5327 τὴν
1697 5257 1859 5309 αὐτοῦ

284 5351 596 5406 δεσποτείαν
620 5350 768 5414 ὄντα,
792 5349 862 5401 τὰ
904 5348 1192 5419 σύμπαντα
1220 5346 1349 5418 γάρ,
1381 5348 1532 5418 φησί,
1563 5346 1723 5401 δοῦλα
1772 5347 1858 5411 σά,

284 5443 358 5509 ὡς
391 5446 691 5515 ποιήματα,
721 5442 1008 5510 εὐλογείτω
1058 5442 1238 5494 αὐτόν.
1271 5442 1380 5494 Καὶ
1428 5440 1541 5504 πῶς
1583 5441 1860 5509 εὐλογοῦσι

285 5534 356 5588 τὰ
378 5536 545 5604 ἄλογα
577 5536 671 5588 καί
699 5535 766 5587 τά
792 5534 1009 5603 ἀψυχα,
1058 5534 1145 5596 Ὠς
1167 5534 1384 5604 οὐρανοὶ
1425 5534 1735 5606 διηγοῦνται
1779 5533 1861 5587 δό-

290 5626 385 5694 ξαν
425 5627 557 5681 Θεοῦ
578 5668 593 5693 ,
625 5627 841 5691 πάντως
871 5628 991 5679 ἀντὶ⁸
1026 5626 1210 5695 φωνῆς
1248 5625 1506 5698 χρώμενα
1533 5631 1597 5699 τῇ
1633 5629 1750 5699 ὄψει
1781 5630 1860 5693 εἰς

360 5804 401 5836 ⁸⁸
442 5805 574 5862 Luc.
612 5823 699 5873 xv,
740 5807 789 5860 7.
867 5807 909 5837 ⁸²
951 5806 1181 5877 Philipp.
1222 5824 1293 5874 tv,
1334 5808 1422 5862 15.

1965 4617 2237 4680 emittere,
2267 4616 2399 4685 quid
2436 4615 2737 4677 cunctaris,
2760 4629 2794 4668 o
2826 4614 3044 4667 anima?
3083 4611 3338 4682 Nunquid
3380 4620 3547 4668 etiam

1969 4711 2108 4776 ipsa,
2135 4714 2331 4775 utpote
2356 4720 2495 4774 opus
2520 4703 2613 4758 Dei
2641 4720 2749 4757 non
2782 4702 3173 4773 spernendum,
3209 4703 3303 4758 sed
3320 4704 3385 4758 ad
3408 4705 3547 4758 ima-

1970 4802 2150 4871 ginem
2184 4800 2305 4869 ejus
2340 4799 2565 4861 factum,
2600 4797 2945 4866 temetipsam
2987 4798 3195 4854 excitas
3231 4798 3298 4851 ad
3327 4799 3565 4855 divinas,

1966 4892 2157 4946 laudes
2179 4898 2233 4945 et
2266 4891 2333 4945 ad
2369 4888 2799 4943 benedicendum
2827 4887 2970 4941 Deo?
2999 4887 3266 4953 Quoniam
3300 4889 3545 4943 domina-

1967 4984 2042 5037 Iio
2072 4983 2215 5052 ejus,
2261 4990 2320 5035 ut
2352 4982 2559 5034 dictum
2593 4988 2698 5042 est,
2735 4981 2989 5034 omnibus
3033 4981 3264 5049 imperat
3304 4981 3544 5036 caelesti-

1969 5077 2093 5140 bus,
2143 5075 2497 5130 terrestribus
2548 5082 2602 5127 et.
2650 5073 2912 5138 infernis;
2963 5074 3085 5126 ideo
3141 5074 3324 5127 omnia
3376 5090 3543 5144 opera

1965 5170 2107 5240 ejus,
2152 5176 2341 5237 utpote
2367 5166 2540 5236 ipsius
2574 5164 2933 5218 dominationi
2972 5162 3211 5228 subdita,
3243 5163 3345 5231 ipsi
3377 5163 3543 5216 bene-

1965 5264 2170 5317 dieant.
2201 5260 2340 5314 Nam
2362 5259 2567 5324 omnia,
2606 5258 2803 5327 inquit,
2839 5256 2933 5309 tibi
2964 5256 3399 5323 subdita,utpote
3422 5254 3542 5322 Opi-

1969 5354 2093 5408 ticia
2120 5362 2236 5417 tua,
2268 5350 2593 5407 benedicere
2621 5349 2717 5404 tibi
2748 5349 2965 5403 debent.
3000 5345 3065 5397 Et
3088 5345 3362 5415 quomodo
3384 5344 3543 5399 bene-

1964 5446 2151 5501 dicant
2178 5444 2579 5499 irrationabilia
2609 5450 2662 5497 et
2695 5440 3035 5495 inanimata?
3076 5439 3195 5505 Quo
3226 5436 3387 5492 modo
3414 5438 3539 5492 cadi

1964 5549 2223 5593 enarrant
2253 5538 2483 5609 gloriam
2512 5536 2626 5601 Dei,
2668 5536 2757 5604 qui
2789 5549 2921 5589 sane
2966 5538 3263 5602 conspectu
3301 5546 3402 5587 suo
3435 5545 3539 5593 ceu

1966 5649 2118 5700 voce,
2170 5633 2236 5688 ad
2276 5629 2636 5688 exhibendam
2668 5627 2765 5684 Dei
2794 5626 3051 5681 virtutem
3097 5632 3328 5680 utuntur
3356 5644 3368 5680 :
3398 5628 3540 5679 unde
