3964 6528
242 346 391 403 1273
458 414 463 415 γ
1369 352 1804 409 ΕΟΜΜΕΝΤᾹΒ

1915 355 1982 411 ΙΝ
2022 355 2360 415 ΡεΑιιιοε.
3364 359 3501 415 19.76

239 469 591 538 φεύξονται,
638 468 753 523 ἀπὸ
797 469 998 539 φωνῆς
1043 469 1313 539 ,βροντῆς
1343 485 1463 527 σου
1495 471 1810 527 δειλιάσουι

1937 478 2047 530 trui
2084 478 2169 530 tui
2193 476 2572 546 formidabunt.
2610 476 2909 531 Ascendunt
2953 483 3151 530 montes
3198 483 3247 529 et
3291 474 3505 530 descen-

238 577 368 615 σιν.
390 562 842 617 Ἀναΰαίνουσιν
877 563 1006 632 ὅρη,
1046 565 1145 618 καὶ
1186 565 1613 620 καταϐαίνουσι
1650 566 1810 621 πεδιό

1931 570 2064 623 dunt
2102 571 2278 639 campi
2310 570 2363 623 in
2407 570 2578 623 locum
2604 586 2751 639 quem
2792 567 3029 637 fundasti
3055 569 3153 622 eis.
3202 567 3513 639 Terminum'

237 653 330 717 είς
371 654 563 705 τόπον
590 652 662 706 ὃν
693 655 1092 723 ἐθεμελίωσας
1132 657 1559 726 αὐτοῖς.”οριον
1602 658 1763 717 ἔθου.
1794 661 1810 713 ἰ

1930 660 2176 727 posuisti,
2214 676 2365 728 quem
2417 676 2519 713 non
2565 659 3041 729 transgredientur,
3086 675 3246 729 neque
3291 674 3504 713 conuer-

238 745 314 798 οὺ
358 747 859 812 παρελεύσονται,
901 746 1045 800 οὐδὲ
1083 748 1519 817 ἐπιστρέψουσι
1557 752 1827 819 καλῦψαι

236 836 358 905 τὴν
388 836 527 907 γῆν.
545 837 600 889 '0
645 836 1113 901 ἐξαυτοστέλλων
1148 840 1343 909 πηγὰς
1388 842 1458 893 ὲν
1504 841 1822 911 φάραγξιν,

236 928 359 983 ἀνὰ
384 929 581 998 μέσον
612 927 731 981 τῶν
769 928 953 996 ὀρέων
1001 928 1415 984 διελεύσονται
1464 932 1674 986 ὕδατα.
1710 936 1827 985 Πο-

232 1019 441 1074 τιοῦσι
469 1020 667 1074 πάντα
693 1022 765 1075 τὰ
789 1022 965 1090 θηρία
996 1021 1103 1075 τοῦ
1132 1022 1337 1090 ἀγροῦ,
1388 1023 1825 1090 προσδέξονται

231 1113 482 1185 ὅναγροι
523 1118 611 1180 εις
648 1116 837 1185 δίψαν
881 1116 1234 1173 αὺτῶν.Ὲπ⁴
1270 1118 1423 1173 αὐτὰ
1468 1118 1543 1172 τὰ
1585 1125 1825 1174 πετεινὰ

228 1205 343 1261 τοῦ
388 1208 655 1277 οὐρανοῦ
701 1208 1178 1277 κατασκηνώσει,
1218 1209 1289 1263 ἐκ
1325 1208 1522 1279 μέσου
1565 1210 1685 1263 τῶν
1728 1227 1825 1263 πε-

228 1298 397 1367 τρῶν
454 1301 721 1357 δώσουσι
777 1301 1007 1372 φωνήν.
1066 1302 1325 1364 Ποτιζων
1384 1302 1493 1372 ὅρη
1563 1303 1633 1357 ἐκ
1702 1302 1825 1358 τῶν

228 1391 522 1459 ὑπερῴων
564 1394 772 1448 αὐτοῦ.
809 1394 963 1449 Ἐπεὶ
1008 1395 1105 1448 καὶ
1149 1396 1451 1467 ἀρχόμενος
1504 1394 1717 1463 ἔλεγεν*
1760 1395 1823 1448 '0

224 1484 536 1554 στεγάζω·
581 1487 651 1539 ἐν
697 1486 868 1541 ὕδατι
922 1487 995 1542 τὰ
1042 1488 1285 1557 ὑπερῷα
1335 1488 1521 1543 αὐτοῦ
1547 1504 1562 1520 ο
1590 1488 1685 1542 νῦν
1719 1505 1823 1559 φη-

227 1591 318 1628 σιο
373 1577 637 1638 Ποτίζων
681 1578 789 1649 ὄρη
840 1580 909 1634 ἐκ
952 1580 1075 1635 τῶν
1118 1580 1401 1649 ὑπερῴων
1448 1598 1564 1635 σου
1590 1596 1604 1611 ο
1644 1583 1693 1634 εί
1744 1583 1819 1653 μή

222 1685 305 1740 τῳ
364 1669 522 1738 φίλον
574 1671 800 1744 ὑπερῷα
852 1673 948 1729 τοῦ
1004 1672 1141 1727 Θεοῦ
1199 1675 1277 1738 ὡς
1340 1674 1470 1746 παρ’
1504 1672 1669 1728 αὑτοῦ
1721 1692 1819 1727 πε-

222 1762 509 1831 ποιημένα
554 1762 646 1815 τὸν
690 1764 829 1836 ἀέρα
869 1768 1031 1830 νοεῖν,
1057 1768 1171 1829 τοῖς
1199 1766 1386 1835 νέφεσι
1421 1766 1819 1838 περιϐαλλόμε-

1931 759 2107 804 tentur
2132 751 2332 818 operire
2368 758 2583 806 terram.
2615 750 2719 816 Qui
2748 751 2944 805 emittis
2969 752 3136 819 fontes
3164 752 3217 804 in
3250 750 3504 804 convalli-

1927 841 2044 906 bus,
2069 844 2207 896 inter
2235 842 2465 896 medium
2494 845 2749 897 montium
2771 844 3164 912 pertransibunt
3194 859 3363 913 aquae.
3394 842 3503 895 Po-

1929 934 2117 987 tabuut
2170 952 2348 990 omnes
2396 935 2581 990 bestia:
2621 936 2760 1007 agri,
2804 934 3177 1001 exspectabant
3220 937 3406 1006 onagri
3448 937 3503 989 in

1927 1026 2018 1079 siti
2072 1042 2193 1081 sua.
2231 1024 2399 1094 Super
2450 1044 2515 1081 ea
2578 1028 2811 1083 uolucres
2862 1028 2982 1082 caeli
3028 1026 3380 1091 habitabant,
3440 1028 3505 1082 de

1926 1116 2100 1170 medio
2165 1128 2434 1185 petrarum
2512 1118 2711 1172 dabunt
2772 1136 2968 1174 uocem.
3040 1118 3237 1190 Riguus
3301 1131 3503 1173 montes

1933 1207 1999 1261 de
2052 1208 2413 1277 superioribus
2480 1211 2612 1263 suis.
2680 1210 2818 1276 Quia
2879 1212 3032 1281 prius
3095 1212 3346 1277 dixerat,
3396 1210 3504 1278 Qui

1925 1301 2053 1368 tegis
2082 1316 2220 1370 aqua
2252 1301 2526 1368 superiora
2554 1302 2704 1365 eius;
2734 1302 2825 1356 hic
2856 1303 2954 1370 ait,
2985 1301 3182 1374 Riguus
3213 1314 3413 1357 montes
3440 1304 3504 1357 de

1922 1388 2283 1456 superioribus
2337 1390 2463 1445 tuis.
2494 1388 2613 1445 Nisi
2666 1392 2821 1445 malit
2866 1394 2991 1462 quis
3047 1393 3332 1464 superiora
3379 1390 3500 1458 Dei,

1921 1482 2081 1551 quasi
2109 1482 2176 1536 ab
2204 1498 2271 1536 eo
2301 1490 2618 1537 constructa
2644 1499 2825 1539 aerem
2852 1486 3092 1541 nubibus
3121 1487 3383 1541 amictum
3420 1488 3505 1542 in-

1920 1574 2190 1644 telligere.
2226 1574 2368 1630 Deus
2409 1576 2593 1647 itaque
2626 1585 2839 1633 montes
2879 1588 2933 1633 et
2962 1594 3185 1649 campos
3213 1580 3308 1650 qui
3336 1580 3392 1634 in
3421 1580 3505 1636 eis

1922 1676 2070 1729 sunt,
2101 1676 2157 1721 et
2195 1668 2508 1721 universam
2543 1669 2809 1739 reliquam
2844 1680 3045 1724 terram
3088 1671 3247 1739 rigat,
3293 1686 3403 1726 non
3435 1685 3504 1725 ex

1925 1758 2170 1814 fontibus
2199 1759 2552 1823 convallium,
2592 1775 2769 1830 neque
2806 1776 2873 1815 ex
2906 1761 3222 1817 ﬂuminibus
3256 1777 3377 1833 quae
3406 1776 3504 1832 per

220 1827 591 1919 νονίῘῙοτίζει
620 1827 910 1929 τοιγαροῦν
939 1861 968 1913 6
994 1827 1128 1923 Θεὸς
1152 1827 1222 1912 τὰ
1248 1827 1351 1931 δίρη
1379 1861 1475 1914 καὶ
1497 1827 1576 1913 ’τά
1606 1861 1667 1913 ὲν
1698 1827 1810 1913 τού-

1924 1860 2124 1906 terram
2174 1851 2443 1915 deﬂuunt,
2475 1852 2570 1908 sed
2604 1853 2673 1908 de
2727 1854 3105 1923 superioribus
3139 1856 3255 1910 suis
3290 1855 3503 1926 pluvias

220 1960 342 2007 τοις
367 1945 529 1999 πεδία
556 1947 658 2018 τήν
689 1965 750 2000 τε
779 1947 975 2021 λοιπὴν
1010 1950 1301 2021 σύμπασαν
1323 1952 1429 2022 γῆν
1459 1951 1559 2005 οὑκ
1583 1951 1692 2004 ἀπὸ
1711 1952 1820 2005 τῶν

215 2036 246 2083 ὖ
317 2038 444 2101 ταῖς
476 2038 715 2111 φάραγξι
741 2041 956 2111 πηγῶν,
984 2042 1093 2095 οὐδ’
1122 2043 1229 2096 ἀπὸ
1260 2043 1369 2097 τῶν
1386 2042 1699 2114 φερομένων
1718 2061 1819 2096 κα-

226 2128 290 2182 τὰ
324 2129 437 2199 γῆς
472 2132 755 2203 ποταμῶν,
792 2133 907 2187 ἀλλ’
927 2134 1034 2187 ἀπὸ
1053 2133 1161 2188 τῶν
1186 2134 1450 2206 ὑπερῴων
1476 2135 1643 2189 αὑτοῦ
1682 2136 1820 2190 ἀνω-

220 2218 317 2273 θεν
338 2221 435 2290 ἀφ’
450 2220 617 2291 ὕψους
644 2225 770 2289 τοὺς
794 2226 1088 2295 αὐτάρκεις
1106 2228 1199 2283 καὶ
1228 2229 1676 2301 μεμετρημένους
1699 2232 1820 2283 ἐπι-

217 2312 484 2382 χορηγῶν
515 2315 999 2389 ὑετούς.⁹Υπερῷα
1044 2318 1101 2371 δὲ
1150 2318 1286 2372 Θεοῦ
1330 2320 1420 2375 τὸν
1465 2321 1603 2393 ἀέρα
1639 2321 1815 2385 καλεῖ,

217 2402 482 2476 καθάπερ
535 2406 628 2459 ἐπὶ
674 2408 803 2476 μιᾶς
840 2409 1016 2473 οἰκίας
1049 2408 1143 2462 τοῦ
1193 2410 1392 2474 παντὸς
1439 2411 1814 2484 κόσμου.Ὄρη

219 2494 325 2566 μέν
361 2496 503 2551 εἰσιν
529 2499 580 2551 οἱ
609 2502 1045 2574 πνευματοφόροι
1076 2503 1268 2575 ἄνδρες
1291 2519 1305 2533 ·
1331 2502 1643 2567 ποτίζονται
1670 2504 1728 2558 δὲ
1751 2506 1816 2558 ἐκ

216 2583 330 2639 τῶν
365 2586 634 2658 ὑπερῴων
671 2589 836 2643 αὑτοῦ
876 2591 969 2645 τοῦ
992 2590 1148 2655 Θεοῦ,
1180 2591 1547 2663 πληρούμενοι
1576 2592 1686 2647 τῶν
1718 2592 1813 2647 τοῦ

218 2677 545 2749 Πνεύματος
592 2683 968 2753 χαρισμάτων,
998 2684 1159 2753 λόγου
1194 2687 1387 2756 σοφίας
1420 2685 1517 2740 καὶ
1545 2686 1653 2740 τῶν
1688 2686 1814 2759 ἑξῆς

214 2772 995 2848 ἁπηριθμημένων.Ὑπερ,ιξ›α
1038 2778 1095 2831 δὲ
1148 2778 1307 2843 Θεοῦ,
1350 2779 1442 2847 ἀφ’
1476 2771 1551 2832 ὧν
1599 2779 1670 2832 τὰ
1711 2779 1812 2849 ὅρη

214 2863 457 2929 ποτίζει,
484 2867 808 2937 ἀκραιφνεῖς
840 2870 937 2924 καλ⁸
969 2869 1409 2941 ὑπερϐάλλουσαι
1450 2870 1675 2941 θεωρίαι
1713 2871 1814 2939 τῆς

211 2954 482 3026 ἀληθείας
510 2960 859 3028 τυγχάνουσι,
892 2959 1118 3031 ὑπερῷα
1153 2960 1504 3031 καλούμεναι,
1538 2959 1617 3030 τῷ
1647 2960 1813 3031 μηδὲν

210 3050 388 3113 αὑτὰς
443 3050 1159 3121 ὑπεραναᾶϐηκέναι.Ὰπὸ
1204 3053 1436 3121 καρποῦ
1478 3052 1597 3106 τῶν
1621 3054 1813 3123 ἔργων

1921 1958 1989 1998 ex
2026 1944 2139 1999 alto
2180 1943 2513 2000 subicientes
2570 1960 2636 2000 ac
2684 1946 2999 2003 moderatas
3050 1947 3498 2003 subministrans.

1924 2037 2223 2108 Superiora
2255 2046 2436 2092 autem
2475 2036 2572 2093 Dei
2606 2049 2766 2094 vocat
2798 2054 3007 2105 aerem,
3037 2039 3103 2095 de
3138 2047 3253 2094 toto
3295 2040 3505 2093 mundo

1919 2129 2080 2199 quasi
2107 2127 2175 2183 de
2202 2128 2367 2182 domo
2393 2127 2631 2198 quadam
2658 2131 2823 2185 verba
2862 2131 3094 2187 faciens.
3128 2129 3341 2186 Montes
3382 2131 3505 2200 qui-

1918 2225 2042 2280 dem
2085 2234 2216 2281 sunt
2260 2224 2577 2295 spirituales
2627 2224 2732 2278 viri
2767 2243 2782 2280 :
2812 2223 2869 2278 bi
2896 2231 3079 2277 autem
3109 2222 3409 2293 irrigantur
3437 2223 3507 2276 de

1919 2318 2301 2389 superioribus
2348 2316 2525 2388 ipsius
2574 2315 2692 2381 Dei,
2747 2315 2988 2386 Spiritus
3023 2316 3199 2371 sancti
3227 2314 3388 2369 donis
3417 2328 3504 2368 re-

1917 2412 2071 2482 pleti,
2100 2410 2355 2468 videlicet
2404 2424 2661 2465 sermone
2701 2408 3002 2478 sapientiae,
3054 2407 3374 2476 caeterisque
3415 2422 3504 2460 reo

1915 2504 2166 2559 censitis.
2207 2502 2506 2572 Superiora
2536 2517 2666 2557 vero
2695 2499 2812 2563 Dei,
2847 2501 2915 2555 de
2952 2500 3152 2571 quibus
3189 2509 3401 2554 montes
3427 2499 3504 2552 ir-

1914 2596 2079 2667 rigat,
2138 2606 2268 2653 sunt
2315 2596 2579 2653 sublimes
2622 2609 2687 2649 ac
2732 2593 2946 2650 eximia:
2977 2593 3226 2648 veritatis
3256 2599 3504 2646 contem-

1913 2688 2207 2757 plationes,
2232 2702 2356 2757 qua:
2391 2685 2679 2756 superiora
2711 2690 3002 2747 vocantur,
3031 2682 3180 2753 quod
3211 2682 3348 2737 nihil
3378 2682 3502 2737 illas

1915 2776 2289 2832 transcendat.
2345 2776 2421 2830 De
2480 2776 2659 2845 fructu
2700 2791 2914 2845 operum
2958 2786 3168 2829 tuorum
3214 2772 3503 2828 satiabitur

1916 2878 2078 2923 terra.
2137 2868 2260 2937 Ipse
2304 2882 2543 2936 namque
2589 2866 2748 2931 dixit,
2802 2864 3067 2920 Germinet
3102 2873 3244 2919 terra
3280 2862 3499 2916 herbam

1912 2960 2019 3029 feni
2051 2970 2099 3014 et
2128 2960 2326 3030 lignum
2356 2960 2693 3029 fructiferum
2714 2959 2915 3028 faciens
2947 2958 3181 3027 fructum
3201 2959 3267 3021 ³⁷,
3296 2964 3349 3012 et
3375 2958 3501 3012 reli-

1911 3067 2040 3123 qua.
2081 3050 2160 3105 Ex
2192 3049 2323 3107 Jesu
2359 3051 2619 3121 operibus
2644 3066 2742 3121 per
2767 3049 3128 3105 meonomiam
3157 3049 3343 3115 editis,
3378 3066 3499 3120 qua:

210 3158 329 3195 σου
381 3141 872 3210 χορτασθήσεται
906 3143 947 3212 ή
984 3142 1082 3213 7'11”.
1116 3144 1289 3208 Αὐτὸς
1316 3145 1425 3216 γὰρ
1458 3141 1579 3198 εἷπε
1599 3162 1613 3176 ·
1654 3149 1810 3199 Βλα-

1913 3145 2101 3200 multis
2152 3144 2430 3201 fructibus
2493 3144 2769 3199 instructa
2821 3153 2972 3209 sunt,
3037 3145 3294 3199 universa
3350 3153 3499 3199 terra

208 3230 504 3299 στησάτω
532 3234 570 3301 ἠ
596 3231 671 3302 τῆ
691 3232 966 3302 βοτάνην
989 3235 1229 3304 χόρτου,
1247 3236 1347 3291 καί
1376 3237 1570 3301 ξύλον
1599 3236 1808 3307 κάρπι-

1915 3237 2171 3302 satiatur,
2204 3237 2479 3307 particeps
2507 3251 2697 3291 eorum
2739 3251 2860 3307 quae
2887 3251 2918 3291 a
2949 3234 3078 3293 Jesu
3108 3236 3245 3292 adeo
3273 3236 3499 3291 mirabi-

203 3341 324 3392 μον
352 3323 579 3380 ποιοῦν
598 3326 850 3394 καρπὸν,
868 3327 962 3380 καὶ
985 3327 1052 3381 τά
1072 3328 1218 3399 ἑξῆς.
1237 3330 1331 3382 Ἐκ
1349 3329 1456 3382 τῶν
1472 3329 1645 3400 Ἰησοῦ
1669 3330 1808 3384 κατὰ

1913 3330 2039 3384 liter
2077 3336 2387 3399 perpetrata
2442 3336 2569 3384 sunt
2604 3347 2617 3382 :
2652 3328 2741 3382 hic
2798 3328 2943 3383 enim
3008 3327 3221 3383 fructus
3270 3344 3496 3397 operum

207 3416 305 3487 τὴν
338 3417 659 3487 οἰκονομίαν
682 3419 1063 3489 ἐργων,πολὺν
1096 3422 1310 3493 καρπὸν
1334 3422 1588 3493 ἐχόντων,
1620 3423 1809 3478 ἆπασα

1913 3422 2031 3489 ejus
2053 3429 2158 3475 est.
2190 3420 2257 3474 Et
2282 3421 2500 3491 quidem
2523 3437 2706 3476 sermo
2735 3421 2803 3476 de
2826 3421 3087 3491 Operibus
3113 3420 3410 3476 creationis
3441 3428 3497 3473 et

206 3512 239 3579 ἡ
267 3511 341 3581 γῆ
373 3512 729 3582 χορτάζεται,
752 3516 1242 3587 μεταλαμϐάνουσα
1266 3517 1376 3569 τῶν
1403 3516 1545 3569 οὑτω
1575 3516 1809 3586 παραδό-

1913 3511 2268 3582 providentiae
2320 3512 2519 3583 ipsius,
2549 3528 2649 3567 ceu
2708 3511 2922 3567 fructus
2974 3527 3200 3582 operum
3233 3510 3330 3566 Dei
3373 3527 3496 3567 esse

208 3600 313 3666 ξως
344 3603 462 3656 ὑπὸ
486 3603 661 3675 Ἰησοῦ
694 3609 1077 3677 γεγενημένων
1096 3625 1110 3639 ·
1146 3602 1302 3672 οὗτος
1328 3608 1437 3679 γὰρ
1462 3609 1672 3678 καρπὸς
1699 3608 1807 3660 τῶν

1913 3603 2243 3663 intellectus,
2307 3608 2511 3657 terram
2573 3602 2828 3668 satiabit;
2892 3617 3086 3671 nempe
3141 3602 3391 3657 homines
3438 3602 3495 3656 in

206 3693 386 3764 ἔργων
422 3694 587 3747 αὑτοῦ
607 3696 886 3766 τυγχάνει.
908 3699 1017 3752 Καὶ
1044 3700 1072 3751 6
1098 3699 1254 3768 λόγος
1284 3700 1342 3753 δὲ
1374 3702 1401 3754 6
1429 3701 1556 3770 περὶ
1585 3698 1694 3753 τῶν
1720 3699 1810 3770 ἔρ-

1913 3706 2059 3751 terra
2091 3701 2393 3751 versantes.

208 3802 321 3854 γων
347 3788 451 3857 τῆς
482 3787 844 3859 δημιουργίας
867 3792 959 3843 καὶ
990 3792 1243 3862 προνοίας
1276 3792 1441 3846 αὑτοῦ
1495 3792 1728 3863 νοηθεὶς,
1765 3786 1853 3844 οἶα
1908 3789 2120 3861 καρπὸς
2167 3788 2345 3859 ἔργων
2391 3787 2526 3841 Θεοῦ
2569 3788 2874 3857 τυγχάνων,
2911 3788 3164 3859 χορτάσει
3204 3785 3300 3857 τὴν
3348 3785 3449 3855 γῆν
3473 3803 3488 3817 ο

212 3882 358 3950 φημὶ
382 3880 447 3952 δὴ
470 3882 599 3945 τοὺς
628 3884 722 3935 ὲπί
748 3884 849 3954 τῆς
877 3885 983 3955 γῆς
1008 3886 1381 3958 διατρίϐοντας
1410 3886 1748 3959 ἀνθρώπους.

315 3999 358 4048 0
380 3995 806 4059 ἐξανατέλλων
819 4002 1035 4069 χόρτον
1049 4002 1172 4068 τοῖς
1195 4003 1462 4073 κτήνεσι,
1482 4003 1581 4057 καὶ
1604 4005 1797 4074 χλόην

1980 3997 2147 4054 Vens.
2200 3996 2287 4061 Μ,
2340 3997 2427 4052 15.
2475 3991 2778 4050 Producens
2802 3996 2979 4064 fenum
2999 3997 3258 4058 jumentis
3293 4005 3340 4050 et
3367 3996 3490 4052 Iter-

207 4086 284 4154 τῇ
309 4086 560 4155 δουλείᾳ
586 4086 705 4141 τῶν
742 4091 1087 4158 ἀνθρώπων,
1118 4096 1227 4149 τοῦ
1270 4096 1585 4166 ἐξαγαγεῖν
1622 4097 1805 4165 ἄρτον

1913 4090 2024 4145 bam
2052 4091 2293 4145 servituti
2334 4090 2627 4152 hominum,
2673 4100 2729 4141 ut
2775 4087 2969 4142 educas
3004 4103 3189 4156 panem
3218 4088 3285 4142 de
3315 4101 3487 4153 terra;

206 4184 275 4237 ἐκ
296 4180 408 4247 τῆς
425 4179 560 4249 γῆς·
581 4181 679 4233 καὶ
697 4178 1178 4253 οἷνοςεὺρραίνει
1192 4189 1446 4256 καρδίαν
1462 4190 1799 4258 ἀνθρώποισι,

1913 4196 1947 4238 ει
1978 4186 2154 4238 vinum
2190 4183 2429 4245 lwtiﬁcat
2466 4199 2557 4236 cor
2580 4183 2829 4245 hominis,
2860 4192 2914 4236 et
2942 4188 3159 4236 αιτιοι-α.
3193 4181 3283 4234 Ait
3312 4197 3341 4234 a
3370 4183 3491 4252 plu-

207 4276 303 4327 xui.
339 4274 409 4328 τά
440 4273 586 4345 ἑξῆς.
622 4272 812 4343 Εἶπεν,
844 4277 925 4330 ὅτι
968 4279 1077 4331 ἀπὸ
1115 4278 1207 4331 τοῦ
1242 4280 1400 4333 ὑετοῦ
1434 4283 1627 4335 κτᾶται
1663 4283 1799 4355 πλη-

1913 4278 1986 4332 ria
2022 4277 2328 4333 satietatem
2369 4286 2530 4331 terra:
2560 4276 2762 4346 parari,
2795 4274 2906 4330 Deo
2942 4290 3112 4345 aquas
3141 4290 3209 4330 ex
3238 4274 3377 4329 mari
3402 4290 3489 4331 re-

209 4365 413 4437 σμονὴν
442 4368 477 4437 ἡ
504 4366 597 4438 γῆ,
619 4368 713 4420 τοῦ
739 4368 875 4423 Θεοῦ
903 4371 1268 4443 ἐργαζομένου
1298 4374 1396 4445 τὴν
1427 4377 1491 4428 ἐκ
1523 4376 1797 4447 θαλάσσης

1913 4370 2155 4425 lucente.
2186 4368 2393 4425 Deinde
2422 4369 2629 4423 indicat
2670 4369 2957 4423 utilitatem
2996 4368 3121 4421 hinc
3150 4381 3484 4437 promanan-

205 4456 315 4509 τῶν
345 4456 558 4509 ὑδάτων
582 4458 893 4532 ἀναγωγήν.
926 4457 1059 4516 Εἶτα
1214 4442 1464 4519 ἐντεῦθεν
1482 4442 1794 4523 ὑποδείκνυ-

1913 4478 2030 4529 ;em,
2056 4463 2184 4534 quia
2223 4478 2489 4532 aquarum
2532 4461 2851 4530 irrigatione
2883 4460 3238 4531 impinguata,
3269 4460 3485 4514 cunctis

210 4564 294 4600 σιν
321 4548 609 4617 ὠφέλειαν,
644 4551 728 4603 ὅτι
770 4553 1057 4607 πιανθείσα
1089 4558 1152 4609 ἐκ
1184 4557 1285 4628 τῆς
1312 4558 1419 4612 τῶν
1461 4560 1669 4613 ὑδάτων
1700 4580 1791 4631 χο-

1913 4559 2095 4610 ucolis
2118 4557 2232 4611 suis
2244 4563 2633 4625 congruentem
2652 4554 2833 4607 cibum
2850 4553 3053 4622 profert
3070 4573 3097 4618 .;
3119 4552 3327 4606 homini
3353 4559 3480 4621 qui-

211 4641 409 4711 ρηγίας
457 4643 491 4713 ἡ
545 4644 638 4713 γῆ,
666 4641 1003 4707 ἐξανατέλλει
1034 4650 1147 4713 τοῖς
1174 4651 1267 4703 ἀπ’
1297 4652 1466 4724 αὐτῆς
1494 4654 1665 4707 ἅπασι
1696 4655 1793 4718 τὰς

1913 4649 2015 4703 lem
2049 4649 2214 4701 nobili
2231 4645 2477 4709 animali,
2502 4655 2555 4699 et
2577 4645 2719 4714 apud
2746 4644 2915 4699 Deum
2950 4644 3004 4698 in
3031 4645 3238 4701 honore
3271 4646 3479 4709 habito,

207 4734 552 4805 προσφόρους
582 4735 790 4804 τροφάς
808 4752 823 4765 ο
861 4738 1132 4811 ἀνθρώπῳ
1167 4744 1265 4812 μὲν
1293 4745 1503 4813 εὐγενεῖ
1527 4746 1670 4816 ζώῳ,
1698 4749 1792 4800 καὶ

1913 4741 2157 4795 eximium
2188 4754 2251 4793 ac
2278 4739 2537 4794 selectum
2569 4737 2775 4800 cibum,
2798 4752 3017 4807 panem,
3038 4738 3247 4801 vinum,
3280 4747 3333 4792 et
3366 4740 3480 4793 ole-

207 4823 312 4875 ὑπὸ
336 4825 429 4878 τοῦ
461 4825 597 4879 Θεοῦ
622 4829 986 4901 τετιμημένῳ,
1016 4832 1293 4904 ἐξαίρετον
1335 4838 1431 4890 καὶ
1474 4839 1791 4910 ἀφωρισμέ-

1913 4848 2005 4899 ιηι;
2040 4847 2232 4901 panem
2262 4832 2480 4901 quidem
2512 4844 2620 4901 quo
2652 4833 2751 4884 cér
2779 4829 3036 4884 fulciatnr
3079 4840 3131 4884 et
3164 4830 3475 4896 roboretur,

205 4931 303 4984 νην
344 4917 572 4988 τροφὴν,
609 4919 793 4991 ἄρτον,
820 4922 913 4973 καὶ
944 4919 1085 4976 οἶνον
1120 4926 1213 4978 καὶ
1243 4927 1420 4981 ἔλαιον
1440 4945 1452 4958 ·
1486 4930 1648 5001 ἄρτον
1693 4933 1789 5002 μὲν

1913 4926 2070 4979 ’ἰηιιιη
2102 4941 2211 4995 quo
2240 4926 2421 4979 anima
2451 4925 2775 4989 la-tiiicetur,
2802 4925 2979 4979 oleum
3024 4940 3132 4995 quo
3156 4940 3357 4995 corpus
3386 4943 3479 4979 ex-

205 5006 299 5095 ὲπὶ
342 5008 420 5080 τῷ
470 5010 821 5081 στηρίζεσθαι
866 5014 960 5066 καὶ
1004 5015 1370 5087 δυναμοῦσοαι
1403 5021 1501 5093 τὴν
1538 5023 1786 5095 καρδίαν,

206 5092 344 5153 οἶνον
387 5102 445 5154 δὲ
480 5102 572 5155 ἐπὶ
613 5102 694 5174 τῷ
724 5107 1217 5177 κατευφραίνεσθαι
1249 5110 1347 5183 τὴν
1372 5092 1568 5186 ψυχὴν,
1613 5092 1789 5170 έλαιον

204 5190 259 5242 δὲ
286 5194 378 5247 ἐπὶ
397 5195 477 5267 τῷ
502 5198 890 5270 φαιδρύνεσθαι
916 5201 977 5254 τὸ
1005 5202 1184 5276 σῶμα,
1205 5206 1297 5259 καὶ
1320 5207 1688 5263 ἀπαλύνεσθαι
1711 5211 1789 5264 θε-

208 5288 579 5359 ραπευόμενον
618 5292 683 5344 ὲκ
708 5293 806 5364 τῆς
832 5294 1095 5349 ἐπιπόνου
1132 5297 1569 5370 πληραγωγὶας.
1600 5301 1786 5369 Οὕτως

201 5372 350 5463 αὑτῷ
379 5378 637 5435 πλουσίαν
683 5386 778 5437 καὶ⁹
822 5386 886 5439 ὲκ
928 5386 1191 5441 πλειόνων
1234 5391 1510 5463 τράπεζαν
1539 5394 1620 5457 είς
1652 5395 1785 5448 ἀπό-

205 5462 391 5521 λαυσιν
413 5465 499 5524 οἷα
526 5474 710 5546 πατὴρ
740 5477 768 5529 6
796 5476 928 5542 Θεὸς
958 5462 1287 5552 ὲδωρήσατοξ
1321 5482 1395 5535 Οὑ
1426 5482 1529 5554 μὴν
1564 5484 1656 5536 καὶ
1683 5485 1784 5555 τῆς

203 5556 310 5609 τῶν
342 5560 543 5618 λοιπῶν
582 5565 735 5630 ζώων
763 5571 1219 5646 κατωλιγώρησεν
1252 5576 1589 5646 ἐπιμελείας⁸
1624 5596 1784 5650 φρον-

1891 5018 2157 5073 liilaretur
2201 5028 2365 5088 atque
2392 5035 2421 5094 ξι
2471 5018 2751 5073 laboriosa
2786 5016 3175 5087 defatigatione
3230 5031 3473 5073 curetur.

1890 5110 1975 5166 Sir.
2031 5122 2209 5167 autem
2242 5112 2318 5166 illi
2354 5111 2591 5182 Opimam
2633 5111 3207 5167 etvariisinstructam
3232 5126 3475 5165 mensam

1889 5202 1957 5257 ad
1989 5220 2149 5259 usum
2180 5220 2279 5259 ceu
2312 5213 2463 5275 pater
2487 5203 2700 5275 paravit
2746 5203 2911 5259 Deus.
2946 5202 3132 5274 Neque
3157 5212 3336 5261 tamen
3366 5221 3470 5260 ca:-

1890 5308 2134 5353 tcrorum
2168 5298 2487 5352 animalium
2523 5313 2710 5352 curam
2746 5300 3016 5369 neglexit;
3053 5300 3143 5355 sed
3180 5298 3247 5355 de
3282 5313 3471 5354 eorum

1888 5408 2106 5463 quoque
2135 5392 2550 5447 conservatione
2593 5394 2881 5461 sollicitus,
2920 5402 3308 5463 congruentem
3337 5394 3470 5464 ipsis

1888 5501 2069 5541 escam
2132 5485 2591 5552 subministravit,
2654 5486 2836 5542 fenum
2896 5486 3114 5556 quidem
3166 5485 3463 5556 jumentis,

1887 5579 2135 5634 servituti
2171 5588 2350 5634 autem
2396 5580 2699 5643 hominum,
2743 5578 2965 5633 herbam
2998 5578 3326 5648 producens.
3360 5581 3465 5631 Ac-

207 5650 361 5715 τίζων
400 5655 458 5709 δὲ
504 5660 598 5712 καὶ
639 5661 741 5731 τῆς
779 5663 985 5723 τούτων
1028 5667 1289 5741 διαμονῆς
1311 5669 1410 5742 τὴν
1436 5668 1782 5742 ἁρμόζουσαν

1920 5674 2231 5731 uratissime
2261 5688 2391 5731 vero
2418 5674 2680 5745 propheta
2718 5672 3031 5731 animaliqu
3058 5672 3462 5729 distinctionum

293 5810 310 5838 ⁷
350 5808 483 5867 C(‘n.
524 5830 572 5882 ι,
613 5815 695 5871 Η.
