3964 6540
576 355 721 412 1275

1261 352 1525 411 EUSEBli
1560 352 2041 409 CALSARIENSI‘S
2076 352 2226 409 (tPP.
2264 350 2444 407 PARS
2485 351 2572 407 lli.
2610 382 2683 395 -—
2722 349 3126 406 EXEGETICA.

3650 356 3744 412 Β.ῗῦ

536 502 539 503 ν
576 468 739 534 fecit;
789 469 1034 539 iumenta
1087 469 1305 541 quidem
1339 471 1641 541 generatim
1673 472 1956 541 appellans
1996 486 2155 526 omne

2258 470 2352 524 καὶ
2384 470 2593 533 τούτοις
2620 470 2882 540 ἀπένειμε
2911 470 3119 540 τροφήν
3138 484 3150 496 ⁸
3187 467 3379 539 χόρτον
3421 469 3508 538 μὲν
3541 475 3631 532 τοῖς
3652 476 3745 543 κτή-

577 562 782 619 animal
830 563 996 616 herba
1043 578 1299 629 vescens;
1343 563 1660 619 servitutem
1694 580 1823 620 vero
1851 564 2153 631 hominum,

576 661 865 710 mansueta
893 659 947 706 et
977 652 1377 721 quodammodo
1428 654 1614 708 civilia
1648 655 1907 709 animalia
1950 655 2016 710 ad
2061 655 2158 709 hoc

578 746 788 802 minum
815 758 976 799 nsum
1006 744 1283 815 deputata,
1303 760 1537 815 quorum
1568 745 1674 801 alia
1705 746 1923 815 quidem
1955 754 2156 801 terram

579 846 740 892 arant
798 836 1115 908 hominique
1168 852 1326 908 opem
1372 836 1576 904 ferunt,
1623 844 1683 892 ut
1731 837 1866 904 bos;
1898 838 2005 891 alia
2063 852 2157 908 ge-

578 937 727 985 stant
775 943 964 993 onera,
994 937 1057 984 ut
1103 929 1325 995 asinus;
1356 930 1463 983 alia
1498 929 1715 985 demum
1761 928 1909 983 aliud
1940 929 2156 983 mortali

576 1021 763 1093 generi
807 1020 1174 1078 ministerium
1218 1029 1481 1092 praestant
1512 1041 1525 1075 :
1556 1034 1677 1091 quae
1714 1022 1935 1091 preprie
1978 1028 2033 1076 et
2060 1036 2155 1090 op-

528 1138 529 1141 η
573 1119 810 1183 portune
854 1114 1169 1170 servitutem
1206 1114 1488 1169 hominum
1533 1114 1767 1176 vocavit,
1798 1113 1998 1184 quibus
2027 1110 2192 1168 ber-’

572 1203 697 1259 bam
726 1204 915 1260 datam
933 1220 1057 1261 esse
1095 1204 1192 1269 ait,
1230 1205 1439 1261 scilicet
1470 1205 1539 1260 ab
1569 1206 1882 1260 hominibus
1913 1204 2153 1260 semina-

570 1297 684 1344 tam
708 1300 763 1345 et
790 1292 1029 1359 cultam;
1062 1293 1275 1348 exteris
1306 1308 1438 1348 vero
1459 1294 1724 1362 jumentis
1748 1304 1944 1364 sponte
1964 1302 2153 1348 natum

573 1379 780 1437 fenum.
822 1382 1061 1439 Possunt
1088 1393 1268 1440 autem
1303 1395 1537 1458 utraque
1578 1386 1762 1449 simul,
1801 1385 1977 1440 herba.
2001 1383 2154 1438 vide-

572 1474 703 1530 licet
753 1485 807 1531 et
830 1475 1033 1539 fenum,
1081 1486 1133 1532 et
1176 1478 1443 1547 jumentis
1476 1487 1531 1534 et
1575 1479 1824 1535 servituti
1869 1478 2149 1532 hominum

572 1566 699 1622 data
732 1565 923 1623 fuisse.
946 1566 1132 1638 Neque
1166 1568 1311 1624 feras
1357 1570 1448 1624 hie
1497 1585 1675 1639 neque
1700 1570 1914 1640 reptilia
1945 1584 2153 1624 memo-

571 1658 735 1723 ravit,
766 1659 891 1728 quia
949 1660 1065 1713 haec
1104 1660 1212 1714 alio
1264 1668 1495 1715 utuntur
1524 1662 1681 1728 cibo;
1714 1661 1819 1714 alia
1852 1660 1998 1715 enim
2030 1675 2151 1714 caro

570 1749 765 1803 nivora
794 1759 956 1819 sunt;
990 1753 1203 1822 reptilia
1226 1762 1407 1808 autem
1440 1754 1557 1822 ipsa
1590 1762 1732 1808 terra
1758 1758 2077 1807 vescuntur.

2260 581 2396 626 νεσι,
2418 566 2485 634 τῇ
2513 563 2571 616 δὲ
2597 561 2809 633 δουλείᾳ
2830 560 2939 613 τῶν
2957 560 3257 631 ἀνθρώπων
3282 560 3439 633 χλόην
3465 560 3743 629 ὲξανατείλας.

2260 656 2473 725 Σφόδρα
2515 654 2571 707 δὲ
2618 652 2866 724 ἀκριϐῶς
2894 655 2923 705 6
2954 654 3239 724 προφήτης
3285 652 3384 724 τὴν
3418 654 3516 705 τῶν
3542 654 3662 717 ζώων
3684 674 3749 709 πε-

2260 747 2479 818 ποίηται
2507 745 2772 817 διαίρεσιν
2792 760 2804 773 ³
2835 746 3007 816 κτήνη
3032 745 3130 815 μὲν
3151 744 3385 815 γενικῶς
3408 747 3508 798 πᾶν
3525 745 3576 797 τὸ
3600 750 3749 818 mei.

2258 856 2354 904 γον
2384 837 2541 903 ζῶον,
2558 836 2798 891 δουλείαν
2813 836 2872 890 δὲ
2899 834 3202 908 ἀνθρώπων
3229 835 3300 888 τὰ
3326 836 3499 906 ἣμερα
3520 837 3599 888 καὶ
3620 837 3750 907 ὥσπερ

2259 929 2511 985 πολιτικὰ
2539 928 2653 994 ζῶα
2694 928 2763 983 τὰ
2796 931 2877 993 είς
2926 927 3231 999 ὑπηρεσίαν
3278 926 3565 999 ἀνθρώπων
3600 928 3751 999 dempt-

2258 1022 2449 1094 σμένα,
2478 1014 2553 1075 ὧν
2584 1021 2653 1074 τὰ
2684 1021 2781 1093 μὲν
2808 1022 2935 1088 ἀροῖ
2960 1020 3059 1091 τὴν
3090 1020 3191 1091 γῆν
3222 1018 3572 1090 συνεργοῦντα
3607 1020 3755 1089 ἀνθρώ-

2258 1130 2365 1184 πῳ,
2398 1112 2473 1175 ὡς
2508 1109 2634 1183 βοῦς
2654 1130 2669 1145 ο
2700 1110 2770 1165 τὰ
2796 1110 2855 1165 δὲ
2888 1109 3203 1180 ἀχθοφορεῖ,
3228 1108 3307 1171 ὡς
3327 1108 3445 1170 δνος
3461 1124 3474 1137 ·
3494 1107 3556 1160 τὰ
3575 1106 3624 1159 δὲ
3642 1108 3756 1178 nam

2254 1202 2377 1257 τινὰ
2397 1202 2593 1273 χρῆσιν
2615 1200 2694 1271 τῷ
2714 1198 2893 1271 Θνητῷ
2915 1198 3063 1267 γένει
3091 1198 3393 1269 παρέχεται
3410 1213 3424 1227 ’
3454 1196 3486 1250 ὃ.
3507 1198 3680 1258 οἰκείως
3696 1204 3754 1250 καὶ

2257 1295 2549 1366 προσφυῶς
2598 1293 2838 1348 δουλείαν
2899 1288 3203 1363 ἀνθρώπων
3252 1287 3559 1356 ὠνόμασεν,
3602 1280 3663 1349 οἷς
3694 1288 3755 1355 τῇ)

2256 1386 2417 1457 χλόην
2470 1385 2713 1440 δεδόσθαι
2757 1384 2925 1456 φησὶ,
2959 1381 3210 1437 τουτέστι
3256 1379 3356 1450 τὴν
3407 1380 3492 1435 ὑπ’
3533 1378 3754 1447 ἀνθρώπων

2258 1481 2562 1549 σπαρεῖσαν
2593 1477 2689 1531 καὶ
2718 1474 3131 1547 γεωργηθεῖσαν
3151 1489 3165 1502 ·
3198 1473 3315 1533 τοῖς
3344 1469 3401 1522 δὲ
3427 1469 3589 1531 ἄλλοις
3622 1471 3755 1537 κτήνε-

2257 1588 2329 1634 σι,
2364 1571 2456 1624 τὸν
2483 1570 2805 1642 αὐτομάτως
2842 1566 3155 1639 βλαστῶντα
3187 1564 3405 1636 χόρτον.
3422 1561 3754 1615 Δύναταιὸὲχιὶ

2253 1661 2540 1732 ἀμφότερα
2565 1662 2600 1731 ἦ
2626 1678 2685 1713 τε
2715 1660 2844 1731 χλόη
2877 1660 2973 1713 καὶ
2997 1661 3026 1713 6
3057 1659 3271 1730 χόρτος,
3297 1652 3433 1721 ὁμοῦ
3459 1653 3547 1705 καὶ
3568 1654 3656 1713 τοῖς
3677 1654 3757 1717 κτήο

2254 1771 2371 1806 νεσι
2404 1754 2502 1807 καὶ
2533 1756 2600 1824 τῇ
2628 1751 2842 1823 δουλείᾳ
2864 1750 2969 1804 τῶν
2998 1749 3305 1821 ἀνθρώπων
3330 1745 3578 1801 δεδόσθαι.
3601 1743 3701 1795 Οἰτε

572 1844 776 1915 θηρίων
805 1850 862 1900 ὲν
884 1846 1115 1911 τούτοις,
1143 1847 1265 1901 οὔτε
1300 1849 1544 1920 ἑρπετῶν
1576 1850 1973 1920 ἐμνημόνευσε,
2002 1848 2091 1901 διὰ
2110 1848 2170 1901 τὸ
2198 1848 2359 1921 ἑτέρᾳ
2392 1849 2690 1920 κεχρῆσθαι
2718 1846 2889 1905 ταῦτα
2917 1848 3091 1917 τροφῇ
3111 1862 3123 1875 °
3157 1844 3225 1899 τὰ
3263 1844 3363 1916 μὲν
3391 1844 3495 1913 γάρ
3532 1844 3630 1895 ἐστι
3670 1857 3754 1907 παρα

569 1935 798 2017 κοόόραξ
832 1937 899 1991 τὰ
932 1939 987 1991 δὲ
1027 1940 1251 2010 ἑρπετὰ,
1284 1941 1421 2012 αὐτῇ
1457 1943 1521 2011 τῇ
1551 1944 1621 2012 γῇ
1652 1940 1915 2011 κέχρηται
1952 1942 2128 2011 τροφῇ

640 2050 1035 2107 Animadverte
1077 2069 1237 2122 porro
1290 2070 1596 2111 sermonem
1630 2055 1776 2109 hunc
1826 2055 2154 2110 circuitione
2186 2061 2227 2115 Β

570 2142 669 2207 uti,
703 2156 766 2195 ac
794 2143 1173 2199 manifestiora
1199 2147 1419 2216 quidem
1448 2148 1640 2202 leviter
1667 2155 1915 2217 tangere,
1939 2146 2008 2202 iis
2030 2162 2159 2202 vero

567 2233 823 2289 insistere
883 2234 1083 2304 quibus
1136 2238 1293 2293 multi
1335 2238 1744 2303 contradicunt,
1777 2254 1954 2309 neque
1988 2239 2161 2293 absti-

568 2317 700 2379 nere
747 2326 815 2379 ab
850 2326 1341 2392 irrationabilibus,
1368 2347 1469 2385 nec
1502 2333 1573 2386 ab
1612 2347 1714 2386 usu
1746 2332 2162 2402 ministerioque

567 2432 780 2472 eorum.
832 2416 892 2472 id
954 2434 1085 2473 vero
1143 2420 1345 2490 duplici
1402 2421 1470 2477 de
1520 2437 1688 2478 causa
1735 2423 2008 2494 agit;alia
2052 2431 2157 2488 est,

568 2516 631 2562 ut
667 2523 733 2563 ex
765 2508 1068 2564 abundanti
1101 2511 1496 2582 impudentiam
1535 2514 1755 2568 illorum
1782 2514 2041 2580 refrenet,
2065 2514 2159 2585 qui

566 2598 760 2654 dicunt
789 2600 999 2671 aliquid
1034 2602 1090 2657 in
1122 2604 1327 2658 mundo
1357 2618 1825 2674 supervacaneum
1862 2615 1918 2663 et
1966 2608 2160 2663 inutile

566 2693 870 2760 exsistere;
905 2695 1011 2748 alia
1038 2711 1188 2759 vero,
1220 2705 1281 2751 ut
1305 2696 1559 2751 ostendat
1593 2704 1799 2767 quanta
1831 2697 1904 2754 sit
1940 2696 2051 2755 Deo
2091 2700 2160 2755 de

566 2784 888 2843 hominibus
933 2788 1266 2854 sollicitudo,
1318 2790 1537 2860 quando
1582 2791 1651 2846 de
1698 2792 1768 2847 iis
1799 2806 1922 2861 quae
1967 2807 2159 2847 eorum

566 2893 735 2935 causa
788 2880 1012 2935 condita
1069 2891 1197 2936 sunt
1249 2890 1457 2936 tantam
1492 2883 1657 2939 habet
1688 2883 1979 2940 rationem.
2015 2883 2157 2951 Quid

566 2970 699 3026 huic
747 2987 895 3027 curae
929 2988 1027 3041 par
1060 2988 1185 3028 esse
1218 2976 1412 3044 possit,
1442 2975 1888 3047 quandoquidem
1928 2991 1993 3032 ea
2036 2992 2159 3047 quae

492 3084 501 3091 ι
569 3059 731 3114 nobis
761 3061 1009 3117 serviunt
1037 3064 1111 3115 ita
1144 3065 1336 3129 nutrit,
1365 3080 1467 3119 nec
1501 3067 1706 3135 patitur
1736 3073 1797 3121 ut
1820 3067 1876 3122 in
1900 3067 2157 3125 omnibus

569 3151 897 3221 gravemur?
927 3151 1113 3223 Neque
1140 3155 1288 3209 enim
1327 3156 1602 3213 hominem
1640 3157 1900 3226 deservit,
1941 3176 2043 3215 nec
2075 3160 2157 3213 la-

567 3243 798 3300 boribus
854 3244 1031 3314 ipsum
1083 3256 1294 3317 gravat,
1329 3249 1486 3303 vario
1535 3250 1689 3305 illum
1726 3252 1920 3307 salutis
1958 3268 2156 3322 genere

571 3333 805 3389 donans.
831 3334 1104 3405 llicjuvat
1131 3352 1277 3403 eum,
1314 3339 1407 3407 qui
1439 3354 1775 3408 eongeneres
1797 3349 2019 3395 nostros
2047 3356 2159 3395 ser-

2330 2052 2472 2123 .()ρα
2505 2049 2562 2103 δὲ
2602 2048 2788 2120 κύκλῳ
2818 2049 3101 2121 περιῖόντα
3127 2048 3219 2103 τὸν
3248 2048 3411 2117 λόγον
3452 2046 3541 2100 καὶ
3572 2046 3626 2099 τὰ
3651 2050 3757 2115 σαςέ.

2240 2163 2429 2217 ηστερα
2458 2144 2893 2216 παρατρέχοντα,
2938 2140 3424 2213 ὲμφιλοχωροῦντα
3458 2138 3510 2191 δὲ
3538 2141 3630 2202 τοῖς
3656 2142 3753 2210 περὶ

2259 2236 2367 2287 τῶν
2398 2233 2608 2288 πολλῶν
2632 2231 3090 2302 ἀντιλεγομένοις,
3108 2230 3335 2284 καὶτῶν
3356 2230 3555 2296 ἀλόγων
3583 2230 3661 2281 οὐκ
3678 2232 3755 2296 ὰφι-

2263 2326 2547 2397 στάμενον,
2577 2325 2671 2378 καὶ
2698 2325 2798 2395 τῆς
2826 2324 3015 2395 χρείας
3046 2321 3226 2376 αὐτῶν
3261 2322 3359 2375 καὶ
3397 2320 3491 2391 τῆς
3516 2320 3750 2391 ὑπηρεσίας.

2260 2420 2412 2472 Ποιεῖ
2441 2418 2497 2471 δὲ
2523 2416 2681 2470 τοῦτο
2714 2416 2802 2470 διὰ
2832 2416 2925 2469 δύο
2953 2415 3157 2469 ταῦτα’
3186 2415 3252 2466 δι’
3284 2414 3344 2466 ἓν
3380 2413 3497 2483 μὲν,
3531 2412 3605 2464 ἵνα
3630 2414 3677 2463 ἐκ
3696 2430 3755 2463 πε.

2262 2514 2507 2584 ριουσίας
2540 2512 2865 2584 ἐπιστομίσῃ
2898 2512 2998 2583 τὴν
3033 2510 3425 2581 ἀναισχυντίαν
3446 2507 3547 2562 τῶν
3571 2508 3753 2575 istim-r1

2259 2603 2470 2660 εἷναίτι
2499 2606 2753 2677 περιττὸν
2779 2606 2837 2657 ὲν
2867 2603 2945 2676 τῷ
2974 2605 3163 2675 κόσμῳ
3192 2604 3289 2657 καὶ
3319 2603 3602 2674 ἄχρηστον·
3624 2601 3757 2653 δι’ἒτε·

2263 2716 2353 2770 ρον
2381 2696 2460 2763 δὲ,
2495 2699 2581 2751 ἵνα
2611 2697 2760 2771 δείξῃ
2787 2698 2884 2769 ὅση
2914 2696 2991 2767 τῷ
3024 2696 3141 2768 Θεῷ
3173 2696 3289 2752 τῶν
3322 2694 3604 2768 ἀνθρώπων
3634 2696 3658 2764 ἠ
3690 2711 3751 2762 κη-

2257 2790 2499 2862 δεμονία,
2527 2791 2665 2844 ὅπου
2698 2807 2761 2859 γε
2791 2790 2901 2843 τῶν
2934 2789 3002 2842 δι’
3028 2790 3273 2853 ἐκείνους
3312 2788 3600 2859 γενομένων
3631 2785 3753 2838 τοτα]-

2256 2900 2349 2936 τον
2382 2885 2616 2936 ποιεῖται
2649 2883 2823 2952 λόγον.
2848 2881 2912 2935 Τί
2935 2881 3141 2952 ταύτης
3163 2876 3282 2934 ἴσον
3310 2880 3504 2949 γένοιτ’
3520 2879 3578 2933 ἂν
3601 2878 3674 2948 τῆς
3693 2894 3753 2945 κῃ-

2257 2975 2529 3046 δεμονίας,
2554 2976 2682 3029 ὅταν
2711 2976 2806 3029 καὶ
2835 2973 2904 3028 τὰ
2930 2973 3247 3026 δουλεύοντα
3290 2975 3423 3044 ἡμῖν
3463 2971 3587 3026 οὕτω
3620 2968 3752 3039 τρέςῃ.

2258 3068 2352 3121 καὶ
2410 3067 2485 3138 μὴ
2539 3068 2792 3138 συγχωρῇ
2838 3065 3113 3119 πονεῖσθαι
3146 3066 3275 3135 περὶ
3317 3065 3517 3129 πάντα;
3551 3063 3658 3115 Οῦτε
3687 3062 3751 3128 γὰρ

2258 3159 2410 3212 εἴασε
2438 3159 2530 3213 τὸν
2559 3159 2865 3230 ἄνθρωπον,
2892 3157 3016 3211 οὔτε
3048 3157 3271 3229 βαρύνει
3296 3160 3408 3220 τοῖς
3447 3157 3606 3216 πόνοις
3629 3153 3748 3207 uitii.

2257 3251 2549 3305 ποικίλλων
2565 3249 2730 3304 αὑτοῦ
2752 3250 2848 3321 τὴν
2874 3250 3167 3321 σωτηρίαν.
3186 3248 3456 3302 Ἐνταῦθα
3480 3246 3620 3301 καλὸν
3637 3244 3750 3295 εἰπεῖν

2259 3342 2396 3413 πρὸς
2440 3342 2532 3395 τὸν
2573 3341 2700 3404 τοὺς
2731 3343 3011 3412 ὁμογενεῖς
3040 3338 3554 3408 καταδουλούμενον·
3586 3334 3659 3403 μία
3677 3332 3749 3383 δον-

569 3426 743 3481 vitute
770 3428 1050 3497 opprimit,
1082 3428 1162 3482 sic
1194 3428 1397 3498 alloqui
1424 3448 1437 3483 :
1471 3446 1581 3484 una
1608 3431 1893 3487 hominum
1917 3434 2155 3489 servitus

2259 3408 2377 3488 λεία
2395 3433 2503 3487 τῶν
2524 3408 2825 3505 ἀνθρώπῶν
2845 3408 2915 3485 τὰ
2939 3432 3107 3499 ἄλογα
3123 3449 3136 3461 ⁸
3164 3432 3227 3484 σὺ
3249 3430 3310 3482 δὲ
3337 3429 3506 3483 ταῦτα
3531 3427 3747 3494 ὀλιγωρεῖς

571 3525 701 3573 sunt
751 3520 1165 3585 irrationabilia,
1202 3527 1260 3574 tu
1302 3536 1433 3576 vero
1468 3522 1585 3578 haec
1628 3523 1865 3594 despicis
1915 3544 1929 3579 :
1987 3541 2159 3596 quare

570 3615 825 3663 naturam
884 3624 915 3664 a
967 3609 1230 3684 servitute
1276 3619 1332 3665 et
1378 3610 1754 3669 dominatione
1792 3613 2071 3681 scindens,
2102 3615 2157 3670 id

573 3697 826 3765 eil'eeisti,
854 3710 914 3755 ut
946 3701 1053 3757 sibi
1083 3702 1201 3773 ipsa
1238 3703 1470 3757 serviret
1504 3710 1559 3757 et
1592 3702 1987 3760 dominaretur.
2019 3705 2157 3759 Eum

572 3792 666 3860 qui
702 3791 770 3846 ad
804 3791 1221 3849 similitudinem
1253 3793 1348 3849 Dei
1380 3792 1558 3850 factus
1591 3801 1698 3862 est,
1735 3795 1860 3865 quis
1888 3797 2155 3862 vendidit,

573 3883 699 3954 quis
750 3883 903 3951 emit,
943 3898 1069 3939 eum
1116 3885 1170 3939 id
1213 3886 1365 3942 solus
1390 3884 1534 3940 Deus
1569 3887 1744 3955 possit
1778 3888 2020 3954 ellicere;
2049 3887 2158 3942 imo

573 3990 707 4030 vero
738 3990 840 4030 nec
877 3975 995 4045 ipse
1033 3974 1198 4040 Deus,
1230 3990 1358 4030 nam
1406 3975 1548 4030 dona
1580 3975 1701 4044 ejus
1730 3985 1859 4033 sunt
1893 3972 2012 4034 sine
2039 3993 2157 4047 pne-

575 4068 846 4122 nitentia?
883 4067 1041 4134 Quod
1094 4068 1143 4123 si
1187 4066 1335 4123 Deus
1371 4067 1428 4122 id
1485 4067 1635 4137 quod
1674 4068 1907 4124 liberum
1934 4077 2017 4126 est
2048 4086 2159 4125 non

575 4160 773 4230 redigit
814 4160 868 4214 in
905 4159 1248 4225 servitutem,
1277 4159 1403 4229 quis
1434 4163 1732 4232 potentiam
1760 4178 1915 4225 suam
1966 4172 2159 4234 poten-

575 4252 669 4307 tiae
717 4251 810 4308 Dei
861 4252 1171 4322 praeponat?
1202 4253 1467 4308 Caeterum
1515 4265 1601 4311 sat
1626 4256 1812 4312 oneris
1859 4257 2159 4327 imponitur

577 4344 667 4410 iis,
694 4345 787 4413 qui
818 4344 974 4398 liberi
1004 4354 1152 4410 sunt,
1176 4345 1322 4416 quod
1357 4347 1621 4413 serviant,
1661 4356 1923 4419 tantaque
1950 4349 2007 4404 in
2030 4351 2157 4420 pul-

579 4451 703 4493 vere
745 4437 816 4492 sit
862 4436 1189 4504 diﬂ'erentia,
1226 4446 1287 4493 ut
1337 4438 1478 4495 alius
1506 4440 1755 4510 imperet,
1781 4441 1904 4496 aliis
1933 4444 2160 4511 impere-

576 4538 685 4583 tur.
715 4530 781 4583 At
810 4545 989 4600 neque
1010 4530 1226 4601 jugum,
1257 4545 1437 4600 neque
1466 4532 1797 4603 supplicium
1820 4533 1996 4604 primo
2027 4549 2157 4604 pec-

573 4631 699 4676 cato
730 4631 922 4677 nostro
959 4622 1315 4685 destinatum,
1351 4623 1757 4696 aggravandum
1798 4634 1904 4681 est.
1942 4624 2155 4684 Produ-

2257 3526 2338 3580 διὸ
2378 3524 2476 3596 τὴν
2526 3524 2689 3595 φύσιν
2717 3524 2962 3586 δουλείας
2992 3524 3087 3576 καὶ
3109 3522 3434 3594 κυριότητος
3462 3520 3623 3590 σχίσας
3642 3516 3749 3583 αὐτὴν

2259 3620 2422 3690 ἑαυτῇ
2473 3618 2741 3671 δουλεύειν
2788 3618 2882 3671 καὶ
2921 3618 3086 3688 ἑαυτῇ
3122 3616 3401 3687 κυριεύειν
3427 3614 3665 3683 ἐποίησας.
3687 3606 3750 3657 Τὸν

2258 3711 2381 3765 καθ’
2412 3710 2701 3781 ὁμοιότητα
2724 3709 2860 3763 Θεοῦ
2886 3708 3017 3762 ὄντα
3046 3710 3139 3761 καὶ
3166 3708 3351 3779 πάσης
3375 3707 3473 3778 γῆς
3496 3707 3680 3776 ἄρχοντα
3698 3698 3748 3757 τίς

2257 3803 2285 3855 6
2314 3800 2675 3873 ἀπεμπολῶν;
2697 3802 2782 3865 τίς
2808 3803 2836 3854 6
2862 3800 3203 3870 ὼνούμενος;
3245 3801 3408 3871 μόνου
3438 3796 3559 3851 Θεοῦ
3581 3795 3628 3846 τὸ
3644 3793 3749 3856 δυνη-

2259 3892 2418 3963 θῆναι
2447 3892 2625 3957 τοῦτο,
2673 3892 2870 3963 μᾶλλον
2912 3892 2970 3945 δὲ
3020 3892 3141 3945 οὐδὲ
3173 3890 3342 3944 αὐτοῦ
3376 3889 3467 3944 τοῦ
3494 3886 3633 3941 Θεοῦ’
3662 3884 3749 3949 ἀμε-

2258 3983 2538 4053 ταμέλητα
2567 3983 2676 4053 γὰρ
2703 3980 2868 4035 αὐτοῦ
2902 3980 2972 4033 τὰ
3001 3981 3341 4051 χαρίσματα.
3378 3980 3439 4032 Εἰ
3466 3977 3517 4030 δὲ
3550 3978 3574 4027 6
3595 3971 3689 4031 θεὸς
3708 3966 3746 4017 oi

2256 4072 2430 4127 δουλοῖ
2467 4074 2527 4126 τὸ
2578 4074 2882 4145 ἐλεύθερον,
2912 4074 2995 4136 τίς
3022 4076 3051 4126 6
3080 4072 3395 4142 ὑπερτιθεὶς
3437 4069 3520 4125 τοῦ
3562 4064 3743 4130 Θεοῦτὴ“δ

2258 4164 2452 4219 ἑαυτοῦ
2478 4165 2830 4231 δυναστείαν;
2867 4165 3016 4236 Πλὴν
3047 4167 3207 4236 ἀρκεῖ
3246 4162 3512 4217 δουλεύειν
3540 4160 3628 4220 τοῖς
3651 4155 3745 4207 ἐλευ-

2259 4256 2456 4329 θέροις,
2484 4258 2577 4310 καὶ
2601 4258 2854 4310 τοσοῦτον
2885 4251 3023 4309 εἶναι
3050 4256 3111 4308 τὸ
3139 4255 3417 4327 διάφορον,
3450 4252 3570 4308 ὥστε
3592 4244 3741 4300 $0515-

2257 4349 2350 4402 τοῦ
2390 4349 2511 4419 χοὸς
2544 4347 2603 4402 τὸ
2639 4349 2736 4419 μὲν
2770 4352 3012 4420 κρατεῖν,
3047 4348 3108 4401 τὸ
3143 4348 3201 4401 δὲ
3232 4346 3507 4418 ἄρχεσθαι.
3545 4341 3615 4409 Μὴ
3636 4338 3742 4408 βαρυ-

2257 4441 2432 4495 νέσθω
2476 4441 2532 4494 δὲ
2556 4443 2584 4495 6
2616 4440 2799 4510 ζυγὸς,
2842 4440 2977 4512 μηδὲ
3005 4440 3105 4510 τῆς
3132 4438 3355 4511 πρώτης
3381 4436 3525 4509 ἡμῶν
3553 4428 3742 4503 ἁμαρτὰς

2256 4534 2318 4586 τὸ
2361 4532 3044 4603 ὲπιτίμιον.Ἐξανατὲλλει
3084 4531 3143 4584 δὲ
3190 4533 3247 4585 ὲν
3300 4530 3501 4592 τούτοις
3528 4518 3741 4594 67.599057-

2258 4626 2351 4682 καὶ
2387 4625 2740 4697 ὑψηλοτάτοις
2769 4624 2948 4694 λόγοις
2969 4621 3135 4678 αὑτοῦ
3171 4624 3357 4693 ὄρεσιν
3384 4618 3494 4676 οὖσι
3518 4618 3684 4690 χόρτον·
3707 4608 3741 4658 ὃν

574 4716 650 4770 cit
697 4726 879 4771 autem
927 4715 985 4771 in
1043 4716 1131 4773 bis
1195 4719 1712 4788 supernaturalibus
1759 4720 2155 4791 altissimisque

2260 4720 2521 4791 φέρεσθαι
2552 4718 2756 4790 τροφὴν
2785 4712 2886 4771 οἷοί
2914 4718 2974 4771 τέ
3003 4719 3141 4771 εἰσιν
3168 4717 3218 4769 οἱ
3252 4698 3739 4820 ἀλογώτεροιςεῃπ

573 4810 923 4864 sermonibus
979 4810 1116 4873 suis,
1157 4811 1253 4880 qui
1282 4819 1499 4868 montes
1538 4821 1688 4877 sunt,
1720 4811 1905 4867 fenum
1940 4831 1953 4866 :
1992 4829 2154 4883 quem

573 4899 758 4954 cibum
808 4900 1305 4959 irrationabiliores
1362 4903 1506 4961 ferre
1550 4906 1786 4961 valeant.
1830 4905 1926 4961 Est
1969 4916 2151 4961 autem

574 4991 760 5047 fenum
806 4993 861 5047 in
891 4993 1042 5048 hisce
1072 4995 1352 5053 montibus
1383 4998 1643 5069 positum,
1679 5013 1860 5054 sermo
1888 4999 1955 5053 de
1980 5000 2155 5054 sensi-

574 5084 777 5139 bilibus
805 5092 859 5140 et
891 5086 1070 5140 littera
1106 5086 1441 5158 Scriptum;
1484 5090 1593 5145 imo
1610 5084 1785 5145 'etiam
1815 5104 1997 5145 sermo
2036 5106 2154 5144 mo-

573 5176 729 5243 ralis,
771 5191 932 5247 quem
987 5178 1283 5236 multitudo
1331 5198 1551 5253 quoque
1599 5182 1879 5251 percipere
1928 5182 2150 5239 valebit.

2261 4815 2290 4867 6
2322 4815 2377 4866 ὲν
2406 4812 2615 4875 τούτοις
2655 4814 2767 4875 τοῖς
2809 4811 2960 4883 ὄρεσι
3005 4808 3195 4880 χόρτος
3221 4809 3250 4861 6
3275 4808 3402 4880 περὶ
3435 4804 3530 4858 τῶν
3554 4796 3740 4889 αἰσθηταί

2262 4904 2417 4973 λόγος
2447 4904 2538 4958 και
2565 4903 2625 4956 τὸ
2653 4902 2885 4975 γράμμα
2924 4901 3020 4969 τῆς
3045 4900 3298 4971 Γραφῆς·
3326 4898 3454 4953 ἀλλά
3478 4887 3741 4987 “uigili

2261 5014 2439 5069 τερος,
2469 4989 2530 5050 οὗ
2569 4994 2891 5066 μεταλαϐεῖν
2920 4994 3011 5046 καὶ
3041 4995 3089 5045 οἱ
3121 4992 3304 5049 πολλοὶ
3341 4992 3629 5060 δυνήσονται,
3656 4980 3738 5030 ἐκέ·

2264 5106 2391 5145 στου
2423 5086 2530 5141 τῶν
2562 5086 2817 5139 τοιούτων
2847 5084 3125 5151 λέγοντος·
3166 5083 3379 5149 Κύριος
3405 5075 3648 5146 acquaint
3676 5080 3741 5157 pf:

2261 5180 2361 5237 καὶ
2407 5176 2589 5231 οὐδέν
2626 5192 2704 5245 με
2748 5174 3070 5242 ὑστερήσει
3093 5188 3110 5205 ο
3151 5175 3237 5237 εὶς
3273 5174 3451 5225 τόπον
3478 5166 3632 5235 χλόης
3659 5157 3737 5245 ἐκξι

573 5244 885 5324 dicentibus
944 5267 1201 5340 singulis,
1255 5244 1515 5326 Dor-nimis
1559 5244 1878 5340 ρίιεεὶιήιε,
1922 5283 1971 5325 et
2020 5272 2154 5326 nihil

2257 5289 2330 5343 με
2374 5268 2872 5337 κατεσκήνωσεν·
2908 5266 3007 5321 ἐπὶ
3039 5265 3257 5332 ὕδατος
3283 5262 3629 5319 ἀναπαύσεως
3653 5244 3735 5347 ἐξξ

574 5361 704 5415 mihi
733 5358 896 5417 deerit
926 5377 944 5416 :
977 5363 1033 5416 in
1063 5364 1176 5418 loco
1213 5380 1423 5433 pascuce
1465 5365 1539 5419 ibi
1566 5381 1646 5421 me
1675 5366 1972 5430 collocavit,
2005 5381 2155 5434 super

2265 5362 2448 5432 θρεψέ
2486 5380 2583 5431 με.
2602 5360 2969 5432 ’Υπερὸάντες
3000 5359 3056 5412 δέ
3101 5375 3235 5411 ποτε
3264 5358 3361 5427 τὴν
3383 5350 3599 5416 τοιαύτην

575 5472 766 5525 aquam
781 5455 1077 5524 refectioni:
1090 5456 1331 5511 educavit
1351 5473 1429 5511 me
1441 5457 1506 5510 ³⁸.
1527 5458 1630 5525 Qui
1645 5467 1827 5515 autem
1847 5459 2161 5530 bujusmodi

577 5554 779 5601 statum
819 5548 1281 5603 transcenderunt
1315 5562 1439 5601 cum
1465 5563 1573 5603 non
1608 5549 1663 5603 in
1696 5551 1960 5607 servitute
1989 5551 2161 5605 homi-

576 5653 707 5692 num
752 5646 1061 5702 versentur,
1090 5639 1183 5696 sed
1229 5640 1479 5697 homines
1515 5641 1640 5697 facti
1673 5644 1805 5711 sint,
1833 5643 2035 5714 singuli
2058 5644 2159 5700 ile--

654 5792 697 5822 3"
735 5791 879 5848 Psal.
922 5809 1066 5861 χχιι,
1109 5796 1176 5862 1,
1211 5795 1263 5849 2.

2269 5424 2690 5518 στασιν,ὀύκὲτι
2724 5424 2781 5506 ὲν
2812 5450 3023 5523 δουλείᾳ
3054 5449 3161 5503 τῶν
3190 5424 3479 5519 ἀνθρώπων
3502 5424 3732 5527 ὄντεςηάλξ

2265 5547 2540 5620 ἄνθρωποι
2570 5545 2945 5617 γεγενημένοι,
2970 5541 3152 5613 ἐροῦσι
3182 5540 3340 5594 πάλιν
3364 5525 3734 5620 Exacto???"

2261 5612 2465 5712 μασας
2486 5612 2742 5695 ἐνώπιόν
2756 5612 2886 5709 ’μου
2915 5612 3202 5705 τράπεζαν
3224 5628 3543 5699 ἐξεναντίας
3561 5618 3647 5674 τῶν
3659 5612 3732 5667 tu"
