3964 6570
542 352 682 433 1279

1206 370 1478 429 EUSEBII
1514 365 1992 426 CZESARIENSIS
2029 364 2185 421 OPP.
2219 360 2398 419 PARS
2428 358 2510 415 Ill.
2537 388 2607 401 --—
2644 354 3055 412 EXEGETICA.

3628 357 3727 415 i230

543 487 712 541 verbo
763 481 1152 555 germinantia.
1212 476 1369 537 Cedri
1424 479 1619 535 Libani
1646 496 1780 550 quas
1838 475 2117 548 plantasti.

2232 473 2334 542 pud
2362 471 2457 526 καὶ
2480 470 2540 523 οὐ
2574 467 2935 539 χειρόκμητα,
2964 464 3101 519 ἀλλά
3137 464 3211 535 τῷ
3242 463 3374 534 θείῳ
3400 465 3532 537 λόγῳ
3556 468 3728 541 βλαστή-

542 575 784 631 Pulcbre
842 573 1135 629 cedrorum
1193 573 1589 643 plantationem
1654 569 1767 625 Deo
1838 568 2118 637 ascripsit,

546 670 677 740 quia
701 669 820 723 sine
845 666 957 721 ulla
1020 665 1263 720 humana
1307 680 1441 720 cura
1486 664 1543 718 in
1579 670 1787 719 tantam
1841 660 2125 717 celsitudi-

545 776 670 817 nem
702 765 1089 816 excreverunt.
1134 756 1254 813 Non
1302 757 1453 811 enim
1502 755 1769 826 iignarius
1798 753 1997 824 aliquis
2033 766 2128 807 ea-

547 867 670 906 rum
700 851 881 904 cultor
916 847 1018 903 fuit
1043 867 1057 914 ;
1082 848 1180 904 sed
1206 847 1451 903 divinum
1477 846 1704 903 verbum
1737 845 2005 900 montium
2034 857 2127 898 ca-

549 944 769 998 cumina
800 942 888 998 his
917 956 1091 1012 opaca
1123 938 1272 995 fecit.
1312 937 1467 1006 Quod
1520 938 1566 993 si
1612 937 1733 1008 ipse
1774 934 2125 1007 plantaverit,

547 1051 680 1092 sane
706 1034 869 1090 utiles
903 1040 1074 1089 sunt:
1111 1031 1319 1103 optima
1369 1031 1571 1101 quippe
1614 1036 1745 1085 sunt
1790 1040 2128 1099 quaecunque

548 1127 693 1184 Deus
716 1125 915 1183 etl'eeit.
939 1125 1075 1181 Cum
1094 1139 1258 1195 porro
1274 1123 1470 1178 Libani
1494 1131 1765 1192 tanquam
1782 1117 2127 1175 celeberrimi

548 1221 883 1276 mentionem
948 1219 1099 1285 fecit,
1154 1233 1370 1275 necnon
1436 1216 1729 1273 cedrorum
1789 1213 1935 1284 ejus,
1989 1210 2129 1267 alios

546 1314 711 1368 etiam
737 1322 952 1368 montes
982 1319 1035 1367 et
1066 1311 1291 1367 arbores
1326 1310 1412 1366 his
1445 1308 1800 1380 signiﬁcavit.
1838 1305 1966 1361 Illic
2001 1320 2128 1374 pas-

547 1420 687 1459 seres
732 1404 1103 1475 nidiﬁcabunt.
1148 1401 1339 1457 Erodii
1394 1401 1582 1457 domus
1626 1402 1737 1456 dua:
1802 1410 1884 1457 est
1923 1416 2125 1455 eorum.

546 1496 744 1567 Aquila
791 1498 871 1553 sic
908 1496 1075 1552 habet
1114 1512 1128 1549 :
1163 1495 1286 1550 Illic
1347 1513 1464 1550 aves
1519 1494 1893 1565 nidiﬁcabunt.
1930 1491 2130 1547 Erodio

549 1588 745 1645 abietcs
774 1588 961 1643 domus
999 1590 1121 1658 ipsi.
1167 1588 1305 1644 Nam
1361 1589 1447 1644 ba:
1496 1588 1630 1659 ipsa:
1683 1587 1911 1643 arbores
1963 1585 2131 1640 alium

548 1680 772 1747 quidem
818 1682 1156 1749 hominibus,
1188 1682 1355 1738 alium
1386 1695 1519 1738 vero
1553 1679 1747 1737 avibus
1788 1692 1949 1735 usum
1993 1692 2133 1748 pra:-

547 1769 701 1825 bent.

621 1945 792 2005 Vsns.
842 1949 931 2005 19.
971 1948 1122 2005 Fecit
1158 1950 1339 2007 lunam
1369 1951 1425 2006 in
1445 1961 1682 2022 tempora
1715 1968 1733 2007 :
1767 1952 1849 2007 sol
1894 1952 2127 2023 cognovit

552 2055 797 2094 occasum
826 2058 1002 2097 suum.
1031 2042 1168 2099 Cum
1230 2052 1446 2100 terrena
1503 2045 1687 2100 omnia
1732 2044 2130 2110 recensuisset,

548 2129 1018 2206 invisibiliumque
1046 2143 1367 2191 naturarum
1414 2137 1746 2192 creationem
1769 2136 2130 2202 exhibuisset,

552 2223 820 2277 coelorum
854 2224 985 2280 item
1016 2227 1297 2296 opiﬁcium
1339 2226 1770 2291 subindicasset,
1797 2240 1946 2282 nunc
1971 2226 2135 2282 lumi-

550 2315 771 2369 narium
803 2317 1136 2373 mentionem
1168 2316 1319 2384 facit,
1350 2334 1473 2388 quae
1518 2326 1715 2389 quarto
1770 2317 1863 2375 die
1910 2317 2139 2373 condita

552 2414 703 2460 sunt.
735 2404 849 2462 Nec
881 2407 1002 2464 sine
1031 2409 1267 2465 consilio
1307 2410 1546 2464 arbitror
1584 2425 1650 2465 ea
1700 2424 1823 2480 qua:
1879 2410 2136 2481 superius

550 2497 917 2566 praetermissa
938 2497 1286 2562 videbantur,
1323 2498 1544 2569 quando
1579 2497 1647 2553 de
1679 2499 1844 2555 rebus
1895 2498 2135 2557 coelesti-

548 2587 679 2652 bus,
711 2587 778 2643 de
811 2588 1052 2644 nubibus
1076 2598 1130 2645 et
1155 2590 1331 2646 ventis
1350 2590 1513 2645 verba
1534 2590 1758 2657 fecerat,
1779 2606 1927 2646 nunc
1954 2606 2136 2647 sermo

552 2679 819 2745 resumit,
878 2695 943 2736 ea
989 2689 1115 2752 post
1169 2689 1251 2736 tot
1299 2681 1407 2735 alia
1449 2682 1725 2737 recensita
1791 2698 2135 2752 memorans;

552 2785 743 2825 verum
764 2780 824 2825 ut
843 2771 1037 2828 doceat
1078 2773 1193 2828 haec
1219 2790 1440 2845 quoque
1472 2775 1541 2830 ad
1574 2774 1871 2831 utilitatem
1914 2775 2136 2832 condita

553 2857 747 2916 fuisse.
775 2859 1029 2916 Forsitan
1085 2864 1231 2919 enim
1259 2866 1304 2920 si
1345 2866 1458 2920 ham
1500 2863 1680 2935 primo
1731 2866 1853 2922 loco
1894 2881 2136 2922 comme-

554 2962 845 3022 morasset,
878 2955 1099 3011 occasio
1129 2955 1383 3027 quadam
1445 2960 1639 3015 relicta
1689 2958 1758 3016 iis
1788 2958 2007 3022 fuisset,
2041 2959 2137 3029 qui

554 3044 715 3116 quasi
747 3045 933 3101 divina
962 3054 1016 3102 et
1044 3055 1305 3118 tanquam
1336 3064 1560 3107 causam
1596 3050 1977 3122 productionis
2017 3050 2138 3104 ani—

555 3135 782 3190 malium
846 3146 899 3193 ct
964 3138 1244 3194 fructuum
1294 3148 1475 3207 terrae,
1536 3142 1656 3212 ipsa
1723 3141 1953 3197 colenda
2016 3155 2137 3196 esse

555 3225 850 3283 duxerunt.
877 3227 993 3284 Hoc
1036 3246 1233 3303 nempe
1254 3247 1380 3290 cum
1415 3232 1493 3289 illi
1521 3234 1615 3305 qui
1648 3249 1679 3288 a
1727 3234 1929 3305 pietate
1972 3233 2138 3287 alieni

554 3326 714 3372 erant
760 3321 1178 3391 existimarent;
1211 3326 1455 3379 animum
1487 3326 1817 3398 appulerunt
1855 3334 1914 3380 ut
1968 3325 2140 3380 solem

556 3413 612 3460 et
648 3406 856 3476 lunam,
887 3418 1147 3480 tanquam
1182 3412 1316 3471 deos
1374 3415 1773 3485 generationis,
1810 3415 2056 3471 alimenti
2086 3422 2142 3469 et

558 3498 882 3555 incrementi
925 3505 1100 3559 nostri
1134 3515 1413 3575 auctores,
1452 3507 1716 3563 colerent.
1758 3506 1862 3564 Sed
1923 3508 2143 3564 divinus

558 3608 740 3648 sermo
770 3592 823 3649 id
855 3596 1079 3655 minime
1110 3601 1307 3670 probat
1342 3620 1355 3656 :
1390 3601 1673 3657 enimvero
1704 3601 1953 3666 atIirmat,
1975 3601 2141 3656 etiam

558 3685 697 3740 citra
724 3686 935 3753 isthmc,
964 3691 1333 3748 universalem
1382 3692 1531 3748 illam
1575 3692 1671 3750 Dei
1719 3694 2142 3765 providentiam,

560 3792 670 3832 non
698 3779 877 3834 solum
906 3798 1027 3852 qum
1057 3783 1114 3837 in
1148 3784 1327 3849 caelis,
1360 3785 1458 3841 sed
1489 3786 1655 3841 etiam
1695 3802 1819 3856 quae
1876 3788 1932 3841 in
1975 3796 2140 3853 terra,

560 3869 818 3926 animalia
848 3889 1043 3944 nempe
1061 3876 1406 3948 plantasque,
1441 3878 1795 3947 produxisse.
1844 3877 1970 3933 Haec
2013 3878 2143 3935 item

559 3959 778 4032 Moyses
801 3972 860 4018 ut
880 3964 1123 4032 doceret,
1142 3969 1320 4038 primo
1348 3972 1662 4041 plantarum
1686 3971 2028 4027 terrestrium
2053 3985 2146 4024 or-

557 4060 700 4119 tum,
720 4054 915 4110 deinde
931 4057 1281 4117 luminarium
1302 4060 1721 4130 productionem
1737 4059 1970 4114 induxit.
1988 4058 2145 4115 Nunc

561 4144 690 4199 item
722 4146 893 4203 David
915 4149 1096 4205 denuo
1117 4152 1355 4207 recurrit
1373 4152 1439 4207 ad
1463 4153 1773 4208 caelestium
1794 4153 1940 4207 illam
1963 4153 2146 4223 provi-

562 4238 829 4309 dentiam,
862 4258 927 4298 ac
952 4246 1105 4299 nulla
1155 4246 1262 4301 alia
1318 4247 1386 4305 de
1427 4262 1598 4303 causa
1645 4248 1926 4303 conditam
1957 4248 2143 4302 lunam

564 4330 736 4388 fuisse
762 4335 858 4399 ait,
873 4349 1036 4405 quam
1058 4337 1127 4391 ad
1149 4341 1619 4395 enumerationem
1646 4348 1701 4395 et
1719 4339 1970 4393 notitiam
1992 4355 2145 4394 men-

566 4425 709 4481 sium
733 4435 788 4481 et
804 4426 1015 4481 dierum
1036 4444 1048 4480 :
1067 4443 1192 4483 nam
1212 4429 1365 4497 illud,
1385 4433 1437 4485 in
1454 4440 1706 4500 tempora,
1722 4430 1793 4485 idi
1802 4447 1956 4501 psum
1975 4431 2146 4502 signi-

567 4517 729 4587 ﬁcat;
762 4520 816 4575 id
848 4529 953 4586 est,
987 4523 1523 4579 utconversiouibus
1546 4524 1664 4593 ejus
1704 4534 2007 4593 temporum
2033 4538 2147 4577 mu-

565 4611 806 4666 tationes
848 4610 1274 4683 dignoscantur,
1321 4630 1386 4671 ac
1430 4631 1647 4672 menses
1690 4623 2049 4669 numerentur
2091 4622 2150 4669 et

566 4704 719 4759 anni.
742 4702 878 4759 Nam
928 4708 1072 4763 lunae
1120 4709 1455 4765 variationes
1482 4709 1537 4763 id
1577 4716 1859 4780 prazstant,
1894 4716 1953 4762 ut
1976 4708 2151 4779 possit

566 4804 784 4868 tempus
838 4802 1400 4859 uumerari:mensis
1448 4803 1649 4874 quippe
1688 4818 2007 4859 mensuram
2056 4803 2152 4857 illa

567 4888 1421 4967 incrementoimminutioneque
1454 4911 1556 4953 sua
1587 4895 1787 4964 eﬂicit;
1819 4895 1896 4950 ita
1923 4904 1984 4951 ut
2006 4896 2151 4952 luna:

567 4983 775 5037 creatio
824 4985 890 5039 ad
950 4992 1259 5056 temporum
1311 4988 1619 5043 doctrinam
1652 4987 1795 5043 facta
1826 4988 1921 5044 sit.
1964 4987 2151 5059 Neque

568 5072 785 5128 modica
810 5074 939 5131 hinc
968 5078 1175 5134 utilitas
1203 5081 1406 5144 evenit,
1430 5078 1579 5151 quod
1621 5080 1830 5135 scilicet
1857 5088 2151 5153 tempesta-

569 5176 653 5223 tes
712 5168 1141 5240 dignoscantur,
1201 5181 1257 5228 et
1317 5174 1387 5228 ad
1428 5174 1613 5229 omnia
1673 5173 1974 5245 quemlibet
2029 5189 2151 5227 sese

570 5259 840 5318 adornare
896 5262 1131 5321 facultas
1170 5266 1263 5321 sit.
1308 5265 1367 5320 Si
1400 5266 1548 5321 enim
1578 5281 1686 5322 non
1727 5267 1802 5321 ita
1837 5282 1896 5322 se
1932 5280 2023 5321 res
2053 5265 2154 5318 ha-

569 5352 746 5420 beret,
776 5356 963 5413 omnia
986 5367 1211 5415 ruerent
1239 5359 1294 5413 in
1339 5358 1569 5413 exitium
1594 5376 1610 5427 ;
1641 5374 1767 5414 cum
1799 5374 1977 5430 neque
2008 5359 2154 5429 agri-

570 5447 710 5516 cola,
753 5465 931 5521 neque
977 5459 1167 5517 nauta,
1202 5454 1285 5508 vel
1337 5459 1542 5507 terram
1578 5452 1662 5508 vel
1710 5468 1862 5508 mare
1902 5450 2155 5507 sulcaudi

573 5550 947 5613 opportunum
1000 5552 1219 5618 tempus
1266 5547 1643 5602 internoscere
1700 5547 1965 5601 valerent.
2027 5544 2155 5600 Haec

576 5647 740 5701 porro
767 5643 1073 5706 temporum
1110 5638 1323 5702 notitia,
1364 5653 1477 5693 non
1507 5636 1820 5692 hominibus
1848 5637 2034 5701 modo,
2058 5636 2154 5691 sed

574 5722 739 5778 etiam
771 5723 952 5780 brutis
994 5725 1190 5782 idonea
1233 5729 1635 5798 utilissimaque
1662 5734 1766 5783 est.
1808 5726 1885 5782 De
1920 5727 2156 5781 lumina-

577 5815 729 5873 ribus
770 5815 933 5873 etiam
989 5816 1045 5873 in
1084 5817 1280 5875 Genesi
1322 5820 1526 5878 dicitur
1553 5837 1564 5873 ε
1594 5819 1712 5877 Sint
1749 5821 1801 5876 in
1826 5820 1975 5891 signa
2019 5830 2067 5874 et
2103 5821 2155 5874 in

2227 581 2413 618 σαντα.
2445 565 2513 616 Αἱ
2543 560 2742 629 κέδροι
2780 559 2886 612 τοῦ
2918 558 3176 613 Λιϐάνου
3202 556 3280 623 ἇς
3309 558 3630 625 ἐφύτευσαν.
3651 564 3730 618 κα.

2224 656 2331 720 λῶς
2366 654 2443 725 τῷ
2482 653 2601 725 Θεῷ
2646 650 2998 725 προσέγραψε
3041 650 3148 702 τῶν
3180 649 3390 720 κέδρων
3418 650 3510 721 τὴν
3534 655 3729 717 φυτείαν

2224 749 2304 802 ὅτι
2331 747 2485 810 ἐκτὸς
2516 744 2859 816 ἀνθρωπίνης
2885 741 3199 814 ἐπιμελείας
3245 741 3340 795 ἐπὶ
3367 742 3594 796 τοσοῦτον
3614 746 3731 818 ηὐξή-

2227 840 2416 911 θησαν.
2448 840 2523 892 Οὐ
2552 839 2661 909 γὰρ
2688 838 2991 909 ἀλσοκόμος
3014 853 3099 899 τις
3126 834 3334 889 τούτων
3358 834 3535 903 γέγονε
3560 855 3732 911 φυτουρ-

2226 931 2350 1000 γός·
2381 930 2495 985 ἀλλ’
2520 932 2548 984 ό
2580 929 2721 993 θεῖος
2769 930 2960 998 Λόγος,
3002 927 3337 999 ἀμφιλαφεῖς
3373 927 3467 991 τὰς
3508 928 3601 982 τῶν
3636 932 3734 1002 ὀρῶν

2226 1024 2522 1095 εἰργάσατο
2566 1024 2831 1096 κορυφάς.
2882 1022 2953 1076 Ei
2976 1021 3035 1075 δὲ
3066 1020 3226 1084 αὐτὸς
3273 1019 3547 1090 ἐφύτευσε,
3576 1022 3736 1087 πάντως

2228 1117 2310 1170 ὅτι
2345 1118 2589 1188 χρήσιμα
2608 1133 2621 1147 ·
2658 1116 2836 1169 πάντα
2872 1114 2983 1186 γὰρ
3014 1115 3116 1167 ὅσα
3148 1113 3415 1183 ἐποίησεν.
3435 1115 3462 1166 ὁ
3486 1113 3615 1178 Θεὸς,
3640 1116 3737 1170 καὶά

2229 1207 2369 1263 λίαν.
2403 1208 2509 1262 Τοῦ
2553 1207 2655 1280 μὲν
2696 1207 2928 1263 Λιϐάνου
2973 1206 3050 1269 ὡς
3091 1205 3371 1275 ἐπισήμου
3416 1208 3737 1277 μνημονεύσας,

2230 1299 2324 1354 καὶ
2352 1298 2461 1353 τῶν
2490 1299 2548 1352 ὲν
2590 1298 2739 1370 αὐτῷ
2767 1298 2996 1370 κέδρων,
3030 1297 3126 1352 καὶ
3154 1297 3221 1350 τὰ
3251 1295 3391 1350 ἄλλα
3416 1296 3512 1368 ὅρη
3553 1298 3628 1349 mi
3657 1298 3737 1350 δένο

2230 1392 2334 1463 δρα
2377 1392 2466 1446 διὰ
2513 1390 2729 1447 τούτων
2762 1391 3049 1462 ἐδήλωσεν.
3089 1389 3256 1444 Ἑκεῖ
3278 1391 3557 1457 στρουθία
3582 1392 3737 1445 ἐννεσ-

2229 1486 2551 1540 σεύσουσι.
2579 1483 2690 1540 Τοῦ
2714 1482 2959 1552 ἐρωδιοῦ
2987 1483 3024 1550 ἡ
3058 1483 3217 1536 οὶκία
3246 1480 3473 1551 ἡγεῖται
3499 1481 3677 1537 αὐτῶν,
3702 1486 3739 1535 '0

2244 1577 2475 1641 Ἀκύλας
2503 1576 2673 1641 οὕτως
2698 1576 2825 1647 ,ἔχει
2844 1593 2858 1606 ο
2913 1576 3077 1630 Ἐκεῖ
3113 1575 3296 1644 ὄρνεα
3334 1576 3735 1629 νοις-σώσουσιν.

2245 1667 2495 1736 Ἐρωδιῷ
2529 1665 2737 1722 ἐλάται
2766 1662 2931 1732 οἶκος
2963 1664 3143 1731 αὐτῷ.
3176 1666 3258 1718 Τά
3291 1665 3402 1737 γὰρ
3449 1665 3574 1719 αὐτὰ
3607 1666 3739 1737 δένδρα

2233 1760 2399 1830 ἀλλην
2451 1759 2552 1831 μὲν
2593 1756 2903 1830 ἀνθρώποις
2941 1757 3152 1830 χρείαν,
3183 1756 3356 1828 ἄλλην
3383 1756 3437 1810 δὲ
3474 1759 3575 1821 τοῖς
3594 1758 3737 1827 ὀρνέοις

2162 1827 2206 1887 Β
2236 1827 2482 1924 παρέχει.

2318 1945 2600 2015 Ἐποίησε
2629 1943 2905 2012 σελήνην
2939 1946 3028 2011 εὶς
3070 1943 3341 2012 καιρούς·
3389 1944 3425 1997 ό
3455 1941 3607 2009 ἥλιος
3636 1944 3737 2012 ἔγνω

2233 2038 2349 2108 τὴν
2378 2037 2560 2093 δύσιν
2588 2035 2796 2092 αὐτοῦ.
2824 2036 2905 2091 Τὰ
2946 2036 3088 2091 κατά
3124 2037 3229 2107 γῆν
3262 2034 3479 2090 ἅπαντα
3510 2034 3737 2100 διεξελθὼν,

2234 2131 2331 2187 καὶ
2368 2129 2478 2185 τῶν
2522 2129 2770 2201 ἀοράτων
2808 2129 3025 2199 φύσεων
3063 2130 3163 2201 τὴν
3199 2125 3557 2199 δημιουργίαν
3590 2125 3735 2190 δεέξις,

2235 2224 2331 2278 καὶ
2354 2220 2462 2275 τῶν
2487 2220 2731 2292 οὐρανῶν
2756 2220 3043 2287 ὑποδείξας
3070 2220 3170 2290 τὴν
3195 2219 3440 2289 ποίησιν,
3470 2216 3556 2270 νῦν
3577 2216 3653 2269 καὶ
3672 2216 3738 2267 τῶν

2236 2318 2541 2388 φωστήρων
2573 2316 2809 2367 ποιεῖται
2833 2314 2935 2387 τὴν
2968 2313 3209 2385 μνήμην,
3238 2312 3292 2366 οἳ
3330 2309 3469 2365 κατὰ
3490 2309 3578 2381 τὴν
3606 2310 3736 2378 τετάρ-

2235 2427 2335 2481 την
2360 2408 2573 2480 ἡμέραν
2606 2406 2873 2476 ἐγένοντο.
2904 2404 3020 2460 Οὐκ
3045 2405 3310 2467 ἀσκόπως
3331 2403 3409 2467 δὲ,
3440 2396 3577 2471 οἶμαι
3613 2400 3665 2453 τὰ
3686 2400 3739 2451 ἱὸ-

2237 2501 2404 2567 ξαντα
2433 2501 2489 2554 ἐν
2520 2502 2632 2563 τοῖς
2663 2500 2790 2554 ἄνω
2820 2496 3270 2569 παραλελεῖφθαι,
3304 2496 3395 2549 ὅτε
3422 2494 3487 2547 τὰ
3509 2493 3737 2562 κατίὖρα-

2237 2591 2328 2646 νὺν
2356 2591 2450 2644 καὶ
2499 2588 2567 2643 τὰ
2606 2589 2734 2660 περὶ
2773 2589 2949 2660 νεφῶν
2994 2586 3088 2641 καὶ
3122 2587 3351 2659 ἀνέμων
3390 2581 3737 2653 ὲλέγετο,,ν]νό

2236 2683 2395 2752 λόγος
2453 2680 2894 2754 ὲπαναλαμὸἀνει
2918 2722 2934 2746 ,
2982 2679 3118 2751 μετά
3164 2677 3406 2731 τοσαῦτα
3447 2672 3737 2748 μνημονεύεις

2238 2774 2439 2840 αὐτῶν,
2478 2773 2595 2827 ἀλλ’
2627 2773 2769 2845 ὑπὲρ
2800 2771 2893 2826 τοῦ
2931 2771 3163 2838 διδάξαι,
3193 2771 3280 2824 ὅτι
3313 2770 3410 2825 καὶ
3439 2768 3593 2822 ταῦτα
3614 2766 3738 2837 χρείας

2237 2864 2421 2917 ἕνεκεν
2448 2865 2678 2934 ὑπέστη.
2708 2864 2860 2933 Τάχα
2887 2862 3016 2934 γάρ,
3046 2864 3096 2915 εἰ
3129 2862 3351 2933 πρῶτον
3383 2860 3549 2915 αὐτῶν
3572 2856 3738 2929 ἐμνημό-

2238 2957 2678 3027 νευσεν,ἀφορμή
2702 2973 2786 3019 τις
2811 2955 3165 3009 κατελείπετο
3180 2957 3297 3019 τοῖς
3322 2953 3399 3017 ὡς
3423 2952 3531 3007 θεῖα
3550 2951 3637 3003 δεῖν
3648 2947 3737 3001 uiti

2242 3052 2418 3107 σέϐειν
2461 3052 2806 3124 ἡγουμένοις,
2859 3052 2956 3107 καὶ
2997 3051 3073 3116 ὡς
3125 3051 3275 3104 αἴτια
3323 3049 3423 3120 τῆς
3452 3047 3548 3101 τῶν
3573 3046 3644 3098 ἐπὶ
3672 3043 3737 3113 γῆς

2166 3175 2208 3234 C
2242 3144 2395 3210 ζώων
2431 3162 2492 3198 τε
2537 3145 2631 3198 καὶ
2665 3143 2892 3214 καρπῶν
2926 3143 3256 3207 συστάσεως.
3298 3143 3468 3196 Τοῦτο
3493 3140 3603 3211 γοῦν
3622 3138 3735 3203 οἱτῆς

2243 3236 2524 3300 εὐσεϐείας
2545 3235 2814 3307 ἀλλότριοι
2840 3236 3161 3306 νομίσαντες
3184 3235 3515 3307 ὡρμήθησαν
3538 3231 3673 3285 σέόειν
3689 3228 3735 3289 ὡς

2244 3330 2398 3394 θεοὺς
2427 3330 2576 3401 ἥλιον
2603 3330 2697 3384 καὶ
2743 3328 2994 3400 σελήνην,
3025 3328 3101 3393 ὡς
3128 3329 3192 3383 ἂν
3238 3330 3343 3400 τῆς
3376 3327 3617 3400 ἡμετέρας
3636 3323 3733 3391 γενέ-

2246 3420 2384 3486 σεώς
2427 3439 2488 3474 τε
2540 3422 2635 3475 καὶ
2678 3420 2885 3493 τροφῆς
2932 3422 3027 3475 καὶ
3068 3422 3350 3493 αὐξήσεως
3395 3419 3594 3480 αἰτίους.
3644 3412 3733 3465 Ἀλλ’

2242 3511 2478 3566 οὐκέτιὸ
2506 3511 2651 3575 θεῖος
2687 3512 2843 3582 λόγος
2881 3513 3038 3567 τοῦτο
3079 3514 3431 3587 παρίστησιν,
3461 3510 3560 3565 ἀλλ’
3590 3511 3650 3561 ὅτι
3675 3505 3734 3558 γαί

2244 3602 2447 3657 τούτων
2503 3605 2660 3668 ἐκτὸς
2686 3606 2719 3675 ἡ
2750 3603 2981 3660 καθόλου
3017 3604 3240 3675 πρόνοια
3272 3604 3370 3657 τοῦ
3404 3602 3527 3657 Θεοῦ
3560 3602 3610 3653 οὐ
3632 3600 3734 3669 μόνον

2242 3692 2313 3747 τά
2352 3696 2470 3748 κατ’
2515 3696 2765 3767 οὐρανὸν,
2811 3695 2947 3749 ἀλλά
2987 3697 3081 3750 καὶ
3109 3695 3178 3749 τά
3204 3697 3299 3749 ἐπὶ
3325 3696 3426 3767 γῆς
3460 3694 3733 3761 συνεστήσατο

2244 3788 2360 3854 ζῶά
2381 3805 2439 3843 τε
2463 3790 2556 3844 καὶ
2576 3791 2736 3859 φυτά.
2756 3789 2928 3844 Τοῦτο
2952 3791 3047 3844 καὶ
3068 3790 3272 3860 Μωσῆς
3296 3788 3496 3855 διδάξαι
3517 3782 3731 3857 βουληθεὶς,

2244 3880 2465 3952 πρῶτον
2501 3882 2766 3954 εἰσήγαγε
2800 3883 2900 3954 τὴν
2935 3882 3044 3936 τῶν
3089 3880 3197 3934 ἀπὸ
3230 3881 3339 3952 γῆς
3379 3880 3546 3951 φυτῶν
3570 3877 3730 3946 γένεσιν,

2246 3972 2345 4028 εἷθ’
2370 3976 2541 4041 οὕτως
2569 3976 2668 4048 τὴν
2693 3976 2802 4030 τῶν
2828 3976 3133 4046 φωστήρων
3160 3974 3436 4027 σύστασιν.
3477 3973 3570 4025 Καὶ
3603 3968 3671 4020 νῦν
3698 3964 3732 4016 δὲ

2243 4072 2273 4124 ό
2294 4070 2455 4122 Δαυῒδ
2482 4068 2772 4141 ἀνατρέχει
2794 4068 2956 4122 πάλιν
2976 4068 3068 4120 ἐπὶ
3089 4066 3186 4137 τὴν
3208 4067 3266 4119 ὲν
3286 4068 3522 4138 οὐρανοῖς
3540 4064 3729 4134 πρόνοιαν.

2244 4161 2310 4215 δι’
2353 4161 2505 4215 οὐδὲν
2551 4162 2739 4231 ἕτερον
2783 4160 2883 4232 τὴν
2929 4161 3160 4233 σελήνην
3210 4159 3524 4231 γεγενῆσθαι
3546 4150 3728 4222 λέγωκῆ

2246 4254 2384 4326 πρὸς
2412 4254 2644 4325 ἀριθμὸν
2685 4254 2779 4307 καὶ
2823 4253 3112 4321 διάγνωσιν
3159 4253 3346 4324 μηνῶν
3371 4270 3427 4307 τε
3451 4255 3533 4306 καὶ
3555 4242 3726 4319 ἡμερῶν

2246 4344 2308 4397 τὸ
2344 4344 2474 4415 γὰρ,
2493 4347 2579 4411 είς
2601 4344 2872 4413 καιροὺς,
2903 4345 3063 4399 τοῦτο
3096 4344 3247 4417 δηλοῖ
3265 4362 3279 4376 ·
3325 4343 3588 4402 τουτέστιν,
3610 4338 3666 4397 είς
3693 4331 3729 4381 τὺ

2247 4433 2624 4503 διαγινώσκειν
2649 4434 2736 4489 διὰ
2760 4436 2869 4489 τῶν
2892 4438 2949 4489 ὲν
2972 4436 3108 4508 αὐτῇ
3130 4437 3348 4509 τροπῶν
3373 4434 3464 4498 τὰς
3484 4432 3575 4485 τῶν
3594 4422 3727 4495 καιρῶν

2180 4527 2223 4582 Ῑ)
2252 4526 2576 4596 μεταϐολὰς,
2609 4529 2689 4590 εἰς
2714 4528 2776 4581 τὸ
2822 4528 2999 4598 μῆνας
3024 4528 3275 4601 ἀριθμεῖν
3307 4527 3400 4581 καὶ
3430 4520 3667 4580 ἐνιαυτούς.
3690 4514 3728 4564 Αἰ

2252 4619 2362 4690 γὰρ
2400 4619 2501 4689 τῆς
2541 4620 2770 4692 σελήνης
2814 4618 3129 4684 ἀλλοιώσεις
3157 4620 3464 4693 μετρεῖσθαι
3494 4616 3572 4669 τὸν
3605 4610 3730 4682 χρόνον

2253 4711 2758 4783 παρασκευάζουσι·
2785 4711 2880 4766 τοῦ
2901 4711 3012 4784 γὰρ
3036 4713 3203 4784 μηνὸς
3222 4713 3284 4766 τδ
3306 4713 3491 4786 μέτρον
3511 4706 3619 4774 αὕτη
3638 4698 3730 4754 ποιεῖ

2251 4805 2310 4858 ὲν
2345 4804 2636 4869 τοσαύταις
2678 4805 2915 4877 ἡμέραις
2959 4804 3269 4871 αὐξάνουσά
3308 4823 3369 4859 τε
3402 4803 3489 4858 καὶ
3517 4798 3725 4869 φθίνουπ’

2251 4894 2392 4949 ὥστε
2418 4896 2451 4965 ἡ
2490 4894 2592 4965 τῆς
2636 4894 2863 4965 σελήνης
2892 4894 3226 4965 δημιουργία
3253 4895 3343 4949 διὰ
3364 4895 3456 4965 τὴν
3478 4892 3566 4943 τῶν
3588 4879 3727 4954 καιρῶν

2250 4986 2598 5042 διδασκαλίαν
2628 4985 2869 5055 γέγονεν⁹
2899 4986 3013 5057 Οὐχ
3046 4988 3079 5057 ἡ
3112 4986 3350 5058 τυχοῦσα
3380 4986 3432 5039 δὲ
3460 4981 3588 5054 χρεία
3609 4970 3727 5027 ἐντεῖ-

2252 5082 2343 5136 θεν
2367 5080 2587 5135 ἀνύεται
2622 5082 2687 5134 ἐκ
2715 5080 2810 5133 τοῦ
2844 5082 3069 5153 καιροὺς
3111 5080 3311 5134 εἰδέναι
3356 5079 3442 5133 καὶ
3466 5066 3725 5145 παραπευῶ

2252 5173 2441 5238 ζεσθαι
2469 5172 2606 5245 πρὸς
2638 5172 2881 5227 ἅπανταο
2922 5170 3020 5236 ὡς,
3050 5174 3099 5225 εί
3128 5175 3203 5243 μὴ
3244 5170 3397 5225 τοῦτο
3422 5165 3498 5240 ἦν,
3534 5163 3666 5216 πάντα
3686 5153 3726 5205 ἃ)

2252 5264 2542 5328 ἀπολώλει,
2570 5263 2695 5318 οὐτε
2731 5264 3004 5337 γεωργοῦ,
3043 5262 3169 5317 οὐτε
3201 5264 3414 5325 ναύτου,
3443 5256 3523 5312 τοῦ
3565 5254 3637 5324 μὲν

2253 5357 2355 5427 γῆν
2381 5354 2721 5426 ἀνατέμνειν,
2744 5354 2838 5408 τοῦ
2851 5333 2923 5408 *δὲ
2944 5355 3043 5425 τὴν
3066 5353 3342 5407 θάλασσαν
3362 5351 3534 5410 είδότος
3550 5346 3596 5397 ἐν
3611 5333 3723 5405 καίμξ)

2254 5444 2331 5517 τῷ
2365 5447 2713 5517 προσήκοντι.
2748 5444 2897 5517 Αὕτη
2932 5447 2967 5518 ἡ
2999 5447 3065 5500 ὲκ
3089 5446 3198 5500 τῶν
3227 5444 3429 5518 καιρῶν
3446 5440 3610 5493 τούτων

2258 5557 2342 5604 σις
2367 5540 2469 5593 οὐκ
2496 5537 2806 5609 ἀνθρώποις
2840 5539 3021 5611 μόνον,
3047 5539 3183 5593 ἀλλά
3211 5540 3305 5593 καὶ
3323 5538 3512 5605 ἀλόγοις
3530 5518 3721 5593 ἐπιτηδεία

2257 5638 2354 5689 καὶ
2405 5635 2828 5708 χρησιμωτάτη.
2863 5633 3002 5705 Περὶ
3041 5632 3151 5687 τῶν
3192 5632 3477 5702 φωστήρων
3512 5620 3585 5677 καὶ
3612 5619 3652 5669 ἐν
3678 5612 3718 5677 τί)

2256 5728 2469 5782 Γενέσει
2504 5728 2739 5799 εἴρηται·
2784 5726 3099 5777 Ἔστωσαν
3119 5724 3209 5788 εὶς
3232 5718 3443 5790 σημεῖα
3464 5712 3541 5767 καί
3560 5710 3624 5771 εὶς
3641 5715 3719 5753 καί·

2250 5819 2420 5890 μοῦς’
2467 5819 2564 5874 καὶ
2607 5822 2693 5886 εἰς
2727 5818 2951 5891 ἡμέρας
2983 5816 3081 5872 καὶ
3117 5818 3204 5882 είς
3244 5808 3546 5872 ἐνιαυτούς·
3571 5801 3627 5858 εἰς
3655 5807 3713 5855 εξ·
