3964 6498
184 355 322 411 1281

1244 354 1747 413 COMMENTARIA
1786 352 1851 406 IN
1890 351 2226 409 PSALMOS.

3292 346 3430 402 1282

182 471 314 538 μεῖα
349 468 449 540 μὲν
472 468 798 541 ἐπομϐρίας,
833 469 1078 541 αὐχμῶν,
1106 472 1431 541 πνευμάτων
1461 472 1756 542 κινήσεωςο

1868 478 2118 537 tempora,
2151 467 2206 519 in
2243 465 2354 520 dies
2385 472 2433 520 et
2480 479 2645 519 annos
2688 464 2766 531 “;
2801 462 2855 517 in
2891 462 3047 533 signa
3068 459 3289 532 quidem
3332 461 3433 514 im-

178 561 261 622 ε’ίς
290 559 517 631 καιροὺς
548 560 624 624 δὲ,
660 560 757 623 τάς
782 559 891 613 τῶν
914 560 1091 631 ἀέρων
1124 561 1443 629 ἐναλλαγὰς,
1471 560 1758 632 χειμῶνος,

178 650 366 721 ἔαρος,
403 650 612 721 θέρους,
664 650 983 724 μετοπώρου
1007 671 1020 683 ·
1055 652 1122 716 ἃς
1153 652 1429 717 εὐτάκτως
1474 654 1620 724 ἡμᾶς
1667 669 1764 705 πε-

182 741 447 811 ριοδεύειν
473 742 535 795 τὺ
562 743 891 813 τεταγμένον
916 744 1015 815 τῆς
1035 745 1301 815 κινήσεως
1323 746 1429 799 τῶν
1459 748 1644 818 φωστή
1656 763 1763 818 ρων

180 832 450 902 παρέχει·
484 834 565 896 εἰς
594 833 805 904 ἡμέρας
836 835 913 897 δὲ,
960 836 1060 906 οὐχ
1108 835 1250 889 ὥστε
1296 837 1511 908 ἡμέρας
1554 841 1757 891 ποιεῖν’

176 924 367 997 ἡμέρα
400 924 508 995 γὰρ
553 926 648 979 καὶ
675 926 782 997 ,νὺξ
816 926 1164 1001 πρεσσὺτερα
1187 929 1288 1000 τῆς
1317 930 1426 983 τῶν
1459 931 1763 1003 φωστήρων

176 1013 482 1081 γενέσεως·
530 1015 646 1068 ἀλλ’
693 1015 833 1069 ὥστε
880 1018 1175 1091 κατάρχειν
1224 1019 1335 1074 τῶν
1380 1019 1605 1091 ἡμερῶν
1631 1037 1646 1053 ο
1683 1023 1763 1085 είς

177 1102 464 1165 ἐνιαυτοὺς
490 1103 566 1169 δὲ,
600 1104 683 1158 ὅτι
713 1105 909 1177 σελήνη
943 1106 1063 1177 μὲν,
1102 1107 1322 1161 ἐπειδὰν
1351 1108 1647 1173 δωδεκάκις
1673 1110 1763 1164 τὸν

176 1194 383 1265 ἑαυτῆς
432 1195 690 1269 ἐκτελέσῃ
740 1198 959 1269 δρόμον,
1001 1199 1247 1254 ἐνιαυτοῦ
1296 1201 1413 1253 ἐστι
1463 1203 1759 1274 ποιητική’

176 1285 406 1356 ἡλιακὸς
437 1286 494 1340 δέ
535 1288 682 1340 ἐστιν
720 1288 964 1353 ἐνιαυτὸς
997 1291 1031 1362 ἡ
1069 1291 1178 1344 ἀπὸ
1210 1292 1303 1345 τοῦ
1338 1293 1501 1346 αὐτοῦ
1533 1294 1760 1364 σημείου

96 1402 99 1405 -
175 1377 271 1430 ἐπὶ
300 1377 365 1430 τὸ
391 1378 520 1431 αὐτὸ
550 1383 771 1451 σημεῖον
796 1381 890 1435 τοῦ
920 1383 1071 1453 ἡλίου
1100 1383 1562 1448 ἀποκατάστασις.
1661 1393 1664 1396 ’

260 1470 325 1523 '0
357 1470 533 1538 ἣλιος
549 1474 703 1544 ἔγνω
720 1474 835 1543 τὴν
861 1475 1043 1529 δύσιν
1068 1475 1276 1531 αὐτοῦ.
1307 1478 1481 1532 Ἔθου
1515 1480 1757 1545 σκότος,

177 1557 277 1610 καὶ
315 1558 553 1627 ἐγένετο
582 1562 697 1625 νύξ
718 1578 732 1593 ’
763 1562 833 1615 ἐν
854 1562 1009 1631 αὺτῇ
1033 1564 1447 1619 διελεύσονται
1473 1566 1668 1620 πάντα
1691 1568 1763 1622 τὰ

176 1650 358 1717 θηρία
392 1652 498 1707 τοῦ
545 1652 793 1722 δρυμοῦ.
819 1656 1078 1724 Σκύμνοι
1104 1655 1429 1727 ὠρυόμενοι
1472 1657 1758 1727 ἁρπάσαι,

176 1743 277 1796 καὶ
326 1743 577 1813 ζητῆσαι
631 1747 792 1815 παρὰ
851 1747 957 1801 τοῦ
1013 1748 1163 1803 Θεοῦ
1233 1750 1470 1819 ,βρῶσιν
1532 1752 1756 1819 αὐτοῖς.

1860 560 2060 627 brium,
2088 566 2318 615 aestuum
2347 572 2411 613 ac
2429 566 2714 613 ventorum
2738 555 3057 611 mutationis
3076 572 3090 620 ;
3109 554 3164 609 in
3186 561 3435 623 tempora

1861 666 1991 707 vero
2040 651 2183 706 aeris
2229 650 2592 705 mutationum
2618 692 2634 717 ,
2673 649 2892 713 hiemis,
2929 646 3097 712 veris,
3136 646 3342 702 aestatis
3379 652 3437 700 et

1862 743 2142 809 autumni;
2173 757 2295 812 qua:
2314 748 2375 796 ut
2395 742 2586 797 ordine
2605 742 2861 812 periodos
2898 747 3061 810 agant
3091 747 3328 795 statutus
3356 741 3437 794 lu-

1861 834 2152 888 minarium
2197 841 2379 888 motus
2420 833 2578 889 nobis
2612 833 2888 889 ellicitzin
2928 834 3047 889 dies
3074 844 3285 898 autem,
3321 850 3432 889 non

1862 926 1937 980 ita
1958 934 2021 981 ut
2054 926 2172 982 dies
2226 925 2481 990 elliciant,
2509 926 2627 982 dies
2669 927 2813 982 enim
2848 938 2902 982 et
2930 941 3040 981 nox
3080 927 3433 981 luminarium

1861 1017 2079 1073 conditu
2113 1018 2450 1088 antiquiores
2479 1025 2646 1085 sunt;
2695 1019 2794 1074 sed
2820 1026 2879 1073 ut
2899 1018 3007 1073 diei
3046 1017 3432 1074 dominentur:

1860 1108 1919 1163 in
1948 1123 2122 1166 annos
2150 1108 2392 1175 demum,
2420 1110 2549 1180 quia
2580 1110 2708 1164 luna
2736 1109 2956 1180 quidem
2985 1125 3113 1163 cum
3143 1108 3439 1166 duodecies

1861 1213 2085 1255 cursum
2131 1214 2291 1255 suum
2336 1200 2603 1270 perﬁciat,
2657 1202 2787 1256 anni
2834 1208 2919 1255 est
2964 1208 3204 1255 auctor:
3238 1200 3443 1258 solaris

1861 1293 1990 1347 item
2028 1299 2114 1347 est
2173 1306 2371 1354 annus,
2404 1307 2602 1362 nempe
2631 1293 2701 1347 ab
2732 1292 2925 1347 eodem
2972 1293 3133 1363 signo
3180 1292 3247 1347 ad
3290 1292 3434 1347 idem

1863 1384 2041 1455 ipsum
2080 1370 2296 1453 sign'um
2336 1383 2473 1439 solis
2512 1383 2801 1439 revolutio.

1930 1472 2302 1529 νεικείω-24.
2327 1472 2421 1529 Sol
2449 1474 2687 1544 cognovit
2717 1490 2962 1529 occasum
2985 1490 3161 1528 suum.
3195 1473 3435 1528 Posuisti

1863 1565 2126 1630 tenebras,
2180 1574 2231 1620 et
2271 1564 2415 1635 facta
2468 1574 2545 1619 est
2594 1580 2724 1626 nom.
2778 1566 2831 1619 in
2885 1568 3001 1634 ipsa
3042 1565 3435 1633 pertransibunt

1862 1671 2039 1710 omnes
2072 1656 2252 1711 bestia:
2290 1655 2457 1709 silum.
2500 1653 2678 1709 Catuli
2719 1655 2925 1710 leonum
2967 1655 3228 1724 rugientes
3257 1664 3314 1707 ut
3345 1672 3437 1707 ra-

1860 1745 2028 1812 piant,
2062 1754 2112 1799 et
2170 1754 2412 1815 quaerant
2439 1762 2471 1798 a
2506 1743 2614 1799 Deo
2640 1761 2814 1798 escam
2858 1746 2978 1799 sibi.
3026 1743 3189 1800 Ortus
3216 1754 3294 1799 est
3332 1745 3435 1811 sol,

191 1833 527 1888 Ἀνέτειλεν
555 1838 589 1889 ό
624 1814 795 1904 ἣλιος
812 1879 828 1903 ,
877 1837 975 1890 καὶ
1009 1814 1501 1908 συναχθῆσονται
1521 1879 1536 1903 ,
1565 1840 1665 1893 καὶ
1690 1814 1763 1895 έν

1868 1845 1909 1889 et
1950 1814 2424 1907 congregabantur,
2470 1844 2518 1890 et
2550 1836 2605 1889 in
2649 1836 2908 1891 cubilibus
2950 1839 3061 1891 suis
3099 1838 3437 1892 collocaban-

178 1923 310 1990 ταῖς
343 1924 641 1995 μάνδραις
677 1928 878 1982 αὐτῶν
925 1929 1445 1996 κοιτασθήσονται.
1491 1932 1759 1996 Ἐξελεύ-

175 2032 353 2070 ceras
380 2018 690 2087 ἄνθρωπος
715 2020 816 2074 ἐπὶ
845 2021 907 2075 τό
934 2021 1113 2091 ἔργον
1148 2023 1355 2085 αὑτοῦ.
1392 2025 1490 2077 καὶ
1516 2025 1616 2079 ἐπὶ
1647 2026 1763 2096 τὴν

175 2109 475 2177 ἐργασίαν
503 2111 688 2169 αὑτοῦ
713 2111 824 2180 ἕως
846 2112 1128 2182 ἑσπέρας.
1168 2113 1264 2181 Ὠς
1289 2114 1663 2186 έμεταλύνθη
1691 2118 1764 2171 τὰ

175 2199 326 2270 ἔργα
379 2217 517 2270 σου,
578 2205 787 2272 Κύριε]
837 2205 1033 2259 πάντα
1068 2206 1137 2260 ἐν
1181 2209 1370 2275 σοφίᾳ
1429 2208 1757 2278 ἐποίησας·

173 2294 501 2364 ἐπληρώθη
527 2296 663 2367 ἠγῆ
698 2300 809 2367 τῆς
859 2297 1107 2365 κτίσεώς
1142 2313 1279 2354 σου.
1330 2301 1387 2355 '0
1428 2300 1577 2372 ἥλιος
1621 2302 1763 2371 ἔγνω

174 2387 278 2457 τὴν
324 2387 477 2443 δύσιν
524 2389 711 2454 αὑτοῦ,
750 2390 994 2445 τουτέστι
1032 2393 1131 2463 τὴν
1170 2393 1275 2445 ὑπὸ
1315 2392 1409 2446 τοῦ
1457 2394 1763 2465 κρείττονος

177 2479 331 2549 αὐτῷ
371 2481 821 2553 διατεταγμένην.
868 2484 1042 2539 Μόνον
1086 2485 1195 2556 γὰρ
1256 2486 1511 2556 φωτίζειν
1561 2487 1764 2557 ἔμαθεν

177 2572 371 2642 ἥλιοςσ
425 2574 547 2627 Οὐδ’
598 2575 687 2627 ἀεὶ
753 2576 849 2628 καὶ
903 2575 1228 2643 διαπαντὸς,
1274 2579 1374 2648 τῆς
1438 2577 1496 2631 δὲ
1549 2579 1761 2650 ἡμέρας

178 2664 378 2735 ἀρχὴν,
408 2664 544 2720 ἀλλὰ
569 2667 662 2719 καὶ
697 2667 755 2721 ἐν
786 2669 941 2723 νυκτὶ
988 2672 1102 2732 τοῖς
1156 2671 1216 2723 ἐν
1261 2671 1433 2742 ταύτῃ
1484 2671 1763 2741 φαίνουσιν

178 2754 407 2824 ἄστροις
451 2760 800 2828 παραχωρεῖν
829 2759 920 2812 τὸν
966 2761 1163 2814 οἰκεῖον
1194 2760 1473 2815 ἀποτελεῖν
1518 2762 1717 2833 δρόμον
1743 2778 1758 2795 ο

178 2846 328 2910 ὅπως
366 2848 561 2912 νυκτὸς
594 2850 911 2922 γενομένης,
933 2851 1026 2905 καὶ
1052 2852 1484 2917 ἐπιπολάσαντος
1510 2853 1606 2906 τοῦ
1638 2853 1763 2907 σκό-

1864 1937 1970 1982 tur.
2005 1928 2187 1982 Exibit
2219 1929 2373 1983 homo
2400 1929 2470 1981 ad
2503 1944 2631 1998 opus
2681 1944 2858 1993 suum,
2891 1940 2941 1984 et
2978 1930 3046 1983 ad
3082 1934 3440 1999 operationem

1862 2037 2015 2076 suam
2054 2038 2216 2092 usque
2267 2022 2335 2076 ad
2384 2039 2672 2092 vesperum.
2720 2024 2893 2090 Quam
2938 2025 3283 2095 magniﬁcam
3316 2032 3441 2077 sunt

1863 2127 2019 2180 opera
2056 2123 2166 2178 tua,
2210 2113 2469 2168 Domine!
2500 2114 2677 2187 omnia
2704 2115 2757 2168 in
2789 2116 3051 2183 sapientia
3099 2115 3303 2182 fecisti,
3339 2115 3442 2167 im-

1861 2204 2002 2273 pleta
2030 2214 2107 2259 est
2137 2213 2279 2259 terra
2325 2197 2586 2260 creatione
2629 2216 2743 2260 tua.
2781 2203 2874 2260 Sol
2907 2206 3164 2277 cognovit
3182 2219 3441 2261 occasum

1864 2313 2048 2365 suum,
2089 2298 2298 2354 scilicet
2320 2314 2445 2354 eum
2476 2300 2572 2369 qui
2612 2301 2715 2355 sibi
2749 2315 2780 2353 a
2809 2299 2921 2355 Deo
2951 2300 3304 2370 praescriptus
3332 2305 3439 2354 est.

1865 2387 1960 2443 Sol
1997 2389 2197 2460 quippe
2226 2389 2409 2443 lucere
2444 2396 2658 2444 tantum
2702 2390 2886 2457 novit;
2917 2406 3093 2460 neque
3137 2390 3194 2444 id
3226 2404 3443 2460 semper

1863 2493 1929 2534 ac
1961 2487 2260 2551 perpetuo;
2308 2481 2403 2536 sed
2453 2482 2547 2535 uni
2586 2496 2822 2551 praeesse
2868 2482 3001 2547 diei,
3031 2483 3088 2537 in
3122 2492 3283 2538 nocte
3312 2499 3444 2538 vero

1863 2570 2039 2628 stellis
2063 2580 2194 2627 tunc
2227 2573 2619 2642 apparentibus
2652 2573 2955 2630 concedere
2978 2575 3157 2631 locum
3188 2576 3326 2630 solet
3345 2615 3361 2641 ,
3384 2584 3444 2631 ut

1864 2664 2146 2732 proprium
2200 2662 2305 2718 sibi
2351 2677 2577 2718 cursum
2636 2662 2954 2731 conﬁciant,
3007 2674 3067 2721 ut
3120 2664 3447 2722 adveniente

1866 2758 2026 2806 nocte
2064 2766 2128 2806 ac
2162 2752 2405 2807 tenebris
2452 2759 2611 2807 terra?
2650 2752 2956 2822 superﬁciei
2996 2752 3444 2821 imminentibus,

1865 2841 2086 2896 mitiora
2113 2842 2332 2912 quidem
2382 2852 2437 2898 et
2472 2846 2849 2899 mansuetiora
2879 2845 3134 2899 animalia
3163 2852 3445 2916 receptum

178 2954 303 3002 τους
339 2941 409 3010 τῇ
452 2942 546 3011 γῇ,
598 2941 963 3013 ὑποσταλῖψαι
1007 2943 1107 3015 μέν
1155 2946 1250 2999 καὶ
1300 2946 1653 3017 ἀναχωρῆσαι
1696 2944 1763 3000 τὰ

1868 2932 2105 2989 habeant
2145 2940 2201 2988 et
2249 2934 2548 3002 secedant;
2592 2933 2722 2990 ferae
2761 2950 2893 2992 vero
2922 2936 3176 3006 quaelibet
3218 2937 3287 2991 ad
3317 2953 3447 3007 pro-

177 3030 363 3103 ἥμερα
393 3029 509 3086 τῶν
536 3029 711 3099 ζώων,
759 3035 862 3088 ὅσα
890 3034 949 3088 δέ
979 3035 1128 3090 ἐστιν
1172 3036 1341 3109 ἄγρια
1368 3037 1558 3109 θηρία,
1591 3037 1763 3094 ταῦτα

1870 3024 2050 3095 prium
2082 3025 2444 3096 quaerendum
2477 3027 2664 3082 cibum
2705 3035 2921 3094 exeant,
2954 3029 3010 3083 in
3041 3030 3264 3099 proprio
3293 3030 3445 3085 scili-

180 3122 475 3193 προσέλθοι
515 3126 609 3178 ἐπὶ
645 3126 745 3197 τὴν
788 3126 993 3182 οίκείαν
1035 3129 1282 3200 τροφήνο
1336 3132 1395 3184 ἐν
1425 3132 1609 3201 οἰκείῳ
1658 3131 1763 3204 γὰρ

1870 3122 1958 3171 cet
1991 3130 2056 3170 ac
2086 3117 2413 3187 congruenti
2441 3117 2547 3172 sibi
2572 3128 2813 3189 tempore
2831 3134 2894 3173 ac
2922 3121 3105 3177 noctis
3135 3121 3443 3179 intervallo.

178 3215 483 3287 ἁρμόξοντι
511 3218 693 3283 αὐτοῖς
720 3219 914 3292 χρόνῳ,
948 3220 1026 3292 τῷ
1059 3222 1159 3294 τῆς
1194 3223 1388 3287 νυκτὸς
1417 3224 1762 3297 διαστήματι.

178 3310 450 3378 Σκύμνοι
486 3309 807 3380 ὠρυόμενοι
852 3312 1140 3382 ἁρπάσαι,
1191 3316 1290 3371 καί
1322 3314 1569 3386 ζητῆσαι
1608 3321 1768 3387 παρὰ

174 3398 286 3453 τοῦ
316 3397 473 3453 Θεοῦ
498 3399 732 3467 βρῶσιν
761 3403 967 3471 αὐτοῖς
989 3420 1003 3435 ·
1030 3405 1112 3459 ὅτι
1136 3404 1210 3477 μὴ
1246 3408 1341 3461 καὶ
1364 3407 1548 3471 αὐτοῖς
1578 3408 1767 3473 ἐξανέ-

177 3490 355 3545 τειλεν
384 3493 426 3561 ἡ
459 3490 532 3562 γῆ
565 3492 757 3562 χόρτον
791 3492 980 3566 ὥσπερ
1010 3499 1123 3561 τοῖς
1164 3499 1384 3569 κτήνεσι
1408 3537 1425 3563 ,
1463 3500 1558 3553 καὶ
1603 3500 1770 3573 χλόην

180 3584 249 3653 τῇ
281 3582 505 3655 δουλείᾳ
530 3583 637 3638 τῶν
661 3585 757 3638 ἀνθ
767 3585 981 3656 ρώπων.
1026 3587 1083 3642 '0
1110 3588 1241 3653 Θεὸς
1264 3589 1342 3654 ὼς
1370 3591 1478 3644 τῶν
1511 3592 1768 3647 ἁπάντων

187 3676 465 3747 κηδεμὼν,
497 3677 590 3731 καὶ
615 3678 711 3749 τῆς
738 3678 846 3732 τῶν
882 3677 1099 3734 πάντων
1125 3680 1384 3755 διαμονῆς
1404 3700 1464 3736 τε
1499 3680 1594 3737 καλ¹
1624 3684 1767 3755 ζωῆς

187 3768 448 3838 πρόνοιαν
480 3769 779 3840 εἰσφέρων,
810 3770 876 3823 τὰ
907 3771 1004 3843 μὲν
1052 3771 1370 3828 ἐλαύνεσθαι
1391 3775 1496 3828 ὑπὸ
1536 3774 1645 3830 τῶν
1672 3775 1768 3830 τοῦ

186 3857 340 3929 ἡλίου
379 3860 792 3931 μαρμαρυγῶν,
838 3862 935 3915 καὶ
977 3860 1167 3934 ὥσπερ
1213 3863 1404 3936 ἐχθρὸν
1458 3864 1678 3936 φεύγειν
1708 3866 1770 3920 τὸ

187 3951 305 4021 φῶς
334 3952 725 4024 ᾠκονομήσατο
748 3970 761 3984 ⁸
802 3953 871 4008 τὰ
895 3954 953 4007 δέ
994 3954 1071 4019 ὡς
1100 3954 1196 4008 τοῦ
1237 3956 1415 4027 φωτὸς
1446 3958 1681 4029 συγγενῆ
1710 3961 1769 4013 ἐν

188 4040 374 4114 ἡμέρα
402 4041 670 4111 προϊέναι,
694 4042 790 4095 καὶ
815 4043 907 4097 τὸν
947 4043 1059 4115 βίον
1091 4045 1269 4099 αὐτῶν
1294 4046 1353 4099 ἐν
1378 4046 1456 4118 τῷ
1478 4049 1616 4117 φωτὶ
1647 4048 1768 4103 διά-

188 4144 305 4195 γειν
337 4128 714 4201 συνεχώρησε’
759 4130 867 4186 τῶν
901 4134 999 4203 μὲν
1043 4133 1247 4206 θηρίων
1277 4137 1357 4199 είς
1402 4136 1501 4199 τὰς
1527 4136 1769 4207 μάνδρας

186 4220 369 4277 αὐτῶν
395 4223 813 4295 κοιταζομένων,
848 4225 942 4279 τοῦ
984 4226 1042 4280 δέ
1073 4226 1290 4297 λογικοῦ
1321 4226 1459 4294 ζώου
1489 4230 1548 4284 ἐν
1584 4231 1769 4304 ἡμέρᾳ

191 4313 282 4365 καὶ
303 4315 443 4383 φωτὶ
470 4315 751 4385 προϊόντος
782 4317 875 4370 ἐπὶ
905 4318 966 4370 τὸ
986 4317 1148 4390 ἔργον
1185 4318 1349 4374 αὑτοῦ
1388 4322 1482 4375 καὶ
1526 4324 1622 4376 ἐπὶ
1667 4322 1767 4395 τὴν

191 4403 453 4475 ἐργασίαν
482 4406 646 4459 αὐτοῦ
672 4406 776 4471 ἓως
803 4409 1065 4481 ἑσπέρας.

1872 3206 2053 3264 Catuli
2082 3207 2290 3265 leonum
2320 3210 2580 3281 rugientes
2608 3220 2665 3265 ut
2682 3213 2917 3280 rapiant,
2940 3220 2990 3265 et
3007 3222 3249 3282 quaerant
3280 3231 3313 3267 a
3338 3214 3447 3268 Deo

1867 3315 2042 3355 escam
2097 3300 2231 3365 sibi,
2279 3301 2409 3373 quia
2458 3317 2652 3372 nempe
2711 3312 2855 3358 terra
2902 3318 3014 3359 non
3048 3304 3183 3374 ipsis
3222 3305 3449 3376 perinde

1869 3401 2033 3465 atque
2053 3394 2315 3465 jumentis
2347 3393 2530 3450 fenum
2562 3394 2840 3466 produxit,
2859 3407 2912 3452 et
2940 3397 3165 3453 herbam
3194 3399 3447 3455 servituti

1870 3484 2171 3542 hominum.
2211 3485 2357 3542 Deus
2404 3494 2590 3556 utpote
2631 3489 2874 3543 omnium
2924 3504 3111 3545 curam
3146 3505 3350 3562 agens,
3382 3506 3449 3547 ac

1867 3574 2110 3631 omnium
2134 3578 2540 3633 conservationi
2576 3592 2640 3633 ac
2661 3578 2787 3634 vitae
2815 3582 3178 3651 prOSpiciens,
3208 3583 3281 3637 ita
3314 3598 3453 3654 pro-

1867 3668 2027 3733 vidit,
2058 3676 2120 3723 ut
2154 3669 2259 3724 alia
2306 3670 2529 3740 quidem
2560 3685 2590 3725 a
2616 3672 2750 3727 solis
2785 3672 2959 3729 radiis
2990 3674 3346 3745 pellerentur,
3384 3691 3451 3731 ac

1868 3759 2046 3815 lucem
2096 3767 2158 3815 ut
2204 3760 2481 3823 inimicam
2534 3762 2640 3817 sibi
2681 3762 2963 3835 fugerent;
2997 3766 3104 3820 alia
3137 3781 3287 3831 vero,
3323 3776 3450 3822 tan-

1869 3865 2032 3922 quam
2096 3851 2206 3907 luci
2265 3850 2482 3917 smnia,
2528 3852 2585 3908 in
2625 3854 2713 3910 die
2759 3856 3164 3925 procederent:
3200 3858 3447 3929 ipsisque

1868 3944 2145 4000 concessit
2172 3956 2233 4000 ut
2267 3945 2322 3999 in
2365 3945 2488 4000 luce
2524 3946 2691 4001 vitam
2726 3947 3005 4019 degerent,
3046 3949 3181 4005 feris
3224 3950 3448 4021 quidem

1869 4037 1923 4091 in
1956 4037 2148 4093 lustris
2186 4038 2302 4094 suis
2332 4040 2689 4105 cubantibus,
2722 4042 3033 4098 rationabili
3066 4058 3198 4099 vero
3222 4044 3448 4099 animali

1869 4128 1927 4183 in
1955 4127 2042 4183 die
2069 4143 2133 4183 ac
2164 4129 2284 4184 luce
2322 4129 2626 4200 prodeunte
2660 4132 2729 4187 ad
2754 4148 2893 4203 opus
2925 4148 3108 4201 suum,
3136 4142 3192 4190 et
3221 4135 3289 4190 ad
3314 4149 3448 4207 ope-

1868 4219 2136 4277 rationem
2164 4236 2323 4277 suam
2359 4237 2533 4293 usque
2560 4222 2630 4277 ad
2655 4238 2966 4295 vesperum.

258 4498 421 4566 Αὕτη
450 4499 490 4567 ἡ
515 4498 796 4554 θάλασσα
822 4502 861 4569 ἡ
882 4501 1117 4572 μεγάλη
1142 4502 1242 4558 καὶ
1268 4505 1622 4576 εὐρύχωρος,
1642 4506 1763 4562 ἐκεῖ

1937 4506 2103 4563 Vens.
2135 4504 2336 4574 25,26.
2361 4506 2476 4562 Hoc
2497 4522 2643 4561 mare
2676 4521 2927 4576 magnum
2956 4516 3008 4560 et
3037 4506 3352 4575 spatiosum,
3374 4507 3445 4562 il-

189 4586 405 4655 ἑρπετὰ
442 4584 531 4643 ὧν
575 4593 686 4645 οὐκ
722 4591 893 4647 ἐστιν
921 4595 1199 4666 ἀριθμός·
1246 4595 1359 4659 ζῶα
1392 4600 1574 4670 μικρὰ
1614 4604 1769 4673 μετὰ

187 4680 484 4750 μεγάλων.
537 4683 630 4737 Ἑν
668 4682 877 4747 τούτοις
915 4688 1278 4760 παρίστησιν,
1316 4691 1431 4759 ὅτι,
1474 4690 1662 4766 ὥσπερ
1706 4694 1770 4748 τὸ

192 4771 288 4841 τῆς
321 4774 423 4845 γῆς
455 4776 715 4845 στοιχεῖον
745 4775 955 4829 πολλῶν
983 4780 1100 4832 ἐστι
1130 4780 1284 4845 ζώων
1326 4786 1638 4855 γεννητικὸν
1664 4786 1759 4842 καὶ

195 4857 505 4949 θρεπτικὸν,
539 4864 629 4917 τὸν
653 4864 815 4919 αὑτὸν
848 4867 1047 4938 τρόπον
1078 4871 1172 4923 καὶ
1200 4873 1233 4942 ή
1260 4873 1401 4944 ὑγρὰ
1424 4875 1580 4931 οὐσία
1614 4895 1765 4949 παμ-

193 4948 367 5023 πληθῆ
390 4952 523 5024 γένη
549 4952 702 5017 ζώων
727 4953 934 5026 τρέφει.
958 4956 1033 5007 Οὐ
1061 4957 1168 5029 γὰρ
1193 4960 1382 5023 κενοὺς
1404 4962 1531 5025 τοὺς
1557 4948 1766 5036 χώρους

196 5045 224 5096 ό
263 5046 391 5109 Θεὸς
422 5047 708 5117 ἐποίησεν,
756 5048 891 5102 ἀλλὰ
937 5047 1088 5113 ζώων
1137 5052 1311 5105 πάντα
1362 5054 1625 5127 ἐνέπλησε
1677 5057 1768 5112 τὸν

197 5137 352 5209 ἀέρα,
379 5140 477 5209 τὴν
496 5139 620 5209 γῆν,
642 5138 740 5211 τὴν
766 5140 1038 5197 θάλασσαν
1057 5159 1070 5172 ⁸
1096 5142 1187 5196 τὸν
1217 5144 1316 5215 μὲν
1336 5146 1562 5217 ὀρνίθων
1585 5148 1765 5219 μόνον,

194 5227 291 5297 τὴν
318 5228 375 5281 δέ
402 5231 746 5301 τετραπόδων
801 5234 897 5287 καὶ
943 5236 1256 5307 πτερωτῶν,
1287 5236 1385 5308 τὴν
1416 5238 1473 5291 δέ
1525 5240 1769 5312 ἀπείρων

200 5316 426 5385 ἰχθύων·
485 5315 560 5375 ὧν
613 5322 663 5376 oi
702 5323 801 5392 μὲν
839 5322 1089 5393 μείζους,
1140 5325 1192 5378 οἱ
1235 5325 1291 5380 δέ
1333 5326 1623 5393 ἐλάττους,
1674 5329 1768 5383 καὶ⁸

194 5410 366 5482 τροφὴ
419 5416 529 5477 τοῖς
570 5413 810 5485 μείζοσιν
846 5416 896 5469 ci
943 5416 1241 5483 ἐλάττονες,
1289 5420 1469 5472 καὶτὸ
1512 5421 1667 5489 γένος
1703 5423 1765 5475 οὐ

197 5496 512 5557 δαπανᾶται.
542 5505 652 5556 Καὶ
687 5503 844 5558 τοῦτο
866 5506 923 5559 δέ
954 5507 1053 5579 τῆς
1082 5507 1235 5572 θείας
1273 5509 1595 5581 κηδεμονίας
1641 5529 1768 5565 τεκ-

204 5591 416 5663 μήριον,
438 5596 499 5648 τὸ
527 5595 595 5648 τὰ
625 5597 832 5669 σμικρὰ
861 5599 991 5672 γένη
1016 5603 1134 5672 μτοῖς
1157 5602 1412 5673 μεγάλοις
1432 5644 1433 5647 η
1452 5604 1756 5658 συνδιαιτῶ
1778 5667 1823 5689 νς

268 5769 315 5803 δ’
348 5772 485 5833 Gen.
524 5794 574 5849 ι,
605 5777 694 5835 μ.

1876 4600 1943 4656 lic
1976 4601 2209 4670 reptilia,
2230 4616 2452 4670 quorum
2484 4615 2588 4654 non
2624 4608 2704 4653 est
2740 4615 2990 4653 numerus
3013 4616 3034 4655 .'
3060 4601 3319 4655 animalia
3346 4618 3449 4671 pu-

1875 4693 2000 4748 silla
2032 4709 2150 4747 cum
2197 4692 2427 4763 magnis.
2480 4689 2577 4745 His
2620 4690 2882 4754 declarat,
2936 4690 3079 4747 sicut
3123 4699 3283 4746 terra:
3332 4691 3446 4747 ele.

1873 4790 2116 4838 mentum
2149 4782 2323 4836 multa
2356 4781 2714 4837 animantium
2743 4795 2943 4852 genera
2971 4782 3223 4851 producit
3244 4791 3297 4837 et
3317 4782 3443 4849 alit;

1875 4876 1948 4928 ita
1988 4874 2263 4928 humidam
2300 4873 2687 4936 substantiam,
2719 4875 2985 4943 permulta
3008 4874 3321 4929 animalium
3354 4890 3448 4947 ge-

1874 4978 2008 5019 nera
2037 4964 2300 5021 enutrire.
2337 4962 2523 5035 Neque
2551 4966 2698 5021 enim
2744 4964 2887 5020 Deus
2932 4980 3104 5020 vacua
3143 4965 3262 5020 loca
3293 4967 3442 5028 fecit,

1877 5055 1971 5113 sed
2001 5056 2331 5110 animalibus
2385 5057 2570 5111 omnia
2614 5056 2865 5126 replevit,
2899 5072 3104 5121 aerem,
3139 5066 3360 5125 terram,
3393 5068 3447 5113 et

1874 5164 2059 5217 mare;
2090 5162 2270 5204 aerem
2308 5150 2526 5219 quidem
2558 5149 2752 5205 avibus
2786 5158 3032 5217 tantum;
3075 5158 3279 5206 terram
3318 5165 3449 5220 qua-

1876 5240 2209 5311 drupedibus
2230 5248 2284 5295 et
2303 5241 2555 5313 aligeris;
2592 5255 2742 5298 mare
2757 5241 2986 5299 inﬁnitis
3002 5242 3245 5313 piscibus
3274 5261 3287 5297 :
3312 5258 3449 5313 quo-

1874 5348 1997 5387 rum
2029 5333 2135 5387 alia
2156 5332 2389 5403 majora,
2417 5334 2627 5389 minora
2653 5334 2757 5388 alia
2796 5341 2954 5401 sunt;
2986 5349 3050 5388 ac
3082 5333 3295 5389 minora
3331 5350 3449 5389 ma-

1870 5425 2085 5496 joribus
2106 5426 2159 5485 in
2182 5441 2365 5481 escam
2396 5427 2614 5492 dantur,
2652 5434 2707 5482 et
2742 5434 2925 5483 tamen
2954 5440 3127 5496 genus
3149 5440 3259 5480 non
3290 5426 3448 5481 absu-

1877 5518 2062 5570 mitur.
2100 5516 2276 5587 Atque
2298 5517 2428 5572 illud
2452 5518 2650 5572 divinse
2676 5517 3033 5587 providentiae
3054 5517 3314 5572 indicium
3337 5526 3443 5579 est,

1876 5608 2021 5680 quod
2070 5624 2194 5666 cum
2249 5625 2418 5682 parva
2470 5611 2787 5667 animalium
2839 5624 3041 5683 genera
3080 5626 3205 5667 cum
3235 5611 3446 5681 magnis
