3964 6540
530 362 669 419 ιαεδ

1210 362 1481 421 EUSEBlI
1515 359 1988 419 CZESARIENSIS
2023 360 2173 417 OPP.
2214 358 2396 415 PARS
2432 358 2608 414 lli.—
2645 354 3050 414 EXEGETICA.

3598 360 3702 417 l-Bl

530 486 823 534 versentur
850 523 864 546 ,
896 496 1003 535 non
1029 478 1272 537 funditus
1306 481 1375 536 ab
1401 480 1510 535 illis
1556 479 1947 544 absumantur;
1975 492 2099 531 nam
2130 531 2140 552 Α

2230 475 2347 539 τθαι,
2371 476 2467 530 καὶ
2495 474 2568 547 μὴ
2594 472 2872 536 παντελῶς
2896 473 2987 526 ὑπ’
3014 468 3229 525 ἐκείνων
3254 470 3704 526 καταναλίσκεσθαιο

532 570 800 625 validiora
820 570 1036 625 infirma
1069 572 1353 636 devorant,
1383 587 1487 627 nec
1516 572 1733 641 penitus
1763 571 2055 625 destruunt
2088 588 2101 624 :

535 661 665 734 quia
692 671 991 732 proventus
1018 679 1311 734 expensam
1336 672 1575 735 superat.
1607 664 1704 719 His
1729 663 1937 719 similes
1982 670 2110 717 sunt
2134 682 2137 685 λ

535 761 806 825 quotquot
838 753 982 810 inter
1013 756 1261 813 homines
1290 771 1386 812 eos
1414 758 1507 827 qui
1536 755 1823 811 inferiores
1846 755 1951 811 sibi
1983 762 2111 810 sunt

536 845 819 902 devorant.
871 845 1073 903 Verum
1124 849 1217 904 illa
1250 849 1471 920 quidem
1518 851 1679 919 culpa
1715 848 2111 903 vacantzillud

537 938 684 993 enim
736 954 803 994 ex
846 948 1046 996 natura
1095 942 1384 1013 contingit,
1430 949 1490 997 tu
1532 958 1661 997 vero
1712 957 1785 998 ne
1825 943 2111 997 minimam

537 1032 759 1104 quidem
785 1034 863 1089 tui
894 1035 1161 1107 purgandi
1201 1037 1344 1090 viam
1369 1038 1629 1107 reperias,
1665 1036 1759 1106 qui
1792 1049 1918 1089 eum
1942 1042 1997 1090 et
2021 1049 2112 1088 ra-

537 1125 688 1180 tione
708 1134 763 1181 et
792 1127 911 1198 lege
938 1127 1240 1184 honoratus
1269 1128 1366 1193 sis,
1390 1128 1459 1183 ad
1489 1129 1636 1182 illam
1660 1129 1945 1183 brutorum
1975 1142 2112 1181 con-

539 1216 815 1273 fusionem
842 1218 1052 1274 ordinis
1078 1220 1341 1276 deelinas.
1374 1220 1640 1276 Caeterum
1671 1220 1885 1291 reptilia
1935 1219 2114 1290 pisces

538 1314 699 1363 vocat
725 1323 737 1357 :
760 1307 891 1377 quia
917 1308 1148 1379 pedibus
1174 1311 1606 1380 earentetquasi
1636 1310 1692 1363 in
1711 1311 1846 1364 mari
1874 1316 2112 1380 reptant,

542 1406 602 1454 ut
629 1400 847 1469 reptilia
874 1400 931 1454 in
957 1407 1123 1457 terra.
1806 1384 1815 1394 ’

613 1491 740 1547 Illic
769 1509 923 1546 naves
970 1501 1361 1561 pertranseunt,
1398 1493 1453 1548 in
1487 1492 1625 1547 mari
1656 1492 1931 1548 videlicet.
1977 1492 2116 1547 Cum

541 1585 875 1641 declarasset
924 1594 1182 1655 quantam
1239 1585 1551 1656 progeniem
1603 1598 1754 1639 mare
1792 1584 2119 1648 nutriat,et

2212 568 2493 638 βόσκονται
2520 566 2630 638 γὰρ
2665 568 2714 619 οί
2756 564 3111 635 δυνατώτεροι
3146 564 3270 625 τοὺς
3301 562 3707 634 καταδεεστέρους,

2211 662 2303 714 καὶ
2326 660 2427 714 οὐκ
2458 657 2822 731 ἀνηλώκασιν,
2849 654 2986 710 ἀλλὰ
3011 656 3134 725 νικᾷ
3156 653 3252 724 τὴν
3275 654 3507 724 δαπάνην
3533 656 3712 725 ﬁngis-

2209 754 2347 818 οδος.
2414 752 2636 815 Τούτοις
2687 750 2925 804 ἐοίκασιν
2972 749 3088 802 ὅσοι
3143 746 3251 800 τῶν
3306 746 3584 817 ἀνθριτγι-,ων
3624 750 3713 811 ςοπ

2211 843 2662 915 καταδεεστέρους
2718 840 3127 895 καταπίνουσιν.
3177 838 3314 890 Ἀλλ’
3366 839 3475 889 ἐκεῖ
3523 837 3606 906 μὲν
3644 839 3715 889 οὔκ

2213 936 2462 1008 ἔγκλημα
2501 934 2562 987 τὸ
2615 933 2896 1003 γινόμενον
2920 948 2934 961 ·
2991 929 3202 999 φύσεως
3240 929 3348 998 γάρ
3393 930 3498 980 ἐστι
3538 929 3587 980 τὸ
3613 946 3711 998 συμ-

2214 1028 2393 1081 ϐαῖνον
2412 1043 2425 1056 ·
2467 1027 2530 1079 σὺ
2556 1024 2614 1077 δὲ
2650 1022 2770 1077 ούδὶε⁹
2799 1021 2926 1092 μίαν
2955 1019 3097 1086 ἔξεις
3124 1017 3436 1085 ἀπολογίαν,
3462 1019 3488 1069 ὁ
3512 1017 3629 1085 λόγῳ
3652 1019 3718 1069 καί

2214 1121 2363 1191 νόμῳ
2385 1116 2746 1188 τετιμημένος
2771 1114 2863 1167 καὶ
2884 1112 3019 1183 πρὸς
3041 1112 3139 1182 τὴν
3162 1111 3267 1163 τῶν
3293 1110 3493 1176 ἀλόγων
3518 1108 3720 1179 σύγχυσιν

2216 1210 2405 1266 ἑαυτὸν
2431 1209 2659 1276 ἐξάγων.
2697 1206 2940 1278 Ἐρπετά
2968 1220 3032 1272 γε
3074 1204 3180 1273 μὴν
3216 1203 3341 1263 τοὺς
3369 1200 3540 1269 ἰχθύας
3571 1201 3721 1268 ονομα.

2217 1304 2318 1368 ζει,
2368 1303 2455 1355 διὰ
2501 1302 2561 1354 τὸ
2609 1299 2811 1360 ἄποδας
2862 1296 3058 1358 αὐτοὺς
3117 1294 3279 1347 οἱονεὶ
3320 1290 3723 1360 ἐπισύρεσθαι

2217 1396 2391 1459 ὕδατι,
2420 1394 2497 1457 ώς
2524 1392 2592 1445 τὰ
2618 1388 2924 1462 ἐρπυστικὰ
2950 1390 3016 1458 τῇ
3048 1388 3141 1456 γῇ.

2300 1486 2456 1541 Ἐκεῖ
2503 1483 2684 1538 πλοῖα
2737 1481 3222 1548 διαπορεῠονται·
3287 1478 3375 1530 Ἐν
3433 1478 3495 1545 τῇ
3539 1475 3725 1544 θαλάσσῃ

2216 1580 2438 1652 δηλαδή.
2480 1576 2661 1631 Εἰπὼν
2687 1576 2818 1643 ὅσην
2843 1575 2876 1645 ὴ
2918 1572 3159 1625 Θάλασσα
3189 1570 3446 1641 ἐκτρέφει
3471 1567 3634 1635 γονὴν,
3662 1568 3727 1618 καί

539 1678 687 1750 quod
708 1692 883 1748 neque
899 1677 1153 1731 animalia
1171 1678 1289 1747 ejus
1307 1694 1555 1742 numero,
1578 1692 1753 1747 neque
1771 1676 1950 1747 ipsum
1968 1692 2121 1731 men-

2230 1675 2299 1726 Ξτι
2325 1671 2447 1725 οὔτε
2480 1670 2549 1722 τὰ
2592 1667 2709 1731 ζῶα
2756 1665 3106 1737 ἀριθμεῖται,
3154 1660 3277 1715 οὔτε
3320 1660 3454 1726 αὐτὴ
3493 1661 3723 1729 μετρείτω,

543 1782 673 1822 sura
700 1766 959 1821 aestimari
988 1767 1199 1829 valeat;
1227 1767 1339 1837 jam
1378 1775 1602 1822 enarrat
1634 1782 1798 1836 quam
1835 1766 1906 1822 sit
1939 1768 2118 1837 ipsum

2230 1764 2367 1832 λέγει
2406 1763 2500 1816 καὶ
2525 1762 2647 1814 ὅσον
2680 1758 2847 1828 αὐτῆς
2897 1756 3162 1826 χρήσιμον
3204 1754 3287 1816 εἰς
3327 1750 3634 1823 ἀνθρώπους.
3659 1752 3724 1801 Διὶ

553 1856 868 1912 hominibus
915 1856 1069 1910 utile.
1116 1854 1221 1910 Per
1265 1857 1541 1911 nauticam
1593 1856 1793 1926 quippe
1852 1864 2024 1910 artem
2070 1862 2123 1909 et

2230 1852 2568 1925 ναυπηγικῆς
2594 1851 2702 1922 γὰρ
2723 1848 2918 1920 τέχνης
2948 1848 3042 1901 καὶ
3064 1845 3460 1917 κυϐερνητικῆς
3487 1843 3727 1910 ἐπιστήμης

544 1950 884 2023 gubernandi
932 1950 1207 2021 peritiam,
1271 1950 1584 2005 necessaria
1626 1957 1817 2004 mutuo
1873 1963 2120 2002 commu-

2230 1943 2355 2015 παρ’
2415 1941 2656 2013 ἀλλήλων
2711 1936 3051 2009 κομιζόμεθα
3107 1934 3175 1989 τὰ
3231 1934 3509 1995 ἐνδέοντα,
3562 1932 3727 1984 καὶτὸν

544 2045 815 2107 nicamus,
848 2040 1175 2112 fructusque
1212 2040 1269 2095 in
1296 2048 1444 2094 terra
1471 2048 1661 2095 nostra
1682 2047 1971 2095 nascentes
2000 2039 2122 2094 aliis

2230 2035 2353 2106 παρ’
2376 2035 2507 2104 ἡμῖν
2536 2031 2805 2102 φυόμενον
2835 2028 3049 2100 καρπὸν
3074 2022 3418 2099 χορηγοῦμεν
3451 2022 3648 2092 ἑτέροις,
3666 2024 3729 2074 καὶ

545 2134 1057 2199 subministramus,
1087 2134 1156 2189 ab
1189 2133 1367 2203 iisque
1389 2132 1689 2203 accipimus
1713 2148 1843 2188 suos
1864 2150 1879 2199 ;
1901 2132 2050 2187 itaut
2068 2142 2124 2186 et

2230 2125 2489 2196 δεχόμεθα
2523 2124 2584 2176 τὸ
2637 2124 2767 2194 παρ’
2809 2120 3036 2181 ἐκείνοις
3091 2116 3408 2187 γινόμενον
3444 2114 3570 2167 ὥστε
3611 2113 3667 2183 μὴ
3691 2114 3729 2165 τὸ

546 2226 691 2297 quod
732 2224 1064 2296 superﬂuum
1110 2232 1195 2279 est
1231 2240 1340 2279 non
1368 2224 1561 2279 inutile
1585 2226 1675 2290 sit,
1698 2232 1752 2278 et
1773 2222 1917 2292 quod
1948 2222 2121 2284 deest,

2230 2216 2541 2291 περιττεῦον
2580 2211 2720 2270 εἶναι
2757 2214 3011 2285 ἀνόνητον
3030 2250 3045 2274 ,
3084 2210 3220 2281 μήτε
3252 2209 3315 2262 τὸ
3342 2207 3512 2260 ἐνδέον
3545 2206 3730 2260 ἀνεπινό-

547 2318 742 2373 advehi
757 2316 952 2387 possit.
981 2315 1298 2371 Sublimiori
1330 2324 1511 2371 autem
1540 2315 1753 2371 ratione
1783 2314 1908 2368 navi
1938 2312 2125 2367 Eccle-

2230 2330 2404 2384 νητον.
2459 2308 2818 2380 ’Υψηλότερον
2858 2306 2915 2359 δὲ
2961 2304 3127 2374 πλοίῳ
3173 2300 3497 2373 παρεικάζει
3530 2300 3615 2369 τὴν
3648 2299 3729 2350 Ἐκ-

547 2410 687 2466 siam
713 2410 956 2477 confert;
995 2409 1133 2464 mari
1164 2424 1294 2464 vero
1315 2409 1609 2483 humanam
1635 2409 1824 2471 vitam,
1856 2405 2003 2476 quod
2037 2418 2125 2459 res

547 2501 669 2571 ejus
699 2501 987 2557 instabiles
1016 2516 1083 2555 ac
1122 2515 1337 2570 semper
1380 2500 1436 2554 in
1468 2510 1615 2553 motu
1652 2499 1782 2552 sint.
1814 2497 2128 2552 Innumera—

547 2592 660 2648 bile
684 2607 850 2663 porro
879 2592 1157 2662 reptilium
1186 2608 1382 2662 genus,
1406 2591 1809 2645 multitudinem
1842 2589 2124 2644 hominum
2154 2606 2155 2609 η

549 2696 733 2755 vocat,
765 2694 820 2765 et
850 2686 1025 2741 forma
1049 2695 1102 2740 et
1130 2701 1363 2757 persona
1386 2685 1543 2755 quasi
1585 2684 1987 2754 discrepantem
2013 2698 2028 2747 ;
2055 2683 2127 2737 ita

549 2788 611 2836 ut
635 2780 937 2837 differentia
965 2796 1032 2836 ex
1060 2779 1326 2835 varietate
1344 2777 1633 2831 affectuum
1646 2777 1964 2832 aestimetur.
1991 2774 2129 2829 Nam

550 2884 748 2929 natura
791 2871 1011 2943 quidem
1041 2869 1295 2925 omnibus
1327 2874 1412 2922 est
1436 2881 1562 2935 una,
1600 2882 1701 2922 nec
1729 2865 1944 2920 diversa
1976 2872 2130 2919 ortus

550 2968 734 3021 ratio:
764 2981 923 3021 mens
956 2972 1137 3019 autem
1190 2964 1339 3019 varie
1362 2961 1740 3032 distinguitur,
1777 2973 1983 3029 corque
2026 2971 2130 3012 no-

554 3067 735 3116 strum
790 3056 1164 3112 diversitatem
1219 3054 1611 3110 sententiarum
1669 3050 1921 3105 admittit.
1973 3046 2131 3115 Quod

552 3166 679 3206 cum
706 3156 897 3205 nosset
930 3147 1227 3218 quispiam,
1259 3145 1395 3199 dixit
1421 3163 1433 3199 :
1464 3140 1932 3209 Quemadmodum
1966 3138 2134 3194 facies

555 3244 800 3300 {aciebus
833 3241 1039 3298 similes
1063 3253 1170 3293 non
1186 3246 1346 3305 sunt;
1372 3237 1452 3292 sic
1468 3251 1567 3290 nec
1587 3241 1796 3289 mentes
1827 3232 2130 3286 hominum.
2162 3213 2206 3275 (ἶ

556 3338 737 3393 Naves
766 3343 946 3389 autem
974 3332 1209 3387 dicimus
1238 3346 1361 3386 esse
1388 3345 1483 3384 eas
1515 3327 1705 3398 quaein
1726 3326 1829 3380 hoc
1861 3322 2136 3397 spirituali

555 3430 696 3486 mari
724 3436 1131 3497 pertranseunt,
1152 3434 1210 3479 ut
1240 3422 1501 3492 scriptum
1529 3418 1696 3482 est“,
1722 3417 1976 3472 videlicet
2006 3430 2137 3471 san-

558 3529 678 3577 ctas
726 3518 1037 3575 Servatoris
1077 3516 1250 3571 nostri
1298 3512 1592 3574 Ecclesias,
1642 3525 1763 3582 quae
1813 3509 2033 3580 quidem
2082 3507 2138 3561 in

558 3614 787 3677 mundo,
838 3610 935 3668 sed
975 3608 1289 3681 superiores
1334 3604 1538 3661 mundo
1584 3610 1743 3668 sunt;
1780 3602 1924 3657 sicut
1950 3613 2141 3655 revera

559 3707 843 3763 onerarias
872 3705 1058 3761 videre
1085 3712 1192 3767 est,
1229 3704 1286 3757 in
1335 3715 1475 3771 aqua
1507 3714 1661 3762 sane,
1693 3695 1789 3753 sed
1831 3693 2142 3764 superiores

561 3800 744 3869 aquis.
789 3797 1047 3853 Ecclesiae
1093 3796 1259 3866 igitur
1300 3793 1535 3849 navibus
1571 3790 1813 3857 similes,
1861 3786 2143 3857 spirituale

561 3906 713 3945 mare
742 3889 1099 3959 trajicientes,
1119 3886 1305 3942 ﬁdeles
1321 3884 1570 3939 homines
1594 3881 1884 3952 recipiunt,
1908 3888 1963 3935 et
1981 3877 2145 3950 quasi

562 3982 620 4037 in
651 3983 814 4038 aliam
849 3990 1051 4037 terram
1092 3988 1185 4035 aut
1214 3979 1491 4049 regionem
1530 3972 1892 4034 transferunt,
1937 3971 2147 4029 scilicet

564 4076 633 4131 ad
668 4091 895 4146 regnum
920 4075 1209 4137 caelorum,
1242 4072 1308 4126 ad
1337 4085 1488 4141 Spem
1510 4069 1564 4123 in
1587 4066 1808 4122 Christo
1839 4065 2142 4128 fundatam,

565 4169 635 4223 ad
668 4166 1160 4224 sanetiﬁeatienem
1213 4165 1460 4235 spiritus,
1506 4170 1561 4217 et
1607 4161 1677 4215 ad
1709 4161 1988 4225 virtutem,
2026 4174 2149 4229 qua:

567 4268 886 4317 sanctorum
934 4260 1111 4330 patria
1154 4266 1260 4313 est.
1306 4254 1441 4309 Nam
1496 4267 1643 4320 cum,
1694 4253 1839 4307 sicut
1884 4252 2148 4323 scriptum

565 4360 674 4419 est,
710 4352 932 4408 advenae
978 4360 1033 4406 et
1082 4350 1355 4422 peregrini
1407 4349 1517 4403 sint
1564 4363 1728 4418 super
1776 4354 2000 4409 terram,
2038 4360 2151 4400 non

568 4444 772 4501 habent
825 4443 914 4499 hic
964 4450 1274 4498 manentem
1318 4441 1592 4497 civitatem
1613 4440 1658 4471 “
1703 4458 1716 4494 :
1763 4439 1858 4495 sed
1892 4437 1960 4492 ad
2002 4437 2150 4491 illam

570 4537 853 4599 festinant,
886 4535 1046 4605 cujus
1074 4533 1271 4590 artifex
1299 4542 1354 4589 et
1393 4539 1612 4589 creator
1638 4537 1724 4587 est
1758 4529 1982 4586 Deus”.
2011 4528 2148 4583 Cum
2180 4563 2228 4621 Β

569 4647 701 4701 ergo
732 4629 969 4684 mundus
996 4629 1087 4683 hic
1120 4632 1305 4683 noster
1326 4625 1574 4696 exemplo
1604 4623 1773 4680 maris
1795 4620 2148 4693 intelligatur,

572 4739 674 4795 pro
705 4723 899 4796 cymba
939 4730 993 4778 et
1027 4720 1280 4776 navicula
1318 4718 1565 4774 Ecclesia
1610 4715 2008 4778 aestimabitur,
2050 4726 2151 4783 pro

574 4811 758 4868 nautis
791 4812 1001 4867 habens
1027 4809 1412 4873 sanctiﬁcatns,
1443 4808 1562 4879 qui,
1598 4806 1746 4878 quod
1771 4805 1930 4861 iidem
1962 4816 2157 4859 susce-

575 4906 778 4978 perint,
814 4903 1097 4959 Christum
1124 4918 1311 4959 secum
1340 4907 1649 4957 versantem
1684 4914 1899 4969 semper
1924 4896 2153 4959 habent,

576 4999 995 5069 tranquillitatis
1047 5004 1344 5053 auctorem.
1396 4994 1515 5050 Alia
1562 4995 1689 5050 item
1742 4992 1957 5047 ratione
1986 5002 2156 5047 naves

577 5097 859 5160 nuncupat
900 5105 1016 5153 eos,
1060 5089 1154 5160 qui
1202 5089 1258 5142 in
1298 5102 1528 5157 corpore
1577 5100 1711 5147 suo,
1756 5083 1984 5152 hujusce
2027 5082 2154 5137 vitae

580 5181 746 5239 salsis
774 5189 827 5236 et
856 5181 1177 5237 decumanis
1208 5179 1464 5235 ﬂuetibus
1496 5176 1788 5247 agitantur.
1837 5172 2155 5229 Laudantur

582 5291 748 5347 porro
775 5290 943 5330 naves
970 5289 1090 5344 qua!
1127 5289 1277 5327 mare
1306 5277 1712 5341 pertranseunt,
1744 5282 1853 5322 non
1886 5283 2016 5322 vero
2035 5282 2157 5335 quae

584 5369 657 5424 ibi
690 5373 1028 5439 permanent,
1055 5365 1139 5421 vel
1160 5380 1280 5435 quae
1303 5362 1557 5417 ﬂuctibus
1584 5360 1997 5431 demerguntur.
2020 5357 2159 5411 Nam

584 5459 679 5528 qui
718 5460 771 5512 in
797 5474 960 5513 carne
982 5468 1133 5519 sunt,
1163 5470 1263 5511 nec
1302 5453 1599 5509 secundum
1632 5467 1851 5508 carnem
1900 5451 2158 5512 militant,

585 5550 711 5604 vitae
736 5549 961 5603 [luctum
1011 5547 1311 5608 calcantes,
1350 5556 1522 5613 eoque
1566 5541 1902 5612 superiores,
1949 5538 2160 5593 faciunt

587 5639 955 5710 operationem
987 5640 1039 5692 in
1072 5637 1228 5707 aquis
1262 5634 1465 5696 multis,
1498 5647 1561 5688 ae
1609 5631 1969 5693 descendunt,
1999 5637 2057 5683 ut
2089 5644 2157 5683 ex

2226 2406 2487 2475 κλησίαν,
2533 2400 2770 2473 θαλάττῃ
2799 2401 2855 2453 δὲ
2898 2398 2989 2452 τὸν
3034 2395 3375 2468 ἀνθρώπινον
3422 2393 3560 2464 βίον,
3596 2390 3665 2444 διὰ
3690 2393 3729 2444 si

2228 2501 2576 2570 ἀστάθμητον
2604 2498 2697 2551 καὶ
2722 2495 3024 2565 ἀεικίνητον
3046 2491 3154 2545 τῶν
3179 2492 3237 2544 ἐν
3270 2488 3422 2559 αὐτῷ
3444 2486 3727 2559 πραγμάτων.

2241 2591 2517 2663 Ἐρπετῶν
2544 2590 2603 2643 δέ
2629 2588 2691 2642 τὸ
2720 2589 2875 2655 γένος
2907 2586 2969 2638 τὸ
3005 2583 3377 2655 ἀναρίθμητον
3413 2580 3507 2651 τὴν
3546 2578 3729 2644 πολυειδῆ

2231 2686 2325 2739 καὶ
2348 2682 2510 2737 οἱονεὶ
2544 2678 2972 2750 πολυπρόσωπον
3003 2674 3112 2728 τῶν
3144 2672 3447 2746 ἀνθρώπιον
3474 2671 3603 2739 λέγει
3640 2668 3731 2735 πλη-

2232 2780 2327 2834 θὺν
2352 2819 2366 2843 ,
2422 2779 2502 2840 είς
2544 2774 2643 2844 τὴν
2682 2774 2781 2843 τῆς
2826 2769 2994 2835 ἕξεως
3046 2768 3323 2821 ποικιλίαν
3376 2764 3638 2833 νοουμένης
3668 2760 3731 2827 τῆς

2232 2869 2549 2937 ἐξαλλαγῆς·
2589 2865 2754 2927 Φύσις
2791 2863 2888 2935 μὲν
2917 2860 3025 2932 γὰρ
3068 2862 3231 2914 πᾶσιν
3261 2861 3299 2932 ἡ
3342 2859 3494 2926 αὐτὴ,
3527 2856 3605 2907 καὶ
3625 2857 3646 2905 ὁ

2232 2961 2498 3031 γενέσεως
2540 2958 2740 3028 τρόπος
2777 2956 2875 3027 οὐχ
2904 2956 3167 3026 ἑτεροῖος,
3206 2949 3523 3020 πολυσχιδὴς
3547 2947 3596 2999 δέ
3632 2944 3731 3005 vulg.

2234 3055 2329 3107 καὶ
2372 3048 2745 3120 πολυγνώμων
2790 3049 2847 3101 ἐν
2891 3049 3022 3118 ἡμῖν
3056 3045 3272 3116 καρδία.
3307 3044 3418 3097 Καὶ
3456 3041 3593 3094 τοῦτο
3629 3036 3734 3095 dixit

2233 3165 2318 3210 τις
2349 3146 2587 3214 ἔφασκεν
2605 3160 2617 3173 ο
2642 3142 2855 3211 Ὥσπερ
2877 3140 2973 3209 οὐχ
2999 3139 3159 3210 ὅμοια
3181 3136 3452 3208 πρόσωπα
3478 3132 3731 3205 smmi;

2237 3241 2407 3303 οὕτως
2449 3238 2570 3292 οὐδὲ
2624 3237 2679 3289 αἱ
2733 3234 2957 3288 διάνοιαι
3012 3233 3119 3285 τῶν
3166 3228 3488 3302 ἀνθρώπων.
3536 3226 3668 3279 Πλοία
3697 3222 3733 3273 δὲ

2238 3327 2377 3384 εἶναί
2406 3344 2606 3399 φαμεν,
2656 3325 2693 3379 ἃ.
2726 3325 2819 3378 καὶ
2860 3326 2915 3376 ἐν
2942 3321 3065 3393 τῇδε
3091 3323 3158 3391 τῇ
3204 3323 3370 3391 νοητῇ
3416 3317 3626 3384 θαλάσσῃ
3656 3313 3732 3364 6:1-

2238 3424 2565 3496 πορεύεται,
2609 3419 2752 3475 κατὰ
2782 3419 2844 3471 τὸ
2892 3415 3319 3487 γεγραμμένον,
3370 3412 3464 3476 τὰς
3508 3410 3639 3477 ἁγίας
3674 3402 3733 3455 τοῦ

2240 3517 2489 3588 Σωτῆρος
2509 3514 2665 3585 ἡμῶν
2692 3509 3017 3580 Ἐκκλησίας
3036 3507 3200 3571 οὔσας
3223 3507 3322 3578 μὲν
3357 3508 3412 3558 ὲν
3440 3504 3620 3571 κόσμῳ,
3644 3496 3735 3563 πλὴν

2241 3609 2497 3679 ἀνωτέρω
2548 3605 2641 3659 τοῦ
2687 3604 2894 3676 κόσμου
2919 3643 2934 3667 ,
2993 3602 3244 3673 καθάπερ
3306 3600 3492 3671 ἀμέλει
3545 3596 3621 3650 καὶ
3672 3589 3736 3651 τὰς

2241 3700 2471 3764 ὁλκάδας
2499 3698 2646 3751 ἐστὶν
2676 3698 2825 3768 όρᾷν,
2846 3694 3009 3758 οὔσας
3043 3694 3139 3765 μὲν
3171 3695 3229 3746 ἐν
3255 3693 3429 3754 ὕδατι,
3454 3689 3575 3759 πλὴν
3594 3686 3736 3739 ὑδάτων

2243 3790 2413 3845 ἀνωτέ
2421 3805 2539 3860 ρας.
2557 3789 2621 3840 Δί
2636 3787 2813 3839 τοίνυν
2832 3785 3037 3839 ὑδάτων
3054 3783 3129 3855 (5)
3149 3782 3349 3836 πλοίων
3379 3778 3653 3848 ἐκκλησίαι,
3673 3770 3736 3860 τῂν

2245 3858 2438 3951 νοητὴν
2489 3877 2874 3949 διανηχόμεναι
2918 3874 3189 3928 θάλασσαν
3213 3911 3228 3938 ,
3268 3871 3503 3942 δέχονται
3548 3865 3626 3935 μὲν
3653 3858 3737 3917 τοὺς

2247 3970 2633 4033 πιστεύοντας,
2685 3965 3079 4036 ὰποκομίζουσι
3122 3962 3179 4015 δὲ
3224 3961 3473 4029 καθάπερ
3500 3958 3570 4017 εἰς
3605 3951 3736 4036 ἑτέραν

2246 4062 2368 4116 τινὰ
2404 4063 2508 4132 γῆν
2537 4060 2569 4130 ἢ
2596 4058 2779 4129 χώραν
2813 4035 2909 4127 την
2957 4054 3065 4107 τῶν
3095 4051 3343 4124 οὐρανῶν
3381 4045 3647 4121 βασιλείαν,
3679 4035 3735 4132 καί

2249 4124 2437 4209 ἐλπίδα
2461 4124 2569 4222 τὴν.
2683 4124 2911 4220 1Χριστῷ
2950 4147 3042 4201 καὶ
3073 4149 3152 4209 είς
3177 4142 3448 4213 ἁγιασμὸν
3472 4137 3550 4190 τὸν
3576 4132 3643 4185 διὰ
3676 4124 3735 4222 τοῦ

2249 4220 2569 4317 Πνεύματος
2595 4284 2611 4309 ,
2666 4242 2760 4295 καὶ
2813 4243 2893 4303 εἰς
2945 4240 3040 4306 τὴν
3084 4237 3193 4291 τῶν
3240 4237 3412 4305 ἁγίων
3453 4226 3643 4301 πατρίδα

2252 4306 2475 4410 ἁρετην.
2511 4306 2776 4406 Πάροικοι
2810 4331 2919 4401 γάρ
2947 4330 3097 4391 ὄντες
3131 4328 3224 4381 καὶ
3249 4322 3626 4410 παρεπίδημοί,-
3645 4306 3735 4410 καξά

2252 4398 2313 4484 τδ
2338 4398 2748 4501 γεγραμμένον,
2774 4398 2867 4480 ἐπὶ
2892 4398 2995 4493 τῆς
3030 4422 3154 4491 γῆς,
3205 4421 3307 4474 οὐκ
3346 4418 3541 4501 ἔχουσιν

2254 4539 2448 4577 νουσαν
2467 4520 2622 4573 πόλιν
2638 4535 2651 4549 ο
2676 4515 2985 4585 ἐπείγονται
3007 4513 3063 4566 δὲ
3085 4512 3220 4584 πρὸς
3240 4511 3471 4579 ἐκείνην,
3488 4499 3546 4575 ἧς
3563 4493 3737 4567 τεχνίτης

2254 4617 2349 4671 καὶ
2384 4613 2714 4687 δημιουργὸς
2754 4612 2783 4663 ὁ
2829 4607 2979 4670 Θεός.
3025 4606 3114 4659 Ἐν
3158 4605 3399 4673 σχήματι
3430 4594 3513 4652 οὖν
3542 4590 3738 4687 enim:

2255 4669 2407 4759 τοῦδε
2438 4669 2541 4757 ’τοῦ
2587 4669 2711 4755 καί)ζ
2738 4699 2886 4770 ἡμᾶς
2930 4669 3224 4766 νοουμένουί
3249 4669 3477 4761 κόσμου,
3529 4681 3686 4745 exigo;

2259 4796 2440 4849 πλοῖον
2474 4795 2509 4864 ἡ
2562 4790 2859 4861 Ἐκκλησία
2889 4788 3215 4859 νοηθήσεται
3235 4824 3251 4848 ,
3302 4781 3569 4848 πλωτῆρας
3604 4770 3738 4864 ἔχουξλ

2257 4890 2383 4952 τοὺς
2406 4886 2793 4959 ἡγιασμένους,
2825 4883 2877 4935 οἳ
2928 4882 3020 4935 καὶ
3048 4879 3136 4933 διὰ
3180 4876 3272 4931 τοῦ
3309 4864 3737 4959 καταδέξασθαι

2260 4981 2441 5034 πίστιν
2472 4977 2697 5032 συνόντα
2727 4974 2816 5028 διὰ
2850 4972 3049 5035 παντὸς
3078 4970 3259 5040 ἔχουσι
3278 4968 3370 5020 τὸν
3400 4958 3599 5035 Χριστὸν
3620 4947 3738 5003 εὐδίαν

2262 5071 2537 5126 άπλοῦντα
2577 5069 2676 5140 τὴν
2718 5066 2952 5138 ἁπαλὴν.
3004 5063 3234 5132 Ἑτέριος
3269 5060 3326 5113 δὲ
3377 5058 3521 5111 πλοῖα
3558 5040 3736 5135 ὀνομάξεξ

2260 5168 2386 5228 τοὺς
2415 5164 2503 5217 διὰ
2539 5161 2645 5215 τῶν
2690 5159 2955 5231 σωμάτων
2987 5160 3043 5211 ἐν
3076 5154 3154 5224 τῷ
3202 5140 3424 5223 ἁλμυρῷ
3460 5144 3645 5231 κλύδωνι
3678 5147 3735 5182 του

2268 5258 2382 5329 βίου
2426 5254 2616 5309 τούτου
2674 5250 3085 5323 σαλευομένους.
3135 5248 3242 5300 Καὶ
3280 5246 3418 5298 ἐστιν
3464 5228 3735 5296 ιιι-,σινούμαεκ⁵

2267 5320 2427 5403 πλοῖα
2453 5347 2521 5401 τά
2563 5320 2905 5399 διαϐαίνοντα
2934 5343 3030 5414 τὴν
3071 5341 3342 5394 θάλασσαν
3364 5377 3377 5400 ,
3418 5331 3535 5387 ἀλλὰ
3569 5325 3625 5395 μὴ
3656 5320 3737 5414 ἔνι’

2267 5442 2569 5495 ποιιένοντα
2597 5440 2759 5508 αὐτῇ,
2795 5436 2926 5507 μηδὲ
2961 5430 3462 5499 καταϐαπτιζόμενα
3498 5423 3590 5479 τοῖς
3619 5408 3736 5508 κύμαα

2270 5552 2372 5589 σιν.
2408 5536 2470 5587 Οἱ
2503 5532 2613 5604 γὰρ
2655 5503 2734 5585 ἐν’·
2758 5503 2923 5598 σαρκὶ
2966 5528 3151 5589 ὄντες,
3207 5526 3301 5579 καὶ
3347 5522 3417 5592 μὴ
3462 5511 3579 5570 κατὰ
3609 5503 3734 5604 finito”

2271 5627 2710 5700 στρατευόμενοι,
2740 5621 3177 5683 καταπατοῦντες
3198 5618 3288 5671 τὸν
3313 5612 3529 5669 κλύδωνα
3556 5618 3626 5654 του
3641 5593 3732 5663 βίου’

659 5738 704 5769 ⁸³
743 5736 760 5790 l
793 5736 922 5793 Cor.
954 5752 1017 5803 ι,
1049 5737 1099 5792 1.
1178 5736 1222 5767 δ”
1262 5732 1427 5789 liehr.
1465 5747 1597 5797 xui,
1636 5730 1724 5785 M.
1801 5729 1845 5761 "
1886 5725 2051 5783 ilehr.
2087 5742 2165 5792 at,
2200 5724 2287 5779 10.

662 5829 737 5902 (δ)
772 5828 861 5885 Sic
