3964 6528
153 343 306 402 1285

1251 343 1757 402 COMMENTARIA
1798 347 1866 402 IN
1906 348 2243 412 PSALMOS.

3315 369 3452 426 1286

153 462 260 515 καὶ
293 463 632 535 ὑψηλότεροι
683 458 847 517 αὐτοῦ
893 461 1065 526 ὄντες,
1107 462 1350 517 ποιοῦσιν
1392 465 1655 535 ἐργασίαν
1708 468 1731 518 ἐ

1834 466 2137 528 ,ἀρωθτδὶε
2163 469 2378 541 aliquos
2416 472 2719 532 lucrentur.
2755 477 3092 553 Insuperque
3127 483 3296 555 hujus
3329 489 3455 544 vitae

156 551 327 609 ῦεασι
376 555 615 619 πολλοῖς,
663 552 1189 622 συγκαταϐαίνοντες
1233 554 1328 608 ἐπὶ
1376 554 1455 626 τῷ
1502 554 1765 625 κερδῆσαί

152 663 325 710 τινας
390 647 502 701 τῶν
568 646 995 717 βεϐυθισμένων.
1044 647 1164 699 Ἔτι
1214 646 1305 699 τὸν
1343 646 1469 717 τῇδε
1512 645 1608 700 τοῦ
1648 647 1764 718 βίου

150 740 587 813 περισπασμὸν,
616 740 709 792 καὶ
737 738 835 811 τὴν
870 739 927 791 ἐν
966 736 1115 809 αὑτῴ
1143 736 1252 791 τῶν
1294 739 1634 810 πραγμάτων
1677 757 1766 793 πι-

152 832 308 900 κρὰν
342 833 612 904 ἀνάχυσιν
674 832 768 885 καὶ
799 832 891 885 τὸν
936 831 1277 902 άναφυρμὸν,
1316 833 1595 903 σημαίνων
1632 836 1764 903 ἡμῖν

1866 560 2308 627 distractionem,
2340 572 2395 619 et
2421 579 2665 623 amaram
2696 568 2846 624 illam
2889 589 3073 629 rerum
3100 575 3222 646 ejus
3252 576 3451 632 coniu-

1867 654 2075 709 sionem
2121 657 2673 733 commistionemque
2712 665 2924 721 urbane
2988 668 3148 725 nobis
3196 670 3451 729 indicans

1870 746 2189 817 Psalmista,
2229 749 2344 806 Hoc
2380 769 2548 822 mare,
2581 756 2779 827 inquit,
2816 758 2929 812 illic
2950 760 3185 827 reptilia,
3226 780 3453 833 quarunt

1869 855 1974 893 non
2008 849 2086 894 est
2118 857 2390 908 numerus,
2424 852 2530 900 etc.
2566 844 2701 899 Nam
2743 848 2988 918 piscibus
3037 853 3283 922 apposite
3318 870 3451 911 con-

147 924 406 989 άστείως
439 926 467 978 6
504 924 756 995 μελῳδὸς,
804 923 965 991 Αὕτη
997 923 1036 991 ἡ
1072 922 1376 990 θάλασσα,
1411 926 1574 995 φησὶν
1594 966 1608 988 ,
1640 925 1773 979 ἐκεῖ

146 1018 415 1085 ἑρπετὰ,
452 1012 539 1073 ὧν
566 1019 678 1072 οὐκ
728 1016 900 1071 ἔστιν
931 1017 1196 1087 ἀριθμὸς,
1227 1016 1340 1078 ζῶα
1383 1017 1567 1087 μικρὰ
1610 1022 1766 1089 μετὰ

140 1108 467 1179 μεγάλων.
520 1110 723 1180 Ἰχθύσι
771 1110 880 1182 γάρ
919 1112 1320 1183 παρεικαστέον
1354 1108 1414 1164 εὖ
1452 1112 1598 1183 μάλα
1636 1113 1763 1176 τοὺς

142 1202 242 1255 ἐπ’
293 1202 486 1255 οὐδενὶ
533 1203 633 1273 μὲν
668 1202 778 1256 ἔσθ’
808 1203 897 1257 ὅτε
949 1205 1059 1257 τῶν
1102 1205 1411 1273 ἀναγκαίων
1456 1208 1535 1270 είς
1576 1207 1763 1278 ὄνησιν

141 1295 283 1367 τῇδε
318 1296 552 1348 κάκεῖσε
590 1295 933 1367 διᾴττοντας,
977 1298 1071 1351 καὶ
1116 1298 1251 1368 μόνα
1303 1297 1659 1367 συλλέγοντας
1692 1299 1760 1352 τά

139 1389 377 1458 ὅσαπερ
408 1388 474 1443 ἂν
506 1389 781 1461 ἀποφῆναι
835 1392 1131 1462 σαρκικοὺς
1151 1432 1168 1457 ,
1218 1392 1313 1444 καὶ
1344 1392 1585 1456 εἰκαίους
1631 1393 1762 1445 ἀνα-

140 1478 352 1548 τλῆναι
391 1478 808 1549 παρασκευάζει
845 1480 1061 1543 πόνους.
1105 1481 1315 1535 υύκοῦν
1350 1482 1547 1553 ἰχθύων
1578 1482 1762 1554 διανη-

140 1570 372 1642 χόμεθα
417 1571 573 1644 δίκην
603 1573 701 1645 τὴν
753 1573 1013 1631 πλατεῖαν
1054 1574 1257 1647 ταύτην
1305 1577 1401 1630 καὶ
1446 1576 1761 1648 εὐρύχωρον

134 1667 167 1718 6
194 1664 450 1719 ἑκάστου
478 1663 611 1734 βίος.

1869 928 2137 998 ferantur,
2166 933 2261 1002 qui
2293 932 2361 987 ad
2391 936 2789 1003 comparandas
2812 940 2912 995 sibi
2936 956 3025 997 res
3051 959 3227 1015 neque
3257 962 3451 1002 neces-
3524 982 3527 987 ν

1869 1022 2068 1087 sarias,
2112 1039 2290 1094 neque
2336 1025 2520 1087 utiles.
2571 1028 2679 1085 huc
2719 1030 2850 1085 illuc
2888 1035 3227 1105 transiliunt,
3263 1045 3319 1092 et
3356 1040 3449 1096 illa

1865 1112 1981 1167 sola
2010 1113 2294 1184 colligunt,
2331 1129 2453 1185 qua:
2473 1116 2596 1172 illos
2628 1119 2880 1175 carnales
2903 1136 3025 1177 esse
3049 1121 3349 1189 declarent,
3384 1139 3450 1179 ac

1867 1204 2086 1260 labores
2132 1220 2324 1261 eorum
2361 1221 2533 1263 vanos
2569 1208 2869 1280 irritosque
2898 1210 3125 1266 faciant.
3151 1211 3320 1284 Igitur
3368 1215 3451 1284 pi-

1868 1298 2043 1353 scium
2072 1297 2245 1353 instar
2269 1298 2375 1353 hoc
2390 1314 2541 1355 mare
2568 1316 2825 1373 magnum
2849 1309 2903 1357 et
2931 1305 3229 1372 spatiosum
3263 1316 3450 1360 trana-

1868 1404 2014 1452 mus,
2052 1388 2306 1444 videlicet
2352 1391 2618 1446 mundum
2649 1411 2664 1448 :
2698 1408 2825 1448 nam
2854 1394 3260 1465 cujusquevita
3294 1399 3448 1453 varia

1868 1479 2239 1551 diﬂ‘erensque
2265 1489 2372 1537 est.
2688 1500 2693 1507 α

1820 1574 2118 1640 θάλασσαν,
2178 1574 2427 1629 τουτέστι
2461 1576 2554 1631 τὸν
2589 1577 2827 1650 κόσμον-
2880 1579 3134 1653 διάφορος
3180 1582 3288 1652 γάρ
3330 1597 3447 1643 πως

210 1827 475 1898 Δράκων
528 1822 727 1893 οὗτος,
780 1827 853 1881 ὃν
898 1827 1178 1893 ἔπλασας
1213 1826 1519 1898 ἐμπαίζειν
1571 1827 1731 1894 αὐτῷ

1933 1816 2098 1875 Vens.
2124 1817 2315 1873 27-29.
2362 1815 2538 1875 Draco
2569 1821 2688 1887 iste,
2742 1838 2891 1893 quem
2932 1824 3179 1894 formasti
3211 1828 3280 1881 ad
3319 1829 3445 1883 illu-

134 1918 364 1974 Πάντα
390 1919 542 1990 πρὸς
572 1920 649 1975 σὲ
685 1918 1087 1991 προσδοκῶσι,
1119 1920 1329 1975 δοῦναι
1367 1920 1483 1990 τὴν
1520 1921 1733 1991 τροφὴ)

1857 1910 2088 1966 dendum
2118 1911 2188 1965 ei.
2217 1910 2412 1966 Omnia
2455 1930 2486 1965 a
2518 1922 2564 1966 te
2594 1925 2896 1996 exspectant
2927 1927 2982 1969 ut
3017 1915 3106 1971 des
3137 1918 3245 1972 illis
3270 1936 3445 1974 escam

131 2011 364 2078 αὐτοῖς
411 2013 710 2083 εὔκαιρον.
770 2014 992 2078 Δόντος
1040 2028 1158 2067 σου
1215 2013 1421 2080 αὐτοῖς
1447 2054 1462 2079 ,
1525 2014 1733 2067 συλλέ·

1858 2005 1912 2058 in
1946 2014 2191 2073 tempore.
2224 2003 2400 2059 Dante
2433 2015 2481 2059 te
2512 2005 2621 2059 illis
2650 2007 2920 2079 colligant,
2956 2012 3215 2079 aperiente
3239 2022 3286 2065 te
3324 2031 3443 2067 ma-

133 2101 368 2166 ξουσι·
419 2103 777 2169 ἀνοίξαντος
822 2100 889 2156 δέ
932 2119 1050 2157 σου
1091 2102 1208 2172 τὴν
1260 2103 1450 2174 χεῖρα,
1491 2103 1562 2157 τὰ
1593 2104 1733 2173 σύμ-

1857 2113 1983 2151 num
2025 2097 2203 2150 omnia
2258 2097 2620 2167 implebantur
2672 2100 2921 2156 bonitate.
2966 2101 3102 2159 Vide
3149 2119 3217 2158 an
3264 2105 3445 2176 possis

128 2206 351 2246 παντα
378 2193 841 2263 πλησθήσονται
863 2196 1293 2264 χρηστότητος.
1316 2196 1459 2267 Ὅρα
1475 2196 1521 2247 εί
1543 2195 1733 2267 δυνήσῃ

1859 2188 1987 2242 hinc
2020 2188 2217 2259 dogma
2260 2190 2595 2245 catholicum
2639 2193 2912 2262 excipere,
2947 2192 3095 2266 quod
3132 2211 3325 2252 omnes
3354 2213 3445 2253 res

129 2284 447 2339 καθολικὸν
470 2285 579 2338 ἀπὸ
593 2286 783 2339 τούτου
814 2286 1062 2340 ἐκλαϐεῖν
1085 2287 1282 2358 δόγμα,
1300 2286 1375 2351 ὡς
1404 2287 1621 2341 πάντων
1642 2286 1733 2338 τῶη

1855 2290 2055 2336 creatae
2099 2281 2293 2351 inopes
2346 2281 2459 2337 sint
2518 2298 2582 2337 ac
2621 2282 2719 2339 Dei
2748 2286 3037 2357 largitione
3088 2297 3302 2358 egeant,
3335 2305 3442 2360 qua

130 2375 403 2445 γενητῶν
424 2377 763 2448 πενομένων,
786 2378 1125 2449 λειπομένων
1153 2396 1212 2431 τε
1243 2378 1338 2432 καὶ
1360 2378 1629 2450 δεομένων
1652 2382 1733 2451 τῆς

1854 2382 2081 2443 accepta
2104 2375 2441 2430 roborantur
2470 2391 2534 2430 ac
2568 2377 2770 2447 vigent,
2793 2388 2982 2449 utpote
2999 2396 3124 2436 esca
3156 2383 3322 2437 vitam
3356 2398 3443 2437 ac-

128 2467 297 2539 παρά
328 2467 431 2521 τοῦ
466 2469 601 2523 Θεοῦ
630 2471 916 2542 χορηγίας,
947 2466 1015 2543 ἧς
1061 2472 1432 2541 μεταλαϐόντα
1475 2471 1733 2542 δυναμοῦ·

1851 2466 2142 2537 cipientes.
2180 2466 2375 2521 Omnia
2412 2477 2515 2521 ate
2549 2479 2877 2537 exspectant,
2909 2481 2967 2524 ut
2996 2472 3086 2527 des
3116 2474 3225 2527 illis
3266 2491 3443 2529 escam

129 2578 226 2612 ται
267 2560 371 2613 καὶ
407 2561 601 2633 ἰσχύει,
634 2561 824 2634 ὥσπερ
849 2562 936 2617 διὰ
967 2563 1173 2635 τροφῆς
1209 2563 1512 2635 ζωούμενα.
1541 2562 1733 2617 Πάντο

1849 2561 1905 2614 in
1936 2569 2188 2630 tempore.
2238 2558 2376 2615 Cum
2422 2576 2590 2631 porro
2632 2565 2813 2617 omnia
2860 2564 3081 2633 dixerit,
3126 2569 3442 2639 spirituales

129 2650 291 2719 πρὸς
326 2652 409 2705 σὲ
442 2651 889 2721 προσδοκῶσιν,
908 2652 1119 2707 δοῦναι
1157 2654 1271 2722 τὴν
1291 2655 1521 2725 τροφὴν
1540 2654 1733 2720 αὐτοῖς

1847 2661 1902 2708 et
1925 2661 2147 2708 sanctas
2172 2652 2431 2717 virtutes,
2464 2669 2683 2710 necnon
2716 2658 3028 2724 sensibiles,
3063 2676 3183 2729 quae
3207 2664 3260 2715 in
3292 2678 3442 2716 mor-

130 2742 451 2811 εὔκαιρον.
495 2743 576 2797 Τὰ
610 2731 788 2798 πάντα
824 2744 881 2797 δὲ
917 2747 1096 2816 φήσας
1127 2748 1155 2800 6
1198 2746 1356 2816 λόγος
1389 2749 1742 2819 περιείληφεν

128 2836 271 2906 ὁμοῦ
306 2836 414 2901 τὰς
448 2836 646 2908 νοητὰς
676 2837 772 2891 κα)⁸
805 2837 967 2905 ἁγίας
998 2836 1278 2908 δυνάμεις,
1320 2837 1420 2900 τάς
1455 2855 1515 2889 τε
1550 2837 1741 2906 αἰσθη-

128 2926 232 2992 τὰς
257 2930 360 2983 καὶ
394 2928 499 2994 τὰς
530 2932 588 2983 ἐν
622 2929 837 3001 θνητοῖς
878 2928 1145 3001 σώμασιν,
1192 2929 1351 2984 Οὕτω
1389 2931 1499 3003 γάρ
1534 2930 1734 3001 μᾶλλον

1850 2744 2049 2799 talibus
2107 2743 2434 2814 corporibus
2484 2756 2634 2810 sunt,
2665 2762 2773 2801 una
2814 2749 3136 2820 complexus
3164 2760 3268 2806 est.
3303 2751 3441 2807 Nam

1844 2837 1921 2890 ita
1962 2836 2058 2892 Dei
2099 2836 2321 2892 bonitas
2367 2838 2541 2906 magis
2574 2838 2854 2904 elucescit,
2906 2841 3051 2910 quod
3080 2850 3190 2898 tam
3238 2843 3438 2916 dignis,

1842 2944 2005 3000 quam
2031 2927 2295 3003 indignis,
2331 2944 2488 2984 suam
2532 2929 2811 2998 impertiat
2841 2932 3256 3004 benignitatem.

120 3021 409 3091 μειζόνως
434 3024 470 3094 ἡ
502 3023 775 3094 άναθότης
803 3021 1118 3094 διαλάμπει,
1147 3022 1226 3094 τῷ
1254 3024 1349 3079 καὶ⁸
1381 3025 1552 3092 ἀξίοις
1579 3026 1669 3078 καὶ
1700 3023 1774 3096 μὴ
1808 3023 1980 3088 ἀξίοις
2016 3023 2116 3094 τῆς
2147 3023 2279 3095 παρ’
2306 3023 2472 3075 αὑτοῦ
2507 3026 2874 3098 χρηστότητος
2909 3027 3250 3097 μεταδοῦναι.

212 3184 595 3251 Ἁντανελεῒς
617 3183 684 3238 τὸ
714 3186 951 3256 πνεῦμα
979 3183 1178 3241 αὐτῶν
1211 3185 1311 3239 καὶ
1345 3186 1727 3254 ἐκλείψουσι,

1905 3184 2074 3239 Vens.
2106 3180 2195 3237 '50.
2227 3183 2447 3251 Auferes
2479 3184 2723 3251 spiritum
2758 3198 2963 3248 eorum,
2994 3195 3042 3239 et
3072 3187 3338 3257 deﬁcient,
3385 3200 3438 3246 et

126 3276 227 3329 καὶ
242 3279 335 3342 εις
358 3276 476 3331 τὸν
504 3277 658 3346 χοῦν
681 3277 881 3333 αὐτῶν
895 3278 1356 3347 ἐπιστρέφουσι.
1377 3278 1733 3343 Ἐξαποστε-

127 3368 258 3435 ,ἱεῖς
276 3369 347 3423 τὸ
363 3369 765 3440 πνεῦμάςσου,
786 3370 885 3425 καὶ
902 3371 1356 3440 κτισθήσοντιιι,
1383 3371 1480 3423 καὶ
1498 3372 1735 3424 ἀνακαι-

128 3459 278 3526 νιεῖς
308 3461 377 3515 τὸ
414 3463 747 3529 πρόσωπον
778 3462 890 3531 τῆς
921 3462 1055 3533 γῆς.
1094 3463 1229 3536 Περὶ
1263 3462 1566 3535 ἀνθρώπων
1618 3460 1674 3516 δὲ
1704 3462 1732 3514 6

129 3546 311 3617 λόγος,
348 3550 452 3604 καὶ
496 3546 648 3621 οἶμαί
688 3569 752 3621 γε
803 3552 891 3606 διὰ
930 3553 1136 3606 τούτων
1169 3555 1271 3626 τὴν
1323 3553 1414 3606 τοῦ
1465 3552 1733 3625 παρόντος

130 3641 329 3705 αἰῶνος
353 3641 649 3714 δηλοῦσθαι
685 3645 997 3699 συντέλειαν
1021 3686 1036 3710 ,
1068 3646 1164 3700 καὶ
1193 3645 1292 3718 τὴν
1317 3645 1407 3700 τοῦ
1444 3646 1730 3717 μέλλοντος

128 3731 455 3786 ἀνανέωσιν·
482 3734 557 3798 ὡς
587 3734 652 3789 ἂν
682 3737 756 3807 μή
777 3754 860 3800 τις
894 3738 1168 3811 ὑπονοήσῃ
1193 3739 1272 3802 είς
1301 3739 1525 3809 ἄπειρον
1559 3755 1730 3791 κατα-

128 3825 328 3879 τείνειν
350 3827 452 3897 τὴν
481 3827 763 3899 παροῦσαν
786 3829 880 3883 τοῦ
906 3830 1114 3901 κόσμου
1146 3829 1424 3892 σύστασιν,
1449 3829 1564 3883 ἀλλ’
1587 3829 1728 3899 ἔχοι-

132 3929 233 3979 μεν
259 3914 487 3979 ἐλπίδας
516 3918 596 3980 είς
629 3917 836 3971 ἐκεῖνον
863 3920 953 3972 τὸν
986 3920 1104 3972 νέον
1142 3919 1315 3973 αἰῶνα
1343 3920 1435 3972 καὶ
1469 3921 1567 3992 τὴν
1593 3919 1727 3972 ἀνά-

132 4017 344 4068 στασιν,
372 4006 440 4075 ἢν
470 4008 498 4059 ὁ
525 4004 681 4075 λόγος
714 4008 1013 4080 παρίστησι
1046 4009 1181 4081 μετὰ
1203 4010 1263 4062 τὸ
1286 4010 1471 4079 φάναι,
1494 4012 1597 4075 Εἰς
1620 4013 1729 4064 τὸν·

130 4094 284 4160 χοῦν
311 4094 516 4149 αὐτῶν
563 4098 1073 4168 ἐπιστρέφουσιν,
1111 4101 1405 4171 ἐπαγαγών
1425 4120 1439 4134 ο
1483 4103 1727 4167 Ἐξαπο-

129 4187 372 4253 ι-τελεῖς
410 4189 478 4241 τὸ
512 4190 749 4263 πνεῦμά
778 4208 895 4247 σου
933 4193 994 4247 τὸ
1028 4194 1313 4261 ζωοποιὸν,
1346 4195 1443 4248 καὶ
1482 4193 1727 4262 κτισθή-

132 4291 364 4344 σονται,
400 4283 465 4333 ὲκ
519 4282 623 4353 γῆς
677 4285 1067 4356 ἀνιστάμενοι,
1114 4286 1213 4340 καὶ
1258 4287 1625 4352 ἁνακαινιεῖς
1656 4288 1723 4341 τὸ

129 4372 461 4436 πρόσωπον
485 4375 596 4444 τῆς
626 4376 757 4447 γῆς,
785 4378 844 4430 τὸ
873 4378 1067 4443 κάλλος
1098 4379 1199 4450 τῆς
1225 4380 1347 4449 γῆς,
1374 4379 1574 4451 δηλαδὴ
1598 4382 1723 4445 τοὺς

131 4465 238 4518 ἀπὸ
311 4467 421 4537 γῆς
468 4468 807 4535 πλασθέντας
872 4470 1214 4543 ἀνθρώπους.
1299 4471 1564 4527 Ἐνταῦθα
1626 4490 1721 4526 σα-

1838 3278 1893 3330 in
1945 3277 2211 3345 pulverem
2277 3292 2433 3331 suum
2488 3284 2834 3329 revertentur.
2887 3275 3112 3332 Emittes
3185 3282 3435 3350 spiritum

1840 3376 2075 3430 tuum,et
2098 3366 2439 3431 creabantur,
2472 3375 2521 3419 et
2553 3366 2829 3421 renovabis
2859 3368 3051 3437 faciem
3076 3371 3434 3430 terrm/Esti-

1837 3475 1926 3514 mo
1948 3459 2015 3515 de
2042 3459 2361 3515 hominibus
2396 3460 2485 3514 hic
2512 3475 2822 3515 sermonem
2851 3460 3063 3524 haberi,
3099 3477 3164 3516 ac
3188 3479 3432 3533 praesen-

1835 3553 1906 3607 tis
1928 3552 2116 3607 saeculi
2149 3552 2680 3607 consummationem
2711 3552 2994 3623 futurique
3016 3557 3426 3613 renovationem

1834 3640 1921 3695 liis
1949 3639 2284 3713 signiﬁcari;
2316 3647 2379 3694 ut
2413 3656 2482 3695 ne
2506 3643 2630 3711 quis
2648 3640 3027 3712 suspicaretur
3046 3643 3211 3715 bujus
3237 3647 3430 3703 mundi

1834 3738 2038 3789 statum
2079 3733 2135 3787 in
2166 3741 2436 3788 internum
2464 3744 2788 3789 mansurUm
2824 3750 2979 3802 esse;
3017 3737 3115 3792 sed
3150 3754 3301 3809 spem
3326 3741 3425 3795 ba-

1831 3824 2089 3881 beremus
2120 3825 2174 3878 in
2211 3823 2346 3878 illud
2380 3839 2584 3878 novum
2633 3825 2918 3890 saeculum,
2955 3843 3019 3881 ac
3066 3831 3427 3887 resurrectio-

1831 3933 1957 3973 nem
1989 3933 2153 3988 quain
2183 3934 2367 3974 sermo
2393 3918 2658 3983 declarat,
2694 3935 2817 3974 cum
2852 3928 3210 3992 posteaquam
3261 3923 3421 3988 dixit,

1832 4010 1898 4065 In
1918 4011 2179 4079 pulverem
2212 4027 2369 4065 suum
2394 4019 2737 4075 revertentur,
2764 4012 3010 4081 subjicit,
3040 4011 3265 4067 Emittes
3297 4014 3413 4081 spi-

1830 4105 1991 4159 ritum
2016 4115 2163 4158 tuum
2194 4104 2494 4167 viviﬁcum,
2524 4113 2575 4157 et
2601 4103 2942 4169 creabantur,
2977 4120 3043 4159 ex
3071 4113 3217 4158 terra
3243 4121 3425 4161 resur-

1829 4205 2043 4268 gentes,
2081 4207 2131 4252 et
2173 4196 2448 4250 renovabis
2495 4196 2688 4266 faciem
2734 4206 2909 4260 terra’,
2954 4197 3420 4267 pulchritudinem

1828 4288 2078 4344 videlicet
2106 4295 2285 4354 terrae,
2312 4288 2365 4342 id
2394 4295 2500 4353 est,
2523 4287 2777 4343 homines
2804 4304 2872 4344 ex
2905 4297 3050 4344 terra
3080 4291 3417 4346 elformatos.

1826 4378 1928 4435 Hic
1975 4380 2125 4436 clare
2168 4380 2331 4435 nobis
2369 4380 2862 4446 resurrectionem,
2908 4395 3109 4435 novam
3158 4396 3257 4451 per
3289 4396 3420 4435 san-

1826 4471 2136 4528 ctissimum
2169 4469 2437 4542 Spiritum
2474 4471 2664 4535 vitam,
2703 4486 2767 4525 ac
2796 4472 3165 4525 humanorum
3217 4486 3417 4541 corpo-

131 4556 246 4624 φώς
295 4561 430 4630 ἡμῖν
461 4561 555 4613 καὶ
588 4561 684 4632 τὴν
723 4564 1017 4619 ἀνάστασιν
1060 4563 1436 4637 προεκήρυξε,
1477 4565 1572 4617 καὶ
1621 4565 1720 4636 τὴν

1834 4581 1949 4620 rum
1980 4565 2035 4619 in
2058 4563 2367 4619 novissimo
2398 4564 2586 4618 saeculi
2618 4571 2864 4633 tempore
2892 4566 2945 4617 in
2975 4563 3268 4634 pristinam
3303 4562 3417 4618 for-

130 4648 218 4704 διὰ
246 4650 342 4705 τοῦ
391 4653 658 4723 παναγίου
701 4656 1019 4728 Πνεῦμα-τος
1055 4659 1376 4723 ἀναϐίωσιν,
1407 4660 1502 4711 καὶ
1534 4658 1627 4711 τὸν
1662 4660 1719 4711 ἐν

130 4742 381 4814 ἐσχάτοις
417 4746 509 4799 τοῦ
540 4747 735 4812 αἰῶνος
764 4753 975 4821 καιροῖς
997 4751 1106 4804 τῶν
1140 4751 1498 4825 ἀνθρωπίνων
1532 4751 1719 4822 σωμά-

130 4851 257 4900 των,
293 4838 687 4911 ἀναπλασμόν·
718 4842 817 4913 τήν
850 4859 908 4895 τε
936 4845 1016 4907 είς
1059 4844 1119 4897 τὸ
1161 4840 1316 4910 αὖθις
1348 4841 1486 4899 εἶναι
1539 4861 1719 4916 παρα-

131 4930 335 5001 γωγήν.
360 4933 472 4986 Καὶ
506 4934 799 4999 δείκνυσιν,
827 4934 902 4999 ὠς
928 4936 1088 5001 αὑτός
1114 4939 1259 4991 ἐστιν
1289 4941 1317 4992 6
1354 4940 1450 4994 καὶ
1480 4938 1713 4992 θανάτου

131 5020 223 5074 καὶ
243 5021 391 5093 ζωῆς
415 5023 788 5096 δεσπότης.οὐ
818 5026 926 5098 γὰρ
958 5026 1205 5097 βούλεται
1237 5032 1348 5093 τοῖς
1371 5028 1715 5100 σκυθρωποῖς

132 5108 503 5185 ἐνδιατρίϐειν,
522 5117 659 5171 ἀλλὰ
691 5118 947 5174 τοσοῦτον
974 5118 1142 5173 εἰπὼν
1169 5122 1292 5174 ὅσον
1323 5120 1580 5192 φοϐῆσαι,
1609 5120 1711 5173 πάν

132 5197 213 5254 λιν
239 5204 329 5258 ἐπὶ
353 5206 421 5260 τὰ
437 5206 648 5279 χρηστά
676 5209 939 5278 ἐπανάγει
956 5208 1046 5262 τὸν
1066 5209 1243 5278 λόγον,
1263 5211 1356 5263 καὶ
1386 5211 1522 5281 ὅπερ
1545 5208 1711 5263 ἀλλα-

132 5292 227 5361 χοῦ
248 5296 478 5371 εἴρηται,
501 5301 583 5353 ὅτι
613 5302 706 5354 κα¹ι
724 5301 954 5355 θανάτου
987 5303 1079 5356 καὶ
1104 5301 1251 5373 ζωῆς
1279 5301 1444 5366 αὐτός
1474 5304 1589 5355 ἐστι
1607 5301 1715 5355 Κύ-

134 5398 265 5452 ριος,
279 5388 437 5442 τοῦτο
456 5391 689 5445 ἐνταῦθα
712 5392 879 5463 δηλοῖ,
915 5393 1007 5447 καί
1038 5409 1169 5465 φησι
1198 5393 1325 5456 τοὺς
1354 5394 1435 5457 είς
1466 5393 1557 5447 τὸν
1580 5392 1709 5465 χοῦν

136 5470 559 5551 ἐπιστρέψαντας
576 5484 679 5537 ὑπὸ
696 5484 786 5537 τοῦ
805 5484 1123 5556 Πνεῦματος
1154 5485 1456 5551 κτίζεσθαι,
1476 5489 1569 5540 καὶ
1586 5490 1709 5542 άνα-

136 5569 460 5634 καινίζεσθαι
496 5577 602 5629 τῶν
628 5577 724 5630 ἀνθ
736 5576 930 5648 ρώπων
959 5578 1020 5630 τὸ
1052 5579 1206 5646 γένος
1232 5597 1243 5609 ·
1278 5581 1310 5649 ἡ
1341 5580 1449 5650 γάρ
1475 5582 1710 5634 ἀνάστα-

140 5669 220 5721 σις
238 5659 315 5723 εἰς
336 5664 395 5715 τὸ
426 5667 651 5737 ἀρχαῖόν
684 5671 833 5721 ἐστιν
872 5664 1333 5733 ἀποκατάστασις.
1381 5670 1709 5743 ’Λποστολὴν

136 5744 189 5797 δὲ
227 5750 377 5805 καλεῖ
403 5757 494 5808 τοῦ
533 5759 845 5829 Πνεῦμα-τος
878 5761 978 5832 τὴν
1013 5763 1150 5834 πρὸς
1176 5763 1235 5816 τὸ
1264 5764 1508 5833 ἐνεργεῖν
1542 5764 1707 5816 αὑτοῦ

138 5848 546 5919 αυγκατάὸασιν,
573 5854 631 5906 οὐ
664 5853 759 5925 τὴν
785 5856 847 5909 ἐκ
878 5856 1042 5909 τόπου
1074 5859 1149 5921 εἰς
1180 5858 1345 5911 τόπον
1373 5857 1671 5928 μετάϐασιν
1691 5878 1704 5890 ·

1821 4671 1969 4711 mam
2026 4654 2458 4720 restitutionem,
2506 4654 2888 4726 praenuntiat:
2930 4654 3172 4725 itemque
3208 4655 3414 4727 produ-

1821 4746 2058 4800 crionem
2090 4745 2240 4799 illam
2284 4753 2347 4799 ut
2390 4760 2611 4801 rursum
2652 4745 3003 4801 exsistamus.
3051 4744 3415 4817 Ostenditque

1820 4836 2003 4907 ipsum
2035 4850 2161 4892 esse
2202 4842 2257 4891 et
2290 4836 2486 4891 mortis
2512 4846 2566 4891 et
2607 4835 2733 4891 vitae
2772 4834 3087 4895 Dominum.
3129 4836 3252 4893 Non
3296 4840 3415 4894 vult

1819 4929 1965 4984 enim
2014 4944 2118 4984 nos
2156 4928 2212 4983 in
2256 4928 2514 4985 tristibus
2563 4943 2920 4999 permanere;
2970 4930 3066 4986 sed
3116 4939 3411 5003 postquam

1818 5030 2048 5079 eatenus
2072 5022 2164 5077 illa
2191 5022 2351 5088 dixit,
2385 5030 2664 5094 quatenus
2690 5037 2793 5079 nos
2822 5022 3310 5094 perterrefaceret;
3343 5026 3409 5079 ad

1802 5112 2038 5169 ‘mitiora
2075 5128 2297 5170 rursum
2335 5129 2647 5170 sermonem
2697 5114 2949 5171 reducit:
2982 5124 3036 5172 et
3082 5117 3231 5188 quod
3278 5117 3405 5172 alibi

1817 5205 2027 5261 dictum
2054 5214 2160 5272 est,
2190 5208 2454 5279 quoniam
2500 5209 2627 5262 vitae
2671 5214 2726 5263 et
2768 5210 2963 5265 mortis
2996 5211 3114 5281 ipse
3139 5209 3407 5264 Dominus

1816 5305 1921 5367 est,
1952 5298 2191 5370 idipsum
2219 5300 2333 5370 jam
2364 5300 2573 5356 indicat
2601 5309 2655 5357 et
2686 5302 2784 5368 ait,
2803 5318 2899 5359 eos
2923 5304 3017 5372 qui
3043 5304 3096 5357 in
3122 5302 3407 5372 pulverem

1816 5393 2020 5447 reversi
2039 5400 2169 5448 sunt
2192 5408 2221 5448 a
2249 5391 2455 5465 Spiritu
2475 5394 2844 5459 creandos,ac
2876 5396 3251 5449 renovandum
3282 5409 3407 5449 esse

1816 5500 1988 5555 genus
2021 5486 2321 5541 humanum
2352 5502 2511 5540 :nam
2543 5489 2877 5543 resurrectio
2918 5497 3002 5545 est
3031 5490 3087 5543 in
3107 5488 3403 5560 pristinum

1814 5579 2113 5634 restitutio.
2160 5578 2525 5635 Emissionem
2580 5591 2763 5636 autem
2824 5580 3064 5651 Spiritus
3123 5590 3403 5652 nuncupat

1813 5672 1934 5742 ejus
1966 5672 2032 5726 ad
2067 5672 2405 5741 Operandum
2430 5673 2781 5736 descensum,
2812 5689 2924 5728 non
2964 5689 3095 5729 vero
3142 5674 3403 5728 mutatio-

1813 5783 1938 5821 nem
1970 5782 1999 5821 a
2036 5767 2157 5821 loco
2202 5767 2255 5820 in
2289 5767 2492 5828 locum,
2528 5766 2655 5835 quia
2686 5764 2921 5834 Spiritus
2955 5765 3166 5819 Domini
3188 5766 3400 5835 repleuit

1819 5858 1996 5915 orbem
2022 5870 2310 5928 terrarum,
2349 5877 2376 5915 a
2407 5876 2516 5931 quo
2542 5860 2710 5917 iacies
2741 5870 2901 5917 lerrre
2962 5871 3277 5919 renovatur.
3308 5857 3401 5915 Et-
