3964 6520
565 344 704 400 19.87

1201 341 1465 397 EUSEBII
1504 338 1984 397 CAESARIENSIS
2019 334 2170 396 OPP.
2224 337 2406 395 PARS
2444 337 2532 396 Ill.
2574 369 2645 380 —
2683 334 3092 397 EXEGETICA:

3623 347 3722 405 l288

563 466 707 519 enim
726 462 841 514 haec
856 467 939 514 est
964 467 1121 514 terra:
1152 458 1521 529 pulchritudo,
1550 458 1808 512 animalia
1838 474 1959 528 quin
1989 458 2044 511 in
2070 471 2133 510 ea

2244 456 2317 510 ὅτι
2356 457 2597 527 Πνεῦμα
2630 458 2853 527 Κυρίου
2898 456 3249 526 πεπλήρωκε
3281 457 3393 526 τὴν
3420 461 3723 531 οικουμένητ,

564 563 714 617 sunt,
759 554 980 623 plantae,
1029 557 1083 605 et
1134 550 1415 605 hominum
1456 565 1649 620 genus.
1696 547 1767 604 Ut
1808 558 1989 604 autem
2043 550 2132 602 illa

563 646 990 705 constituantur,
1026 643 1336 696 necessaria
1371 651 1454 697 est
1481 641 1706 712 spiratio
1728 648 1783 697 et
1805 641 1913 695 vita
1945 642 2012 696 ab
2042 641 2135 695 illo

562 738 709 800 data,
757 752 920 806 quam
950 742 1005 790 ct
1036 736 1168 790 dare
1211 742 1265 788 et
1294 732 1541 803 accipere
1586 734 1687 802 ipsi
1737 732 1997 801 perfacile
2028 740 2134 797 est,

564 838 726 898 atque
753 826 867 880 lucc
894 825 1077 879 omnia
1103 830 1332 895 repente
1355 839 1419 877 ac
1448 824 1600 877 nullo
1631 824 1849 893 negotio
1882 824 2094 892 peragit
2118 841 2131 875 :

522 946 525 953 ~
564 922 618 973 id
646 920 790 974 enim
839 919 924 972 vel
974 918 1273 971 maximum
1323 926 1407 971 est
1439 916 1658 970 virtutis
1691 914 1811 984 ejus
1850 929 2137 984 argmnen-

565 1015 699 1060 tum.
742 1004 907 1060 Vides
949 1004 1115 1060 etiam
1142 1006 1196 1058 in
1231 1005 1485 1074 praesenti
1516 1005 1625 1059 vita
1656 1003 2134 1067 resurrectionem,

564 1098 620 1151 in
657 1098 987 1160 seminibus,
1032 1096 1087 1150 in
1126 1097 1349 1166 plantis,
1388 1104 1549 1165 atque
1589 1097 1641 1149 in
1690 1095 1809 1165 ipso
1854 1096 2136 1149 hominum

566 1208 764 1263 genere
799 1206 1113 1262 expressam
1154 1190 1223 1243 ad
1261 1188 1650 1244 meditandum.
1701 1190 1977 1259 Siquidem
2020 1188 2137 1242 ani-

566 1287 728 1339 malia
762 1294 816 1339 et
847 1286 1044 1354 planta!
1074 1292 1372 1337 extremam
1412 1282 1535 1337 vita:
1566 1285 1831 1337 rationem
1864 1283 2134 1345 obtinent,

564 1392 671 1447 qua
703 1377 938 1442 sublata,
966 1383 1025 1430 ut
1053 1374 1256 1429 dictum
1285 1380 1393 1438 est,
1419 1382 1531 1428 tota
1564 1378 1673 1429 vita
1701 1375 1883 1430 deﬁcit
1910 1390 1923 1429 :
1947 1382 2000 1429 ct
2017 1388 2138 1445 quae

565 1470 781 1525 residua
811 1477 959 1532 sunt,
996 1468 1138 1538 quod
1176 1484 1285 1537 prae
1333 1468 1647 1523 inﬁrmitate
1692 1467 1856 1522 vitam
1908 1481 2136 1522 conser-

561 1578 692 1619 vare
720 1577 829 1617 non
878 1563 1110 1632 possint,
1143 1562 1210 1615 ad
1257 1576 1425 1616 unum
1464 1569 1519 1615 et
1568 1561 1710 1615 idem
1751 1567 2135 1624 revertuntur;

563 1670 625 1710 ac
672 1670 867 1709 rursus
908 1653 1165 1707 animalia
1217 1652 1373 1708 ﬁunt.
1415 1650 1680 1722 Quodque
1732 1650 2135 1705 divinissimum

563 1757 668 1812 est,
698 1763 801 1802 nos
844 1762 912 1802 ex
940 1754 1080 1810 toto,
1109 1744 1365 1800 videlicet
1398 1744 1611 1799 animas
1639 1752 1692 1798 et
1736 1744 1870 1813 ipsis
1904 1741 2138 1810 coniun-

2240 550 2330 619 ὑφ’
2366 544 2428 604 οὗ
2454 550 2514 603 τὸ
2566 551 2856 622 πρόσωπον
2888 550 2986 620 τῆς
3014 549 3118 620 γῆς
3170 550 3569 615 ἁνακαινίζεται.
3605 555 3728 611 Τοῦτο

2239 644 2349 717 γὰρ
2381 644 2575 708 κάλλος
2596 684 2611 707 ,
2667 644 2765 713 τῆς
2800 643 3123 714 οἰκουμένης
3170 643 3237 696 τὰ
3290 643 3404 707 ζῶα
3431 645 3494 697 τὰ
3526 647 3575 697 ὲν
3604 649 3728 718 αὐτῇ,

2239 739 2307 793 τὰ
2337 738 2499 809 φυτὰ,
2542 738 2650 790 τῶν
2690 736 2993 808 ἀνθρώπων
3031 736 3095 789 τὸ
3143 737 3325 805 γένος·
3359 736 3490 790 ὥστε
3522 739 3574 791 δὲ
3607 740 3732 795 ταῦτα

2244 831 2534 902 συστῆναι,
2591 833 2689 900 τῆς
2737 830 2867 900 παρ’
2915 827 3081 882 αὑτοῦ
3118 826 3396 902 διδομένης
3441 831 3584 900 χρεία
3612 833 3731 902 πνοῆς

2242 924 2334 975 καὶ
2368 921 2513 992 ζωῆς
2539 937 2550 952 ·
2581 922 2649 993 ἢν
2700 923 2793 975 καὶ⁹
2821 920 3001 975 δοῦναι
3044 918 3137 973 καὶ
3170 920 3349 973 λαϐεῖν
3398 922 3534 990 αὐτῷ
3574 924 3733 994 ῥᾴδιον,

2241 1015 2336 1069 καὶ
2384 1014 2560 1069 πάντα
2618 1014 2757 1085 μετὰ
2792 1015 2991 1084 τάχους
3036 1013 3131 1066 καὶ
3182 1013 3443 1077 εὐκολίας.
3491 1016 3586 1067 Καὶ
3624 1015 3737 1068 τοῦτο

2245 1104 2481 1175 μάλιστα
2512 1104 2784 1157 δείκνυσιν
2806 1103 2972 1157 αὑτοῦ
2998 1104 3098 1175 τὴν
3128 1103 3300 1174 ἰσχύν.
3344 1105 3498 1175 ὐρᾷς
3526 1106 3605 1157 καὶ
3622 1106 3666 1157 ὲν
3686 1107 3738 1174 τῷ

2243 1191 2472 1268 παρόντι
2538 1195 2638 1266 βίῳ
2693 1196 3072 1267 μελετωμένην
3105 1197 3203 1266 τὴν
3262 1196 3544 1251 ἀνάστασιν
3583 1200 3630 1250 ἑν
3663 1202 3739 1259 τοῖς

2244 1282 2551 1361 σπέρμασιν
2570 1328 2585 1352 ,
2639 1290 2696 1341 ὲν
2722 1293 2836 1352 τοῖς
2877 1292 3064 1358 φυτοῖς
3086 1330 3100 1353 ,
3133 1290 3226 1343 καὶ
3276 1290 3334 1342 ὲν
3378 1287 3518 1358 αὐτῷ
3542 1289 3609 1358 τῷ
3637 1290 3740 1356 γένει

2242 1380 2350 1433 τῶν
2375 1378 2697 1453 ἀνθρώπων.
2723 1382 2834 1434 Καὶ
2871 1378 2984 1444 ζῶα
3009 1380 3119 1452 γὰρ
3144 1381 3237 1433 καὶ
3272 1378 3414 1448 φυτὰ
3444 1382 3552 1433 κατ’
3575 1380 3740 1449 ἔσχατον

2243 1474 2512 1544 ἀπήχημα
2538 1472 2640 1543 τῆς
2679 1473 2824 1544 ζωῆς
2848 1472 3029 1543 ἔχουσι
3069 1472 3129 1524 τὸ
3160 1469 3319 1529 εἶναι.
3358 1467 3425 1543 ἧς
3465 1474 3742 1541 ἀνταναιργι-

2247 1562 2414 1633 μένης
2446 1562 2589 1616 κατὰ
2617 1563 2678 1616 τὸ
2702 1563 2902 1632 λόγιον,
2948 1562 3188 1616 ἐκλείπει
3217 1564 3369 1616 πᾶσα
3394 1561 3518 1632 ζωὴ,
3544 1561 3623 1614 καὶ
3648 1562 3742 1631 api;

2242 1655 2300 1707 ἓν
2329 1655 2397 1707 τὰ
2423 1655 2774 1709 ἐκλελοιπότα
2803 1658 2868 1726 τῇ
2905 1655 3040 1725 πρὸς
3062 1655 3124 1708 τὸ
3170 1656 3421 1725 μετέχειν
3452 1655 3600 1723 αὐτῆς
3633 1654 3742 1705 ἁσθε·

2243 1747 2361 1820 νεία
2404 1748 2565 1801 πάλιν
2620 1748 3057 1820 ὲπιστρεφόμενα
3082 1787 3096 1811 ,
3128 1747 3292 1801 πάλιν
3325 1747 3437 1811 ζῶα
3468 1745 3661 1815 γίνεται.
3696 1746 3743 1797 Τὸ

564 1849 651 1894 cta
682 1853 933 1907 corpora,
964 1836 1029 1890 ad
1066 1834 1433 1890 omnimodam
1478 1835 1642 1889 vitam
1674 1842 1727 1889 et
1762 1834 2140 1889 immortalita-

2244 1838 2300 1890 δὲ
2352 1836 2647 1901 θειότατον,
2680 1838 2761 1891 ὅτι
2800 1838 2895 1891 καὶ
2939 1838 3075 1902 ὅλως
3107 1840 3277 1909 ἡμᾶς,
3334 1837 3506 1907 ψυχάς
3536 1855 3651 1906 φημι
3682 1839 3743 1889 καὶ

564 1940 673 1985 ιειη
704 1928 1117 1989 transferendos
1140 1943 1261 1982 esse
1292 1926 1345 1980 in
1380 1927 1668 1997 promissis
1689 1926 1986 1981 habemus:
2018 1941 2138 1995 qua:

565 2039 654 2078 res
698 2038 829 2077 sane
874 2020 1118 2090 antiquis
1165 2027 1359 2090 praeter
1390 2028 1643 2073 naturam
1686 2034 1809 2074 esse
1844 2017 1985 2073 forte
2019 2018 2138 2072 visa

564 2112 729 2167 fuerit
758 2127 772 2163 :
803 2126 866 2165 ac
910 2125 1098 2165 revera
1133 2116 1186 2162 et
1212 2110 1454 2164 divinum
1478 2125 1618 2179 opus
1644 2116 1730 2164 est
1761 2116 1815 2163 et
1841 2122 2006 2178 supra
2038 2122 2137 2160 na-

563 2211 774 2271 turam;
807 2209 1076 2263 naturam,
1117 2201 1360 2270 inquam,
1394 2208 1660 2264 nostram,
1693 2214 1800 2254 non
1830 2214 1960 2254 vero
1993 2199 2140 2253 illam

564 2298 713 2353 omni
740 2297 941 2349 virtute
980 2294 1232 2363 plenam:
1269 2292 1397 2346 huic
1430 2292 1576 2346 enim
1624 2292 1773 2346 nulla
1807 2291 1917 2346 vita
1946 2300 2141 2361 praeter

564 2397 815 2444 naturam
864 2393 957 2441 aut
990 2401 1155 2456 supra
1198 2393 1448 2438 naturam
1493 2392 1605 2448 est;
1634 2384 1818 2454 itaque
1864 2382 1993 2438 hinc
2027 2398 2143 2439 ser-

563 2494 781 2541 mones,
810 2476 1112 2532 secundum
1135 2472 1377 2526 Simonis
1402 2472 1671 2526 insaniam
1696 2469 1982 2524 adversum
2016 2484 2143 2539 pro-

563 2571 683 2633 lati,
727 2567 1105 2637 repudientur.
1140 2564 1374 2630 Quidam
1410 2578 1541 2618 vero
1570 2563 1651 2618 sic
1690 2562 1856 2615 hosce
1896 2562 2143 2615 versicu-

564 2664 647 2717 los
679 2661 956 2732 explicant
984 2678 995 2713 :
1032 2656 1255 2711 Emittes
1278 2655 1538 2725 Spiritum
1570 2664 1737 2721 tuum,
1772 2652 1864 2722 qui
1908 2666 2005 2721 per
2043 2650 2143 2704 ba-

563 2756 825 2826 ptismum
858 2749 1090 2815 accedit,
1117 2757 1173 2805 et
1214 2749 1549 2803 creabuntur
1592 2747 1649 2801 in
1678 2760 1873 2800 novam
1926 2750 2145 2798 creatu-

561 2861 705 2911 ram,
739 2846 793 2901 in
816 2861 1014 2900 novum
1040 2843 1335 2914 populum;
1369 2842 1443 2896 ita
1474 2840 1699 2910 utprior
1725 2838 1941 2911 quidem
1974 2836 2145 2891 inter-

564 2940 799 3011 pretatio
848 2938 1185 3009 intelligatur
1228 2935 1297 2991 de
1338 2932 1745 2989 resurrectione
1776 2946 1842 2987 ex
1887 2929 2141 2993 mortuis,

565 3031 787 3103 quando
822 3040 970 3086 terra
1007 3031 1379 3092 renovabitur,
1446 3034 1499 3081 et
1536 3025 1856 3080 liberabitur
1889 3038 1919 3077 a
1950 3037 2145 3077 corru-

568 3128 795 3199 ptione;
832 3123 1075 3181 secunda
1104 3140 1258 3189 vero,
1292 3122 1361 3178 de
1399 3118 1812 3190 regeneratione
1840 3131 1939 3188 per
1964 3114 2145 3186 bapti-

565 3234 765 3276 smum.

640 3334 802 3390 Vens.
828 3330 1022 3389 ’ὁὶ-55.
1053 3332 1135 3388 Sit
1161 3330 1334 3401 gloria
1357 3326 1573 3385 Domini
1598 3327 1655 3381 in
1684 3324 1959 3390 sarculum,
1994 3323 2147 3378 laeta—

568 3426 709 3480 bitur
738 3426 997 3480 Dominus
1028 3427 1081 3479 in
1110 3423 1352 3493 operibus
1378 3423 1510 3479 suis.
1536 3420 1644 3489 Qui
1677 3419 1889 3488 respicit
1922 3427 2143 3482 terram,

564 3527 616 3571 et
642 3516 773 3585 facit
806 3531 925 3569 eam
954 3523 1194 3578 tremere,
1222 3514 1311 3585 qui
1339 3514 1510 3584 tangit
1542 3519 1742 3565 montes
1775 3520 1825 3564 et
1856 3508 2142 3579 fumigant.

568 3605 809 3663 Cantabo
862 3605 1093 3660 Domino
1142 3605 1200 3659 in
1244 3606 1353 3659 vita
1400 3618 1537 3667 mea,
1590 3600 1825 3671 psallam
1872 3600 1983 3655 Deo
2030 3614 2144 3653 meo

564 3700 800 3771 quandiu
826 3714 963 3754 sum.
987 3696 1463 3767 Quandoquidem,
1488 3694 1586 3759 ait,
1627 3693 1744 3748 haec
1768 3691 1991 3756 edidici,
2019 3690 2145 3747 ideo

564 3798 735 3845 totam
774 3791 938 3844 vitam
973 3804 1148 3844 meam
1181 3788 1239 3842 in
1270 3788 1500 3857 hymnos
1521 3792 1575 3841 et
1605 3784 1825 3840 laudem
1865 3783 2144 3840 Creatoris

564 3881 840 3937 insumam
869 3897 884 3935 :
919 3886 974 3935 et
1001 3878 1242 3949 quandiu
1266 3876 1526 3933 vivamset
1555 3875 1612 3932 in
1651 3875 1753 3930 hac
1786 3875 1897 3929 vita
1924 3874 2142 3946 degam,

565 3973 809 4030 debitum
836 3972 1108 4042 psalmum
1134 3968 1359 4024 reddam
1394 3966 1506 4022 Deo
1533 3980 1678 4022 meo.
1707 3964 1821 4021 Hoc
1849 3978 2015 4037 porro
2047 3964 2144 4019 ad-

564 4065 921 4120 ditamentum
956 4076 1209 4133 magnum
1243 4060 1462 4116 exhibet
1487 4058 1742 4115 allectum
1772 4064 1826 4114 et
1857 4056 2143 4111 familiari-

564 4162 732 4211 tatem
760 4170 884 4209 cum
914 4153 1047 4209 Deo.
1074 4152 1194 4207 Non
1224 4153 1363 4207 dixit
1394 4152 1561 4215 enim,
1585 4150 1817 4221 psallam
1852 4148 1987 4215 Deo,
2018 4156 2145 4203 tan-

565 4254 704 4311 tum,
739 4246 858 4309 sed,
898 4245 1007 4299 Deo
1036 4262 1169 4300 meo.
1203 4244 1431 4299 Videtur
1470 4258 1705 4312 namque
1731 4242 1933 4306 dicere,
1968 4240 2017 4297 ei
2045 4240 2141 4311 qui

2244 1928 2311 1981 τὰ
2341 1928 2547 2001 συζυγῆ
2577 1928 2825 2000 σώματα,
2860 1929 2997 2002 πρὸς
3028 1930 3264 2000 παντελῆ
3296 1929 3441 2001 ζωὴν
3482 1930 3566 1983 καὶ
3599 1930 3743 1983 ἀθανα-

2247 2021 2368 2074 σίαν
2394 2021 2723 2093 ἐπήγγελται
2752 2024 3107 2095 μεταθήσειν⁸
3139 2024 3376 2095 πρᾶγμα
3397 2025 3462 2093 τῇ
3498 2022 3744 2087 παλαιότητι

2249 2114 2347 2183 μὲν
2372 2112 2501 2176 ἴσως
2524 2114 2673 2185 παρὰ
2704 2113 2863 2182 φύσιν
2895 2114 3106 2177 δοκοῦν,
3140 2119 3205 2186 τῇ
3227 2115 3287 2168 δὲ
3312 2114 3533 2186 ἀληθεία
3555 2116 3633 2167 καὶ
3649 2115 3745 2166 θεῖον

2247 2206 2341 2259 καὶ
2380 2205 2519 2278 ὑπὲρ
2549 2205 2710 2275 φύσιν
2736 2206 2833 2277 τὴν
2872 2205 2994 2259 καθ’
3036 2207 3204 2276 ἡμᾶς,
3247 2207 3312 2260 οὐ
3366 2206 3462 2277 τὴν
3510 2205 3742 2272 πανσθενῆ·

2246 2297 2381 2366 αὐτῇ
2414 2296 2522 2367 γὰρ
2551 2296 2672 2349 οὐδὲ
2708 2297 2805 2367 μία
2838 2295 2950 2367 ζωὴ
2990 2296 3140 2367 παρὰ
3175 2296 3419 2366 φύσιν,ἦ
3456 2296 3584 2368 ὑπὲρ
3618 2294 3743 2365 φύσιν,

2247 2386 2386 2440 ὥστε
2416 2387 2465 2439 οἱ
2512 2387 2641 2457 περὶ
2672 2386 2875 2439 τούτων
2910 2386 3010 2457 τῆς
3043 2388 3335 2457 παροινίας
3366 2386 3593 2456 Σίμωνος
3618 2387 3743 2453 ἁντιρ-

2250 2480 2460 2551 ρητικοὶ
2486 2480 2634 2549 λόγοι
2673 2480 3153 2553 ἁπεληλάσθωσαν.
3201 2480 3364 2543 Τινὲς
3388 2481 3445 2534 δὲ
3473 2480 3599 2533 οὕτω
3622 2478 3744 2532 νοοῦσι

2247 2574 2372 2636 τοὺς
2400 2573 2615 2645 στίχους
2632 2590 2646 2603 ο
2688 2573 3030 2636 Ἀποστελεῖς
3062 2573 3122 2627 τὸ
3146 2572 3376 2643 Πνεῦμα
3402 2591 3512 2639 σου,
3533 2574 3583 2625 τὸ
3602 2573 3667 2624 διὰ
3683 2570 3744 2621 τοῦ

2250 2667 2402 2735 ἁγίου
2435 2666 2807 2738 βαπτίσματος
2834 2667 3156 2736 ἐπιφοιτῶν,
3186 2667 3665 2739 καὶβτισθήσονται
3695 2664 3746 2723 είς

2249 2758 2442 2827 καινὴν
2482 2757 2678 2825 κτίσιν,
2717 2760 2798 2822 εἰς
2831 2758 2948 2811 νέον
2999 2757 3160 2811 λαόνο
3198 2758 3276 2821 ὡς
3314 2758 3543 2812 νοεῖσθαι
3571 2756 3649 2827 τὴν
3683 2755 3745 2823 μὲν

2249 2850 2521 2921 προτέραν
2551 2849 2845 2922 ἑρμηνείαν
2892 2852 3020 2923 περὶ
3068 2853 3168 2923 τῆς
3201 2852 3270 2904 ὲκ
3322 2850 3529 2921 νεκρῶν
3577 2846 3745 2901 ἀνεκτά·

2251 2958 2407 3006 σεως,
2437 2942 2526 2994 ὅτε
2573 2942 2666 2994 καὶ
2696 2942 2730 3012 ἡ
2776 2942 2846 3013 γῆ
2901 2942 3418 3013 ἀνακαινισθήσεται
3447 2942 3536 2995 καὶ
3574 2938 3748 2993 ἀπαλλα-

2249 3034 2474 3104 γήσεται
2502 3034 2602 3105 τῆς
2641 3033 2845 3104 φθορᾶς
2866 3074 2881 3100 ,
2927 3034 3027 3107 τὴν
3057 3035 3113 3089 δὲ
3154 3035 3420 3109 δευτέραν
3454 3034 3570 3105 περὶ
3608 3033 3681 3103 τῆς
3708 3031 3748 3080 ἐκ

2253 3124 2631 3196 βαπτίσματος
2670 3125 3111 3195 παλιγγενεσίας.

2322 3309 2477 3363 Ἦτω
2507 3309 2546 3378 ἡ
2583 3308 2733 3374 δόξα
2763 3308 2986 3378 Κυρίου
3023 3311 3110 3376 είς
3156 3309 3263 3363 τὸν
3312 3308 3527 3365 αὶῶνα’

2246 3399 2497 3467 θήσεται
2534 3401 2749 3469 Κύριος
2792 3399 2894 3454 ἐπὶ
2947 3400 3074 3468 τοῖς
3117 3401 3318 3471 ἔργοις
3356 3402 3554 3456 αὑτοῦ.
3591 3402 3641 3453 ’0
3666 3398 3748 3452 isi-

2246 3490 2483 3547 σλέπων
2504 3492 2604 3546 ἐπὶ
2633 3492 2751 3561 τὴν
2780 3492 2898 3563 γῆν
2925 3492 3026 3546 καὶ
3056 3493 3243 3546 ποιῶν
3284 3494 3479 3561 αὐτὴν
3508 3490 3748 3561 τρέμειν.ὁ

2246 3586 2579 3656 ἁπτόμενος
2608 3586 2730 3641 τῶν
2768 3586 2953 3656 ὀρέων
2981 3588 3081 3642 καὶ
3111 3587 3511 3648 καπνίζονται.
3542 3589 3672 3655 ᾊσω
3697 3580 3748 3643 fit

2245 3676 2442 3744 Κυρίῳ
2478 3677 2551 3731 ἐν
2592 3675 2668 3746 τῇ
2712 3676 2822 3747 ζωῇ
2863 3696 3005 3748 μου,
3043 3679 3220 3747 ψαλῶ
3261 3679 3345 3745 τῷ
3385 3677 3500 3745 Θεῷ
3539 3694 3639 3747 μου
3676 3674 3748 3737 ἕως

2243 3766 2513 3837 ὑπάρχω.
2554 3768 2770 3840 Ἐπειδὴ
2804 3769 2977 3824 ταῦτα
3022 3771 3337 3842 δεδίδαγμαι
3358 3812 3374 3835 ,
3424 3770 3574 3841 φησὶ,
3615 3766 3747 3820 τούτω

2245 3863 2403 3935 χάριν
2436 3864 2616 3916 πᾶσαν
2653 3862 2752 3935 τὴν
2790 3862 2935 3934 ζωήν
2980 3880 3080 3933 μου
3122 3865 3203 3926 είς
3248 3861 3420 3934 ὕμνον
3461 3855 3748 3916 καταιθαλώσω

2243 3953 2322 4024 τῷ
2348 3954 2693 4026 δημιουργῷ’
2730 3954 2825 4007 καὶ
2864 3954 2971 4017 ἓως
3010 3953 3074 4008 ἂν
3112 3953 3190 4018 ζῶ
3232 3956 3330 4007 καὶ
3378 3954 3589 4024 ὑπάρχω
3624 3951 3667 4000 ὲν
3697 3943 3747 4012 τῷ

2246 4046 2346 4118 βίῳ
2377 4047 2549 4118 τούτῳ
2578 4044 2670 4101 τὸν
2695 4045 3037 4118 ὀφειλόμενον
3062 4045 3276 4116 ψαλμὸν
3312 4045 3565 4100 ἀποδώσω
3588 4042 3649 4111 τῷ
3668 4035 3746 4105 Θεῷ

2247 4154 2369 4209 μου.
2400 4137 2607 4210 Πολλὴν
2634 4137 2691 4190 δὲ
2718 4138 2971 4208 ἐμφαίνει
3001 4136 3236 4190 διάθεσιν
3266 4138 3365 4190 καὶ
3390 4136 3633 4189 οίκείωσιν
3655 4126 3746 4196 πρὸς

2242 4230 2333 4283 τὸν
2357 4226 2487 4283 Θεὸν
2519 4232 2552 4300 ἡ
2579 4229 2884 4301 προσθήκη.
2919 4230 2993 4282 Οὐ
3031 4227 3140 4300 γὰρ
3172 4224 3292 4281 εἶπε
3315 4268 3329 4291 ,
3365 4225 3535 4297 ψαλῶ
3557 4223 3623 4289 τῷ
3648 4216 3743 4280 Θεῷ.

565 4352 654 4393 me
675 4337 902 4399 creavit.
937 4351 1002 4390 ac
1031 4335 1315 4400 euutrivit,
1342 4333 1699 4403 omniumque
1730 4333 2001 4388 bonorum
2040 4349 2140 4387 au-

2244 4323 2398 4389 ἀλλὰν
2430 4323 2508 4389 τῷ
2539 4322 2659 4388 θεῷ
2683 4341 2823 4393 μουο
2856 4324 3038 4375 Ἔοικεν
3065 4322 3175 4394 γὰρ
3201 4323 3450 4391 φάσκειν,
3474 4320 3544 4389 τῷ
3570 4307 3744 4410 miseri

563 4435 685 4483 ctor
712 4428 846 4483 mihi
884 4427 1003 4482 fuit.
1048 4426 1147 4481 llic
1172 4435 1352 4481 autem
1388 4425 1662 4479 canticum
1698 4424 1850 4487 dicit,
1882 4440 1992 4480 non
2021 4441 2140 4480 ver-

2246 4434 2312 4488 με
2342 4417 2435 4469 καὶ
2467 4415 2726 4486 θρέψαντι
2752 4416 2845 4468 καὶ
2877 4416 3091 4469 πάντων
3116 4415 3272 4485 αἰτίῳ
3310 4432 3401 4485 μοι
3430 4410 3641 4481 γεγονότι
3673 4420 3743 4500 squ

564 4520 653 4576 bis
709 4519 893 4583 modo,
941 4519 1035 4575 sed
1081 4528 1135 4575 et
1186 4518 1446 4589 operibus
1496 4517 1935 4588 persolvendum.
1983 4517 2139 4585 Quod

2245 4504 2484 4575 ἀγαθῶν.
2525 4504 2678 4576 ’ῼδὴν
2732 4504 2788 4557 δὲ
2830 4504 3060 4558 ἐνταῦθα
3107 4504 3251 4574 λέγει
3315 4506 3377 4557 οὐ
3420 4502 3512 4572 τὴν
3564 4496 3636 4551 διὰ
3676 4496 3743 4544 τῶν

564 4613 709 4666 enim
734 4627 856 4667 sese
883 4612 993 4667 Deo
1021 4612 1315 4666 multorum
1343 4610 1642 4665 debitorem
1666 4619 2011 4680 agnosceret,
2037 4626 2137 4667 ne-

565 4715 672 4773 que
697 4703 914 4774 dignam
938 4703 1175 4773 aliquam
1196 4703 1613 4758 retributionem
1640 4702 1888 4773 proferre
1911 4702 2136 4767 valeret,

566 4809 729 4864 quam
775 4794 957 4857 habet,
988 4794 1132 4849 hanc
1165 4793 1408 4863 deponit,
1444 4802 1502 4849 ut
1536 4796 1748 4849 scilicet
1780 4810 1904 4849 eum
1946 4808 2141 4865 perpe-

566 4894 664 4939 tuo
691 4885 907 4955 hymnis
930 4885 1185 4949 celebret,
1212 4900 1276 4938 ac
1297 4900 1363 4940 ea
1382 4886 1437 4939 in
1460 4901 1521 4940 re
1550 4892 1718 4939 totam
1745 4886 1914 4940 vitam
1939 4887 2143 4942 transi-

566 4983 676 5047 gat.
709 4976 947 5033 Audiant
978 4976 1070 5045 qui
1105 4983 1216 5030 tota
1240 4976 1327 5031 die
1353 4976 1406 5030 in
1434 4978 1901 5048 negotiationibus
1931 4988 1985 5033 et
2005 4992 2139 5033 cau-

567 5068 727 5138 ponis
759 5077 1172 5121 versanturzac
1214 5082 1287 5122 ne
1326 5067 1413 5122 vel
1456 5067 1626 5122 semel
1671 5067 1738 5121 ad
1783 5082 1974 5136 preces
2020 5082 2141 5122 sese

566 5163 912 5220 convertunt,
962 5164 1289 5226 quautorum
1347 5172 1641 5211 munerum
1696 5156 1972 5213 debitores
2030 5156 2141 5211 Deo

568 5251 699 5306 sint.
733 5249 849 5306 [loc
885 5249 1009 5303 vitae
1040 5249 1252 5304 lucrum
1282 5258 1387 5311 est,
1433 5248 1543 5304 Deo
1586 5245 1936 5309 benedicere.
1977 5256 2141 5318 atque

568 5342 672 5395 hac
700 5341 754 5395 in
798 5356 855 5395 re
886 5341 1051 5394 vitam
1089 5353 1249 5409 agere
1278 5340 1499 5409 dignum
1530 5349 1633 5395 est.
1662 5338 1792 5395 Jure
1823 5346 2004 5394 autem
2046 5338 2142 5391 ad-

563 5432 697 5501 jecit
737 5430 891 5495 illud,
946 5429 1015 5485 In
1062 5433 1169 5485 vita
1219 5446 1367 5493 mea;
1418 5439 1473 5484 et
1522 5431 1677 5493 illud,
1720 5430 1974 5497 Quandiu
2022 5445 2141 5483 sum

563 5522 792 5590 psallam
834 5523 958 5576 Deo.
990 5521 1174 5591 Neque
1217 5521 1362 5576 enim
1407 5528 1491 5575 est
1528 5521 1802 5590 quispiam
1851 5521 1907 5573 in
1944 5530 2139 5584 morte,

565 5611 659 5678 qui
683 5627 893 5665 memor
933 5612 1004 5666 sit
1030 5613 1173 5682 ejus,
1210 5613 1263 5665 in
1292 5611 1507 5665 inferno
1540 5619 1723 5663 autem
1755 5610 1879 5679 quis
1906 5610 2139 5664 conﬁte-

567 5699 752 5753 bitur?
782 5701 873 5754 Sic
905 5700 1069 5756 fatuis
1104 5702 1403 5771 virginibus
1428 5700 1688 5772 nuptialis
1710 5700 1947 5754 cubiculi
1970 5700 2140 5769 janua

566 5793 755 5848 Plausa
782 5802 888 5854 est.
918 5792 1048 5863 quia
1081 5807 1291 5864 tempus
1343 5796 1486 5856 quod
1524 5796 1579 5850 in
1617 5792 1855 5850 ferendis
1883 5792 2171 5867 lainpadi:

2246 4599 2527 4671 ῥημάτων,
2554 4596 2689 4651 ἀλλὰ
2717 4596 2811 4650 καὶ¹
2841 4596 2941 4668 τὴν
2966 4596 3054 4649 διὰ
3090 4597 3196 4649 τῶν
3233 4597 3430 4668 ἔργων.
3468 4589 3650 4660 Ἐπειδὴ
3674 4586 3744 4653 γὰρ

2242 4687 2397 4764 εὗρεν
2436 4689 2627 4745 ἑαυτὸν
2662 4689 2873 4743 πολλῶν
2912 4689 3041 4742 ὄντα
3087 4689 3387 4745 ὑπεύθυνον
3423 4691 3497 4761 τῷ
3532 4684 3646 4753 Θεῷ.
3686 4676 3744 4730 καὶ

2241 4785 2505 4838 ἀντίδοσιν
2537 4783 2791 4853 οὐδεμίαν
2838 4782 2994 4847 ἀξίαν
3026 4782 3319 4854 δυνάμενον
3367 4776 3679 4836 καταϐαλεῖν,
3704 4771 3743 4837 ἦν

2243 4877 2373 4947 ἔχει,
2409 4875 2615 4946 ταύτην
2636 4875 2979 4945 κατατίθησι,
3004 4873 3065 4928 τὸ
3104 4875 3365 4947 διηνεκῶς
3398 4875 3587 4944 ὑμνεῖν,
3610 4866 3656 4918 τὸ
3677 4864 3744 4911 7:3-

2243 4986 2341 5022 σαν
2373 4970 2452 5033 εἰς
2489 4969 2647 5021 τοῦτο
2677 4968 2977 5037 δαπανῆσαι
3024 4968 3122 5037 τὴν
3170 4966 3335 5039 ζωήν,
3377 4951 3742 5019 Ἀκουέτωσανοὶ

2243 5060 2647 5131 πραγματείαις
2678 5061 2771 5113 καὶ
2811 5058 3132 5128 καπηλείαις
3166 5059 3253 5111 διὰ
3294 5057 3471 5127 πάσης
3500 5044 3741 5114 καταπτθ

2246 5169 2395 5223 μενοι
2422 5156 2520 5224 τῆς
2555 5152 2786 5223 ἡμέρας,
2819 5152 2912 5204 καὶ
2952 5150 3073 5203 οὐδὲ
3115 5149 3262 5214 ἅπαξ
3299 5152 3378 5212 εἰς
3422 5145 3571 5215 εὐχὴν
3600 5134 3739 5209 τρεπίὲν

2246 5262 2416 5315 μενοι,
2440 5246 2562 5297 ὅσον
2598 5244 2734 5298 εἰσὶν
2760 5242 3047 5296 ὑπεύθυνοι
3084 5243 3163 5312 τῷ
3191 5242 3307 5311 Θεῷ
3326 5258 3338 5269 ·
3367 5240 3514 5293 τοῦτο
3533 5235 3617 5302 τῆς
3639 5228 3740 5293 ξωῆἕ

2241 5336 2303 5389 τὸ
2330 5337 2542 5407 κέρδος.
2578 5336 2636 5389 τὸ
2675 5336 2912 5403 εὐλογεῖν
2953 5334 3045 5387 τὸν
3090 5334 3241 5395 Θεὸν,
3276 5333 3366 5385 ἐπὶ
3398 5330 3556 5398 τούτῳ
3581 5324 3655 5377 καὶ
3676 5319 3740 5383 ξῇν

2243 5428 2408 5494 ἄξιον.
2444 5429 2681 5492 Εἰκότως
2720 5428 2775 5481 δὲ
2809 5426 3136 5499 προσέθηκε,
3181 5429 3253 5480 ἐν
3288 5420 3368 5493 τῇ
3400 5420 3507 5489 ζ’ωῇ
3533 5435 3649 5489 μους
3680 5408 3740 5462 κίί

2240 5522 2321 5584 τὸ,
2349 5520 2458 5586 ἕως
2497 5520 2766 5589 ὑπάρχω,
2806 5520 2983 5589 ψαλῶ
3028 5518 3109 5584 τῷ
3152 5518 3395 5585 Θεῷ.οὑ
3426 5516 3526 5584 γάρ
3561 5515 3675 5563 ἐστιν
3703 5504 3741 5589 ἐν

2243 5612 2458 5682 θανάτῳ
2504 5614 2532 5665 ὁ
2593 5613 2945 5683 μνημονεύων
3006 5611 3208 5675 αὑτοῦ,
3271 5612 3326 5663 ἐν
3376 5610 3431 5661 δὲ
3474 5604 3543 5676 τῷ
3579 5599 3655 5669 ᾇὶῃ
3684 5588 3739 5683 ἵζε

2242 5682 2727 5774 ὲξομολογήσὲταιέ
2777 5703 2962 5767 Οὕτως
3022 5702 3347 5771 ἀπεκλείσθη
3417 5699 3524 5758 ταῖς
3584 5682 3739 5759 μωραῖς

2243 5794 2535 5868 παρθένοις
2568 5795 2660 5849 τοῦ
2694 5795 2979 5866 νυμφῶνος
3033 5794 3253 5867 ὴούρα,
3306 5793 3393 5847 τὸν
3443 5789 3532 5859 τῆς
3574 5783 3737 5848 λαμπι.
