3964 6530
232 338 352 395 1289

1366 329 1866 391 COMMENTARIA
1904 332 1970 390 IN
2009 332 2346 391 PSALMOS.

3315 334 3448 393 ΗΜ

218 457 467 529 δηφορίας
533 454 721 527 καιρὸν
794 456 871 519 εἰς
927 453 1221 529 ἀγορασίαν
1287 455 1465 508 ἐλαίου
1534 453 1780 507 δαπανώ-

1884 454 1987 510 bus
2010 454 2315 525 transigere
2343 451 2632 515 debebant,
2676 451 2731 505 in
2764 452 2884 507 oleo
2927 450 3158 506 emendo
3196 467 3448 507 consum-

222 566 355 613 σαις.

294 662 599 731 ἰιδυνθείη
620 660 780 727 αὐτῷ
802 663 839 731 ἡ
864 659 1113 731 διαλογὴ
1132 678 1251 730 μου
1272 674 1284 687 ⁸
1310 658 1426 729 ἐγὼ
1448 658 1515 711 δὲ
1536 660 1782 727 εὐφραν-

214 756 465 824 θήσομαι
490 756 589 809 ἐπὶ
617 754 697 821 τῷ
724 756 934 823 Κυρίῳ.
966 753 1087 825 Εἴη,
1116 753 1268 824 φησὶ,
1302 752 1528 806 τοιαῦτά
1560 770 1626 824 με
1652 751 1781 823 ᾇσαι

214 845 313 900 καῖ
333 845 520 915 ψάλαι,
552 845 626 910 ὡς
651 846 941 918 ἡδυνθῆναι
971 845 1118 917 αὐτῷ
1152 845 1241 898 τὸν
1268 843 1401 915 ἐμοῦ
1427 845 1657 915 καρπὸν,
1685 845 1782 915 τὴν

212 937 458 1009 διαλογήν
508 954 645 1008 μου·
688 938 935 992 τουτέστι
972 938 1072 1010 τὴν
1103 937 1331 1002 διάλεξιν
1367 955 1488 1008 μου,
1526 936 1623 1009 τὴν
1656 938 1780 1007 ὁμι-

211 1024 324 1081 λίαν
358 1044 479 1097 μου,
512 1030 611 1099 τὴν
639 1026 874 1082 αἵνεσιν·
911 1031 940 1082 ὁ
993 1028 1097 1101 γὰρ
1138 1029 1354 1099 ψάλλων
1382 1030 1501 1101 Θεῷ
1540 1030 1781 1099 διαλέγε-

209 1134 316 1172 ται.
349 1118 413 1171 Τί
443 1116 501 1172 δέ
542 1121 712 1186 ἐστιν,
765 1120 1066 1189 Ἡδ-υνθείη
1102 1122 1260 1188 αὐτῷ
1288 1124 1326 1191 ἡ
1357 1122 1606 1193 διαλογὴ
1630 1139 1779 1192 μου;

206 1209 592 1280 εὐπρόσδεκτος
642 1213 875 1280 γένοιτο,
929 1214 1121 1285 ἀρέσαι
1169 1214 1404 1287 δεχθείη,
1450 1216 1636 1288 ἡδίστη
1689 1216 1781 1269 καὶ

205 1303 541 1373 τερπνοτάτη
600 1304 785 1375 ὀφθείη
842 1304 920 1376 τῷ
964 1305 1101 1376 Θεῷ.
1155 1307 1295 1378 Ἀρα
1342 1310 1376 1379 ἡ
1434 1308 1567 1379 εὐχὴ
1630 1307 1781 1362 οὐδὲν

202 1393 390 1461 ἕτερόν
416 1395 561 1448 ἐστιν
599 1394 631 1466 ἢ
668 1396 898 1461 διάλεξις
932 1398 1069 1470 πρὸς
1101 1398 1252 1454 Θεόν.
1292 1398 1569 1469 Ἐννόησον
1603 1398 1779 1453 τοίνυν

200 1481 298 1553 τὴν
323 1481 661 1554 ψαλμῳδίαν,
686 1489 744 1539 ἐν
766 1488 898 1559 αὐτῇ
925 1492 1021 1560 τὴν
1048 1483 1551 1562 ἀμοιϐὴνέχουσαν.
1578 1492 1643 1543 Τί
1670 1491 1780 1562 γὰρ

203 1574 315 1628 ἴσον
359 1576 555 1644 γένοιτ’
590 1578 655 1631 ἂν
697 1578 791 1632 τοῦ
830 1577 948 1651 Θεῷ
994 1580 1373 1651 διαλέγεσθαι;
1441 1584 1503 1636 'II
1553 1581 1778 1655 τοιαύτη

199 1665 447 1738 θορύϐων
482 1669 880 1725 ἀπαλλάττεται
925 1672 1094 1743 ψυχὴ,
1135 1674 1215 1737 είς
1259 1673 1350 1727 τὸν
1383 1674 1606 1746 οὐρανὸν
1653 1674 1781 1745 μεθ-

199 1755 439 1821 ίσταται,
463 1756 570 1811 τῶν
589 1760 897 1831 συνδέσμων
917 1760 1012 1814 τοῦ
1034 1761 1285 1833 σώματος
1307 1764 1619 1829 ἀπολύεται,
1653 1782 1781 1818 πτε-

199 1847 410 1918 ροῦται,
451 1850 752 1922 κουφοτέρα
786 1852 1126 1918 καθίσταται,
1160 1855 1472 1909 ἀποτίθεται
1502 1856 1572 1910 τά
1602 1857 1774 1928 πάθη,

194 1939 491 1995 ἀποδύεται
516 1943 585 1998 τά
612 1946 908 2016 νοσήματα.
959 1948 1022 2000 El
1049 1947 1155 2019 γὰρ
1177 1948 1444 2021 ἀνθρώπῳ
1465 1967 1549 2014 τις
1575 1949 1777 2021 συνετῷ

194 2032 292 2085 καὶ
340 2032 469 2087 νοῦν
514 2035 688 2106 ἔχοντι
735 2038 1144 2109 διαλεγόμενος,
1189 2042 1297 2095 ἀπὸ
1337 2041 1437 2114 τῆς
1476 2042 1691 2113 ὁμιλίας
1726 2061 1780 2097 τι

194 2123 468 2195 κερδάνας
512 2123 830 2199 ἀπέρχεται,
860 2130 888 2182 ὁ
936 2129 1074 2202 πρὸς
1127 2130 1219 2185 τὸν
1274 2132 1405 2185 Θεὸν
1446 2133 1669 2204 ὁμιλῶν,
1698 2150 1782 2186 εν-

192 2216 394 2287 νόησον
437 2217 609 2290 πόσην
659 2218 1009 2292 καρπώσεται
1050 2221 1149 2293 τὴν
1186 2223 1406 2296 ἀρετήν.
1435 2225 1578 2296 Ἀρα
1614 2224 1782 2296 ’ὕμνος

191 2308 356 2363 τοῦτὸ
401 2310 547 2363 ἐστιν
586 2313 620 2383 ἡ
665 2313 802 2384 πρὸς
842 2314 973 2367 Θεὸν
1023 2314 1225 2385 ὁμιλία.
1274 2316 1401 2381 Πῶς
1434 2317 1479 2373 δ’
1530 2319 1597 2372 ἂν
1643 2318 1781 2386 αὕτη

189 2400 451 2473 ἡδυνθείη
492 2402 568 2474 τῷ
609 2402 764 2475 Θεῷ;
802 2406 863 2458 Εἰ
899 2406 1009 2470 βίος
1045 2407 1128 2475 εἴη
1153 2406 1411 2477 καθαρὸς,
1444 2411 1491 2462 εί
1520 2409 1664 2480 ψυχὴ
1691 2428 1780 2480 φι-

191 2490 522 2563 λοσοφοῦσα.
551 2497 721 2551 Ὅταν
754 2499 863 2570 γὰρ
906 2499 1084 2553 πᾶσαν
1120 2499 1403 2573 ἀναλώσῃς
1444 2502 1540 2574 τὴν
1570 2504 1782 2576 ἡμέραν

192 2582 518 2654 εὐχόμενος,
552 2587 653 2657 τῆς
686 2589 959 2652 πολιτείας
982 2590 1465 2664 ἀντιπραττούσης,
1494 2594 1592 2648 οὐκ
1619 2596 1783 2649 ἀκου-

194 2672 373 2747 σΘήσῃ
410 2676 628 2747 ῥᾳδίως,
654 2678 713 2731 οὑ
749 2680 909 2750 μόνον
936 2681 1114 2747 αὐτὸς,
1147 2683 1260 2737 ἀλλ’
1291 2685 1398 2738 οὐδ’
1427 2686 1612 2758 ἕτερος
1638 2687 1778 2759 ὑπὲρ

193 2766 290 2819 σοῦ
319 2766 482 2821 τοῦτο
508 2769 697 2823 ποιῶν.
731 2772 915 2827 Ταῦτα
935 2772 992 2826 δὲ
1022 2773 1183 2843 λέγω,
1225 2776 1324 2846 οὐχ
1366 2776 1454 2831 ἴνα
1503 2778 1576 2848 μὴ
1619 2795 1785 2849 προσ-

190 2858 514 2930 ευχώμεθα,
551 2861 659 2914 οὐδ’
690 2862 776 2915 ἵνα
810 2863 884 2935 μὴ
913 2864 1221 2936 ψάλλωμεν,
1253 2867 1370 2920 ἀλλ’
1406 2868 1493 2921 ἴνα
1522 2870 1656 2940 μετά
1687 2869 1780 2923 τοῦ

188 2948 421 3018 ψάλλειν
449 2950 543 3003 καὶ
567 2950 681 3021 βίου
710 2953 804 3005 καὶ
828 2952 1100 3017 πολιτείας
1120 2956 1526 3029 ἐπιμελώμεθα,
1550 2960 1782 3030 Νοήσεις

188 3041 247 3095 δὲ
289 3043 388 3095 τὸν
425 3042 610 3113 στίχον
650 3044 746 3098 καὶ⁹
785 3043 985 3109 οὕτως·
1013 3045 1206 3101 Πολλοὶ
1238 3050 1378 3104 κατὰ
1429 3051 1781 3124 συναρπαγην

1884 559 2133 622 pserunt.

1955 661 2119 721 Vens.
2181 663 2272 718 54.
2333 662 2639 716 Iucundum
2692 663 2760 717 sit
2811 663 2859 717 ei
2909 662 3173 733 eloquium
3214 678 3383 717 meum
3432 679 3449 715 :

1882 771 1972 825 ego
2007 772 2125 810 vero
2154 753 2452 809 delectabar
2489 754 2544 807 in
2581 753 2829 809 Domino.
2866 751 3107 817 Utinam,
3143 753 3342 824 inquit,
3376 754 3450 808 ita

1883 854 2097 901 cantem
2127 855 2180 900 et
2213 845 2464 916 psallam,
2514 854 2572 900 ut
2604 843 2818 899 fructus
2866 860 3019 899 meus
3063 844 3166 914 ipsi
3206 844 3448 915 placeat;

1883 938 2158 1009 eloquium
2187 937 2458 1001 videlicet.
2492 918 2608 992 sive
2631 937 2961 1007 colloquium
2990 952 3191 1000 meum,
3224 950 3450 991 conver-

1884 1028 2025 1084 satio
2050 1034 2104 1083 et
2144 1028 2262 1082 laus
2287 1043 2406 1083 mea
2442 1048 2454 1082 :
2489 1042 2614 1082 nam
2643 1027 2734 1099 qui
2765 1028 2967 1097 psallit,
3004 1026 3172 1082 Deum
3213 1028 3449 1097 alloqui-

1884 1125 1993 1173 tur.
2020 1118 2163 1184 Quid
2187 1126 2367 1173 autem
2391 1130 2474 1173 est
2495 1116 2651 1183 illud,
2675 1116 2981 1171 Iucundum
3002 1118 3073 1171 sit
3104 1119 3152 1171 ei
3184 1118 3450 1188 eloquium

1884 1210 2097 1264 meum?
2126 1208 2179 1263 id
2206 1215 2291 1265 est
2321 1208 2650 1279 acceptabile
2679 1209 2749 1264 sit
2772 1208 2899 1279 ipsi,
2922 1210 3127 1279 placeat
3157 1210 3228 1277 ei,
3250 1213 3451 1279 jucun-

1883 1296 2173 1353 dissimum
2210 1312 2276 1352 ac
2322 1297 2755 1367 placidissimum
2797 1298 2907 1353 Deo
2953 1298 3220 1353 videatur.
3264 1296 3449 1353 Oratio

1883 1387 2068 1457 itaque
2110 1386 2249 1443 nihil
2281 1387 2429 1442 aliud
2457 1393 2560 1454 est,
2592 1403 2755 1457 quam
2789 1388 3123 1458 colloquium
3156 1404 3279 1443 cum
3314 1387 3447 1444 Deo.

1881 1477 2267 1534 Animadverte
2315 1480 2481 1549 igitur
2523 1479 2881 1548 psalmodiam
2926 1479 2982 1534 in
3034 1494 3093 1535 se
3134 1481 3451 1535 retributio-

1883 1586 2007 1626 nem
2036 1572 2336 1625 continere.
2363 1569 2504 1635 Quid
2528 1570 2673 1625 enim
2702 1570 2940 1641 alloquio
2969 1570 3063 1625 Dei
3094 1572 3297 1642 aequari
3333 1588 3452 1641 pos-

1883 1663 1990 1718 sit?
2020 1662 2348 1732 Hujusmodi
2396 1663 2578 1717 anima
2615 1677 2646 1715 a
2687 1663 3017 1719 tumultibus
3065 1664 3347 1727 liberatur,
3397 1665 3451 1716 in

1882 1758 2080 1810 caelum
2108 1753 2458 1821 transfertur,
2506 1754 2737 1811 vinculis
2784 1756 3030 1826 corporis
3068 1752 3320 1819 solvitur,
3350 1755 3452 1807 alis

1882 1848 2199 1917 instruitur,
2242 1847 2414 1903 levwr
2454 1846 2707 1912 edicitur,
2756 1846 2983 1903 affectus
3019 1846 3261 1919 deponit,
3304 1864 3451 1901 mor-

1882 1938 1983 1994 bos
2017 1938 2187 1994 exuit.
2218 1937 2354 1992 Nam
2384 1940 2428 1994 si
2458 1954 2523 1994 ex
2559 1938 2845 2009 prudentis
2874 1939 2975 1993 viri
3019 1939 3293 2009 colloquio
3329 1938 3452 2008 quis

1880 2031 2094 2084 lucrum
2124 2037 2409 2099 reportans
2440 2029 2706 2095 abscedit,
2743 2030 2917 2101 cogita
2940 2038 3203 2099 quantum
3232 2029 3452 2083 virtutis

1881 2129 2047 2177 metet
2069 2138 2135 2176 ex
2165 2122 2257 2177 Dei
2291 2123 2583 2192 colloquio.
2616 2121 2859 2194 Hymnus
2890 2136 3021 2192 ergo
3046 2128 3130 2177 est
3159 2122 3452 2176 collocutie

1881 2229 2006 2270 cum
2038 2214 2167 2271 Deo.
2209 2215 2496 2282 Quomodo
2527 2224 2710 2271 autem
2749 2216 2866 2270 haec
2907 2214 3018 2270 Deo
3045 2214 3289 2285 jucunda
3328 2215 3450 2270 fue-

1881 2310 1991 2363 rit?
2020 2307 2080 2363 Si
2119 2309 2229 2363 vita
2253 2309 2325 2364 sit
2362 2323 2521 2379 pura,
2554 2308 2600 2363 si
2636 2308 2816 2363 anima
2847 2308 3278 2377 philosophetur.
3314 2307 3452 2361 Nam

1882 2400 1930 2455 si
1976 2408 2144 2456 totam
2194 2400 2337 2456 diem
2379 2400 2590 2455 orando
2632 2402 2927 2471 transigas,
2977 2399 3104 2454 dum
3149 2401 3274 2454 vitae
3312 2403 3453 2454 ratio

1882 2493 2114 2547 orationi
2144 2502 2429 2564 repugnat,
2454 2508 2564 2548 non
2596 2491 2754 2547 facile
2778 2491 3121 2557 exaudiaris;
3157 2508 3265 2549 non
3289 2492 3454 2547 modo

1881 2591 1942 2637 tu
1976 2584 2113 2654 ipse,
2142 2585 2238 2639 sed
2268 2585 2432 2638 etiam
2454 2583 2634 2654 quivis
2674 2584 2814 2638 alius
2841 2584 2935 2653 qui
2965 2598 3063 2654 pro
3094 2591 3148 2639 te
3175 2593 3449 2654 precetur.

1883 2675 2008 2732 Haec
2040 2691 2205 2747 porro
2233 2676 2377 2741 dico,
2413 2692 2523 2731 non
2563 2684 2622 2729 ut
2660 2692 2730 2731 ne
2766 2692 2984 2731 oremus
3032 2691 3209 2746 neque
3250 2676 3454 2746 psalla-

1882 2784 2028 2837 mus,
2062 2768 2157 2824 sed
2192 2774 2253 2822 ut
2282 2776 2405 2837 post
2442 2769 2683 2837 psalmos
2715 2768 2784 2823 de
2815 2770 2925 2823 vita
2952 2777 3006 2823 et
3034 2770 3452 2824 conversatione

1883 2870 2069 2916 nostra
2098 2861 2321 2915 solliciti
2352 2861 2546 2915 simus.
2580 2859 2693 2914 Hac
2721 2868 2851 2915 rtem
2883 2862 3094 2915 ratione
3120 2860 3451 2915 versiculqu

1884 2953 2032 3009 hunc
2060 2952 2300 3024 explices
2325 2970 2340 3006 :
2368 2950 2523 3005 Multi
2558 2961 2800 3022 quaestus
2827 2966 2993 3007 causa
3022 2967 3280 3022 perverse
3300 2952 3454 3021 judi-t

1883 3047 1970 3102 cia
2004 3046 2208 3110 ferunt,
2234 3043 2330 3100 sed
2357 3051 2411 3100 et
2438 3049 2727 3114 antequam
2752 3058 2850 3113 per
2875 3049 3191 3098 accuratum
3223 3058 3451 3097 examen

188 3134 670 3205 παρηλλαγμένως
707 3133 806 3199 τὰς
843 3136 1051 3205 κρίσεις
1089 3138 1400 3211 ἐκφέρουσι,
1449 3142 1556 3213 πρὸ
1610 3160 1778 3197 κατα-

1884 3149 1938 3196 et
1968 3139 2442 3212 perquisitionem,
2468 3152 2574 3209 qua
2608 3138 2676 3193 de
2704 3152 2762 3193 re
2791 3144 2986 3207 agatur
3016 3136 3339 3206 intelligant,
3373 3144 3453 3190 te-

190 3225 413 3295 λήψεως
454 3227 554 3296 τῆς
592 3225 651 3291 ἐξ
698 3227 883 3281 ἱκανοῦ
922 3228 1100 3298 λόγου,
1134 3233 1225 3286 καὶ
1256 3232 1530 3287 ὲπιπλεῖον
1559 3236 1781 3306 ἐρευνη-

190 3318 403 3386 Θέντος,
445 3317 820 3391 ἐγγινομένης.
849 3318 1221 3385 ἀϐασανίστως
1262 3322 1405 3376 κατὰ
1451 3324 1780 3394 προπέτειαν

187 3410 304 3476 τὰς·
334 3411 469 3482 περὶ
517 3412 747 3466 ἑκάστου
790 3413 1061 3485 δόγματος
1091 3413 1405 3483 ῥιπτοῦντες
1441 3414 1777 3483 συγκαταθέ-

189 3519 325 3567 σεις.
377 3504 449 3555 Ἠ
471 3502 528 3556 δὲ
550 3504 649 3575 τῆς
675 3504 1017 3576 διαλεκτικῆς
1041 3505 1201 3575 φύσις
1230 3505 1463 3577 μάλιστα
1489 3507 1782 3560 πεπίστευ-

186 3607 281 3646 ται
315 3590 498 3646 ταῦτα
541 3592 800 3664 παρέχειν
832 3594 1111 3658 δύνασθαι,
1150 3595 1377 3667 διαιρεῖν
1407 3595 1652 3664 ἀκριϐῶς
1680 3596 1779 3660 τὰς

188 3684 301 3736 τῶν
335 3682 692 3754 πραγμάτων
720 3683 907 3753 φύσεις
944 3685 1035 3739 καὶ
1064 3686 1133 3740 τά
1160 3687 1321 3757 ὃμοια
1352 3686 1659 3759 γνωρίζειν,
1687 3687 1782 3740 καὶ

189 3775 259 3828 τὰ
304 3775 511 3847 εαυτῆς
562 3775 876 3846 διακρίνειν.
926 3776 1122 3849 Διόπερ
1172 3777 1424 3841 συνειδὼς
1472 3778 1650 3849 ἑαυτῷ
1684 3779 1783 3851 τὴν

190 3863 348 3918 θείαν
377 3865 723 3937 διαλεκτικὴν
746 3867 942 3937 ἔχοντι,
973 3867 1157 3936 ἔλεγεν
1195 3870 1224 3921 ὁ
1260 3869 1421 3922 Δαυϊδ
1450 3870 1532 3935 τὸ,
1579 3870 1783 3926 Ἠδων-

188 3957 322 4023 θείη
360 3972 467 4011 σοι
492 3958 532 4025 ἠ
562 3956 811 4027 διαλογή
837 3976 975 4027 μου.
1012 3960 1075 4013 Ἡ
1106 3959 1215 4032 γάρ
1245 3962 1353 4015 τῶν
1376 3963 1663 4033 ἐριστικῶς
1688 3964 1783 4017 καὶ

190 4047 522 4116 φιλονείκως
546 4049 981 4119 ἐπεμϐαινόντων
1001 4055 1112 4117 τοῖς
1135 4054 1418 4124 πράγμασι
1444 4054 1779 4126 διαλεκτικὴ,

188 4141 291 4211 οὐχ
323 4139 504 4211 ἡδεῖα,
534 4139 670 4194 ἀλλὰ
700 4144 1213 4215 παρα-πικραίνουσά
1233 4148 1316 4211 τίς
1340 4150 1504 4202 ἐστιν.
1532 4147 1654 4202 Ὅτι
1683 4148 1783 4219 μὲν

187 4228 287 4286 οὖν
316 4232 453 4304 ἡδὺς
485 4231 602 4303 Θεῷ
627 4232 783 4303 λόγος
819 4237 849 4288 ὁ
875 4238 955 4300 είς
987 4236 1250 4308 ὀρθότητα
1277 4237 1508 4308 βλέπων,
1539 4240 1699 4304 αὐτὸς
1724 4243 1783 4294 ὲν

187 4323 271 4394 τῷ
310 4324 523 4395 ᾄσματι
548 4322 725 4393 λέγει’
754 4326 978 4395 Κηριον
1004 4325 1413 4389 ἀποστάζόυσι
1442 4332 1614 4401 χείλη
1642 4347 1780 4398 σου,

1884 3248 2030 3288 mete
2077 3233 2308 3303 singulis
2341 3231 2627 3287 sententiis
2667 3245 2954 3287 assensum
2985 3226 3260 3300 praebent;
3286 3229 3355 3283 At
3386 3243 3450 3284 ea

1882 3320 2177 3376 dialectica:
2220 3331 2413 3376 natura
2471 3329 2574 3387 est,
2609 3327 2670 3375 ut
2697 3335 2879 3376 rerum
2927 3329 3152 3375 naturas
3195 3329 3451 3374 accurate

1883 3410 2275 3485 distinguendi,
2326 3412 2528 3467 similia
2582 3411 2968 3483 cognoscendi,
3027 3418 3082 3466 et
3127 3426 3249 3481 qua:
3285 3409 3353 3465 ad
3392 3424 3454 3466 se

1882 3505 2187 3575 pertineant
2229 3503 2603 3571 discernendi,
2652 3504 2965 3559 facultatem
2999 3510 3261 3574 praestare
3291 3518 3454 3573 posse

1881 3606 2120 3667 putetur.
2151 3594 2514 3662 Quamobrem
2534 3594 2703 3650 David
2720 3610 2845 3650 cum
2875 3608 2934 3649 se
2962 3593 3145 3649 divina
3167 3594 3452 3649 dialectica

1881 3691 2210 3745 instructum
2227 3703 2351 3745 esse
2370 3694 2745 3759 cognosceret,
2770 3687 2984 3742 dicebat
3009 3706 3023 3741 :
3053 3684 3357 3739 Iucundum
3380 3687 3452 3739 sit

1882 3782 1977 3836 tibi
2015 3781 2279 3852 eloquium
2307 3796 2498 3844 meum,
2529 3780 2644 3836 sive
2680 3780 2966 3835 dialectica
2991 3795 3132 3835 mea.
3158 3777 3293 3833 Nam
3333 3779 3455 3833 dia-

1883 3873 2074 3928 lectica
2109 3888 2298 3929 eorum
2336 3872 2428 3943 qui
2461 3872 2755 3927 altercandi
2792 3888 2854 3928 ac
2882 3871 3244 3927 contendendi
3271 3871 3455 3925 animo

1882 3980 1971 4021 res
2009 3965 2418 4035 aggrediuntur,
2451 3980 2562 4019 non
2585 3964 2847 4035 jucunda,
2888 3962 2983 4019 sed
3018 3963 3201 4034 potius
3224 3976 3455 4033 exaspe-

1881 4071 2012 4110 rans
2044 4064 2148 4110 est.
2190 4055 2345 4120 Quod
2392 4062 2571 4110 autem
2609 4068 2789 4110 sermo
2821 4054 3130 4123 aequitatem
3175 4062 3454 4125 spectans,

1876 4148 2155 4221 jucundns
2184 4149 2294 4203 Deo
2325 4148 2415 4214 sit,
2446 4150 2563 4220 ipse
2605 4149 2660 4203 in
2701 4149 2919 4204 cantico
2948 4148 3179 4202 aﬂlrmat
3203 4165 3219 4201 :
3247 4144 3456 4201 Favum

1882 4242 2149 4297 distillant
2180 4241 2325 4295 labia
2346 4250 2460 4304 tua,
2486 4257 2639 4296 soror
2667 4258 2781 4296 mea
2803 4256 2993 4310 sponsa
3021 4242 3159 4295 :mel
3182 4250 3230 4296 et
3255 4242 3335 4295 lac
3359 4238 3455 4294 sub

1884 4336 2065 4406 lingua
2098 4345 2190 4389 tua
2215 4336 2280 4390 “.
2315 4334 2470 4402 Quod
2498 4350 2626 4391 vero
2659 4335 2749 4405 qui
2778 4334 2974 4405 frigida
3004 4342 3059 4389 et
3088 4334 3264 4390 futilia
3291 4334 3456 4389 verba

188 4413 439 4484 ἀδελφή
455 4433 573 4484 μου
596 4418 797 4487 νύμφη
820 4434 834 4448 ·
855 4418 995 4488 μέλι
1020 4420 1116 4474 καὶ
1142 4420 1292 4491 γάλα
1320 4422 1438 4477 ὑπὸ
1466 4422 1577 4491 τὴν
1599 4422 1780 4494 γλῶσ-

1884 4429 2034 4499 quui
2066 4429 2224 4492 solet,
2258 4428 2590 4499 injucundus
2628 4428 2720 4491 sit,
2752 4428 2804 4482 id
2853 4427 3154 4499 psalmodia
3190 4426 3455 4492 declarat,

186 4502 318 4557 σάν
345 4521 493 4559 σου.
527 4505 646 4557 Ὅτι
669 4505 726 4558 δὲ
761 4507 789 4558 ὁ
832 4506 1185 4579 ψυχρολογεῖν
1233 4509 1437 4576 εἰωθὼς
1463 4512 1721 4584 ἀκαλλὴς,
1748 4515 1780 4586 ἠ

1887 4536 2011 4576 cum
2040 4520 2117 4575 ait
2153 4537 2167 4572 :
2206 4520 2518 4589 Sepulcrum
2543 4529 2725 4587 patens
2749 4527 2827 4572 est
2851 4528 3030 4589 guttur
3060 4517 3320 4573 eorum”.
3349 4517 3458 4588 Ego

187 4596 496 4667 ψαλμῳδία
522 4597 850 4668 παρίστησι·
883 4598 1073 4669 Τάφος
1102 4600 1232 4674 γὰρ,
1267 4603 1453 4675 φησὶν,
1490 4603 1780 4676 ἀνεῳγμέ-

1890 4631 2009 4670 vero
2053 4614 2353 4669 delectabar
2392 4615 2445 4667 in
2497 4613 2741 4667 Domino.
2772 4612 2992 4678 Precor,
3029 4612 3223 4682 inquit,
3263 4620 3324 4666 ut
3359 4612 3460 4683 hy-

188 4704 304 4754 νος
354 4692 391 4742 ό
444 4687 677 4757 λάρυγξ
722 4688 941 4745 αὐτῶν.
983 4692 1123 4762 Ἐγὼ
1178 4693 1247 4747 δὲ
1300 4696 1780 4767 εὐφρανθήσομαι

1891 4721 2053 4760 mnus
2094 4714 2148 4760 et
2193 4705 2467 4774 eloquium
2515 4704 2682 4768 istud,
2722 4703 3180 4770 jucundissimum
3221 4702 3331 4758 Deo
3373 4703 3459 4757 vi.

189 4780 295 4832 ἐπὶ
323 4774 410 4847 τῷ
431 4781 647 4849 Κυρίῳ.
669 4780 933 4853 Εὖχομαι,
956 4787 1111 4857 φησὶ,
1132 4787 1335 4861 ταύτην
1358 4807 1458 4861 μου
1481 4790 1580 4862 τὴν
1606 4791 1780 4860 ὑμνῳη

1891 4797 2101 4851 deatur.
2139 4795 2195 4850 Id
2233 4798 2376 4850 enim
2416 4796 2461 4850 si
2504 4800 2617 4862 liat,
2661 4795 2789 4848 hinc
2824 4810 2923 4865 ego
2954 4794 3281 4850 hilaritatem
3326 4810 3460 4849 con-

188 4873 316 4929 δίαν
350 4874 453 4928 καὶ
496 4872 727 4941 διάλεξιν
765 4876 985 4948 ἡδίστην
1019 4878 1247 4950 ὀφθῆναι
1289 4881 1368 4950 τῷ
1403 4881 1540 4951 Θεῷ.
1584 4880 1780 4935 Τούτου

1893 4903 2113 4957 sequar,
2143 4896 2197 4942 et
2222 4887 2531 4943 delectabor
2554 4887 2608 4941 in
2637 4886 2887 4949 Domino,
2918 4884 2968 4938 id
2996 4892 3100 4944 est.
3128 4886 3180 4938 in
3204 4885 3377 4953 cultu,
3403 4886 3458 4939 in

189 4966 306 5039 γὰρ
337 4966 659 5037 γενομένου,
695 4966 805 5037 ἐγὼ
843 4967 942 5039 τὴν
983 4970 1232 5025 ἐντεῦθεν
1276 4972 1539 5043 εὐθυμίαν
1561 4972 1777 5043 καρπώ-

1887 4978 2225 5043 adoratione,
2259 4979 2312 5032 in
2356 4979 2639 5048 praeceptis
2668 4978 2808 5047 ejus,
2841 4978 2987 5048 quod
3014 4978 3140 5033 talis
3170 4977 3301 5031 mihi
3346 4976 3459 5030 Βοι-

189 5076 390 5130 σομαι,
430 5060 523 5112 καὶ
554 5060 996 5133 εὐφρανθήσομαι
1028 5063 1120 5117 ἐπὶ
1148 5064 1228 5135 τῷ
1267 5065 1475 5137 Κυρίῳ,
1512 5067 1780 5119 τουτέστιι

1891 5070 2071 5124 minus
2098 5070 2188 5125 sit.
2218 5068 2353 5123 Nam
2384 5085 2505 5139 quze
2530 5071 2633 5125 sub
2667 5078 2944 5139 aspectum
2970 5070 3189 5135 eadunt,
3230 5069 3460 5140 pulchra

187 5153 289 5205 ἐπὶ
320 5154 395 5222 τῇ
433 5150 676 5224 λατρεία,
706 5153 801 5206 ἐπὶ
833 5157 899 5225 τῇ
942 5158 1308 5227 προσκυνήσει
1341 5158 1435 5210 καὶ
1466 5162 1578 5222 τοῖς
1603 5158 1780 5211 ἐπιτά-

1890 5162 2109 5232 quidem
2162 5171 2310 5226 sunt,
2341 5163 2539 5217 malum
2590 5163 2835 5226 delectat,
2879 5177 2960 5219 son
3010 5164 3262 5227 laetiﬁcat,
3316 5173 3463 5217 terra

188 5259 377 5313 γμασι
425 5244 529 5307 τοῖς
560 5244 746 5310 αὐτοῦ,
782 5246 875 5298 ἐπὶ
917 5246 995 5318 τῷ
1041 5247 1278 5304 τοιοῦτον
1316 5250 1462 5321 ἔχειν
1499 5251 1780 5322 δεσπότην.

1895 5254 2101 5308 semina
2130 5254 2450 5324 plantasque
2487 5254 2729 5324 profert;
2762 5264 2816 5309 at
2852 5270 2952 5324 ego
2988 5255 3111 5325 plus
3139 5254 3376 5308 delector
3404 5252 3461 5305 in

191 5334 360 5388 Καλά
395 5334 494 5405 μὲν
528 5335 635 5406 γὰρ
667 5337 762 5391 καὶ
801 5336 870 5391 τὰ
902 5338 1171 5409 ὁρώμενα,
1205 5342 1300 5394 καὶ
1334 5340 1526 5413 τέρπει
1560 5343 1590 5395 ὁ
1626 5344 1780 5415 οὐρα-

1893 5346 2174 5409 Creatore,
2198 5361 2359 5417 quam
2389 5352 2443 5401 in
2473 5347 2561 5403 his
2585 5348 2859 5402 omnibus.
2886 5347 3011 5402 Haec
3033 5348 3164 5400 mihi
3188 5345 3461 5414 voluptas,

190 5424 317 5490 νὸς,
361 5428 461 5480 κα)⁸
502 5428 779 5501 εὐφραίνει
821 5430 851 5482 ὁ
896 5430 1079 5501 ἥλιος,
1134 5433 1227 5486 καί
1270 5433 1342 5504 γῆ
1389 5434 1570 5505 ἀνίησι
1624 5436 1780 5507 σπέρ-

1895 5435 2010 5490 haec
2034 5435 2240 5500 laetitia,
2268 5436 2349 5491 hze
2372 5437 2595 5502 deliciae.
2622 5438 2736 5493 [nec
2756 5437 2966 5492 inﬁnita
2990 5438 3128 5491 bona
3156 5435 3287 5490 mihi
3310 5445 3461 5490 sunt.

194 5540 352 5594 ματα
400 5524 497 5577 καὶ
538 5530 713 5595 φυτά·
752 5526 865 5580 ἀλλ’
914 5530 1027 5598 ἐγὼ
1096 5528 1302 5584 τούτων
1348 5532 1568 5586 πάντων
1611 5532 1704 5586 ἐπὶ
1747 5531 1826 5604 τῷ
1891 5535 2174 5606 ποιήσαντι
2229 5534 2389 5590 πλέον
2438 5535 2816 5607 εύφραίνομαι.
2882 5532 3050 5588 Τοῦτό
3110 5550 3197 5603 μοι
3246 5530 3465 5603 τρυφὴ,

188 5613 363 5667 τοῦτό
394 5631 485 5683 μοι
522 5617 847 5690 εὐφροσύνη,
882 5618 1037 5672 τοῦτο
1070 5619 1264 5692 ἡδονὴ,
1303 5621 1459 5675 τοῦτο
1494 5623 1563 5677 τὰ
1598 5624 1766 5695 μυρία
1791 5625 1990 5694 ἀγαθά.

269 5768 321 5802 ⁸⁸
361 5768 526 5823 Cant.
567 5787 642 5832 Iv,
681 5770 766 5825 12.
844 5772 888 5804 ⁸⁷
930 5773 1073 5828 Psal.
1109 5791 1162 5841 ν,
1200 5776 1286 5831 II.

503 5862 776 5923 PATROL.
813 5866 927 5927 Gn.
988 5866 1225 5929 XXIII.
3078 5868 3149 5929 ιιι
