3964 6526
602 322 735 380 1291

1276 320 1543 380 EUSEBII
1586 324 2061 381 CxESARlENSIS
2097 325 2246 382 OPP.
2286 327 2466 383 PARS
2505 328 2594 383 Ill.
2634 350 2705 373 —
2742 331 3170 387 EXEGETICA.‘

671 433 837 489 Vnus.
863 434 951 488 35.
981 432 1245 505 Deﬁciunt
1275 445 1571 503 peccatores
1605 453 1637 489 a
1668 446 1809 491 terra
1826 449 1873 491 et
1896 438 2180 507 iniqui,ita
2210 447 2253 503 Α

591 537 651 579 ut
682 543 784 579 non
824 528 951 581 sint.
985 527 1043 581 In
1069 529 1161 582 illo
1191 527 1443 583 videlicet
1470 537 1732 598 tempore,
1765 546 1876 599 quo
1904 530 2126 585 audient
2154 548 2166 582 :

586 617 857 673 Discedite
888 636 921 672 a
948 637 1049 684 me,
1086 619 1379 679 maledicti,
1411 621 1465 673 in
1497 620 1669 691 ignem
1700 632 1975 683 retentum,
2006 637 2168 691 para-

589 721 699 764 tum
726 710 938 766 diabolo
968 719 1019 765 et
1040 712 1241 781 angelis
1268 727 1404 779 ejus.
1436 710 1646 765 Esurivi
1672 712 1833 774 enim,
1867 720 1915 766 et
1944 729 2048 765 non
2078 714 2169 767 de-

587 805 742 858 distis
782 804 911 857 mihi
952 804 1309 867 manducare;
1350 804 1513 869 sitivi,
1548 814 1600 857 et
1640 820 1745 857 non
1785 804 2006 869 potastis
2050 822 2164 870 me;

586 896 770 963 hospes
798 911 967 958 eram,
1014 904 1064 948 et
1117 911 1221 947 non
1265 895 1549 964 collegistis
1594 910 1710 955 me;
1758 894 1951 956 nudus,
1988 903 2037 947 et
2067 912 2173 949 non

3625 348 3721 404 1292

2367 440 2752 496 Ἐκλίποισαν
2783 444 3112 512 ἁμαρτωλοὶ
3143 446 3257 500 ἀπὸ
3296 446 3398 515 τῆς
3422 451 3516 519 γῆς
3539 458 3613 509 zai
3644 461 3735 514 ἀνο-

2272 548 2395 598 μοι,
2431 529 2586 584 ὥστε
2611 532 2697 601 μὴ
2734 534 3028 603 ὑπάρχειν
3054 537 3294 603 αὐτούς.
3335 540 3415 592 Ἐν
3442 544 3599 615 ἐκείνῳ
3615 548 3737 617 δῆλον.

2276 623 2357 675 ότι
2380 623 2457 691 τῷ
2482 624 2676 695 καιρῷ,
2699 625 3017 679 ἀκούσονται
3047 629 3174 698 γὰρ,
3200 632 3508 698 Πορεύεσθε
3528 636 3607 689 ἀπ’
3626 640 3737 707 ἐμοῦ,

2277 714 2330 765 οἱ
2368 714 2780 783 κατηραμένοι,
2818 719 2903 782 εὶς
2932 716 2999 769 τὸ
3042 718 3162 787 πῦρ
3205 720 3270 772 τὸ
3297 722 3531 790 αίώνιογ,
3556 727 3609 780 τὸ
3635 732 3738 796 ἦτοι.

2269 804 2583 875 μασμέγον
2627 806 2707 872 τῷ
2743 807 2994 874 διαϐόλῳ
3037 812 3133 864 καὶ
3172 813 3294 878 τοῖς
3325 815 3569 885 ἀγγέλοις
3594 822 3739 877 ams.

2287 902 2611 954 Ἐπείνασα
2664 899 2794 969 γὰρ,
2850 901 2950 953 καὶ
3002 904 3113 954 οὐκ
3156 903 3405 959 ἐδώκατέ
3438 926 3526 975 μοι
3569 912 3741 979 ,ταγεῖν-

584 988 934 1057 cooperuistis
972 1002 1085 1049 me;
1117 986 1362 1055 inﬁrmus
1393 996 1441 1039 et
1470 987 1521 1039 in
1552 1003 1761 1040 carcere
1782 1026 1797 1051 ,
1828 998 1879 1040 et
1914 1003 2019 1041 non
2048 987 2151 1041 risi

2271 992 2557 1060 ἐδίψησα,
2576 989 2673 1045 καὶ
2705 993 2817 1045 οὐκ
2847 992 3169 1046 ἐποτίσατέ
3190 1012 3266 1063 με
3286 1012 3300 1025 ·
3336 996 3495 1064 ξένος
3523 998 3743 1067 numam}

586 1081 739 1133 tastis
768 1095 848 1131 me
877 1079 962 1132 δδε
1002 1086 1057 1132 et
1104 1094 1213 1132 non
1247 1086 1409 1133 erunt
1450 1079 1504 1131 in
1554 1079 1803 1148 portione
1848 1094 2037 1134 eorum
2076 1096 2147 1151 qu

2272 1086 2345 1138 οὐ
2383 1082 2755 1154 συνηγάγετέ
2792 1100 2899 1152 με·
2943 1085 3189 1153 γυμνὸς,
3231 1088 3327 1139 καὶ
3364 1090 3429 1140 οὐ
3464 1090 3745 1156 περιεϐάλετέ

586 1172 695 1228 Deo
724 1171 1073 1225 benedicunt.
1100 1169 1168 1223 At
1193 1171 1315 1240 quis
1348 1171 1487 1225 forte
1518 1166 1664 1225 dicat
1695 1191 1708 1227 :
1740 1171 1952 1242 Ergone
1978 1171 2151 1228 beatus

2266 1194 2371 1245 με·
2407 1176 2672 1243 ἀσθενὴς
2703 1176 2800 1230 καὶ
2830 1177 2899 1229 ἐν
2928 1177 3196 1246 φυλακῇ,
3234 1180 3327 1232 καί
3370 1182 3472 1234 οὐκ
3496 1182 3744 1251 enemy»

580 1262 853 1333 Propheta
882 1265 1218 1332 imprecatur
1251 1264 1317 1318 iis
1342 1263 1436 1333 qui
1488 1263 1544 1317 in
1596 1265 1840 1333 peccatis
1872 1274 2022 1332 sunt,
2052 1281 2151 1320 om-

2270 1272 2379 1323 σθέ
2411 1286 2516 1338 με·
2565 1269 2659 1321 καὶ
2708 1270 2806 1322 οὐκ
2854 1268 3065 1322 ἔσονται
3110 1271 3167 1322 ἐν
3212 1272 3277 1341 τῇ
3328 1272 3493 1342 μερίδι
3524 1274 3613 1326 τῶν
3646 1277 3745 1327 εὐλο-

579 1370 788 1424 nesque
839 1358 955 1407 vult
1011 1355 1188 1424 perire
1224 1370 1288 1409 ac
1327 1355 1572 1410 destrui?
1627 1355 1695 1409 At
1748 1357 1933 1411 decuit
1984 1357 2165 1427 potius

577 1447 757 1499 virum
796 1453 1045 1500 sanctum
1098 1459 1163 1499 ac
1215 1446 1556 1515 spiritualem
1598 1461 1701 1515 pro
1759 1446 2163 1504 inﬁrmantibus

576 1534 814 1605 precari.
871 1533 1142 1590 Caeterum
1184 1535 1345 1601 audi,
1403 1536 1594 1605 paucis
1645 1535 1790 1589 enim
1838 1536 2160 1591 absolvam:

576 1629 717 1683 Ante
747 1627 1058 1684 Servatoris
1108 1628 1401 1683 adventum
1447 1643 1639 1683 omnes
1672 1629 1725 1682 in
1758 1629 1998 1698 peccatis
2035 1640 2160 1683 era-

2268 1362 2505 1431 γούντων
2533 1362 2621 1415 τὸν
2651 1362 2803 1415 Θεόν.
2848 1362 2983 1414 Ἀλλ’
3028 1366 3145 1434 ἐρεῖ
3180 1381 3262 1427 τις
3306 1366 3487 1435 τυχόν·
3514 1361 3615 1436 Ἆρ’
3641 1364 3746 1422 οὖνὸ

2271 1456 2536 1527 μακάριος
2569 1456 2861 1526 Προφήτης
2888 1455 3211 1526 κατεύχεται
3239 1456 3345 1509 τῶν
3369 1457 3520 1510 ὅντων
3546 1460 3592 1510 ἐν
3622 1460 3744 1531 ἁμαρ-

2265 1549 2426 1611 τίαις,
2470 1548 2563 1600 καὶ
2600 1547 2807 1610 πάντας
2846 1546 3139 1601 ἀπολέσθαι
3183 1550 3274 1602 καὶ
3320 1548 3635 1620 ἀφανισθῆναι
3666 1550 3746 1619 βού-

2265 1642 2447 1706 λεται;
2480 1640 2672 1695 Καίτοι
2704 1640 2901 1711 μᾶλλον
2934 1642 3099 1712 ἐχρῆν
3126 1642 3275 1709 ἆγιον
3313 1642 3437 1696 ὅντα
3470 1644 3550 1695 καί
3574 1660 3745 1711 πνευμα-

575 1736 721 1783 mus,
753 1727 912 1775 terra:
934 1720 1235 1790 imperabat
1258 1718 1514 1785 Satanas,
1538 1737 1644 1776 non
1670 1730 1787 1776 erat
1812 1722 1904 1791 qui
1956 1722 2151 1778 facerel

2261 1730 2487 1801 τοφόρον
2520 1730 2915 1801 ὑπερεόχεσθαι
2948 1730 3057 1784 τῶν
3087 1732 3473 1801 ἡσθενηκότων.
3493 1720 3745 1785 "Amasis-.-

575 1813 807 1879 bunum,
835 1829 944 1870 non
976 1820 1095 1869 erat
1140 1829 1313 1883 usque
1346 1813 1413 1866 ad
1447 1829 1616 1867 unum
1651 1833 1664 1868 :
1695 1829 1886 1870 omnes
1914 1814 2151 1870 declina-

2255 1819 2375 1885 πὸν,
2409 1818 2519 1890 ἐρῶ
2548 1818 2656 1891 γὰρ
2687 1819 2774 1872 διὰ
2802 1819 3073 1893 βραχέων·
3112 1822 3219 1893 πρὸ
3266 1822 3365 1891 μὲν
3409 1822 3500 1890 τῆς
3526 1822 3601 1875 τοῦ
3630 1823 3747 1890 ὼτῆ-

574 1916 785 1971 verant,
812 1907 974 1963 simul
1010 1907 1228 1963 inutiles
1263 1907 1392 1961 facti
1444 1914 1621 1962 erant.
1664 1906 1798 1960 Nam
1831 1906 2007 1963 (ἓνωεί
2034 1908 2159 1979 qui-

574 2001 699 2056 dem
740 2001 1012 2057 idolorum
1052 2002 1325 2062 cultores,
1358 2003 1634 2071 aequitatis
1662 2003 1882 2057 modum
1934 2003 2157 2073 ignora-

573 2093 745 2159 bant,
801 2096 956 2150 bona:
989 2096 1112 2149 vitae
1161 2095 1354 2149 callem
1406 2095 1760 2161 nesciebant;
1806 2096 1916 2149 imo
1976 2095 2156 2165 potius

573 2190 820 2245 omnium
878 2204 1059 2245 rerum
1099 2188 1349 2258 opiﬁcem
1398 2196 1452 2242 et
1487 2186 1826 2242 Salvatorem
1872 2188 2155 2243 Christum

572 2281 888 2335 nullatenus
919 2279 1344 2349 cognoscebant.
1375 2276 1547 2332 Judazi
1574 2278 1704 2333 item
1737 2278 1907 2350 legem
1932 2278 2154 2349 quidem

570 2373 846 2429 habebant
896 2387 995 2441 pro
1030 2373 1321 2442 paedagogo
1352 2389 1365 2424 :
1400 2381 1455 2425 at
1512 2386 1619 2425 non
1672 2379 1885 2441 poterat
1936 2388 2005 2427 ex
2040 2372 2155 2443 lege

571 2462 737 2519 homo
760 2464 1052 2534 iustiﬁcari
1089 2484 1102 2518 :
1133 2479 1326 2520 omnes
1359 2465 1523 2536 igitur
1552 2465 1606 2518 in
1640 2466 1882 2534 peccatis
1910 2479 2149 2529 eramus,

568 2565 717 2612 terra
746 2556 1030 2626 iniquitate
1076 2558 1234 2626 plena
1271 2566 1409 2611 erat.
1449 2556 1744 2627 Postquam
1771 2565 1951 2610 autem
1985 2572 2151 2627 appa-

570 2650 682 2702 ruit
709 2648 1050 2719 unigenitum
1081 2647 1173 2704 Dei
1197 2647 1457 2711 Verbum,
1492 2656 1545 2703 et
1589 2649 1790 2703 factum
1834 2657 1917 2703 est
1952 2649 2148 2715 homo,

569 2750 702 2799 tunc
752 2743 1079 2799 defecerunt
1115 2752 1451 2813 peccatores,
1488 2743 1805 2803 defecerunt
1859 2744 1896 2798 ii
1946 2746 2040 2814 qui
2092 2746 2151 2801 in

570 2837 859 2907 iniquitate
894 2838 1274 2893 versabantur.
1303 2837 1587 2904 Quomodo
1616 2846 1709 2892 aut
1749 2853 1859 2909 qua
1900 2841 2151 2895 ratione?

568 2944 760 2983 cunnes
786 2927 987 2997 quippe
1021 2926 1439 2997 justiﬁcaverat,
1471 2943 1501 2981 a
1541 2929 1841 2984 sceleribus
1883 2929 2150 2985 liberave-

570 3030 676 3086 rat,
701 3036 892 3076 omnes
928 3021 1156 3087 liberos,
1183 3036 1351 3090 puros
1397 3037 1462 3077 ac
1495 3030 1671 3077 tersos
1702 3020 1975 3077 effecerat.
2011 3022 2149 3079 Hinc

568 3127 699 3182 ergo
728 3111 975 3181 sequitur
993 3126 1198 3181 paucos
1222 3112 1279 3166 in
1320 3112 1561 3181 peccatis
1590 3112 1921 3167 remansisse
1939 3150 1955 3176 ,
2006 3114 2145 3167 mul-

2260 1930 2352 1985 ρος
2401 1912 2691 1983 ἐπιδημίας
2744 1913 2984 1979 ἅπαντες
3022 1911 3161 1986 ἦμεν
3201 1917 3258 1968 ἐν
3310 1914 3604 1986 ἁμαρτίαις,
3640 1930 3745 1965 κατε-

2258 2004 2448 2074 κράτει
2490 2005 2588 2075 τῆς
2613 2003 2704 2056 ὑπ’
2733 2004 2958 2076 οὐρανὸν
3004 2007 3031 2057 ὁ
3076 2006 3339 2072 Σατανᾶς,
3367 2007 3463 2059 οὐκ
3500 2001 3604 2075 ἦνό
3633 2003 3743 2055 ποιῶν

2255 2095 2618 2166 χρηστότητα,
2681 2096 2782 2149 οὐκ
2830 2091 2899 2167 ἦν
2944 2097 3051 2160 ἕως
3093 2098 3242 2160 ἑνός·
3294 2097 3487 2159 πάντες
3528 2094 3743 2159 ἐξέκλιναν,

2256 2188 2371 2259 ἅμα
2397 2188 2791 2260 ἠχρειώθησαν.
2818 2187 3075 2259 Ἕλληνες
3108 2188 3208 2259 μὲν
3246 2188 3357 2259 γὰρ
3387 2189 3434 2241 οί
3466 2188 3559 2239 τῶν
3585 2184 3745 2238 εἰδώλων

2255 2282 2776 2353 προσλυνηταὶ,τοὺς
2792 2282 2891 2352 τῆς
2911 2282 3206 2344 ἐπιεικείας
3222 2281 3325 2333 οὐκ
3346 2281 3549 2351 ᾔδεισαν
3566 2278 3743 2349 τρόπιος,

2254 2375 2351 2445 τῆς
2375 2375 2606 2440 εὐξωϊας
2641 2376 2738 2445 τὴν
2768 2374 2883 2427 ὁδὸν
2913 2374 3012 2426 οὐκ
3043 2373 3367 2442 ἠπίσταντο·
3404 2372 3582 2442 μᾶλλον
3668 2370 3742 2421 eiii

2252 2466 2415 2521 αὐτὸν
2440 2466 2730 2534 ἐγίνωσκον
2761 2465 2897 2529 ὅλως
2924 2465 3012 2517 τὸν
3042 2464 3146 2518 τῶν
3174 2464 3313 2517 ὅλων
3339 2464 3666 2533 γενεσιουργὸν
3685 2460 3743 2511 ναὶ

2252 2558 2480 2629 Σωτῆρα
2510 2556 2771 2629 Χριστόν·
2815 2555 3052 2609 Ἰουδαῖοι
3082 2556 3137 2608 δέ
3168 2556 3331 2609 πάλιν
3365 2551 3500 2626 εἶχον
3533 2555 3613 2624 μὲν
3639 2553 3743 2620 νόμον

2252 2649 2343 2703 τὸν
2372 2649 2742 2719 παιδαγωγόν·
2790 2649 2904 2703 ἀλλ’
2936 2650 3036 2702 οὐκ
3076 2644 3143 2720 ἦν
3189 2652 3245 2702 ἐν
3291 2649 3439 2719 νόμῳ
3479 2642 3744 2711 δικαιωθῆναι

2250 2744 2342 2795 τὸν
2370 2742 2672 2814 ἄνθρωπον.
2705 2743 2909 2796 Οὐκοῦν
2953 2741 3191 2804 ἅπαντες
3236 2737 3381 2812 ἦμεν
3414 2743 3469 2793 ἐν
3512 2736 3741 2809 ἁμαρτίαις.

2250 2836 2480 2904 ἀνομίας
2504 2830 2572 2907 ἦν
2606 2835 2817 2907 πλήρης
2842 2838 2876 2906 ἡ
3051 2834 3264 2905 Ἐπειδὴ
3295 2835 3353 2887 δὲ
3391 2832 3624 2901 ὲπέφανεν
3644 2830 3663 2879 6
3683 2842 3743 2895 μο-

2250 2929 2472 2999 νογενὴς
2494 2927 2588 2980 τοῦ
2616 2927 2747 2980 Θεοῦ
2765 2928 2957 2997 Λόγος,
2978 2928 3070 2979 καὶ
3096 2927 3316 2995 γέγονεν
3344 2924 3617 2995 ἄνθρωπος,
3637 2917 3744 2983 ἐξέλι-

2250 3037 2348 3073 πον
2373 3021 2421 3071 ol
2442 3018 2776 3090 ἁμαρτωλοὶ,
2820 3017 3193 3071 ἐκλελοίπασιν
3222 3018 3269 3069 οἱ
3305 3017 3453 3079 ὄντες
3474 3018 3527 3069 ἐν
3548 3013 3742 3083 ἀνομίας.

2248 3112 2373 3175 Πῶς
2403 3112 2436 3182 ἦ
2461 3110 2579 3164 τίνα
2609 3111 2842 3181 τρόπον;
2871 3110 3185 3164 δεδικαίωκε
3222 3110 3335 3180 γὰρ
3366 3110 3606 3170 ἅπαντας,
3629 3106 3742 3174 ἀπήιε

566 3215 656 3260 tns
676 3212 856 3258 autem
888 3204 1217 3273 justiﬁcatos
1240 3219 1381 3259 esse.
1419 3204 1601 3273 Itaque
1639 3186 1726 3257 hic
1754 3222 1865 3260 non
1896 3216 2146 3260 naturam

2247 3204 2375 3271 λαξε
2425 3202 2533 3257 τῶν
2582 3202 3162 3273 πεπλημμελημένων,
3215 3201 3527 3272 ἐλευθερους
3565 3199 3742 3265 ἀπέφηνε

567 3297 778 3353 destrui
811 3304 987 3367 rogat,
1016 3312 1190 3366 neque
1212 3298 1460 3352 homines
1489 3296 1738 3352 funditus
1767 3300 1932 3353 exitio
1963 3299 2145 3366 tradi;

570 3389 663 3443 sed
690 3396 964 3458 precatur,
996 3396 1054 3440 ut
1085 3396 1341 3457 peccator
1374 3389 1638 3443 malitiam
1670 3390 1908 3456 deserat,
1943 3398 2003 3444 ut
2036 3406 2147 3445 non

569 3485 709 3535 ultra
740 3490 993 3551 peccator
1019 3482 1111 3547 sit,
1152 3483 1245 3537 sed
1273 3483 1623 3551 immutetur};
1661 3500 1728 3540 ne
1784 3485 1858 3541 sit
1890 3486 2144 3556 iniquus,

569 3574 664 3627 sed
692 3574 997 3643 resipiscat.
1048 3572 1374 3629 Sanctorum
1409 3577 1611 3647 quippe
1641 3577 1839 3633 anima:
1887 3594 1995 3634 non
2047 3595 2147 3650 pro

568 3665 762 3735 seipsis
793 3673 1025 3733 tantum,
1052 3668 1146 3722 sed
1174 3683 1272 3737 pro
1320 3668 1576 3723 universo
1598 3668 1731 3724 orbe
1762 3671 2039 3726 orationes
2067 3672 2143 3725 ef-

567 3758 750 3813 ferunt
801 3773 949 3815 suas.
1002 3758 1159 3814 Nunc
1214 3760 1379 3831 igitur
1427 3760 1628 3825 David,
1667 3778 1898 3818 arcanas
1949 3764 2147 3818 divinae

564 3851 990 3923 pulchritudinis
1041 3851 1298 3916 divitias,
1338 3853 1518 3922 quoad
1556 3854 1806 3908 humana:
1865 3854 2146 3912 facultatis

562 3949 703 4006 erat,
726 3942 1042 4012 explorans,
1070 3957 1263 3998 omnes
1294 3942 1541 3998 homines
1585 3946 1734 4014 paris
1772 3946 1978 3999 notitia;
2013 3960 2146 3999 con-

562 4040 743 4089 sortes
778 4047 900 4088 esse
925 4036 1267 4103 peroptabat,
1303 4041 1762 4105 peccatorumque
1788 4046 1990 4093 sortem
2020 4052 2145 4092 om-

561 4124 695 4179 nino
726 4123 959 4178 deﬁcere
1005 4126 1362 4193 precabatur;
1425 4141 1536 4179 non
1574 4134 1632 4179 ut
1676 4135 1899 4196 pereant
1950 4138 2144 4197 postu-

560 4218 705 4284 lans,
738 4217 833 4272 sed
857 4226 916 4271 ut
950 4218 1306 4287 resipiscam,
1347 4225 1513 4289 utque
1539 4233 1729 4273 eorum
1758 4230 1956 4284 coetus,
1991 4231 2144 4292 post-

560 4324 725 4379 quam
776 4309 1064 4378 pristinam
1117 4309 1427 4364 divinorum
1468 4311 1718 4365 notitiam
1756 4327 2058 4382 posuerunt
2089 4326 2145 4370 et

560 4400 911 4471 abjecerunt,
958 4400 1223 4455 deleatur.
1262 4398 1412 4455 Vane
1438 4402 1600 4471 igitur
1626 4404 1955 4459 contentiosi
1979 4405 2055 4458 illi
2086 4406 2143 4459 in

558 4494 939 4551 obdurationis
960 4509 1072 4548 suae
1094 4494 1457 4563 patrocinium
1500 4494 1814 4563 hujusmodi
1848 4511 2010 4552 voces
2041 4515 2140 4569 op-

2251 3296 2344 3350 καὶ
2394 3295 2843 3366 διεσμηγμὲνους.
2891 3293 3099 3348 Οὐκοῦν
3141 3294 3312 3362 ὀλίγοι
3360 3295 3615 3363 γεγόναπν
3641 3292 3675 3342 οἱ
3706 3290 3742 3339 ἐν

2248 3386 2562 3457 ἁμαρτίαις,
2613 3383 2796 3438 πολλοὶ
2842 3383 2899 3437 δὲ
2938 3384 3058 3437 λίαν
3098 3386 3145 3436 οί
3190 3383 3609 3452 δεδικαιωμένοι·
3648 3378 3741 3429 ὥστε

2247 3477 2481 3532 ἐνταῦθα
2535 3478 2595 3531 οὑ
2651 3476 2748 3548 τὴν
2791 3477 2975 3529 οὐσίαν
3012 3474 3379 3545 ἀφανισθῆναι
3420 3474 3627 3544 εὔχεται,
3660 3466 3742 3521 οὔτε

2246 3555 2372 3635 τοὺς
2400 3569 2719 3641 ἀνθρώπους
2762 3568 3089 3640 πανολεθρία
3129 3568 3518 3640 παραδοθῆναι·
3552 3564 3657 3619 ἀλλὰ
3678 3562 3741 3629 τὴν

2247 3662 2509 3735 πονηρίαν
2537 3663 2746 3717 ἐκλίποι
2776 3662 3115 3733 ἁμαρτωλὸς,
3147 3660 3289 3714 ὥστε
3318 3660 3393 3731 μὴ
3414 3655 3541 3713 εἶναι
3565 3658 3741 3727 ἁμαρτω

2246 3757 2355 3820 λὸς,
2392 3757 2528 3810 ἀλλὰ
2573 3755 2957 3826 μετατεθῆναι·
2994 3755 3068 3825 μὴ
3093 3755 3331 3825 ὑπάρχοι
3372 3758 3400 3808 ὁ
3440 3754 3628 3822 ἄνομος,
3652 3744 3742 3801 ἀλλὰ

2249 3853 2670 3926 μεταϐληθῆναι.
2717 3851 2982 3916 Τοιαύτας
3028 3852 3137 3921 γὰρ
3190 3853 3245 3903 αἱ
3302 3851 3411 3904 τῶν
3446 3850 3596 3917 ἁγίων
3628 3843 3739 3914 ᾁνχιὶ

2244 3948 2342 4017 οὐχ
2373 3946 2513 4019 ὑπὲρ
2538 3945 2745 4000 ἑαυτῶν
2790 3945 2969 4017 μόνον,
3018 3944 3132 3998 ἀλλ’
3173 3943 3314 4015 ὑπὲρ
3367 3943 3464 4015 τῆς
3500 3938 3741 4009 οἰκουμένης

2246 4039 2464 4111 ἁπάσης
2512 4038 2611 4101 τὰς
2651 4038 2863 4109 δεήσεις
2907 4036 3254 4109 ἀναφέρουσι.
3313 4036 3420 4089 Καὶ
3459 4032 3546 4087 νῦν
3580 4028 3740 4083 τοίνηέ

2245 4132 2426 4198 Δαυῒδ,
2457 4132 2516 4186 τὸ
2542 4130 2683 4185 θεῖον
2708 4130 2900 4194 κάλλος
2932 4129 3074 4184 κατὰ
3114 4129 3203 4183 τὸν
3238 4130 3539 4201 ἀπόρρητον
3562 4121 3738 4176 πλοῦτοι.

2244 4224 2321 4288 ὡς
2347 4223 2474 4293 ἐνῆν
2507 4221 2822 4293 ἀνθρωπεία
2851 4220 3010 4290 φύσει
3037 4217 3342 4285 διεξελθὼν,
3379 4220 3570 4279 πάντας
3595 4207 3737 4279 ἀνθρώ-

2244 4332 2377 4378 πους
2419 4314 2658 4386 ἱμείρετο
2695 4312 2796 4384 τῆς
2832 4312 3000 4382 αὐτῆς
3050 4312 3373 4382 μεταλαχείν
3411 4310 3647 4379 γνώσεως,
3681 4302 3739 4351 καὶ

2240 4406 2339 4477 τὴν
2380 4406 2489 4459 τῶν
2542 4402 2883 4475 ἁμαρτωλῶν
2935 4403 3167 4473 πάμπαν
3220 4402 3465 4470 ἐκλεῖψαι
3510 4393 3741 4468 συμμορίαν

2245 4499 2501 4553 ἱκετεύει·
2546 4498 2645 4551 οὐκ
2694 4496 2890 4559 αὐτοὺς
2938 4494 3229 4548 ἀπολέσθαι
3281 4491 3621 4563 παρακαλῶν.

559 4596 801 4659 ponunt;
842 4590 985 4658 quod
1020 4588 1189 4642 David
1242 4586 1496 4642 videlicet
1533 4587 1764 4643 deﬁcere
1796 4602 2139 4657 peccatorem

2247 4590 2650 4664 μεταϐληθῆναι
2692 4590 2969 4659 δεόμενος,
3021 4588 3115 4640 καὶ
3164 4586 3474 4640 παύσασθαι
3520 4581 3665 4637 αὐτῶν
3701 4575 3739 4625 τί.

557 4689 795 4751 exoptet,
824 4695 888 4734 ac
921 4680 1203 4733 infamiam
1243 4678 1731 4749 confusionemque
1764 4680 2000 4737 inimicis
2032 4683 2137 4737 im-

558 4780 846 4843 precetur;
877 4773 1022 4841 quod
1051 4770 1319 4827 Jeremias
1349 4771 1615 4826 ultionem
1649 4787 1679 4825 a
1733 4772 1844 4829 Deo
1870 4776 2133 4829 adversa-

557 4865 658 4919 riis
679 4865 794 4920 suis
828 4864 1089 4919 inﬂictam
1124 4863 1310 4919 videre
1361 4865 1594 4935 cupidus
1624 4865 1723 4931 sit;
1775 4867 1922 4936 quod
1971 4866 2132 4932 Osee,

557 4968 619 5010 ut
643 4955 936 5011 infecunda
967 4958 1128 5011 vulva
1155 4972 1512 5028 mammaeque
1534 4958 1702 5013 arida:
1736 4958 1976 5014 inimicis
2001 4960 2137 5015 den-

554 5057 648 5102 tur
686 5049 994 5119 supplicet:
1046 5063 1111 5103 ae
1171 5048 1371 5103 similia
1419 5051 1556 5104 bene
1605 5050 1777 5103 multa
1829 5050 1884 5104 in
1935 5050 2136 5107 divinis

556 5138 861 5212 Scripturis
904 5143 1109 5212 passim
1161 5140 1337 5211 posita
1382 5140 1676 5210 colligunt,
1723 5150 1783 5195 ut
1812 5142 1939 5195 hinc
1967 5144 2126 5197 evin-

555 5244 703 5299 cant,
738 5236 973 5291 inimicis
1007 5235 1294 5306 imprecari
1339 5234 1421 5289 fas
1453 5250 1594 5297 esse,
1623 5241 1787 5304 atque
1821 5235 1901 5289 sic
1924 5237 2136 5290 acerbi-

554 5330 684 5385 tatis
704 5345 818 5384 suae
839 5328 932 5384 Dei
968 5329 1263 5383 bonitatem
1290 5327 1558 5381 vindicem
1588 5326 1813 5381 faciant.

2246 4685 2431 4754 στίφος
2461 4681 2774 4746 ἀντιϐολῶν,
2825 4679 3276 4749 μεταταξαμένων
3333 4679 3425 4731 καὶ
3478 4667 3740 4747 μεταμαθῶ-

2241 4794 2349 4829 των
2388 4776 2457 4829 τὰ
2500 4774 2639 4827 θεῖα.
2674 4774 2836 4826 Ὥστε
2872 4772 3048 4844 μάτην
3087 4772 3135 4824 οἱ
3178 4771 3442 4842 ἐριστικοί
3478 4770 3551 4830 είς
3579 4774 3740 4830 συνηγτν

2245 4870 2364 4940 ρίαν
2392 4868 2489 4939 τῆς
2509 4866 2717 4920 ἑαυτῶν
2742 4865 2971 4936 πικρίας(
3002 4863 3101 4926 τὰς
3142 4863 3397 4927 τοιαύτας
3426 4859 3590 4930 φωνὰς
3619 4868 3741 4923 παρα-

2240 4959 2506 5013 τίθενται·
2535 4957 2625 5010 τὺν
2653 4955 2813 5008 Δαυῒδ
2841 4954 3109 5007 ἐκλείπειν
3140 4954 3231 5006 τὸν
3253 4952 3560 5024 ἁμαρτωλὸν
3585 4941 3741 4999 ποθοῦν-

2241 5068 2330 5115 τα,
2373 5051 2467 5104 καὶ
2500 5047 2759 5118 αἰσχύνην
2802 5047 2894 5098 καὶ
2930 5045 3194 5116 ἐντροπὴν
3234 5045 3339 5098 τῶν
3372 5041 3567 5114 ἐχθρῶν
3602 5050 3740 5091 κατενο

2242 5144 2496 5214 χὸμενον·
2528 5140 2617 5193 τὸν
2662 5136 2926 5209 Ἰερεμίαν
2976 5137 3100 5190 ἰδεῖν
3130 5136 3225 5207 τὴν
3260 5136 3407 5207 παρὰ
3434 5133 3519 5186 τοῦ
3548 5127 3655 5183 Θεοῦ
3680 5126 3741 5214 ἐκέ

2241 5236 2453 5305 δίκησιν
2503 5234 2569 5285 ἐκ
2613 5231 2721 5284 τῶν
2765 5229 3022 5283 ἐναντίων
3066 5228 3459 5299 ἐπιθυμοῦντα·
3506 5224 3586 5277 τὸν
3630 5213 3739 5281 Ὠσπέ

2244 5328 2453 5399 μήτραν
2484 5321 2813 5378 ἀτεκνοῦσαν
2844 5323 2938 5377 καὶ
2965 5320 3200 5392 μαστοὺς
3239 5320 3430 5391 ξηροὺς
3457 5315 3643 5384 δοθῆναι
3666 5308 3738 5361 79E;

554 5425 770 5496 ἐχθροῖς
809 5427 1093 5495 δεόμενον·
1136 5425 1229 5478 καὶ
1270 5421 1441 5475 πολλὰ
1497 5423 1721 5475 τοιαῦτα
1776 5421 2049 5493 σποράδην
2089 5421 2386 5491 ἐγκείμενα
2446 5422 2564 5485 ταῖς
2628 5419 2800 5482 θείαις
2841 5419 2880 5470 Γ
2883 5420 3079 5489 ραφαῖς
3137 5416 3505 5483 ἀναλέγονται,
3547 5404 3735 5501 animi:

558 5536 708 5590 μενοι
778 5522 855 5592 τῷ
908 5521 1017 5573 δεῖν
1065 5520 1172 5573 τῶν
1224 5516 1475 5571 ἐναντίων
1545 5518 1936 5587 κατεύχεσθαι,
1974 5516 2185 5587 καὶτῆς
2220 5517 2427 5571 ἐαυτῶν
2478 5517 2702 5588 πικρίας
2750 5513 3015 5587 συνεργὸν
3064 5502 3330 5569 ποιεῖσθαι
3379 5509 3474 5582 τὴν
3518 5504 3598 5561 τοῦ
3644 5500 3736 5551 Θεωλ

553 5613 895 5685 ἁγαθότητα.,

627 5788 674 5823 ⁸⁸
717 5787 905 5844 Matth.
948 5802 1072 5851 xxv,
1111 5783 1298 5840 41—45.
