3964 6512
218 318 360 374 1293

1344 313 1848 372 (ΣΟΜΜΕΝΤΑΒΙΔ
1885 315 1949 370 ΙΝ
1989 314 2328 373 PSALMOS.

3315 319 3454 378 1294

296 431 436 486 Ἀλλ’
463 430 637 495 οὐδεὶς
660 430 766 485 τῶν
796 430 1012 502 άληθῶς
1038 429 1224 499 ἁγίων,
1247 422 1321 484 ὧν
1348 433 1402 485 αἱ
1434 432 1622 503 ῥήσεις
1647 429 1787 484 κατά

1959 430 2159 486 Verum
2193 445 2354 486 nemo
2381 445 2570 485 eorum
2599 429 2694 500 qui
2726 445 2850 486 vere
2892 429 3068 486 sancti
3110 438 3275 498 sunt,
3318 447 3458 503 quo-

215 526 368 580 Θείαν
405 524 713 596 οἰκονομίαν
749 526 828 586 είς
869 523 1146 577 νουθεσίαν
1180 523 1287 576 τῶν
1329 523 1521 595 ἐφεξῆς
1564 523 1790 594 ἀνεγρά-

213 635 414 690 φησαν,
446 616 537 670 ἐπί
564 634 669 670 τινι
697 615 850 687 κακῷ
875 615 972 688 τὴν
999 615 1230 686 σπουδὴν
1255 614 1390 688 ἔχων
1420 615 1791 685 ἐπιδειχθήσε-

211 727 323 774 ται,
353 707 489 763 ἀλλά
512 710 620 772 πᾶς
650 709 830 772 αὐτοῖς
855 710 883 761 ό
914 707 1112 771 σκοπὸς
1139 707 1248 760 τῶν
1288 707 1458 776 λόγων
1493 707 1627 779 πρὸς
1656 707 1792 779 διόρ-

163 868 165 870 η
213 801 380 855 θωσιν
408 801 508 872 τῆς
541 799 1028 871 ἐμπολιτευομένης
1059 802 1123 871 τῇ
1155 799 1311 868 φύσει
1355 799 1550 863 κακίας
1585 798 1786 870 βλέπει.

214 893 425 964 Ὠσπερ
472 892 648 946 τοίνυν
698 893 727 945 ὁ
769 891 1059 962 εὐχόμενος
1099 891 1172 962 μὴ
1207 886 1345 944 εἶναι
1373 891 1679 955 νοσοῦντας,
1718 891 1791 963 μὴ

213 980 354 1036 εἶναι
402 981 809 1052 πτωχεύοντας,
855 981 914 1034 οὐ
968 979 1074 1034 τῶν
1129 978 1428 1051 ἀνθρώπων
1482 980 1790 1052 ἀναίρεσιν,

213 1072 350 1128 ἀλλά
377 1074 476 1145 τῆς
506 1074 661 1127 νόσου
700 1071 796 1126 καὶ
840 1073 939 1144 τῆς
971 1072 1239 1142 πτωχείας
1266 1072 1568 1143 ἀφανισμὸν
1609 1073 1794 1126 ἐπιθυ-

218 1169 312 1238 μεῖ
352 1167 636 1235 γενέσθαι’
677 1164 818 1218 οῦτω
867 1164 961 1218 καί
1007 1164 1114 1217 τῶν
1153 1163 1322 1233 ἁγίων
1371 1165 1596 1230 ἕκαστος
1632 1165 1691 1219 τὸ
1726 1169 1792 1238 τῇ

215 1257 376 1330 φύσει
434 1258 731 1328 πολέμιον,
793 1257 872 1320 είς
934 1256 1236 1327 ἀφανισμὸν
1293 1257 1464 1310 ἐλθεῖν
1523 1257 1789 1329 εὔχονται.

219 1351 389 1405 Ὅταν
431 1350 538 1421 γὰρ
587 1352 614 1403 ὁ
642 1348 945 1420 Ψαλμῳδὺς
993 1349 1121 1422 εἴπῃ
1144 1365 1155 1376 ’
1202 1349 1587 1404 Ἐκλίποισαν
1615 1351 1797 1419 ἀμαρ-

212 1440 391 1496 τωλοὶ
430 1438 548 1494 ἀπὸ
589 1438 698 1507 τῆς
733 1437 844 1508 γῆς
887 1437 985 1490 καὶ
1019 1435 1248 1506 ἄνομοι,
1289 1435 1444 1490 ὥστε
1477 1436 1562 1506 μὴ
1608 1435 1796 1505 ὑπάρ-

215 1551 350 1603 χειν
376 1533 616 1598 αὐτοὺς,
642 1531 738 1603 τὴν
759 1531 1032 1602 ἁμαρτίαν
1056 1530 1296 1583 ἐκλιπεῖν
1322 1530 1416 1583 καὶ
1443 1531 1542 1600 τὴν
1564 1531 1796 1602 ἀνομίαν

215 1627 455 1698 έΰχεται.
488 1627 560 1679 Οὐ
591 1625 700 1696 γάρ
741 1624 1025 1696 ἄνθρωπος
1058 1622 1328 1695 ἀνθρώπῳ
1371 1624 1646 1695 πολέμιος,
1681 1623 1795 1678 ἀλλ’

213 1721 249 1790 ἡ
285 1717 425 1772 κατά
458 1718 654 1772 κακίαν
686 1718 782 1788 τῆς
823 1715 1194 1788 προαιρέσεως
1223 1717 1436 1788 κίνησις
1475 1719 1555 1781 είς
1599 1716 1794 1788 ἐχθροῦ

1890 539 2011 578 rum
2042 521 2186 577 dicta
2213 538 2281 577 ex
2323 521 2505 576 divina
2551 521 2956 592 dispensatione
2999 524 3068 578 ad
3115 535 3457 596 posterorum

1892 615 2293 669 institutionem
2321 616 2632 684 conscripta
2683 615 2835 671 tuere
2859 656 2874 680 ,
2936 616 3003 670 ad
3036 617 3240 671 malum
3284 617 3460 688 quod-

1890 707 2034 778 piam
2060 706 2300 762 studium
2325 723 2486 763 suum
2519 708 2816 764 contulisse
2847 707 3338 777 demonstrabitur;
3364 707 3461 766 sed

1891 806 2040 855 totus
2058 814 2245 855 eorum
2280 814 2481 870 scopus
2511 799 2578 853 ad
2609 799 2972 870 improbitatis
3001 800 3056 854 in
3101 800 3339 855 humana
3362 815 3463 855 na-

1891 901 2014 947 tura
2038 893 2306 947 versantis
2347 892 2779 947 emendationem
2814 893 3058 963 respicit.
3107 893 3466 959 Quemadmo-

1893 985 2020 1040 dum
2050 986 2097 1040 is
2117 987 2208 1056 qui
2234 996 2485 1056 precatur
2499 1001 2607 1040 non
2622 1002 2746 1043 esse
2767 987 3033 1052 inﬁrmos,
3058 1003 3167 1041 non
3188 1002 3311 1042 esse
3329 1003 3464 1057 pau-

1894 1095 2071 1150 peres,
2105 1096 2214 1135 non
2239 1081 2521 1135 hominum
2552 1081 3000 1142 destructionem.
3045 1079 3141 1135 sed
3184 1078 3468 1134 inﬁrmita-

1893 1178 2004 1226 tem
2057 1180 2536 1244 paupertatemque
2589 1172 2794 1228 aboleri
2847 1171 3081 1242 expetit;
3135 1172 3208 1227 ita
3264 1172 3466 1244 singuli

1896 1271 2210 1318 sanctorum
2239 1264 2385 1335 quod
2435 1272 2646 1319 natura:
2675 1265 2995 1322 adversatur
3026 1266 3094 1320 de
3139 1264 3316 1321 medio
3348 1267 3466 1320 tolli

1896 1355 2190 1424 postulant.
2218 1354 2352 1409 Nam
2389 1369 2512 1408 cum
2548 1354 2832 1410 Psalmista
2866 1356 2960 1420 ait,
2999 1355 3260 1426 Deﬁciunt
3284 1372 3468 1426 pecca-

1897 1451 2033 1497 tores
2066 1462 2099 1497 a
2133 1455 2274 1498 terra
2294 1453 2341 1499 et
2369 1445 2556 1516 iniqui,
2585 1446 2661 1498 ita
2695 1455 2750 1498 ut
2780 1462 2885 1500 non
2911 1447 3054 1515 sint,
3103 1457 3383 1516 peccatum
3414 1456 3470 1503 et

1896 1533 2238 1604 iniquitatem
2267 1536 2498 1593 deiicere
2527 1545 2802 1608 precatur.
2844 1537 2963 1593 Non
2993 1539 3140 1595 enim
3172 1539 3336 1596 homo
3369 1539 3470 1596 ho--

1895 1625 2031 1680 mini
2056 1628 2315 1684 inimicus
2337 1636 2455 1695 est;
2500 1630 2596 1684 sed
2627 1637 2812 1686 motus
2859 1632 3159 1688 voluntatis
3203 1632 3271 1686 ad
3312 1633 3471 1686 mali-

1895 1719 2050 1785 tiam,
2083 1720 2226 1790 quod
2256 1728 2450 1775 natura
2481 1722 2836 1792 conjunctum
2866 1731 2985 1779 erat
3013 1724 3080 1779 ad
3125 1724 3468 1779 inimicitiam

214 1810 369 1876 τάξιν
397 1810 458 1863 τὸ
485 1813 548 1882 τῇ
593 1809 749 1880 φύσει
796 1806 1137 1879 συνημμένον
1173 1807 1492 1879 κατέστησε.
1525 1809 1598 1862 Τὸ
1627 1807 1794 1861 κακὸν

1904 1811 2142 1868 deduxit.
2195 1812 2392 1868 Malum
2425 1815 2592 1886 igitur
2616 1816 2847 1873 deiicere
2891 1825 3186 1888 precatur:
3219 1824 3274 1872 at
3306 1818 3471 1875 homo

217 1903 396 1960 τοίνυν
446 1902 687 1956 ἐκλιπεῖν
723 1900 972 1971 εὔχεται·
1016 1901 1043 1952 ὁ
1085 1899 1140 1952 δέ
1178 1899 1460 1972 ἄνθρωπος
1503 1900 1669 1953 κακὸν
1695 1900 1794 1951 οὐκ

215 1995 352 2050 ἐστι.
387 1995 510 2059 Πῶς
536 1994 644 2066 γάρ
676 1993 740 2048 ἂν
769 1993 854 2064 εἴη
883 1991 1050 2045 κακὸν
1078 1991 1172 2044 τοῦ
1202 1991 1405 2060 ἀγαθοῦ
1433 1991 1491 2045 τὺ
1516 1991 1793 2062 ὁμοίωμα;

217 2086 408 2151 Οὕτως
441 2087 543 2141 κᾶν
572 2085 832 2158 αἰσχύνην
861 2086 956 2140 καὶ
987 2085 1253 2156 ἐντροπὴν
1279 2084 1387 2138 τῶν
1425 2083 1632 2155 ἐχθρῶν
1665 2101 1797 2137 κατ-

217 2180 479 2252 εύχηται,
530 2179 892 2232 δείκνυσίσοι
938 2177 998 2231 τὸ
1049 2177 1232 2246 στίςρος
1270 2175 1378 2229 τῶν
1425 2175 1699 2240 ἐναντίων,
1734 2176 1797 2228 ἐκ

215 2275 314 2330 τοῦ
347 2265 577 2344 ἀοράτου
630 2275 696 2344 τῇ
743 2272 1054 2346 ἀνθρωπίνῃ
1107 2270 1627 2342 προσπολεμούντων
1661 2267 1794 2339 ζωῇ.

219 2365 343 2421 Ὅτι
391 2367 446 2420 δὲ
489 2368 588 2420 οὐκ
630 2365 950 2437 ἀνθρώπων,
979 2364 1112 2417 ἀλλὰ
1143 2363 1408 2435 δαιμόνων
1452 2361 1796 2432 κατεύχεται,

215 2460 368 2532 δηλοῖ
391 2460 488 2530 τῆς
517 2459 678 2531 εὐχῆς
711 2459 769 2512 τὸ
792 2454 928 2520 εἶδος
957 2474 968 2485 ·
997 2455 1508 2525 Αἱσχυνθήτωσαν
1536 2454 1666 2525 γάρ,
1694 2471 1802 2525 φηοι

220 2554 328 2616 σιν,
359 2555 413 2606 οὶ
451 2550 762 2620 ζητοῦντες
793 2549 907 2619 τὴν
937 2546 1149 2618 ψυχήν
1173 2567 1313 2618 μου,
1337 2547 1444 2602 τοῦ
1468 2546 1674 2616 ἐξᾶραι
1702 2548 1802 2600 αὑ-

217 2646 352 2713 τήν.
393 2641 969 2714 Ἀποστραφήτωσαν
996 2644 1082 2709 εἰς
1119 2643 1190 2696 τὰ
1230 2641 1421 2695 ὀπίσω
1465 2641 1562 2693 καὶ
1591 2641 1797 2706 ἐντρα-

221 2740 509 2807 πήτωσαν
549 2741 603 2793 οὶ
642 2735 919 2802 θέλοντές
962 2754 1063 2805 μοι
1106 2734 1280 2788 κακά.
1320 2734 1800 2804 Κομισάσθωσαν

220 2833 581 2903 παραχρῆμα
631 2830 933 2901 αἰσχύνην
982 2828 1180 2882 αὐτῶν
1219 2830 1272 2880 οἱ
1325 2825 1604 2895 λέγοντές
1654 2842 1754 2893 μοι
1783 2865 1797 2888 ,

223 2924 400 2997 Εὖγε,
444 2921 601 2996 εὖγε.
641 2923 1124 2995 Ἀγιιλλιάσαιντο
1173 2921 1266 2974 καί
1324 2919 1801 2988 εὐφρανθειήσαν

218 3021 317 3073 ἐπὶ
345 3019 442 3073 σοὶ
469 3017 690 3083 πάντες
717 3019 770 3070 οἱ
799 3013 1110 3086 ζητοῦντές
1147 3028 1238 3077 σε,
1275 3013 1473 3081 Κύριε,
1504 3010 1601 3064 καὶ
1638 3009 1801 3064 εἰπά-

219 3129 426 3166 τωσαν
475 3109 830 3174 διαπαντὸς,
889 3105 1333 3176 Μεγαλυνθήτω
1389 3107 1422 3158 ό
1478 3104 1708 3171 Κύριος,
1748 3106 1801 3157 οἱ

1897 1920 2008 1960 non
2042 1907 2244 1961 malum
2274 1907 2554 1978 quidpiam
2586 1917 2691 1965 est.
2738 1909 3021 1976 Quomodo
3065 1912 3210 1966 enim
3265 1911 3473 1966 malum

1896 1998 2026 2053 boni
2073 2000 2373 2054 similitudo
2421 2000 2618 2056 fuerit?
2670 2000 2749 2056 Ita
2779 2003 3030 2074 quamvis
3085 2002 3366 2057 infamiam
3417 2010 3475 2059 et

1897 2092 2272 2148 confusionem
2297 2094 2537 2150 inimicis
2565 2105 2834 2165 precetur,
2867 2095 2957 2150 hic
2990 2096 3088 2151 tibi
3115 2096 3475 2152 .adversarioo

1897 2197 2040 2249 rum,
2072 2183 2162 2253 qui
2188 2183 2243 2238 in
2273 2184 2489 2239 occulto
2510 2184 2808 2240 humanam
2835 2194 3091 2239 naturam
3115 2195 3429 2258 oppugnant
3453 2227 3472 2252 ,

1898 2282 2099 2328 emtum
2118 2275 2378 2330 declarat.
2409 2275 2568 2342 Quod
2585 2285 2767 2332 autem
2801 2277 3141 2334 daemonibus
3158 2295 3269 2334 non
3296 2279 3474 2334 homi-

1897 2365 2061 2420 nibus
2090 2365 2442 2435 imprecetur,
2468 2366 2586 2437 ipsa
2621 2367 2888 2423 orationis
2918 2366 3090 2423 forma
3129 2369 3472 2440 comprobat:

1900 2454 2331 2526 Confundantur,
2359 2458 2556 2529 inquit,
2589 2461 2680 2530 qui
2720 2471 2962 2530 quazrunt
2991 2462 3224 2515 animam
3263 2445 3433 2516 meum
3454 2500 3473 2527 ,

1899 2559 1956 2602 ut
1988 2549 2234 2618 auferant
2275 2568 2413 2605 eam.
2463 2551 2850 2608 Convertuntur
2888 2564 3179 2609 retrorsum
3213 2564 3263 2609 et
3293 2554 3479 2610 erube-

1898 2649 2048 2694 scant
2073 2643 2161 2711 qui
2190 2643 2368 2697 volunt
2398 2644 2526 2698 mihi
2550 2647 2716 2699 mala.
2757 2643 2958 2701 Ferant
2988 2647 3266 2716 confestim
3292 2648 3481 2717 confu-

1899 2732 2096 2785 sionem
2126 2749 2278 2786 suam
2305 2736 2395 2803 qui
2423 2734 2604 2789 dicunt
2633 2737 2794 2802 mihi,
2829 2737 2995 2809 Euge,
3022 2757 3168 2811 euge.
3197 2739 3482 2796 Exsultent

1899 2831 1948 2877 et
1969 2823 2210 2877 laetentur
2239 2827 2293 2879 in
2322 2837 2369 2880 te
2395 2843 2573 2882 omnes
2611 2830 2699 2899 qui
2739 2840 2981 2900 quwrunt
3025 2842 3091 2900 te,
3135 2832 3358 2888 Domine
3381 2874 3396 2900 ,
3428 2843 3481 2888 et

1902 2915 2080 2969 dicant
2104 2933 2335 2986 semper,
2385 2917 2761 2990 Magni/icetur
2790 2921 3074 2992 Dominus,
3115 2927 3205 2997 qui
3249 2926 3481 2998 diligunt

1903 3009 2140 3064 salutare
2171 3021 2319 3064 tuum
2343 3010 2407 3066 ‘9.
2443 3009 2553 3068 Soli
2588 3014 2788 3085 quippe
2816 3015 3090 3074 daemones
3131 3018 3326 3074 anima:
3353 3021 3481 3077 insi-

1905 3101 2128 3171 diantur
2159 3122 2172 3154 :
2209 3102 2404 3172 anima:
2433 3110 2614 3158 autem
2638 3105 2850 3161 insidiae
2875 3115 3003 3161 sunt
3032 3107 3288 3163 alienatio
3317 3126 3348 3164 a
3370 3109 3483 3167 Deo

220 3201 571 3274 ἀγαπῶντες
597 3201 662 3255 τὸ
692 3199 991 3268 σωτήριόν
1020 3215 1156 3253 σου.
1187 3197 1352 3253 Μόνοι
1386 3197 1494 3268 γὰρ
1535 3199 1582 3250 οἱ
1616 3197 1802 3268 δαίμο-

1904 3196 1972 3250 ob
1993 3212 2218 3266 pravum
2253 3197 2418 3251 animi
2451 3197 2723 3254 affectum.
2763 3198 2834 3254 Ut
2864 3216 2994 3272 ergo
3018 3201 3072 3256 in
3106 3202 3219 3258 haec
3252 3218 3362 3259 non
3397 3204 3484 3259 in-

220 3313 313 3360 νες
362 3298 441 3358 είς
495 3294 671 3367 ψυχὴν
718 3293 1152 3348 ἐπιϐουλεύουσι*
1205 3292 1381 3363 ψυχῆς
1434 3292 1490 3344 δὲ
1546 3291 1801 3364 ἐπιϐουλὴ

221 3387 358 3441 Θεοῦ
405 3386 752 3458 άλλοτρίωσις
799 3385 885 3439 διὰ
924 3384 1024 3455 τῆς
1063 3383 1342 3455 ἐμπαθοῦς
1373 3385 1660 3455 γινομένης
1691 3384 1804 3437 δια-

223 3480 443 3544 θέσεως.
488 3479 576 3542 Ὧς
620 3478 686 3532 ἂν
731 3473 821 3532 οὖν
873 3477 946 3549 μὴ
989 3477 1144 3530 τοῦτο
1190 3477 1370 3541 πάθοι,
1409 3477 1669 3550 αἰσχύνην
1698 3477 1804 3531 τῶν

223 3572 686 3627 ἀντιπαλαιόντων
736 3570 972 3642 εῦχεται.
1016 3569 1184 3623 Τοῦτο
1215 3570 1269 3623 δὲ
1302 3570 1452 3623 οὐδὲν
1496 3569 1622 3624 ἄλλο
1658 3570 1804 3623 ἐστὶν

224 3665 466 3738 ἢέαυτῷ
513 3665 668 3736 νίκην
715 3663 856 3719 κατά
902 3663 1008 3719 τῶν
1053 3663 1326 3734 πολεμίων
1365 3662 1720 3729 ἐπεύξασθαι·
1755 3663 1805 3714 οἱ

224 3759 283 3813 δέ
318 3759 568 3830 πολέμιοι
615 3758 684 3812 τά
725 3757 870 3828 πάθη
915 3757 1068 3811 είσίν.
1107 3755 1294 3820 Οῦτως
1332 3757 1599 3828 Ἱερεμίας
1646 3754 1804 3826 ζῆλον

224 3852 324 3922 τῆς
357 3851 663 3914 θεοσεϐείας
689 3850 846 3920 ἔχων,
883 3849 1386 3920 εἰδωλολατροῦντος
1419 3847 1513 3901 τοῦ
1547 3847 1808 3918 βασιλέως

227 3943 323 3996 καὶ
378 3941 471 3994 τοῦ
523 3939 675 4002 λαοῦ,
705 3939 803 3991 οὐκ
854 3938 984 3992 ἴδιόν
1035 3957 1086 3993 τι
1132 3936 1420 4008 θεραπεύει
1469 3936 1656 3998 πάθος,
1692 3934 1806 3989 ἀλλ’

227 4030 370 4101 ὑπὲρ
412 4029 506 4082 τοῦ
561 4027 738 4082 κοινοῦ
785 4028 892 4081 τῶν
940 4026 1240 4100 ἀνθρώπων
1285 4028 1550 4099 προσάγει
1582 4026 1659 4096 τῷ
1691 4025 1808 4097 Θεῷ

225 4123 326 4195 τὴν
363 4121 565 4192 δέησιν,
605 4124 671 4193 τῇ
723 4120 864 4174 κατά
892 4119 1000 4173 τῶν
1045 4119 1428 4191 ἀσεϐησάντων
1477 4119 1618 4190 ὁρμῇ
1666 4118 1809 4172 ἅπαν

229 4215 659 4286 σωφρονισθῆναι
705 4213 870 4279 ἀξιῶν
912 4212 971 4266 τὸ
1022 4211 1376 4284 ἀνθρώπινον.
1416 4212 1526 4266 Καὶ
1566 4211 1722 4282 Ὡσηέ
1754 4211 1809 4264 δὲ

228 4306 627 4376 πολυγονοῦσαν
658 4307 780 4360 τότε
813 4305 910 4376 τὴν
959 4304 1158 4358 κακίαν
1202 4305 1261 4357 ἐν
1305 4306 1416 4368 τοῖς
1453 4302 1811 4375 Ἰσραηλίταις

227 4403 294 4473 τῇ
327 4399 551 4471 ἀτεκνίᾳ
594 4399 966 4464 καταδικάζει,
1008 4395 1230 4462 καὶτὰς
1276 4396 1477 4466 πικρὰς
1519 4394 1688 4467 θηλὰς
1714 4395 1811 4465 τῆς

1907 3289 2069 3354 cidat,
2098 3290 2425 3346 adversariis
2483 3291 2765 3346 infamiam
2815 3302 3090 3363 precatur.
3125 3295 3288 3363 illud
3348 3313 3482 3354 vero

1905 3382 2043 3436 nihil
2076 3383 2223 3436 aliud
2258 3390 2364 3448 est,
2397 3399 2561 3454 quam
2590 3383 2878 3439 victoriam
2913 3386 3018 3440 sibi
3052 3386 3120 3443 de
3151 3387 3485 3445 adversariis

1906 3475 2226 3546 postulare:
2276 3475 2482 3530 inimici
2533 3491 2661 3532 vero
2715 3485 2844 3532 sunt
2884 3477 3053 3532 animi
3103 3477 3350 3535 aﬂ'cctus.
3392 3477 3487 3534 Sic

1904 3565 2170 3622 Jeremias
2218 3568 2333 3622 zelo
2365 3568 2646 3639 religionis
2687 3570 3010 3639 instructus,
3044 3586 3172 3641 rege
3201 3579 3256 3626 et
3283 3572 3486 3642 p0pulo

1907 3659 2050 3714 idola
2082 3659 2408 3725 colentibus,
2441 3675 2551 3714 non
2608 3661 2937 3729 peculiarem
2985 3661 3273 3732 quemdam
3319 3661 3487 3716 animi

1907 3751 2157 3805 morbum
2198 3760 2375 3818 curat,
2406 3751 2500 3808 sed
2533 3768 2631 3822 pro
2657 3754 2931 3806 communi
2959 3753 3241 3808 hominum
3278 3755 3488 3824 suppli-

1909 3843 2178 3898 cationem
2209 3844 2318 3900 Deo
2343 3842 2519 3912 ollert,
2547 3860 2747 3916 rogans
2771 3855 2830 3899 ut
2857 3854 3048 3902 contra
3087 3847 3285 3917 impios
3315 3846 3487 3917 impe-

1909 3943 2024 3990 tum
2061 3935 2257 4004 t‘aciat,
2304 3944 2358 3992 et
2410 3937 2492 3992 sic
2540 3952 2731 3993 omnes
2784 3937 3034 3994 homines
3085 3936 3155 3994 ad
3205 3937 3487 3994 meliorem

1911 4028 2122 4101 frugem
2151 4038 2497 4086 revocentur.
2533 4029 2598 4084 Et
2629 4029 2767 4086 Osee
2796 4031 3061 4085 malitiam
3090 4039 3222 4085 tunc
3244 4031 3384 4101 apud
3409 4028 3489 4086 ls-

1910 4123 2134 4178 raelitas
2173 4139 2294 4178 sese
2323 4123 2800 4194 multiplicantem,
2833 4122 3214 4191 infecunditati
3243 4122 3488 4187 damnat,

1911 4221 1964 4268 et
1990 4213 2216 4270 acerbas
2247 4214 2459 4284 peccati
2482 4229 2747 4270 mammas
2775 4215 3044 4270 exsiccari
3094 4215 3300 4285 expetit
3332 4214 3400 4278 '°,
3429 4220 3490 4268 u:

1910 4320 1981 4360 ne
2011 4306 2211 4360 malum
2247 4305 2392 4376 apud
2420 4305 2671 4362 homines
2725 4307 2811 4362 vel
2864 4309 3114 4379 gignatur
3145 4308 3230 4363 vel
3287 4307 3485 4362 alatur.

1912 4396 1990 4450 Ac
2019 4396 2063 4452 si
2101 4398 2224 4467 quis
2252 4397 2394 4454 alius
2429 4399 2572 4469 apud
2623 4408 2846 4454 sanctos
2872 4401 3020 4454 viros
3054 4400 3253 4457 similis
3283 4415 3487 4462 sermo,

227 4492 504 4564 ἁμαρτίας
533 4491 864 4564 ξηρανθῆναι
910 4489 1178 4561 βούλεται,
1207 4488 1282 4552 ὡς
1313 4487 1379 4542 ἂν
1413 4489 1549 4559 μήτε
1578 4488 1802 4541 τίκτοιτε

1914 4490 2008 4544 ira:
2043 4492 2278 4561 speciem
2336 4493 2661 4562 przeferens,
2710 4492 3164 4563 deprehenditur,
3225 4491 3293 4546 ad
3349 4491 3493 4547 hanc

229 4587 288 4638 ἐν
313 4587 421 4648 τοῖς
449 4584 754 4655 ἀνθρώποις
776 4583 836 4635 τὸ
855 4583 1045 4647 κακὸν,
1075 4583 1211 4653 μήτε
1237 4580 1506 4652 τρέφοιτο.
1527 4581 1637 4634 Καὶ
1662 4579 1810 4643 εῐτις

229 4677 388 4740 ἄλλος
435 4676 674 4740 τοιοῦτος
718 4677 775 4728 ἐν
822 4679 931 4738 τοῖς
981 4675 1152 4744 ἁγίοις
1195 4674 1392 4746 εὑρεθῇ
1442 4673 1598 4742 λόγος
1635 4672 1806 4743 θυμοῦ

1915 4597 2142 4652 prorsus
2177 4589 2411 4637 mentem
2458 4584 2716 4654 respicit;
2750 4584 2958 4638 scilicet
2987 4584 3188 4637 malum
3223 4583 3491 4648 eliminat,

1917 4674 2188 4729 hominem
2219 4691 2346 4730 vero
2370 4691 2475 4730 non
2508 4679 2710 4730 atterit.

229 4773 468 4845 ἔμφασιν
511 4773 668 4845 ἔχων,
724 4771 860 4843 πρὸς
905 4771 1000 4842 τὴν
1037 4771 1290 4842 τοιαύτην
1324 4771 1538 4834 πάντως
1570 4770 1809 4824 διάνοιαν
1839 4768 2049 4838 βλέπει,
2084 4771 2118 4842 ἢ
2179 4771 2409 4842 ἐξορίζει
2452 4771 2514 4824 τὸ
2561 4771 2756 4824 κακόν³
2792 4773 2890 4825 οὐκ
2951 4771 3214 4844 ἐπιτρίϐει
3261 4770 3350 4825 τὸν
3403 4771 3494 4826 ἄν·

229 4871 260 4923 θ
270 4889 466 4942 ρωπον.

306 4992 367 5042 Εἰ
388 4990 446 5042 δέ
473 5006 556 5051 τις
585 4988 786 5058 ἐτέρως
821 4987 886 5040 τὰ
936 4985 1029 5039 τοῦ
1077 4987 1238 5040 Δαυῒδ
1276 4991 1415 5040 νοεῖν
1449 4987 1714 5057 βούλεται,
1743 4988 1817 5050 ὡς

229 5081 326 5134 τοῦ
369 5081 656 5151 Προφήτω
696 5080 821 5141 τοὺς
871 5078 1159 5149 δυσσεϐείᾳ
1194 5079 1470 5143 συζῶντας
1499 5080 1659 5148 ἀραῖς
1690 5079 1820 5131 ὑπο-

231 5173 517 5236 ϐάλλοντος
541 5191 554 5203 °
592 5173 685 5226 καὶ
717 5172 888 5234 οῦτως
927 5172 1150 5243 εὑρήσει
1191 5175 1254 5243 τῇ
1295 5170 1626 5242 άποστολικῇ
1673 5171 1819 5224 διδα-

234 5265 433 5336 σκαλίᾳ
462 5265 561 5337 τὴν
605 5265 940 5336 προφητείαν
982 5265 1406 5334 συμϐαίνουσαν.
1456 5264 1664 5329 Παῦλος
1710 5264 1819 5336 γὰρ

231 5357 541 5429 Κορινθίοις
561 5357 916 5420 ἐπιστέλλων,
949 5356 1187 5410 τοιοῦτον
1217 5356 1620 5428 άκροτελεύτιον
1649 5356 1822 5410 τέθει-

232 5471 352 5507 κεν⁹
376 5453 449 5505 Εἴ
469 5471 558 5517 τις
585 5455 656 5507 οὺ
680 5452 845 5522 εειλεῖ
865 5451 970 5505 τὸν
995 5453 1212 5520 Κύριον
1243 5451 1496 5518 Ἰησοῦν,
1527 5451 1646 5520 ἤτω
1673 5449 1817 5504 ἀνά-

234 5549 402 5614 θεμα.
433 5546 590 5599 Ἴδιον
629 5544 737 5616 γὰρ
765 5544 871 5598 τῶν
906 5544 1123 5615 θερμῶς
1163 5543 1500 5614 ἀγαπώντων
1539 5543 1600 5596 τὸ
1639 5545 1817 5613 μισεῖν

233 5639 360 5700 τοὺς
416 5636 704 5707 μισοῦντας
735 5637 823 5689 τὸν
887 5635 1267 5707 ἀγαπώμενον.
1305 5637 1455 5706 Τάχα
1492 5636 1548 5688 δὲ
1586 5635 1679 5687 καὶ
1719 5634 1817 5705 τὴν

1987 4983 2140 5051 Quod
2175 4985 2220 5038 si
2263 4984 2390 5053 quis
2420 4983 2522 5037 alia
2573 4982 2786 5037 ratione
2842 4981 3066 5039 Davidis
3103 4984 3249 5038 dicta
3295 4983 3500 5042 intelli"

1914 5090 2041 5146 gere
2079 5074 2227 5137 velit,
2259 5074 2332 5128 ita
2365 5082 2424 5127 ut
2447 5073 2717 5144 Propheta
2742 5088 2838 5129 eos
2879 5075 2972 5144 qui
3020 5074 3074 5128 in
3107 5074 3384 5145 impietate
3412 5077 3498 5129 vi-

1919 5175 2050 5221 vunt
2099 5167 2462 5221 exsecrationi
2517 5165 2811 5235 subjiciat:
2865 5166 2938 5220 ita
2983 5181 3202 5237 quoque
3259 5167 3500 5222 inveniet

1915 5259 2258 5331 prophetiam
2283 5274 2407 5314 cum
2438 5260 2738 5329 apostolica
2762 5258 3013 5314 doctrina
3033 5259 3321 5328 quadrare.
3353 5258 3498 5312 Pau-

1917 5356 2002 5410 lus
2039 5355 2242 5425 quippe
2279 5354 2579 5409 Corinthiis
2617 5354 2887 5418 scribens,
2912 5353 3018 5407 hoc
3047 5352 3209 5406 modo
3243 5351 3449 5406 claudit
3480 5372 3495 5408 :

1924 5447 1984 5504 Si
2011 5450 2126 5520 quis
2155 5465 2256 5506 non
2291 5459 2436 5502 amat
2461 5447 2745 5502 Dominum
2789 5447 2992 5509 Jesum,
3021 5446 3305 5498 anathema
3335 5445 3405 5499 sit
3431 5445 3496 5502 '".

1925 5539 2058 5593 Nam
2107 5556 2297 5595 eorum
2354 5541 2446 5612 qui
2511 5540 2761 5596 ardenter
2809 5546 2991 5591 amant
3049 5536 3326 5608 proprium
3373 5544 3498 5601 est,

1925 5633 2107 5688 odisse
2137 5647 2232 5687 eos
2263 5632 2356 5702 qui
2386 5631 2641 5687 dilectum
2671 5629 2797 5684 odio
2829 5628 3049 5686 habent.
3080 5624 3336 5684 Fortasse
3371 5626 3500 5697 item

312 5793 356 5825 "’
393 5791 537 5850 Psal.
575 5809 774 5859 xxxix,
813 5795 994 5850 14-17.
1072 5796 1115 5828 ³ο
1155 5793 1280 5850 Ose.
1321 5812 1406 5858 Ix,
1443 5793 1526 5848 Μ.
1604 5795 1645 5826 ⁸³
1692 5791 1802 5847 lCt

1906 5808 1991 5843 XVI
2017 5833 2028 5852 ,
2075 5787 2162 5842 $22.
