3964 6516
538 336 676 393 1295

1240 334 1511 393 EUSEBII
1548 336 2023 395 CASSARIENSIS
2060 337 2209 394 OPP.
2251 336 2431 393 PARS
2468 336 2558 395 Ill.
2601 369 2661 379 —
2709 336 3122 395 EXEGETICA.

3604 344 3704 405 1296

535 464 738 514 statum
769 454 863 527 qui
908 462 1033 526 post
1082 453 1542 512 resurrectionem
1577 454 1797 511 futurus
1849 463 1967 522 est,
2021 455 2105 511 hic

2219 456 2355 527 μετὰ
2413 455 2511 527 τὴν
2550 454 2845 508 ἀνάστασιν
2891 454 2980 508 διὰ
3020 455 3223 509 τούτων
3269 456 3298 509 ὁ
3334 456 3481 510 Δαυῒδ
3518 464 3707 531 quales:

536 548 704 604 David
736 546 1028 620 signiﬁcat,
1062 546 1281 618 quando
1326 546 1460 601 dicit
1518 548 1685 603 laetari
1734 548 2021 604 Dominum
2057 548 2111 603 in

533 642 792 714 operibus
847 640 999 705 suis,
1042 638 1423 696 deficientibus
1478 640 1855 710 peccatoribus
1883 656 1911 694 a
1947 649 2109 696 terra.

532 731 817 802 Quomodo
846 732 991 789 enim
1052 731 1176 801 quis
1232 745 1264 784 a
1325 737 1551 801 peccato
1587 730 2007 799 denominetur,
2065 730 2112 787 si

533 834 819 898 peccatum
881 839 988 879 non
1049 823 1246 878 fuerit?
1293 820 1419 877 licec
1474 829 1534 877 tu
1580 837 1797 893 quoque
1853 837 2109 893 precare:

534 920 719 992 Aperi,
754 918 1000 983 Domine,
1032 917 1252 972 divitem
1293 932 1512 972 manum
1540 926 1686 971 tuam
1716 916 1782 972 ad
1812 916 2111 987 Spiritualis

532 1010 779 1068 beneficii
805 1008 1302 1082 dispensationem;
1337 1014 1395 1062 ut
1416 1006 1759 1062 amarissima
1786 1015 1840 1061 et
1873 1006 2111 1062 crudelis

533 1103 713 1158 anima
774 1117 890 1158 mea
947 1101 1237 1171 impleatur
1297 1100 1585 1155 bonitate:
1649 1098 1802 1153 mitte
1846 1095 2108 1169 Spiritum

531 1203 782 1250 sanctum
818 1203 993 1260 tuum,
1016 1202 1071 1249 et
1100 1207 1303 1248 renova
1331 1200 1643 1262 corruptam
1668 1199 1868 1246 terram
1899 1206 2107 1258 meam;

532 1295 591 1340 ut
630 1296 757 1340 tunc
786 1286 934 1340 laeter
961 1286 1013 1338 in
1044 1284 1303 1355 operibus
1342 1284 1471 1347 tuis,
1501 1283 1787 1340 diabolicis
1820 1283 2110 1354 praestigiis

532 1379 587 1432 in
621 1377 785 1433 corde
816 1394 936 1433 meo
964 1376 1361 1432 deficientibus.

604 1560 850 1628 Benedic,
880 1560 1058 1613 anima
1089 1576 1225 1621 mea,
1249 1557 1498 1612 Domino.
1516 1556 1782 1615 Omnibus
1801 1572 1925 1613 cum
1950 1558 2110 1613 laude

531 1652 825 1715 absolutis,
875 1652 930 1704 in
982 1650 1175 1705 eodem
1226 1649 1501 1705 versiculo
1548 1650 1819 1720 psalmum
1883 1647 2111 1704 benedi-

531 1747 711 1801 ctione
740 1744 967 1811 claudit,
997 1756 1062 1798 ac
1092 1749 1218 1813 post
1248 1741 1455 1813 iactum
1501 1739 1915 1797 fundamentum
1936 1783 1951 1809 ,
1989 1756 2107 1796 ser-

530 1838 681 1894 moni
713 1844 919 1892 tectum
950 1835 1250 1905 imposuit,
1283 1849 1349 1889 ac
1392 1833 1662 1905 procemio
1716 1841 2109 1905 congruentem
2141 1811 2185 1869 Β

529 1931 695 1986 linem
726 1927 964 1983 induxit.
998 1925 1082 1981 Tu
1109 1926 1280 1991 enim,
1319 1925 1522 1995 inquit,
1557 1940 1591 1979 ο
1623 1925 1807 1979 anima
1860 1923 2110 1995 opificem

529 2034 596 2076 ac
619 2018 959 2075 Salvatorem
985 2025 1141 2073 tuum
1172 2016 1393 2073 assidue
1423 2016 1641 2088 hymnis
1671 2015 1967 2072 celebrato.
1993 2013 2112 2085 Ipse

530 2128 768 2184 namque
802 2120 857 2167 te
896 2127 926 2166 a
960 2119 1108 2166 sorte
1154 2110 1528 2181 improborum
1558 2108 1848 2170 amovebit,
1896 2118 1948 2163 ct
1980 2123 2111 2162 san-

530 2217 750 2262 ctorum
779 2206 1061 2263 consortio
1092 2205 1312 2277 dignam
1343 2205 1559 2260 efliciet.
1590 2202 1729 2259 Tum
1763 2204 1819 2257 in
1856 2202 2107 2267 exordio,

532 2315 647 2360 tun
692 2305 747 2360 in
804 2304 910 2359 fine
957 2304 1227 2360 sermonis
1266 2304 1371 2373 ipsi
1408 2300 1844 2357 benedictionem
1892 2300 2112 2354 emittas

528 2398 665 2453 Nam
691 2396 915 2453 assidua
964 2394 1060 2450 Dei
1088 2394 1398 2451 benedictio
1432 2393 1502 2449 ad
1547 2399 1759 2449 rectum
1799 2391 2111 2446 institutum

530 2490 696 2546 vitam
725 2489 1020 2544 concinnat
1056 2495 1327 2541 nostram.

1063 2597 1434 2656 ALLELUIA.
1476 2596 1613 2654 CIV.

600 2693 767 2752 Vens.
806 2695 858 2758 1,
889 2694 945 2751 2.
985 2691 1327 2765 Conﬁlemini
1380 2692 1624 2753 Domino,
1652 2699 1701 2745 et
1734 2692 1974 2746 invocate
2016 2707 2111 2745 no-

527 2802 647 2842 men
672 2787 807 2857 ejus,
826 2789 1139 2839 annuntiate
1171 2786 1308 2838 inter
1337 2793 1513 2856 gentes
1538 2799 1697 2853 opera
1726 2783 1859 2852 ejus.
1884 2782 2111 2837 Cantate

528 2881 577 2936 οἱ
611 2889 659 2934 et
708 2878 924 2948 psallite
969 2877 1039 2944 ei,
1060 2885 1278 2931 narrate
1322 2876 1499 2930 omnia
1528 2874 1800 2928 mirabilia
1829 2874 1964 2944 ejus.
2010 2874 2109 2930 llic

528 2972 776 3041 psalmus
808 2970 1022 3041 primus
1050 2984 1240 3024 eorum
1280 2976 1366 3024 est
1397 2968 1490 3039 qui
1534 2968 1767 3021 Alleluia
1798 2967 2109 3021 inscribun-

528 3074 638 3119 tur.
684 3063 778 3119 Est
842 3070 1024 3119 autem
1084 3061 1316 3117 Alleluia
1384 3061 1699 3115 adhortatio
1752 3063 2005 3134 mystica,
2038 3063 2105 3117 ad

528 3164 699 3215 Deum
740 3155 1076 3212 laudandum
1108 3171 1296 3211 aurem
1334 3154 1620 3219 excitans,
1664 3154 1739 3207 ita
1773 3162 1833 3208 ut
1870 3153 1985 3208 ham
2035 3155 2106 3209 sit

526 3253 648 3325 ejus
676 3250 1025 3322 significatio,
1053 3248 1296 3303 Laudale
1320 3245 1630 3305 Dominum.
1655 3245 1791 3300 Nam
1820 3247 1874 3301 in
1905 3247 2105 3316 quibus

528 3352 735 3402 sancta:
789 3343 1089 3413 Scriptura:
1146 3340 1396 3412 partibus
1442 3340 1556 3394 Inec
1612 3356 1715 3395 vox
1775 3340 2102 3409 apponitur,

529 3435 771 3491 Laudate
815 3432 1133 3498 Dominum,
1182 3430 1466 3486 Hebraicis
1507 3431 1691 3486 verbis
1732 3447 1828 3501 per
1872 3429 2107 3483 Alleluia

526 3523 875 3595 exprimitur.
904 3521 1008 3577 Per
1035 3520 1168 3577 illud
1202 3522 1347 3578 enim
1381 3522 1575 3588 Allelu,
1606 3522 1725 3576 laus
1756 3521 2104 3593 intelligitur,

527 3633 663 3689 quae
678 3615 744 3671 ad
785 3615 954 3672 Deum
980 3615 1249 3683 refertur;
1301 3614 1434 3669 illud
1469 3624 1650 3669 autem
1684 3614 1772 3680 Ia,
1809 3631 1979 3669 unum
2022 3622 2107 3671 est

526 3726 594 3765 ex
648 3709 965 3765 nominibus
1020 3710 1177 3781 queis
1238 3707 1425 3764 divina
1488 3716 1683 3763 natura
1742 3709 2103 3780 significatur.

446 3858 451 3863 ,
526 3798 725 3854 Totum
782 3815 909 3855 vero
957 3799 1189 3853 Alleluia
1250 3801 1556 3870 explicatur
1617 3800 1735 3854 laus
1797 3799 1913 3854 Dei.
1964 3801 2103 3854 Cum

525 3892 711 3963 itaque
756 3894 860 3948 hoc
910 3908 1111 3948 nomen
1162 3893 1489 3965 inscriptum
1520 3895 1574 3949 in
1615 3893 1921 3966 psalmodia
1950 3909 2106 3964 repe-

524 3986 696 4053 ritur,
730 3993 865 4041 tunc
903 3985 1313 4057 intelligendum
1337 3995 1421 4043 est
1453 3986 1507 4041 id
1554 3986 1701 4057 quod
1754 3987 2106 4057 subjungitur

526 4078 590 4131 ad
623 4078 838 4133 laudem
870 4078 963 4133 Dei
997 4092 1313 4149 provocare.
1341 4079 1433 4134 Sic
1467 4081 1519 4134 in
1554 4082 1848 4150 postremis
1871 4081 2105 4135 maxime

526 4169 651 4223 libri
691 4170 940 4239 psalmis,
971 4171 1125 4225 multi
1176 4171 1494 4241 liujusmodi
1539 4172 1680 4226 tituli
1717 4173 2103 4243 reperiuntur»:

522 4258 683 4328 queis
716 4258 1020 4330 intelligere
1044 4260 1172 4315 licet
1195 4262 1299 4324 eis,
1338 4263 1429 4331 qui
1466 4262 1532 4316 ad
1566 4262 1787 4316 virtutis
1819 4262 2107 4331 perfectio-

524 4368 649 4407 nem
681 4352 795 4422 jam
834 4352 1175 4408 devenerunt
1202 4361 1257 4407 et
1281 4355 1373 4423 qui
1406 4369 1437 4409 a
1472 4354 1907 4424 praecedentibus
1954 4354 2105 4426 psal-

524 4446 720 4502 modia:
781 4448 1067 4518 partibus,
1123 4448 1423 4503 secundum
1490 4448 1817 4504 sententiam
1889 4447 2104 4519 purgati

524 4546 674 4606 sunt,
710 4539 808 4595 Dei
857 4539 1047 4596 laudes
1083 4540 1423 4595 convenire:
1473 4547 1638 4610 atque
1679 4556 1743 4594 ea
1788 4540 2104 4594 conditione

524 4630 649 4685 illos
680 4646 804 4686 esse
825 4646 933 4701 qua
962 4631 1279 4702 angelorum
1312 4641 1506 4685 natura
1530 4606 1651 4686 csse
1678 4632 1941 4686 creditur.
1965 4630 2101 4685 Νιιι-
2136 4606 2181 4664 D

524 4723 631 4777 lam
685 4724 831 4779 enim
880 4724 1041 4777 aliam
1103 4739 1294 4778 eorum
1348 4724 1763 4795 occupationem
1809 4725 2103 4780 didicimus

521 4829 668 4879 esse,
693 4830 855 4885 quam
880 4814 1051 4872 Deum
1074 4816 1334 4884 laudare;
1366 4834 1543 4888 neque
1578 4818 1645 4873 iis
1681 4818 1776 4888 qui
1810 4818 1865 4872 in
1900 4819 2102 4874 virtute

521 4906 749 4976 perfecti
800 4915 927 4961 sunt
955 4908 1061 4962 alia
1101 4925 1231 4964 cura
1266 4919 1321 4963 et
1367 4910 1609 4964 studium
1667 4918 1792 4976 est,
1826 4926 1990 4982 quam
2043 4920 2102 4965 ut

520 4998 757 5055 alliciant
777 5008 943 5054 totam
974 5001 1142 5055 vitam
1191 5016 1346 5057 suam
1377 5000 1473 5056 Dei
1513 5001 1727 5057 laudem
1778 5017 1922 5057 esse.
1948 5002 2096 5069 Quo-

522 5093 671 5147 niam
718 5092 884 5163 igitur
932 5093 969 5147 ii
1015 5094 1210 5164 psalmi
1260 5094 1353 5165 qui
1404 5094 1816 5164 inscriptionem
1869 5095 2094 5161 habent,

522 5187 777 5253 Alleluia,
811 5202 1003 5243 omnes
1039 5186 1154 5244 fere
1184 5189 1238 5243 in
1286 5197 1564 5258 postrema
1599 5189 1913 5258 psalmodiae
1944 5201 2097 5260 parte

521 5279 1027 5350 deprehenduntur,
1069 5280 1198 5335 hinc
1238 5280 1542 5350 intelligere
1573 5281 1720 5345 licet,
1756 5280 1979 5337 sublimi
2016 5281 2093 5336 illi

521 5372 795 5437 ascensui,
857 5373 951 5443 qui
1000 5373 1055 5427 in
1109 5372 1338 5444 psalmis
1388 5373 1686 5441 reperitur,
1741 5373 2098 5443 prmeminere

519 5472 852 5534 postremam
901 5465 1217 5535 psalmodiaa
1263 5472 1506 5537 partem,
1557 5465 1610 5518 in
1658 5479 1800 5533 qua,
1836 5473 1896 5519 ut
1925 5465 2099 5535 pluri-

521 5572 692 5621 mum,
729 5557 850 5612 laus
880 5557 997 5623 Dei,
1034 5558 1149 5615 sive
1178 5556 1491 5611 adhortatio
1539 5557 1605 5610 ad
1648 5555 1817 5611 Deum
1864 5556 2098 5611 laudan-

519 5648 672 5712 dum,
711 5648 1109 5719 frequentatur.
1156 5651 1214 5704 ln
1262 5652 1367 5703 hoc
1416 5664 1546 5719 ergo
1587 5652 1796 5719 psalmo
1830 5650 2096 5720 apostolis

519 5740 763 5810 prazcipit
790 5740 1029 5811 Spiritus
1058 5750 1306 5805 sanctus,
1340 5749 1399 5795 ut
1428 5742 1611 5795 omnia
1648 5741 1941 5806 mirabilia,
1973 5757 2097 5811 qua:

520 5833 576 5886 in
604 5847 705 5888 suo
739 5833 973 5891 adventu
1009 5835 1135 5891 fecit
1172 5833 1455 5901 Dominus,
1502 5836 1700 5901 populo
1739 5851 1804 5891 cx
1839 5836 2095 5902 gentibus

2215 550 2569 611 κατάστασιν,
2605 550 2695 602 ὅτε
2742 548 2836 601 καὶ
2888 548 3266 620 εὐφραίνεσθαι
3316 548 3403 601 τὸν
3450 550 3619 623 Κύριον
3648 556 3710 609 ἐπὶ

2212 643 2325 704 τοῖς
2358 640 2540 712 ἔργοις
2564 639 2729 693 αὐτοῦ
2758 638 2929 709 λέγει,
2967 640 3292 693 ἐκλιπόντων
3322 640 3424 693 τῶν
3449 643 3711 715 ἁμαρτωλῶν

2214 731 2319 785 ἀπὸ
2343 734 2442 803 τῆς
2474 732 2600 803 γῆς.
2634 732 2760 796 Πῶς
2784 732 2892 803 γάρ
2917 750 3000 795 τις
3040 730 3101 796 ἐξ
3127 733 3395 803 ἁμαρτίας
3420 734 3712 809 ὀνομασθήσε-

2211 841 2323 890 ται,
2382 826 2481 897 τῆς
2519 824 2792 897 ἁμαρτίας
2836 825 2937 877 οὐκ
3000 823 3203 894 οὐσης;
3246 825 3470 878 Τοιαῦτα
3499 825 3628 896 εὔχου
3650 830 3715 881 καὶ

2216 919 2279 973 σύ
2300 936 2313 950 ·
2338 918 2607 985 Ἀνοιξον,
2624 918 2819 991 Κύριε,
2836 918 2934 991 τὴν
2956 917 3215 971 πλουσίαν
3242 936 3331 971 σου
3348 922 3493 989 χεῖρα
3512 922 3578 983 εἰς
3596 939 3715 993 χορῃο

2212 1012 2337 1081 γίαν
2368 1012 2744 1084 πνευματικῆς
2784 1011 3105 1083 εὐεργεσίας
3127 1027 3141 1040 ·
3177 1012 3263 1066 ἵνα
3292 1013 3327 1082 ἡ
3370 1016 3630 1085 πικροτάτη
3652 1017 3719 1069 καὶ

2211 1105 2428 1179 ἀπηνής
2456 1123 2554 1177 μου
2597 1105 2744 1178 ψυχὴ
2783 1105 2999 1178 πλησθῇ
3040 1106 3420 1178 χρηστότητος.
3452 1106 3720 1163 Ἀπόστειλον

2210 1197 2272 1250 τὸ
2306 1196 2531 1268 Πνεῦμά
2555 1214 2647 1250 σου
2685 1198 2747 1252 τὸ
2776 1196 2951 1268 ἅγιον,
2985 1196 3081 1250 καί¹
3121 1196 3458 1251 ἀνακαίνισον
3492 1196 3576 1267 τὴν
3606 1215 3720 1251 rata-

2213 1288 2531 1362 φθαρμένην
2562 1307 2663 1361 μου
2693 1292 2817 1361 γῆν,
2848 1290 2934 1343 ἵνα
2976 1289 3097 1343 τότε
3141 1287 3423 1359 εὐφρανθῶ
3448 1288 3529 1339 ἐπὶ
3546 1291 3635 1351 τοῖς
3657 1289 3720 1361 ἐρ-

2211 1397 2328 1448 γθις
2356 1399 2469 1447 σου,
2504 1382 2611 1435 τῶν
2653 1381 2985 1453 δαιμονικῶν
3035 1381 3499 1453 μαγγανευμὰτων
3537 1382 3721 1435 ἐκλιπόν-

2210 1490 2319 1527 των
2349 1474 2455 1527 ἀπὸ
2481 1475 2579 1545 τῆς
2610 1475 2835 1547 καρδίας
2866 1492 2987 1545 μου.

2279 1566 2547 1636 Εὐλόγει,
2574 1567 2611 1635 ἡ
2640 1566 2810 1636 ψυχή
2835 1584 2975 1635 μου,
3007 1565 3113 1619 τὸν
3139 1566 3379 1634 Κύριον.
3409 1563 3634 1617 Ἐνταῦθα
3655 1582 3719 1617 κα-

2210 1655 2449 1720 ταλύσας
2480 1657 2541 1711 τὸ
2574 1657 2680 1711 πᾶν
2714 1658 2795 1721 είς
2826 1657 3152 1726 δοξολογίαν,
3185 1659 3262 1721 είς
3292 1656 3550 1726 εὐφημίαν
3572 1654 3633 1723 τῷ
3658 1655 3723 1706 αὐ-

2211 1747 2290 1818 τῷ
2322 1748 2488 1820 στίχῳ
2525 1748 2799 1819 συγκλείει
2832 1749 2923 1802 τὸν
2948 1738 3183 1820 ψαλμὸν,
3240 1748 3453 1817 ἀσφαλῆ
3502 1745 3617 1818 μετὰ
3660 1745 3723 1798 τοῦ

2213 1839 2464 1911 θεμελίου
2490 1838 2581 1893 τὸν
2616 1840 2815 1913 ὄροφον
2838 1839 3046 1904 ἐπιθεὶς
3071 1840 3148 1912 τῷ
3184 1840 3349 1911 λόγῳ,
3379 1841 3470 1893 καὶ
3495 1838 3563 1909 τῷ
3591 1855 3724 1909 προοι-

2216 1934 2322 2006 μίῳ
2348 1934 2522 1997 ἐοικὸς
2540 1933 2602 1986 τὸ
2623 1933 2772 1997 τέλος
2801 1932 3115 2001 ἐπαγαγών.
3141 1932 3212 1984 Σὺ
3246 1932 3379 2004 γὰρ,
3412 1930 3577 2001 φησὶν,
3604 1923 3638 1983 ὦ
3656 1929 3726 1997 4a-

2212 2027 2302 2097 χὴ,
2339 2026 2629 2097 ἐνδελεχῶς
2662 2026 2750 2079 τὸν
2781 2025 2871 2079 σὺν
2891 2025 3048 2097 ῦμνει
3070 2026 3401 2096 δημιουργὸν
3427 2024 3514 2084 καὶ
3538 2021 3721 2091 Σωτῆρα.

2212 2117 2381 2179 Αὐτὸς
2411 2117 2519 2187 γὰρ
2541 2117 2635 2170 καὶ
2670 2116 2764 2169 τοῦ
2790 2117 2899 2170 τῶν
2942 2115 3195 2188 πονηρῶν
3226 2115 3521 2185 ἀποστήσει
3559 2111 3722 2184 κλήρους

2212 2212 2306 2264 καὶ
2336 2210 2445 2263 τῶν
2463 2210 2633 2279 ἁγίων
2664 2208 2945 2274 ἀξιοῦσθαι
2973 2210 3208 2280 ποιήσει.
3240 2209 3357 2262 Καὶ
3391 2207 3550 2280 ἀρχὴν
3575 2207 3647 2259 τοῦ
3667 2206 3723 2258 λό-

2212 2321 2307 2373 γου
2346 2303 2439 2356 καὶ
2467 2302 2618 2367 τέλος
2650 2302 2749 2373 τὴν
2777 2305 2857 2367 είς
2890 2301 3052 2357 αὐτὸν
3086 2302 3337 2370 εὐλογίαν
3367 2300 3530 2355 ποιοῦ.
3555 2300 3724 2368 sum

2210 2392 2316 2465 γὰρ
2341 2390 2477 2445 Θεοῦ
2502 2391 2755 2464 διηνεκὴς
2788 2394 2869 2457 είς
2896 2390 3127 2457 εὐζωῖαν
3154 2391 3407 2464 ῥυθμίζει
3430 2392 3515 2446 τὸν
3527 2392 3724 2462 ἡμέτερον

2213 2484 2352 2555 βίον.

2672 2598 3117 2654 ἈΛΛΗΛΟΥΙΑ.
3151 2598 3273 2654 PA’.

2293 2690 2783 2761 Ἐξομολογεῖσθε
2815 2690 2897 2757 τῷ
2924 2692 3141 2759 Κιψίῳ,
3169 2690 3269 2746 καί
3310 2688 3654 2745 ἐπικαλεῖσθε
3681 2687 3723 2741 τὸ

2211 2782 2399 2853 ὄνομα
2426 2782 2635 2837 αὐτοῦ·
2666 2782 3065 2853 ἀπαγγείλατε
3083 2784 3153 2836 ἐν
3183 2782 3312 2849 τοῖς
3338 2783 3531 2838 ἔθνεσι
3554 2782 3611 2835 τὰ
3627 2780 3725 2847 ἔργα

2208 2874 2413 2929 αὐτοῦ.
2474 2876 2695 2945 ’ᾼσατε
2753 2876 2912 2942 αὐτῷ
2969 2875 3062 2929 καί
3090 2875 3330 2945 vadata
3361 2873 3533 2941 αὐτῷ,
3580 2871 3724 2941 dum}

2208 2970 2402 3020 σασθε
2426 2966 2621 3020 πάντα
2640 2969 2713 3020 τὰ
2748 2966 3049 3037 θαυμάσια
3076 2968 3287 3023 αὑτοῦ.
3309 2969 3428 3022 Τῶν
3458 2969 3725 3035 ἐπιγεγραμ-

2212 3058 2391 3129 μένων
2426 3059 2790 3125 Ἀλληλούϊα
2807 3059 3020 3131 πρῶτος
3034 3061 3062 3113 ὁ
3075 3059 3265 3131 παρὼν
3287 3060 3537 3133 τυγχάνει
3553 3056 3723 3129 ψαλμῶ-

2212 3151 2368 3204 Ἔστι
2390 3150 2446 3203 δὲ
2464 3150 2524 3203 τὸ
2543 3150 2858 3222 Ἀλληλούῖα
2879 3153 3280 3225 παρακέλευσις
3296 3154 3524 3226 μυστικὴ
3540 3152 3648 3223 πρὸς
3659 3151 3724 3218 τὴν

2206 3243 2300 3297 τοῦ
2335 3242 2469 3297 Θεοῦ
2505 3244 2776 3315 ὑμνῳδίαν
2804 3243 2901 3316 τὴν
2923 3244 3092 3316 ἀκοὴν
3108 3245 3487 3319 ὲπεγείρουσα’
3514 3244 3589 3297 ίνα
3606 3238 3725 3295 τοιοῦ-

2208 3332 2356 3408 τονῇ
2398 3334 2590 3387 τούτου
2631 3335 2690 3388 τὸ
2718 3337 3133 3407 σημαινόμενον,
3166 3336 3399 3392 Αἰνεῖτε
3420 3337 3519 3391 τὸν
3551 3336 3723 3401 Κύριον.

2220 3426 2309 3479 Ἐν
2327 3421 2408 3490 οἷς
2440 3427 2549 3499 γὰρ
2583 3427 2770 3498 μέρεσι
2798 3426 2897 3498 τῆς
2922 3428 3083 3497 ἁγίας
3117 3429 3342 3502 Γραφῆς
3367 3428 3504 3499 αῦτη
3528 3427 3721 3499 πρόσκει-

2207 3535 2297 3571 ται
2355 3521 2389 3590 ἡ
2436 3519 2610 3590 φωνὴ,
2635 3521 2670 3588 ἡ
2712 3517 2968 3587 λέγουσα,
3012 3518 3240 3574 Αἰνεῖτε
3272 3522 3385 3574 τὸν
3426 3522 3633 3588 Κύριον,
3667 3514 3724 3567 διὰ

2207 3613 2301 3667 τοῦ
2330 3615 2694 3683 Ἀλληλούῖα
2727 3616 2784 3666 ὲν
2809 3618 2931 3679 ταῖς
2970 3614 3287 3687 Ἑὸραῖκαῖς
3312 3618 3510 3686 φωναῖς
3529 3614 3582 3667 τὸ
3602 3608 3724 3665 τοιοῦ-

2207 3723 2299 3759 τον
2321 3706 2662 3777 σημαίνεται.
2685 3707 2758 3759 Τὸ
2776 3706 2876 3777 μὲν
2911 3707 3209 3775 Ἀλληλοὺ
3233 3704 3385 3773 αἶνος
3406 3711 3602 3768 νοεῖται,
3620 3702 3725 3766 ktl;

2207 3798 2339 3851 Θεὸν
2369 3800 2467 3871 τὴν
2501 3799 2777 3870 ἀναφορὰν
2797 3799 2925 3871 ἔχει·
2956 3801 3086 3853 τὸδὲ
3122 3801 3213 3856 Ἰα
3245 3802 3303 3853 ἓν
3338 3801 3443 3854 τῶν
3474 3802 3723 3872 ἑρμηνευτι-

2206 3891 2319 3945 κῶν
2368 3892 2469 3963 τῆς
2507 3892 2723 3962 φύσεως
2770 3892 2871 3963 τῆς
2928 3892 3078 3957 θείας
3112 3894 3258 3946 ἐστὶν
3304 3895 3491 3965 ὄνομα.
3532 3892 3659 3943 Ὅλον
3684 3886 3723 3937 δὲ

2207 3986 2362 4054 κοινῇ
2378 3983 2458 4046 τὸ,
2478 3984 2852 4052 numam,
2873 3979 3052 4050 Ᾱῖγος
3070 3985 3216 4039 Θεοῦ
3234 3985 3593 4057 ἑρμηνεύεται.
3606 3984 3723 4033 Ὅταν

2205 4076 2384 4129 τοίνυν
2405 4076 2563 4129 τοῦτο
2586 4077 2646 4129 τὸ
2676 4077 2826 4149 ῥῆμα
2858 4078 3361 4149 προγεγραμμένον
3442 4078 3533 4148 τῆς
3551 4074 3719 4145 ψαλμφ·

2205 4167 2343 4231 δίας,
2374 4167 2590 4239 ναητέον
2619 4168 2683 4222 ἂν
2731 4170 2815 4241 είη
2848 4169 2909 4223 τὸ
2945 4170 3055 4224 δεῖν
3088 4169 3307 4233 πάντως
3335 4169 3396 4223 τὸ
3435 4167 3722 4237 ὑποκείμενον

2206 4261 2286 4325 είς
2317 4260 2623 4329 δοξολογίαν
2646 4261 2801 4329 ἄγειν
2830 4260 2986 4314 Θεοῦ.
3018 4260 3173 4315 Οῦτω
3202 4263 3297 4316 καὶ
3332 4265 3443 4327 τοῖς
3467 4255 3719 4314 τελευταίας

2210 4353 2444 4425 μάλιστα
2459 4357 2558 4426 τῆς
2592 4354 2774 4425 βίϐλου
2793 4355 2897 4408 τῶν
2924 4354 3153 4425 ψαλμῶν
3184 4356 3240 4409 αἱ
3270 4356 3461 4409 πολλαὶ
3489 4353 3584 4408 τῶν
3599 4344 3719 4403 τοιοὺ-

2205 4464 2311 4500 των
2335 4447 2641 4521 ἐπιγραφαὶ
2684 4449 3125 4520 ἐφευρίσκονται,
3159 4449 3226 4502 δι’
3258 4442 3335 4501 ὧν
3379 4449 3518 4502 ἔστιν
3559 4441 3719 4499 ἐννοεῖν,

2207 4547 2288 4601 ὃτι
2303 4548 2417 4610 τοῖς
2447 4544 2547 4616 ῆδη
2580 4542 2717 4614 πρὸς
2741 4541 2800 4595 τὸ
2820 4540 3025 4595 τέλειον
3044 4540 3283 4610 φθάσασι
3307 4541 3407 4611 τῆς
3439 4539 3548 4595 κατ’
3574 4531 3719 4605 ἀρετὴν

2206 4637 2501 4701 πολιτείας,
2541 4636 2636 4689 καὶ
2673 4633 2764 4688 διὰ
2793 4633 2900 4688 τῶν
2942 4633 3322 4706 προλαϐόντων
3356 4636 3450 4704 σῆς
3475 4623 3719 4701 ψαλμῳδίις

2206 4729 2509 4801 τμημάτων
2562 4727 2703 4781 κατὰ
2758 4726 2856 4797 τὴν
2906 4725 3186 4799 νοηθεῖσαν
3220 4727 3307 4778 ἐπ’
3340 4718 3512 4779 αὐτῶν
3545 4715 3720 4788 θεωρῶν

2206 4820 2646 4891 ἐκκαθαρθεῖσιν,
2698 4817 2930 4890 ἁρμόζει
2970 4818 3031 4872 τὸ
3076 4820 3247 4872 αίνεῖν
3284 4817 3375 4871 τὸν
3407 4814 3545 4875 Θεὸν,
3583 4806 3656 4891 καί
3680 4806 3716 4855 ὲν

2202 4889 2598 4973 τούτοιςέεϊναιθ
2631 4910 2687 4962 ἐν
2722 4889 2804 4972 όῖς
2842 4907 2937 4961 καὶ
2969 4906 3135 4980 ἡτῶν
3159 4906 3406 4977 ἀγγέλων
3429 4905 3572 4976 φύσις
3617 4889 3715 4948 εἶναι

2206 5001 2579 5057 πεπίστευται.
2628 5001 2766 5055 Οῦτε
2800 5000 2907 5072 γὰρ
2947 4999 3169 5053 ἐκείνων
3203 4998 3577 5071 μεμαθήκαμεν
3599 4990 3716 5056 ἀσχτν

2204 5093 2323 5147 λίαν
2354 5093 2520 5167 ἄλλην
2553 5094 2673 5149 τινὰ
2713 5093 2850 5165 πλὴν
2885 5093 2978 5146 τοῦ
3010 5093 3179 5146 αἰνεῖν
3212 5091 3305 5144 τὸν
3334 5089 3478 5151 Θεὸν,
3509 5084 3613 5138 οὐτε
3638 5078 3715 5135 τοῖς

2204 5188 2324 5241 κατ’
2349 5187 2547 5261 ἀρετὴν
2594 5187 2816 5251 τελείοις
2847 5188 2934 5239 ἶέ-τε
2945 5186 3034 5257 ρόν
3058 5203 3109 5240 τι
3150 5182 3496 5247 σπουδάζεται
3520 5178 3549 5249 ἦ
3574 5173 3625 5226 τὸ

2203 5280 2349 5353 ζωὴν
2390 5281 2581 5335 ἑαυτοῦ
2622 5277 2770 5335 αἶνον
2812 5276 2951 5333 εἶναι
2974 5279 3108 5332 Θεοῦ
3150 5275 3563 5351 παρασκευάσαι.
3603 5258 3714 5317 Ἐπὶ

2200 5373 2379 5426 τοίνυν
2424 5374 2476 5426 οί
2522 5372 2623 5444 τὴν
2666 5366 2976 5449 ἐπιγραφὴν
3021 5371 3237 5442 ἔχοντες
3271 5369 3362 5423 τοῦ
3400 5357 3712 5449 Ἀλληλθύἷῶ

2203 5466 2403 5529 πάντες
2436 5466 2622 5536 σχεδὸν
2653 5465 2730 5536 τῷ
2763 5464 3054 5534 τελευταίῳ
3084 5464 3331 5535 τμήματι
3346 5461 3442 5530 τῆς
3459 5445 3711 5525 ψαλμῳδίαῖ

2201 5557 2564 5629 εὑρίσκονται,
2609 5558 2794 5627 σαφῶς
2827 5557 2940 5609 ἔστι
2968 5557 3317 5627 κατανοῆσαι,
3351 5552 3439 5605 καὶ
3476 5550 3545 5601 ὅτι
3576 5542 3708 5603 ﬁam;

2201 5650 2522 5723 ὑπέρκειται
2551 5650 2647 5721 τῆς
2680 5649 2887 5720 ὑψηλῆς
2935 5648 3022 5702 διὰ
3050 5648 3158 5701 τῶν
3203 5644 3427 5717 ψαλμῶν
3458 5634 3707 5694 lii/aliissod;

2198 5743 2260 5795 τὸ
2287 5742 2595 5797 τελευταῖον
2627 5742 2823 5814 τμῆμα
2842 5742 2942 5813 τῆς
2969 5741 3304 5813 ψαλμῳδίας,
3323 5742 3375 5791 ἐν
3392 5730 3499 5804 (Ii-rb
3519 5726 3707 5781 πλεῖστον

2199 5838 2333 5893 Θεοῦ
2370 5834 2517 5901 αἷνός
2545 5840 2713 5903 ἐστιν,
2761 5838 2879 5905 ἤτοι
2912 5838 2992 5900 εἰς
3022 5835 3085 5889 τὸ
3108 5836 3277 5889 αἰνεῖν
3307 5832 3389 5886 τὸν
3431 5824 3546 5881 Θεὸν
3572 5827 3701 5883 7-1?"
