3964 6538
209 440 337 494 {297

1314 441 1815 499 COMMENTARIA
1854 441 1921 497 IN
1958 441 2293 499 PSALMOS.

3308 444 3444 501 1298

210 558 462 623 κέλευσις.
490 558 820 630 Πῳστάττει
846 559 1027 629 μέντοι
1052 560 1111 615 ἐν
1142 560 1221 631 τῷ
1248 561 1384 632 μετά
1417 563 1605 633 χεῖρας
1633 561 1773 631 ψαλ-

1887 563 2242 633 patefaciant:
2274 568 2512 633 itemque
2544 568 2768 617 narrent
2804 578 2924 633 qua:
2970 560 3233 617 beneﬁcia
3262 563 3447 633 prisco

212 651 295 723 μῷ
313 652 423 724 τοῖί
447 651 621 719 ἁγίοις
652 651 968 717 ἀποστόλοις
994 652 1056 705 τδ
1080 652 1303 723 Πνεῦμα
1325 654 1386 707 τδ
1426 654 1581 722 ἄτιον
1610 653 1687 724 τῷ
1713 654 1772 721 ἐξ

207 720 369 798 ἐθνῶν
406 720 525 812 λαῷ
562 743 800 815 φανερὰς
830 743 1053 813 ποιῆσαι
1082 720 1262 808 πάσας
1288 745 1387 808 τὰς
1429 720 1770 817 θαυματουρο

204 835 349 904 γίας,
383 833 450 897 ἃς
471 834 760 905 πεποίηται
794 835 887 889 ἐπὶ
917 836 1016 906 τῆς
1048 835 1213 890 αὐτοῦ
1248 837 1551 907 παρουσίας
1582 839 1610 891 ό
1656 836 1772 890 Κύ-

1877 655 1955 709 illi
2007 656 2206 726 populo
2250 655 2593 735 exhibuerit,
2644 662 2699 711 et
2765 671 2928 725 quam
2987 655 3161 711 vicem
3215 655 3447 727 singulis

1877 760 2066 800 eorum
2099 746 2266 816 gestis
2295 745 2612 799 reddiderit.
2644 742 2870 814 Insuper
2903 743 2992 798 hic
3020 744 3447 815 promissionum

1878 849 1909 888 a
1948 834 2059 890 Deo
2094 834 2425 906 patriarchis
2491 832 2762 889 factarum
2822 834 3026 889 mentio
3086 834 3349 900 habetur,
3393 841 3449 890 et

207 942 335 999 ριος·
359 926 449 981 ναὶ
480 925 586 998 μὴν
616 928 709 981 καὶ
728 927 828 981 ὅσα
849 927 1183 999 εὐηργέτησε
1205 928 1298 980 τὸν
1317 927 1481 983 πάλαι
1500 928 1647 993 λαὸν,
1680 928 1774 983 καὶ

1887 932 2080 997 quanta
2117 925 2361 996 ipsorum
2392 924 2570 996 gratia
2597 924 2885 995 nepotibus
2920 939 3107 979 eorum
3141 925 3280 978 bona
3311 940 3448 979 con~

202 1012 310 1070 οἷον
342 1016 457 1070 ἀνθ’
486 1016 600 1069 οἴου
632 1017 904 1088 ἐποίησεν.
942 1018 1063 1070 Ἔτι
1082 1017 1138 1071 δὲ
1160 1019 1217 1070 ἐν
1249 1015 1424 1088 τούτῳ
1455 1018 1549 1071 καὶ
1582 1021 1770 1089 μνήμη

1887 1031 2031 1073 :essa
2063 1016 2287 1074 fuerint.
2320 1015 2530 1072 Horum
2558 1017 2761 1087 quippe
2792 1018 3242 1072 commemoratio
3263 1025 3350 1072 est
3380 1016 3449 1071 ad

203 1107 309 1161 τῶν
337 1107 473 1180 πρὸς
504 1109 629 1174 τοὺς
670 1110 1011 1181 πατριάρχας
1038 1109 1141 1163 ὑπὸ
1169 1108 1262 1162 τοῦ
1301 1109 1436 1162 Θεοῦ
1472 1109 1774 1181 γεγενημέ-

201 1218 305 1256 νων
326 1202 689 1272 ὑποσχέσεων,
737 1204 831 1255 καὶ
862 1202 968 1256 τῶν
994 1201 1061 1255 δι’
1096 1201 1335 1265 ἐκείνους
1361 1202 1451 1254 ὑπ’
1474 1201 1638 1256 αὑτοῦ
1667 1220 1772 1256 πα-

1872 1108 2138 1166 heneﬁcio
2153 1092 2387 1167 donatos
2404 1110 2563 1167 avita:
2585 1111 2804 1168 virtutis
2826 1110 3009 1167 studio
3030 1109 3450 1166 inﬂammandos

1873 1202 2030 1259 satis.
2060 1200 2260 1258 Postea
2298 1217 2429 1259 vero
2476 1203 2639 1259 docet
2671 1218 2874 1259 novum
2917 1202 3200 1273 populum,
3236 1201 3450 1258 scilicet

203 1293 571 1363 ρασχεθέντων
616 1292 836 1363 ἀγαθῶν
867 1296 978 1357 τοῖς
1026 1294 1249 1347 ἐκείνων
1280 1293 1542 1362 ἐκγόνοις.
1591 1293 1771 1365 Ἰκανὴ

1887 1309 1943 1350 ex
1972 1294 2248 1364 gentibus,
2272 1310 2332 1352 se
2379 1295 2647 1366 ingratam
2687 1296 2832 1350 illam
2876 1303 3088 1367 gentem
3113 1295 3295 1349 divina
3322 1308 3450 1365 pro-

200 1384 306 1457 γάρ
336 1385 539 1439 τούτων
568 1388 601 1457 ἡ
632 1388 820 1458 μνήμη
840 1386 966 1450 τοὺς
997 1385 1266 1440 τοσούτων
1300 1387 1626 1458 εὐεργεσιῶν
1650 1388 1777 1440 ἁπο-

198 1476 500 1542 λαύσαντας
544 1480 623 1542 εὶς
644 1476 803 1549 ζῆλον
833 1479 930 1550 τῆς
956 1478 1064 1531 τῶν
1081 1479 1360 1551 προγόνων
1382 1479 1582 1551 ἀρετῆς
1610 1479 1778 1550 ἐρεθί-

198 1585 307 1623 σαι.
342 1568 593 1624 Διδάσκει
615 1568 672 1622 δὲ
712 1569 850 1623 κατά
876 1570 1038 1624 ταὺτὸ
1065 1569 1269 1624 καὶτὸν
1294 1569 1413 1622 νέον
1446 1568 1593 1633 λαὸν,
1612 1569 1777 1640 ήγουν

195 1660 323 1724 τοὺς
354 1660 413 1727 ἐξ
441 1660 611 1715 ἐθνῶν
637 1661 712 1725 ὡς
740 1662 839 1714 οὐκ
865 1661 1065 1724 ἀδίκως
1097 1661 1186 1715 τὸν
1232 1662 1529 1733 ἀχάριστον
1574 1662 1779 1713 ἐκεῖνον

1880 1385 2120 1442 videntia
2150 1402 2261 1442 non
2288 1388 2491 1458 injuste
2513 1389 2801 1459 spoliasse,
2823 1397 2881 1443 ut
2913 1388 3117 1459 pariter
3145 1405 3210 1442 ex
3235 1386 3450 1457 justitia

1884 1480 2165 1534 sententiae
2197 1488 2391 1535 contra
2424 1481 2549 1538 illos
2577 1482 2721 1545 latae,
2751 1482 2867 1537 viso
2894 1481 3093 1551 ingrati
3122 1481 3288 1533 animi
3316 1496 3453 1550 pra:-

1886 1568 2019 1631 mio,
2051 1577 2379 1625 moneantur
2407 1586 2476 1626 ne
2510 1572 2565 1626 in
2599 1570 2787 1626 eadem
2822 1586 2928 1641 qua
2960 1570 3130 1627 Judaei
3180 1570 3265 1625 via
3301 1570 3452 1625 ince-

1886 1659 2045 1725 dant,
2089 1661 2185 1717 sed
2215 1662 2271 1716 in
2303 1671 2456 1718 recto
2482 1664 2618 1719 calle
2650 1664 2926 1719 insistant.

196 1750 325 1805 λαὸν
350 1755 451 1825 τῆς
474 1753 677 1819 οἰκείας
704 1755 1025 1826 κηδεμονίας
1049 1753 1384 1826 ἐγύμνωσεν,
1412 1753 1487 1818 ὡς
1526 1753 1661 1825 ὁμοῦ
1710 1754 1775 1805 ἐκ
1802 1752 1901 1823 τῆς
1926 1756 2045 1807 κατ’
2074 1755 2298 1810 ἐκείνων
2320 1755 2694 1828 ἐξενεχθείσης
2714 1758 2896 1828 ψήφου
2935 1756 2996 1810 τὸ
3027 1755 3233 1810 δίκαιον
3290 1768 3456 1807 κατα-

197 1848 446 1919 μάθοιεν,
482 1852 573 1904 καὶ
600 1850 699 1921 τῆς
737 1849 1058 1921 ἀχαριστίας
1114 1848 1349 1920 ὁρῶντες
1375 1847 1444 1902 τὰ
1493 1848 1766 1920 ἐπίχειρα,
1802 1847 1877 1920 μὴ
1908 1849 2008 1920 τὴν
2058 1850 2226 1922 αὐτὴν
2268 1851 2539 1917 Ἰουδαίοις
2589 1852 2876 1923 βαδίζοιεν,
2910 1852 3046 1907 ἀλλά
3104 1852 3202 1923 τὴν
3243 1849 3455 1903 εὐθεῖαν

193 1941 315 1995 ὁδὸν
342 1941 602 1995 ὁδεύοιεν.

276 2060 871 2161 Ἐξομολογεῖσθειτῷ
906 2090 1121 2157 Κυρίῳ,
1150 2090 1247 2144 καὶ
1284 2089 1667 2144 ἐπικαλεῖσθε
1716 2090 1780 2143 τὸ

1954 2086 2289 2157 Conﬁlemini
2328 2088 2571 2150 Domino,
2604 2098 2652 2143 et
2683 2090 2919 2145 invocate
2950 2107 3135 2145 nomen
3168 2092 3455 2152 eius.Cum

190 2185 385 2254 ὄνομα
416 2184 624 2238 αὐτοῦ.
648 2182 852 2251 Διπλῆς
879 2180 1045 2252 οῦσης
1074 2183 1129 2235 ἐν
1155 2186 1219 2254 τῇ
1247 2186 1487 2255 γραφικῇ
1521 2183 1777 2255 συνηθείᾳ

188 2276 292 2345 τῆς
340 2275 463 2329 κατ’
507 2274 893 2349 ἐξομολόγησιν
942 2275 1236 2348 σημασίας,
1283 2275 1378 2328 καὶ
1417 2274 1510 2327 νῦν
1550 2276 1647 2346 μὲν
1680 2275 1777 2347 τὴν

187 2366 569 2439 ἐξαγόρευσιν,
591 2364 746 2433 αὖθις
767 2368 824 2422 δὲ
844 2368 942 2442 τὴν
966 2366 1315 2439 εὐχαριστίαν
1345 2365 1775 2437 ἐνδεικνυμένης,

188 2458 433 2514 ἐνταῦθα
480 2463 599 2515 κατ’
632 2462 946 2534 ἀμφοτέρας
982 2460 1080 2523 τὰς
1109 2460 1315 2524 ἐννοίας
1348 2461 1485 2533 πρὸς
1518 2460 1608 2512 τὸν
1658 2460 1778 2512 κατ’

188 2552 401 2623 ἀρετὴν
446 2551 559 2622 βίον
588 2552 1093 2625 χειραγωγούμεθαο
1122 2554 1157 2624 ἦ
1208 2569 1267 2605 τε
1294 2550 1401 2625 γὰρ
1430 2551 1779 2622 ἐξαγόρευσις

190 2643 476 2714 χωρισμόν
504 2662 626 2698 τινα
654 2645 747 2698 καὶ
762 2644 1113 2717 ἀλλοτρίωσιν
1136 2642 1244 2696 τῶν
1271 2642 1457 2697 κακῶν
1473 2640 1781 2714 ἀπεργάζε-

190 2753 304 2800 ται,
341 2736 406 2789 τό
427 2752 488 2788 τε
517 2736 655 2807 πρὸς
687 2737 784 2809 τὴν
803 2736 1154 2809 εὐχαριστίαν
1176 2734 1452 2807 πρόθυμον
1475 2734 1777 2799 πλεονάζει,

191 2829 285 2883 καὶ
300 2827 405 2899 τὴν
434 2827 564 2899 περὶ
590 2828 685 2882 τοῦ
701 2829 990 2899 εὐεργέτου
1012 2828 1170 2898 χάριν
1189 2827 1281 2879 ἐπὶ
1304 2825 1412 2879 τῶν
1445 2826 1780 2897 εὐαισθήτως

187 2923 500 2994 δεχομένων
514 2922 613 2985 τὰς
628 2922 890 2987 εὐποιίας.
920 2919 1361 2993 Παρακελεύεται
1378 2917 1555 2971 τοίνυν
1582 2918 1611 2971 ό
1624 2916 1782 2985 λόγος

188 3014 288 3086 τὴν
326 3014 751 3086 εὐχαριστήριον
779 3013 1053 3085 ὑμνῳδίαν
1077 3010 1426 3084 προσφέρειν,
1454 3009 1547 3063 καὶ
1578 3008 1783 3080 διηγεῖ-

192 3108 317 3163 σθαι
370 3108 479 3172 τάς
523 3106 670 3173 θείας
722 3105 1060 3174 εὐεργεσίας.
1119 3104 1191 3157 Τὸ
1223 3103 1332 3174 γὰρ
1380 3101 1781 3165 ἐπικαλεῖσθε,

190 3201 542 3270 κηρύσσετε
586 3200 613 3253 ό
646 3197 943 3269 Σύμμαχος
983 3196 1348 3267 ήρμήνευσεν·
1396 3192 1582 3266 ἕτερος
1610 3192 1667 3246 δὲ
1696 3194 1786 3265 ἐρ-

193 3292 477 3365 μηνευτής
508 3308 661 3362 φησι,
687 3290 797 3344 Καὶ
826 3288 1202 3345 ἐπικαλεῖσθε
1227 3287 1547 3357 ἑνόνόματι
1574 3286 1779 3341 αὐτοῦ·

193 3386 340 3456 μέγα
371 3402 428 3438 τι
461 3383 847 3454 αἰνιττόμενος.
881 3383 983 3434 Ἂν
1028 3378 1137 3452 γὰρ
1178 3379 1569 3451 ἐξομολογήσῃ,
1627 3380 1782 3449 φησὶ,

1886 2176 2167 2248 Scriptura
2222 2180 2393 2233 soleat
2444 2178 2645 2249 duplici
2680 2196 2845 2236 sensu
2888 2179 3289 2237 confessionem
3328 2196 3455 2255 pro-

1884 2270 2051 2338 ferre,
2094 2285 2159 2325 ac
2210 2271 2373 2327 modo
2405 2272 2507 2328 hac
2546 2289 2678 2329 voce
2709 2281 3059 2344 peccatorum
3091 2273 3457 2331 denuntiatio-'-

1884 2377 2029 2429 nem,
2064 2362 2227 2417 modo
2260 2365 2558 2435 gratiarum
2593 2367 2863 2422 actionem
2907 2367 3209 2438 signiﬁcet;
3240 2368 3328 2422 hic
3361 2384 3458 2425 se-

1884 2453 2120 2509 cundum
2148 2464 2435 2527 utramque
2465 2458 2755 2525 rationem,
2789 2458 2856 2513 ad
2895 2458 3061 2514 vitam
3094 2476 3219 2514 cum
3253 2461 3459 2517 virtute

1884 2544 2146 2615 agendam
2176 2544 2532 2601 instituimur.
2565 2547 2701 2602 Nam
2743 2548 3070 2605 confessio‘a
3099 2549 3261 2606 malis
3279 2550 3459 2607 homi-

1883 2652 2009 2692 nem
2039 2644 2281 2693 semovet
2332 2647 2387 2694 et
2417 2640 2487 2695 iis
2517 2641 2754 2697 alienum
2782 2640 2943 2697 efﬁcit
2970 2661 2983 2696 :
3031 2642 3328 2714 gratiarum
3359 2658 3456 2697 au-

1886 2734 1995 2782 tem
2036 2729 2268 2784 actionis
2328 2730 2566 2785 studium
2609 2733 2750 2803 apud
2794 2731 3095 2788 beneﬁcum
3137 2742 3296 2805 auget
3329 2749 3456 2805 gra-

1885 2818 2017 2873 tiam
2048 2835 2176 2891 erga
2204 2836 2300 2877 eos
2330 2825 2422 2893 qui
2451 2832 2606 2895 grato
2636 2825 2818 2879 animo
2839 2825 3098 2882 beneﬁcia
3129 2828 3276 2882 nacti
3304 2834 3451 2883 sunt.

1888 2908 2149 2966 Hortatur
2180 2913 2363 2983 itaque
2384 2930 2565 2970 sermo
2597 2916 2666 2970 ad
2697 2915 2929 2988 hymnos
2956 2918 3254 2989 gratiarum
3284 2918 3456 2973 actio‘

1888 3004 1975 3059 nis
1996 3004 2321 3070 ell‘erendos,
2346 3017 2401 3062 et
2421 3009 2488 3063 ad
2512 3008 2695 3063 divina
2720 3010 2977 3065 beneﬁcia
3010 3012 3299 3066 narranda.
3321 3010 3458 3065 Nam

1888 3092 2043 3158 illud,
2073 3095 2328 3161 invocare,
2359 3094 2742 3167 Symmachus,
2774 3099 3058 3167 prwdicme
3089 3101 3291 3155 vertit:
3318 3099 3458 3155 alius

1890 3196 2067 3242 autem
2106 3188 2374 3258 interpres
2424 3190 2520 3253 ait,
2573 3188 2637 3242 Et
2683 3189 2915 3245 invocate
2959 3192 3015 3245 in
3056 3192 3265 3246 nomine
3306 3192 3456 3262 ejus;

1890 3294 2144 3351 magnum
2178 3282 2454 3353 quidpiam
2506 3282 2885 3339 subindicans.
2924 3284 2992 3338 At
3028 3285 3173 3340 enim
3222 3286 3269 3342 si
3326 3301 3460 3340 con-

1891 3371 2071 3429 fessus
2105 3373 2306 3438 fueris,
2363 3374 2472 3441 ait,
2520 3382 2573 3431 et
2607 3385 2829 3445 peccata
2858 3376 3210 3449 deposueris,
3256 3393 3458 3434 nomen

308 3476 527 3547 ἀποθῇς
553 3475 619 3528 τά
645 3446 1283 3546 ἀμαρτήματαξδυνήσῃ,
1315 3446 1780 3543 μετά-παρρησίας

1887 3465 2005 3535 ejus
2062 3480 2187 3520 cum
2247 3465 2445 3522 ﬁducia
2490 3465 2795 3522 invocanda
2836 3446 3034 3540 magna
3084 3469 3247 3526 edere
3294 3484 3458 3540 opera

187 3573 249 3625 τὸ
263 3571 445 3642 ὄνομα
478 3568 640 3625 αὐτοῦ
671 3566 930 3631 καλέσας,
972 3565 1183 3637 μεγάλα
1219 3563 1554 3634 ἐργάσασθαι
1581 3561 1778 3629 ἀγαθά.

189 3664 267 3716 Οὐ
298 3663 483 3735 μάτην
510 3660 565 3713 δέ
594 3657 1027 3729 ἐξομολογεῖσθαι
1075 3655 1359 3728 πρότερον,
1395 3654 1491 3708 καὶ
1531 3652 1782 3725 δεύτερον

187 3751 859 3822 ἐπικοιλεῒσθαιβούλεται⁸
896 3748 1009 3801 ἀλλ’
1041 3747 1148 3812 ἵνα,
1187 3745 1418 3816 καθαροὶ
1451 3743 1539 3799 διὰ
1569 3743 1668 3813 τῆς
1699 3743 1784 3809 ἐξ-

1887 3556 2114 3612 valebis.
2150 3556 2337 3627 Neque
2368 3558 2487 3614 sine
2517 3574 2681 3614 causa
2727 3560 2904 3629 primo
2949 3561 3231 3628 conﬁteri,
3270 3569 3457 3632 postea

1888 3648 2145 3703 invocare
2173 3655 2425 3719 exoptat;
2452 3649 2548 3704 sed
2580 3661 2637 3705 ut
2666 3666 2764 3721 per
2785 3651 3185 3707 confessionem
3217 3653 3455 3726 purgati,

1888 3754 1953 3794 ex
1985 3755 2121 3809 puro
2153 3740 2518 3796 instrumento
2546 3741 2807 3813 hymnum
2828 3742 3141 3801 offeramus.

188 3845 547 3920 αγορεύσεως
569 3843 871 3913 γενόμενοι,
901 3842 965 3893 ἐκ
983 3836 1223 3910 καθαροῦ
1247 3838 1479 3909 ὀργάνου
1500 3833 1594 3889 τὸν
1618 3835 1785 3907 ὓμνον
1815 3831 2291 3905 προσενέγκωμεν.

273 3982 702 4052 Ἐπαγγειλατε
729 3980 799 4034 ἐν
825 3978 951 4045 τοῖς
978 3979 1180 4033 ἔθνεσι
1206 3977 1278 4031 τὰ
1302 3976 1447 4045 ἔργα
1477 3975 1683 4031 αὑτοῦ.
1728 3975 1784 4028 '0

190 4076 337 4149 μετὰ
359 4075 553 4145 χεῖρας
584 4067 732 4134 αἶνος
768 4071 865 4141 τὴν
905 4070 1147 4141 ἱστορίαν
1174 4068 1522 4138 ἐπιτέμνεται
1545 4065 1642 4136 τὴν
1677 4066 1785 4119 ἀπὸ

198 4167 469 4241 Ἀϐραὰμ
496 4165 591 4218 καὶ
642 4164 735 4217 ἐπὶ
772 4162 948 4228 ἔξοδον
993 4162 1101 4215 τῶν
1143 4160 1272 4214 υἱῶν
1312 4158 1529 4230 Ἰσραὴλ
1554 4158 1651 4228 τὴν
1679 4158 1785 4211 ἀπὸ

185 4260 500 4331 Αίγύπτου’
532 4256 599 4327 ἢν
646 4256 741 4309 καὶ
786 4252 1140 4323 ἐπαγγέλλειν
1191 4255 1303 4315 τοῖς
1344 4249 1519 4304 ἔθνεσι
1544 4250 1604 4302 τὸ
1645 4249 1784 4302 θεῖον

187 4351 427 4424 Πνεῦμα
459 4348 911 4422 παρακελεύεται,
930 4346 1068 4399 ὥστε
1085 4343 1172 4397 διά
1198 4343 1398 4398 τούτων
1425 4341 1595 4411 δηλῶν
1617 4342 1783 4406 ἐστιν,

186 4449 264 4512 ὠς
280 4447 481 4517 ὄνησιν
510 4444 611 4497 οὐκ
640 4440 914 4502 Ἰουδαίοις
944 4434 1277 4509 μόνον,ἀλλὰ
1304 4446 1398 4488 και
1418 4436 1527 4497 τοῖς
1544 4433 1600 4500 ἐξ
1617 4433 1784 4487 ἐθνῶν

188 4532 681 4610 πραγματεύεται,
712 4530 807 4584 τοῦ
836 4529 1149 4599 Πνεύματος
1181 4527 1307 4589 τοὺς
1352 4524 1458 4578 τῶν
1479 4522 1647 4577 ἐθνῶν
1680 4524 1785 4576 διε-

185 4632 481 4704 γείροντος
521 4626 767 4697 κήρυκας
802 4623 879 4685 εἰς
906 4622 967 4673 τὸ
997 4621 1178 4690 ζητεῖν
1199 4617 1291 4671 τὸν
1319 4617 1524 4688 Κύριον
1564 4616 1657 4669 καὶ¹
1686 4632 1785 4686 κη·-

187 4724 420 4795 ρύσσειν
456 4718 525 4771 τὰ
552 4715 682 4786 περὶ
720 4711 884 4768 αὑτοῦ
928 4712 1259 4782 διηγήματα.
1304 4707 1413 4760 Καὶ
1443 4706 1615 4760 ταῦτα
1662 4705 1782 4777 μεθ’

186 4815 404 4886 ὕμνωψ
427 4809 565 4881 φησι
578 4804 725 4875 γοῦν’
758 4805 978 4873 ’ᾼσατε
1016 4801 1176 4867 αὑτῷ
1201 4800 1301 4854 καὶ
1333 4800 1566 4868 milites
1600 4795 1778 4861 αὐτῷ·

184 4908 314 4977 διηγ
329 4905 576 4972 ήσασθε
599 4897 794 4952 πάντα
827 4894 897 4947 τὰ
943 4890 1241 4962 θαυμάσια
1284 4891 1492 4946 αὑτοῦ.
1527 4889 1783 4944 Βούλεται

185 4991 619 5066 ἀπαγγελθῆναι
658 4989 769 5052 τοῖς
797 4985 1023 5046 έθνεσιν,
1052 4983 1126 5045 ὡς
1150 4981 1401 5051 ἀγνοοῦσι
1434 4983 1527 5035 καὶ
1558 4980 1787 5052 μηδέπω

190 5083 603 5162 μεμαθηκόσιν,
651 5079 837 5137 ὁποίας
880 5075 1047 5130 πάλαι
1096 5074 1358 5145 πρότερον
1405 5072 1722 5142 εὐεργεσίας
1754 5071 1783 5122 ὁ

185 5181 331 5244 θεὸς
358 5174 446 5247 τῷ
477 5175 725 5247 προτέρῳ
750 5168 864 5240 λαῷ
892 5166 1212 5240 παρέσχετο·
1248 5166 1343 5218 ἰαὶ
1371 5166 1539 5229 ὅπως,
1574 5164 1783 5234 μυρίων

186 5271 429 5344 ἀγαθῶν
444 5265 607 5343 παρὰ
627 5264 721 5319 τοῦ
744 5262 876 5316 Θεοῦ
898 5258 1277 5332 τετυχηκότες,
1317 5257 1638 5331 παρέϐησαν
1658 5257 1785 5310 ἀσε-

188 5365 495 5435 ϐήσαντες*
536 5356 631 5410 καὶ
674 5355 749 5418 ὡς
790 5353 879 5407 διὰ
920 5352 1021 5416 τὰς
1071 5349 1414 5424 παρανομίας
1462 5349 1640 5403 αὐτῶν
1682 5350 1781 5420 τῆς

190 5456 356 5518 θείας
419 5448 722 5518 ἐπισκοπῆς
779 5444 1184 5500 ἐκπεπτώκασι.
1222 5441 1449 5496 Κελεύει
1482 5442 1539 5495 δέ
1570 5442 1662 5496 καὶ
1700 5443 1785 5513 ἐρ-

193 5544 416 5620 μηνέας
454 5539 701 5609 γίνεσθαι
739 5537 832 5592 καὶ
872 5535 1205 5609 σαφηνιστὰς
1239 5535 1348 5590 τῶν
1387 5537 1444 5588 ἐν
1468 5537 1581 5599 τοῖς
1618 5533 1786 5599 θείοις

189 5635 412 5706 λογίοις
448 5631 791 5703 ἀπορῥήτωψ
842 5628 986 5701 άπερ
1029 5627 1095 5683 ἂν
1125 5628 1210 5698 εἴη
1253 5627 1325 5682 τὰ
1369 5626 1648 5697 θαυμάσια
1685 5627 1785 5679 αὐ-

1958 3970 2283 4026 Αηηιιηιίαεε
2328 3973 2467 4028 inter
2508 3982 2682 4044 gentes
2731 3989 2890 4042 opera
2944 3974 3080 4044 ejus.
3138 3972 3265 4029 Haec
3315 3974 3459 4041 laus.

1888 4078 2049 4132 quam
2098 4071 2437 4130 tractamus,
2486 4064 2770 4122 historiam
2819 4066 3145 4136 compendio
3191 4074 3378 4122 narrat
3426 4082 3461 4123 a

1888 4163 2132 4225 tempore
2188 4154 2484 4210 Abrahami
2532 4156 2601 4212 ad
2647 4157 2852 4213 exitum
2885 4157 3122 4212 ﬁliorum
3170 4159 3339 4217 Israel
3390 4174 3461 4214 ex

1887 4245 2150 4318 As‘gypto;
2180 4262 2343 4319 quam
2376 4248 2629 4318 gentibus
2671 4249 3000 4306 annuntiare
3035 4251 3191 4319 jubet
3221 4250 3460 4322 Spiritus

1889 4337 2142 4406 divinus;
2171 4339 2246 4393 ita
2284 4348 2342 4394 ut
2377 4340 2462 4397 his
2498 4341 2737 4397 declaret
2782 4359 2892 4397 non
2924 4341 3238 4399 Iudaeorum
3270 4343 3458 4408 modo,

1889 4438 1985 4495 sed
2011 4439 2174 4494 etiam
2209 4439 2448 4509 gentium
2484 4441 2773 4495 utilitatem
2807 4441 2992 4495 curari
3020 4459 3031 4494 :
3066 4439 3272 4509 Spiritu
3308 4438 3460 4495 scili-

1888 4538 1974 4587 cet
2030 4547 2312 4603 praecones
2361 4533 2605 4603 gentium
2656 4532 2931 4587 excitante
2983 4533 3049 4586 ad
3102 4530 3459 4602 quaerendum

1887 4608 2176 4679 Dominum
2221 4631 2277 4679 et
2299 4626 2366 4679 ad
2395 4624 2739 4695 praedicanda
2771 4624 2892 4695 ejus
2921 4638 3103 4694 opera.
3136 4621 3302 4693 quue
3333 4638 3461 4678 cum

1888 4715 2104 4787 hymnis
2135 4716 2404 4786 agendum
2453 4715 2649 4781 docet,
2704 4716 2781 4770 ait
2827 4716 2972 4772 enim
3007 4734 3025 4771 ι
3076 4712 3301 4771 Cantate
3329 4714 3377 4768 ei
3407 4722 3459 4769 et

1887 4807 2097 4877 psallite
2125 4808 2195 4873 ei,
2233 4815 2451 4864 narrate
2477 4810 2655 4863 omnia
2703 4808 2974 4863 mirabilia
3001 4808 3136 4878 ejus.
3169 4806 3295 4863 Vult
3328 4823 3461 4879 gen-

1888 4899 2070 4965 tibus,
2125 4907 2313 4971 utpote
2360 4900 2742 4971 ignorantibus
2789 4917 2855 4956 ae
2905 4900 3149 4957 nondum
3200 4898 3456 4968 edoctis,

1889 4993 2201 5048 annuntiari
2230 5001 2435 5064 quanta
2488 4995 2616 5050 olim
2664 4995 2931 5049 beneﬁcia
2972 4994 3113 5050 Deus
3144 4994 3327 5064 prisco
3354 5009 3458 5064 po-

1887 5087 2016 5158 pulo
2062 5087 2421 5157 impertierit;
2464 5102 2530 5142 ac
2580 5086 2857 5157 quomodo
2887 5087 2965 5141 illi
3010 5087 3219 5141 inﬁnita
3264 5101 3292 5139 a
3346 5084 3459 5141 Deo

1891 5194 2112 5233 munera
2137 5181 2439 5244 consecuti,
2476 5180 2637 5250 impie
2666 5180 2995 5250 transgressi
3027 5180 3172 5245 sint;
3197 5193 3304 5248 qua
3328 5179 3457 5231 item

1888 5270 2099 5325 ratione
2130 5272 2201 5327 ob
2233 5271 2551 5341 iniquitates
2582 5286 2711 5327 suas
2737 5286 2768 5325 a
2804 5270 2898 5325 Dei
2941 5269 3278 5342 providentia
3319 5268 3460 5337 lapsi

1888 5360 2017 5417 sint.
2049 5359 2208 5417 lubet
2225 5370 2404 5416 autem
2432 5376 2526 5416 eos
2553 5368 2609 5415 et
2627 5361 2953 5430 interpretes
2978 5369 3032 5413 et
3077 5357 3462 5428 explanatores

1888 5466 2011 5507 esse
2030 5465 2357 5507 arcanorum
2388 5466 2509 5521 quae
2531 5450 2713 5506 divina
2735 5450 2949 5520 eloquia
2977 5448 3414 5516 complectuntur
3437 5464 3454 5501 :

1887 5559 2009 5614 quae
2061 5558 2193 5598 sane
2241 5542 2513 5598 mirabilia
2542 5543 2663 5613 ejus
2702 5542 2943 5597 fuerint:
2980 5556 3045 5596 ac
3080 5538 3356 5609 praecipit,
3400 5544 3463 5590 ut

1889 5636 2107 5708 hymnis
2167 5635 2270 5707 ipsi
2325 5636 2498 5691 vicem
2546 5635 2882 5706 rependant,
2912 5643 2966 5689 et
2998 5632 3097 5689 abs
3130 5646 3189 5688 se
3244 5637 3468 5703 patrata:

190 5729 316 5784 ’σοῦ’
358 5723 462 5779 καὶ
492 5721 677 5786 ἁπλῶς
711 5721 1006 5793 ὑμνῳδίαις
1047 5719 1206 5774 αὐτὸν
1233 5718 1555 5791 ἀμείϐεσθαι
1589 5719 1681 5772 καὶ
1722 5720 1780 5772 τὰ

1892 5728 2161 5784 mirabilia
2194 5726 2575 5799 ignorantibus
2608 5727 2882 5797 aperiant,

192 5821 337 5892 παρ’
369 5815 539 5871 αὐτοῦ
572 5813 839 5885 γενόμενα
882 5814 1008 5878 τοὺς
1047 5811 1370 5882 ἀγνοοῦντας
1403 5811 1609 5879 διδάξαι
1660 5812 1791 5869 θαυ-

201 5914 415 5989 μάσια.
