3964 6544
587 453 725 508 1299

586 588 590 598 “
660 569 821 625 Vens.
855 571 989 625 374.
1036 571 1359 629 Laudamini
1409 577 1465 629 in
1521 578 1726 630 nomine
1772 586 1955 630 sancto
1987 575 2100 643 eius
2140 591 2157 629 :
2189 588 2234 643 Α

585 662 796 718 ltetetur
825 681 915 717 cor
952 667 1299 733 quwrentium
1346 667 1656 724 Dominum.
1709 669 1943 735 Quaerite
1978 669 2162 722 Domi-

584 772 732 823 num,
766 766 814 810 et
850 758 1261 827 cunﬁrmamini,
1298 762 1518 831 quwrite
1570 761 1760 829 faciem
1793 761 1906 830 ejus
1940 777 2156 827 semper.

584 847 728 904 Laus
795 853 941 905 enim
984 860 1037 906 et
1085 854 1256 923 gloria
1311 854 1377 909 iis
1441 862 1525 909 est
1576 854 1670 925 qui
1739 853 1832 908 Dei
1904 855 2160 909 virtutem

581 950 859 998 enarrant.
892 944 1089 1016 Aquila
1131 962 1260 1001 vero
1305 948 1426 1001 loco
1473 948 1639 1011 illius,
1698 947 2017 1011 laudantini,
2078 948 2161 1001 in-

581 1042 933 1105 terpretatur,
969 1039 1294 1108 gloriamini.
1330 1039 1581 1111 Praecipit
1612 1050 1794 1095 autem
1824 1057 2004 1096 sermo
2032 1057 2160 1111 apo-

581 1123 739 1179 stolis
762 1140 1061 1197 eorumque
1088 1131 1524 1196 successoribus,
1559 1138 1616 1185 ut
1646 1147 1714 1186 ue
1764 1131 1817 1185 in
1845 1130 2074 1193 divitiis,
2104 1131 2158 1183 in

579 1214 803 1282 robore,
836 1217 891 1271 in
917 1222 1182 1289 potentia,
1216 1224 1385 1277 altum
1417 1225 1630 1293 sapiant
1657 1243 1670 1280 :
1705 1224 1800 1281 sed
1830 1225 1885 1279 in
1917 1225 2030 1280 veri
2061 1223 2156 1279 Dei

578 1311 893 1387 cognitione
920 1321 973 1368 et
1002 1315 1367 1385 providentia,
1403 1331 1466 1371 ac
1502 1320 1557 1370 in
1591 1333 1655 1372 eo
1688 1317 1832 1387 quod
1858 1316 2157 1372 Christiani

579 1382 864 1459 vocentur.
899 1382 1019 1459 Hoc
1065 1410 1195 1460 item
1222 1407 1377 1475 jubet
1409 1408 1630 1463 divinus
1660 1382 1975 1477 Apostolus,
2027 1407 2156 1461 dum

579 1494 656 1548 ait
688 1514 701 1549 :
732 1495 835 1562 Qui
874 1498 1155 1568 gloriatur,
1185 1501 1239 1553 in
1272 1501 1497 1554 Domino
1537 1502 1791 1572 glorietur
1821 1517 1839 1555 :
1877 1518 1979 1555 non
2018 1501 2157 1555 enim

577 1586 668 1656 qui
695 1588 923 1657 seipsum
968 1592 1297 1646 commendat
1341 1593 1429 1647 ille
1457 1595 1709 1663 probatus
1737 1602 1845 1660 est,
1885 1593 1975 1648 sed
2005 1610 2155 1665 quem

576 1677 836 1735 Dominus
858 1684 1185 1738 commendat
1204 1687 1270 1740 δ’.
1297 1686 1532 1756 ldipsum
1552 1686 1838 1752 Jeremias,
1862 1688 1911 1741 id
1939 1703 1996 1742 sa
2004 1689 2157 1757 pien-

576 1773 785 1829 tissima
809 1775 965 1830 Anna
992 1779 1350 1846 pronuntiant
1384 1798 1395 1833 :
1426 1778 1549 1833 Non
1580 1780 1837 1850 glorietur
1862 1782 2071 1850 sapiens
2102 1782 2157 1835 in

575 1866 837 1934 sapientia
870 1885 988 1935 sua,
1023 1878 1072 1923 et
1112 1887 1214 1923 non
1260 1871 1518 1940 glorietur
1562 1871 1718 1941 fortis
1755 1874 1809 1925 in
1840 1871 2156 1941 fortitudine

574 1974 696 2023 sua,
726 1969 776 2013 et
806 1976 907 2013 non
958 1960 1214 2031 glorietur
1262 1960 1404 2015 dives
1449 1962 1503 2015 in
1556 1962 1757 2016 divitiis
1793 1963 1903 2016 suis
1930 1977 1948 2015 .'
1980 1960 2070 2016 sed
2097 1964 2151 2016 in

572 2048 669 2103 hoc
698 2051 954 2122 glorietur
981 2054 1071 2123 qui
1092 2053 1376 2123 gloriatur,
1403 2054 1741 2125 intelligendo
1766 2064 1814 2110 et
1838 2071 2152 2126 cognoscen-

572 2143 661 2208 do,
684 2146 809 2214 quia
830 2162 923 2216 ego
951 2162 1068 2200 sum
1101 2146 1380 2211 Dominus,
1415 2149 1506 2216 qui
1543 2148 1707 2217 facio.
1732 2148 2149 2203 misericordiam

571 2244 620 2307 et
643 2236 914 2306 justitiam
942 2241 995 2293 in
1027 2249 1170 2294 terra
1210 2241 1277 2294 ⁸³.
1303 2240 1536 2297 ιαἐειιιν
1558 2260 1649 2296 cor
1668 2244 2015 2313 qurerentium
2036 2241 2149 2296 Do-

571 2330 800 2395 minum,
836 2330 889 2384 id
917 2339 1022 2395 est,
1056 2333 1426 2389 invocantium
1448 2351 1571 2390 eum
1598 2336 1663 2391 ad
1697 2337 2008 2406 opem,sive
2039 2337 2151 2389 vir-

571 2428 687 2476 tute
726 2422 792 2476 ad
828 2438 951 2477 eum
991 2425 1349 2493 tendentium,
1375 2443 1405 2480 a
1432 2428 1632 2499 quibus
1662 2429 1827 2483 etiam
1854 2426 2144 2482 invenitur.

571 2513 736 2572 Docet
778 2525 957 2572 autem
986 2527 1188 2588 quanta
1222 2522 1430 2577 utilitas
1455 2538 1522 2578 ex
1563 2521 1909 2577 confessione
1951 2536 2145 2591 prove—

569 2607 700 2673 niet.
737 2606 874 2663 Nam
896 2611 1041 2680 quod
1084 2613 1433 2682 quaesivistis,
1469 2614 1566 2678 ait,
1613 2614 1667 2669 id
1706 2612 1918 2669 accidet
1960 2613 2146 2679 vobis;

569 2698 822 2754 videlicet
852 2702 1019 2756 animi
1065 2704 1248 2759 laztitia
1282 2724 1294 2758 :
1330 2706 1421 2759 illa
1464 2708 1663 2777 quippe
1697 2706 1812 2777 spei
1843 2705 1955 2761 Deo
1990 2722 2147 2776 repo-

569 2790 688 2846 sita:
730 2790 945 2850 fructus
994 2803 1100 2850 est.
1145 2795 1529 2854 Animadverte
1574 2806 1752 2854 autem
1801 2800 2075 2870 quomodo
2115 2814 2146 2853 a

570 2882 922 2941 confessione
973 2886 1258 2958 inceperit,
1300 2899 1353 2944 et
1378 2890 1434 2944 in
1466 2890 1710 2944 laetitiam
1746 2891 1977 2946 desinat.
2008 2888 2143 2944 Nam

568 2977 845 3049 profectus
885 2980 1186 3035 secundum
1234 2980 1403 3037 Deum
1450 2983 1668 3037 initium
1710 2982 1986 3038 confessio
2019 2990 2142 3048 est;

567 3065 694 3121 ﬁnis
720 3074 900 3122 autem
939 3068 1122 3123 laetitia
1167 3070 1467 3126 secundum
1519 3072 1686 3128 Deum
1714 3091 1727 3126 :
1753 3073 1983 3143 plurima
2015 3087 2145 3127 vero

568 3166 697 3213 sunt
716 3158 772 3215 in
790 3160 968 3217 medio
993 3162 1189 3216 horum
1220 3160 1420 3234 posita.
1448 3162 1676 3234 Oportet
1701 3165 1864 3235 igitur
1896 3164 2143 3220 homines

565 3250 746 3320 primo
777 3251 1021 3306 conﬁteri
1054 3252 1283 3308 Domino
1314 3270 1411 3324 per
1438 3256 1706 3310 sinceram
1742 3256 2138 3324 paenitentiam.

567 3357 633 3397 ac
682 3358 779 3413 per
820 3343 1031 3399 fructus
1080 3344 1409 3400 confessioni
1471 3356 1834 3416 congruentes
1884 3362 1896 3397 :
1948 3346 2143 3402 deinde

564 3447 699 3509 vero
735 3434 800 3487 ad
836 3435 1061 3489 meliora
1087 3435 1360 3506 profectos
1389 3436 1661 3493 conﬁdere
1686 3446 1739 3494 et
1765 3440 2018 3494 invocare
2045 3456 2144 3495 no-

562 3541 691 3580 men
717 3525 837 3595 ejus
870 3545 884 3581 :
913 3527 1101 3599 sicque
1128 3529 1216 3584 ubi
1247 3540 1371 3600 post
1400 3529 1806 3586 confessionem
1848 3532 2143 3587 invocave-

563 3619 676 3673 rint
702 3634 850 3683 eum,
900 3620 1101 3678 divinis
1154 3622 1575 3678 charismatibus
1616 3622 1849 3691 donari;
1896 3624 1999 3678 sub
2029 3624 2145 3680 haec

562 3710 651 3768 his
676 3713 935 3784 acceptis,
969 3730 1133 3785 opera
1155 3730 1276 3786 qum
1306 3715 1615 3771 didicerunt
1642 3717 1898 3772 omnibus
1929 3733 2144 3770 annun-

562 3805 772 3872 tiando,
794 3807 916 3862 aliis
947 3822 1163 3877 quoque
1191 3807 1351 3861 utiles
1374 3822 1494 3861 esse
1529 3825 1541 3860 :
1570 3821 1634 3860 ac
1666 3817 1860 3875 praeter
1881 3807 1994 3861 haec
2025 3822 2143 3861 omo

562 3898 676 3961 nia,
710 3906 898 3969 utpote
947 3899 1134 3953 laetitia
1172 3900 1285 3963 illa,
1327 3915 1449 3969 qua:
1497 3901 1802 3955 secundum
1836 3900 2001 3953 Deum
2035 3908 2139 3968 est,

561 3990 836 4061 dignatos,
866 4001 1090 4047 cantare
1131 3992 1180 4046 ei
1209 4000 1263 4047 et
1285 3993 1516 4061 psallere
1539 3993 1586 4048 ei
1622 4012 1635 4048 :
1668 3992 1967 4049 secundum
2004 3993 2138 4056 hmo,

561 4085 943 4154 explanatores
966 4101 1087 4141 esse
1115 4101 1460 4153 arcanorum,
1493 4103 1612 4157 qua:
1641 4089 1692 4140 in
1715 4086 1916 4142 divinis
1939 4102 2143 4141 sermo-

559 4176 724 4229 nibus
751 4177 1137 4243 cnntinentur;
1166 4179 1315 4241 hinc,
1349 4187 1535 4249 utpote
1568 4180 1660 4249 qui
1690 4179 1805 4233 bzec
1840 4180 2023 4233 omnia
2055 4193 2141 4233 re-

560 4274 648 4321 cte
672 4268 1004 4337 peregerint,
1034 4270 1243 4323 laudari
1275 4272 1327 4324 in
1355 4272 1576 4327 nomine
1598 4272 1749 4342 ejus;
1776 4272 1993 4326 demum
2018 4280 2140 4340 post

558 4359 676 4414 haec
733 4360 918 4416 omnia
983 4362 1162 4416 anima
1221 4364 1413 4428 laetari,
1459 4381 1580 4435 quae
1628 4380 1723 4420 cor
1756 4365 1978 4420 dicitur.
2016 4363 2141 4420 Haec

557 4467 723 4524 porro
751 4469 872 4525 qua:
900 4453 1188 4509 Dominum
1222 4457 1493 4527 quaesivit,
1523 4465 1639 4512 tum
1669 4474 1736 4513 ex
1769 4459 1885 4528 ipsa
1917 4458 2139 4528 perqui-

556 4544 781 4608 sitione,
808 4551 922 4598 tum
956 4545 1102 4615 quod
1131 4548 1425 4615 quaerendo
1474 4548 1736 4618 reperiat,
1789 4564 1853 4603 ea
1897 4564 2017 4618 quae
2052 4564 2139 4604 sc-

556 4625 796 4690 cundum
824 4634 994 4691 Deum
1027 4645 1111 4692 est
1143 4638 1329 4693 laetitia
1364 4638 1597 4694 fruatur.

626 4819 818 4874 Isthaec
850 4834 981 4874 vero
1006 4819 1189 4873 omnia
1221 4821 1433 4876 aestimo
1462 4823 1530 4877 ad
1580 4837 1871 4893 personam
1905 4835 2131 4897 aposto-

555 4912 733 4965 lorum
766 4926 794 4964 a
820 4910 1027 4981 Spiritu
1060 4921 1252 4968 sancto
1280 4914 1496 4970 referri.
1523 4915 1658 4970 Nam
1692 4918 1826 4974 illud
1861 4937 1873 4972 :
1904 4922 2130 4976 Annuu-

555 5004 685 5057 tiate
710 5006 763 5058 in
792 5004 1029 5074 gentibus
1060 5023 1219 5075 opera
1247 5007 1382 5076 ejus,
1406 5023 1517 5062 non
1553 5009 1676 5064 aliis
1709 5010 1891 5067 dicere
1932 5029 2133 5071 conve-

552 5096 637 5152 nit
657 5111 818 5167 quam
841 5097 969 5152 illis.
996 5096 1277 5155 Sermonis
1307 5116 1470 5171 porro
1492 5101 1774 5156 veritatem
1798 5104 1915 5175 ipse
1944 5122 2126 5161 rerum

550 5197 782 5246 eventus
812 5191 1161 5246 testificatur.
1191 5191 1405 5247 Etenim
1442 5193 1478 5247 ii
1515 5195 1617 5249 soli
1642 5196 1696 5249 in
1721 5198 1977 5266 gentibus
2006 5216 2127 5269 quae

552 5300 651 5341 sua
684 5300 849 5355 opera
895 5286 1274 5362 universorum
1326 5285 1493 5341 Deum
1529 5300 1923 5360 cognoverunt,
1958 5309 2121 5362 opera

550 5375 650 5431 Dei
689 5377 1175 5439 annuutiaverunt,
1208 5358 1345 5446 quas
1392 5385 1581 5447 gentes
1636 5382 1888 5449 superius
1932 5398 2126 5437 novam

550 5467 954 5538 generationem
1001 5474 1055 5521 et
1105 5454 1361 5537 populum
1392 5469 1482 5538 qui
1523 5477 1742 5524 creatur
1772 5473 2125 5543 nuncupavit.

550 5559 688 5613 Eum
724 5559 908 5628 itaque
941 5558 1035 5629 qui
1069 5558 1354 5613 Dominum
1384 5561 1714 5631 quaesiturus
1744 5573 1849 5629 est,
1882 5580 2018 5632 opus
2047 5576 2130 5620 est

550 5650 728 5720 primo
750 5664 845 5717 per
867 5649 1136 5704 sinceram
1159 5650 1535 5717 ptenitentiam
1559 5656 1613 5704 et
1634 5666 1729 5719 per
1750 5650 1961 5705 fructus
1979 5651 2129 5719 ejus-

551 5740 677 5797 dem
723 5738 970 5794 conliteri
1016 5757 1031 5796 :
1074 5754 1200 5793 nam
1239 5740 1331 5807 qui
1366 5739 1491 5793 talis
1520 5747 1625 5802 est,
1660 5739 1826 5793 Deum
1860 5755 2121 5809 quaerere,

623 5896 669 5928 "
710 5896 752 5954 ll
786 5895 913 5955 Cor.
949 5912 1017 5965 ι,
1054 5896 1142 5963 17,
1180 5896 1265 5951 18.
1343 5896 1389 5928 ⁸³
1429 5895 1534 5951 Jer.
1576 5912 1649 5963 Ix,
1684 5896 1785 5965 25,
1822 5896 1910 5952 9.4.

1223 458 1238 523 τ
1248 456 1518 514 EUSEBII
1571 458 2054 518 CAESARIENSIS
2084 460 2144 516 0]

2279 457 2457 515 PARS
2483 457 2571 515 III.
2593 486 2665 499 —
2680 457 3089 516 EXEGETICA.

3624 468 3714 527 l300

2345 573 2712 629 Ἐπαινεῒσθε
2742 576 2813 627 ἐν
2835 572 2915 639 τῷ
2942 573 3186 642 ὀνόματι
3212 572 3287 638 τῷ
3322 573 3451 643 ἁγιῳ
3472 576 3631 633 αὐτοῦ’
3653 586 3717 637 eo.

2265 666 2577 738 φρανθήτω
2622 664 2833 734 καρδία
2884 664 3216 734 ζητούντων
3251 664 3351 718 τὸν
3371 668 3569 734 Κύριον.
3592 673 3717 741 Ζητὴ-

2263 774 2411 812 σατε
2457 758 2564 811 τὸν
2601 759 2838 826 Κύριον,
2869 757 2970 810 καὶ
3003 754 3399 825 κραταιώθητε·
3418 757 3645 827 ζητήσατε
3676 765 3718 818 τὸ

2263 852 2587 921 πρόσωπον
2607 849 2792 904 αὑτοῦ
2808 850 3152 915 διαπαντός.
3181 850 3422 912 Ἐπαινος
3447 850 3535 921 γὰρ
3556 854 3718 917 καὶδόξε

2262 946 2373 1005 τοῖς
2392 943 2489 1013 τὴν
2508 941 2706 1013 ἀρετὴν
2734 940 2827 994 τοῦ
2847 940 2982 995 Θεοῦ
3012 941 3394 1012 διηγουμένοις.
3424 943 3473 995 '0
3485 944 3532 996 δὲ
3562 945 3720 1010 Ἀκύλας

2262 1034 2382 1088 ἀντὶ
2421 1032 2512 1086 τοῦ
2567 1032 2926 1098 ἐπαινεῖσθαι),
2973 1030 3280 1100 καυχᾶσθε
3320 1033 3523 1089 τέθεικε.
3548 1039 3721 1110 Παρακε-

2260 1126 2475 1179 λεύεται
2500 1124 2557 1177 δὲ
2582 1126 2610 1176 ὁ
2642 1125 2797 1193 λόγος
2814 1128 2926 1187 τοῖς
2966 1125 3282 1187 ἀποστόλοις
3315 1127 3402 1178 καὶ
3424 1131 3519 1191 τοῖς
3539 1130 3722 1200 διαδόχοις

2262 1216 2462 1282 αὐτῶν,
2501 1219 2574 1290 μὴ
2620 1219 2711 1271 ἐπὶ
2741 1216 2977 1287 πλούτῳ,
3024 1218 3098 1288 μὴ
3123 1218 3214 1270 ἐπὶ
3249 1218 3416 1292 ῥώμῃ,
3438 1220 3503 1291 μὴ
3518 1221 3591 1272 ἐπὶ
3617 1223 3722 1275 δυνα-

2263 1313 2435 1384 στείᾳ,
2485 1314 2627 1384 μέγα
2652 1312 2887 1382 φρονεῖν’
2919 1310 3033 1363 ἀλλ’
3077 1313 3136 1363 ὲν
3180 1314 3243 1382 τῇ
3282 1311 3367 1364 τοῦ
3410 1312 3615 1384 ἀληθινοῦ
3636 1314 3724 1367 Θεοῦ

2260 1406 2455 1477 γνώσει
2483 1405 2578 1459 καὶ
2604 1403 2913 1476 προμηθείᾳ
2939 1403 3032 1456 καὶ
3056 1402 3133 1473 τῷ
3152 1403 3422 1457 καλεῖσθαι
3444 1405 3723 1477 Χριστιανούς.

2259 1498 2433 1552 Τοῦτο
2458 1496 2816 1569 παρηγγύησε
2837 1495 2930 1549 καὶ
2945 1496 2974 1548 ὁ
2996 1496 3139 1559 θεῖος
3173 1496 3488 1558 Ἀπόστολος·
3513 1497 3557 1548 Ὁ
3570 1496 3726 1564 καυχώ-

2253 1609 2438 1661 μενος
2469 1590 2595 1661 γὰρ,
2638 1590 2820 1659 φησὶν,
2848 1588 2918 1640 ἐν
2937 1588 3129 1656 Κυρίῳ
3170 1587 3492 1656 καυχάσθω·
3518 1590 3575 1642 οὐ
3610 1589 3727 1659 τὰρό

2258 1661 2475 1740 ἑαυτὸν
2501 1681 2808 1738 συνιστῶν
2831 1681 3059 1748 ἐκεῖνος
3086 1682 3347 1750 δόκιμος,
3384 1683 3507 1735 ἀλλ’
3535 1682 3592 1735 ὸν
3612 1686 3635 1735 ό
3656 1683 3728 1734 Κύ-

2222 1768 2223 1771 “
2250 1794 2382 1845 ριος
2415 1774 2763 1841 συνίστησι.
2816 1772 3001 1826 Ταῦτα
3029 1772 3122 1825 καὶ
3155 1771 3418 1842 Ἱερεμίας
3451 1771 3530 1824 καὶ
3559 1772 3586 1841 ἡ
3616 1786 3729 1839 σοφω-

2256 1868 2392 1938 τάτη
2431 1868 2597 1921 Ἀννα
2627 1864 2863 1945 διέξεισιο
2897 1864 2994 1933 Μὴ
3040 1862 3363 1932 καυχάσθω
3391 1866 3421 1918 ό
3446 1865 3607 1932 σοφὸς
3626 1861 3728 1928 ἐτοτῇ

2183 1949 2227 2005 Β
2254 1962 2442 2029 σοφίᾳ
2464 1957 2669 2026 αὐτοῦ,
2706 1958 2803 2012 καὶ
2824 1957 2909 2027 μὴ
2941 1956 3266 2025 καυχάσθω
3302 1959 3335 2010 ό
3364 1958 3585 2025 ἰσχυρὸς
3608 1955 3658 2008 ἐν
3684 1953 3728 2020 τῇ

2254 2054 2426 2121 ἰσχύϊ
2443 2050 2650 2116 αὐτοῦ,
2684 2051 2781 2105 καὶ
2811 2048 2898 2120 μὴ
2926 2050 3245 2119 καυχάσθω
3277 2052 3309 2103 ὁ
3342 2049 3599 2113 πλούσιος
3619 2048 3730 2109 ἐττῲ

2253 2146 2491 2212 πλούτῳ
2521 2143 2729 2200 αὐτοῦ’
2756 2145 2891 2199 ἀλλ’
2922 2144 2960 2211 ἣ
2977 2144 3046 2196 ἐν
3065 2144 3252 2209 τούτῳ
3285 2141 3575 2210 καυχάσθω
3598 2143 3729 2193 datav-

2251 2241 2536 2309 χώμενος,
2574 2238 2810 2294 συνιεῖν
2858 2236 2955 2291 καὶ
3006 2236 3341 2308 γινώσκειν,
3385 2235 3467 2289 ὅτι
3507 2233 3598 2303 ἐγώ
3620 2235 3731 2300 ειμιὸ

2250 2333 2464 2399 Κύριος
2494 2335 2526 2385 ὀ
2555 2331 2741 2385 ποιῶν
2771 2329 2944 2396 ἕλεος
2988 2330 3086 2383 καὶ
3139 2329 3519 2397 δικαιοσύνην
3550 2326 3627 2380 ἐπὶ
3666 2323 3730 2391 τῆς

2250 2423 2382 2495 γῆς.
2416 2423 2817 2493 Εὑςρρανθήτω
2848 2423 3059 2492 καρδία
3090 2421 3421 2489 ζητούντων
3454 2421 3546 2475 τὸν
3568 2422 3726 2487 Κύρων·

2248 2519 2523 2571 τουτέστιν
2562 2516 3005 2588 ἐπικαλουμένων
3054 2516 3216 2568 αὐτὸν
3268 2516 3348 2578 εἰς
3391 2511 3728 2585 βοήθειαν,ἢόι’

2249 2612 2451 2684 ἀρετῆς
2486 2610 2622 2682 πρὸς
2651 2609 2809 2664 αὑτὸν
2828 2608 3140 2672 ὁδευόντων,
3166 2601 3251 2670 οἷς
3271 2607 3364 2660 καὶ
3380 2606 3643 2677 εὑρίσκεται
3674 2606 3728 2654 Δι-

2248 2705 2435 2759 δάσκει
2460 2703 2516 2755 δὲ
2534 2702 2698 2755 πόσον
2730 2702 2918 2769 ὄφελος
2945 2702 3008 2755 ὲκ
3019 2699 3111 2753 τοῦ
3130 2699 3550 2771 ἐξομολογεῖσθαι
3578 2697 3729 2767 γενήσε-

2246 2814 2356 2849 ται.
2398 2796 2462 2849 Ὃ
2482 2794 2590 2866 γὰρ
2611 2795 2930 2868 ἐζητήσατε,
2951 2793 3103 2864 φησὶ,
3128 2791 3293 2846 τοῦτο
3321 2788 3729 2863 συμϐήπταιῦμίν,

2244 2894 2279 2962 ἡ
2311 2890 2437 2961 περὶ
2468 2888 2559 2941 τόν
2586 2888 2708 2941 νοῦν
2736 2885 3061 2958 εὐφροσύνη·
3094 2886 3196 2957 τῆς
3221 2886 3334 2958 γὰρ
3360 2888 3436 2948 εἰς
3458 2883 3569 2937 Θεὸν
3589 2878 3731 2941 iisiis;

2247 2983 2384 3054 αὕτη
2414 2983 2642 3053 καρπός.
2674 2981 2781 3035 Θέα
2805 2981 2861 3033 δὲ
2884 2981 3029 3043 ὅπως
3062 2978 3170 3033 ἀπὸ
3201 2979 3611 3051 ὲξομολογήσεως
3623 2973 3731 3044 ἧρξα-

2244 3096 2325 3141 το,
2371 3077 2463 3130 καὶ
2502 3074 2795 3147 κατέληξεν
2822 3075 2902 3136 εἰς
2950 3072 3313 3144 εὐφροσύνην.
3356 3070 3512 3143 Ἀρχὴ
3556 3069 3631 3139 μὲν
3666 3064 3733 3133 γὰρ

2244 3170 2345 3240 τῆς
2396 3167 2535 3222 κατὰ
2575 3165 2706 3220 Θεὸν
2749 3164 3030 3237 προκοπῆς
3070 3161 3474 3233 ἐξομολόγησις·
3514 3154 3734 3219 τέλοςδὲή

2248 3260 2389 3315 κατὰ
2412 3260 2544 3313 Θεὸν
2564 3257 2887 3329 εὐφροσύνη
2909 3256 3135 3309 πλεῖστα
3168 3255 3224 3309 δὲ
3259 3255 3330 3309 τὰ
3365 3252 3549 3326 μεταξὺ
3580 3251 3733 3302 τούτων.

2246 3353 2438 3423 Δεήσει
2467 3350 2648 3404 τοίνυν
2688 3347 2902 3421 πρῶτον
2935 3346 3377 3418 ἐξομολογεῖσθαι
3409 3344 3480 3414 τῷ
3509 3340 3658 3414 Rupit?
3682 3336 3734 3389 διὰ

2244 3444 2473 3516 γνησίας
2500 3440 2805 3512 μετανοίας,
2837 3440 2933 3494 καὶ
2961 3438 3187 3511 καρπῶν
3208 3438 3519 3511 πρεπόντων
3537 3437 3592 3504 τῇ
3613 3430 3734 3497 ἐξομο-

2245 3537 2483 3608 λογήσει’
2519 3535 2705 3589 ἔπειτα
2741 3533 3125 3605 βελτιωθέντας
3152 3531 3379 3604 θαρρεῖν
3417 3530 3504 3584 καὶ
3539 3523 3735 3580 ἐπικαλεῖ-

2247 3627 2369 3682 σθαι
2398 3626 2460 3679 τὸ
2485 3625 2657 3697 ὄνομα
2692 3622 2877 3687 αὐτοῦ,
2894 3621 2989 3675 καὶ
3015 3620 3187 3684 οὕτως
3224 3620 3367 3692 μετὰ
3387 3619 3478 3689 τὴν
3507 3613 3735 3686 ὲξομολὸγη·

2246 3737 2328 3774 σιν
2360 3717 2816 3788 ἐπικαλουμένους
2845 3712 3235 3780 καταξιοῦσθαι
3273 3713 3382 3765 τῶν
3415 3709 3550 3782 παρὰ
3567 3706 3638 3761 τοῦ
3650 3701 3736 3757 Θεοῦ

2243 3812 2616 3883 χαρισμάτωνο
2647 3805 2763 3863 εἶτα
2797 3807 3000 3862 τούτων
3045 3806 3322 3877 τυχόντες,
3356 3804 3556 3875 ἐτέρους
3579 3796 3736 3866 ὠφελεῖν

2242 3902 2329 3956 διὰ
2356 3901 2448 3955 τοῦ
2476 3900 2839 3969 ἀπαγγέλλειν
2861 3901 2940 3963 εἰς
2966 3898 3233 3961 ἅπαντας,
3264 3898 3369 3951 ἆπε
3378 3915 3409 3970 ρ
3443 3890 3735 3967 μεμαθήκασιν

2242 3997 2379 4067 ἔργα
2428 3994 2611 4049 αὐτοῦ’
2647 3996 2740 4047 καὶ
2788 3995 2880 4047 ἐπὶ
2932 3991 3139 4055 τούτοις
3170 3991 3247 4054 ὡς
3284 3991 3351 4045 ἂν
3397 3984 3735 4053 καταξιωθέντες

2240 4089 2341 4161 τῆς
2368 4088 2508 4142 κατὰ
2523 4087 2653 4141 Θεὸν
2680 4086 2964 4157 θυμηδίας,
2989 4086 3135 4157 ᾄδειν
3166 4083 3317 4155 αὐτῴ
3354 4083 3447 4136 καὶ⁵
3472 4078 3663 4149 ψάλλειν·
3677 4070 3736 4122 καὶ

2246 4179 2384 4251 μετὰ
2435 4178 2611 4233 ταῦτα
2642 4176 2978 4248 σαφηνιστὰς
3007 4174 3253 4245 γίνεσθαι
3294 4174 3402 4227 τῶν
3427 4174 3481 4225 ὲν
3511 4172 3602 4230 τοῖς
3629 4162 3736 4260 θεέοξς

2241 4271 2437 4340 λογίοις
2466 4271 2814 4343 ἀπορρήτων·
2832 4265 2929 4322 εἶτ’
2957 4268 3055 4339 ἤδη
3078 4265 3507 4339 κατωρθωκότας
3534 4261 3588 4315 τὰ
3606 4272 3737 4357 τοςαυῗ

2238 4381 2307 4416 τα
2336 4362 2675 4417 ἐπαινεῖσθαι
2708 4362 2765 4413 ἐν
2788 4360 2865 4431 τῷ
2895 4359 3115 4431 ὀνόματι
3142 4358 3331 4412 αὐτοῦ·
3376 4359 3465 4412 καὶ
3494 4354 3621 4415 τέλος
3647 4354 3735 4419 μεῖί

2241 4455 2436 4518 πάντα,
2468 4452 2852 4524 εὐφραίνεσθαι
2871 4450 3011 4505 κατὰ
3029 4449 3290 4511 διάνοιαν,
3309 4447 3525 4520 καρδίαν
3552 4436 3735 4510 ὀνομαζτν

2243 4548 2429 4619 μένην.
2480 4545 2640 4617 Αὕτη,
2670 4546 2760 4597 τὸν
2809 4543 3012 4614 Κύριον
3071 4540 3400 4609 ὲκζητοῦσα,
3436 4538 3489 4604 ἐξ
3522 4534 3657 4602 αὐτῆς
3674 4530 3736 4593 τῆς

2165 4659 2210 4713 ι)
2239 4640 2519 4711 ζητήσεως
2552 4639 2645 4692 καὶ
2672 4638 2768 4709 τῆς
2783 4636 3165 4707 ἐπιγινομένης
3179 4637 3246 4706 τῇ
3269 4635 3489 4705 ζητήσει
3518 4626 3735 4698 εὑρέσεως.

2240 4731 2559 4786 ἀπολαυέτω
2576 4731 2675 4801 τῆς
2701 4730 2842 4783 κατὰ
2869 4729 2999 4783 Θεὸν
3025 4726 3385 4800 εὐφροσύνης.

2310 4824 2493 4877 Ταῦτα
2538 4824 2594 4877 δὲ
2628 4824 2805 4879 πάντα
2835 4822 3076 4894 ἡγοῦμαι
3110 4823 3188 4885 εἰς
3230 4820 3512 4892 πρόσωπον
3534 4806 3734 4894 τῶν

2240 4917 2441 4971 στόλων
2468 4916 2573 4970 ὑπὸ
2616 4916 2710 4970 τοῦ
2761 4892 2916 4986 ἁγίου
2959 4892 3276 4985 Πνεύματος
3326 4892 3737 4995 tivucpépscrOr-t.'1:9

2238 5010 2365 5081 γὰρ,
2391 5010 2802 5080 Ἀπαγγείλατε
2841 5009 2913 5062 ἐν
2950 5008 3074 5074 τοῖς
3103 5008 3305 5062 ἔθνεσι
3348 5005 3418 5059 τὰ
3445 5004 3573 5071 ἔργα
3587 4996 3733 5091 αὐτίτί

2236 5076 2336 5153 οὐκ
2358 5076 2547 5164 ἄλλοις
2575 5076 2802 5171 epota;
2832 5098 3086 5167 λέγεσθαι
3130 5099 3163 5169 ἢ
3199 5098 3402 5162 αὐτοῖς.
3440 5076 3735 5172 Magram“?

2233 5188 2311 5259 τῷ
2344 5189 2489 5261 λόγῳ
2519 5191 2581 5243 τὸ
2616 5190 2983 5261 ἀποτέλεσμαδ
3022 5189 3173 5260 μόνοι
3214 5188 3323 5259 γὰρ
3357 5178 3733 5272 ἀπήγγειλαν

2231 5280 2365 5334 Θεοῦ
2411 5282 2481 5334 τὰ
2508 5281 2646 5354 ἔργα
2672 5284 2729 5336 ὲν
2772 5285 2883 5346 τοῖς
2920 5281 3097 5336 ἔθνεσι
3122 5284 3234 5345 τοῖς
3277 5281 3342 5333 δι’
3368 5277 3537 5332 αὐτῶν
3558 5273 3631 5326 τὸν

2229 5374 2365 5427 ὅλων
2398 5374 2529 5427 Θεὸν
2563 5374 2949 5442 ὲπεγνωκόσιν,
2984 5373 3077 5437 οὒς
3108 5373 3363 5443 ἀνωτέρω
3390 5366 3567 5436 καινὴν
3595 5366 3731 5429 τίνειν

2230 5466 2327 5519 καὶ
2354 5466 2479 5519 λαὸν
2509 5466 2825 5538 κτιζόμενον
2882 5466 3311 5539 προσηγόρευσε,
3368 5464 3455 5515 Δεῖ
3494 5456 3643 5511 τοίνυν
3674 5444 3733 5496 τὸν

2232 5560 2492 5629 μέλλοντα
2526 5560 2709 5633 ζητεῖν
2739 5562 2829 5615 τὸν
2857 5561 3060 5633 Κύριον
3084 5555 3509 5630 ἐξομολογεῖσθαι
3535 5546 3732 5643 πρότεροι

2228 5652 2295 5704 δι’
2322 5654 2645 5723 εἰλικρινοῦς
2698 5655 2987 5725 μετανοίας
3033 5655 3126 5708 καὶ
3153 5653 3259 5707 τῶν
3286 5649 3486 5717 ταύτης
3516 5640 3730 5735 καρέπωνς

2228 5747 2257 5798 ὁ
2286 5746 2392 5817 γὰρ
2446 5746 2681 5811 τοιοῦτος
2722 5750 2814 5803 καὶ
2850 5746 3033 5819 ζητεῖν
3085 5745 3323 5807 δύναται,
3380 5739 3468 5795 καὶ
3503 5736 3647 5804 ζητων
3672 5737 3731 5773 εν·
