3964 6524
202 402 349 457 ⁴501

1322 403 1923 476 οοΜΜεΝτΑῐιιΑῃΝ
1966 396 2306 461 PSALMOS.

3320 404 3456 461 i309

138 520 149 533 '
200 521 347 577 οεῖν.
386 521 450 573 Ei
481 520 588 593 γὰρ
643 522 736 575 ἐπὶ
785 522 945 577 λίθων
974 542 1170 596 τιμίων
1199 527 1309 580 τῶν
1356 526 1572 580 εἰδότων
1608 526 1773 597 χρείαη

1889 532 1943 579 et
1968 524 2263 595 quaerendo
2289 524 2535 581 invenire
2560 532 2760 594 potest.
2785 522 2916 577 Nam
2943 523 2989 578 si
3022 538 3144 576 cum
3166 523 3232 577 de
3260 523 3455 593 lapidi-

196 616 298 668 καὶ
319 616 419 667 ἐπὶ
442 614 805 687 κολυμϐητίῖΝ
821 617 1025 689 πολλῆς
1044 620 1141 689 τῆς
1165 621 1472 691 ἐπιστήμης
1493 620 1592 685 δεῖ,
1613 619 1773 689 πολλᾷ

1889 618 1990 672 bus
2022 618 2277 687 pretiosis
2303 616 2501 687 agitur,
2539 615 2724 683 peritis
2752 624 2836 671 est
2860 630 3020 685 opus,
3052 624 3106 670 et
3132 616 3178 670 si
3210 616 3454 671 urinato-

197 706 416 775 μᾶλλον
442 708 533 759 ἐπὶ
564 708 718 762 Θεοῦ.
748 711 923 765 Πολλὰ
947 714 1055 783 γάρ
1093 715 1208 766 ἐστι
1233 713 1300 765 τὰ
1325 713 1600 767 κωλύοντα
1629 713 1788 767 αὑτὸν

190 797 415 867 εὑρεῖν,
444 800 538 853 καὶ
572 802 911 872 πραγμάτων
932 804 1108 875 ὄχλος,
1140 806 1235 859 καὶ
1268 804 1468 877 σαρκὸς
1487 807 1788 860 ἐπαναστά-

194 905 341 953 σεις,
393 892 487 945 καὶ
516 894 795 963 νοσήματα
814 895 1021 966 ψυχῶν,
1054 896 1149 950 καὶ
1181 896 1449 967 δαιμόνων
1482 896 1784 959 ἐπιϐουλαὶ,

191 980 296 1031 καὶ
352 981 598 1053 ῥᾳθυμία
657 984 901 1056 γνώμης.
969 987 1085 1040 Κᾶν
1118 988 1521 1059 ἀπαλλαγῶμεν
1581 988 1785 1042 τούτων

188 1071 488 1139 ἁπάντων,
525 1080 733 1148 ταχέως
767 1080 928 1135 αὑτὸν
970 1081 1294 1153 εὑρήσομεν,
1330 1084 1427 1136 καὶ
1457 1082 1554 1156 τὴν
1587 1083 1785 1137 κακίαν

188 1164 608 1237 ἁποδυσόμεθα,
661 1172 756 1225 καὶ
807 1172 905 1243 τὴν
949 1174 1149 1245 ἀρετὴν
1179 1174 1442 1245 ἑλώμεθα.
1495 1173 1639 1245 Αὕτη
1675 1174 1782 1244 γάρ

185 1257 356 1310 ἐστιν
385 1259 420 1329 ή
464 1262 580 1313 ἐκεῖ
602 1262 840 1334 φέρουσα
877 1265 1015 1330 ὁδός.
1051 1263 1233 1323 Τίοῦν
1259 1268 1373 1321 ἔστι
1407 1267 1669 1337 ζήτησις;
1724 1267 1783 1320 τδ

186 1353 447 1421 συνεχῶς
463 1355 667 1410 ἐκεῖνον
688 1360 886 1411 ἐννοεῖν
913 1360 1007 1412 καὶ
1040 1360 1363 1429 λογίζεσθαι·
1404 1363 1432 1414 6
1464 1361 1571 1432 γὰρ
1605 1360 1780 1431 ζητῶν

182 1441 555 1512 ἐπὶοδιανοίας
578 1448 687 1506 ἔγει
712 1450 777 1503 τὸ
798 1451 959 1513 ζητού
969 1470 1143 1513 αενον.
1283 1495 1309 1522 ,

259 1618 585 1689 Ζητήσατε
624 1626 731 1679 τὸν
766 1629 982 1696 Κύριον·
1024 1631 1122 1684 καὶ
1157 1631 1565 1699 κρωαιώθητε·
1608 1631 1776 1699 ζητιὶδ-

179 1721 346 1764 σατε
377 1712 445 1766 τὸ
472 1718 801 1783 πρόσωπον.
836 1721 1023 1775 αὐτοῦ
1068 1722 1412 1790 διαπαντός.
1449 1726 1514 1777 Τί
1540 1726 1654 1778 ἐστι
1717 1726 1778 1778 τὸ

182 1806 386 1876 ζητεῖν
412 1812 505 1860 τὸν
536 1807 739 1879 Κύριον
760 1827 773 1873 ;
798 1810 858 1864 τὸ
892 1810 959 1866 τὰ
981 1812 1188 1867 ἐκείνου
1217 1818 1452 1884 φρονεῖν,
1478 1816 1537 1868 τὸ
1563 1816 1650 1873 ἀεὶ
1678 1816 1775 1869 αύ-

179 1898 281 1951 τὸν
318 1899 655 1968 λογίζεσθαι,
700 1902 766 1955 τὸ
784 1904 869 1956 ἀεὶ
899 1905 958 1957 ὲν
1001 1904 1208 1977 διανοίᾳ.
1233 1906 1395 1977 ἔχειν,
1419 1907 1479 1960 τὸ
1513 1908 1776 1977 μηδέποτε

182 1988 474 2043 παύεσθαι
507 1990 793 2060 ὁμιλοῦντα
819 1992 965 2063 αὐτῷ
991 1992 1077 2061 διὰ
1104 1994 1201 2064 τῆς
1227 1993 1531 2066 προσευχῆς
1551 1995 1644 2049 καὶ
1670 1994 1777 2048 τῶν

181 2079 427 2149 ἀγαθῶν
457 2082 726 2153 πράξεων.
775 2085 1007 2156 ’Δμαχοι
1038 2086 1095 2139 δὲ
1129 2088 1179 2139 οἱ
1238 2084 1523 2157 ζητοῦντες
1568 2085 1778 2141 ἔσονται

184 2173 290 2224 καὶ
322 2173 606 2245 ἀήττητοι.
641 2175 1009 2247 Παρορμήσας
1044 2176 1225 2247 μέντοι
1267 2177 1481 2245 ὁ.λόγος
1516 2179 1642 2241 τοὺς
1670 2177 1776 2233 τῶν

182 2265 375 2319 ἐθνῶν
411 2268 655 2338 κήρυκας
689 2270 781 2323 ἐπὶ
806 2270 867 2322 τὸ
901 2269 1194 2341 προθύμως
1218 2270 1515 2341 ἐκζητῆσαι
1551 2271 1639 2324 τὸν
1659 2270 1777 2323 Κύ-

186 2375 335 2427 ριον,
364 2357 446 2410 ἔτι
466 2358 662 2429 μᾶλλον
684 2360 879 2424 αὐτοὺς
890 2362 1251 2433 ἐπιρρώννυσι
1281 2361 1473 2429 λέγων,
1493 2361 1777 2431 Κραταιὼ-

184 2449 365 2513 ante,
396 2449 661 2513 τουτέστι,
708 2448 800 2519 Μὴ
828 2449 1120 2519 χαυνοῦσοε
1160 2452 1239 2513 εἰς
1272 2450 1332 2513 τὸ
1383 2452 1565 2522 ζητεῖν
1592 2452 1771 2505 αὐτόν.

187 2537 373 2591 Τοῦτο
426 2539 483 2592 δὲ
521 2545 831 2611 προσφωνεῖ
877 2542 1079 2605 αὐτοῖς,
1130 2543 1207 2605 ὡς
1241 2542 1513 2613 δεομένοις
1542 2542 1772 2613 κράτους

188 2630 289 2683 καὶ
349 2630 633 2702 δυνάμεως
682 2633 761 2696 εἰς
814 2632 873 2684 τὸ
924 2632 1137 2702 ἰσχῦσαι
1190 2631 1250 2685 τὸ
1307 2631 1775 2702 προστεταγμένον

189 2721 447 2791 ποιῆσαν
478 2723 616 2794 ὅπερ
646 2718 799 2793 ἦντὸ
834 2722 1009 2775 ἔθνεσι
1036 2720 1291 2792 κηρύξαι,
1328 2720 1567 2792 Ἕλλησί
1584 2738 1643 2773 τε
1678 2722 1773 2773 καὶ

187 2812 519 2885 βαρϐάροις,
548 2814 690 2871 κατὰ
721 2814 800 2875 τὸ,
836 2816 1049 2880 Κύριος
1064 2813 1239 2866 δώσει
1269 2811 1433 2880 ῥῆμα
1457 2811 1579 2876 τοῖς
1609 2814 1775 2875 εὐαγ-

186 2903 596 2974 γελιζομένοις
627 2904 870 2973 δυνάμει
902 2902 1121 2971 πολλῇ.
1162 2903 1434 2963 Διδάσκων
1461 2901 1517 2955 δὲ
1545 2901 1658 2965 πῶς
1695 2900 1775 2952 δεῖ
1820 2926 1825 2929 ~

184 2997 248 3050 τὸ
272 2997 465 3069 ζητεῖν
494 3002 686 3063 ποιεῖν,
709 2998 801 3051 καὶ
838 2998 917 3051 ὅτι
939 2997 1037 3068 οὐχ
1069 2996 1216 3061 ἅπαξ
1250 2996 1283 3066 ἢ
1310 2995 1411 3059 δίς,
1456 2994 1589 3047 ἀλλὰ
1621 2992 1773 3063 παρὰ

186 3090 373 3143 πάντα
398 3090 493 3142 τὸν
518 3089 630 3159 βίον
654 3089 755 3160 τὴν
779 3088 983 3143 ἄνωθεν
1021 3087 1337 3157 ἐπικουρίαν
1376 3088 1639 3158 προσήκει
1672 3086 1770 3154 ζη-

185 3184 301 3233 τεῖν
331 3181 433 3234 καὶ
462 3180 559 3251 τὴν
594 3180 855 3249 ὠφέλειαν
901 3178 1555 3250 καρποῦσθαικὲπήγαγε·
1582 3178 1769 3246 Ζητή-
1794 3208 1841 3266 C

184 3287 340 3335 qats
392 3270 464 3324 τὸ
496 3272 818 3340 πρόσωπον
865 3270 1050 3325 αὑτοῦ
1092 3270 1435 3336 διαπαντός
1470 3270 1530 3329 οὐ
1589 3270 1769 3340 τρίτον

186 3363 281 3416 τοῦ
309 3363 585 3427 ἐνιαυτοῦ,
613 3363 754 3427 κατὰ
789 3362 878 3416 τὸν
907 3362 1012 3423 ὑπὸ
1043 3362 1318 3427 Μωῦσέως
1349 3361 1571 3421 δοθέντα.¹
1606 3362 1769 3433 νόμον

186 3456 431 3513 ἐνώπιον
458 3454 621 3509 αὑτοῦ
647 3455 976 3525 φαινόμενοι,
998 3453 1129 3508 ἀλλὰ
1157 3454 1303 3525 παρᾶ
1328 3454 1501 3507 πάντα
1515 3454 1604 3506 τὸν
1634 3453 1764 3523 βίον.

188 3550 495 3620 Πρόσωπον
522 3549 577 3601 δὲ
594 3546 825 3601 ἐνταῦθα.
853 3548 951 3617 τὴν
972 3547 1289 3615 ἐπιφάνειαν
1317 3545 1478 3599 αὐτοῦ
1501 3547 1652 3616 φησι,
1672 3545 1768 3615 τὴν

188 3634 520 3705 ἐπισκοπὴν,
550 3633 648 3706 τὴν
680 3634 953 3706 πρόνοιαν,
995 3632 1093 3707 τὴν
1123 3634 1464 3706 κηδεμονίαν,
1499 3634 1595 3705 τὴν
1642 3634 1769 3707 βοήν-

191 3725 367 3789 θειαν,
396 3723 495 3794 τὴν
519 3724 856 3794 συμμαχίαν,
876 3725 975 3794 τὴν
996 3706 1209 3777 ἔννοιαν
1226 3724 1324 3797 τὴν
1348 3726 1473 3796 περὶ
1494 3725 1671 3777 αὐτόν.

190 3817 298 3887 γὰρ
332 3817 435 3887 τῆς
455 3817 643 3879 οὐσίας
682 3817 968 3887 πρόσωπον
986 3816 1158 3878 οὐδεὶς
1180 3815 1368 3885 ὄψεται
1394 3817 1486 3869 καλ⁹
1528 3816 1767 3887 ζήσεται.

192 3909 498 3980 Πρόσωπον
525 3907 583 3960 δὲ
611 3906 774 3961 αὑτοῦ
808 3907 903 3961 καὶ
929 3909 958 3961 ὁ
988 3907 1134 3971 Υἱός.

262 3996 586 4063 Myndon“
627 3997 742 4051 τῶν
773 3999 1118 4066 θαυμασίων
1160 3998 1346 4053 αὐτοῦ
1383 3992 1469 4051 ὧν
1497 3998 1767 4067 ἐποίησε,

192 4090 265 4149 τὰ
297 4088 516 4157 τέρατα
541 4089 728 4144 αὑτοῦ
768 4090 866 4144 καὶ
914 4089 985 4144 τὰ
1027 4091 1277 4160 κρίματα
1320 4091 1426 4143 τοῦ
1474 4092 1769 4159 στόματος

192 4180 419 4242 αὐτοῦ’
454 4181 561 4234 εἴτε
600 4181 708 4235 τῶν
740 4182 799 4235 ὲν
832 4185 897 4253 τῇ
933 4182 1149 4254 Παλαιᾷ
1176 4183 1388 4254 Γραφῇ,
1420 4183 1527 4236 εἴτε
1565 4182 1672 4235 τῶν
1711 4184 1768 4236 ἐν

194 4276 307 4337 τοῖς
349 4272 724 4342 Εύαγγελίοις.
756 4273 940 4327 Ταῦτα
971 4274 1076 4345 γὰρ
1106 4275 1287 4345 δεήσει
1323 4276 1465 4343 ὑμᾶς
1499 4276 1624 4337 τοὺς
1662 4274 1768 4327 τῶν

196 4364 366 4417 ἐθνῶν
396 4366 642 4436 κήρυκας
680 4368 761 4431 είς
801 4366 979 4423 πάντα
1022 4366 1089 4419 τὰ
1130 4366 1256 4437 ἔθνη
1298 4365 1600 4431 διαδοῦναι⁹
1649 4366 1769 4418 ἐπεὶ

200 4456 273 4537 μὴ
315 4456 580 4528 πρότερον
621 4456 757 4510 αὐτὰ
798 4457 950 4530 παρά
986 4475 1130 4521 τινος
1175 4457 1332 4525 ἄλλου
1367 4457 1762 4528 μεμαθήκασιν.

1888 726 1977 766 res
2010 710 2179 764 multa
2212 710 2440 765 scientia
2474 718 2669 779 egent,
2698 709 2870 763 multo
2894 708 3066 778 magis
3094 724 3215 762 cum
3247 708 3313 762 de
3342 708 3453 763 Deo

1888 803 2083 873 agitur.
2126 800 2291 855 Multa
2317 801 2461 856 enim
2488 800 2873 871 impedimento
2894 808 3021 856 sunt
3046 800 3338 869 quominus
3364 800 3451 852 in-

1886 893 2159 957 veniatur,
2218 894 2558 963 negotiorum
2616 892 2908 955 tumultus,
2957 892 3141 946 carnis
3190 881 3459 951 insultus,‘

1886 988 2189 1041 animarum
2232 987 2429 1049 morbi,
2476 986 2780 1041 daemonum
2811 984 3044 1049 insidias,
3076 985 3241 1038 animi
3272 984 3454 1053 segni-

1886 1077 2023 1145 ties;
2049 1079 2094 1134 si
2121 1078 2207 1134 his
2228 1078 2482 1133 omnibus
2509 1078 2827 1147 liberemur,
2846 1078 3245 1147 quamprimum
3272 1078 3449 1147 ipsum

1884 1169 2244 1236 inveniemus,
2302 1169 2564 1223 malitiam
2602 1184 2889 1239 ponemus,
2931 1176 2985 1223 et
3033 1170 3287 1223 virtutem
3335 1184 3451 1222 am-

1882 1262 2242 1332 plexabimur.
2279 1260 2403 1316 Hzec
2435 1262 2635 1331 quippe
2663 1260 2751 1313 via
2780 1266 2864 1316 est
2893 1260 2986 1314 illo
3028 1261 3277 1315 tendens.
3310 1258 3450 1325 Quid

1880 1368 2012 1423 ergo
2033 1362 2117 1408 est
2173 1353 2266 1407 illa
2319 1352 2636 1423 inquisitio?
2676 1349 2991 1421 frequenter
3029 1350 3179 1404 illum
3208 1349 3451 1420 cogitare

1879 1453 1935 1503 et
1955 1445 2139 1499 animo
2165 1460 2387 1501 versare
2422 1464 2435 1499 :
2469 1459 2595 1499 nam
2641 1442 2733 1514 qui
2767 1443 2981 1513 quaerit,
3034 1443 3089 1497 in
3124 1443 3241 1512 ipsa
3269 1448 3450 1496 mente

1878 1537 2024 1607 quod
2054 1537 2247 1607 quaerit
2288 1537 2469 1595 habet.

1886 1676 1889 1679 λ
1951 1629 2185 1695 Quwrite
2206 1628 2488 1682 Dominum
2505 1640 2552 1682 et
2570 1626 2956 1698 conﬁrmamini
2980 1640 2999 1677 :
3018 1625 3233 1695 qurerite
3257 1623 3451 1692 faciem

1877 1721 1992 1788 ejus
2020 1736 2239 1790 semper.
2272 1718 2413 1786 Quid
2443 1727 2527 1775 est
2566 1719 2852 1777 Dominum
2906 1732 3147 1788 quaerere
3167 1717 3195 1770 ἓ
3225 1731 3346 1785 qua:
3380 1716 3447 1769 ad

1880 1812 2030 1865 illum
2052 1812 2322 1881 pertinent
2349 1825 2560 1879 sapere,
2578 1809 2647 1865 de
2668 1810 2759 1863 illo
2783 1824 2999 1878 semper
3028 1806 3289 1877 cogitare.
3321 1821 3444 1860 eum

1879 1904 1933 1957 in
1961 1911 2141 1957 mente
2164 1917 2377 1972 semper
2399 1916 2639 1964 versare,
2670 1916 2947 1972 nunquam
2972 1914 3097 1955 cum
3120 1915 3185 1955 eo
3206 1914 3300 1968 per
3324 1913 3450 1951 ora-

1877 1994 2080 2048 tionem
2102 2002 2157 2048 et
2173 1993 2314 2047 bona
2342 2007 2505 2063 opera
2537 1992 2902 2049 eonversandi
2928 1991 3088 2046 tinem
3118 1989 3315 2045 facere.
3342 1988 3446 2054 Qui

1878 2094 2058 2140 autem
2114 2084 2291 2153 ipsum
2340 2083 2645 2153 inquirunt,
2688 2082 2872 2137 invicti
2939 2089 2993 2134 et
3047 2079 3446 2149 insuperabiles

1877 2180 2055 2231 erunt.
2093 2174 2227 2233 Cum
2279 2173 2443 2249 igitur
2488 2188 2669 2231 sermo
2719 2174 2960 2241 gentium
3002 2185 3278 2241 praecones
3310 2170 3447 2224 inci«

1876 2272 2048 2320 tasset
2078 2276 2138 2319 ut
2164 2263 2451 2321 Dominum
2489 2264 2746 2319 alacriter
2768 2264 3138 2335 exquirerent,
3165 2276 3313 2315 nunc
3338 2276 3448 2315 ma-

1876 2357 1958 2426 gis
1999 2357 2277 2427 magisque
2307 2356 2591 2410 conﬁrmat
2618 2357 2739 2411 illos
2762 2355 2949 2411 dicens
2974 2373 2987 2409 :
3018 2353 3443 2423 Couﬁrmamiui,

1876 2448 1931 2501 id
1963 2456 2068 2509 est,
2091 2446 2170 2501 Ne
2196 2448 2433 2501 molliter
2461 2447 2514 2500 in
2545 2447 2638 2500 illo
2667 2447 2959 2516 qumrendo
2987 2445 3186 2516 agatis.
3224 2442 3314 2498 Sic
3342 2458 3444 2495 au-

1873 2545 1982 2597 tem
2017 2538 2166 2609 ipsos
2196 2539 2512 2608 alloquitur,
2544 2546 2605 2591 ut
2636 2538 2833 2593 robore
2856 2552 2919 2592 ac
2962 2537 3163 2590 virtute
3196 2533 3446 2603 indigeno

1873 2637 1978 2694 tes,
2012 2646 2119 2700 quo
2150 2630 2273 2686 illos
2312 2630 2378 2685 ad
2420 2630 2635 2699 jussum
2692 2629 3058 2700 peragendum
3102 2627 3388 2683 conﬁrmet
3429 2642 3441 2676 :

1872 2731 1990 2776 erat
2015 2737 2179 2791 porro
2207 2721 2362 2786 illud,
2393 2730 2449 2779 ut
2479 2722 2731 2793 gentibus
2755 2722 3133 2792 prmdicarent,
3162 2718 3367 2773 Graecis
3390 2726 3447 2772 et

1873 2812 2143 2874 barbaris.
2189 2813 2488 2867 secundum
2528 2812 2661 2867 illud
2697 2828 2710 2863 :
2755 2812 3011 2865 Dominus
3057 2810 3201 2866 dabit
3230 2809 3441 2864 verbum

1870 2904 2344 2974 euangelizantibus
2364 2906 2552 2959 virtute
2582 2906 2751 2965 multa
2771 2905 2836 2958 “.
2854 2905 3129 2974 Docetque
3152 2918 3261 2973 quo
3279 2910 3442 2972 pacto

1871 3011 2114 3066 quaerere
2144 2996 2295 3049 illum
2332 3004 2601 3067 oporteat,
2648 3007 2701 3052 et
2727 2996 2873 3067 quod
2901 3010 3009 3055 non
3023 2995 3190 3050 semel
3210 3002 3303 3049 aut
3333 2992 3438 3055 bis,

1872 3089 1966 3145 sed
1992 3105 2089 3160 per
2120 3098 2288 3144 totam
2312 3090 2500 3153 vitam,
2531 3105 2829 3160 supernum
2864 3088 3126 3142 auxilium
3152 3086 3439 3156 exquirere

1871 3197 2009 3253 opus
2042 3182 2134 3248 sit,
2194 3193 2355 3252 atque
2398 3182 2526 3237 hinc
2572 3184 2860 3237 utilitatem
2899 3195 3112 3251 capere.
3154 3177 3441 3233 Subsumit

1870 3273 2065 3329 deinde
2091 3292 2104 3328 :
2132 3272 2364 3342 Quwrite
2398 3273 2586 3342 faciem
2615 3276 2728 3345 ejus
2757 3288 2973 3341 semper.
2995 3270 3113 3333 Non
3148 3284 3231 3325 ter
3260 3271 3315 3325 in
3343 3285 3441 3324 an-

1870 3379 1962 3427 no,
1988 3370 2047 3418 ut
2077 3364 2132 3418 in
2163 3364 2278 3435 lege
2299 3364 2497 3437 Moysis
2528 3363 2829 3431 ferebatur,
2852 3364 2905 3419 in
2937 3371 3292 3432 conspectum
3318 3360 3438 3430 ejus

1872 3456 2179 3523 venientes,
2223 3456 2319 3521 sed
2346 3473 2440 3529 per
2478 3465 2654 3517 totam~
2677 3458 2859 3511 vitam.
2911 3454 3127 3509 Faciem
3175 3468 3306 3509 vero
3352 3452 3440 3506 hic

1870 3556 2027 3604 vocat
2055 3548 2175 3619 ejus
2231 3549 2544 3611 adventum,
2591 3548 2978 3611 visitationem,
3017 3544 3436 3616 providentiam,

1869 3654 2079 3705 curam,
2106 3639 2388 3703 auxilium,
2408 3640 2805 3707 commilitium,
2832 3638 3281 3693 benevolentiam.
3305 3635 3437 3689 Nam

1871 3732 2187 3786 substantia:
2209 3732 2329 3800 ejus
2360 3731 2550 3786 faciem
2578 3746 2739 3785 nemo
2766 3730 2970 3786 videbit
2991 3737 3044 3785 et
3070 3729 3231 3783 vivet.
3249 3727 3439 3783 Facies

1870 3825 1997 3880 item
2027 3825 2146 3894 ejus
2173 3833 2255 3882 est
2294 3822 2484 3879 Filius.

1950 4001 2113 4060 Vens.
2171 4003 2223 4058 5.
2263 4002 2574 4057 Mementote
2610 4000 2935 4055 mirabilium
2960 4002 3093 4073 'ejas
3140 4016 3256 4071 qua:
3295 3999 3438 4069 fecit,

1868 4094 2108 4165 prodigia
2153 4095 2264 4164 ejus
2308 4104 2357 4149 et
2396 4094 2604 4163 judicia
2634 4096 2743 4148 oris
2792 4092 3081 4156 eius;sive
3105 4091 3194 4146 illa
3229 4104 3350 4159 qua:
3383 4089 3438 4141 in

1870 4186 2049 4242 Veteri
2089 4187 2393 4257 Scriptura,
2419 4187 2533 4242 sive
2561 4188 2651 4242 illa
2669 4202 2789 4263 quae
2810 4188 2864 4241 in
2896 4184 3204 4255 Evangeliis
3235 4196 3441 4237 memo-

1818 4320 1825 4329 .
1868 4290 2080 4334 rantur.
2122 4277 2245 4334 Hzec
2265 4280 2409 4334 enim
2434 4295 2573 4353 opus
2602 4280 2707 4335 erit
2748 4294 2847 4335 vos
2885 4277 3127 4351 gentium
3162 4288 3442 4349 praecones

1869 4370 2125 4428 omnibus
2174 4371 2424 4441 gentibus
2470 4372 2719 4439 tradere;
2754 4369 2973 4441 quando
3024 4367 3128 4423 illae
3174 4382 3238 4422 ea
3276 4379 3307 4418 a
3346 4379 3443 4418 ne-

1870 4466 2015 4520 mine
2062 4465 2293 4520 antehac
2328 4450 2689 4524 edidicerunt.
2746 4464 3092 4541 Quaecunque
3144 4460 3307 4530 igitur
3346 4456 3441 4511 Dei

197 4548 337 4601 Ὅσα
368 4547 550 4601 τοίνυν
593 4547 1016 4621 ὲνανθρωπήσας
1041 4550 1069 4603 6
1099 4549 1268 4618 Λόγος
1303 4548 1626 4621 διεπράξατο
1657 4551 1767 4612 τοῖς

1874 4552 2108 4615 Verbum
2127 4554 2467 4609 incarnatum
2486 4554 2711 4626 peregit,
2730 4568 2852 4608 cum
2867 4550 3109 4622 antiquis,
3124 4547 3438 4617 conjuncta,

195 4639 452 4702 παλαιοῖς
502 4638 635 4708 ὁμοῦ
691 4639 1052 4709 συνάψαντες,
1111 4640 1382 4713 μνήσθητε
1433 4638 1769 4711 παραδοῦναι

195 4733 307 4795 τοῖς
353 4730 584 4784 ἔθνεσιν.
629 4731 893 4786 Ἐνταῦοά
938 4751 1026 4804 μοι
1051 4734 1198 4787 δοκεῖ
1220 4733 1316 4805 τὴν
1347 4733 1461 4786 ὁδὸν
1498 4733 1767 4788 δεικνύναι

196 4823 263 4887 δι’
294 4817 364 4895 ἦς
397 4822 616 4877 δυνατὸν
642 4823 737 4877 καὶ
770 4821 949 4893 ζητεῖν
974 4827 1065 4878 καὶ
1096 4827 1272 4898 εὑρεῖν
1303 4827 1393 4879 τὸν
1421 4826 1572 4880 Θεόν.
1599 4825 1694 4887 Τίς
1711 4824 1769 4877 δὲ

199 4917 232 4986 ἠ
261 4916 409 4981 ὁδός;
432 4917 493 4969 τὸ
519 4916 778 4987 διηνεκῶς
811 4918 901 4970 ἐπὶ
928 4918 1146 4989 μνήμης
1172 4920 1354 4989 φέρειν
1381 4918 1449 4971 τὰ
1492 4918 1769 4990 παράδοξα

203 5008 362 5067 αὑτοῦ
411 5008 565 5080 ἔργα,
608 5009 701 5061 καὶ
747 5008 873 5071 τοὺς
906 5008 1100 5078 νόμους
1145 5011 1237 5061 καὶ
1287 5010 1382 5073 τὰς
1411 5009 1655 5073 ὲντολάςο
1690 5010 1769 5063 διὸ

202 5100 416 5169 ἐπάγει,
452 5101 527 5153 Τὰ
552 5099 762 5167 τέρατα
792 5100 977 5154 αὐτοῦ
1006 5101 1103 5154 καὶ
1129 5100 1199 5154 τὰ
1228 5101 1479 5170 κρίματα
1504 5102 1607 5155 τοῦ
1631 5103 1770 5155 στό-

205 5207 384 5257 ματος
425 5191 642 5245 αὐτοῦ’
690 5192 887 5265 τέρατα
936 5193 1033 5262 μὲν
1077 5192 1175 5256 τὰς
1220 5193 1544 5263 θεοσημείας
1576 5195 1766 5261 λέγων,

208 5282 441 5352 κρίματα
465 5283 521 5336 δὲ
561 5283 659 5348 τὰς
698 5284 1021 5353 ἀποφάσεις,
1054 5284 1152 5347 τὰς
1205 5283 1442 5348 ἐντολὰς,
1473 5285 1505 5356 ἢ
1539 5284 1607 5337 τὰ
1637 5286 1769 5338 ὲνδὶ-

209 5388 315 5435 κως
350 5374 446 5427 καὶ
484 5373 661 5445 κρίσει
702 5374 885 5447 δικαίᾳ
940 5375 1048 5429 ὑπὸ
1098 5374 1192 5428 τοῦ
1242 5372 1376 5428 Θεοῦ
1430 5374 1769 5447 γεγενημένα

210 5459 477 5532 θαύματα.
508 5466 641 5517 Ποῖα
662 5464 717 5518 δὲ
746 5465 969 5537 τέρατα,
999 5464 1122 5520 εἰπέ
1148 5482 1266 5537 μοις
1292 5465 1371 5519 Τὰ
1390 5468 1449 5519 ἐν
1488 5464 1765 5536 Αἰγύπτῳ,

213 5551 275 5604 τὰ
323 5555 457 5623 μετὰ
492 5556 590 5628 τὴν
640 5558 932 5625 Αἴγυπτον,
971 5558 1041 5612 τὰ
1090 5559 1195 5629 πρὸ
1238 5559 1337 5629 τῆς
1381 5558 1674 5627 Αἰγύπτου,
1701 5559 1770 5613 τὰ

215 5643 348 5711 μετὰ
378 5645 474 5718 τὴν
518 5649 817 5719 παρουσίαν
856 5650 951 5722 τὴν
998 5651 1179 5709 αὑτοῦ.
1220 5653 1403 5708 Πάντα
1447 5652 1555 5725 γὰρ
1596 5652 1766 5707 ταῦτα

280 5826 327 5871 (⁵
364 5827 502 5898 ἱξείιὶ.
539 5850 709 5896 LXVII,
747 5834 827 5888 l2.

1870 4646 2122 4716 gentibus
2141 4646 2355 4701 tradere
2380 4646 2753 4700 memineritis.
2774 4644 2873 4699 llic
2894 4643 3107 4697 videtur
3132 4638 3266 4693 mihi
3294 4638 3438 4693 viam

1869 4733 2157 4789 ostendere
2187 4749 2291 4804 qua
2325 4734 2598 4805 possimus
2634 4733 2803 4787 Deum
2833 4746 3075 4812 qumrere
3097 4740 3150 4785 et
3172 4728 3436 4783 invenire.

1870 4825 2125 4892 Quaenam
2145 4812 2237 4879 illa
2260 4826 2385 4879 via?
2410 4825 2678 4896 Perpetuo
2702 4825 2758 4879 in
2788 4823 3051 4879 memoria
3089 4822 3305 4877 volvere
3329 4819 3437 4873 mi-

1870 4920 2061 4973 rabilia
2110 4920 2229 4989 ejus
2276 4934 2440 4990 opera
2466 4960 2481 4987 ,
2517 4920 2661 4992 leges
2696 4927 2750 4975 et
2772 4925 3077 4992 prmeepta:
3110 4929 3279 4987 quare
3305 4912 3439 4970 sub-

1870 5010 1969 5071 dit,
2002 4993 2256 5080 Prodigia
2278 5010 2393 5079 ejus
2424 5020 2469 5065 et
2494 5011 2690 5073 iudicia
2720 5012 2826 5065 oris
2867 5010 3002 5080 ejus.
3037 5006 3290 5078 Prodigia
3324 5006 3439 5078 qui-

1870 5101 1993 5157 dem
2032 5102 2225 5163 divina,
2268 5102 2423 5173 signa
2475 5103 2696 5171 dicens;
2723 5103 2926 5179 judicia
2956 5117 3107 5165 vero,
3134 5100 3351 5155 decreta
3385 5107 3440 5153 ct

1870 5208 2158 5264 praecepta,
2184 5195 2296 5250 sive
2326 5211 2411 5260 ea,
2454 5212 2574 5266 qua:
2602 5195 2670 5249 ad
2702 5197 2960 5257 ultionem
2990 5195 3141 5265 justo
3178 5190 3384 5261 judicio
3406 5204 3439 5243 α

1872 5287 1979 5341 Deo
2007 5294 2214 5355 patrata
2240 5294 2387 5346 sunt,
2413 5286 2697 5343 mirabilia.
2722 5290 2851 5353 Quae
2868 5285 3136 5357 prodigia,
3161 5282 3249 5336 dic
3269 5279 3438 5333 mihi?

1870 5379 1999 5446 Qua:
2051 5380 2102 5432 in
2134 5378 2387 5451 Aigypto,
2426 5394 2547 5449 qua:
2601 5389 2727 5435 ante
2772 5389 2826 5434 et
2864 5386 2986 5448 post
3031 5375 3330 5445 profectum
3382 5373 3435 5428 in

1870 5471 2185 5543 Egyptum,
2220 5488 2339 5543 qua:
2391 5480 2513 5544 post
2564 5474 2853 5528 adventum
2896 5471 3035 5540 ejus.
3072 5468 3197 5521 Hme
3237 5467 3436 5536 quippe

1870 5565 2050 5620 omnia
2080 5565 2396 5621 admiranda
2430 5574 2483 5622 et
2516 5568 2780 5637 stupenda
2808 5579 2971 5633 opera
3003 5567 3152 5623 sunt,
3178 5574 3298 5631 quae
3338 5560 3434 5611 liu-

1870 5672 2091 5714 manum
2154 5666 2368 5729 captum
2426 5666 2705 5731 superant.
2768 5655 2891 5711 Sive
2914 5653 3158 5726 prodigia
3193 5650 3462 5725 quidem,~
