3964 6528
586 382 729 439 1505

1210 382 1994 447 EUSEBIICESMUENSIS
2032 383 2183 441 OPP.
2226 385 2408 442 PARS
2446 385 2534 441 Ill.
2575 416 2646 426 —
2682 382 3090 443 EXEGETICA.

3642 387 3737 444 15οί

583 504 731 560 edita
790 505 1075 569 miracula,
1106 512 1164 559 ιιι
1194 506 1475 563 ambulare
1499 522 1666 579 supra
1710 523 1882 571 mare,
1916 518 2148 564 mortuos

2190 521 2237 575 Α
2266 509 2557 581 θαυμαστά
2586 511 2683 564 καὶ⁵
2726 505 3001 579 παράδοξα
3029 504 3343 577 πράγματα,
3388 506 3474 557 καὶ
3500 506 3738 563 ἀκολουθίαν

586 596 878 661 suscitare,
906 607 960 651 et
988 597 1189 651 similia
1214 615 1228 665 ;
1254 598 1465 667 judicia
1488 608 1669 655 autem
1683 601 1798 656 oris
1820 600 1962 669 ejus,
1998 601 2164 656 verba

587 704 709 759 qua:
732 689 948 744 dicebat
980 704 1106 744 eum
1158 690 1402 760 impuros
1433 691 1710 747 daemones
1735 707 1802 747 ex
1850 692 2163 750 hominibus

585 781 838 853 pelleret;
863 781 945 837 vel
973 790 1242 853 praecepta
1270 782 1413 839 Novi
1440 783 1795 841 Testamenti.
1836 784 1951 839 lmo
1982 786 2165 856 potius

588 876 693 928 hoc
737 874 857 929 loco
920 874 1136 929 videtur
1184 874 1317 931 mihi
1346 876 1553 946 judicia
1590 892 1789 933 vocare
1817 878 1984 948 leges,
2030 892 2166 947 quas

589 963 780 1020 sivein
835 964 996 1030 cmlo,
1034 965 1149 1021 sive
1202 966 1257 1021 in
1302 974 1468 1031 terra,
1512 967 1628 1022 sive
1676 967 1732 1022 in
1777 967 1914 1021 mari
1959 968 2163 1038 posuit.

586 1055 775 1127 Neque
805 1056 951 1112 enim
983 1058 1134 1113 solus
1174 1059 1337 1115 homo
1377 1059 1550 1130 legem
1571 1060 1813 1130 accepit;
1852 1060 1949 1116 sed
1984 1062 2169 1117 omnia

587 1148 862 1215 visibili'a;
909 1164 1079 1213 mare,
1116 1165 1184 1205 ne
1215 1165 1343 1206 oras
1382 1152 1888 1222 transgrederetur;
1930 1161 2166 1219 montes,

592 1252 650 1294 ut
679 1240 992 1311 ﬁgerentur,
1027 1249 1173 1297 terra
1205 1250 1266 1296 ut
1298 1252 1491 1310 staret,
1524 1244 1607 1300 sol
1645 1252 1706 1299 ut
1738 1253 2004 1312 curreret,
2038 1247 2170 1302 luna

591 1333 874 1403 proprium
895 1343 952 1389 ut
971 1334 1219 1389 ordinem
1255 1345 1535 1404 servaret;
1562 1338 1747 1395 varius
1768 1338 1858 1395 ille
1890 1340 2171 1395 stellarum

592 1425 814 1489 chorus,
841 1440 1153 1497 corporum,
1185 1427 1518 1498 plantarum,
1553 1430 1837 1486 brutorum
1868 1439 2086 1497 natura,
2112 1438 2173 1487 ut

591 1526 648 1573 et
710 1520 941 1573 aliorum
1010 1522 1291 1587 omnium,
1344 1522 1517 1593 legem
1581 1524 1792 1595 accepit
1848 1543 1861 1579 :
1915 1525 2173 1581 universa

591 1611 794 1682 quippe
848 1612 964 1668 suis
1010 1613 1221 1684 legibus
1251 1614 1725 1672 administrantur.
1760 1617 1824 1671 Et
1851 1617 1964 1673 haec
1987 1620 2170 1674 omnia

592 1706 878 1776 praeceptis
937 1705 1081 1762 facta
1131 1716 1281 1772 sunt,
1313 1724 1434 1779 quae
1471 1724 1566 1766 ore
1610 1710 1980 1769 declarantur.
2014 1712 2174 1779 Quas.

592 1813 809 1868 cunque
858 1814 990 1869 ergo
1050 1815 1115 1856 os
1171 1801 1367 1871 ipsius,
1392 1803 1508 1859 sive
1553 1819 1651 1874 per
1695 1803 1884 1871 Vetus,
1929 1805 2046 1861 sive
2076 1821 2175 1877 per

2262 601 2611 674 ἀνθρωπίνην
2648 600 3063 673 ὑπερϐαίνοντα.
3091 599 3165 651 Ἦ
3203 595 3400 667 τέρατα
3440 599 3525 668 μὲν
3553 600 3610 652 τὰ
3631 619 3741 669 γεγε.

2263 694 2471 766 νημένα
2497 692 2770 763 θαύματα,
2804 692 2880 755 ὡς
2905 692 2965 744 τὸ
3003 691 3367 764 περιπατῆσαι
3394 691 3478 743 ἐπὶ
3502 691 3583 762 τῆς
3602 691 3743 746 θηλάς.

2264 805 2387 859 σης,
2415 788 2510 841 καὶ
2537 786 2729 860 νεκρὸν
2756 786 3081 857 ἀναστῆσαι,
3107 785 3201 838 καὶ
3223 784 3290 837 τὰ
3311 782 3544 838 τοιαῦταο
3568 786 3744 854 κρίματα

2266 879 2323 933 δὲ
2344 878 2436 934 τοῦ
2464 878 2732 949 στόματος
2756 877 2922 934 αὐτοῦ
2958 878 3082 940 τοὺς
3113 875 3303 944 λόγους
3326 874 3417 939 οὓς
3451 874 3620 942 ἔλεγεν,
3641 876 3747 929 ἐλαύ-

2267 989 2372 1026 νων
2400 972 2507 1024 τῶν
2535 970 2835 1045 ἀνθρώπων
2862 971 2985 1034 τοὺς
3018 969 3355 1039 ἀκαθάρτους
3384 966 3623 1037 δαίμονας,
3643 967 3669 1038 ἢ
3686 969 3749 1023 ιω).

2266 1068 2366 1131 τὰς
2414 1066 2633 1128 ἐντολὰς
2664 1065 2763 1136 τῆς
2808 1065 3015 1135 Καινῆς
3045 1062 3338 1136 Διαθήκης.
3385 1062 3577 1117 Μᾶλλον
3613 1063 3658 1117 δὲ
3690 1065 3749 1117 ὲν-

2267 1159 2443 1215 ταῦθά
2478 1176 2566 1229 μοι
2593 1157 2740 1212 δοκεῖ
2775 1156 3022 1229 κρίματα
3058 1158 3185 1220 τοὺς
3234 1155 3425 1226 νόμους
3470 1152 3636 1223 λέγειν,
3665 1157 3749 1220 τοὺς

2268 1252 2327 1307 ὲν
2351 1251 2586 1324 οὐρανῷ,
2618 1253 2746 1314 τοὺς
2770 1250 2828 1303 ὲν
2866 1252 2959 1321 γῇ,
2994 1250 3120 1312 τοὺς
3158 1250 3214 1300 ὲν
3246 1246 3496 1319 θαλάσσῃ.
3522 1247 3585 1301 Οὐ
3611 1247 3752 1318 me;

2274 1343 2433 1414 μόνος
2490 1340 2775 1413 ἄνθρωπος
2833 1339 2994 1395 ἔλαϐε
3052 1338 3236 1409 νόμον,
3292 1336 3425 1390 ἀλλά
3467 1334 3529 1388 τά
3572 1334 3752 1404 ὁρώμενα

2271 1434 2486 1489 ἅπαντα
2508 1449 2522 1465 '
2563 1435 2598 1505 ή
2630 1432 2871 1505 θάλασσα
2903 1431 2964 1489 τὸ
2999 1430 3073 1502 μὴ
3116 1428 3457 1500 ὑπερϐαίνειν
3492 1428 3598 1490 τούς
3632 1427 3752 1492 alm-

2271 1527 2396 1589 λούς
2413 1543 2427 1553 ·
2459 1524 2530 1579 τὰ
2551 1525 2652 1597 ὅρη
2675 1523 2737 1577 τὸ
2766 1523 3094 1595 πεπηγέναι,
3125 1522 3159 1591 ἡ
3185 1520 3256 1591 γῆ
3283 1520 3343 1573 τὸ
3376 1517 3587 1580 ἑστάναι,
3610 1518 3633 1570 ό
3654 1515 3752 1587 ἣλιος

2271 1621 2333 1674 τὸ
2366 1620 2602 1691 τρέχειν,
2636 1618 2670 1689 ἡ
2707 1617 2906 1688 σελήνη
2931 1616 3033 1687 τὴν
3075 1614 3210 1668 ἰδίαν
3240 1612 3503 1678 εὐταξίαν,
3532 1612 3556 1663 ὁ
3584 1606 3752 1668 statuito;

2272 1714 2381 1768 τῶν
2414 1713 2659 1786 ἀστέρων
2685 1711 2863 1783 χορὸς,
2911 1711 2946 1782 ἡ
2980 1708 3145 1779 φύσις
3182 1707 3291 1760 τῶν
3334 1705 3597 1777 σωμάτων,
3632 1703 3657 1771 ἡ
3687 1700 3753 1753 τῶν

2279 1806 2483 1877 φυτῶν,
2518 1808 2552 1878 ἡ
2596 1804 2706 1858 τῶν
2754 1805 2983 1873 ἀλόγων,
3022 1805 3058 1873 ἡ
3097 1802 3206 1857 τῶν
3248 1801 3419 1857 ἄλλων
3457 1797 3687 1851 ἁπάντων·
3709 1796 3747 1845 οἱς

591 1885 803 1942 Novum
838 1887 1555 1962 Testamentumjudicavit,
1584 1909 1647 1949 ea
1677 1897 2007 1961 connectite,
2038 1913 2156 1968 gen-

2205 1887 2249 1943 Β
2277 1900 2445 1961 κείοις
2494 1895 2604 1966 γάρ
2662 1896 2878 1951 ἅπαντα
2917 1894 3194 1947 διοικεῖται
3248 1892 3448 1963 νόμοις.
3502 1888 3595 1941 Καὶ
3642 1884 3751 1938 ταῦτα

591 1980 740 2036 tibus
760 1983 1154 2053 pmcipientes,
1179 1993 1240 2039 ut
1260 1985 1469 2055 judicia
1493 1987 1613 2057 ejus
1628 1990 1783 2060 quasi
1816 1990 1996 2061 regias
2028 1992 2176 2063 leges

592 2075 929 2131 custodiant.
979 2075 1193 2133 Judicia
1240 2095 1404 2152 porro
1441 2082 1713 2155 intelligas
1755 2099 1841 2150 ea,
1881 2101 2003 2156 quae
2026 2084 2178 2156 justo

592 2167 806 2222 calculo
853 2169 1181 2226 mirabiliter
1208 2173 1355 2228 edita
1380 2184 1528 2231 sunt.
1556 2174 1690 2230 Nam
1725 2176 1852 2247 quia
1882 2193 1945 2233 ea
1968 2195 2090 2249 quae
2119 2179 2177 2234 in

594 2256 833 2331 Λεπριο
860 2270 1011 2332 gesta
1039 2271 1170 2318 sunt
1203 2275 1531 2323 narraturus
1559 2274 1666 2330 est,
1704 2268 1975 2339 justitiam
2008 2270 2175 2325 ultio-

593 2351 683 2407 nis
717 2349 785 2405 de
835 2350 1106 2423 tEgyptiis
1152 2365 1381 2426 sumptas
1413 2357 1612 2413 docere
1652 2361 1966 2415 antevertit.
2003 2357 2178 2431 Opor-

592 2445 744 2500 tebat
770 2444 915 2498 enim
947 2461 1159 2511 omnes,
1194 2448 1286 2516 qui
1312 2452 1369 2503 in
1391 2459 1535 2503 terra
1561 2457 1709 2515 sunt,
1747 2450 2020 2513 homines,
2054 2450 2175 2521 ejus

591 2536 817 2606 judiciis
848 2538 1120 2602 subditos,
1154 2554 1331 2610 neque
1374 2549 1525 2612 gesta
1555 2541 1700 2611 ejus,
1738 2558 1915 2613 neque
1967 2544 2174 2614 judicia

594 2630 717 2699 ejus
751 2630 1022 2701 ignorare.
1058 2632 1271 2700 Quibus
1294 2633 1519 2704 judiciis
1553 2648 1663 2688 non
1684 2635 1861 2689 solum
1889 2634 2173 2690 Iudaicam

595 2728 832 2792 gentem,
850 2724 945 2777 sed
968 2724 1132 2779 etiam
1151 2740 1343 2781 omnes
1370 2725 1426 2779 in
1444 2733 1589 2781 terra
1618 2727 1868 2783 homines
1888 2728 2176 2783 vocatione

596 2827 697 2866 sua
727 2812 943 2884 dignari
971 2813 1234 2870 decrevit.

2277 1990 2495 2045 ἅπαντα
2533 1986 2867 2059 ἐπιτάγμασι
2895 1985 3141 2054 γέγονεν,
3186 1985 3324 2055 ὅπερ
3354 1980 3582 2051 δηλοῦται
3606 1978 3672 2031 διὰ
3697 1975 3753 2028 mi

2279 2079 2566 2150 στόματος.
2598 2080 2740 2132 Ὅσα
2765 2079 2945 2133 τοίνυν
2976 2078 3039 2132 τὸ
3073 2076 3250 2147 στόμα
3290 2072 3450 2128 αὑτοῦ
3483 2068 3754 2143 ἔκρινεν.εἶτε

2279 2172 2369 2228 διὰ
2392 2173 2492 2244 τῆς
2521 2171 2788 2237 Παλαιᾶς,
2814 2172 2924 2225 εἴτε
2952 2169 3040 2224 διὰ
3062 2168 3161 2240 τῆς
3191 2167 3339 2230 Νέας
3354 2163 3602 2235 Διαθήκης
3622 2161 3754 2231 ἔκρινε.

2280 2267 2668 2337 ἐπισυνάψατε,
2723 2265 3012 2337 φυλάττειν
3060 2264 3137 2328 ὼς
3183 2262 3383 2333 νόμους
3429 2256 3681 2329 βασιλικοὺς
3716 2252 3755 2304 τὰ

2279 2364 2525 2435 κρίματα
2558 2361 2724 2416 αὑτοῦ
2755 2362 2867 2425 τοῖς
2898 2360 3074 2413 ἔθνεσι
3108 2352 3576 2428 παραγγέλλοντες.
3600 2347 3752 2417 Νοήςεις

2278 2455 2336 2507 δὲ
2392 2453 2637 2525 κρίματα
2692 2452 2762 2507 τὰ
2820 2450 3008 2522 δικαία
3065 2449 3229 2521 ψήφῳ
3287 2438 3751 2517 θαυματουργηθένια.

2289 2545 2507 2615 Ἐπειδὴ
2537 2544 2643 2616 γὰρ
2666 2543 2735 2598 τά
2761 2545 2818 2596 ὲν
2838 2542 3098 2612 Αἰγύπτῳ
3126 2538 3309 2612 μέλλει
3332 2532 3620 2606 διηγεῖσθαι,
3640 2528 3755 2599 προίδ-

2278 2634 2466 2687 δάσκει
2491 2634 2590 2705 τῆς
2621 2633 2929 2701 Αἰγυπτίων
2954 2630 3223 2701 τιμωρίας
3248 2628 3311 2682 τὸ
3334 2627 3544 2681 δίκαιον.
3567 2616 3755 2686 Ἐδειτὲρ

2279 2726 2485 2790 πάντας
2526 2727 2651 2789 τοὺς
2688 2725 2781 2780 ἐπὶ
2820 2724 2923 2795 γῆς
2964 2722 3284 2794 ἀνθρώπους
3328 2715 3664 2787 ὑποκειμένους
3684 2712 3754 2770 τοῖς

2279 2815 2444 2871 αὑτοῦ
2478 2817 2706 2888 κρίαασι
2739 2817 2814 2889 μὴ
2844 2816 3058 2884 ἀγνοεῖν
3095 2814 3232 2885 μήτε
3258 2812 3327 2866 τά
3360 2810 3488 2883 ἔργα
3512 2804 3644 2861 αὑτού
3667 2802 3753 2872 μήτε

593 2906 663 2961 τὰ
691 2908 936 2978 κρίματα
961 2909 1147 2966 αὐτοῦ.
1176 2911 1253 2963 Δι’
1276 2904 1351 2966 ὧν
1374 2912 1657 2985 χριμάτων
1680 2914 1740 2966 οὐ
1775 2914 1934 2985 μόνον
1960 2914 2020 2967 τὸ
2051 2914 2318 2969 Ἰουδαίων
2354 2913 2523 2978 ἔθνος,
2556 2912 2694 2967 άλλά
2732 2914 2827 2965 καὶ
2858 2912 3067 2975 πάντας
3103 2911 3230 2973 τούς
3271 2908 3364 2963 ἐπὶ
3394 2906 3492 2976 γῆς
3529 2898 3755 2971 ἀνθρώπως

594 3001 777 3073 ἐκρινε
804 3006 903 3077 τῆς
930 3008 1095 3063 αὐτοῦ
1124 3011 1369 3081 κλήσεως
1395 3009 1752 3074 καταξιῶσαι.

671 3122 833 3181 Vens.
864 3127 990 3191 6,7.
1025 3127 1213 3183 Semen
1244 3128 1516 3182 Abraham
1552 3130 1688 3183 servi
1719 3129 1855 3199 ejus,
1888 3129 1991 3199 filii
2011 3126 2178 3182 Iacob

2355 3121 2597 3193 Σπέρμα
2652 3121 2900 3192 Ἀϐραὰμ
2952 3119 3161 3174 δοῦλοι
3216 3116 3424 3182 αὑτοῦ,
3478 3112 3579 3169 vlol
3627 3107 3757 3164 Ἰακὼϐ

594 3214 744 3271 electi
771 3217 904 3287 ejus.
941 3217 1063 3288 Ipse
1094 3219 1351 3273 Dominus
1396 3217 1537 3273 Deus
1564 3229 1759 3276 noster.
1779 3219 2047 3286 Quoniam
2075 3236 2159 3273 nat

2207 3235 2253 3296 ο
2281 3214 2556 3271 ἐκλεκτοὶ
2603 3213 2811 3271 αὐτοῦ.
2864 3210 3057 3277 Αὐτὸς
3105 3210 3324 3281 Κύριος
3378 3211 3409 3261 ό
3460 3204 3584 3269 θεὸς

596 3325 773 3362 omnes
804 3311 894 3380 qui
918 3326 983 3364 ea:
1014 3310 1211 3376 Israel,
1270 3313 1309 3365 ii
1360 3321 1483 3366 sunt
1538 3311 1840 3377 Israelitae,
1895 3329 2056 3383 neque
2085 3313 2175 3383 qui

596 3418 770 3456 semen
831 3412 955 3456 sunt
1008 3404 1258 3470 Abrahae,
1316 3421 1492 3460 omnes
1542 3405 1737 3474 ﬁlii";
1780 3406 1906 3476 jure
1951 3406 2176 3475 quidem

598 3492 850 3549 Salvator
880 3506 1068 3553 noster
1094 3499 1295 3556 Judazis
1322 3504 1416 3572 qui
1449 3518 1517 3558 ex
1548 3500 1757 3559 semine
1793 3499 2027 3554 Abrahae
2055 3514 2178 3554 esse

596 3590 995 3659 gloriabantur,
1014 3593 1150 3647 dixit
1172 3614 1183 3648 :
1204 3593 1325 3649 Scio
1343 3596 1467 3665 quia
1496 3611 1665 3650 semen
1691 3592 1920 3647 Abrahw
1951 3592 2077 3646 estis
2107 3592 2174 3659 5°;

596 3687 651 3733 et
685 3681 901 3748 iterum,
933 3681 994 3737 Si
1043 3684 1147 3752 ﬁlii
1203 3684 1433 3740 Abrahw
1471 3687 1618 3753 estis,
1643 3701 1800 3754 opera
1838 3682 2069 3737 Abraha:
2092 3683 2178 3752 fa-

597 3771 698 3825 cile
725 3771 794 3837 '7;
825 3772 899 3826 ita
936 3781 994 3827 ut
1019 3774 1241 3844 quidam
1296 3776 1393 3830 ﬁlii
1445 3777 1555 3831 sint
1598 3774 1831 3829 Abralia:
1862 3789 1959 3844 per
1995 3773 2179 3826 imitao

598 3862 824 3925 tionem,
862 3865 955 3937 qui
1004 3875 1058 3919 et
1086 3868 1245 3922 electi
1288 3877 1593 3923 vocantur:
1628 3881 1753 3920 cum
1787 3865 1953 3936 aliqui
1992 3880 2177 3921 semen

599 3966 811 4013 tantum
859 3959 979 4029 ejus
1033 3962 1163 4026 sint,
1200 3970 1365 4031 atque
1398 3963 1520 4016 ideo
1567 3961 1792 4015 minimc
1820 3959 1979 4015 electi
2017 3975 2031 4010 :
2066 3973 2176 4012 non

598 4052 741 4105 cnim
773 4067 957 4107 semen
984 4054 1219 4106 electum
1260 4053 1483 4115 dicitur,
1520 4054 1614 4108 sed
1659 4053 1774 4107 lilii.
1809 4051 2005 4106 Semen
2046 4065 2178 4105 vero

599 4157 635 4197 ε.
670 4152 728 4196 nt
782 4144 923 4199 servi
955 4144 1095 4214 ejus.
1139 4145 1276 4199 Cum
1322 4146 1504 4215 itaque
1545 4145 1799 4217 discipuli
1845 4144 2176 4209 Servatoris,

599 4234 844 4298 gentium
902 4249 1183 4302 praecones
1232 4234 1433 4299 effecti,
1480 4244 1773 4308 utrumque
1828 4236 2174 4301 obtinerent,

600 4330 788 4393 utpote
822 4325 913 4394 qui
944 4335 997 4380 et
1021 4328 1163 4381 servi
1188 4339 1372 4383 essent
1402 4339 1455 4384 et
1483 4331 1670 4397 electi;
1709 4332 1829 4386 ideo
1854 4332 2059 4385 dictum
2094 4339 2179 4387 est

599 4414 667 4467 ad
693 4430 787 4469 eos
819 4434 830 4469 :
866 4415 1052 4471 Semen
1082 4418 1351 4473 Abraham
1382 4422 1517 4475 servi
1537 4422 1673 4491 ejus,
1707 4424 1808 4493 ﬁlii
1830 4423 1995 4476 Iacob
2030 4424 2180 4478 electi

596 4504 729 4565 eius.
764 4504 902 4560 Iluic
935 4515 1115 4562 autem
1147 4510 1318 4575 dicto,
1350 4510 1518 4566 Electi
1550 4512 1681 4581 ejus,
1708 4529 1994 4583 compares
2020 4514 2175 4577 illud,

600 4595 713 4651 [los
743 4596 1015 4652 duodecim
1033 4601 1185 4669 elegit
1211 4598 1392 4665 Iesus,
1419 4612 1468 4655 et
1493 4603 1759 4671 apostolos
1791 4604 2082 4655 nominavit
2106 4601 2172 4668 '3;
2208 4586 2252 4640 θ

595 4698 650 4742 et
678 4690 833 4753 illud,
868 4689 1057 4745 Nonne
1083 4708 1175 4761 ego
1200 4710 1286 4747 vos
1302 4693 1577 4747 duodecim
1592 4695 1722 4765 elegi
1751 4694 1836 4748 "?
1865 4694 2174 4749 Electorum

595 4794 730 4835 vero
755 4783 1123 4853 praestantiam
1155 4783 1510 4854 intelligimus
1540 4800 1606 4839 cx
1643 4786 1758 4849 illo,
1789 4782 1952 4837 Multi
1981 4784 2171 4848 vocati,

597 4875 753 4939 pauci
778 4890 893 4927 vero
922 4876 1152 4931 electi“.
1176 4875 1295 4946 Ipse
1318 4877 1573 4931 Dominus
1603 4876 1743 4932 Deus
1773 4887 1969 4940 noster,
1988 4878 2041 4929 in
2063 4877 2175 4930 uni-

599 4980 747 5016 versa
779 4974 920 5019 terra
963 4966 1174 5035 judicia
1224 4969 1359 5039 ejus.
1391 4968 1507 5022 Non
1546 4968 1932 5038 ignorandum,
1975 4968 2172 5037 inquit,

598 5052 778 5123 ipsum
811 5072 933 5112 esse
960 5057 1245 5113 Dominum
1274 5059 1441 5115 Deum
1470 5070 1740 5125 nostrum,
1765 5058 1856 5128 qui
1890 5059 2181 5128 providen-

597 5151 672 5205 tia
720 5165 816 5204 sna
845 5150 1157 5207 universum
1210 5152 1473 5206 mundmn
1510 5150 1711 5205 divinis
1751 5149 1977 5220 judiciis
2007 5149 2182 5204 admi-

598 5245 830 5310 nistrat;
856 5244 928 5297 ita
966 5252 1025 5300 ut
1051 5246 1185 5300 nihil
1210 5246 1328 5301 sine
1359 5244 1589 5312 judicio,
1631 5244 1766 5298 nihil
1794 5245 1915 5299 sine
1944 5243 2179 5313 Deipro—

596 5336 839 5391 videntia
867 5338 1101 5393 eveniat.

2292 3312 2443 3365 Ἐπεί
2480 3308 2565 3379 μὴ
2603 3308 2826 3373 πάντες
2870 3308 2926 3361 οἱ
2963 3305 3033 3372 ἐξ
3084 3303 3344 3372 Ἰσραὴλ,
3386 3296 3534 3356 οὗτοι
3574 3290 3750 3361 Ἰσραὴλ.

2272 3401 2428 3471 μηδὲ
2474 3400 2607 3453 ὅσοι
2656 3398 2775 3453 εἰσί
2818 3396 3057 3467 σπέρμα
3096 3394 3363 3463 Ἀϐραὰμ,
3399 3390 3595 3484 παντες
3620 3382 3751 3484 τέκῖαι

2278 3491 2503 3554 εἰκότως
2546 3489 2645 3562 μὲν
2671 3491 2698 3542 ὁ
2724 3488 2911 3560 Σωτὴρ
2943 3486 3099 3559 ἡμῶν
3132 3487 3246 3548 τοῖς
3288 3485 3351 3536 ὲκ
3374 3480 3644 3551 σπέρματος
3666 3480 3751 3523 εἰναι

2291 3582 2541 3655 Ἀϐραὰμ
2600 3580 2855 3653 αὐχοῦσιν
2919 3578 3192 3641 Ἰουδαίοις
3248 3576 3457 3644 ἔλεγεν·
3514 3568 3652 3631 Οἶδα,
3696 3564 3751 3664 ὅτι

2278 3675 2516 3744 σπέρμα
2550 3673 2795 3743 Ἀϐραάμ
2835 3673 2973 3726 ἐστε
2994 3689 3007 3704 ·
3045 3670 3143 3727 καὶ
3185 3669 3377 3723 πάλιν·
3410 3669 3475 3721 El
3509 3663 3654 3718 τέκνα
3684 3663 3750 3710 τείν

2294 3766 2537 3836 Ἀϐραὰμ
2576 3764 2700 3837 ἦτε,
2753 3765 2827 3819 τὰ
2861 3764 3006 3834 ἔργα
3049 3761 3157 3818 τοῦ
3200 3762 3440 3831 Ἀϐραὰμ
3483 3748 3749 3812 ποιεῖτείἷις

2279 3879 2441 3916 τινων
2472 3844 2636 3914 τέκνα
2679 3861 2777 3931 μὲν
2812 3860 2981 3912 ὄντων
3005 3857 3104 3929 ,τοῦ
3140 3856 3392 3929 ’Δϐραάμ
3431 3853 3511 3908 διὰ
3535 3850 3747 3923 μιμήσεως,

2281 3954 2330 4007 οἳ
2369 3955 2462 4006 καὶ
2505 3952 2750 4008 ἐκλεκτοί
2801 3953 3072 4023 εἴρηνται·
3113 3950 3275 4004 τινῶν
3320 3949 3375 4004 δὲ
3423 3945 3610 4016 σπέρμα
3647 3938 3749 4009 μόναν

2282 4045 2450 4100 ὄντων
2482 4045 2669 4109 αὐτοῦ,
2701 4046 2794 4098 καὶ
2821 4044 2908 4098 διὰ
2945 4044 3101 4097 τοῦτο
3142 4040 3409 4096 ἐκλεκτῶν
3436 4038 3526 4092 οὐκ
3546 4035 3683 4091 όντων.
3702 4026 3745 4082 Οὐ

2280 4136 2389 4207 γάρ
2416 4136 2476 4188 τὸ
2509 4135 2729 4206 σπέρμα
2771 4133 3022 4188 ἐκλεκτὸν
3060 4131 3274 4202 ἐλέχθη,
3311 4129 3422 4183 ἀλλ’
3449 4129 3491 4183 οξ
3517 4122 3617 4217 υἱοί.
3644 4118 3693 4217 T-b
3712 4114 3745 4165 δὲ

2284 4230 2507 4299 σπέρμα
2538 4226 2712 4280 δοῦλοι
2743 4225 2929 4280 αὐτοῦ.
2970 4226 3118 4278 Ἐπεὶ
3149 4223 3330 4279 τοίνυν
3373 4224 3418 4274 οἱ
3460 4215 3542 4271 τοῦ
3576 4215 3745 4278 Σωτῆρος

2287 4322 2543 4392 μαθηταὶ,
2568 4322 2617 4375 οἱ
2637 4320 2748 4373 τῶν
2773 4318 2941 4373 ἐθνῶν
2961 4318 3238 4390 γενόμενοι
3284 4317 3526 4388 κήρυκες,
3546 4304 3745 4392 ἀμφότερα

2284 4390 2447 4485 εἶχον,
2478 4413 2572 4467 ἅτε
2616 4414 2709 4467 καὶ
2736 4412 2910 4467 δοῦλοι
2942 4414 3091 4475 ὅντες
3132 4410 3225 4463 καὶ
3254 4403 3515 4463 ἐκλεκτοί·
3540 4390 3746 4493 ὅθενπρξς

2285 4508 2481 4570 αὐτοὺς
2511 4506 2758 4561 λέλεκται
2779 4524 2793 4536 ·
2828 4506 3069 4575 Σπέρμα
3112 4504 3358 4573 Ἀϐραὰμ
3398 4498 3577 4554 δοῦλοι
3607 4492 3743 4544 αὐτοι.

2280 4600 2398 4653 υίοὶ
2434 4600 2633 4653 Ἰακὼϐ
2658 4600 2929 4655 ἐκλεκτοί
2950 4574 3157 4654 αὑτοῦ.
3189 4596 3334 4668 Πρὸς
3356 4595 3410 4648 δὲ
3436 4592 3507 4653 τὸ,
3531 4574 3745 4681 fuisqu

2281 4691 2487 4755 αὐτοῦ,
2522 4691 2861 4765 παραθήσεις
2900 4691 2979 4756 τὸ,
3029 4667 3286 4755 Τούτους
3320 4686 3449 4751 τοὺς
3479 4679 3658 4736 δώδεκα

2282 4782 2532 4848 ελέξατο
2563 4756 2877 4852 ό”1ηὰοῦς,
2904 4783 3001 4837 καί
3024 4783 3399 4849 ἀποστόλους
3421 4775 3646 4843 ὠνόμασε
3661 4781 3671 4793 ’
3689 4756 3744 4852 xit

2282 4874 2362 4939 τι,
2395 4878 2517 4930 οὐκ
2548 4876 2663 4947 ἐγὼ
2689 4849 2870 4947 ὖμᾶξ
2892 4876 3034 4943 τοὺς
3076 4874 3306 4929 δώδεκα
3340 4849 3742 4947 sectatiqu

2280 4968 2335 5021 δὲ
2370 4945 2647 5041 ἐξαίρετον
2679 4945 2784 5022 τῶν
2815 4967 3084 5023 ἐκλεκτῶν
3122 4967 3379 5037 νοήσομεν
3404 4960 3497 5015 ἀπὸ
3518 4954 3619 5010 τοῦθ
3642 4945 3741 5041 Πολῖ

2279 5062 2375 5114 λοὶ
2419 5035 2648 5129 πλὴτοί,
2691 5063 2881 5131 ὀλίγοι
2912 5059 2981 5114 δὲ
3023 5035 3316 5113 ἐκλεκτοί.
3348 5052 3519 5116 Αὐτὸς
3546 5035 3739 5133 Κύριοςῤ

2282 5152 2427 5219 Θεὸς
2467 5154 2653 5222 ἡμῶν,
2692 5155 2761 5208 ἐν
2796 5152 2964 5222 πάσῃ
3006 5152 3080 5221 τῇ
3111 5150 3187 5221 γῇ
3233 5150 3303 5204 τὰ
3344 5149 3565 5219 κρίματα
3599 5136 3737 5222 αὐτα·

2282 5250 2394 5300 Οὐκ
2428 5219 2739 5317 ἀγνοητέον,
2764 5219 3239 5317 φησίν,νότιήαύτός
3265 5246 3371 5299 ἐστι
3409 5238 3578 5307 Κύριος
3606 5230 3628 5281 ό
3652 5219 3735 5322 Osi;

2280 5340 2459 5409 ἡμῶν,
2484 5339 2542 5403 ὃς
2578 5340 2805 5411 προνοίᾳ
2831 5339 2923 5393 τὸν
2960 5338 3252 5411 σύμπαντα
3285 5336 3471 5407 κόσμον
3502 5325 3630 5383 θείοις
3658 5330 3734 5383 ιρι.

600 5420 736 5504 μασι
762 5429 970 5495 διοικεῖ,
1012 5431 1087 5494 ὡς
1132 5430 1297 5501 μηδὲν
1330 5429 1589 5500 ἀκρίτως,
1620 5430 1755 5501 μηδὲ
1795 5432 1922 5486 ἄνευ
1951 5431 2050 5502 τῆς
2082 5430 2175 5483 τοῦ
2213 5430 2348 5486 Θεοῦ
2387 5432 2641 5504 προνοίας
2676 5432 2975 5502 γίγνεσθαι.

670 5542 836 5597 Vens.
872 5544 1023 5597 8-15.
1085 5543 1289 5597 Memor
1352 5542 1453 5611 fuit
1503 5543 1558 5596 in
1588 5543 1840 5597 steculum
1877 5547 2176 5599 testamenti

598 5638 699 5697 sui,
732 5638 869 5690 verbi
900 5637 1038 5706 quod
1070 5636 1335 5691 mandavit
1365 5638 1418 5689 iu
1447 5637 1591 5691 mille
1617 5641 1998 5708 generationes.
2022 5640 2175 5707 Quod

670 5862 713 5893 ⁶¹
754 5859 910 5915 ίὶοιῐι.
950 5876 1032 5926 Ix,
1072 5859 1193 5924 6,7.
1273 5857 1487 5915 '“Joan.
1527 5877 1651 5927 vm,
1691 5861 1778 5915 57.
1859 5862 1901 5892 ⁸⁷
1945 5860 2073 5917 ibid.
2113 5862 2199 5918 59.

2364 5548 2667 5619 Ἐμνήσθη
2702 5549 2791 5615 εἰς
2818 5547 2925 5601 τὸν
2952 5546 3138 5602 αἰῶνα
3172 5544 3446 5612 διαθήκης
3476 5531 3639 5593 αὐτοῦ’
3666 5523 3729 5576 ·¹ί“

2284 5662 2389 5711 γου
2418 5638 2490 5699 οὗ
2534 5642 2871 5696 ἐνετείλατο
2905 5644 2992 5708 εὶς
3020 5642 3220 5711 χιλίας
3257 5638 3465 5710 γενεὰς,
3493 5631 3554 5686 ὃν
3580 5620 3729 5680 διέθετο

2278 5865 2317 5889 "‘
2362 5862 2493 5920 Luc.
2531 5880 2615 5927 ιι,
2659 5865 2742 5921 15.
2821 5866 2864 5898 ⁸³⁸
2905 5862 3301 5929 Joan.vt,7l.'
3336 5861 3375 5892 ‘°
3411 5853 3561 5912 Malll-
3595 5840 3723 5898 λίθω·
