3964 6528
213 409 347 469 1505

1336 407 1839 467 COMMENTARIA
1871 411 1940 469 IN
1963 398 2299 471 psliLMos.

3294 418 3432 475 1506

208 532 287 598 τῷ
318 526 577 595 Ἀϐραὰμ,
608 526 705 581 καί
733 527 837 581 τοῦ
874 526 1053 606 ὅρκου
1072 528 1257 583 αυτοῦ
1287 527 1369 594 τῷ
1399 528 1597 584 Ἰσαάκ
1620 549 1632 562 ο
1667 532 1765 585 καί

1885 534 2125 602 lisposuit
2154 534 2223 588 ad
2251 533 2542 599 Abraham,
2569 542 2619 588 et
2638 535 2933 604 juramenti
2968 534 3051 588 sui
3083 531 3149 586 ad
3177 530 3357 596 Isaac,
3382 543 3431 588 et

210 624 469 689 ἔστησεν
491 618 676 672 αὐτὸν
699 617 778 683 τῷ
816 618 1014 673 Ἰακὼό
1042 621 1130 685 εἰς
1162 622 1531 692 πρόσταγμα,
1565 623 1661 676 καί
1691 622 1772 689 τῷ

222 711 453 781 Ἰσραὴλ
481 712 568 776 εἰς
593 709 884 777 διαθήκην
908 710 1147 764 αἰώνιον
1164 750 1179 776 ,
1213 713 1407 782 λέγων
1424 729 1439 745 ο
1470 713 1572 768 Σοὶ
1601 713 1772 768 δώσω

209 808 322 876 τὴν
348 804 467 876 γῆν
496 802 758 867 Χαναὰν,
795 804 1123 873 σχοίνισμα
1152 805 1555 874 κληρονομίας
1581 804 1769 877 ὑμῶν.

221 902 319 954 Ἐν
342 896 422 962 τῷ
448 892 601 951 εῖναι
624 896 844 962 αὐτοὺς
870 894 1091 965 ἀριθμῷ
1126 896 1399 966 βραχεῖς,
1420 896 1774 967 ὀλιγοστοὺς

207 990 303 1046 καί
347 990 673 1058 παροίκους
704 989 774 1041 ἐν
813 987 985 1057 αὐτῇ.
1029 988 1141 1043 Kal
1166 987 1417 1058 διῆλθον
1453 989 1523 1055 ἐξ
1559 992 1773 1061 ἔθνους

206 1085 294 1149 εις
333 1082 541 1147 ἔθνος,
581 1080 682 1135 καὶ
728 1081 797 1134 ἐκ
838 1080 1164 1146 ,βασιλείας
1214 1081 1303 1145 εἰς
1348 1080 1503 1135 λαὸν
1546 1080 1770 1149 ἕτερον.

203 1176 323 1227 οὐκ
344 1172 580 1242 ἀφῆκεν
600 1171 912 1242 ἄνθρωπον
930 1172 1211 1240 ἀδικῆσαι
1231 1173 1472 1238 αὐτοὺς,
1487 1173 1587 1227 καί
1604 1173 1775 1245 ἤλεγ-

207 1268 313 1333 ξεν
337 1267 491 1336 ὑπὲρ
517 1267 716 1321 αὐτῶν
750 1264 1052 1332 βασιλεῖς.
1080 1264 1178 1334 Μὴ
1225 1264 1485 1321 ἅπτεσθε
1514 1265 1634 1321 τῶν
1658 1283 1778 1335 χρι-

207 1360 369 1414 στῶν
392 1376 535 1428 μου,
571 1358 671 1413 καί
705 1358 775 1412 ἐν
804 1357 929 1425 τοῖς
956 1356 1289 1427 προφήταις
1326 1375 1445 1427 μου
1471 1357 1557 1427 μὴ
1591 1370 1778 1426 πονη-

203 1453 477 1521 ρεύεσθε.
523 1451 854 1521 Ἐπιστήσας
901 1448 1143 1521 ἀκριϐῶς
1186 1449 1270 1513 τίς
1321 1445 1393 1520 ἦν
1446 1452 1476 1504 ὁ
1518 1449 1675 1518 λόγος
1718 1450 1777 1503 ὃν

207 1542 507 1596 ἐνετείλατο
549 1543 630 1606 εἰς
670 1540 870 1604 πολλὰς
912 1539 1104 1609 γενεὰς
1130 1538 1531 1610 ἐξικνούμενον,
1576 1539 1636 1591 οὐ
1669 1538 1778 1610 γὰρ

207 1634 343 1688 ἑτῶν
399 1634 652 1706 ἀριθμὸν,
704 1632 839 1687 ἀλλὰ
869 1632 931 1685 τὸ
960 1631 1205 1702 διηνεκὲς
1242 1630 1535 1685 αἰνίττεται
1586 1630 1679 1685 καὶ⁸
1717 1630 1779 1683 τὸ

205 1725 431 1797 πλῆθος,
466 1725 541 1789 ὼς
567 1724 628 1779 τδ
668 1724 915 1790 ἑπτάκις,
951 1723 1154 1792 Στεῖρα
1186 1722 1395 1778 ἔτεκεν
1419 1723 1591 1787 ἑπτὰ,
1623 1739 1779 1777 τουτ-

207 1819 323 1875 έστι
370 1816 562 1881 πολλὰ,
597 1818 713 1883 καὶ,
747 1815 1017 1882 Ἐπτάκις
1054 1815 1320 1870 πεσεῖται
1346 1819 1379 1871 d
1404 1816 1651 1881 δίκαιος,
1680 1816 1779 1870 καί

207 1908 646 1976 ἀναστήσεται·
672 1910 925 1980 εὑρήσεις
950 1908 1110 1963 αὐτὸν
1138 1908 1423 1980 εἰρημένον
1454 1908 1624 1971 οὕτως
1645 1908 1782 1980 πρὸς
1810 1884 1855 1943 Β

220 2002 493 2075 Ἀϐραὰμ,
516 2002 626 2057 Kal
650 2000 1233 2071 ένευλοτηθήσονται
1258 2000 1328 2054 έν
1363 2000 1463 2054 σοι
1486 1999 1682 2055 πάντα
1707 2003 1783 2057 τὰ

206 2095 354 2163 ἔθνη
410 2093 521 2162 τῆς
564 2093 694 2165 τῆς.
749 2094 879 2158 Καὶ,
929 2091 1540 2161 Ἐνευλογηθήσονται
1585 2092 1656 2147 ἐν
1701 2092 1784 2159 τῷ

209 2184 508 2255 σπέρματι
542 2200 657 2240 σου
689 2184 879 2239 πᾶσαι
915 2186 974 2238 al
994 2184 1180 2254 φυλαὶ
1207 2183 1319 2253 τῆς
1346 2184 1480 2253 τῆς,
1502 2184 1600 2237 καὶ
1627 2187 1783 2253 πλη-

210 2279 410 2332 θύνων
437 2278 724 2347 πληθυνῶ
754 2278 819 2332 τὸ
853 2279 1090 2348 σπέρμα
1125 2293 1261 2332 σου.
1301 2276 1497 2349 Εὖροις
1530 2278 1575 2331 δ’
1614 2277 1680 2331 ἂν
1715 2276 1785 2330 τὰ

211 2366 571 2438 παραπλήσια
618 2366 818 2437 καὶτῷ
864 2366 1046 2421 Ἰσαὰκ
1086 2365 1474 2438 ἐπηγγελμένα
1520 2364 1616 2419 καὶ
1656 2366 1786 2436 δμο-

211 2458 410 2513 σοέντα
455 2458 580 2531 περί
623 2476 684 2512 τε
733 2460 833 2530 τῆς
884 2459 987 2529 γῆς
1044 2459 1137 2511 καὶ
1181 2458 1271 2511 τοῦ
1327 2455 1641 2529 πληθυσμοῦ
1689 2456 1783 2511 τοῦ

213 2549 546 2622 σπέρματος.
598 2549 784 2605 Ταῦτα
822 2550 879 2604 δὲ
921 2548 1060 2621 μετὰ
1114 2548 1372 2613 πλείστας
1418 2550 1547 2613 ὅσας
1592 2547 1785 2617 γενεὰς

210 2642 514 2715 ἐπληροῦτο
537 2642 623 2698 διὰ
658 2644 755 2715 τῆς
787 2642 1107 2713 ἐπιφανείας
1138 2641 1374 2713 Χριστοῦ
1400 2641 1495 2696 τοῦ
1520 2642 1585 2694 ὲκ
1619 2640 1787 2713 σπέρ-

217 2750 382 2804 ματος
424 2734 692 2805 Ἀϐραὰμ,
721 2734 1011 2805 γενομένου
1036 2734 1285 2805 Σωτῆρος
1316 2734 1491 2804 ήμῶν.
1522 2734 1705 2787 Εἰσέτι
1726 2750 1784 2786 τε

213 2825 309 2881 νῦν
335 2827 550 2900 ἐνεργεῖ
578 2828 671 2881 καὶ
704 2826 945 2898 διαμένει
965 2828 1017 2896 ’ὴ
1049 2826 1368 2894 ἐπαγγελία,
1409 2826 1600 2897 μέχρις
1626 2820 1688 2877 οὗ
1726 2825 1787 2878 τὸ

213 2917 492 2990 πλήρωμα
517 2918 623 2973 τῶν
650 2917 816 2973 ἐθνῶν
838 2916 1071 2991 εἰσέλθῃ.
1101 2912 1266 2981 Οῦτος
1291 2913 1385 2971 οὖν
1412 2917 1549 2988 μετὰ
1578 2916 1786 2988 μακρὸν

212 3009 401 3073 αἰῶνα,
439 3012 533 3064 καὶ
566 3009 703 3083 μετὰ
746 3008 1002 3073 πλείστας
1046 3009 1250 3081 σφόδρα
1287 3008 1501 3077 γενεὰς,
1535 3008 1635 3072 τὰς
1676 3009 1786 3081 γὰρ

212 3102 457 3171 χιλιάδας
497 3103 617 3156 ἀντὶ
655 3101 765 3156 τῶν
817 3100 1027 3155 πολλῶν
1073 3101 1397 3173 παρείληφε,
1450 3102 1546 3156 καὶ
1583 3101 1788 3165 ταύτας

212 3195 456 3269 ἐπλήρου
507 3197 607 3262 τὰς
660 3196 796 3269 πρὸς
850 3197 975 3261 τοὺς
1024 3197 1369 3268 πατριάρχας
1430 3195 1783 3266 ἐπαγγελίας,

1870 629 2056 682 statuit
2094 628 2228 682 illud
2256 626 2422 681 Iacob
2450 628 2503 681 in
2540 635 2877 696 preceeptum,
2905 633 2953 680 et
2983 624 3156 679 Israel
3190 626 3243 677 in
3273 634 3434 678 testa-

1871 728 2101 774 mentum
2138 728 2412 785 wternum,
2459 719 2635 774 dicens
2674 734 2692 771 :
2726 718 2846 773 Tibi
2890 716 3026 771 dabo
3056 727 3251 771 terram
3289 715 3433 771 Cha-

1871 828 2034 877 naan,
2065 811 2361 881 funiculum
2394 811 2712 866 hereditatis
2741 821 2941 866 vestraz.
2978 809 3111 865 Cum
3140 818 3309 863 essent
3338 825 3437 862 nu-

1871 922 2014 960 mero
2043 904 2203 969 brevi,
2243 905 2549 975 paucissimi
2571 913 2620 958 et
2646 904 2833 958 incola:
2859 904 2913 956 in
2950 919 3035 959 ea.
3061 900 3130 954 Et
3158 910 3434 969 pertrans-

1872 999 2045 1053 ierunt
2078 997 2142 1053 de
2171 1006 2318 1068 gente
2344 998 2399 1050 in
2440 1006 2660 1067 gentem,
2706 1004 2756 1051 et
2784 996 2847 1048 de
2880 1011 3035 1065 regno
3074 992 3143 1047 ad
3188 992 3438 1062 populum

1874 1091 2119 1145 alterum.
2153 1088 2278 1144 Non
2307 1088 2517 1160 reliquit
2548 1088 2808 1143 hominem
2846 1103 3027 1140 nocere
3060 1086 3157 1151 eis,
3196 1094 3244 1140 et
3275 1085 3440 1138 corri-

1872 1182 1984 1251 puit
2013 1198 2108 1252 pro
2143 1184 2219 1237 eis
2274 1198 2436 1253 reges.
2483 1180 2910 1251 Nolite‘tangere
2946 1178 3169 1233 christos
3199 1194 3362 1241 meos,
3393 1184 3441 1229 et

1874 1276 1930 1330 in
1959 1275 2220 1345 prophetis
2243 1275 2371 1329 meis
2405 1273 2566 1329 nolite
2600 1273 2905 1344 malignari.
2944 1270 3001 1326 Si
3031 1279 3284 1325 accurate
3321 1286 3443 1340 per-

1875 1369 2083 1438 pendas
2121 1366 2267 1437 quod
2322 1366 2455 1421 illud
2486 1366 2706 1422 verbum
2738 1365 2918 1429 fuerit,
2953 1363 3103 1435 quod
3141 1361 3442 1425 mandavit.

1877 1458 1934 1514 in
1986 1458 2189 1514 multas
2218 1458 2597 1529 generationes
2630 1457 2934 1529 pervadens
2971 1476 2984 1511 :
3018 1470 3126 1509 non
3158 1454 3303 1509 enim
3338 1470 3444 1507 nu-

1876 1566 2087 1607 merum
2142 1565 2431 1616 annorum,
2480 1551 2575 1607 sed
2623 1559 2943 1621 perpetuum
2988 1547 3300 1604 subindicat
3346 1561 3447 1599 nu-

1878 1661 2061 1701 merus
2093 1645 2428 1715 hujusmodi,
2463 1652 2524 1699 ut
2550 1660 2600 1698 v.
2627 1658 2680 1715 g.
2724 1643 2925 1712 septies
2947 1681 2962 1705 ,
3007 1638 3215 1695 Sterilis
3252 1638 3448 1708 peperit

1878 1746 2070 1804 septem
2094 1736 2162 1800 σί,
2189 1736 2241 1791 id
2280 1743 2366 1791 est
2394 1735 2630 1800 multos;
2658 1742 2733 1796 et,
2771 1733 2972 1802 Septies
3002 1729 3153 1785 cadet
3166 1728 3348 1797 justus
3398 1735 3449 1782 et

1882 1837 2115 1901 resurget
2142 1830 2216 1895 ⁶¹;
2247 1828 2350 1882 hac
2376 1828 2585 1882 ratione
2610 1825 2741 1880 illud
2774 1824 3005 1878 Abrahae
3058 1822 3264 1877 dictum
3293 1833 3445 1874 com-

1882 1920 2082 1989 peries.
2114 1918 2183 1973 Et
2209 1918 2641 1973 benedicenturin
2677 1927 2724 1971 te
2761 1932 2937 1971 omnes
2981 1924 3153 1985 gentes
3194 1920 3348 1965 terra:
3381 1910 3448 1962 ⁸³.

1882 2010 1971 2078 Et,
2001 2010 2383 2065 Benedicentur
2418 2011 2470 2064 in
2502 2010 2695 2063 semine
2744 2018 2831 2062 tuo
2859 2023 3034 2061 omnes
3066 2004 3229 2057 tribus
3276 2011 3448 2056 terrm.

1884 2102 1954 2156 Et
1979 2102 2335 2171 multiplicans
2366 2098 2727 2169 multiplicabo
2758 2114 2931 2153 semen
2962 2105 3109 2149 tuum
3142 2093 3207 2147 ⁸⁸.
3240 2089 3451 2146 Similia

1884 2194 2012 2248 item
2044 2192 2233 2249 lsaaco
2264 2190 2535 2263 promissa
2580 2189 2827 2261 reperias
2863 2182 3219 2258 jurejurando
3250 2179 3452 2236 contir—

1883 2296 2049 2351 mata,
2076 2294 2186 2340 tam
2218 2285 2286 2341 de
2314 2291 2483 2347 terra,
2505 2298 2668 2352 quam
2700 2281 2767 2337 de
2801 2278 3254 2348 multiplicatione
3288 2272 3454 2329 semi-

1885 2378 1993 2435 nis.
2027 2375 2142 2432 Hoc
2169 2391 2335 2448 porro
2379 2382 2503 2447 post
2542 2374 2807 2445 plurimas
2854 2369 3234 2443 generationes
3263 2364 3454 2434 imple-

1882 2478 2001 2525 tum
2022 2476 2108 2525 est
2125 2469 2179 2524 in
2203 2468 2437 2523 adventu
2449 2466 2655 2523 Christi
2670 2481 2733 2521 ex
2746 2465 2954 2521 semine
2971 2462 3203 2516 Abrahae
3213 2456 3450 2514 oriundi.

1884 2562 1951 2616 Et
1971 2562 2037 2617 ad
2077 2561 2180 2616 hoc
2200 2574 2373 2630 usque
2410 2566 2625 2629 tempus
2650 2557 2794 2628 viget
2814 2547 2878 2611 ἐι
2912 2558 3193 2625 permanet
3220 2548 3455 2620 promis-

1883 2652 1989 2715 sio,
2023 2652 2197 2708 donec
2240 2648 2521 2720 plenitudo
2562 2651 2803 2719 gentium
2845 2647 3091 2717 ingressa
3138 2641 3321 2697 fuerit.
3356 2636 3455 2692 Hie

1886 2746 2070 2814 itaque
2096 2743 2414 2798 diuturnum
2444 2750 2565 2813 post
2613 2756 2811 2803 aevum,
2870 2746 2923 2794 et
2958 2745 3079 2808 post
3122 2736 3321 2789 multas
3354 2748 3454 2786 cx-

1887 2842 2041 2889 actas
2068 2832 2469 2905 generationes,
2502 2815 2628 2887 nam
2662 2831 2752 2887 hic
2778 2829 3030 2884 millenas
3071 2842 3169 2897 pro
3204 2820 3455 2895 plurimis

1886 2925 2116 2997 accepit,
2164 2925 2284 2982 illas
2336 2925 2662 2995 patriarcbis
2714 2923 2871 2979 datas
2918 2919 3310 2993 promissiones
3359 2928 3456 2985 per

1888 3014 2223 3071 Salvatorem
2255 3021 2503 3069 nostrum
2530 3010 2739 3079 Jesum,
2771 3027 2835 3067 ac
2872 3027 2967 3082 per
2999 3009 3118 3080 ejus
3147 3005 3453 3062 doctrinam

1886 3105 2148 3176 implevit,
2180 3104 2435 3160 omnibus
2474 3103 2727 3176 gentibus
2763 3102 2997 3157 Abrahae
3041 3096 3455 3171 promissionem

1887 3198 2223 3269 impertiens.

210 3286 298 3341 διὰ
328 3289 430 3345 τοῦ
464 3289 714 3361 Σωτῆρος
751 3290 907 3361 ήμῶν
959 3288 1132 3361 Ἰησοῦ
1175 3290 1268 3343 καὶ
1317 3289 1407 3345 διὰ
1460 3291 1558 3362 τῆς
1609 3289 1773 3344 αὐτοῦ
1825 3290 2170 3354 διδασκαλίας
2213 3290 2348 3345 πᾶσι
2388 3290 2501 3352 τοῖς
2534 3286 2709 3341 ἔθνεσι
2739 3285 2839 3357 τὴν
2879 3284 2970 3339 τοῦ
3022 3283 3267 3354 Ἀϐραὰμ
3310 3279 3458 3334 εὐλο-

213 3378 334 3448 γίαν
358 3380 755 3452 δεδωρημένος.

282 3502 395 3555 Kal
428 3500 679 3555 ἐκάλεσε
710 3498 887 3568 λιμὸν
909 3498 1007 3551 ἐπὶ
1038 3497 1151 3567 τὴν
1176 3498 1311 3567 γῆν,
1346 3496 1468 3551 πᾶν
1494 3496 1784 3566 στήριγμα

1960 3489 2125 3546 Vens.
2163 3488 2250 3543 l6.
2288 3488 2356 3542 Et
2394 3489 2592 3542 vocavit
2627 3486 2820 3555 {amem
2861 3500 3017 3553 super
3049 3496 3265 3551 terram,
3308 3501 3459 3543 omne

214 3594 394 3663 ἄρτου
435 3592 815 3661 συνέτριψεν.
855 3590 945 3643 Ἐν
980 3588 1186 3652 τούτοις
1218 3590 1247 3641 ὁ
1273 3588 1427 3657 λόγος
1454 3588 1549 3642 καὶ
1581 3587 1707 3641 ἄλλο
1736 3605 1788 3640 τι

214 3686 441 3758 λεληθὸς
480 3686 606 3749 τοὺς
649 3682 876 3746 πολλοὺς
903 3682 1160 3737 διδάσκει.
1196 3680 1305 3752 Τὴν
1348 3680 1453 3751 γὰρ
1493 3679 1670 3733 αἰτίαν
1693 3678 1787 3731 τοῦ

218 3779 485 3850 κληθῆναι
518 3776 673 3846 δίκην
699 3773 940 3845 ἐμψύχου
971 3772 1107 3838 ζώου
1134 3772 1225 3825 τὸν
1247 3771 1404 3841 λιμὸν
1428 3770 1520 3823 ἐπὶ
1536 3769 1635 3841 τὴν
1662 3771 1787 3841 γῆν,

219 3868 360 3937 λέγω
383 3868 448 3938 δὴ
479 3865 575 3936 τὴν
598 3866 681 3917 ὲνε
692 3862 950 3935 ργητικὴν
978 3861 1203 3931 δύναμιν
1232 3858 1325 3913 τοῦ
1356 3858 1537 3929 λιμοῦ,
1575 3859 1670 3912 καὶ
1693 3857 1787 3911 τοῦ

222 3958 571 4029 συντριϐῆναι
615 3956 722 4009 πᾶν
766 3956 1042 4025 στήριγμα
1086 3952 1272 4023 ἄρτου,
1305 3951 1650 4023 παρίστησιν,
1704 3950 1789 4002 ἵνα

220 4050 318 4103 καὶ
347 4050 525 4117 φανιεῖ
560 4063 663 4098 που
698 4044 857 4116 ἄρτος
890 4044 962 4114 μὴ
999 4040 1239 4112 στηρίζοι
1272 4042 1397 4104 τοὺς
1435 4038 1788 4111 ἐμπιπλαμέ-

220 4157 344 4203 νους
378 4139 437 4206 ἐξ
485 4136 670 4201 αὐτοῦ,
705 4135 848 4190 κατὰ
884 4136 965 4199 τὸ,
1004 4137 1208 4203 Ἀρτος
1239 4131 1497 4201 στηρίξει
1540 4130 1791 4198 καρδίαν

220 4231 554 4299 ἀνθρώπου.
582 4228 751 4282 Τοῦτο
786 4227 894 4299 γάρ
925 4228 1071 4279 ἐστιν
1098 4226 1127 4278 ὂ
1160 4224 1391 4295 μάλιστα
1416 4222 1701 4293 συμϐαίνει
1730 4222 1789 4274 ὲν

219 4326 330 4388 τοῖς
360 4324 557 4394 λιμοίς,
589 4322 709 4376 κατ’
743 4320 910 4393 ὀργὴν
936 4318 1069 4373 Θεοῦ
1093 4318 1431 4387 γιγνόμενον,
1456 4316 1515 4369 τὸ
1540 4315 1633 4369 καὶ
1664 4316 1789 4379 τοὺς

221 4417 497 4491 ἐσθίοντας
527 4414 599 4486 μὴ
629 4412 995 4485 στηρίζεσθαι.

302 4506 675 4560 Ἀπέστειλεν
720 4504 1058 4574 ἔμπροσθεν
1101 4500 1299 4555 αὐτῶν
1341 4498 1669 4568 ἄνθρωπον,
1702 4502 1791 4565 εὶς

217 4598 443 4654 δοῦλον
482 4598 706 4667 ἐπράθη
744 4598 973 4665 Ἰωσήφ.
1009 4596 1452 4652 Ἕταπείνωσαν
1488 4594 1556 4646 έν
1583 4593 1791 4660 πέδαις

220 4696 362 4763 τοὺς
394 4696 589 4762 πόδας
619 4694 823 4757 αὑτοῦ,
859 4694 1111 4763 σίδηρον
1142 4694 1389 4763 διῆλθεν
1428 4693 1467 4761 ἡ
1493 4692 1663 4761 ψυχὴ
1692 4693 1791 4745 αὺ-

222 4788 347 4853 τοῦ,
389 4788 564 4859 μέχρι
610 4786 716 4841 τοῦ
761 4786 958 4841 ἐλθεῖν
996 4790 1102 4841 τὸν
1130 4790 1316 4858 λόγον
1349 4785 1556 4841 αὑτοῦ.
1606 4785 1791 4837 Πάντα

218 4877 389 4932 ταῦτα
438 4877 698 4949 ὑπέμεινε
742 4876 903 4946 μέχρι
945 4875 1039 4927 τοῦ
1084 4874 1255 4929 ἐλθεῖν
1292 4876 1384 4928 τὸν
1412 4874 1569 4942 λόγον
1603 4872 1789 4937 αὐτοῦ,

219 4966 277 5019 ὃν
322 4970 415 5023 ἐπὶ
455 4970 565 5033 τοῖς
607 4968 872 5038 δράμασιν
918 4963 1039 5018 ἰδὼν
1064 4965 1244 5029 ἐξεῖπε
1288 4965 1367 5034 τῷ
1405 4963 1593 5017 ἑαυτοῦ
1625 4964 1793 5036 πατρί

221 5060 313 5115 καὶ
346 5064 459 5125 τοῖς
487 5061 733 5129 ἀδελφοῖς
767 5060 959 5129 φήσας,
986 5059 1288 5129 ἑωρακέναι
1317 5056 1478 5112 αὑτὸν
1502 5055 1792 5127 δράγματα

222 5152 314 5202 καὶ
355 5154 482 5215 τοὺς
527 5151 788 5220 ἀδελφοὺς
820 5152 1021 5222 ὁμοίως
1063 5149 1441 5219 ἀναλέγοντας,
1487 5149 1675 5203 ἔπειτα
1722 5148 1793 5203 τὰ

223 5241 442 5297 ἐκείνων
472 5244 532 5295 τὸ
562 5240 751 5296 ἑαυτοῦ
789 5241 1285 5315 προσκεκυνηκὲναι
1315 5240 1561 5311 δράγμα·
1590 5238 1793 5309 ὁμοίως

222 5330 278 5385 δὲ
304 5334 393 5388 τὸν
414 5335 585 5407 ἣλιον,
615 5336 706 5387 καὶ
733 5336 832 5406 τήν
868 5334 1115 5406 σελήνην,
1147 5336 1241 5388 καὶ
1264 5334 1388 5397 τοῦς
1411 5334 1601 5387 ἕνδεκα
1634 5332 1793 5388 ἀστέ-

225 5440 323 5495 ρας
351 5429 672 5499 προσκυνεῖν
701 5425 867 5495 αὐτῷ.
898 5428 1084 5496 Μέχρι
1115 5426 1220 5480 τοῦ
1246 5426 1445 5479 ἐλθεῖν
1475 5426 1580 5479 τὸν
1605 5425 1791 5494 λόγον

222 5518 427 5573 αὑτοῦ.
482 5518 552 5573 Τὸ
597 5521 804 5588 λόγιον
834 5520 1053 5586 Κυρίου
1084 5518 1395 5587 ἐπύρωσεν
1437 5518 1639 5573 αὐτόν.
1692 5516 1787 5577 Τὸ,

204 5608 435 5676 ηΛόγιον
459 5610 680 5678 Κυρίου
712 5609 1024 5679 ἐπύρωσεν
1053 5610 1257 5673 αὐτὸν,
1284 5609 1470 5680 ὅμοιον
1505 5608 1603 5679 τῷ,
1640 5608 1788 5677 Οὐχὶ

296 5787 337 5816 ⁶¹
381 5786 398 5839 l
436 5788 568 5857 Reg.
606 5804 674 5849 ll,
712 5790 761 5843 5.

866 5792 907 5822 ⁸³
948 5787 1107 5844 Prov.
1174 5803 1334 5854 xxiv,
1389 5787 1473 5842 (6.

236 5854 279 5933 ἐπ’
316 5856 447 5915 Gen.
489 5854 590 5923 si.
629 5860 682 5916 8.

1637 5786 1769 5840 Gen.
1837 5799 1943 5855 sit,
1996 5783 2049 5838 5.

1891 3590 2279 3658 ﬁrmamentum
2295 3585 2447 3653 panis
2464 3584 2729 3638 contrivit.
2749 3580 2808 3635 In
2828 3581 2915 3637 his
2936 3596 3116 3637 sermo
3129 3581 3274 3636 aliud
3297 3584 3457 3652 quid-

1890 3678 2265 3751 piam,vmultis
2289 3676 2587 3741 occultum,
2605 3674 2816 3730 edocet.
2845 3671 3078 3728 Causam
3103 3673 3247 3728 enim
3269 3689 3371 3728 cur
3388 3674 3462 3729 fa-

1888 3787 2053 3837 mem,
2070 3772 2243 3825 instar
2275 3768 2527 3824 animalis
2560 3764 3157 3837 cujusdam,vocaverit
3183 3775 3462 3834 superter-

1891 3880 2027 3928 ram,
2060 3863 2111 3918 id
2146 3872 2229 3917 est
2262 3863 2517 3917 virtutem
2543 3859 2703 3914 lamis
2730 3857 3078 3923 eﬂ'ectricem,
3107 3865 3159 3913 et
3183 3872 3280 3911 cur
3302 3872 3462 3913 omne

1891 3956 2289 4011 ﬁrmamentum
2336 3954 2493 4025 panis
2543 3950 2894 4013 contriverit,
2931 3948 3021 4003 hic
3081 3948 3354 4013 declarat,
3401 3954 3463 4002 ut

1890 4046 2180 4119 patefaciat
2210 4062 2319 4117 quo
2345 4046 2400 4099 in
2434 4060 2564 4100 casu
2602 4042 2756 4114 panis
2790 4057 2898 4096 non
2923 4040 3098 4094 ﬁrmet
3130 4055 3225 4096 eos
3245 4040 3335 4109 qui
3370 4038 3461 4094 illo

1889 4139 2187 4211 replentur,
2216 4137 2519 4193 secundum
2560 4134 2715 4199 illud,
2751 4132 2916 4189 Panis
2950 4148 3041 4187 cor
3085 4130 3308 4185 hominis
3337 4146 3463 4184 con-

1890 4232 2072 4301 ﬁrmat
2105 4230 2169 4283 ⁸⁸.
2208 4228 2266 4285 Id
2306 4230 2452 4285 enim
2490 4227 2727 4283 maxime
2761 4234 3009 4297 tempore
3062 4223 3222 4280 famis
3258 4223 3459 4289 evenit,

1890 4340 1955 4379 ex
1988 4326 2064 4378 ira
2094 4322 2188 4378 Dei
2218 4322 2549 4385 immissum,
2575 4328 2634 4375 ut
2668 4320 2876 4376 scilicet
2902 4318 2996 4389 qui
3028 4316 3320 4372 comedunt
3352 4330 3462 4370 non

1890 4416 2250 4470 conlirmeutu
2259 4430 2303 4467 r.

1960 4506 2129 4561 Vens.
2179 4505 2365 4559 17—22.
2397 4504 2546 4558 Misit
2574 4513 2694 4556 ante
2724 4519 2811 4557 eos
2846 4502 3128 4561 hominem,
3166 4499 3217 4551 in
3259 4512 3461 4551 serva

1891 4597 2233 4651 venumdatus
2252 4606 2331 4648 est
2351 4592 2566 4661 Joseph.
2602 4591 3025 4645 Humiliaverunt
3050 4590 3103 4642 in
3130 4586 3459 4655 compedibus

1890 4686 2041 4755 pedes
2050 4685 2183 4753 ejus,
2200 4683 2397 4752 ferrum
2414 4680 2719 4747 pertransiit
2741 4678 2917 4731 anima
2933 4676 3067 4745 ejus,
3093 4674 3253 4727 donec
3270 4673 3459 4726 veniret

1892 4778 2102 4832 verbum
2117 4774 2251 4844 ejus.
2269 4773 2391 4828 Haec
2415 4772 2598 4827 omnia
2622 4769 2863 4839 pertulit,
2899 4768 3070 4823 donec
3098 4766 3307 4821 veniret
3335 4779 3459 4817 ver-

1819 4834 1869 4894 D
1892 4872 2020 4927 bum
2038 4834 2340 4938 ejus,quod
2358 4880 2481 4920 cum
2510 4864 2567 4917 in
2594 4834 2899 4917 visionibus
2924 4857 3220 4928 accepisset
3244 4853 3384 4926 patri
3405 4859 3462 4907 et

1896 4960 2157 5015 fratribus
2172 4958 2289 5013 suis
2302 4952 2658 5017 renuntiavit,
2670 4952 2858 5006 dicens
2873 4948 3074 5005 vidisse
3089 4946 3327 5016 seipsum
3351 4941 3459 4997 ira-

1894 5060 2113 5120 tresque
2131 5062 2261 5104 suos
2282 5046 2588 5116 manipulos
2601 5042 2939 5114 colligentes,
2957 5054 3022 5094 ac
3040 5038 3255 5093 illorum
3266 5032 3460 5090 deinde

1896 5142 2201 5212 manipulos
2213 5154 2373 5195 suum
2394 5136 2731 5208 manipulum
2757 5133 3044 5197 adorasse;
3064 5128 3460 5195 similiterquo-

1896 5248 2000 5302 quc
2019 5231 2189 5287 solem
2210 5237 2265 5285 et
2281 5229 2463 5283 lunam
2480 5234 2642 5297 atque
2658 5224 2907 5280 undecim
2933 5222 3119 5278 stellas
3137 5220 3312 5289 ipsum
3330 5215 3459 5269 ado-

1896 5340 2067 5381 rasse.
2098 5322 2273 5376 Donec
2307 5320 2499 5374 veniret
2525 5318 2735 5373 verbum
2755 5315 2889 5386 ejus.
2921 5312 3204 5382 Eloquium
3242 5307 3458 5362 Domini

1896 5414 2244 5487 inﬂammavit
2276 5428 2415 5468 eum.
2465 5410 2627 5473 Illud,
2668 5408 2949 5480 Eloquium
2987 5403 3199 5458 Domini
3241 5400 3456 5469 inﬂamo

1897 5511 2057 5564 movit
2104 5524 2245 5571 eum,
2276 5506 2457 5562 simile
2484 5514 2569 5561 est
2605 5504 2735 5559 huic
2767 5520 2780 5556 :
2814 5499 3003 5556 Nonne
3048 5513 3139 5567 per
3168 5495 3331 5550 Deum
3362 5492 3455 5547 de-

1895 5604 2119 5659 claratio
2163 5599 2377 5657 illorum
2405 5606 2484 5653 est
2512 5576 2631 5651 σοι’
2670 5593 2857 5666 Neque
2899 5593 3079 5659 enim,
3116 5590 3213 5657 ait,
3247 5586 3456 5645 somnia

2147 5780 2190 5812 “
2224 5775 2359 5833 Gen.
2421 5789 2571 5843 χιιι,
2635 5770 2721 5839 17,
2762 5772 2843 5827 18.
2922 5772 2964 5802 ⁸³
3006 5768 3146 5826 Psal.
3204 5780 3330 5841 cm,
3365 5764 3453 5828 i5.
