3964 6528
556 386 696 451 1307
1215 388 1479 446 EUSEBII
1516 391 1994 449 CESARIENSIS
2022 393 2171 451 OPP.
2201 392 2382 451 PARS
2417 393 2506 451 ill.
2534 423 2606 435 —
2641 392 3051 450 EXEGETICA.
3622 398 3715 455 1308

553 504 829 562 Pharaoni
892 508 1238 579 explicasset,
1297 513 1404 568 nisi
1454 512 1565 569 Deo
1595 516 1758 571 dante
1799 517 1917 587 ipsa
1969 518 2118 573 intel-

2156 534 2201 589 Α
2227 518 2324 572 διὰ
2357 516 2463 571 τοῦ
2495 517 2643 571 Θεοῦ
2676 518 2714 585 ἡ
2745 516 3112 585 διασάερησις
3139 513 3333 569 αὐτῶν
3353 515 3538 577 eam;
3560 517 3648 571 03:
3672 521 3716 573 iv

556 597 800 659 lexisset.
829 598 973 655 Misit
1003 618 1115 666 rex,
1145 612 1195 656 et
1213 604 1369 659 solvit
1406 622 1547 671 eum,
1580 608 1819 677 princeps
1849 609 2050 678 populi,
2078 604 2121 664 et

2228 611 2336 682 γὰρ
2386 609 2539 663 ἐλυσε
2585 610 2710 672 τοὺς
2754 610 2995 682 ὀνείρους
3038 607 3116 679 τῷ
3143 606 3359 679 Φαραὼ,
3403 608 3471 677 μὴ
3512 606 3589 662 τοι]
3620 612 3716 665 Θεοῦ

556 691 763 753 dimisit
790 709 929 749 eum.
957 693 1243 749 Constituit
1287 715 1405 752 eum
1452 698 1721 755 dominum
1751 700 1937 756 damus
1994 718 2121 768 sute,

2229 704 2598 774 παρασχόντος
2652 702 2712 755 τὸ
2770 701 3026 755 δύνασθαι
3082 701 3318 755 συνιέναι
3365 698 3558 761 αὐτούς.
3603 702 3719 756 Ἆιέ.

557 792 607 837 et
658 785 943 854 principem
972 790 1141 842 omnis
1194 791 1536 856 possessionis
1579 809 1710 858 suae,
1788 804 1843 846 ut
1898 794 2122 849 erudiret

2230 798 2431 849 στειλε
2470 794 2767 860 βασιλεὺς
2801 793 2897 847 καὶ
2926 793 3152 847 ἔλυσεν
3182 790 3384 854 αὐτὸν,
3409 790 3585 859 ἅρχων
3610 796 3719 848 λαοῦ

557 878 821 947 principes
852 879 987 947 ejus,
1048 882 1183 934 sicut
1230 885 1585 953 semetipsum,
1626 895 1675 939 et
1714 902 1859 941 senes
1904 887 2017 955 ejus
2049 904 2122 941 sa-

2231 886 2327 940 καὶ
2353 886 2586 955 ἀφῆκεν
2606 887 2812 940 αὐτόν.
2842 883 3225 953 Κατέστησεν
3249 881 3434 937 αὑτὸν
3457 883 3633 948 κύριον
3648 886 3722 938 τοῦ

558 969 811 1037 pientiam
843 970 1221 1027 doceret.Cum
1245 989 1281 1029 a
1307 976 1700 1035 tentationibus
1726 994 1825 1034 ceu
1851 980 1972 1050 igne
1998 980 2123 1036 satis

2231 978 2402 1032 οικου
2451 976 2659 1040 αὑτοῦ,
2699 975 2802 1046 χαὶ
2837 974 3101 1044 ἄρχοντα
3144 973 3343 1040 πάσης
3380 970 3483 1040 τῆς
3518 972 3722 1040 κτήσεως

559 1061 821 1130 probatus
853 1062 1043 1118 fuisset
1072 1062 1271 1136 Joseph
1292 1106 1308 1132 ,
1341 1074 1472 1123 tunc
1500 1068 1609 1124 Deo
1647 1080 1968 1141 suggerente
1992 1070 2124 1126 Pha-

2231 1069 2438 1133 αὐτοῦ,
2483 1068 2591 1123 τοῦ
2636 1068 2956 1123 παιδεῦσαι
3001 1066 3143 1132 τοὺς
3174 1066 3464 1135 ἄρχοντας
3490 1065 3724 1131 αὑτοῦ,ὠς

559 1153 739 1216 raoni,
771 1154 867 1223 qui
900 1162 954 1210 et
1004 1172 1098 1212 rex
1127 1166 1182 1213 et
1238 1159 1490 1231 princeps
1533 1163 1621 1218 hic
1650 1171 1895 1227 vocatur,
1931 1179 1961 1218 a
2009 1164 2124 1218 vin-

2232 1162 2468 1227 ἑαυτὸν,
2505 1161 2604 1215 καὶ
2640 1163 2781 1227 τοὺς
2825 1158 3261 1228 πρεσϐυτέρους
3302 1156 3481 1211 αὐτοῦ
3514 1158 3723 1226 σοφίσαι.

560 1243 703 1299 culis
751 1246 1004 1311 solvitur,
1058 1257 1223 1317 atque
1258 1249 1453 1307 domus
1495 1255 1641 1324 regis
1684 1263 1738 1309 et
1770 1256 1950 1309 onmis
2008 1272 2125 1325 pos-

2234 1255 2361 1308 Ὅτε
2394 1252 2681 1324 αὐτάρκως
2715 1250 2969 1322 ὲπυρώθη
3004 1249 3109 1303 ὑπὸ
3138 1248 3243 1302 τῶν
3275 1247 3576 1318 πειρασμῶν
3598 1250 3621 1300 ὁ
3647 1249 3726 1300 Ἰω-

561 1337 838 1395 sessionis.
876 1338 996 1408 ejus
1040 1341 1293 1412 princeps
1332 1345 1703 1399 constituitur.
1754 1345 1959 1400 Extulit
1987 1350 2126 1401 enim

2235 1346 2363 1417 σὴφ,
2384 1345 2504 1397 τότε
2528 1344 2663 1398 Θεοῦ
2693 1342 3050 1407 ὑποϐαλόντος
3082 1341 3159 1412 τῷ
3192 1340 3410 1412 Φαραὼ,
3437 1341 3491 1393 ὃν
3513 1340 3592 1393 καὶ
3617 1340 3725 1409 βιαι-

559 1440 708 1489 eum,
742 1434 801 1483 ut
834 1431 1143 1499 complures
1184 1432 1439 1497 dixerint,
1476 1441 1535 1487 ut
1594 1435 1801 1489 fructus
1844 1436 1907 1489 ad
1964 1436 2124 1489 abun-

2234 1436 2330 1491 λέα
2368 1436 2461 1489 καὶ
2494 1435 2731 1507 ἄρχοντα
2766 1434 2859 1487 νῦν
2889 1436 2917 1487 ὁ
2956 1434 3110 1502 λόγος
3140 1432 3312 1495 καλεῖ,
3352 1432 3526 1484 λύεται
3569 1431 3725 1483 τῶνδε·

560 1516 802 1575 dantiam
830 1520 1135 1591 colligeret,
1174 1529 1229 1577 et
1260 1523 1327 1578 ad
1366 1530 1580 1593 tempus
1621 1523 1783 1579 famis
1820 1540 1916 1580 eos
1947 1536 2125 1581 custo-

2237 1527 2409 1597 σμῶν,
2449 1528 2545 1582 καὶ
2576 1526 2757 1597 ἄρχων
2787 1523 2881 1578 τοῦ
2929 1526 3078 1578 οῐκου
3110 1524 3201 1577 τοῦ
3256 1522 3511 1594 βασιλέως
3552 1523 3626 1575 καὶ
3655 1522 3726 1574 πάι

563 1606 724 1666 diret.
762 1607 861 1664 Hic
887 1620 1066 1665 autem
1108 1628 1288 1668 sermo
1320 1614 1496 1677 docet,
1528 1630 1639 1668 non
1684 1622 1793 1668 tam
1827 1616 1897 1669 ob
1921 1616 2128 1686 frugum

2237 1635 2336 1688 σης
2370 1618 2467 1687 τῆς
2498 1617 2745 1686 κτήσεως
2776 1614 2940 1668 αὑτοῦ
2989 1614 3331 1668 καθίσταται.
3370 1611 3628 1681 Ἐξήνεγκε
3656 1610 3728 1679 γὰρ

563 1698 873 1754 custodiam
922 1701 989 1755 ad
1022 1702 1386 1773 principatum
1434 1711 1679 1758 evectum
1728 1704 1918 1771 fuisse,
1971 1722 2128 1776 quam

2235 1710 2415 1775 αὑτὸν,
2450 1709 2524 1773 ὡς
2558 1710 2655 1780 μὲν
2687 1709 2829 1762 εἴποι
2878 1708 2944 1763 ἃν
2994 1710 3023 1762 ὁ
3071 1706 3237 1770 πολὺς
3280 1704 3568 1777 ἄνθρωπος,
3600 1702 3666 1754 διὰ
3692 1702 3730 1753 τὸ

564 1788 634 1843 ad
667 1790 959 1846 utilitatem
991 1793 1186 1847 animae
1215 1808 1403 1848 eorum
1440 1794 1531 1863 qui
1563 1810 1660 1863 per
1699 1794 1876 1871 ipsum
1906 1795 2129 1853 docendi

2239 1804 2560 1870 συναγαγεῖν
2588 1799 2658 1854 τὰ
2686 1801 2997 1870 γεννήματα
3020 1799 3120 1869 τῆς
3153 1798 3427 1868 εὐθηνίας,
3449 1796 3535 1849 καὶ
3560 1794 3728 1863 puleio:

564 1888 618 1933 et
651 1879 973 1937 instituendi
995 1894 1169 1938 erant.
1212 1883 1379 1938 Erant
1401 1891 1579 1937 autem
1618 1884 1669 1938 hi
1700 1887 1971 1956 principes
1993 1887 2129 1949 Pha—

2168 1917 2209 1972 Β
2237 1892 2375 1945 αὐτὰ
2405 1894 2483 1956 είς
2514 1892 2705 1963 καιρὸν
2730 1890 2823 1945 τοῦ
2858 1891 3037 1962 λιμοῦ.
3078 1892 3135 1944 '0
3164 1890 3222 1943 δὲ
3263 1887 3451 1959 παρὼν
3479 1887 3612 1956 λόγος
3638 1885 3731 1938 διδά-

565 1974 753 2028 raonis
807 1983 861 2030 et
913 1976 1179 2033 seniores.
1236 1976 1445 2043 Quibus
1498 1977 1683 2032 utilem
1735 1978 2130 2034 institutionem

2240 2002 2358 2039 σκει
2391 1986 2452 2038 οὐ
2473 1984 2723 2038 τοσοῦτον
2742 1984 2842 2054 τῆς
2872 1984 2979 2036 τῶν
3011 1981 3237 2051 καρπῶν
3267 1978 3507 2049 φυλακῆς
3528 1977 3658 2029 ἕνεκα
3678 1976 3728 2034 εἰς

564 2062 797 2134 adeptis,
860 2067 1159 2123 verisimile
1205 2076 1325 2123 erat
1385 2084 1575 2124 omnes
1624 2085 1841 2139 quoque
1888 2071 2129 2127 subditos

2237 2076 2335 2148 τὴν
2372 2076 2546 2149 ἀρχὴν
2592 2075 2882 2146 προῆχθαι,
2929 2075 3052 2128 ὅσον
3096 2072 3194 2143 τῆς
3246 2069 3391 2131 κατὰ
3434 2069 3589 2138 ψυχὴν

562 2154 840 2223 profectus
872 2158 1184 2225 huiusmodi
1207 2168 1495 2216 consortes
1530 2160 1742 2217 futuros
1766 2177 1907 2217 esse.

2238 2166 2386 2231 λείας
2414 2166 2520 2221 τῶν
2551 2167 2848 2238 μελλόντων
2881 2166 2972 2219 ὑπ’
3008 2163 3172 2219 αὐτοῦ
3208 2160 3517 2231 σοφίζεσθαι
3545 2160 3622 2212 καὶ
3646 2173 3728 2207 παι-

561 2245 830 2301 δεύεσθαι.
864 2245 1041 2304 Ἦσαν
1074 2252 1129 2307 δὲ
1159 2244 1305 2315 οὗτοι
1346 2254 1603 2326 ἄρχοντες
1637 2254 1834 2325 Φαραὼ
1873 2255 1967 2311 καὶ
2001 2256 2390 2331 πρεσῦύτεροι·
2426 2253 2500 2314 ὧν
2541 2260 2951 2330 ὠφελουμένων,
2983 2256 3129 2321 εἰκός
3155 2251 3221 2328 ἦν
3261 2254 3501 2315 καὶτοὺς
3530 2248 3731 2317 ὑπηκάως

567 2342 813 2407 ἅπαντας
860 2346 957 2417 τῆς
995 2348 1126 2419 παρ’
1174 2348 1356 2409 αὐτῶν
1404 2354 1693 2421 μετασχεῖν
1737 2350 2092 2421 βελτιώσεως.

635 2463 801 2520 Vens.
843 2465 934 2527 25,
979 2464 1069 2519 24.
1114 2465 1179 2519 Et
1216 2468 1433 2521 intravit
1465 2468 1638 2522 Israel
1660 2470 1712 2521 in
1746 2467 2055 2539 zEgyptum,
2081 2479 2131 2524 et

2306 2470 2415 2524 Kal
2459 2468 2744 2537 δίο-ἦλθεν
2782 2466 3021 2535 Ἰσραὴλ
3064 2468 3151 2533 εὶς
3196 2465 3516 2535 Αῖγυπτον,
3558 2464 3635 2516 καὶ
3665 2462 3726 2516 'la-

562 2558 728 2612 Iacob
763 2557 943 2610 accola
969 2557 1069 2625 fuit
1110 2560 1161 2612 in
1207 2572 1343 2612 terra
1389 2557 1575 2612 Chum.
1606 2558 1675 2611 Et
1709 2562 1855 2612 auxit
1882 2560 2127 2628 populum

2237 2560 2360 2616 κὼϐ
2383 2562 2738 2629 παρῴκησεν
2761 2559 2831 2611 ἐν
2851 2557 2928 2628 γῇ
2956 2556 3102 2627 Χάμ.
3129 2557 3235 2610 Kal
3262 2558 3491 2624 ηὔξησε
3518 2555 3606 2608 τὸν
3625 2558 3727 2608 λαίν

564 2667 717 2705 suum
754 2648 1092 2713 vehementer,
1146 2659 1195 2704 et
1252 2650 1482 2719 ﬁrmavit
1538 2667 1655 2704 eum
1702 2666 1855 2717 super
1893 2651 2129 2705 inimicos

2236 2652 2421 2707 αὑτοῦ
2455 2650 2708 2720 σφόδρα,
2735 2649 2831 2703 καὶ
2854 2648 3253 2715 ἐκραταίωσεν
3276 2646 3460 2702 αὑτὸν
3489 2646 3613 2714 ὑπὲρ
3636 2646 3728 2709 τοὺς

563 2742 699 2811 ejus.
732 2740 866 2807 Quis
910 2740 1153 2804 intravit,
1181 2740 1286 2795 nisi
1316 2739 1525 2795 lSrael?
1575 2740 1639 2793 Et
1669 2741 1791 2810 quis
1815 2743 2001 2795 accola
2037 2742 2128 2796 fuit

2238 2742 2489 2813 ἐχθροὺς
2530 2741 2737 2795 αὐτοῦ.
2783 2740 2878 2803 Τίς
2927 2739 2983 2794 δὲ
3024 2738 3291 2810 εἰσῆλθεν,
3340 2737 3451 2791 ἀλλ’
3482 2738 3511 2807 ἦ
3548 2736 3726 2807 Ἰσραήλ,

564 2836 619 2891 in
651 2844 793 2891 terra
818 2834 1007 2901 Cltam,
1053 2835 1158 2889 nisi
1194 2832 1403 2889 Jacob?
1480 2834 1575 2889 llis
1630 2842 1810 2889 autem
1857 2850 1979 2889 cum
2022 2835 2129 2905 ipse

2241 2835 2351 2889 Καὶ
2396 2835 2478 2895 τίς
2507 2832 2833 2904 παρῴκησεν
2873 2833 2930 2885 ὲν
2957 2834 3028 2903 γῇ
3060 2830 3210 2901 Χὰμ,
3232 2829 3351 2885 ἀλλ’
3376 2830 3411 2901 ἠ
3447 2828 3640 2891 Ἰακώϐς
3664 2832 3731 2897 Ar,-

567 2932 721 2995 pater
769 2932 883 2978 tum
928 2924 1017 2978 lilii
1063 2924 1184 2993 ejus
1236 2924 1607 2981 declarantur.
1643 2924 1778 2980 Cum
1825 2925 1969 2980 enim
2027 2942 2132 2981 non

2240 2926 2423 2979 λοῦται
2454 2924 2509 2977 δὲ
2551 2924 2637 2977 διὰ
2674 2924 2877 2977 τούτων
2915 2922 3075 2986 αὐτός
3106 2940 3165 2975 τε
3196 2925 3224 2976 ὁ
3272 2922 3454 2993 πατὴρ
3484 2922 3564 2974 καὶ
3590 2923 3627 2972 οἱ
3650 2920 3729 2971 τοὺ-

567 3017 717 3071 solus
744 3015 913 3070 Jacob
943 3017 1262 3081 intraverit,
1317 3018 1410 3072 sed
1442 3019 1604 3072 etiam
1640 3019 1982 3089 septuaginta
2021 3019 2132 3073 ani-

2239 3036 2330 3072 του
2387 3018 2595 3081 παῖδες.
2643 3017 2794 3069 Ἐπεὶ
2832 3016 2939 3087 γὰρ
2989 3014 3050 3069 οὐ
3115 3016 3275 3085 μόνος
3325 3014 3531 3085 εἰσῆλθε
3579 3011 3727 3073 Ἰακὼὸ.

566 3120 669 3160 ma:
692 3121 815 3160 cum
846 3121 932 3169 eo,
975 3106 1273 3161 secundum
1325 3106 1480 3171 illud,
1539 3106 1603 3161 In
1651 3109 1985 3178 septuaginta
2022 3109 2131 3162 ani—

2241 3110 2375 3164 ἀλλὰ
2408 3110 2503 3163 καὶ
2548 3108 2919 3178 ἑϐδομήκοντα
2959 3108 3127 3179 ψυχαὶ
3170 3110 3267 3161 σὺν
3321 3107 3483 3177 αὐτῷ,
3523 3106 3636 3158 κατὰ
3669 3104 3726 3155 τό·

569 3198 755 3252 mabus
804 3198 1069 3252 descendit
1118 3198 1291 3253 Israel
1336 3199 1391 3252 in
1430 3197 1720 3269 Egi/ptum
1738 3201 1803 3266 ⁶⁷;
1847 3199 2051 3254 idcirco
2085 3208 2134 3255 et

2252 3204 2355 3257 Ἐν
2382 3200 2784 3270 ἑϐδομήκοντα
2814 3200 3038 3269 ψυχαῖς
3069 3200 3285 3267 κατέϐη
3331 3198 3551 3267 Ἰσραὴλ
3582 3201 3648 3261 εἰς
3665 3196 3730 3249 Al-

568 3291 665 3346 ﬁlii
700 3299 755 3347 et
779 3300 939 3361 pater
960 3291 1236 3360 praedictis
1260 3292 1443 3346 verbis
1477 3292 1877 3362 signiﬁcantur.
1897 3291 1967 3346 Et
1990 3293 2133 3346 auxit

2164 3289 2206 3347 C
2240 3308 2496 3365 γυπτον·
2527 3294 2616 3347 διὰ
2641 3293 2797 3347 τοῦτο
2820 3294 2913 3347 καὶ
2935 3288 2983 3346 σι
3019 3292 3205 3355 παῖδες
3234 3295 3331 3347 καὶ
3360 3294 3388 3345 ὁ
3413 3293 3578 3363 πατὴρ
3595 3288 3729 3358 ἐδηλώ-

564 3383 818 3453 populum
866 3398 1020 3436 suum
1056 3382 1395 3447 vehementer,
1441 3392 1489 3438 et
1526 3385 1756 3453 ﬁrmavit
1807 3400 1925 3437 eum
1985 3401 2129 3454 super

2243 3383 2411 3453 θησαν
2442 3383 2529 3437 διὰ
2562 3383 2667 3437 τῶν
2704 3382 3092 3455 προκειμένων.
3116 3382 3227 3437 Καὶ
3269 3383 3497 3450 ηὔξησε
3518 3379 3728 3435 contuor

568 3474 811 3529 inimicos
839 3474 974 3542 ejus.
1029 3472 1142 3528 Nec
1180 3475 1327 3529 aucti
1357 3490 1456 3530 nec
1491 3476 1689 3529 ﬁrmati
1740 3474 1994 3540 fuissent,
2032 3475 2133 3532 nisi

2240 3473 2425 3529 αὐτοῦ
2446 3473 2700 3543 σφόδρα,
2727 3473 2822 3526 καί
2856 3472 3256 3540 ὲκραταίωσεν
3282 3472 3467 3526 αὑτὸν
3486 3470 3613 3537 ὑπὲρ
3634 3468 3727 3532 τοὺς

568 3563 867 3635 Josephum
895 3573 1185 3635 patronum
1215 3566 1363 3620 nacti
1402 3573 1608 3632 essent,
1646 3574 1701 3622 et
1745 3566 1812 3623 ab
1867 3566 2133 3639 Egyptiis

2239 3566 2492 3635 ἐχθροὺς
2532 3566 2739 3620 αὑτοῦ.
2777 3565 2891 3619 Οὐκ
2916 3564 2985 3619 ἂν
3010 3563 3328 3635 ηὐξήθησαν
3360 3565 3475 3618 οὐδὲ
3502 3560 3727 3635 iugum.

571 3658 835 3713 honorem
868 3656 1231 3728 accepissent,
1270 3659 1364 3729 qui
1397 3658 1618 3731 Josephi
1675 3660 1848 3730 gratia
1882 3660 2019 3730 ipsis
2043 3661 2136 3716 de-

2244 3657 2436 3729 θησαν,
2486 3660 2535 3712 εί
2585 3660 2659 3730 μὴ
2716 3656 2905 3726 ἔτυχον
2953 3656 3255 3729 προστάτου
3313 3658 3519 3728 Ἰωσὴφ,
3567 3650 3728 3719 καὶτῆς

570 3749 868 3805 ferebatur.
2243 3750 2395 3822 παρὰ
2433 3752 2543 3814 τοῖς
2584 3747 2900 3818 Αἰγυπτίοις
2927 3747 3093 3818 τιμῆς
3128 3748 3219 3801 διὰ
3255 3748 3350 3801 τοῦ
3390 3746 3565 3815 Ἰωσὴφ
3604 3744 3729 3799 αὐτοῖς

2244 3859 2315 3894 πα
2325 3840 2693 3912 ρασχεθείσης.

640 3926 803 3985 Vsus.
845 3929 1029 3984 25-36.
1063 3929 1330 3986 Convertit
1374 3947 1465 3985 cor
1502 3948 1682 3987 eorum
1724 3941 1781 3986 ut
1814 3932 2019 3987 adirent
2049 3950 2143 4004 po-

2312 3933 2691 4003 Μετέστρεψε
2730 3933 2844 4002 τὴν
2888 3931 3137 4001 καρδίαν
3172 3928 3373 3983 αὐτῶν
3411 3928 3507 3983 τοῦ
3540 3923 3727 3995 μισῆσαι

569 4020 754 4089 pulum
788 4037 966 4083 suum,
1001 4031 1049 4077 et
1079 4022 1260 4076 dolum
1309 4023 1535 4092 facerent
1568 4026 1622 4079 in
1657 4041 1830 4080 servos
1862 4042 2005 4079 suos.
2044 4026 2134 4079 Mi-

2243 4026 2351 4081 τὸν
2386 4029 2539 4081 ,λαὸν
2567 4024 2772 4091 αὑτοῦ,
2797 4023 2903 4078 τοῦ
2941 4023 3290 4078 δολιοῦσθαι
3316 4024 3385 4077 ὲν
3421 4021 3531 4085 τοῖς
3556 4017 3728 4076 δούλοις

571 4116 642 4168 sit
676 4113 910 4184 Moysem
943 4132 1146 4169 servum
1183 4133 1359 4181 suum,
1404 4117 1585 4171 Aaron
1616 4134 1766 4188 quem
1816 4118 1969 4189 elegit
2017 4119 2136 4175 sibi.

2244 4118 2450 4174 αὐτοῦ.
2493 4116 2904 4183 Ἐξαπέστειλε
2933 4115 3201 4184 Μωϋσῆν
3228 4114 3339 4169 τὸν
3358 4114 3564 4168 δοῦλον
3582 4104 3725 4161 αὐτοῦ.

573 4203 764 4259 Posuit
787 4207 838 4258 in
860 4207 933 4263 eis
967 4205 1119 4260 verba
1141 4210 1409 4277 signorum
1437 4227 1674 4275 suorum,
1710 4222 1759 4265 et
1784 4210 2138 4283 prodigiorum

2258 4210 2471 4281 Ἀαρὼν
2512 4210 2585 4266 ὃν
2626 4210 2943 4277 ἐξελέξατο
2994 4208 3208 4274 ἐαυτῷ,
3246 4209 3451 4291 Ἔθρτο
3485 4205 3545 4258 ἐν
3585 4195 3727 4291 uitale

572 4310 793 4349 suorum
830 4296 885 4349 in
908 4307 1050 4348 terra
1074 4295 1261 4352 Cham.
1296 4297 1446 4355 Misit
1482 4299 1719 4359 tenebras
1747 4309 1796 4353 et
1823 4299 2137 4369 obscuravit,

2246 4304 2389 4370 τοὺς
2422 4304 2644 4373 λόγους
2680 4302 2799 4356 τῶν
2836 4302 3099 4372 σημείων
3124 4287 3455 4365 αὑτοῦίκαὶ
3487 4295 3587 4349 τῶν
3614 4287 3725 4358 repti-

571 4388 698 4454 quia
729 4384 1171 4439 exacerbaverunt
1217 4404 1479 4443 sermones
1505 4389 1639 4452 eius.
1679 4388 1944 4445 Convertit
1979 4408 2136 4459 aqua:

2245 4412 2366 4448 των
2406 4394 2593 4449 αὑτοῦ
2618 4394 2687 4448 ἐν
2722 4393 2796 4465 τῇ
2825 4394 2973 4463 Χάμ.
3016 4392 3437 4457 Ἐξαπέστειλε
3457 4389 3641 4449 σκότος
3663 4379 3725 4433 καί

573 4497 755 4539 eorum
786 4483 843 4536 in
875 4484 1179 4553 sanguinem
1202 4493 1250 4537 et
1294 4483 1481 4538 occidit
1512 4487 1677 4550 pisces
1702 4503 1882 4541 eorum
1964 4486 2138 4541 Edidit

2245 4486 2564 4548 ἐσκότασε,
2604 4484 2693 4537 ὅτι
2724 4485 3169 4553 παρεπίκραναν
3191 4483 3334 4549 τοὺς
3358 4483 3557 4550 λόγους
3580 4468 3724 4527 αὐτοῦ.

576 4586 719 4627 terra
767 4590 948 4627 eorum
998 4591 1159 4630 ranas
1206 4575 1262 4630 in
1293 4577 1646 4643 penetralibus
1678 4595 1857 4649 regum
1887 4579 2141 4647 ipsorum.

2175 4624 2221 4684 Β
2248 4577 2623 4645 Μετέστρεψε
2662 4576 2735 4630 τὰ
2768 4577 2956 4632 ὕδατα
2986 4575 3183 4628 αὐτῶν
3216 4578 3304 4641 εὶς
3350 4570 3501 4643 αἷμα,
3526 4558 3726 4670 naiasi-

574 4664 727 4720 Dixit
758 4676 807 4719 et
836 4668 972 4720 venit
1003 4683 1271 4738 emnomya
1299 4678 1349 4722 et
1385 4670 1614 4738 ciniphes
1668 4671 1721 4723 in
1749 4670 1988 4724 omnibus
2020 4672 2139 4741 ﬁni-

2175 4653 2221 4684 υ
2247 4684 2443 4722 κτεινε
2484 4667 2626 4735 τοὺς
2666 4669 2873 4736 ἰχθύας
2915 4667 3131 4721 αὐτῶν.
3169 4667 3471 4735 Ἐξεῖρψεν
3507 4665 3539 4729 ἠ
3572 4657 3631 4728 τῆ
3659 4653 3726 4705 αἶ’·

574 4754 670 4810 bus
704 4773 906 4812 eorum.
962 4756 1149 4811 Posuit
1178 4759 1379 4827 pluvias
1408 4777 1588 4814 eorum
1619 4761 1949 4831 grandinem,
1974 4765 2139 4832 ignem

2247 4759 2365 4814 τῶν
2396 4758 2740 4829 βατράχους
2772 4760 2842 4812 ἐν
2889 4759 3012 4826 τοῖς
3056 4761 3313 4829 ταμείοις
3355 4757 3464 4811 τῶν
3494 4746 3728 4818 ,ϐασιλέων¹

573 4848 967 4902 comburentem
993 4851 1045 4902 in
1076 4860 1219 4904 terra
1283 4854 1537 4919 ipsorum.
1589 4852 1653 4906 Et
1680 4855 1937 4921 percussit
1966 4855 2138 4909 vineas

2246 4853 2465 4906 αὐτῶν.
2505 4848 2673 4917 Eine,
2702 4852 2800 4907 καὶ
2839 4848 2987 4921 ἦλθε
3018 4852 3311 4919 κυνόμυια
3337 4848 3429 4903 καὶ
3458 4843 3661 4902 σκνῖπες
3681 4833 3724 4885 έν

574 4955 755 4992 eorum
780 4950 829 4993 et
868 4941 1123 5008 ﬁculneas
1166 4958 1363 5007 eorum,
1387 4954 1436 4997 et
1478 4946 1724 5000 contrivit
1757 4963 1907 5003 omne
1947 4947 2139 5013 lignum

2249 4944 2399 5001 πᾶσι
2436 4945 2559 5011 τοῖς
2588 4945 2772 5013 ὁρίοις
2818 4943 3037 4999 αὐτῶν.
3071 4946 3277 4999 Ἕϐετο
3315 4944 3417 5009 τὰς
3447 4933 3635 5007 βροχὰς
3655 4929 3724 5025 fi“

579 5030 762 5098 ﬁnium
798 5048 998 5085 eorum.
1036 5033 1209 5101 Dixit,
1241 5045 1292 5089 et
1342 5038 1477 5091 venit
1535 5039 1737 5092 locusta
1792 5049 1841 5094 et
1899 5040 2144 5105 bruchus,

2249 5037 2366 5090 τῶν
2403 5034 2688 5107 χάλαζαν,
2722 5037 2841 5103 πῦρ
2873 5035 3249 5104 καταφλέγων
3275 5035 3343 5087 ἐν
3382 5051 3411 5087 τ
3416 5031 3449 5099 ᾖ
3480 5026 3544 5099 Τῇ
3566 5026 3721 5113 αὑτωΫ

575 5121 732 5191 cujus
788 5140 891 5177 non
942 5134 1056 5177 erat
1089 5143 1356 5191 numerus,
1414 5139 1463 5183 et
1497 5132 1719 5183 comedit
1763 5147 1912 5183 omne
1965 5132 2140 5201 fenum

2248 5132 2355 5185 Kal
2390 5130 2647 5194 ἐπάταξε
2675 5129 2780 5195 τὰς
2808 5126 3115 5197 ἀμπέλους
3139 5126 3335 5180 αὐτῶν
3364 5124 3454 5177 καὶ
3480 5120 3569 5182 τὰς
3588 5124 3724 5208 συξη(

577 5214 635 5268 in
670 5223 812 5269 terra
872 5233 1083 5280 eorum,
1144 5230 1195 5274 et
1228 5222 1449 5276 comedit
1488 5240 1690 5277 omnem
1729 5224 1956 5291 fructum
1990 5236 2142 5280 terra:

2249 5221 2465 5287 αὐτῶν,
2511 5222 2609 5275 καὶ
2648 5220 2970 5288 συνέτριψε
3009 5218 3131 5274 πᾶν
3173 5218 3359 5283 ξύλον
3390 5215 3544 5305 ὁρίων

575 5324 777 5362 mrum.
821 5308 888 5361 Et
933 5312 1188 5379 percussit
1233 5330 1382 5367 omne
1446 5314 1847 5384 primogenitum
1898 5317 1954 5370 in
2004 5327 2140 5371 terra

2249 5311 2418 5378 Εἷπε,
2461 5316 2559 5368 καὶ
2606 5309 2793 5384 ἦλθεν
2831 5311 3003 5380 ἁκρὶς
3044 5310 3143 5365 καὶ
3181 5308 3455 5379 βροῦχος,
3479 5298 3539 5358 οὗ
3565 5299 3649 5387 οὑξ
3674 5298 3722 5387 ῆς

578 5416 782 5463 eorum,
812 5402 1074 5468 primitias
1102 5405 1273 5459 omnis
1318 5404 1516 5459 laboris
1549 5422 1748 5463 eorum.
1782 5408 2143 5474 Quemadmo-

2249 5405 2515 5475 ἀριθμὸς,
2550 5404 2648 5458 καὶ
2688 5403 2982 5473 κατέφαγε
3022 5401 3219 5457 πάντα
3264 5404 3466 5472 χόρτον
3494 5395 3551 5447 ἐν
3586 5384 3642 5453 τῇ

562 5488 710 5543 dum
735 5489 909 5558 primo
939 5490 1234 5562 Joscphum
1262 5493 1510 5562 permisit
1540 5494 1596 5549 in
1646 5497 1963 5552 servitutem
2001 5498 2127 5553 redi

2250 5494 2466 5561 αὐτῶν,
2497 5495 2595 5549 καὶ
2626 5493 2917 5563 κατέφαγε
2945 5492 3139 5547 πάντα
3166 5492 3272 5546 τόν
3303 5488 3512 5559 καρπόν
3534 5479 3620 5546 τῆς
3644 5489 3717 5565 γης

579 5578 655 5650 gi,
709 5594 773 5641 ac
800 5582 1150 5650 compedibus
1173 5582 1425 5652 ferroque
1451 5583 1753 5653 humiliari;
1800 5587 1996 5643 deinde
2018 5604 2144 5643 vero

2252 5586 2466 5641 αὐτῶν.
2505 5588 2610 5641 Καὶ
2652 5584 2911 5646 ἐπάταξε
2938 5584 3059 5641 πᾶν
3104 5586 3461 5652 πρωτότοκον
3492 5575 3550 5628 ἐν
3583 5585 3635 5633 τι]
3670 5578 3715 5629 ῗῖῖ

580 5678 708 5739 post
760 5671 944 5726 datum
996 5672 1211 5728 virtutis
1274 5674 1727 5745 experimentum,
1803 5678 1871 5733 ad
1922 5695 2145 5751 regnum

2255 5681 2472 5749 αὐτῶν,
2521 5683 2802 5749 ἀπαρχὴν
2846 5679 3068 5744 παντὸς
3109 5680 3295 5732 πόνου
3340 5670 3527 5730 αὐτῶν.
3569 5661 3713 5723 ὀπερ

652 5828 699 5859 ⁸⁷
736 5812 875 5884 Gen.
906 5845 1026 5895 xu,
1063 5829 1170 5895 27;
1210 5829 1327 5887 Act.
1362 5846 1467 5898 vn,
1508 5832 1591 5887 lt.
