  <div class='ocr_page' id='page_1' title='image "/cluster/home/n/w/nwhite01/storage/ocr_20150623/23/hvd.32044019207711/684.png"; bbox 0 0 3964 6558; ppageno 0'>
   <div class='ocr_carea' id='block_1_1' title="bbox 218 438 367 495">
    <p class='ocr_par' dir='ltr' id='par_1_1' title="bbox 218 438 367 495">
     <span class='ocr_line' id='line_1_1' title="bbox 218 438 367 495; baseline 0.013 -2"><span class='ocrx_word' id='word_1_1' title='bbox 218 438 367 495; x_wconf 72' lang='grc'><strong>1509</strong></span> 
     </span>
    </p>
   </div>
   <div class='ocr_carea' id='block_1_2' title="bbox 1280 435 2260 503">
    <p class='ocr_par' dir='ltr' id='par_1_2' title="bbox 1280 435 2260 503">
     <span class='ocr_line' id='line_1_2' title="bbox 1280 435 2260 503; baseline 0.001 -10"><span class='ocrx_word' id='word_1_2' title='bbox 1280 436 1780 496; x_wconf 79' lang='lat' dir='ltr'><strong>COMMENTARIA</strong></span> <span class='ocrx_word' id='word_1_3' title='bbox 1817 435 1884 492; x_wconf 85' lang='lat' dir='ltr'><strong>IN</strong></span> <span class='ocrx_word' id='word_1_4' title='bbox 1923 436 2260 503; x_wconf 80' lang='lat' dir='ltr'><strong>PSALMOS.</strong></span> 
     </span>
    </p>
   </div>
   <div class='ocr_carea' id='block_1_3' title="bbox 3316 438 3452 494">
    <p class='ocr_par' dir='ltr' id='par_1_3' title="bbox 3316 438 3452 494">
     <span class='ocr_line' id='line_1_3' title="bbox 3316 438 3452 494; baseline 0.007 -1"><span class='ocrx_word' id='word_1_5' title='bbox 3316 438 3452 494; x_wconf 73' lang='grc' dir='ltr'><strong>15ἱο</strong></span> 
     </span>
    </p>
   </div>
   <div class='ocr_carea' id='block_1_4' title="bbox 207 552 1780 625">
    <p class='ocr_par' dir='ltr' id='par_1_4' title="bbox 207 552 1780 625">
     <span class='ocr_line' id='line_1_4' title="bbox 207 552 1780 625; baseline -0.001 -17"><span class='ocrx_word' id='word_1_6' title='bbox 207 555 302 608; x_wconf 81' lang='grc' dir='ltr'><strong>τὸν</strong></span> <span class='ocrx_word' id='word_1_7' title='bbox 350 552 553 625; x_wconf 74' lang='grc' dir='ltr'>Ἰωσὴφ</span> <span class='ocrx_word' id='word_1_8' title='bbox 595 552 807 625; x_wconf 81' lang='grc' dir='ltr'>πρῶτον</span> <span class='ocrx_word' id='word_1_9' title='bbox 838 553 1109 624; x_wconf 82' lang='grc' dir='ltr'>συγχωρεῖ</span> <span class='ocrx_word' id='word_1_10' title='bbox 1133 552 1433 619; x_wconf 88' lang='grc' dir='ltr'>δουλεῦσαι,</span> <span class='ocrx_word' id='word_1_11' title='bbox 1475 556 1569 608; x_wconf 81' lang='grc' dir='ltr'><strong>καί</strong></span> <span class='ocrx_word' id='word_1_12' title='bbox 1602 554 1780 617; x_wconf 80' lang='grc' dir='ltr'><strong>πέδαις</strong></span> 
     </span>
    </p>
   </div>
   <div class='ocr_carea' id='block_1_5' title="bbox 1889 552 3454 625">
    <p class='ocr_par' dir='ltr' id='par_1_5' title="bbox 1889 554 3454 625">
     <span class='ocr_line' id='line_1_5' title="bbox 1889 554 3454 625; baseline 0.001 -17"><span class='ocrx_word' id='word_1_13' title='bbox 1889 554 2094 622; x_wconf 82' lang='lat' dir='ltr'><strong>evexit;</strong></span> <span class='ocrx_word' id='word_1_14' title='bbox 2128 556 2209 610; x_wconf 90' lang='lat' dir='ltr'><strong>sic</strong></span> <span class='ocrx_word' id='word_1_15' title='bbox 2233 554 2397 609; x_wconf 85' lang='lat' dir='ltr'><strong>etiam</strong></span> <span class='ocrx_word' id='word_1_16' title='bbox 2428 569 2575 609; x_wconf 90' lang='lat' dir='ltr'><strong>nunc</strong></span> <span class='ocrx_word' id='word_1_17' title='bbox 2604 569 2728 610; x_wconf 90' lang='lat' dir='ltr'><strong>cum</strong></span> <span class='ocrx_word' id='word_1_18' title='bbox 2761 554 2922 610; x_wconf 81' lang='lat' dir='ltr'><strong>vellet</strong></span> <span class='ocrx_word' id='word_1_19' title='bbox 2982 554 3238 625; x_wconf 80' lang='lat' dir='ltr'><strong>populum</strong></span> <span class='ocrx_word' id='word_1_20' title='bbox 3270 557 3454 625; x_wconf 85' lang='lat' dir='ltr'><strong>provi-</strong></span> 
     </span>
    </p>
   </div>
   <div class='ocr_carea' id='block_1_6' title="bbox 206 643 1785 717">
    <p class='ocr_par' dir='ltr' id='par_1_6' title="bbox 206 643 1785 717">
     <span class='ocr_line' id='line_1_6' title="bbox 206 643 1785 717; baseline 0.001 -18"><span class='ocrx_word' id='word_1_21' title='bbox 206 649 307 701; x_wconf 75' lang='grc' dir='ltr'>καὶ</span> <span class='ocrx_word' id='word_1_22' title='bbox 340 645 545 717; x_wconf 85' lang='grc' dir='ltr'>σιδήρῳ</span> <span class='ocrx_word' id='word_1_23' title='bbox 583 645 1009 716; x_wconf 64' lang='grc' dir='ltr'>ταπεινωθῆναιδ</span> <span class='ocrx_word' id='word_1_24' title='bbox 1036 643 1154 699; x_wconf 81' lang='grc' dir='ltr'>εἶτα</span> <span class='ocrx_word' id='word_1_25' title='bbox 1184 646 1322 717; x_wconf 83' lang='grc' dir='ltr'>μετὰ</span> <span class='ocrx_word' id='word_1_26' title='bbox 1360 646 1529 701; x_wconf 87' lang='grc' dir='ltr'>ταῦτα</span> <span class='ocrx_word' id='word_1_27' title='bbox 1558 647 1785 717; x_wconf 84' lang='grc' dir='ltr'>δοκιμὴν</span> 
     </span>
    </p>
   </div>
   <div class='ocr_carea' id='block_1_7' title="bbox 204 738 1779 810">
    <p class='ocr_par' dir='ltr' id='par_1_7' title="bbox 204 738 1779 810">
     <span class='ocr_line' id='line_1_7' title="bbox 204 738 1779 810; baseline 0 -18"><span class='ocrx_word' id='word_1_28' title='bbox 204 739 485 793; x_wconf 79' lang='grc' dir='ltr'><strong>δεδωκότα</strong></span> <span class='ocrx_word' id='word_1_29' title='bbox 509 738 609 807; x_wconf 85' lang='grc' dir='ltr'>τῆς</span> <span class='ocrx_word' id='word_1_30' title='bbox 631 738 835 802; x_wconf 88' lang='grc' dir='ltr'>οἰκείας</span> <span class='ocrx_word' id='word_1_31' title='bbox 858 739 1075 810; x_wconf 82' lang='grc' dir='ltr'>ἀρετῆς,</span> <span class='ocrx_word' id='word_1_32' title='bbox 1109 738 1339 809; x_wconf 79' lang='grc' dir='ltr'><strong>προάγει</strong></span> <span class='ocrx_word' id='word_1_33' title='bbox 1359 739 1448 790; x_wconf 81' lang='grc' dir='ltr'><strong>ἐπὶ</strong></span> <span class='ocrx_word' id='word_1_34' title='bbox 1480 738 1779 807; x_wconf 86' lang='grc' dir='ltr'>βασιλείαν·</span> 
     </span>
    </p>
   </div>
   <div class='ocr_carea' id='block_1_8' title="bbox 203 829 1782 901">
    <p class='ocr_par' dir='ltr' id='par_1_8' title="bbox 203 829 1782 901">
     <span class='ocr_line' id='line_1_8' title="bbox 203 829 1782 901; baseline 0.001 -20"><span class='ocrx_word' id='word_1_35' title='bbox 203 829 356 883; x_wconf 70' lang='grc' dir='ltr'>οὕτω</span> <span class='ocrx_word' id='word_1_36' title='bbox 386 831 481 883; x_wconf 72' lang='grc' dir='ltr'><strong>καὶ</strong></span> <span class='ocrx_word' id='word_1_37' title='bbox 492 829 607 895; x_wconf 92' lang='grc' dir='ltr'>νῦν,</span> <span class='ocrx_word' id='word_1_38' title='bbox 628 830 949 901; x_wconf 82' lang='grc' dir='ltr'>βουλόμενος</span> <span class='ocrx_word' id='word_1_39' title='bbox 986 831 1085 900; x_wconf 83' lang='grc' dir='ltr'>τῆς</span> <span class='ocrx_word' id='word_1_40' title='bbox 1113 829 1276 883; x_wconf 85' lang='grc' dir='ltr'>αὑτοῦ</span> <span class='ocrx_word' id='word_1_41' title='bbox 1317 830 1619 897; x_wconf 75' lang='grc' dir='ltr'>ἐπισκοπῆς</span> <span class='ocrx_word' id='word_1_42' title='bbox 1645 846 1782 882; x_wconf 85' lang='grc' dir='ltr'>κατ-</span> 
     </span>
    </p>
   </div>
   <div class='ocr_carea' id='block_1_9' title="bbox 202 920 1787 993">
    <p class='ocr_par' dir='ltr' id='par_1_9' title="bbox 202 920 1787 993">
     <span class='ocr_line' id='line_1_9' title="bbox 202 920 1787 993; baseline -0.001 -19"><span class='ocrx_word' id='word_1_43' title='bbox 202 921 446 987; x_wconf 81' lang='grc' dir='ltr'>αξιῶσαι</span> <span class='ocrx_word' id='word_1_44' title='bbox 480 922 571 975; x_wconf 86' lang='grc' dir='ltr'><strong>τὸν</strong></span> <span class='ocrx_word' id='word_1_45' title='bbox 615 922 762 985; x_wconf 83' lang='grc' dir='ltr'>λαὸν,</span> <span class='ocrx_word' id='word_1_46' title='bbox 817 922 1029 993; x_wconf 85' lang='grc' dir='ltr'>πρῶτον</span> <span class='ocrx_word' id='word_1_47' title='bbox 1053 921 1214 975; x_wconf 83' lang='grc' dir='ltr'>αὐτὸν</span> <span class='ocrx_word' id='word_1_48' title='bbox 1255 920 1624 991; x_wconf 85' lang='grc' dir='ltr'>πειρατηρίοις</span> <span class='ocrx_word' id='word_1_49' title='bbox 1650 920 1787 973; x_wconf 83' lang='grc' dir='ltr'>ὲκδί-</span> 
     </span>
    </p>
   </div>
   <div class='ocr_carea' id='block_1_10' title="bbox 199 1009 1786 1084">
    <p class='ocr_par' dir='ltr' id='par_1_10' title="bbox 199 1009 1786 1084">
     <span class='ocr_line' id='line_1_10' title="bbox 199 1009 1786 1084; baseline -0.001 -19"><span class='ocrx_word' id='word_1_50' title='bbox 199 1013 396 1077; x_wconf 87' lang='grc' dir='ltr'>δωσιν,</span> <span class='ocrx_word' id='word_1_51' title='bbox 452 1013 519 1065; x_wconf 80' lang='grc' dir='ltr'><strong>ἵν’</strong></span> <span class='ocrx_word' id='word_1_52' title='bbox 566 1011 791 1084; x_wconf 78' lang='grc' dir='ltr'>ὕστερον</span> <span class='ocrx_word' id='word_1_53' title='bbox 838 1012 1000 1083; x_wconf 84' lang='grc' dir='ltr'>λεχθῇ</span> <span class='ocrx_word' id='word_1_54' title='bbox 1055 1012 1145 1065; x_wconf 70' lang='grc' dir='ltr'>τόδ</span> <span class='ocrx_word' id='word_1_55' title='bbox 1196 1012 1307 1064; x_wconf 83' lang='grc' dir='ltr'><strong>Καὶ</strong></span> <span class='ocrx_word' id='word_1_56' title='bbox 1357 1009 1688 1075; x_wconf 80' lang='grc' dir='ltr'>ἐστέναξαν</span> <span class='ocrx_word' id='word_1_57' title='bbox 1731 1013 1786 1063; x_wconf 85' lang='grc' dir='ltr'><strong>οί</strong></span> 
     </span>
    </p>
   </div>
   <div class='ocr_carea' id='block_1_11' title="bbox 198 1098 1786 1172">
    <p class='ocr_par' dir='ltr' id='par_1_11' title="bbox 198 1098 1786 1172">
     <span class='ocr_line' id='line_1_11' title="bbox 198 1098 1786 1172; baseline -0.002 -17"><span class='ocrx_word' id='word_1_58' title='bbox 198 1102 327 1156; x_wconf 70' lang='grc' dir='ltr'>υἱοὶ</span> <span class='ocrx_word' id='word_1_59' title='bbox 386 1102 659 1172; x_wconf 71' lang='grc' dir='ltr'>Ἰσραὴλ,</span> <span class='ocrx_word' id='word_1_60' title='bbox 704 1103 803 1156; x_wconf 78' lang='grc' dir='ltr'><strong>καί</strong></span> <span class='ocrx_word' id='word_1_61' title='bbox 852 1101 1182 1170; x_wconf 79' lang='grc' dir='ltr'>ἐκέκραξαν</span> <span class='ocrx_word' id='word_1_62' title='bbox 1224 1100 1374 1168; x_wconf 83' lang='grc' dir='ltr'>πρὸς</span> <span class='ocrx_word' id='word_1_63' title='bbox 1418 1101 1634 1168; x_wconf 83' lang='grc' dir='ltr'><strong>Κύριον</strong></span> <span class='ocrx_word' id='word_1_64' title='bbox 1679 1098 1786 1152; x_wconf 87' lang='grc' dir='ltr'><strong>τὸν</strong></span> 
     </span>
    </p>
   </div>
   <div class='ocr_carea' id='block_1_12' title="bbox 201 1189 1786 1260">
    <p class='ocr_par' dir='ltr' id='par_1_12' title="bbox 201 1189 1786 1260">
     <span class='ocr_line' id='line_1_12' title="bbox 201 1189 1786 1260; baseline -0.003 -13"><span class='ocrx_word' id='word_1_65' title='bbox 201 1190 360 1247; x_wconf 84' lang='grc' dir='ltr'>Θεὸν</span> <span class='ocrx_word' id='word_1_66' title='bbox 393 1191 613 1257; x_wconf 82' lang='grc' dir='ltr'>αὐτῶν,</span> <span class='ocrx_word' id='word_1_67' title='bbox 654 1193 752 1247; x_wconf 78' lang='grc' dir='ltr'>καὶ</span> <span class='ocrx_word' id='word_1_68' title='bbox 798 1192 977 1260; x_wconf 79' lang='grc' dir='ltr'><strong>ἀνέϐη</strong></span> <span class='ocrx_word' id='word_1_69' title='bbox 1022 1195 1059 1260; x_wconf 79' lang='grc' dir='ltr'><strong><em>ἡ</em></strong></span> <span class='ocrx_word' id='word_1_70' title='bbox 1087 1190 1211 1259; x_wconf 80' lang='grc' dir='ltr'><strong>βοὴ</strong></span> <span class='ocrx_word' id='word_1_71' title='bbox 1258 1189 1456 1244; x_wconf 86' lang='grc' dir='ltr'>αὐτῶν</span> <span class='ocrx_word' id='word_1_72' title='bbox 1495 1189 1644 1258; x_wconf 80' lang='grc' dir='ltr'>πρὸς</span> <span class='ocrx_word' id='word_1_73' title='bbox 1678 1189 1786 1243; x_wconf 83' lang='grc' dir='ltr'><strong>τὸν</strong></span> 
     </span>
    </p>
   </div>
   <div class='ocr_carea' id='block_1_13' title="bbox 202 1277 1787 1351">
    <p class='ocr_par' dir='ltr' id='par_1_13' title="bbox 202 1277 1787 1351">
     <span class='ocr_line' id='line_1_13' title="bbox 202 1277 1787 1351; baseline -0.001 -17"><span class='ocrx_word' id='word_1_74' title='bbox 202 1280 362 1335; x_wconf 85' lang='grc' dir='ltr'>Θεὸν</span> <span class='ocrx_word' id='word_1_75' title='bbox 392 1283 514 1336; x_wconf 81' lang='grc' dir='ltr'>ἀπὸ</span> <span class='ocrx_word' id='word_1_76' title='bbox 540 1282 657 1336; x_wconf 87' lang='grc' dir='ltr'>τῶν</span> <span class='ocrx_word' id='word_1_77' title='bbox 686 1284 894 1351; x_wconf 71' lang='grc' dir='ltr'>ἔργων.</span> <span class='ocrx_word' id='word_1_78' title='bbox 922 1283 1032 1335; x_wconf 81' lang='grc' dir='ltr'><strong>Καὶ</strong></span> <span class='ocrx_word' id='word_1_79' title='bbox 1062 1279 1425 1347; x_wconf 81' lang='grc' dir='ltr'>εἰσήκουσεν</span> <span class='ocrx_word' id='word_1_80' title='bbox 1445 1282 1477 1334; x_wconf 84' lang='grc' dir='ltr'><em>ὀ</em></span> <span class='ocrx_word' id='word_1_81' title='bbox 1504 1279 1646 1344; x_wconf 89' lang='grc' dir='ltr'>Θεὸς</span> <span class='ocrx_word' id='word_1_82' title='bbox 1666 1277 1787 1333; x_wconf 77' lang='grc' dir='ltr'><strong>τὸν</strong></span> 
     </span>
    </p>
   </div>
   <div class='ocr_carea' id='block_1_14' title="bbox 199 1369 1782 1444">
    <p class='ocr_par' dir='ltr' id='par_1_14' title="bbox 199 1369 1782 1444">
     <span class='ocr_line' id='line_1_14' title="bbox 199 1369 1782 1444; baseline -0.002 -17"><span class='ocrx_word' id='word_1_83' title='bbox 199 1374 553 1444; x_wconf 79' lang='grc' dir='ltr'>στεναγμὸν</span> <span class='ocrx_word' id='word_1_84' title='bbox 572 1374 797 1428; x_wconf 83' lang='grc' dir='ltr'>αὐτῶν·</span> <span class='ocrx_word' id='word_1_85' title='bbox 844 1374 942 1427; x_wconf 78' lang='grc' dir='ltr'><strong>καί</strong></span> <span class='ocrx_word' id='word_1_86' title='bbox 966 1372 1236 1443; x_wconf 79' lang='grc' dir='ltr'><strong>ἐμνήσθη</strong></span> <span class='ocrx_word' id='word_1_87' title='bbox 1261 1375 1294 1427; x_wconf 85' lang='grc' dir='ltr'><strong>ό</strong></span> <span class='ocrx_word' id='word_1_88' title='bbox 1334 1372 1480 1437; x_wconf 89' lang='grc' dir='ltr'>Θεὸς</span> <span class='ocrx_word' id='word_1_89' title='bbox 1511 1370 1621 1439; x_wconf 85' lang='grc' dir='ltr'>τῆς</span> <span class='ocrx_word' id='word_1_90' title='bbox 1656 1369 1782 1424; x_wconf 88' lang='grc' dir='ltr'>δια-</span> 
     </span>
    </p>
   </div>
   <div class='ocr_carea' id='block_1_15' title="bbox 199 1462 1781 1534">
    <p class='ocr_par' dir='ltr' id='par_1_15' title="bbox 199 1462 1781 1534">
     <span class='ocr_line' id='line_1_15' title="bbox 199 1462 1781 1534; baseline -0.004 -13"><span class='ocrx_word' id='word_1_91' title='bbox 199 1463 407 1532; x_wconf 79' lang='grc' dir='ltr'>θήκης</span> <span class='ocrx_word' id='word_1_92' title='bbox 451 1466 636 1520; x_wconf 86' lang='grc' dir='ltr'>αὑτοῦ</span> <span class='ocrx_word' id='word_1_93' title='bbox 673 1464 783 1533; x_wconf 79' lang='grc' dir='ltr'>τῆς</span> <span class='ocrx_word' id='word_1_94' title='bbox 828 1464 977 1533; x_wconf 84' lang='grc' dir='ltr'>πρὸς</span> <span class='ocrx_word' id='word_1_95' title='bbox 1012 1465 1258 1534; x_wconf 79' lang='grc' dir='ltr'><strong>Ἀϐραὰμ</strong></span> <span class='ocrx_word' id='word_1_96' title='bbox 1304 1463 1403 1517; x_wconf 79' lang='grc' dir='ltr'><strong>καί</strong></span> <span class='ocrx_word' id='word_1_97' title='bbox 1448 1463 1643 1517; x_wconf 83' lang='grc' dir='ltr'>Ἰσαὰκ</span> <span class='ocrx_word' id='word_1_98' title='bbox 1684 1462 1781 1515; x_wconf 80' lang='grc' dir='ltr'>καὶ</span> 
     </span>
    </p>
   </div>
   <div class='ocr_carea' id='block_1_16' title="bbox 213 1552 1779 1621">
    <p class='ocr_par' dir='ltr' id='par_1_16' title="bbox 213 1552 1779 1621">
     <span class='ocr_line' id='line_1_16' title="bbox 213 1552 1779 1621; baseline -0.003 -11"><span class='ocrx_word' id='word_1_99' title='bbox 213 1555 439 1611; x_wconf 75' lang='grc' dir='ltr'>Ἰακώϐ.</span> <span class='ocrx_word' id='word_1_100' title='bbox 480 1556 591 1611; x_wconf 82' lang='grc' dir='ltr'><strong>Καὶ</strong></span> <span class='ocrx_word' id='word_1_101' title='bbox 616 1557 853 1610; x_wconf 80' lang='grc' dir='ltr'><strong>ἐπεῖδεν</strong></span> <span class='ocrx_word' id='word_1_102' title='bbox 882 1559 915 1610; x_wconf 85' lang='grc' dir='ltr'><strong>ό</strong></span> <span class='ocrx_word' id='word_1_103' title='bbox 953 1555 1096 1621; x_wconf 87' lang='grc' dir='ltr'>Θεὸς</span> <span class='ocrx_word' id='word_1_104' title='bbox 1143 1555 1285 1621; x_wconf 83' lang='grc' dir='ltr'>τοὺς</span> <span class='ocrx_word' id='word_1_105' title='bbox 1314 1553 1484 1619; x_wconf 80' lang='grc' dir='ltr'>υἱοὺς</span> <span class='ocrx_word' id='word_1_106' title='bbox 1524 1552 1779 1621; x_wconf 79' lang='grc' dir='ltr'>Ἰσραὴλ,</span> 
     </span>
    </p>
   </div>
   <div class='ocr_carea' id='block_1_17' title="bbox 198 1645 1783 1720">
    <p class='ocr_par' dir='ltr' id='par_1_17' title="bbox 198 1645 1783 1720">
     <span class='ocr_line' id='line_1_17' title="bbox 198 1645 1783 1720; baseline -0.002 -19"><span class='ocrx_word' id='word_1_107' title='bbox 198 1648 303 1701; x_wconf 74' lang='grc' dir='ltr'>καὶ</span> <span class='ocrx_word' id='word_1_108' title='bbox 329 1648 606 1718; x_wconf 77' lang='grc' dir='ltr'><strong>ἐγνώσθη</strong></span> <span class='ocrx_word' id='word_1_109' title='bbox 645 1648 867 1715; x_wconf 83' lang='grc' dir='ltr'>αὐτοῖς.</span> <span class='ocrx_word' id='word_1_110' title='bbox 906 1648 1124 1719; x_wconf 84' lang='grc' dir='ltr'>Ἐπειδὴ</span> <span class='ocrx_word' id='word_1_111' title='bbox 1155 1647 1212 1702; x_wconf 78' lang='grc' dir='ltr'>δὲ</span> <span class='ocrx_word' id='word_1_112' title='bbox 1244 1648 1478 1720; x_wconf 84' lang='grc' dir='ltr'>εῐρηται,</span> <span class='ocrx_word' id='word_1_113' title='bbox 1508 1647 1590 1699; x_wconf 83' lang='grc' dir='ltr'>ὅτι</span> <span class='ocrx_word' id='word_1_114' title='bbox 1614 1645 1783 1715; x_wconf 82' lang='grc' dir='ltr'>μετέ-</span> 
     </span>
    </p>
   </div>
   <div class='ocr_carea' id='block_1_18' title="bbox 197 1736 1783 1809">
    <p class='ocr_par' dir='ltr' id='par_1_18' title="bbox 197 1736 1783 1809">
     <span class='ocr_line' id='line_1_18' title="bbox 197 1736 1783 1809; baseline -0.002 -17"><span class='ocrx_word' id='word_1_115' title='bbox 197 1742 439 1807; x_wconf 78' lang='grc' dir='ltr'>στρεψε</span> <span class='ocrx_word' id='word_1_116' title='bbox 483 1738 598 1808; x_wconf 80' lang='grc' dir='ltr'>τὴν</span> <span class='ocrx_word' id='word_1_117' title='bbox 628 1739 878 1807; x_wconf 80' lang='grc' dir='ltr'><strong>καρδίαν</strong></span> <span class='ocrx_word' id='word_1_118' title='bbox 922 1737 1138 1803; x_wconf 84' lang='grc' dir='ltr'>αὐτῶν,</span> <span class='ocrx_word' id='word_1_119' title='bbox 1183 1738 1423 1809; x_wconf 89' lang='grc' dir='ltr'>δηλονότι</span> <span class='ocrx_word' id='word_1_120' title='bbox 1472 1736 1579 1790; x_wconf 86' lang='grc' dir='ltr'><strong>τῶν</strong></span> <span class='ocrx_word' id='word_1_121' title='bbox 1618 1738 1783 1804; x_wconf 79' lang='grc' dir='ltr'>Αἰγυ-</span> 
     </span>
    </p>
   </div>
   <div class='ocr_carea' id='block_1_19' title="bbox 196 1827 1782 1901">
    <p class='ocr_par' dir='ltr' id='par_1_19' title="bbox 196 1827 1782 1901">
     <span class='ocr_line' id='line_1_19' title="bbox 196 1827 1782 1901; baseline -0.003 -16"><span class='ocrx_word' id='word_1_122' title='bbox 196 1832 403 1897; x_wconf 81' lang='grc' dir='ltr'>πτίων,</span> <span class='ocrx_word' id='word_1_123' title='bbox 442 1831 547 1885; x_wconf 84' lang='grc' dir='ltr'><strong>τοῦ</strong></span> <span class='ocrx_word' id='word_1_124' title='bbox 565 1830 824 1900; x_wconf 82' lang='grc' dir='ltr'><strong>μισῆσαι</strong></span> <span class='ocrx_word' id='word_1_125' title='bbox 856 1830 964 1885; x_wconf 85' lang='grc' dir='ltr'><strong>τὸν</strong></span> <span class='ocrx_word' id='word_1_126' title='bbox 989 1832 1143 1885; x_wconf 75' lang='grc' dir='ltr'>λαὸν</span> <span class='ocrx_word' id='word_1_127' title='bbox 1168 1829 1372 1894; x_wconf 85' lang='grc' dir='ltr'>αὐτοῦ,</span> <span class='ocrx_word' id='word_1_128' title='bbox 1400 1830 1566 1901; x_wconf 86' lang='grc' dir='ltr'>ὲρείς,</span> <span class='ocrx_word' id='word_1_129' title='bbox 1601 1829 1682 1882; x_wconf 83' lang='grc' dir='ltr'>ὅτι</span> <span class='ocrx_word' id='word_1_130' title='bbox 1705 1827 1782 1880; x_wconf 91' lang='grc' dir='ltr'>δι-</span> 
     </span>
    </p>
   </div>
   <div class='ocr_carea' id='block_1_20' title="bbox 1892 646 3456 718">
    <p class='ocr_par' dir='ltr' id='par_1_20' title="bbox 1892 646 3456 718">
     <span class='ocr_line' id='line_1_20' title="bbox 1892 646 3456 718; baseline 0 -18"><span class='ocrx_word' id='word_1_131' title='bbox 1892 646 2074 700; x_wconf 89' lang='lat' dir='ltr'><strong>dentia</strong></span> <span class='ocrx_word' id='word_1_132' title='bbox 2098 662 2197 701; x_wconf 85' lang='lat' dir='ltr'><strong>sua</strong></span> <span class='ocrx_word' id='word_1_133' title='bbox 2221 646 2459 715; x_wconf 85' lang='lat' dir='ltr'><strong>dignari,</strong></span> <span class='ocrx_word' id='word_1_134' title='bbox 2492 647 2675 716; x_wconf 90' lang='lat' dir='ltr'><strong>ipsum</strong></span> <span class='ocrx_word' id='word_1_135' title='bbox 2712 648 2889 718; x_wconf 90' lang='lat' dir='ltr'><strong>primo</strong></span> <span class='ocrx_word' id='word_1_136' title='bbox 2920 647 3313 703; x_wconf 88' lang='lat' dir='ltr'><strong>tentationibus</strong></span> <span class='ocrx_word' id='word_1_137' title='bbox 3345 658 3456 701; x_wconf 81' lang='lat' dir='ltr'><strong>tra-</strong></span> 
     </span>
    </p>
   </div>
   <div class='ocr_carea' id='block_1_21' title="bbox 1892 737 3455 809">
    <p class='ocr_par' dir='ltr' id='par_1_21' title="bbox 1892 737 3455 809">
     <span class='ocr_line' id='line_1_21' title="bbox 1892 737 3455 809; baseline 0.002 -18"><span class='ocrx_word' id='word_1_138' title='bbox 1892 737 2054 802; x_wconf 90' lang='lat' dir='ltr'><strong>didit,</strong></span> <span class='ocrx_word' id='word_1_139' title='bbox 2080 746 2141 791; x_wconf 81' lang='lat' dir='ltr'><strong>ut</strong></span> <span class='ocrx_word' id='word_1_140' title='bbox 2176 738 2522 807; x_wconf 76' lang='lat' dir='ltr'><strong>postmodum</strong></span> <span class='ocrx_word' id='word_1_141' title='bbox 2557 737 2831 794; x_wconf 84' lang='lat' dir='ltr'><strong>diceretur</strong></span> <span class='ocrx_word' id='word_1_142' title='bbox 2874 739 3007 794; x_wconf 91' lang='lat' dir='ltr'><strong>illud</strong></span> <span class='ocrx_word' id='word_1_143' title='bbox 3045 755 3058 791; x_wconf 89' lang='lat'>:</span> <span class='ocrx_word' id='word_1_144' title='bbox 3092 738 3159 792; x_wconf 82' lang='lat' dir='ltr'><strong>Et</strong></span> <span class='ocrx_word' id='word_1_145' title='bbox 3193 740 3455 809; x_wconf 87' lang='lat' dir='ltr'><strong>ingemue-</strong></span> 
     </span>
    </p>
   </div>
   <div class='ocr_carea' id='block_1_22' title="bbox 1892 828 3451 896">
    <p class='ocr_par' dir='ltr' id='par_1_22' title="bbox 1892 828 3451 896">
     <span class='ocr_line' id='line_1_22' title="bbox 1892 828 3451 896; baseline 0.001 -15"><span class='ocrx_word' id='word_1_146' title='bbox 1892 836 2015 881; x_wconf 83' lang='lat' dir='ltr'><strong>runt</strong></span> <span class='ocrx_word' id='word_1_147' title='bbox 2052 828 2154 896; x_wconf 79' lang='lat' dir='ltr'><strong>ﬁlii</strong></span> <span class='ocrx_word' id='word_1_148' title='bbox 2199 828 2392 894; x_wconf 78' lang='lat' dir='ltr'><strong>Israel,</strong></span> <span class='ocrx_word' id='word_1_149' title='bbox 2451 837 2501 883; x_wconf 88' lang='lat' dir='ltr'><strong>et</strong></span> <span class='ocrx_word' id='word_1_150' title='bbox 2552 830 2977 884; x_wconf 69' lang='lat' dir='ltr'><strong>exclamaverunt</strong></span> <span class='ocrx_word' id='word_1_151' title='bbox 3036 828 3104 883; x_wconf 90' lang='lat' dir='ltr'><strong>ad</strong></span> <span class='ocrx_word' id='word_1_152' title='bbox 3171 829 3451 883; x_wconf 87' lang='lat' dir='ltr'><strong>Dominum</strong></span> 
     </span>
    </p>
   </div>
   <div class='ocr_carea' id='block_1_23' title="bbox 1891 918 3452 985">
    <p class='ocr_par' dir='ltr' id='par_1_23' title="bbox 1891 918 3452 985">
     <span class='ocr_line' id='line_1_23' title="bbox 1891 918 3452 985; baseline 0.001 -15"><span class='ocrx_word' id='word_1_153' title='bbox 1891 918 2058 972; x_wconf 88' lang='lat' dir='ltr'><strong>Deum</strong></span> <span class='ocrx_word' id='word_1_154' title='bbox 2089 935 2262 985; x_wconf 85' lang='lat' dir='ltr'><strong>suum,</strong></span> <span class='ocrx_word' id='word_1_155' title='bbox 2296 928 2343 972; x_wconf 87' lang='lat' dir='ltr'><strong>et</strong></span> <span class='ocrx_word' id='word_1_156' title='bbox 2376 920 2610 973; x_wconf 72' lang='lat' dir='ltr'><strong>ascendit</strong></span> <span class='ocrx_word' id='word_1_157' title='bbox 2638 919 2840 973; x_wconf 92' lang='lat' dir='ltr'><strong>clamor</strong></span> <span class='ocrx_word' id='word_1_158' title='bbox 2861 936 3040 973; x_wconf 87' lang='lat' dir='ltr'><strong>eorum</strong></span> <span class='ocrx_word' id='word_1_159' title='bbox 3079 918 3148 972; x_wconf 91' lang='lat' dir='ltr'><strong>ad</strong></span> <span class='ocrx_word' id='word_1_160' title='bbox 3194 919 3359 972; x_wconf 87' lang='lat' dir='ltr'><strong>Deum</strong></span> <span class='ocrx_word' id='word_1_161' title='bbox 3387 919 3452 972; x_wconf 91' lang='lat' dir='ltr'><strong>ab</strong></span> 
     </span>
    </p>
   </div>
   <div class='ocr_carea' id='block_1_24' title="bbox 1890 1009 3453 1081">
    <p class='ocr_par' dir='ltr' id='par_1_24' title="bbox 1890 1009 3453 1081">
     <span class='ocr_line' id='line_1_24' title="bbox 1890 1009 3453 1081; baseline 0.001 -19"><span class='ocrx_word' id='word_1_162' title='bbox 1890 1009 2131 1078; x_wconf 80' lang='lat' dir='ltr'><strong>operibus</strong></span> <span class='ocrx_word' id='word_1_163' title='bbox 2168 1028 2187 1065; x_wconf 92' lang='lat'><em>:</em></span> <span class='ocrx_word' id='word_1_164' title='bbox 2213 1021 2258 1064; x_wconf 87' lang='lat' dir='ltr'><strong>et</strong></span> <span class='ocrx_word' id='word_1_165' title='bbox 2288 1010 2557 1064; x_wconf 72' lang='lat' dir='ltr'><strong>exaudivit</strong></span> <span class='ocrx_word' id='word_1_166' title='bbox 2604 1009 2742 1064; x_wconf 89' lang='lat' dir='ltr'><strong>Deus</strong></span> <span class='ocrx_word' id='word_1_167' title='bbox 2772 1013 3017 1081; x_wconf 75' lang='lat' dir='ltr'><strong>gemitum</strong></span> <span class='ocrx_word' id='word_1_168' title='bbox 3046 1026 3245 1073; x_wconf 86' lang='lat' dir='ltr'><strong>eorum,</strong></span> <span class='ocrx_word' id='word_1_169' title='bbox 3293 1020 3343 1062; x_wconf 84' lang='lat' dir='ltr'><strong>et</strong></span> <span class='ocrx_word' id='word_1_170' title='bbox 3374 1026 3453 1063; x_wconf 87' lang='lat' dir='ltr'><strong>re-</strong></span> 
     </span>
    </p>
   </div>
   <div class='ocr_carea' id='block_1_25' title="bbox 1890 1101 3452 1157">
    <p class='ocr_par' dir='ltr' id='par_1_25' title="bbox 1890 1101 3452 1157">
     <span class='ocr_line' id='line_1_25' title="bbox 1890 1101 3452 1157; baseline 0 -3"><span class='ocrx_word' id='word_1_171' title='bbox 1890 1101 2139 1156; x_wconf 77' lang='lat' dir='ltr'><strong>cordatus</strong></span> <span class='ocrx_word' id='word_1_172' title='bbox 2175 1113 2253 1157; x_wconf 85' lang='lat' dir='ltr'><strong>cst</strong></span> <span class='ocrx_word' id='word_1_173' title='bbox 2304 1102 2447 1157; x_wconf 89' lang='lat' dir='ltr'><strong>Deus</strong></span> <span class='ocrx_word' id='word_1_174' title='bbox 2483 1104 2780 1156; x_wconf 80' lang='lat' dir='ltr'><strong>testamenti</strong></span> <span class='ocrx_word' id='word_1_175' title='bbox 2834 1103 2920 1156; x_wconf 91' lang='lat' dir='ltr'><strong>sui</strong></span> <span class='ocrx_word' id='word_1_176' title='bbox 2961 1102 3029 1154; x_wconf 92' lang='lat' dir='ltr'><strong>ad</strong></span> <span class='ocrx_word' id='word_1_177' title='bbox 3086 1101 3356 1155; x_wconf 85' lang='lat' dir='ltr'><strong>Abraham</strong></span> <span class='ocrx_word' id='word_1_178' title='bbox 3402 1112 3452 1155; x_wconf 93' lang='lat' dir='ltr'><strong>et</strong></span> 
     </span>
    </p>
   </div>
   <div class='ocr_carea' id='block_1_26' title="bbox 1891 1188 3452 1260">
    <p class='ocr_par' dir='ltr' id='par_1_26' title="bbox 1891 1188 3452 1260">
     <span class='ocr_line' id='line_1_26' title="bbox 1891 1188 3452 1260; baseline -0.002 -15"><span class='ocrx_word' id='word_1_179' title='bbox 1891 1190 2052 1246; x_wconf 84' lang='lat' dir='ltr'><strong>Isaac</strong></span> <span class='ocrx_word' id='word_1_180' title='bbox 2092 1201 2142 1247; x_wconf 89' lang='lat' dir='ltr'><strong>et</strong></span> <span class='ocrx_word' id='word_1_181' title='bbox 2184 1190 2374 1249; x_wconf 80' lang='lat' dir='ltr'><strong>Iacob.</strong></span> <span class='ocrx_word' id='word_1_182' title='bbox 2407 1191 2478 1245; x_wconf 87' lang='lat' dir='ltr'><strong>Et</strong></span> <span class='ocrx_word' id='word_1_183' title='bbox 2536 1193 2759 1260; x_wconf 73' lang='lat' dir='ltr'><strong>respexit</strong></span> <span class='ocrx_word' id='word_1_184' title='bbox 2812 1190 2951 1244; x_wconf 87' lang='lat' dir='ltr'><strong>Deus</strong></span> <span class='ocrx_word' id='word_1_185' title='bbox 2990 1189 3129 1257; x_wconf 81' lang='lat' dir='ltr'><strong>ﬁlios</strong></span> <span class='ocrx_word' id='word_1_186' title='bbox 3182 1188 3375 1251; x_wconf 78' lang='lat' dir='ltr'><strong>Israel,</strong></span> <span class='ocrx_word' id='word_1_187' title='bbox 3403 1198 3452 1242; x_wconf 89' lang='lat' dir='ltr'><strong>et</strong></span> 
     </span>
    </p>
   </div>
   <div class='ocr_carea' id='block_1_27' title="bbox 1890 1279 3453 1350">
    <p class='ocr_par' dir='ltr' id='par_1_27' title="bbox 1890 1279 3453 1350">
     <span class='ocr_line' id='line_1_27' title="bbox 1890 1279 3453 1350; baseline -0.002 -17"><span class='ocrx_word' id='word_1_188' title='bbox 1890 1281 2131 1350; x_wconf 86' lang='lat' dir='ltr'><strong>cognitus</strong></span> <span class='ocrx_word' id='word_1_189' title='bbox 2157 1290 2234 1335; x_wconf 84' lang='lat' dir='ltr'><strong>est</strong></span> <span class='ocrx_word' id='word_1_190' title='bbox 2257 1281 2368 1334; x_wconf 86' lang='lat' dir='ltr'><strong>illis</strong></span> <span class='ocrx_word' id='word_1_191' title='bbox 2392 1281 2455 1334; x_wconf 79' lang='grc'><strong>⁵⁸.</strong></span> <span class='ocrx_word' id='word_1_192' title='bbox 2479 1280 2616 1346; x_wconf 84' lang='lat' dir='ltr'><strong>Quia</strong></span> <span class='ocrx_word' id='word_1_193' title='bbox 2655 1295 2788 1336; x_wconf 89' lang='lat' dir='ltr'><strong>vero</strong></span> <span class='ocrx_word' id='word_1_194' title='bbox 2830 1280 3035 1334; x_wconf 89' lang='lat' dir='ltr'><strong>dictum</strong></span> <span class='ocrx_word' id='word_1_195' title='bbox 3067 1286 3172 1345; x_wconf 85' lang='lat' dir='ltr'><strong>est,</strong></span> <span class='ocrx_word' id='word_1_196' title='bbox 3201 1279 3453 1332; x_wconf 84' lang='lat' dir='ltr'><strong>convertit</strong></span> 
     </span>
    </p>
   </div>
   <div class='ocr_carea' id='block_1_28' title="bbox 1890 1368 3452 1442">
    <p class='ocr_par' dir='ltr' id='par_1_28' title="bbox 1890 1368 3452 1442">
     <span class='ocr_line' id='line_1_28' title="bbox 1890 1368 3452 1442; baseline -0.001 -19"><span class='ocrx_word' id='word_1_197' title='bbox 1890 1386 1983 1424; x_wconf 90' lang='lat' dir='ltr'><strong>cor</strong></span> <span class='ocrx_word' id='word_1_198' title='bbox 2005 1385 2211 1435; x_wconf 86' lang='lat' dir='ltr'><strong>eorum,</strong></span> <span class='ocrx_word' id='word_1_199' title='bbox 2259 1370 2468 1426; x_wconf 88' lang='lat' dir='ltr'><strong>scilicet</strong></span> <span class='ocrx_word' id='word_1_200' title='bbox 2499 1370 2911 1442; x_wconf 65' lang='lat' dir='ltr'><strong>Egyptiorum;</strong></span> <span class='ocrx_word' id='word_1_201' title='bbox 2971 1385 3027 1424; x_wconf 86' lang='lat' dir='ltr'><strong>ut</strong></span> <span class='ocrx_word' id='word_1_202' title='bbox 3060 1368 3262 1424; x_wconf 81' lang='lat' dir='ltr'><strong>adirent</strong></span> <span class='ocrx_word' id='word_1_203' title='bbox 3290 1385 3452 1437; x_wconf 85' lang='lat' dir='ltr'><strong>popu-</strong></span> 
     </span>
    </p>
   </div>
   <div class='ocr_carea' id='block_1_29' title="bbox 1891 1462 3451 1533">
    <p class='ocr_par' dir='ltr' id='par_1_29' title="bbox 1891 1462 3451 1533">
     <span class='ocr_line' id='line_1_29' title="bbox 1891 1462 3451 1533; baseline -0.001 -18"><span class='ocrx_word' id='word_1_204' title='bbox 1891 1462 1999 1515; x_wconf 88' lang='lat' dir='ltr'><strong>lum</strong></span> <span class='ocrx_word' id='word_1_205' title='bbox 2027 1463 2140 1532; x_wconf 87' lang='lat' dir='ltr'><strong>ejus</strong></span> <span class='ocrx_word' id='word_1_206' title='bbox 2166 1478 2185 1527; x_wconf 87' lang='lat'><strong>;</strong></span> <span class='ocrx_word' id='word_1_207' title='bbox 2213 1462 2364 1517; x_wconf 90' lang='lat' dir='ltr'><strong>dicas</strong></span> <span class='ocrx_word' id='word_1_208' title='bbox 2395 1462 2562 1519; x_wconf 93' lang='lat' dir='ltr'><strong>Deum</strong></span> <span class='ocrx_word' id='word_1_209' title='bbox 2598 1463 2703 1519; x_wconf 88' lang='lat' dir='ltr'><strong>hoc</strong></span> <span class='ocrx_word' id='word_1_210' title='bbox 2726 1464 2851 1533; x_wconf 86' lang='lat' dir='ltr'><strong>jure</strong></span> <span class='ocrx_word' id='word_1_211' title='bbox 2880 1463 3095 1519; x_wconf 80' lang='lat' dir='ltr'><strong>fecisse.</strong></span> <span class='ocrx_word' id='word_1_212' title='bbox 3139 1462 3276 1528; x_wconf 84' lang='lat' dir='ltr'><strong>Quia</strong></span> <span class='ocrx_word' id='word_1_213' title='bbox 3307 1462 3451 1517; x_wconf 92' lang='lat' dir='ltr'><strong>enim</strong></span> 
     </span>
    </p>
   </div>
   <div class='ocr_carea' id='block_1_30' title="bbox 1889 1553 3455 1626">
    <p class='ocr_par' dir='ltr' id='par_1_30' title="bbox 1889 1553 3455 1626">
     <span class='ocr_line' id='line_1_30' title="bbox 1889 1553 3455 1626; baseline 0.001 -18"><span class='ocrx_word' id='word_1_214' title='bbox 1889 1554 1946 1608; x_wconf 90' lang='lat' dir='ltr'><strong>in</strong></span> <span class='ocrx_word' id='word_1_215' title='bbox 1982 1554 2151 1609; x_wconf 87' lang='lat' dir='ltr'><strong>multa</strong></span> <span class='ocrx_word' id='word_1_216' title='bbox 2176 1554 2415 1623; x_wconf 89' lang='lat' dir='ltr'><strong>licentia,</strong></span> <span class='ocrx_word' id='word_1_217' title='bbox 2466 1556 2717 1610; x_wconf 82' lang='lat' dir='ltr'><strong>libertate</strong></span> <span class='ocrx_word' id='word_1_218' title='bbox 2758 1564 2811 1610; x_wconf 91' lang='lat' dir='ltr'><strong>et</strong></span> <span class='ocrx_word' id='word_1_219' title='bbox 2851 1555 3058 1609; x_wconf 83' lang='lat' dir='ltr'><strong>honore</strong></span> <span class='ocrx_word' id='word_1_220' title='bbox 3092 1554 3232 1626; x_wconf 90' lang='lat' dir='ltr'><strong>apud</strong></span> <span class='ocrx_word' id='word_1_221' title='bbox 3287 1553 3455 1624; x_wconf 62' lang='lat' dir='ltr'><strong>[Egy-</strong></span> 
     </span>
    </p>
   </div>
   <div class='ocr_carea' id='block_1_31' title="bbox 1889 1646 3453 1717">
    <p class='ocr_par' dir='ltr' id='par_1_31' title="bbox 1889 1646 3453 1717">
     <span class='ocr_line' id='line_1_31' title="bbox 1889 1646 3453 1717; baseline 0.001 -18"><span class='ocrx_word' id='word_1_222' title='bbox 1889 1648 2030 1717; x_wconf 86' lang='lat' dir='ltr'><strong>ptios</strong></span> <span class='ocrx_word' id='word_1_223' title='bbox 2063 1646 2300 1712; x_wconf 82' lang='lat' dir='ltr'><strong>fuerant,</strong></span> <span class='ocrx_word' id='word_1_224' title='bbox 2331 1648 2388 1701; x_wconf 92' lang='lat' dir='ltr'><strong>in</strong></span> <span class='ocrx_word' id='word_1_225' title='bbox 2429 1648 2756 1703; x_wconf 82' lang='lat' dir='ltr'><strong>oblivionem</strong></span> <span class='ocrx_word' id='word_1_226' title='bbox 2816 1646 2909 1703; x_wconf 90' lang='lat' dir='ltr'><strong>Dei</strong></span> <span class='ocrx_word' id='word_1_227' title='bbox 2954 1646 3117 1717; x_wconf 87' lang='lat' dir='ltr'><strong>patrii</strong></span> <span class='ocrx_word' id='word_1_228' title='bbox 3167 1646 3252 1701; x_wconf 89' lang='lat' dir='ltr'><strong>sui</strong></span> <span class='ocrx_word' id='word_1_229' title='bbox 3289 1661 3453 1701; x_wconf 85' lang='lat' dir='ltr'><strong>vene-</strong></span> 
     </span>
    </p>
   </div>
   <div class='ocr_carea' id='block_1_32' title="bbox 1887 1736 3455 1810">
    <p class='ocr_par' dir='ltr' id='par_1_32' title="bbox 1887 1736 3455 1810">
     <span class='ocr_line' id='line_1_32' title="bbox 1887 1736 3455 1810; baseline -0.001 -16"><span class='ocrx_word' id='word_1_230' title='bbox 1887 1747 2038 1807; x_wconf 89' lang='lat' dir='ltr'><strong>runt,</strong></span> <span class='ocrx_word' id='word_1_231' title='bbox 2058 1754 2122 1794; x_wconf 91' lang='lat' dir='ltr'><strong>ac</strong></span> <span class='ocrx_word' id='word_1_232' title='bbox 2149 1754 2268 1795; x_wconf 87' lang='lat' dir='ltr'><strong>sese</strong></span> <span class='ocrx_word' id='word_1_233' title='bbox 2298 1740 2470 1795; x_wconf 89' lang='lat' dir='ltr'><strong>cultui</strong></span> <span class='ocrx_word' id='word_1_234' title='bbox 2506 1739 2886 1810; x_wconf 67' lang='lat' dir='ltr'><strong>Egyptiorum</strong></span> <span class='ocrx_word' id='word_1_235' title='bbox 2936 1736 3204 1793; x_wconf 82' lang='lat' dir='ltr'><strong>idolorum</strong></span> <span class='ocrx_word' id='word_1_236' title='bbox 3235 1737 3455 1793; x_wconf 84' lang='lat' dir='ltr'><strong>dedide-</strong></span> 
     </span>
    </p>
   </div>
   <div class='ocr_carea' id='block_1_33' title="bbox 1888 1830 3454 1902">
    <p class='ocr_par' dir='ltr' id='par_1_33' title="bbox 1888 1830 3454 1902">
     <span class='ocr_line' id='line_1_33' title="bbox 1888 1830 3454 1902; baseline 0.001 -17"><span class='ocrx_word' id='word_1_237' title='bbox 1888 1842 2035 1886; x_wconf 86' lang='lat' dir='ltr'><strong>runt.</strong></span> <span class='ocrx_word' id='word_1_238' title='bbox 2064 1832 2425 1897; x_wconf 80' lang='lat' dir='ltr'><strong>Quamobrem</strong></span> <span class='ocrx_word' id='word_1_239' title='bbox 2454 1833 2579 1902; x_wconf 88' lang='lat' dir='ltr'><strong>jure</strong></span> <span class='ocrx_word' id='word_1_240' title='bbox 2605 1830 2889 1902; x_wconf 66' lang='lat' dir='ltr'><strong>Egyptios</strong></span> <span class='ocrx_word' id='word_1_241' title='bbox 2922 1831 3184 1886; x_wconf 89' lang='lat' dir='ltr'><strong>adversus</strong></span> <span class='ocrx_word' id='word_1_242' title='bbox 3217 1830 3338 1886; x_wconf 83' lang='lat' dir='ltr'><strong>illos</strong></span> <span class='ocrx_word' id='word_1_243' title='bbox 3361 1846 3454 1885; x_wconf 83' lang='lat' dir='ltr'><strong>ex-</strong></span> 
     </span>
    </p>
   </div>
   <div class='ocr_carea' id='block_1_34' title="bbox 197 1912 1780 1994">
    <p class='ocr_par' dir='ltr' id='par_1_34' title="bbox 197 1919 1780 1993">
     <span class='ocr_line' id='line_1_34' title="bbox 197 1919 1780 1993; baseline 0.003 -22"><span class='ocrx_word' id='word_1_244' title='bbox 197 1919 381 1983; x_wconf 85' lang='grc' dir='ltr'>καίως</span> <span class='ocrx_word' id='word_1_245' title='bbox 416 1919 649 1991; x_wconf 74' lang='grc' dir='ltr'>ἔπραξεν</span> <span class='ocrx_word' id='word_1_246' title='bbox 681 1921 710 1973; x_wconf 88' lang='grc' dir='ltr'>ὁ</span> <span class='ocrx_word' id='word_1_247' title='bbox 746 1920 899 1984; x_wconf 89' lang='grc' dir='ltr'>Θεός.</span> <span class='ocrx_word' id='word_1_248' title='bbox 944 1920 1159 1992; x_wconf 83' lang='grc' dir='ltr'>Ἐπειδὴ</span> <span class='ocrx_word' id='word_1_249' title='bbox 1190 1922 1318 1993; x_wconf 89' lang='grc' dir='ltr'>γὰρ,</span> <span class='ocrx_word' id='word_1_250' title='bbox 1348 1922 1406 1975; x_wconf 83' lang='grc' dir='ltr'>ὲν</span> <span class='ocrx_word' id='word_1_251' title='bbox 1435 1921 1601 1992; x_wconf 84' lang='grc' dir='ltr'>πολλῇ</span> <span class='ocrx_word' id='word_1_252' title='bbox 1633 1939 1780 1991; x_wconf 84' lang='grc' dir='ltr'>γεγο-</span> 
     </span>
    </p>
   </div>
   <div class='ocr_carea' id='block_1_35' title="bbox 1889 1912 3450 1994">
    <p class='ocr_par' dir='ltr' id='par_1_35' title="bbox 1889 1922 3450 1994">
     <span class='ocr_line' id='line_1_35' title="bbox 1889 1922 3450 1994; baseline -0.001 -18"><span class='ocrx_word' id='word_1_253' title='bbox 1889 1922 2091 1986; x_wconf 83' lang='lat' dir='ltr'><strong>citavit,</strong></span> <span class='ocrx_word' id='word_1_254' title='bbox 2119 1923 2246 1992; x_wconf 87' lang='lat' dir='ltr'><strong>quia</strong></span> <span class='ocrx_word' id='word_1_255' title='bbox 2290 1923 2393 1979; x_wconf 85' lang='lat' dir='ltr'><strong>sibi</strong></span> <span class='ocrx_word' id='word_1_256' title='bbox 2446 1923 2580 1994; x_wconf 86' lang='lat' dir='ltr'><strong>ipsis</strong></span> <span class='ocrx_word' id='word_1_257' title='bbox 2610 1922 2838 1979; x_wconf 81' lang='lat' dir='ltr'><strong>ﬁdentes</strong></span> <span class='ocrx_word' id='word_1_258' title='bbox 2870 1924 3037 1977; x_wconf 89' lang='lat' dir='ltr'><strong>Deum</strong></span> <span class='ocrx_word' id='word_1_259' title='bbox 3067 1923 3450 1993; x_wconf 80' lang='lat' dir='ltr'><strong>neglexerant;</strong></span> 
     </span>
    </p>
   </div>
   <div class='ocr_carea' id='block_1_36' title="bbox 196 2010 1784 2083">
    <p class='ocr_par' dir='ltr' id='par_1_36' title="bbox 196 2010 1784 2083">
     <span class='ocr_line' id='line_1_36' title="bbox 196 2010 1784 2083; baseline 0.001 -19"><span class='ocrx_word' id='word_1_260' title='bbox 196 2010 357 2074; x_wconf 83' lang='grc' dir='ltr'>νότες</span> <span class='ocrx_word' id='word_1_261' title='bbox 392 2012 573 2064; x_wconf 84' lang='grc' dir='ltr'>ἀνέσει</span> <span class='ocrx_word' id='word_1_262' title='bbox 607 2011 700 2065; x_wconf 71' lang='grc' dir='ltr'><strong>καί¹</strong></span> <span class='ocrx_word' id='word_1_263' title='bbox 749 2011 1030 2083; x_wconf 79' lang='grc' dir='ltr'>ἐλευθερίᾳ</span> <span class='ocrx_word' id='word_1_264' title='bbox 1072 2013 1164 2065; x_wconf 73' lang='grc' dir='ltr'><strong>καὶ</strong></span> <span class='ocrx_word' id='word_1_265' title='bbox 1196 2014 1325 2083; x_wconf 73' lang='grc' dir='ltr'>τιμῇ</span> <span class='ocrx_word' id='word_1_266' title='bbox 1360 2011 1512 2083; x_wconf 83' lang='grc' dir='ltr'>παρὰ</span> <span class='ocrx_word' id='word_1_267' title='bbox 1552 2014 1663 2076; x_wconf 81' lang='grc' dir='ltr'>τοῖς</span> <span class='ocrx_word' id='word_1_268' title='bbox 1691 2015 1784 2066; x_wconf 83' lang='grc' dir='ltr'><strong>Αἰ-</strong></span> 
     </span>
    </p>
   </div>
   <div class='ocr_carea' id='block_1_37' title="bbox 195 2098 1777 2176">
    <p class='ocr_par' dir='ltr' id='par_1_37' title="bbox 195 2098 1777 2176">
     <span class='ocr_line' id='line_1_37' title="bbox 195 2098 1777 2176; baseline 0.003 -24"><span class='ocrx_word' id='word_1_269' title='bbox 195 2101 479 2169; x_wconf 79' lang='grc' dir='ltr'>γυπτίοις,</span> <span class='ocrx_word' id='word_1_270' title='bbox 515 2104 595 2166; x_wconf 89' lang='grc' dir='ltr'><strong>εἰς</strong></span> <span class='ocrx_word' id='word_1_271' title='bbox 627 2102 794 2174; x_wconf 85' lang='grc' dir='ltr'>λήθην</span> <span class='ocrx_word' id='word_1_272' title='bbox 819 2098 981 2172; x_wconf 83' lang='grc' dir='ltr'>ἦλθον</span> <span class='ocrx_word' id='word_1_273' title='bbox 1002 2102 1095 2155; x_wconf 92' lang='grc' dir='ltr'><strong>τοῦ</strong></span> <span class='ocrx_word' id='word_1_274' title='bbox 1128 2102 1379 2176; x_wconf 82' lang='grc' dir='ltr'><strong>πατρῴου</strong></span> <span class='ocrx_word' id='word_1_275' title='bbox 1403 2103 1561 2167; x_wconf 92' lang='grc' dir='ltr'>Θεοῦ,</span> <span class='ocrx_word' id='word_1_276' title='bbox 1586 2104 1777 2171; x_wconf 79' lang='grc' dir='ltr'>ἐξέδω-</span> 
     </span>
    </p>
   </div>
   <div class='ocr_carea' id='block_1_38' title="bbox 196 2193 1773 2268">
    <p class='ocr_par' dir='ltr' id='par_1_38' title="bbox 196 2193 1773 2268">
     <span class='ocr_line' id='line_1_38' title="bbox 196 2193 1773 2268; baseline 0.003 -25"><span class='ocrx_word' id='word_1_277' title='bbox 196 2208 303 2244; x_wconf 82' lang='grc' dir='ltr'><strong>καν</strong></span> <span class='ocrx_word' id='word_1_278' title='bbox 337 2193 397 2245; x_wconf 85' lang='grc' dir='ltr'>δὲ</span> <span class='ocrx_word' id='word_1_279' title='bbox 424 2194 649 2258; x_wconf 80' lang='grc' dir='ltr'>ἑαυτοὺς</span> <span class='ocrx_word' id='word_1_280' title='bbox 674 2198 791 2258; x_wconf 85' lang='grc' dir='ltr'>ταῖς</span> <span class='ocrx_word' id='word_1_281' title='bbox 818 2194 926 2247; x_wconf 82' lang='grc' dir='ltr'><strong>τῶν</strong></span> <span class='ocrx_word' id='word_1_282' title='bbox 957 2195 1266 2262; x_wconf 74' lang='grc' dir='ltr'><strong>Αἰγυπτίων</strong></span> <span class='ocrx_word' id='word_1_283' title='bbox 1287 2194 1773 2268; x_wconf 85' lang='grc' dir='ltr'>εἰδωλολατρείαις’</span> 
     </span>
    </p>
   </div>
   <div class='ocr_carea' id='block_1_39' title="bbox 193 2279 1777 2355">
    <p class='ocr_par' dir='ltr' id='par_1_39' title="bbox 193 2279 1777 2355">
     <span class='ocr_line' id='line_1_39' title="bbox 193 2279 1777 2355; baseline 0.004 -23"><span class='ocrx_word' id='word_1_284' title='bbox 193 2279 290 2341; x_wconf 74' lang='grc' dir='ltr'>διὰ</span> <span class='ocrx_word' id='word_1_285' title='bbox 342 2281 504 2336; x_wconf 82' lang='grc' dir='ltr'>τοῦτο</span> <span class='ocrx_word' id='word_1_286' title='bbox 552 2284 775 2349; x_wconf 76' lang='grc' dir='ltr'>δικαίως</span> <span class='ocrx_word' id='word_1_287' title='bbox 828 2285 1014 2348; x_wconf 83' lang='grc' dir='ltr'>αὐτοῖς</span> <span class='ocrx_word' id='word_1_288' title='bbox 1070 2285 1403 2355; x_wconf 82' lang='grc' dir='ltr'>ὲπανέστησε</span> <span class='ocrx_word' id='word_1_289' title='bbox 1456 2287 1582 2349; x_wconf 85' lang='grc' dir='ltr'>τοὺς</span> <span class='ocrx_word' id='word_1_290' title='bbox 1612 2288 1777 2355; x_wconf 81' lang='grc' dir='ltr'>Αἰγυ-</span> 
     </span>
    </p>
   </div>
   <div class='ocr_carea' id='block_1_40' title="bbox 1887 2014 3456 2086">
    <p class='ocr_par' dir='ltr' id='par_1_40' title="bbox 1887 2014 3456 2086">
     <span class='ocr_line' id='line_1_40' title="bbox 1887 2014 3456 2086; baseline 0.001 -18"><span class='ocrx_word' id='word_1_291' title='bbox 1887 2022 1947 2068; x_wconf 83' lang='grc' dir='ltr'><strong>ιιι</strong></span> <span class='ocrx_word' id='word_1_292' title='bbox 1975 2014 2044 2070; x_wconf 89' lang='lat' dir='ltr'><strong>ab</strong></span> <span class='ocrx_word' id='word_1_293' title='bbox 2091 2014 2159 2071; x_wconf 91' lang='lat' dir='ltr'><strong>iis</strong></span> <span class='ocrx_word' id='word_1_294' title='bbox 2205 2015 2412 2081; x_wconf 83' lang='lat' dir='ltr'><strong>aﬁlicti,</strong></span> <span class='ocrx_word' id='word_1_295' title='bbox 2457 2016 2798 2080; x_wconf 84' lang='lat' dir='ltr'><strong>ediscerent,</strong></span> <span class='ocrx_word' id='word_1_296' title='bbox 2850 2031 3024 2085; x_wconf 89' lang='lat' dir='ltr'><strong>neque</strong></span> <span class='ocrx_word' id='word_1_297' title='bbox 3080 2016 3235 2086; x_wconf 90' lang='lat' dir='ltr'><strong>ipsis,</strong></span> <span class='ocrx_word' id='word_1_298' title='bbox 3280 2031 3456 2085; x_wconf 89' lang='lat' dir='ltr'><strong>neque</strong></span> 
     </span>
    </p>
   </div>
   <div class='ocr_carea' id='block_1_41' title="bbox 1885 2105 3448 2178">
    <p class='ocr_par' dir='ltr' id='par_1_41' title="bbox 1885 2105 3448 2178">
     <span class='ocr_line' id='line_1_41' title="bbox 1885 2105 3448 2178; baseline 0.003 -21"><span class='ocrx_word' id='word_1_299' title='bbox 1885 2105 2180 2160; x_wconf 88' lang='lat' dir='ltr'><strong>multorum</strong></span> <span class='ocrx_word' id='word_1_300' title='bbox 2210 2106 2496 2161; x_wconf 90' lang='lat' dir='ltr'><strong>numinum</strong></span> <span class='ocrx_word' id='word_1_301' title='bbox 2539 2107 2920 2178; x_wconf 85' lang='lat' dir='ltr'><strong>superstitioni</strong></span> <span class='ocrx_word' id='word_1_302' title='bbox 2952 2108 3264 2163; x_wconf 65' lang='lat' dir='ltr'><strong>haerendum</strong></span> <span class='ocrx_word' id='word_1_303' title='bbox 3292 2124 3448 2174; x_wconf 87' lang='lat' dir='ltr'><strong>esse;</strong></span> 
     </span>
    </p>
   </div>
   <div class='ocr_carea' id='block_1_42' title="bbox 1883 2198 3455 2269">
    <p class='ocr_par' dir='ltr' id='par_1_42' title="bbox 1883 2198 3455 2269">
     <span class='ocr_line' id='line_1_42' title="bbox 1883 2198 3455 2269; baseline 0.002 -19"><span class='ocrx_word' id='word_1_304' title='bbox 1883 2206 2045 2267; x_wconf 82' lang='lat' dir='ltr'><strong>atque</strong></span> <span class='ocrx_word' id='word_1_305' title='bbox 2096 2200 2165 2253; x_wconf 90' lang='lat' dir='ltr'><strong>ad</strong></span> <span class='ocrx_word' id='word_1_306' title='bbox 2222 2198 2391 2254; x_wconf 91' lang='lat' dir='ltr'><strong>Deum</strong></span> <span class='ocrx_word' id='word_1_307' title='bbox 2454 2210 2668 2269; x_wconf 86' lang='lat' dir='ltr'><strong>patrum</strong></span> <span class='ocrx_word' id='word_1_308' title='bbox 2729 2215 2954 2256; x_wconf 90' lang='lat' dir='ltr'><strong>suorum</strong></span> <span class='ocrx_word' id='word_1_309' title='bbox 3001 2215 3121 2256; x_wconf 89' lang='lat' dir='ltr'><strong>sese</strong></span> <span class='ocrx_word' id='word_1_310' title='bbox 3173 2207 3455 2255; x_wconf 80' lang='lat' dir='ltr'><strong>converte—</strong></span> 
     </span>
    </p>
   </div>
   <div class='ocr_carea' id='block_1_43' title="bbox 1880 2295 2003 2343">
    <p class='ocr_par' dir='ltr' id='par_1_43' title="bbox 1880 2295 2003 2343">
     <span class='ocr_line' id='line_1_43' title="bbox 1880 2295 2003 2343; baseline 0.016 -3"><span class='ocrx_word' id='word_1_311' title='bbox 1880 2295 2003 2343; x_wconf 84' lang='lat' dir='ltr'><strong>rent</strong></span> 
     </span>
    </p>
   </div>
   <div class='ocr_carea' id='block_1_44' title="bbox 195 2373 3454 2453">
    <p class='ocr_par' dir='ltr' id='par_1_44' title="bbox 195 2373 3454 2453">
     <span class='ocr_line' id='line_1_44' title="bbox 195 2373 3454 2453; baseline 0.002 -26"><span class='ocrx_word' id='word_1_312' title='bbox 195 2373 420 2438; x_wconf 81' lang='grc' dir='ltr'>πτίυυς,</span> <span class='ocrx_word' id='word_1_313' title='bbox 480 2376 666 2446; x_wconf 78' lang='grc' dir='ltr'>ἐπειδὴ</span> <span class='ocrx_word' id='word_1_314' title='bbox 716 2376 1033 2439; x_wconf 85' lang='grc' dir='ltr'>πεποιθότες</span> <span class='ocrx_word' id='word_1_315' title='bbox 1079 2378 1290 2440; x_wconf 81' lang='grc' dir='ltr'>ἑαυτοῖς</span> <span class='ocrx_word' id='word_1_316' title='bbox 1340 2377 1802 2449; x_wconf 82' lang='grc' dir='ltr'>κατωλιγώρησαν</span> <span class='ocrx_word' id='word_1_317' title='bbox 1864 2380 1958 2432; x_wconf 86' lang='grc' dir='ltr'><strong>τοῦ</strong></span> <span class='ocrx_word' id='word_1_318' title='bbox 2019 2379 2177 2444; x_wconf 87' lang='grc' dir='ltr'>Θεοῦ,</span> <span class='ocrx_word' id='word_1_319' title='bbox 2224 2381 2371 2445; x_wconf 86' lang='grc' dir='ltr'>ὅπως</span> <span class='ocrx_word' id='word_1_320' title='bbox 2420 2380 2691 2445; x_wconf 78' lang='grc' dir='ltr'>θλιὸέντες</span> <span class='ocrx_word' id='word_1_321' title='bbox 2734 2383 2824 2435; x_wconf 80' lang='grc' dir='ltr'>ὑπ’</span> <span class='ocrx_word' id='word_1_322' title='bbox 2872 2382 3050 2435; x_wconf 82' lang='grc' dir='ltr'>αὐτῶν</span> <span class='ocrx_word' id='word_1_323' title='bbox 3099 2381 3308 2453; x_wconf 84' lang='grc' dir='ltr'>μάθωσι</span> <span class='ocrx_word' id='word_1_324' title='bbox 3357 2382 3454 2452; x_wconf 74' lang='grc' dir='ltr'><strong>μὲν</strong></span> 
     </span>
    </p>
   </div>
   <div class='ocr_carea' id='block_1_45' title="bbox 197 2465 3453 2542">
    <p class='ocr_par' dir='ltr' id='par_1_45' title="bbox 197 2465 3453 2542">
     <span class='ocr_line' id='line_1_45' title="bbox 197 2465 3453 2542; baseline 0.002 -25"><span class='ocrx_word' id='word_1_325' title='bbox 197 2466 277 2536; x_wconf 80' lang='grc' dir='ltr'><strong>μὴ</strong></span> <span class='ocrx_word' id='word_1_326' title='bbox 314 2465 605 2536; x_wconf 76' lang='grc' dir='ltr'>προσέχειν</span> <span class='ocrx_word' id='word_1_327' title='bbox 638 2467 884 2531; x_wconf 76' lang='grc' dir='ltr'>ἐκείνοις,</span> <span class='ocrx_word' id='word_1_328' title='bbox 915 2466 1047 2537; x_wconf 85' lang='grc' dir='ltr'>μηδὲ</span> <span class='ocrx_word' id='word_1_329' title='bbox 1085 2470 1151 2537; x_wconf 83' lang='grc' dir='ltr'>τῇ</span> <span class='ocrx_word' id='word_1_330' title='bbox 1188 2466 1431 2537; x_wconf 83' lang='grc' dir='ltr'>πολυθὲῳ</span> <span class='ocrx_word' id='word_1_331' title='bbox 1498 2467 1675 2521; x_wconf 78' lang='grc' dir='ltr'>αὐτῶν</span> <span class='ocrx_word' id='word_1_332' title='bbox 1711 2468 2117 2542; x_wconf 72' lang='grc' dir='ltr'>δεισιδαιμονίᾳ,</span> <span class='ocrx_word' id='word_1_333' title='bbox 2156 2471 2524 2542; x_wconf 77' lang='grc' dir='ltr'>ὲπιστρέψωσι</span> <span class='ocrx_word' id='word_1_334' title='bbox 2564 2471 2621 2524; x_wconf 85' lang='grc' dir='ltr'>δὲ</span> <span class='ocrx_word' id='word_1_335' title='bbox 2663 2472 2757 2525; x_wconf 77' lang='grc' dir='ltr'><strong>ἐπὶ</strong></span> <span class='ocrx_word' id='word_1_336' title='bbox 2815 2472 2905 2525; x_wconf 86' lang='grc' dir='ltr'><strong>τὸν</strong></span> <span class='ocrx_word' id='word_1_337' title='bbox 2957 2472 3087 2525; x_wconf 77' lang='grc' dir='ltr'>Θεὸν</span> <span class='ocrx_word' id='word_1_338' title='bbox 3144 2472 3250 2525; x_wconf 84' lang='grc' dir='ltr'><strong>τῶν</strong></span> <span class='ocrx_word' id='word_1_339' title='bbox 3301 2472 3453 2525; x_wconf 84' lang='grc' dir='ltr'>πατέ-</span> 
     </span>
    </p>
   </div>
   <div class='ocr_carea' id='block_1_46' title="bbox 198 2557 543 2627">
    <p class='ocr_par' dir='ltr' id='par_1_46' title="bbox 198 2557 543 2627">
     <span class='ocr_line' id='line_1_46' title="bbox 198 2557 543 2627; baseline 0 -16"><span class='ocrx_word' id='word_1_340' title='bbox 198 2572 312 2627; x_wconf 87' lang='grc' dir='ltr'><strong>ρων</strong></span> <span class='ocrx_word' id='word_1_341' title='bbox 340 2557 543 2611; x_wconf 82' lang='grc' dir='ltr'>αὐτῶν.</span> 
     </span>
    </p>
   </div>
   <div class='ocr_carea' id='block_1_47' title="bbox 268 2675 1773 2749">
    <p class='ocr_par' dir='ltr' id='par_1_47' title="bbox 268 2675 1773 2749">
     <span class='ocr_line' id='line_1_47' title="bbox 268 2675 1773 2749; baseline 0 -17"><span class='ocrx_word' id='word_1_342' title='bbox 268 2675 384 2732; x_wconf 83' lang='grc' dir='ltr'><strong>Καὶ</strong></span> <span class='ocrx_word' id='word_1_343' title='bbox 416 2675 710 2746; x_wconf 73' lang='grc' dir='ltr'><strong>ἐξήγαγεν</strong></span> <span class='ocrx_word' id='word_1_344' title='bbox 735 2676 956 2744; x_wconf 83' lang='grc' dir='ltr'>αὐτοὺς</span> <span class='ocrx_word' id='word_1_345' title='bbox 992 2677 1063 2730; x_wconf 86' lang='grc' dir='ltr'>ἐν</span> <span class='ocrx_word' id='word_1_346' title='bbox 1098 2678 1359 2747; x_wconf 70' lang='grc' dir='ltr'>ἀργυρίῳ</span> <span class='ocrx_word' id='word_1_347' title='bbox 1397 2678 1495 2732; x_wconf 83' lang='grc' dir='ltr'><strong>καί</strong></span> <span class='ocrx_word' id='word_1_348' title='bbox 1519 2679 1773 2749; x_wconf 81' lang='grc' dir='ltr'><strong>χρυσίῳ,</strong></span> 
     </span>
    </p>
   </div>
   <div class='ocr_carea' id='block_1_48' title="bbox 195 2761 1779 2835">
    <p class='ocr_par' dir='ltr' id='par_1_48' title="bbox 195 2761 1779 2835">
     <span class='ocr_line' id='line_1_48' title="bbox 195 2761 1779 2835; baseline 0.001 -14"><span class='ocrx_word' id='word_1_349' title='bbox 195 2767 298 2822; x_wconf 81' lang='grc' dir='ltr'><strong>καί</strong></span> <span class='ocrx_word' id='word_1_350' title='bbox 326 2767 445 2820; x_wconf 82' lang='grc' dir='ltr'>οὐκ</span> <span class='ocrx_word' id='word_1_351' title='bbox 472 2761 552 2835; x_wconf 83' lang='grc' dir='ltr'><strong>ἦν</strong></span> <span class='ocrx_word' id='word_1_352' title='bbox 570 2766 639 2818; x_wconf 87' lang='grc' dir='ltr'><strong>ὲν</strong></span> <span class='ocrx_word' id='word_1_353' title='bbox 667 2765 797 2831; x_wconf 84' lang='grc' dir='ltr'>ταῖς</span> <span class='ocrx_word' id='word_1_354' title='bbox 827 2766 1047 2835; x_wconf 70' lang='grc' dir='ltr'>φυλαῖς</span> <span class='ocrx_word' id='word_1_355' title='bbox 1066 2766 1261 2821; x_wconf 83' lang='grc' dir='ltr'>αὐτῶν</span> <span class='ocrx_word' id='word_1_356' title='bbox 1290 2771 1322 2822; x_wconf 87' lang='lat' dir='ltr'><strong>d</strong></span> <span class='ocrx_word' id='word_1_357' title='bbox 1349 2767 1637 2822; x_wconf 75' lang='grc' dir='ltr'>ἀσθενῶν.</span> <span class='ocrx_word' id='word_1_358' title='bbox 1663 2770 1779 2823; x_wconf 79' lang='grc' dir='ltr'><strong>Εὐ-</strong></span> 
     </span>
    </p>
   </div>
   <div class='ocr_carea' id='block_1_49' title="bbox 197 2856 1782 2928">
    <p class='ocr_par' dir='ltr' id='par_1_49' title="bbox 197 2856 1782 2928">
     <span class='ocr_line' id='line_1_49' title="bbox 197 2856 1782 2928; baseline 0.002 -17"><span class='ocrx_word' id='word_1_359' title='bbox 197 2856 444 2928; x_wconf 78' lang='grc' dir='ltr'>φράνθη</span> <span class='ocrx_word' id='word_1_360' title='bbox 470 2857 770 2927; x_wconf 73' lang='grc' dir='ltr'>Αἴγυπτος</span> <span class='ocrx_word' id='word_1_361' title='bbox 801 2857 869 2911; x_wconf 81' lang='grc' dir='ltr'>ἐν</span> <span class='ocrx_word' id='word_1_362' title='bbox 902 2858 1091 2925; x_wconf 81' lang='grc' dir='ltr'><strong>ἐξόδῳ</strong></span> <span class='ocrx_word' id='word_1_363' title='bbox 1112 2858 1330 2925; x_wconf 83' lang='grc' dir='ltr'>αὐτῶν,</span> <span class='ocrx_word' id='word_1_364' title='bbox 1373 2859 1461 2913; x_wconf 83' lang='grc' dir='ltr'>ὅτι</span> <span class='ocrx_word' id='word_1_365' title='bbox 1485 2860 1782 2914; x_wconf 77' lang='grc' dir='ltr'>ἐπέπεσεν</span> 
     </span>
    </p>
   </div>
   <div class='ocr_carea' id='block_1_50' title="bbox 196 2948 1784 3022">
    <p class='ocr_par' dir='ltr' id='par_1_50' title="bbox 196 2948 1784 3022">
     <span class='ocr_line' id='line_1_50' title="bbox 196 2948 1784 3022; baseline -0.001 -18"><span class='ocrx_word' id='word_1_366' title='bbox 196 2953 232 3004; x_wconf 84' lang='grc' dir='ltr'><strong>ό</strong></span> <span class='ocrx_word' id='word_1_367' title='bbox 268 2949 465 3018; x_wconf 74' lang='grc' dir='ltr'>φόϐος</span> <span class='ocrx_word' id='word_1_368' title='bbox 493 2948 689 3002; x_wconf 83' lang='grc' dir='ltr'>αὐτῶν</span> <span class='ocrx_word' id='word_1_369' title='bbox 712 2948 802 3001; x_wconf 77' lang='grc' dir='ltr'>ἐπ’</span> <span class='ocrx_word' id='word_1_370' title='bbox 830 2949 1069 3015; x_wconf 83' lang='grc' dir='ltr'>αὐτούς.</span> <span class='ocrx_word' id='word_1_371' title='bbox 1110 2950 1166 3002; x_wconf 89' lang='grc' dir='ltr'>Ὁ</span> <span class='ocrx_word' id='word_1_372' title='bbox 1187 2949 1319 3013; x_wconf 80' lang='grc' dir='ltr'>Θεὸς</span> <span class='ocrx_word' id='word_1_373' title='bbox 1355 2951 1678 3022; x_wconf 84' lang='grc' dir='ltr'>προστάττει</span> <span class='ocrx_word' id='word_1_374' title='bbox 1708 2950 1784 3022; x_wconf 84' lang='grc' dir='ltr'>τῷ</span> 
     </span>
    </p>
   </div>
   <div class='ocr_carea' id='block_1_51' title="bbox 193 3038 1785 3111">
    <p class='ocr_par' dir='ltr' id='par_1_51' title="bbox 193 3038 1785 3111">
     <span class='ocr_line' id='line_1_51' title="bbox 193 3038 1785 3111; baseline 0.001 -18"><span class='ocrx_word' id='word_1_375' title='bbox 193 3040 311 3111; x_wconf 83' lang='grc' dir='ltr'><strong>λαῷ</strong></span> <span class='ocrx_word' id='word_1_376' title='bbox 343 3040 441 3094; x_wconf 83' lang='grc' dir='ltr'>διὰ</span> <span class='ocrx_word' id='word_1_377' title='bbox 463 3038 741 3103; x_wconf 83' lang='grc' dir='ltr'>Μωῦσέως</span> <span class='ocrx_word' id='word_1_378' title='bbox 770 3039 1057 3093; x_wconf 88' lang='grc' dir='ltr'>σκυλεῦσαι</span> <span class='ocrx_word' id='word_1_379' title='bbox 1082 3041 1206 3103; x_wconf 79' lang='grc' dir='ltr'>τοὺς</span> <span class='ocrx_word' id='word_1_380' title='bbox 1221 3040 1628 3109; x_wconf 80' lang='grc' dir='ltr'>Αἰγυπτίουςὼς</span> <span class='ocrx_word' id='word_1_381' title='bbox 1648 3058 1785 3096; x_wconf 89' lang='grc' dir='ltr'>νενι-</span> 
     </span>
    </p>
   </div>
   <div class='ocr_carea' id='block_1_52' title="bbox 193 3130 1787 3205">
    <p class='ocr_par' dir='ltr' id='par_1_52' title="bbox 193 3130 1787 3205">
     <span class='ocr_line' id='line_1_52' title="bbox 193 3130 1787 3205; baseline 0.006 -26"><span class='ocrx_word' id='word_1_382' title='bbox 193 3131 498 3204; x_wconf 74' lang='grc' dir='ltr'>κημένους,</span> <span class='ocrx_word' id='word_1_383' title='bbox 549 3130 645 3183; x_wconf 74' lang='grc' dir='ltr'><strong>καὶ</strong></span> <span class='ocrx_word' id='word_1_384' title='bbox 675 3130 862 3201; x_wconf 79' lang='grc' dir='ltr'>μισθὸν</span> <span class='ocrx_word' id='word_1_385' title='bbox 896 3131 1027 3202; x_wconf 86' lang='grc' dir='ltr'>παρ’</span> <span class='ocrx_word' id='word_1_386' title='bbox 1054 3131 1234 3185; x_wconf 84' lang='grc' dir='ltr'>αὐτῶν</span> <span class='ocrx_word' id='word_1_387' title='bbox 1256 3132 1648 3203; x_wconf 78' lang='grc' dir='ltr'>εἰσπράξασθαι</span> <span class='ocrx_word' id='word_1_388' title='bbox 1685 3134 1787 3205; x_wconf 84' lang='grc' dir='ltr'><strong>τῆς</strong></span> 
     </span>
    </p>
   </div>
   <div class='ocr_carea' id='block_1_53' title="bbox 200 3216 1780 3297">
    <p class='ocr_par' dir='ltr' id='par_1_53' title="bbox 200 3216 1780 3297">
     <span class='ocr_line' id='line_1_53' title="bbox 200 3216 1780 3297; baseline 0.001 -21"><span class='ocrx_word' id='word_1_389' title='bbox 200 3223 611 3297; x_wconf 81' lang='grc' dir='ltr'>μακροχρονίου</span> <span class='ocrx_word' id='word_1_390' title='bbox 657 3221 919 3286; x_wconf 79' lang='grc' dir='ltr'>δουλείας,</span> <span class='ocrx_word' id='word_1_391' title='bbox 962 3216 1030 3295; x_wconf 77' lang='grc' dir='ltr'>ἧς</span> <span class='ocrx_word' id='word_1_392' title='bbox 1071 3222 1267 3285; x_wconf 75' lang='grc' dir='ltr'>αὐτοὺς</span> <span class='ocrx_word' id='word_1_393' title='bbox 1300 3224 1780 3279; x_wconf 85' lang='grc' dir='ltr'>κατεδουλώσαντο.</span> 
     </span>
    </p>
   </div>
   <div class='ocr_carea' id='block_1_54' title="bbox 192 3310 1783 3385">
    <p class='ocr_par' dir='ltr' id='par_1_54' title="bbox 192 3310 1783 3385">
     <span class='ocr_line' id='line_1_54' title="bbox 192 3310 1783 3385; baseline 0.002 -16"><span class='ocrx_word' id='word_1_394' title='bbox 192 3315 308 3370; x_wconf 85' lang='lat' dir='ltr'><strong>Kal</strong></span> <span class='ocrx_word' id='word_1_395' title='bbox 342 3317 463 3370; x_wconf 82' lang='grc' dir='ltr'>οὐκ</span> <span class='ocrx_word' id='word_1_396' title='bbox 494 3310 574 3385; x_wconf 82' lang='grc' dir='ltr'><strong>ἦν</strong></span> <span class='ocrx_word' id='word_1_397' title='bbox 618 3315 747 3382; x_wconf 82' lang='grc' dir='ltr'>ταῖς</span> <span class='ocrx_word' id='word_1_398' title='bbox 789 3315 1009 3385; x_wconf 72' lang='grc' dir='ltr'>φυλαῖς</span> <span class='ocrx_word' id='word_1_399' title='bbox 1055 3316 1254 3370; x_wconf 81' lang='grc' dir='ltr'>αὐτῶν</span> <span class='ocrx_word' id='word_1_400' title='bbox 1297 3318 1330 3370; x_wconf 86' lang='grc' dir='ltr'><em>ὁ</em></span> <span class='ocrx_word' id='word_1_401' title='bbox 1362 3316 1655 3373; x_wconf 77' lang='grc' dir='ltr'><strong>ἀσθενῶν.</strong></span> <span class='ocrx_word' id='word_1_402' title='bbox 1710 3318 1783 3372; x_wconf 67' lang='lat' dir='ltr'><strong>Tit</strong></span> 
     </span>
    </p>
   </div>
   <div class='ocr_carea' id='block_1_55' title="bbox 193 3403 1783 3481">
    <p class='ocr_par' dir='ltr' id='par_1_55' title="bbox 193 3403 1783 3481">
     <span class='ocr_line' id='line_1_55' title="bbox 193 3403 1783 3481; baseline 0.003 -20"><span class='ocrx_word' id='word_1_403' title='bbox 193 3408 306 3480; x_wconf 82' lang='grc' dir='ltr'>γὰρ</span> <span class='ocrx_word' id='word_1_404' title='bbox 347 3407 538 3480; x_wconf 84' lang='grc' dir='ltr'>πολλῷ</span> <span class='ocrx_word' id='word_1_405' title='bbox 577 3408 1007 3479; x_wconf 82' lang='grc' dir='ltr'>παραδοξότερον</span> <span class='ocrx_word' id='word_1_406' title='bbox 1056 3408 1214 3461; x_wconf 90' lang='grc' dir='ltr'>τοῦτο</span> <span class='ocrx_word' id='word_1_407' title='bbox 1258 3403 1349 3480; x_wconf 81' lang='grc' dir='ltr'>ἦν,</span> <span class='ocrx_word' id='word_1_408' title='bbox 1388 3411 1470 3463; x_wconf 83' lang='grc' dir='ltr'>ὃτι</span> <span class='ocrx_word' id='word_1_409' title='bbox 1504 3408 1643 3481; x_wconf 85' lang='grc' dir='ltr'>μετὰ</span> <span class='ocrx_word' id='word_1_410' title='bbox 1692 3411 1783 3466; x_wconf 84' lang='grc' dir='ltr'><strong>τὸν</strong></span> 
     </span>
    </p>
   </div>
   <div class='ocr_carea' id='block_1_56' title="bbox 194 3497 1785 3571">
    <p class='ocr_par' dir='ltr' id='par_1_56' title="bbox 194 3497 1785 3571">
     <span class='ocr_line' id='line_1_56' title="bbox 194 3497 1785 3571; baseline 0.001 -20"><span class='ocrx_word' id='word_1_411' title='bbox 194 3498 382 3564; x_wconf 87' lang='grc' dir='ltr'>πόνον,</span> <span class='ocrx_word' id='word_1_412' title='bbox 433 3498 570 3569; x_wconf 79' lang='grc' dir='ltr'>μετὰ</span> <span class='ocrx_word' id='word_1_413' title='bbox 588 3498 685 3569; x_wconf 82' lang='grc' dir='ltr'>τὴν</span> <span class='ocrx_word' id='word_1_414' title='bbox 716 3497 1011 3562; x_wconf 79' lang='grc' dir='ltr'>πλινθείαν,</span> <span class='ocrx_word' id='word_1_415' title='bbox 1045 3498 1181 3569; x_wconf 81' lang='grc' dir='ltr'>μετὰ</span> <span class='ocrx_word' id='word_1_416' title='bbox 1196 3498 1293 3569; x_wconf 83' lang='grc' dir='ltr'><strong>τὴν</strong></span> <span class='ocrx_word' id='word_1_417' title='bbox 1316 3499 1580 3571; x_wconf 84' lang='grc' dir='ltr'>τοσαύτην</span> <span class='ocrx_word' id='word_1_418' title='bbox 1599 3501 1785 3555; x_wconf 88' lang='grc' dir='ltr'>ταλαι-</span> 
     </span>
    </p>
   </div>
   <div class='ocr_carea' id='block_1_57' title="bbox 195 3584 1782 3660">
    <p class='ocr_par' dir='ltr' id='par_1_57' title="bbox 195 3584 1782 3660">
     <span class='ocr_line' id='line_1_57' title="bbox 195 3584 1782 3660; baseline 0.002 -19"><span class='ocrx_word' id='word_1_419' title='bbox 195 3588 417 3660; x_wconf 81' lang='grc' dir='ltr'>πωρίαν</span> <span class='ocrx_word' id='word_1_420' title='bbox 440 3588 534 3640; x_wconf 82' lang='grc' dir='ltr'><strong>καί</strong></span> <span class='ocrx_word' id='word_1_421' title='bbox 561 3589 660 3651; x_wconf 82' lang='grc' dir='ltr'>τὰς</span> <span class='ocrx_word' id='word_1_422' title='bbox 686 3588 973 3658; x_wconf 83' lang='grc' dir='ltr'>μάστιγας,</span> <span class='ocrx_word' id='word_1_423' title='bbox 1003 3589 1122 3641; x_wconf 80' lang='grc' dir='ltr'>οὐδὲ</span> <span class='ocrx_word' id='word_1_424' title='bbox 1146 3587 1229 3651; x_wconf 78' lang='grc' dir='ltr'>εἷς</span> <span class='ocrx_word' id='word_1_425' title='bbox 1256 3584 1324 3660; x_wconf 82' lang='grc' dir='ltr'>ἦν</span> <span class='ocrx_word' id='word_1_426' title='bbox 1351 3591 1379 3642; x_wconf 79' lang='grc' dir='ltr'><strong>ὁ</strong></span> <span class='ocrx_word' id='word_1_427' title='bbox 1409 3590 1671 3653; x_wconf 82' lang='grc' dir='ltr'>ἀσθενῶν,</span> <span class='ocrx_word' id='word_1_428' title='bbox 1690 3593 1782 3645; x_wconf 77' lang='grc' dir='ltr'>καὶ</span> 
     </span>
    </p>
   </div>
   <div class='ocr_carea' id='block_1_58' title="bbox 195 3678 1777 3752">
    <p class='ocr_par' dir='ltr' id='par_1_58' title="bbox 195 3678 1777 3752">
     <span class='ocr_line' id='line_1_58' title="bbox 195 3678 1777 3752; baseline 0.004 -21"><span class='ocrx_word' id='word_1_429' title='bbox 195 3678 359 3732; x_wconf 87' lang='grc' dir='ltr'>τοῦτο</span> <span class='ocrx_word' id='word_1_430' title='bbox 386 3678 659 3733; x_wconf 83' lang='grc' dir='ltr'>τοσούτων</span> <span class='ocrx_word' id='word_1_431' title='bbox 691 3679 914 3750; x_wconf 76' lang='grc' dir='ltr'>πληγῶν</span> <span class='ocrx_word' id='word_1_432' title='bbox 958 3682 1016 3732; x_wconf 84' lang='grc' dir='ltr'><strong>ἐν</strong></span> <span class='ocrx_word' id='word_1_433' title='bbox 1041 3680 1309 3750; x_wconf 75' lang='grc' dir='ltr'>Αἰγύπτῳ</span> <span class='ocrx_word' id='word_1_434' title='bbox 1334 3681 1777 3752; x_wconf 83' lang='grc' dir='ltr'>κατενεχθεισῶν.</span> 
     </span>
    </p>
   </div>
   <div class='ocr_carea' id='block_1_59' title="bbox 198 3771 1783 3847">
    <p class='ocr_par' dir='ltr' id='par_1_59' title="bbox 198 3771 1783 3847">
     <span class='ocr_line' id='line_1_59' title="bbox 198 3771 1783 3847; baseline 0.004 -24"><span class='ocrx_word' id='word_1_435' title='bbox 198 3771 376 3824; x_wconf 86' lang='grc' dir='ltr'>Τοῦτο</span> <span class='ocrx_word' id='word_1_436' title='bbox 409 3771 504 3825; x_wconf 77' lang='grc' dir='ltr'><strong>καὶ</strong></span> <span class='ocrx_word' id='word_1_437' title='bbox 533 3772 632 3842; x_wconf 82' lang='grc' dir='ltr'>τῆς</span> <span class='ocrx_word' id='word_1_438' title='bbox 674 3772 888 3847; x_wconf 86' lang='grc' dir='ltr'>φύσεως</span> <span class='ocrx_word' id='word_1_439' title='bbox 916 3773 1085 3844; x_wconf 78' lang='grc' dir='ltr'>αὐτῆς</span> <span class='ocrx_word' id='word_1_440' title='bbox 1127 3772 1225 3844; x_wconf 77' lang='grc' dir='ltr'>τὴν</span> <span class='ocrx_word' id='word_1_441' title='bbox 1272 3773 1589 3827; x_wconf 85' lang='grc' dir='ltr'>ἀκολουθίαν</span> <span class='ocrx_word' id='word_1_442' title='bbox 1618 3776 1783 3847; x_wconf 83' lang='grc' dir='ltr'>ὑπερ-</span> 
     </span>
    </p>
   </div>
   <div class='ocr_carea' id='block_1_60' title="bbox 200 3861 443 3915">
    <p class='ocr_par' dir='ltr' id='par_1_60' title="bbox 200 3861 443 3915">
     <span class='ocr_line' id='line_1_60' title="bbox 200 3861 443 3915; baseline 0.004 -2"><span class='ocrx_word' id='word_1_443' title='bbox 200 3861 443 3915; x_wconf 66' lang='grc' dir='ltr'>ἔϐαινεν.</span> 
     </span>
    </p>
   </div>
   <div class='ocr_carea' id='block_1_61' title="bbox 271 3950 1779 4027">
    <p class='ocr_par' dir='ltr' id='par_1_61' title="bbox 271 3950 1779 4027">
     <span class='ocr_line' id='line_1_61' title="bbox 271 3950 1779 4027; baseline 0.004 -21"><span class='ocrx_word' id='word_1_444' title='bbox 271 3950 597 4007; x_wconf 82' lang='grc' dir='ltr'>Διεπέτιισε</span> <span class='ocrx_word' id='word_1_445' title='bbox 623 3951 886 4022; x_wconf 66' lang='grc' dir='ltr'>νεφέλην</span> <span class='ocrx_word' id='word_1_446' title='bbox 905 3956 992 4020; x_wconf 81' lang='grc' dir='ltr'><strong>είς</strong></span> <span class='ocrx_word' id='word_1_447' title='bbox 1018 3955 1258 4025; x_wconf 81' lang='grc' dir='ltr'>σκεπὴν</span> <span class='ocrx_word' id='word_1_448' title='bbox 1283 3957 1507 4024; x_wconf 86' lang='grc' dir='ltr'>αυτοῖς,</span> <span class='ocrx_word' id='word_1_449' title='bbox 1540 3958 1636 4013; x_wconf 76' lang='grc' dir='ltr'>καὶ</span> <span class='ocrx_word' id='word_1_450' title='bbox 1660 3958 1779 4027; x_wconf 85' lang='grc' dir='ltr'><strong>πῦρ</strong></span> 
     </span>
    </p>
   </div>
   <div class='ocr_carea' id='block_1_62' title="bbox 197 4044 1781 4116">
    <p class='ocr_par' dir='ltr' id='par_1_62' title="bbox 197 4044 1781 4116">
     <span class='ocr_line' id='line_1_62' title="bbox 197 4044 1781 4116; baseline 0.006 -20"><span class='ocrx_word' id='word_1_451' title='bbox 197 4044 309 4097; x_wconf 77' lang='grc' dir='ltr'><strong>τοῦ</strong></span> <span class='ocrx_word' id='word_1_452' title='bbox 342 4044 598 4112; x_wconf 74' lang='grc' dir='ltr'>φωτίσαι</span> <span class='ocrx_word' id='word_1_453' title='bbox 620 4045 824 4112; x_wconf 78' lang='grc' dir='ltr'>αὐτοῖς</span> <span class='ocrx_word' id='word_1_454' title='bbox 855 4047 969 4116; x_wconf 80' lang='grc' dir='ltr'><strong>τὴν</strong></span> <span class='ocrx_word' id='word_1_455' title='bbox 988 4049 1199 4102; x_wconf 84' lang='grc' dir='ltr'>νύκτα.</span> <span class='ocrx_word' id='word_1_456' title='bbox 1235 4049 1468 4105; x_wconf 89' lang='grc' dir='ltr'>Διελθὼν</span> <span class='ocrx_word' id='word_1_457' title='bbox 1494 4052 1592 4115; x_wconf 85' lang='grc' dir='ltr'><strong>τὰς</strong></span> <span class='ocrx_word' id='word_1_458' title='bbox 1641 4051 1781 4106; x_wconf 76' lang='grc' dir='ltr'>κατὰ</span> 
     </span>
    </p>
   </div>
   <div class='ocr_carea' id='block_1_63' title="bbox 196 4135 1780 4213">
    <p class='ocr_par' dir='ltr' id='par_1_63' title="bbox 196 4135 1780 4213">
     <span class='ocr_line' id='line_1_63' title="bbox 196 4135 1780 4213; baseline 0.004 -24"><span class='ocrx_word' id='word_1_459' title='bbox 196 4135 308 4189; x_wconf 86' lang='grc' dir='ltr'><strong>τῶν</strong></span> <span class='ocrx_word' id='word_1_460' title='bbox 338 4136 649 4203; x_wconf 81' lang='grc' dir='ltr'>Αἰγυπτίων</span> <span class='ocrx_word' id='word_1_461' title='bbox 680 4137 967 4207; x_wconf 85' lang='grc' dir='ltr'>μάστιγας,</span> <span class='ocrx_word' id='word_1_462' title='bbox 1004 4140 1310 4206; x_wconf 82' lang='grc' dir='ltr'>ἀκολούθως</span> <span class='ocrx_word' id='word_1_463' title='bbox 1339 4142 1653 4213; x_wconf 78' lang='grc' dir='ltr'>μεταδαίνει</span> <span class='ocrx_word' id='word_1_464' title='bbox 1687 4144 1780 4197; x_wconf 75' lang='grc' dir='ltr'>ἐπὶ</span> 
     </span>
    </p>
   </div>
   <div class='ocr_carea' id='block_1_64' title="bbox 197 4226 1781 4306">
    <p class='ocr_par' dir='ltr' id='par_1_64' title="bbox 197 4226 1781 4306">
     <span class='ocr_line' id='line_1_64' title="bbox 197 4226 1781 4306; baseline 0.007 -28"><span class='ocrx_word' id='word_1_465' title='bbox 197 4226 303 4287; x_wconf 82' lang='grc' dir='ltr'>τὰς</span> <span class='ocrx_word' id='word_1_466' title='bbox 332 4226 634 4297; x_wconf 83' lang='grc' dir='ltr'>γενομένας</span> <span class='ocrx_word' id='word_1_467' title='bbox 664 4228 743 4299; x_wconf 84' lang='grc' dir='ltr'>τῷ</span> <span class='ocrx_word' id='word_1_468' title='bbox 777 4230 992 4301; x_wconf 83' lang='grc' dir='ltr'>Ἰσραὴλ</span> <span class='ocrx_word' id='word_1_469' title='bbox 1023 4232 1367 4303; x_wconf 74' lang='grc' dir='ltr'>εὐεργεσίαςο</span> <span class='ocrx_word' id='word_1_470' title='bbox 1393 4233 1526 4305; x_wconf 84' lang='grc' dir='ltr'>ὁμοῦ</span> <span class='ocrx_word' id='word_1_471' title='bbox 1556 4236 1653 4306; x_wconf 81' lang='grc' dir='ltr'><strong>μὲν</strong></span> <span class='ocrx_word' id='word_1_472' title='bbox 1687 4236 1781 4289; x_wconf 73' lang='grc' dir='ltr'><strong>καὶ</strong></span> 
     </span>
    </p>
   </div>
   <div class='ocr_carea' id='block_1_65' title="bbox 200 4319 1780 4394">
    <p class='ocr_par' dir='ltr' id='par_1_65' title="bbox 200 4319 1780 4394">
     <span class='ocr_line' id='line_1_65' title="bbox 200 4319 1780 4394; baseline 0.009 -26"><span class='ocrx_word' id='word_1_473' title='bbox 200 4319 350 4388; x_wconf 76' lang='grc' dir='ltr'>ἡμᾶς</span> <span class='ocrx_word' id='word_1_474' title='bbox 388 4319 713 4390; x_wconf 83' lang='grc' dir='ltr'>προτρέπων</span> <span class='ocrx_word' id='word_1_475' title='bbox 742 4321 963 4390; x_wconf 76' lang='grc' dir='ltr'>φεύγειν</span> <span class='ocrx_word' id='word_1_476' title='bbox 990 4323 1081 4376; x_wconf 79' lang='grc' dir='ltr'><strong>τὸν</strong></span> <span class='ocrx_word' id='word_1_477' title='bbox 1116 4324 1409 4388; x_wconf 83' lang='grc' dir='ltr'>Αἰγύπτιον</span> <span class='ocrx_word' id='word_1_478' title='bbox 1436 4328 1654 4392; x_wconf 87' lang='grc' dir='ltr'>τρόπον,</span> <span class='ocrx_word' id='word_1_479' title='bbox 1704 4330 1780 4394; x_wconf 87' lang='grc' dir='ltr'>ὡς</span> 
     </span>
    </p>
   </div>
   <div class='ocr_carea' id='block_1_66' title="bbox 200 4404 1780 4491">
    <p class='ocr_par' dir='ltr' id='par_1_66' title="bbox 200 4404 1780 4491">
     <span class='ocr_line' id='line_1_66' title="bbox 200 4404 1780 4491; baseline 0.011 -34"><span class='ocrx_word' id='word_1_480' title='bbox 200 4404 269 4458; x_wconf 86' lang='grc' dir='ltr'>ἂν</span> <span class='ocrx_word' id='word_1_481' title='bbox 303 4406 379 4477; x_wconf 85' lang='grc' dir='ltr'><strong>μὴ</strong></span> <span class='ocrx_word' id='word_1_482' title='bbox 400 4410 513 4470; x_wconf 84' lang='grc' dir='ltr'>τοῖς</span> <span class='ocrx_word' id='word_1_483' title='bbox 543 4408 677 4472; x_wconf 79' lang='grc' dir='ltr'>ἴσοις</span> <span class='ocrx_word' id='word_1_484' title='bbox 708 4411 1095 4483; x_wconf 80' lang='grc' dir='ltr'>περιπέσωμεν</span> <span class='ocrx_word' id='word_1_485' title='bbox 1114 4431 1125 4445; x_wconf 92' lang='grc'><strong>·</strong></span> <span class='ocrx_word' id='word_1_486' title='bbox 1159 4414 1411 4486; x_wconf 82' lang='grc' dir='ltr'>εὔχεσθαι</span> <span class='ocrx_word' id='word_1_487' title='bbox 1438 4417 1494 4470; x_wconf 84' lang='grc' dir='ltr'>δὲ</span> <span class='ocrx_word' id='word_1_488' title='bbox 1524 4414 1661 4473; x_wconf 74' lang='grc' dir='ltr'>εἶναι</span> <span class='ocrx_word' id='word_1_489' title='bbox 1682 4421 1780 4491; x_wconf 88' lang='grc' dir='ltr'>τῆς</span> 
     </span>
    </p>
   </div>
   <div class='ocr_carea' id='block_1_67' title="bbox 1947 2675 3452 2748">
    <p class='ocr_par' dir='ltr' id='par_1_67' title="bbox 1947 2675 3452 2748">
     <span class='ocr_line' id='line_1_67' title="bbox 1947 2675 3452 2748; baseline 0.003 -17"><span class='ocrx_word' id='word_1_490' title='bbox 1947 2677 2114 2735; x_wconf 73' lang='lat' dir='ltr'><strong>Vens.</strong></span> <span class='ocrx_word' id='word_1_491' title='bbox 2149 2678 2238 2743; x_wconf 81' lang='lat'><strong>57,</strong></span> <span class='ocrx_word' id='word_1_492' title='bbox 2270 2678 2358 2735; x_wconf 79' lang='lat'><strong>&#39;58.</strong></span> <span class='ocrx_word' id='word_1_493' title='bbox 2384 2676 2449 2731; x_wconf 87' lang='lat' dir='ltr'><strong>Et</strong></span> <span class='ocrx_word' id='word_1_494' title='bbox 2473 2675 2687 2731; x_wconf 79' lang='lat' dir='ltr'><strong>deduxit</strong></span> <span class='ocrx_word' id='word_1_495' title='bbox 2710 2693 2797 2732; x_wconf 90' lang='lat' dir='ltr'><strong>eos</strong></span> <span class='ocrx_word' id='word_1_496' title='bbox 2819 2694 2936 2731; x_wconf 91' lang='lat' dir='ltr'><strong>cum</strong></span> <span class='ocrx_word' id='word_1_497' title='bbox 2967 2686 3181 2748; x_wconf 90' lang='lat' dir='ltr'><strong>argento</strong></span> <span class='ocrx_word' id='word_1_498' title='bbox 3210 2687 3259 2732; x_wconf 89' lang='lat' dir='ltr'><strong>et</strong></span> <span class='ocrx_word' id='word_1_499' title='bbox 3285 2697 3383 2734; x_wconf 91' lang='lat' dir='ltr'><strong>aur</strong></span> <span class='ocrx_word' id='word_1_500' title='bbox 3400 2698 3452 2748; x_wconf 90' lang='grc' dir='ltr'><strong>ο,</strong></span> 
     </span>
    </p>
   </div>
   <div class='ocr_carea' id='block_1_68' title="bbox 1880 2769 3455 2838">
    <p class='ocr_par' dir='ltr' id='par_1_68' title="bbox 1880 2769 3455 2838">
     <span class='ocr_line' id='line_1_68' title="bbox 1880 2769 3455 2838; baseline 0.001 -14"><span class='ocrx_word' id='word_1_501' title='bbox 1880 2781 1929 2825; x_wconf 91' lang='lat' dir='ltr'><strong>et</strong></span> <span class='ocrx_word' id='word_1_502' title='bbox 1961 2787 2065 2823; x_wconf 93' lang='lat' dir='ltr'><strong>non</strong></span> <span class='ocrx_word' id='word_1_503' title='bbox 2094 2780 2208 2824; x_wconf 89' lang='lat' dir='ltr'><strong>erat</strong></span> <span class='ocrx_word' id='word_1_504' title='bbox 2260 2772 2314 2823; x_wconf 90' lang='lat' dir='ltr'><strong>in</strong></span> <span class='ocrx_word' id='word_1_505' title='bbox 2363 2769 2601 2823; x_wconf 84' lang='lat' dir='ltr'><strong>tribubus</strong></span> <span class='ocrx_word' id='word_1_506' title='bbox 2631 2786 2811 2823; x_wconf 88' lang='lat' dir='ltr'><strong>eorum</strong></span> <span class='ocrx_word' id='word_1_507' title='bbox 2842 2770 3105 2838; x_wconf 84' lang='lat' dir='ltr'><strong>inﬁrmus.</strong></span> <span class='ocrx_word' id='word_1_508' title='bbox 3142 2770 3349 2825; x_wconf 73' lang='lat' dir='ltr'><strong>Lwtata</strong></span> <span class='ocrx_word' id='word_1_509' title='bbox 3377 2782 3455 2827; x_wconf 87' lang='lat' dir='ltr'><strong>est</strong></span> 
     </span>
    </p>
   </div>
   <div class='ocr_carea' id='block_1_69' title="bbox 1884 2862 3456 2933">
    <p class='ocr_par' dir='ltr' id='par_1_69' title="bbox 1884 2862 3456 2933">
     <span class='ocr_line' id='line_1_69' title="bbox 1884 2862 3456 2933; baseline 0.001 -16"><span class='ocrx_word' id='word_1_510' title='bbox 1884 2862 2149 2933; x_wconf 63' lang='lat' dir='ltr'><strong>ngyptus</strong></span> <span class='ocrx_word' id='word_1_511' title='bbox 2179 2862 2234 2914; x_wconf 86' lang='lat' dir='ltr'><strong>in</strong></span> <span class='ocrx_word' id='word_1_512' title='bbox 2283 2862 2602 2931; x_wconf 77' lang='lat' dir='ltr'><strong>profectione</strong></span> <span class='ocrx_word' id='word_1_513' title='bbox 2633 2878 2835 2927; x_wconf 88' lang='lat' dir='ltr'><strong>eorum,</strong></span> <span class='ocrx_word' id='word_1_514' title='bbox 2864 2863 2988 2932; x_wconf 74' lang='lat' dir='ltr'><strong>quia</strong></span> <span class='ocrx_word' id='word_1_515' title='bbox 3036 2863 3270 2917; x_wconf 88' lang='lat' dir='ltr'><strong>incubuit</strong></span> <span class='ocrx_word' id='word_1_516' title='bbox 3298 2867 3456 2919; x_wconf 84' lang='lat' dir='ltr'><strong>timor</strong></span> 
     </span>
    </p>
   </div>
   <div class='ocr_carea' id='block_1_70' title="bbox 1886 2951 3451 3025">
    <p class='ocr_par' dir='ltr' id='par_1_70' title="bbox 1886 2951 3451 3025">
     <span class='ocr_line' id='line_1_70' title="bbox 1886 2951 3451 3025; baseline 0.001 -18"><span class='ocrx_word' id='word_1_517' title='bbox 1886 2969 2066 3007; x_wconf 89' lang='lat' dir='ltr'><strong>eorum</strong></span> <span class='ocrx_word' id='word_1_518' title='bbox 2092 2968 2248 3022; x_wconf 85' lang='lat' dir='ltr'><strong>super</strong></span> <span class='ocrx_word' id='word_1_519' title='bbox 2276 2969 2383 3007; x_wconf 90' lang='lat' dir='ltr'><strong>eos.</strong></span> <span class='ocrx_word' id='word_1_520' title='bbox 2416 2952 2560 3008; x_wconf 89' lang='lat' dir='ltr'><strong>Deus</strong></span> <span class='ocrx_word' id='word_1_521' title='bbox 2581 2968 2678 3022; x_wconf 88' lang='lat' dir='ltr'><strong>per</strong></span> <span class='ocrx_word' id='word_1_522' title='bbox 2700 2951 2936 3024; x_wconf 83' lang='lat' dir='ltr'><strong>Moysem</strong></span> <span class='ocrx_word' id='word_1_523' title='bbox 2957 2954 3156 3023; x_wconf 90' lang='lat' dir='ltr'><strong>populo</strong></span> <span class='ocrx_word' id='word_1_524' title='bbox 3182 2955 3451 3025; x_wconf 64' lang='lat' dir='ltr'><strong>praecipit,</strong></span> 
     </span>
    </p>
   </div>
   <div class='ocr_carea' id='block_1_71' title="bbox 1894 3044 3456 3117">
    <p class='ocr_par' dir='ltr' id='par_1_71' title="bbox 1894 3044 3456 3117">
     <span class='ocr_line' id='line_1_71' title="bbox 1894 3044 3456 3117; baseline 0.001 -18"><span class='ocrx_word' id='word_1_525' title='bbox 1894 3053 1952 3099; x_wconf 86' lang='lat' dir='ltr'><strong>ut</strong></span> <span class='ocrx_word' id='word_1_526' title='bbox 1986 3044 2272 3117; x_wconf 70' lang='lat' dir='ltr'><strong>Egyptios</strong></span> <span class='ocrx_word' id='word_1_527' title='bbox 2289 3052 2550 3115; x_wconf 86' lang='lat' dir='ltr'><strong>tanquam</strong></span> <span class='ocrx_word' id='word_1_528' title='bbox 2585 3045 2759 3099; x_wconf 88' lang='lat' dir='ltr'><strong>victos</strong></span> <span class='ocrx_word' id='word_1_529' title='bbox 2794 3045 3047 3114; x_wconf 89' lang='lat' dir='ltr'><strong>spolient,</strong></span> <span class='ocrx_word' id='word_1_530' title='bbox 3083 3060 3148 3099; x_wconf 88' lang='lat' dir='ltr'><strong>ac</strong></span> <span class='ocrx_word' id='word_1_531' title='bbox 3180 3045 3456 3101; x_wconf 71' lang='lat' dir='ltr'><strong>diuturna:</strong></span> 
     </span>
    </p>
   </div>
   <div class='ocr_carea' id='block_1_72' title="bbox 1891 3135 3455 3208">
    <p class='ocr_par' dir='ltr' id='par_1_72' title="bbox 1891 3135 3455 3208">
     <span class='ocr_line' id='line_1_72' title="bbox 1891 3135 3455 3208; baseline 0.003 -19"><span class='ocrx_word' id='word_1_532' title='bbox 1891 3136 2035 3207; x_wconf 89' lang='lat' dir='ltr'><strong>apud</strong></span> <span class='ocrx_word' id='word_1_533' title='bbox 2067 3137 2189 3191; x_wconf 88' lang='lat' dir='ltr'><strong>illos</strong></span> <span class='ocrx_word' id='word_1_534' title='bbox 2216 3135 2517 3198; x_wconf 86' lang='lat' dir='ltr'><strong>servitutis,</strong></span> <span class='ocrx_word' id='word_1_535' title='bbox 2551 3151 2659 3205; x_wconf 88' lang='lat' dir='ltr'><strong>qua</strong></span> <span class='ocrx_word' id='word_1_536' title='bbox 2708 3135 2833 3190; x_wconf 90' lang='lat' dir='ltr'><strong>illos</strong></span> <span class='ocrx_word' id='word_1_537' title='bbox 2873 3143 3279 3206; x_wconf 86' lang='lat' dir='ltr'><strong>oppresserant,</strong></span> <span class='ocrx_word' id='word_1_538' title='bbox 3316 3153 3455 3208; x_wconf 67' lang='lat' dir='ltr'><strong>prae-</strong></span> 
     </span>
    </p>
   </div>
   <div class='ocr_carea' id='block_1_73' title="bbox 1886 3227 3453 3297">
    <p class='ocr_par' dir='ltr' id='par_1_73' title="bbox 1886 3227 3453 3297">
     <span class='ocr_line' id='line_1_73' title="bbox 1886 3227 3453 3297; baseline 0.002 -15"><span class='ocrx_word' id='word_1_539' title='bbox 1886 3228 2054 3282; x_wconf 91' lang='lat' dir='ltr'><strong>mium</strong></span> <span class='ocrx_word' id='word_1_540' title='bbox 2083 3234 2358 3297; x_wconf 84' lang='lat' dir='ltr'><strong>expetant.</strong></span> <span class='ocrx_word' id='word_1_541' title='bbox 2390 3227 2458 3281; x_wconf 87' lang='lat' dir='ltr'><strong>Et</strong></span> <span class='ocrx_word' id='word_1_542' title='bbox 2487 3244 2590 3281; x_wconf 91' lang='lat' dir='ltr'><strong>non</strong></span> <span class='ocrx_word' id='word_1_543' title='bbox 2617 3238 2732 3282; x_wconf 88' lang='lat' dir='ltr'><strong>erat</strong></span> <span class='ocrx_word' id='word_1_544' title='bbox 2765 3230 2818 3282; x_wconf 90' lang='lat' dir='ltr'><strong>in</strong></span> <span class='ocrx_word' id='word_1_545' title='bbox 2882 3227 3118 3282; x_wconf 85' lang='lat' dir='ltr'><strong>tribubus</strong></span> <span class='ocrx_word' id='word_1_546' title='bbox 3160 3245 3339 3282; x_wconf 88' lang='lat' dir='ltr'><strong>eorum</strong></span> <span class='ocrx_word' id='word_1_547' title='bbox 3368 3231 3453 3285; x_wconf 86' lang='lat' dir='ltr'><strong>in-</strong></span> 
     </span>
    </p>
   </div>
   <div class='ocr_carea' id='block_1_74' title="bbox 1885 3313 3453 3385">
    <p class='ocr_par' dir='ltr' id='par_1_74' title="bbox 1885 3313 3453 3385">
     <span class='ocr_line' id='line_1_74' title="bbox 1885 3313 3453 3385; baseline 0.001 -16"><span class='ocrx_word' id='word_1_548' title='bbox 1885 3316 2093 3385; x_wconf 80' lang='lat' dir='ltr'><strong>ﬁrmus.</strong></span> <span class='ocrx_word' id='word_1_549' title='bbox 2110 3313 2377 3384; x_wconf 84' lang='lat' dir='ltr'><strong>Quodque</strong></span> <span class='ocrx_word' id='word_1_550' title='bbox 2393 3314 2565 3370; x_wconf 87' lang='lat' dir='ltr'><strong>multo</strong></span> <span class='ocrx_word' id='word_1_551' title='bbox 2590 3314 2897 3369; x_wconf 89' lang='lat' dir='ltr'><strong>mirabilius</strong></span> <span class='ocrx_word' id='word_1_552' title='bbox 2925 3322 3063 3380; x_wconf 89' lang='lat' dir='ltr'><strong>erat,</strong></span> <span class='ocrx_word' id='word_1_553' title='bbox 3093 3327 3216 3385; x_wconf 87' lang='lat' dir='ltr'><strong>post</strong></span> <span class='ocrx_word' id='word_1_554' title='bbox 3240 3323 3453 3370; x_wconf 90' lang='lat' dir='ltr'><strong>tantum</strong></span> 
     </span>
    </p>
   </div>
   <div class='ocr_carea' id='block_1_75' title="bbox 1884 3407 3555 3479">
    <p class='ocr_par' dir='ltr' id='par_1_75' title="bbox 1884 3407 3555 3479">
     <span class='ocr_line' id='line_1_75' title="bbox 1884 3407 3555 3479; baseline -0.001 -16"><span class='ocrx_word' id='word_1_555' title='bbox 1884 3408 2152 3470; x_wconf 86' lang='lat' dir='ltr'><strong>laborem,</strong></span> <span class='ocrx_word' id='word_1_556' title='bbox 2181 3415 2306 3479; x_wconf 90' lang='lat' dir='ltr'><strong>post</strong></span> <span class='ocrx_word' id='word_1_557' title='bbox 2347 3407 2581 3463; x_wconf 89' lang='lat' dir='ltr'><strong>laterum</strong></span> <span class='ocrx_word' id='word_1_558' title='bbox 2609 3407 2937 3471; x_wconf 89' lang='lat' dir='ltr'><strong>coctionem,</strong></span> <span class='ocrx_word' id='word_1_559' title='bbox 2958 3414 3083 3476; x_wconf 94' lang='lat' dir='ltr'><strong>post</strong></span> <span class='ocrx_word' id='word_1_560' title='bbox 3112 3412 3315 3461; x_wconf 86' lang='lat' dir='ltr'><strong>tantam</strong></span> <span class='ocrx_word' id='word_1_561' title='bbox 3351 3408 3449 3461; x_wconf 85' lang='lat' dir='ltr'><strong>mi-</strong></span> <span class='ocrx_word' id='word_1_562' title='bbox 3546 3416 3555 3422; x_wconf 91' lang='lat'><strong><em>&#39;</em></strong></span> 
     </span>
    </p>
   </div>
   <div class='ocr_carea' id='block_1_76' title="bbox 1882 3496 3452 3568">
    <p class='ocr_par' dir='ltr' id='par_1_76' title="bbox 1882 3496 3452 3568">
     <span class='ocr_line' id='line_1_76' title="bbox 1882 3496 3452 3568; baseline -0.001 -14"><span class='ocrx_word' id='word_1_563' title='bbox 1882 3498 2080 3554; x_wconf 90' lang='lat' dir='ltr'><strong>seriam</strong></span> <span class='ocrx_word' id='word_1_564' title='bbox 2114 3509 2169 3554; x_wconf 87' lang='lat' dir='ltr'><strong>et</strong></span> <span class='ocrx_word' id='word_1_565' title='bbox 2220 3505 2300 3553; x_wconf 94' lang='lat' dir='ltr'><strong>tot</strong></span> <span class='ocrx_word' id='word_1_566' title='bbox 2354 3499 2611 3561; x_wconf 88' lang='lat' dir='ltr'><strong>verbera,</strong></span> <span class='ocrx_word' id='word_1_567' title='bbox 2655 3513 2723 3553; x_wconf 90' lang='lat' dir='ltr'><strong>ne</strong></span> <span class='ocrx_word' id='word_1_568' title='bbox 2762 3513 2906 3552; x_wconf 88' lang='lat' dir='ltr'><strong>unus</strong></span> <span class='ocrx_word' id='word_1_569' title='bbox 2939 3497 3157 3568; x_wconf 89' lang='lat' dir='ltr'><strong>quidem</strong></span> <span class='ocrx_word' id='word_1_570' title='bbox 3202 3496 3452 3552; x_wconf 87' lang='lat' dir='ltr'><strong>inﬁrmus</strong></span> 
     </span>
    </p>
   </div>
   <div class='ocr_carea' id='block_1_77' title="bbox 1880 3585 3453 3658">
    <p class='ocr_par' dir='ltr' id='par_1_77' title="bbox 1880 3585 3453 3658">
     <span class='ocr_line' id='line_1_77' title="bbox 1880 3585 3453 3658; baseline -0.001 -15"><span class='ocrx_word' id='word_1_571' title='bbox 1880 3595 2028 3653; x_wconf 88' lang='lat' dir='ltr'><strong>erat,</strong></span> <span class='ocrx_word' id='word_1_572' title='bbox 2049 3587 2210 3657; x_wconf 92' lang='lat' dir='ltr'><strong>idque</strong></span> <span class='ocrx_word' id='word_1_573' title='bbox 2240 3588 2406 3643; x_wconf 91' lang='lat' dir='ltr'><strong>tantis</strong></span> <span class='ocrx_word' id='word_1_574' title='bbox 2431 3589 2605 3658; x_wconf 80' lang='lat' dir='ltr'><strong>plagis</strong></span> <span class='ocrx_word' id='word_1_575' title='bbox 2635 3585 2872 3658; x_wconf 63' lang='lat' dir='ltr'><strong>Egypto</strong></span> <span class='ocrx_word' id='word_1_576' title='bbox 2892 3587 3076 3642; x_wconf 87' lang='lat' dir='ltr'><strong>illatis.</strong></span> <span class='ocrx_word' id='word_1_577' title='bbox 3118 3586 3232 3641; x_wconf 86' lang='lat' dir='ltr'><strong>Hoc</strong></span> <span class='ocrx_word' id='word_1_578' title='bbox 3267 3589 3453 3658; x_wconf 82' lang='lat' dir='ltr'><strong>utique</strong></span> 
     </span>
    </p>
   </div>
   <div class='ocr_carea' id='block_1_78' title="bbox 1880 3676 2760 3733">
    <p class='ocr_par' dir='ltr' id='par_1_78' title="bbox 1880 3676 2760 3733">
     <span class='ocr_line' id='line_1_78' title="bbox 1880 3676 2760 3733; baseline -0.003 -2"><span class='ocrx_word' id='word_1_579' title='bbox 1880 3685 2090 3733; x_wconf 74' lang='lat' dir='ltr'><strong>natura:</strong></span> <span class='ocrx_word' id='word_1_580' title='bbox 2120 3677 2366 3733; x_wconf 89' lang='lat' dir='ltr'><strong>ordinem</strong></span> <span class='ocrx_word' id='word_1_581' title='bbox 2402 3676 2760 3732; x_wconf 89' lang='lat' dir='ltr'><strong>transcendit.</strong></span> 
     </span>
    </p>
   </div>
   <div class='ocr_carea' id='block_1_79' title="bbox 1951 3952 3447 4024">
    <p class='ocr_par' dir='ltr' id='par_1_79' title="bbox 1951 3952 3447 4024">
     <span class='ocr_line' id='line_1_79' title="bbox 1951 3952 3447 4024; baseline -0.003 -14"><span class='ocrx_word' id='word_1_582' title='bbox 1951 3957 2118 4013; x_wconf 72' lang='lat' dir='ltr'><strong>Vens.</strong></span> <span class='ocrx_word' id='word_1_583' title='bbox 2153 3958 2241 4013; x_wconf 77' lang='lat'><strong>59.</strong></span> <span class='ocrx_word' id='word_1_584' title='bbox 2299 3954 2569 4024; x_wconf 73' lang='lat' dir='ltr'><strong>Expendit</strong></span> <span class='ocrx_word' id='word_1_585' title='bbox 2600 3952 2788 4007; x_wconf 87' lang='lat' dir='ltr'><strong>nubem</strong></span> <span class='ocrx_word' id='word_1_586' title='bbox 2835 3952 2889 4006; x_wconf 91' lang='lat' dir='ltr'><strong>in</strong></span> <span class='ocrx_word' id='word_1_587' title='bbox 2938 3952 3311 4020; x_wconf 88' lang='lat' dir='ltr'><strong>protectionem</strong></span> <span class='ocrx_word' id='word_1_588' title='bbox 3355 3968 3447 4006; x_wconf 90' lang='lat' dir='ltr'><strong>eo-</strong></span> 
     </span>
    </p>
   </div>
   <div class='ocr_carea' id='block_1_80' title="bbox 1882 4042 3449 4120">
    <p class='ocr_par' dir='ltr' id='par_1_80' title="bbox 1882 4042 3449 4120">
     <span class='ocr_line' id='line_1_80' title="bbox 1882 4042 3449 4120; baseline -0.002 -16"><span class='ocrx_word' id='word_1_589' title='bbox 1882 4067 2021 4115; x_wconf 87' lang='lat' dir='ltr'><strong>rum,</strong></span> <span class='ocrx_word' id='word_1_590' title='bbox 2053 4059 2103 4104; x_wconf 87' lang='lat' dir='ltr'><strong>et</strong></span> <span class='ocrx_word' id='word_1_591' title='bbox 2130 4050 2321 4120; x_wconf 84' lang='lat' dir='ltr'><strong>ignem,</strong></span> <span class='ocrx_word' id='word_1_592' title='bbox 2354 4056 2411 4101; x_wconf 90' lang='lat' dir='ltr'><strong>ut</strong></span> <span class='ocrx_word' id='word_1_593' title='bbox 2435 4047 2627 4100; x_wconf 89' lang='lat' dir='ltr'><strong>luceret</strong></span> <span class='ocrx_word' id='word_1_594' title='bbox 2656 4047 2730 4099; x_wconf 89' lang='lat' dir='ltr'><strong>eis</strong></span> <span class='ocrx_word' id='word_1_595' title='bbox 2760 4060 2852 4114; x_wconf 89' lang='lat' dir='ltr'><strong>per</strong></span> <span class='ocrx_word' id='word_1_596' title='bbox 2880 4056 3105 4100; x_wconf 89' lang='lat' dir='ltr'><strong>noctem.</strong></span> <span class='ocrx_word' id='word_1_597' title='bbox 3141 4042 3449 4101; x_wconf 83' lang='lat' dir='ltr'><strong>Recensitis</strong></span> 
     </span>
    </p>
   </div>
   <div class='ocr_carea' id='block_1_81' title="bbox 1883 4136 3449 4211">
    <p class='ocr_par' dir='ltr' id='par_1_81' title="bbox 1883 4136 3449 4211">
     <span class='ocr_line' id='line_1_81' title="bbox 1883 4136 3449 4211; baseline 0.001 -18"><span class='ocrx_word' id='word_1_598' title='bbox 1883 4139 2265 4211; x_wconf 56' lang='lat' dir='ltr'><strong>[Egyptiorum</strong></span> <span class='ocrx_word' id='word_1_599' title='bbox 2295 4139 2493 4209; x_wconf 78' lang='lat' dir='ltr'><strong>plagis,</strong></span> <span class='ocrx_word' id='word_1_600' title='bbox 2525 4144 2925 4207; x_wconf 87' lang='lat' dir='ltr'><strong>consequenter</strong></span> <span class='ocrx_word' id='word_1_601' title='bbox 2957 4137 3156 4192; x_wconf 89' lang='lat' dir='ltr'><strong>transit</strong></span> <span class='ocrx_word' id='word_1_602' title='bbox 3181 4136 3249 4190; x_wconf 89' lang='lat' dir='ltr'><strong>ad</strong></span> <span class='ocrx_word' id='word_1_603' title='bbox 3284 4137 3449 4194; x_wconf 85' lang='lat' dir='ltr'><strong>bene-</strong></span> 
     </span>
    </p>
   </div>
   <div class='ocr_carea' id='block_1_82' title="bbox 1880 4228 3449 4301">
    <p class='ocr_par' dir='ltr' id='par_1_82' title="bbox 1880 4228 3449 4301">
     <span class='ocr_line' id='line_1_82' title="bbox 1880 4228 3449 4301; baseline -0.001 -16"><span class='ocrx_word' id='word_1_604' title='bbox 1880 4231 2002 4286; x_wconf 89' lang='lat' dir='ltr'><strong>ﬁcia</strong></span> <span class='ocrx_word' id='word_1_605' title='bbox 2032 4229 2217 4286; x_wconf 86' lang='lat' dir='ltr'><strong>lsraeli</strong></span> <span class='ocrx_word' id='word_1_606' title='bbox 2246 4232 2442 4286; x_wconf 86' lang='lat' dir='ltr'><strong>collata</strong></span> <span class='ocrx_word' id='word_1_607' title='bbox 2482 4248 2495 4284; x_wconf 93' lang='lat'><strong>:</strong></span> <span class='ocrx_word' id='word_1_608' title='bbox 2524 4229 2683 4285; x_wconf 91' lang='lat' dir='ltr'><strong>simul</strong></span> <span class='ocrx_word' id='word_1_609' title='bbox 2720 4244 2822 4284; x_wconf 91' lang='lat' dir='ltr'><strong>nos</strong></span> <span class='ocrx_word' id='word_1_610' title='bbox 2845 4228 3146 4285; x_wconf 89' lang='lat' dir='ltr'><strong>admonens</strong></span> <span class='ocrx_word' id='word_1_611' title='bbox 3180 4239 3241 4283; x_wconf 90' lang='lat' dir='ltr'><strong>ut</strong></span> <span class='ocrx_word' id='word_1_612' title='bbox 3266 4230 3449 4301; x_wconf 59' lang='lat' dir='ltr'><strong>[Egy-</strong></span> 
     </span>
    </p>
   </div>
   <div class='ocr_carea' id='block_1_83' title="bbox 1880 4320 3445 4393">
    <p class='ocr_par' dir='ltr' id='par_1_83' title="bbox 1880 4320 3445 4393">
     <span class='ocr_line' id='line_1_83' title="bbox 1880 4320 3445 4393; baseline 0.001 -19"><span class='ocrx_word' id='word_1_613' title='bbox 1880 4323 2092 4392; x_wconf 89' lang='lat' dir='ltr'><strong>ptiacos</strong></span> <span class='ocrx_word' id='word_1_614' title='bbox 2124 4337 2304 4377; x_wconf 89' lang='lat' dir='ltr'><strong>mores</strong></span> <span class='ocrx_word' id='word_1_615' title='bbox 2338 4322 2632 4393; x_wconf 78' lang='lat' dir='ltr'><strong>fugiamus,</strong></span> <span class='ocrx_word' id='word_1_616' title='bbox 2668 4337 2738 4377; x_wconf 91' lang='lat' dir='ltr'><strong>ne</strong></span> <span class='ocrx_word' id='word_1_617' title='bbox 2789 4322 2844 4375; x_wconf 92' lang='lat' dir='ltr'><strong>in</strong></span> <span class='ocrx_word' id='word_1_618' title='bbox 2893 4321 3045 4391; x_wconf 90' lang='lat' dir='ltr'><strong>paria</strong></span> <span class='ocrx_word' id='word_1_619' title='bbox 3102 4320 3445 4389; x_wconf 87' lang='lat' dir='ltr'><strong>incidamus;</strong></span> 
     </span>
    </p>
   </div>
   <div class='ocr_carea' id='block_1_84' title="bbox 1881 4409 3449 4482">
    <p class='ocr_par' dir='ltr' id='par_1_84' title="bbox 1881 4409 3449 4482">
     <span class='ocr_line' id='line_1_84' title="bbox 1881 4409 3449 4482; baseline 0.002 -18"><span class='ocrx_word' id='word_1_620' title='bbox 1881 4426 2273 4482; x_wconf 88' lang='lat' dir='ltr'><strong>precemurque</strong></span> <span class='ocrx_word' id='word_1_621' title='bbox 2326 4418 2387 4465; x_wconf 95' lang='lat' dir='ltr'><strong>ut</strong></span> <span class='ocrx_word' id='word_1_622' title='bbox 2433 4411 2490 4466; x_wconf 91' lang='lat' dir='ltr'><strong>in</strong></span> <span class='ocrx_word' id='word_1_623' title='bbox 2538 4411 2789 4481; x_wconf 90' lang='lat' dir='ltr'><strong>portione</strong></span> <span class='ocrx_word' id='word_1_624' title='bbox 2824 4409 2919 4464; x_wconf 89' lang='lat' dir='ltr'><strong>Dei</strong></span> <span class='ocrx_word' id='word_1_625' title='bbox 2966 4411 3329 4474; x_wconf 89' lang='lat' dir='ltr'><strong>ascribamur,</strong></span> <span class='ocrx_word' id='word_1_626' title='bbox 3358 4413 3449 4467; x_wconf 90' lang='lat' dir='ltr'><strong>cui</strong></span> 
     </span>
    </p>
   </div>
   <div class='ocr_carea' id='block_1_85' title="bbox 206 4496 1780 4588">
    <p class='ocr_par' dir='ltr' id='par_1_85' title="bbox 206 4496 1777 4588">
     <span class='ocr_line' id='line_1_85' title="bbox 206 4496 1777 4588; baseline 0.011 -40"><span class='ocrx_word' id='word_1_627' title='bbox 206 4497 424 4588; x_wconf 55' lang='grc' dir='ltr'>μερίδος</span> <span class='ocrx_word' id='word_1_628' title='bbox 447 4497 544 4588; x_wconf 3' lang='grc' dir='ltr'>,τοῦ</span> <span class='ocrx_word' id='word_1_629' title='bbox 571 4500 726 4565; x_wconf 89' lang='grc' dir='ltr'>Θεοῦ,</span> <span class='ocrx_word' id='word_1_630' title='bbox 804 4506 1029 4575; x_wconf 87' lang='grc' dir='ltr'>παρεῖχε</span> <span class='ocrx_word' id='word_1_631' title='bbox 1056 4504 1154 4568; x_wconf 82' lang='grc' dir='ltr'>τὰς</span> <span class='ocrx_word' id='word_1_632' title='bbox 1173 4506 1231 4571; x_wconf 87' lang='grc' dir='ltr'>ὲξ</span> <span class='ocrx_word' id='word_1_633' title='bbox 1259 4507 1423 4561; x_wconf 83' lang='grc' dir='ltr'>αὑτοῦ</span> <span class='ocrx_word' id='word_1_634' title='bbox 1443 4510 1777 4580; x_wconf 83' lang='grc' dir='ltr'>εὐεργεσίας·</span> 
     </span>
    </p>
   </div>
   <div class='ocr_carea' id='block_1_86' title="bbox 1889 4496 3446 4588">
    <p class='ocr_par' dir='ltr' id='par_1_86' title="bbox 1889 4504 3446 4574">
     <span class='ocr_line' id='line_1_86' title="bbox 1889 4504 3446 4574; baseline -0.001 -13"><span class='ocrx_word' id='word_1_635' title='bbox 1889 4505 2142 4561; x_wconf 89' lang='lat' dir='ltr'><strong>beneﬁcia</strong></span> <span class='ocrx_word' id='word_1_636' title='bbox 2187 4519 2286 4561; x_wconf 90' lang='lat' dir='ltr'><strong>sua</strong></span> <span class='ocrx_word' id='word_1_637' title='bbox 2336 4504 2640 4574; x_wconf 89' lang='lat' dir='ltr'><strong>impertiit:</strong></span> <span class='ocrx_word' id='word_1_638' title='bbox 2691 4504 2930 4572; x_wconf 87' lang='lat' dir='ltr'><strong>itemque</strong></span> <span class='ocrx_word' id='word_1_639' title='bbox 2987 4518 3446 4571; x_wconf 85' lang='lat' dir='ltr'><strong>commemorans,</strong></span> 
     </span>
    </p>
   </div>
   <div class='ocr_carea' id='block_1_87' title="bbox 204 4581 1774 4673">
    <p class='ocr_par' dir='ltr' id='par_1_87' title="bbox 204 4581 1774 4673">
     <span class='ocr_line' id='line_1_87' title="bbox 204 4581 1774 4673; baseline 0.011 -36"><span class='ocrx_word' id='word_1_640' title='bbox 204 4586 342 4654; x_wconf 84' lang='grc' dir='ltr'>ὁμοῦ</span> <span class='ocrx_word' id='word_1_641' title='bbox 373 4587 467 4640; x_wconf 81' lang='grc' dir='ltr'><strong>καὶ</strong></span> <span class='ocrx_word' id='word_1_642' title='bbox 501 4581 574 4641; x_wconf 82' lang='grc' dir='ltr'>ὧν</span> <span class='ocrx_word' id='word_1_643' title='bbox 598 4588 906 4661; x_wconf 75' lang='grc' dir='ltr'>ἠξιώθησαν</span> <span class='ocrx_word' id='word_1_644' title='bbox 936 4594 1253 4665; x_wconf 80' lang='grc' dir='ltr'>παραδόξων</span> <span class='ocrx_word' id='word_1_645' title='bbox 1274 4597 1409 4651; x_wconf 88' lang='grc' dir='ltr'>Θεοῦ</span> <span class='ocrx_word' id='word_1_646' title='bbox 1447 4601 1495 4652; x_wconf 87' lang='grc' dir='ltr'><strong>οἰ</strong></span> <span class='ocrx_word' id='word_1_647' title='bbox 1528 4601 1593 4653; x_wconf 74' lang='grc' dir='ltr'><strong>ἐκ</strong></span> <span class='ocrx_word' id='word_1_648' title='bbox 1618 4619 1774 4673; x_wconf 89' lang='grc' dir='ltr'>περι-</span> 
     </span>
    </p>
   </div>
   <div class='ocr_carea' id='block_1_88' title="bbox 204 4678 1775 4759">
    <p class='ocr_par' dir='ltr' id='par_1_88' title="bbox 204 4678 1775 4759">
     <span class='ocr_line' id='line_1_88' title="bbox 204 4678 1775 4759; baseline 0.012 -32"><span class='ocrx_word' id='word_1_649' title='bbox 204 4678 379 4749; x_wconf 79' lang='grc' dir='ltr'>τομῆς</span> <span class='ocrx_word' id='word_1_650' title='bbox 411 4679 783 4750; x_wconf 82' lang='grc' dir='ltr'>μνημονεύων,</span> <span class='ocrx_word' id='word_1_651' title='bbox 808 4684 888 4745; x_wconf 89' lang='grc' dir='ltr'><strong>εἰς</strong></span> <span class='ocrx_word' id='word_1_652' title='bbox 922 4684 1141 4756; x_wconf 67' lang='grc' dir='ltr'>ἔλεγχον</span> <span class='ocrx_word' id='word_1_653' title='bbox 1177 4689 1275 4759; x_wconf 86' lang='grc' dir='ltr'>μὲν</span> <span class='ocrx_word' id='word_1_654' title='bbox 1299 4687 1394 4742; x_wconf 90' lang='grc' dir='ltr'><strong>τοῦ</strong></span> <span class='ocrx_word' id='word_1_655' title='bbox 1428 4690 1608 4744; x_wconf 83' lang='grc' dir='ltr'>αὐτῶν</span> <span class='ocrx_word' id='word_1_656' title='bbox 1629 4692 1775 4745; x_wconf 86' lang='grc' dir='ltr'>ὲκεί-</span> 
     </span>
    </p>
   </div>
   <div class='ocr_carea' id='block_1_89' title="bbox 205 4767 1776 4849">
    <p class='ocr_par' dir='ltr' id='par_1_89' title="bbox 205 4767 1776 4849">
     <span class='ocr_line' id='line_1_89' title="bbox 205 4767 1776 4849; baseline 0.011 -32"><span class='ocrx_word' id='word_1_657' title='bbox 205 4782 314 4819; x_wconf 91' lang='grc' dir='ltr'><strong>νων</strong></span> <span class='ocrx_word' id='word_1_658' title='bbox 367 4767 590 4837; x_wconf 86' lang='grc' dir='ltr'>τρόπου,</span> <span class='ocrx_word' id='word_1_659' title='bbox 643 4770 938 4839; x_wconf 83' lang='grc' dir='ltr'>ἀπολογίαν</span> <span class='ocrx_word' id='word_1_660' title='bbox 964 4774 1021 4827; x_wconf 83' lang='grc' dir='ltr'>δὲ</span> <span class='ocrx_word' id='word_1_661' title='bbox 1072 4777 1174 4847; x_wconf 83' lang='grc' dir='ltr'>τῆς·</span> <span class='ocrx_word' id='word_1_662' title='bbox 1220 4779 1359 4849; x_wconf 82' lang='grc' dir='ltr'>μετὰ</span> <span class='ocrx_word' id='word_1_663' title='bbox 1393 4779 1566 4834; x_wconf 86' lang='grc' dir='ltr'>ταῦτα</span> <span class='ocrx_word' id='word_1_664' title='bbox 1596 4779 1776 4836; x_wconf 80' lang='grc' dir='ltr'>αὐτῶν</span> 
     </span>
    </p>
   </div>
   <div class='ocr_carea' id='block_1_90' title="bbox 207 4859 497 4933">
    <p class='ocr_par' dir='ltr' id='par_1_90' title="bbox 207 4859 497 4933">
     <span class='ocr_line' id='line_1_90' title="bbox 207 4859 497 4933; baseline 0.021 -23"><span class='ocrx_word' id='word_1_665' title='bbox 207 4859 497 4933; x_wconf 79' lang='grc' dir='ltr'>ἀποϐολῆς.</span> 
     </span>
    </p>
   </div>
   <div class='ocr_carea' id='block_1_91' title="bbox 286 4953 1778 5030">
    <p class='ocr_par' dir='ltr' id='par_1_91' title="bbox 286 4953 1778 5030">
     <span class='ocr_line' id='line_1_91' title="bbox 286 4953 1778 5030; baseline 0.007 -23"><span class='ocrx_word' id='word_1_666' title='bbox 286 4954 536 5025; x_wconf 78' lang='grc' dir='ltr'>’ῌτησε,</span> <span class='ocrx_word' id='word_1_667' title='bbox 558 4956 656 5009; x_wconf 84' lang='grc' dir='ltr'><strong>καί</strong></span> <span class='ocrx_word' id='word_1_668' title='bbox 681 4953 868 5025; x_wconf 71' lang='grc' dir='ltr'>ἦλθεν</span> <span class='ocrx_word' id='word_1_669' title='bbox 878 4956 1304 5028; x_wconf 70' lang='grc' dir='ltr'>ὀρτυγομήτρα,</span> <span class='ocrx_word' id='word_1_670' title='bbox 1339 4962 1437 5017; x_wconf 77' lang='grc' dir='ltr'><strong>καὶ</strong></span> <span class='ocrx_word' id='word_1_671' title='bbox 1462 4963 1655 5030; x_wconf 77' lang='grc' dir='ltr'>ἄρτων</span> <span class='ocrx_word' id='word_1_672' title='bbox 1680 4966 1778 5018; x_wconf 83' lang='grc' dir='ltr'><strong>οὐ·</strong></span> 
     </span>
    </p>
   </div>
   <div class='ocr_carea' id='block_1_92' title="bbox 200 5045 1780 5120">
    <p class='ocr_par' dir='ltr' id='par_1_92' title="bbox 200 5045 1780 5120">
     <span class='ocr_line' id='line_1_92' title="bbox 200 5045 1780 5120; baseline 0.007 -24"><span class='ocrx_word' id='word_1_673' title='bbox 200 5045 393 5111; x_wconf 82' lang='grc' dir='ltr'>ρανοῦ</span> <span class='ocrx_word' id='word_1_674' title='bbox 417 5045 757 5114; x_wconf 81' lang='grc' dir='ltr'>ἐνέπλησεν</span> <span class='ocrx_word' id='word_1_675' title='bbox 787 5048 1025 5115; x_wconf 80' lang='grc' dir='ltr'>αὐτούς.</span> <span class='ocrx_word' id='word_1_676' title='bbox 1070 5048 1384 5119; x_wconf 79' lang='grc' dir='ltr'>Ἀνέρρηξε</span> <span class='ocrx_word' id='word_1_677' title='bbox 1416 5052 1658 5120; x_wconf 80' lang='grc' dir='ltr'>πέτραν,</span> <span class='ocrx_word' id='word_1_678' title='bbox 1680 5055 1780 5109; x_wconf 83' lang='grc' dir='ltr'><strong>καί</strong></span> 
     </span>
    </p>
   </div>
   <div class='ocr_carea' id='block_1_93' title="bbox 209 5136 1780 5213">
    <p class='ocr_par' dir='ltr' id='par_1_93' title="bbox 209 5136 1780 5213">
     <span class='ocr_line' id='line_1_93' title="bbox 209 5136 1780 5213; baseline 0.006 -24"><span class='ocrx_word' id='word_1_679' title='bbox 209 5136 518 5206; x_wconf 74' lang='grc' dir='ltr'>ἐρρύησαν</span> <span class='ocrx_word' id='word_1_680' title='bbox 564 5138 770 5203; x_wconf 82' lang='grc' dir='ltr'>ὕδατα,</span> <span class='ocrx_word' id='word_1_681' title='bbox 801 5140 1218 5209; x_wconf 82' lang='grc' dir='ltr'>ἐπορεύθησαν</span> <span class='ocrx_word' id='word_1_682' title='bbox 1252 5142 1321 5195; x_wconf 79' lang='grc' dir='ltr'><strong>ἐν</strong></span> <span class='ocrx_word' id='word_1_683' title='bbox 1356 5143 1637 5213; x_wconf 79' lang='grc' dir='ltr'>ἀνύδροις</span> <span class='ocrx_word' id='word_1_684' title='bbox 1672 5159 1780 5199; x_wconf 83' lang='grc' dir='ltr'><strong>πο⁹</strong></span> 
     </span>
    </p>
   </div>
   <div class='ocr_carea' id='block_1_94' title="bbox 209 5229 1779 5303">
    <p class='ocr_par' dir='ltr' id='par_1_94' title="bbox 209 5229 1779 5303">
     <span class='ocr_line' id='line_1_94' title="bbox 209 5229 1779 5303; baseline 0.007 -25"><span class='ocrx_word' id='word_1_685' title='bbox 209 5229 383 5295; x_wconf 80' lang='grc' dir='ltr'>ταμοι</span> <span class='ocrx_word' id='word_1_686' title='bbox 398 5246 411 5259; x_wconf 89' lang='grc'><strong>·</strong></span> <span class='ocrx_word' id='word_1_687' title='bbox 450 5229 540 5281; x_wconf 85' lang='grc' dir='ltr'>ὅτι</span> <span class='ocrx_word' id='word_1_688' title='bbox 564 5229 837 5299; x_wconf 82' lang='grc' dir='ltr'>ἐμνήσθη</span> <span class='ocrx_word' id='word_1_689' title='bbox 877 5230 984 5285; x_wconf 86' lang='grc' dir='ltr'><strong>τοῦ</strong></span> <span class='ocrx_word' id='word_1_690' title='bbox 1008 5233 1195 5301; x_wconf 77' lang='grc' dir='ltr'>λόγου</span> <span class='ocrx_word' id='word_1_691' title='bbox 1226 5233 1334 5287; x_wconf 85' lang='grc' dir='ltr'><strong>τοῦ</strong></span> <span class='ocrx_word' id='word_1_692' title='bbox 1370 5235 1542 5303; x_wconf 77' lang='grc' dir='ltr'>ἁγίου</span> <span class='ocrx_word' id='word_1_693' title='bbox 1572 5236 1779 5300; x_wconf 81' lang='grc' dir='ltr'>αὐτοῦ,</span> 
     </span>
    </p>
   </div>
   <div class='ocr_carea' id='block_1_95' title="bbox 208 5317 1783 5397">
    <p class='ocr_par' dir='ltr' id='par_1_95' title="bbox 208 5317 1783 5397">
     <span class='ocr_line' id='line_1_95' title="bbox 208 5317 1783 5397; baseline 0.007 -29"><span class='ocrx_word' id='word_1_694' title='bbox 208 5317 316 5369; x_wconf 80' lang='grc' dir='ltr'><strong>τοῦ</strong></span> <span class='ocrx_word' id='word_1_695' title='bbox 342 5320 492 5387; x_wconf 84' lang='grc' dir='ltr'>πρὸς</span> <span class='ocrx_word' id='word_1_696' title='bbox 524 5319 767 5390; x_wconf 76' lang='grc' dir='ltr'><strong>Ἀϐραὰμ</strong></span> <span class='ocrx_word' id='word_1_697' title='bbox 780 5321 885 5375; x_wconf 89' lang='grc' dir='ltr'><strong>τὸν</strong></span> <span class='ocrx_word' id='word_1_698' title='bbox 899 5322 1338 5378; x_wconf 84' lang='grc' dir='ltr'>δοῦλοναῠτοῦ.</span> <span class='ocrx_word' id='word_1_699' title='bbox 1371 5326 1481 5379; x_wconf 78' lang='grc' dir='ltr'><strong>Καὶ</strong></span> <span class='ocrx_word' id='word_1_700' title='bbox 1500 5328 1528 5379; x_wconf 86' lang='grc' dir='ltr'><strong>ὁ</strong></span> <span class='ocrx_word' id='word_1_701' title='bbox 1543 5327 1783 5397; x_wconf 83' lang='grc' dir='ltr'>Μωῦσῆς</span> 
     </span>
    </p>
   </div>
   <div class='ocr_carea' id='block_1_96' title="bbox 208 5404 1775 5487">
    <p class='ocr_par' dir='ltr' id='par_1_96' title="bbox 208 5404 1775 5487">
     <span class='ocr_line' id='line_1_96' title="bbox 208 5404 1775 5487; baseline 0.019 -31"><span class='ocrx_word' id='word_1_702' title='bbox 208 5404 265 5458; x_wconf 85' lang='grc' dir='ltr'>δὲ</span> <span class='ocrx_word' id='word_1_703' title='bbox 308 5409 365 5461; x_wconf 85' lang='grc' dir='ltr'>ὲν</span> <span class='ocrx_word' id='word_1_704' title='bbox 407 5410 807 5480; x_wconf 84' lang='grc' dir='ltr'>Δευτερονομίῳ</span> <span class='ocrx_word' id='word_1_705' title='bbox 850 5411 987 5482; x_wconf 87' lang='grc' dir='ltr'>πρὸς</span> <span class='ocrx_word' id='word_1_706' title='bbox 1018 5412 1215 5476; x_wconf 75' lang='grc' dir='ltr'>αὐτούς</span> <span class='ocrx_word' id='word_1_707' title='bbox 1248 5431 1409 5484; x_wconf 81' lang='grc' dir='ltr'>φησι⁶</span> <span class='ocrx_word' id='word_1_708' title='bbox 1449 5414 1547 5483; x_wconf 78' lang='grc' dir='ltr'><strong>Μὴ</strong></span> <span class='ocrx_word' id='word_1_709' title='bbox 1582 5416 1775 5487; x_wconf 60' lang='grc' dir='ltr'>εἴπῃς</span> 
     </span>
    </p>
   </div>
   <div class='ocr_carea' id='block_1_97' title="bbox 212 5497 1779 5575">
    <p class='ocr_par' dir='ltr' id='par_1_97' title="bbox 212 5497 1779 5575">
     <span class='ocr_line' id='line_1_97' title="bbox 212 5497 1779 5575; baseline 0.008 -27"><span class='ocrx_word' id='word_1_710' title='bbox 212 5497 315 5550; x_wconf 85' lang='grc' dir='ltr'><strong>Διὰ</strong></span> <span class='ocrx_word' id='word_1_711' title='bbox 337 5498 446 5565; x_wconf 80' lang='grc' dir='ltr'>τὰς</span> <span class='ocrx_word' id='word_1_712' title='bbox 486 5498 873 5567; x_wconf 82' lang='grc' dir='ltr'>δικαιοσύνας</span> <span class='ocrx_word' id='word_1_713' title='bbox 913 5519 1033 5572; x_wconf 78' lang='grc' dir='ltr'>μου</span> <span class='ocrx_word' id='word_1_714' title='bbox 1074 5503 1332 5574; x_wconf 76' lang='grc' dir='ltr'>ἐξήγαγέ</span> <span class='ocrx_word' id='word_1_715' title='bbox 1354 5522 1431 5575; x_wconf 80' lang='grc' dir='ltr'>με</span> <span class='ocrx_word' id='word_1_716' title='bbox 1466 5507 1681 5573; x_wconf 87' lang='grc' dir='ltr'>Κύριος</span> <span class='ocrx_word' id='word_1_717' title='bbox 1710 5507 1779 5562; x_wconf 83' lang='grc' dir='ltr'><strong>ἐκ</strong></span> 
     </span>
    </p>
   </div>
   <div class='ocr_carea' id='block_1_98' title="bbox 214 5581 1778 5665">
    <p class='ocr_par' dir='ltr' id='par_1_98' title="bbox 214 5581 1778 5665">
     <span class='ocr_line' id='line_1_98' title="bbox 214 5581 1778 5665; baseline -0.001 -13"><span class='ocrx_word' id='word_1_718' title='bbox 214 5581 325 5652; x_wconf 79' lang='grc' dir='ltr'><strong>γῆς</strong></span> <span class='ocrx_word' id='word_1_719' title='bbox 345 5589 665 5656; x_wconf 72' lang='grc' dir='ltr'>Αἰγύπτου,</span> <span class='ocrx_word' id='word_1_720' title='bbox 686 5591 845 5645; x_wconf 73' lang='grc' dir='ltr'>ἀλλὰ</span> <span class='ocrx_word' id='word_1_721' title='bbox 871 5590 968 5644; x_wconf 85' lang='grc' dir='ltr'>διὰ</span> <span class='ocrx_word' id='word_1_722' title='bbox 990 5592 1095 5645; x_wconf 88' lang='grc' dir='ltr'><strong>τὸν</strong></span> <span class='ocrx_word' id='word_1_723' title='bbox 1126 5592 1307 5661; x_wconf 84' lang='grc' dir='ltr'>ὅρκον</span> <span class='ocrx_word' id='word_1_724' title='bbox 1330 5595 1403 5648; x_wconf 82' lang='grc' dir='ltr'><strong>ὃν</strong></span> <span class='ocrx_word' id='word_1_725' title='bbox 1432 5595 1629 5665; x_wconf 82' lang='grc' dir='ltr'>ὤμοσε</span> <span class='ocrx_word' id='word_1_726' title='bbox 1663 5598 1778 5651; x_wconf 85' lang='grc' dir='ltr'><strong>Κύ-</strong></span> 
     </span>
    </p>
   </div>
   <div class='ocr_carea' id='block_1_99' title="bbox 201 5679 1771 5759">
    <p class='ocr_par' dir='ltr' id='par_1_99' title="bbox 201 5679 1771 5759">
     <span class='ocr_line' id='line_1_99' title="bbox 201 5679 1771 5759; baseline 0.011 -31"><span class='ocrx_word' id='word_1_727' title='bbox 201 5690 336 5742; x_wconf 85' lang='grc' dir='ltr'>ριος</span> <span class='ocrx_word' id='word_1_728' title='bbox 380 5679 505 5746; x_wconf 87' lang='grc' dir='ltr'>τοῖς</span> <span class='ocrx_word' id='word_1_729' title='bbox 538 5680 834 5749; x_wconf 80' lang='grc' dir='ltr'>πατράσιν</span> <span class='ocrx_word' id='word_1_730' title='bbox 876 5683 1061 5753; x_wconf 82' lang='grc' dir='ltr'><strong>ὑμῶν.</strong></span> <span class='ocrx_word' id='word_1_731' title='bbox 1104 5686 1213 5742; x_wconf 80' lang='grc' dir='ltr'><strong>Καὶ</strong></span> <span class='ocrx_word' id='word_1_732' title='bbox 1249 5686 1448 5759; x_wconf 76' lang='grc' dir='ltr'>γνώσῃ</span> <span class='ocrx_word' id='word_1_733' title='bbox 1482 5688 1771 5759; x_wconf 79' lang='grc' dir='ltr'>σήμερον,</span> 
     </span>
    </p>
   </div>
   <div class='ocr_carea' id='block_1_100' title="bbox 291 5832 939 5916">
    <p class='ocr_par' dir='ltr' id='par_1_100' title="bbox 291 5832 939 5916">
     <span class='ocr_line' id='line_1_100' title="bbox 291 5832 939 5916; baseline 0.006 -27"><span class='ocrx_word' id='word_1_734' title='bbox 291 5833 336 5867; x_wconf 73' lang='grc' dir='ltr'>σε</span> <span class='ocrx_word' id='word_1_735' title='bbox 372 5832 542 5892; x_wconf 79' lang='lat' dir='ltr'><strong>Exod.</strong></span> <span class='ocrx_word' id='word_1_736' title='bbox 583 5852 655 5901; x_wconf 83' lang='grc' dir='ltr'><strong>ιι,</strong></span> <span class='ocrx_word' id='word_1_737' title='bbox 689 5836 939 5916; x_wconf 31' lang='grc' dir='ltr'>εει-εει,</span> 
     </span>
    </p>
   </div>
   <div class='ocr_carea' id='block_1_101' title="bbox 1882 4594 3445 4668">
    <p class='ocr_par' dir='ltr' id='par_1_101' title="bbox 1882 4594 3445 4668">
     <span class='ocr_line' id='line_1_101' title="bbox 1882 4594 3445 4668; baseline -0.001 -17"><span class='ocrx_word' id='word_1_738' title='bbox 1882 4598 2101 4668; x_wconf 86' lang='lat' dir='ltr'><strong>quantis</strong></span> <span class='ocrx_word' id='word_1_739' title='bbox 2148 4595 2243 4650; x_wconf 90' lang='lat' dir='ltr'><strong>Dei</strong></span> <span class='ocrx_word' id='word_1_740' title='bbox 2290 4594 2635 4650; x_wconf 88' lang='lat' dir='ltr'><strong>mirabilibus</strong></span> <span class='ocrx_word' id='word_1_741' title='bbox 2690 4595 2942 4665; x_wconf 84' lang='lat' dir='ltr'><strong>dignatus</strong></span> <span class='ocrx_word' id='word_1_742' title='bbox 2996 4594 3069 4649; x_wconf 92' lang='lat' dir='ltr'><strong>sit</strong></span> <span class='ocrx_word' id='word_1_743' title='bbox 3118 4594 3351 4663; x_wconf 86' lang='lat' dir='ltr'><strong>populus</strong></span> <span class='ocrx_word' id='word_1_744' title='bbox 3381 4610 3445 4649; x_wconf 82' lang='lat' dir='ltr'><strong>ex</strong></span> 
     </span>
    </p>
   </div>
   <div class='ocr_carea' id='block_1_102' title="bbox 1881 4687 3446 4757">
    <p class='ocr_par' dir='ltr' id='par_1_102' title="bbox 1881 4687 3446 4757">
     <span class='ocr_line' id='line_1_102' title="bbox 1881 4687 3446 4757; baseline -0.006 -9"><span class='ocrx_word' id='word_1_745' title='bbox 1881 4692 2331 4756; x_wconf 90' lang='lat' dir='ltr'><strong>circumcisione;</strong></span> <span class='ocrx_word' id='word_1_746' title='bbox 2354 4698 2414 4744; x_wconf 88' lang='lat' dir='ltr'><strong>ut</strong></span> <span class='ocrx_word' id='word_1_747' title='bbox 2436 4703 2626 4744; x_wconf 88' lang='lat' dir='ltr'><strong>eorum</strong></span> <span class='ocrx_word' id='word_1_748' title='bbox 2674 4702 2857 4743; x_wconf 85' lang='lat' dir='ltr'><strong>mores</strong></span> <span class='ocrx_word' id='word_1_749' title='bbox 2897 4692 3180 4757; x_wconf 79' lang='lat' dir='ltr'><strong>coarguat,</strong></span> <span class='ocrx_word' id='word_1_750' title='bbox 3212 4687 3446 4755; x_wconf 82' lang='lat' dir='ltr'><strong>justam—</strong></span> 
     </span>
    </p>
   </div>
   <div class='ocr_carea' id='block_1_103' title="bbox 1881 4781 3253 4856">
    <p class='ocr_par' dir='ltr' id='par_1_103' title="bbox 1881 4781 3253 4856">
     <span class='ocr_line' id='line_1_103' title="bbox 1881 4781 3253 4856; baseline -0.006 -16"><span class='ocrx_word' id='word_1_751' title='bbox 1881 4800 1987 4856; x_wconf 91' lang='lat' dir='ltr'><strong>que</strong></span> <span class='ocrx_word' id='word_1_752' title='bbox 2012 4781 2333 4853; x_wconf 87' lang='lat' dir='ltr'><strong>abjectionis</strong></span> <span class='ocrx_word' id='word_1_753' title='bbox 2359 4795 2549 4836; x_wconf 90' lang='lat' dir='ltr'><strong>eorum</strong></span> <span class='ocrx_word' id='word_1_754' title='bbox 2576 4793 2797 4835; x_wconf 88' lang='lat' dir='ltr'><strong>causam</strong></span> <span class='ocrx_word' id='word_1_755' title='bbox 2835 4784 3253 4834; x_wconf 88' lang='lat' dir='ltr'><strong>commonstret.</strong></span> 
     </span>
    </p>
   </div>
   <div class='ocr_carea' id='block_1_104' title="bbox 1946 4952 3444 5022">
    <p class='ocr_par' dir='ltr' id='par_1_104' title="bbox 1946 4952 3444 5022">
     <span class='ocr_line' id='line_1_104' title="bbox 1946 4952 3444 5022; baseline -0.003 -9"><span class='ocrx_word' id='word_1_756' title='bbox 1946 4958 2111 5013; x_wconf 76' lang='lat' dir='ltr'><strong>Vens.</strong></span> <span class='ocrx_word' id='word_1_757' title='bbox 2145 4955 2331 5011; x_wconf 68' lang='lat'><strong>40-45.</strong></span> <span class='ocrx_word' id='word_1_758' title='bbox 2365 4954 2550 5018; x_wconf 87' lang='lat' dir='ltr'><strong>Petiit,</strong></span> <span class='ocrx_word' id='word_1_759' title='bbox 2580 4963 2628 5009; x_wconf 92' lang='lat' dir='ltr'><strong>et</strong></span> <span class='ocrx_word' id='word_1_760' title='bbox 2672 4954 2810 5007; x_wconf 80' lang='lat' dir='ltr'><strong>venit</strong></span> <span class='ocrx_word' id='word_1_761' title='bbox 2841 4953 3108 5021; x_wconf 76' lang='lat' dir='ltr'><strong>coturnix,</strong></span> <span class='ocrx_word' id='word_1_762' title='bbox 3139 4962 3187 5007; x_wconf 91' lang='lat' dir='ltr'><strong>et</strong></span> <span class='ocrx_word' id='word_1_763' title='bbox 3219 4952 3444 5022; x_wconf 85' lang='lat' dir='ltr'><strong>panibus</strong></span> 
     </span>
    </p>
   </div>
   <div class='ocr_carea' id='block_1_105' title="bbox 1876 5046 3441 5119">
    <p class='ocr_par' dir='ltr' id='par_1_105' title="bbox 1876 5046 3441 5119">
     <span class='ocr_line' id='line_1_105' title="bbox 1876 5046 3441 5119; baseline -0.004 -13"><span class='ocrx_word' id='word_1_764' title='bbox 1876 5050 1988 5106; x_wconf 70' lang='grc' dir='ltr'>ειείὶ</span> <span class='ocrx_word' id='word_1_765' title='bbox 2004 5049 2217 5119; x_wconf 86' lang='lat' dir='ltr'><strong>replevit</strong></span> <span class='ocrx_word' id='word_1_766' title='bbox 2247 5064 2355 5103; x_wconf 90' lang='lat' dir='ltr'><strong>eos.</strong></span> <span class='ocrx_word' id='word_1_767' title='bbox 2389 5046 2601 5116; x_wconf 89' lang='lat' dir='ltr'><strong>Dirupit</strong></span> <span class='ocrx_word' id='word_1_768' title='bbox 2621 5056 2851 5115; x_wconf 88' lang='lat' dir='ltr'><strong>petram,</strong></span> <span class='ocrx_word' id='word_1_769' title='bbox 2897 5055 2949 5099; x_wconf 87' lang='lat' dir='ltr'><strong>et</strong></span> <span class='ocrx_word' id='word_1_770' title='bbox 2975 5046 3244 5115; x_wconf 74' lang='lat' dir='ltr'><strong>ﬂuxerunt</strong></span> <span class='ocrx_word' id='word_1_771' title='bbox 3271 5062 3441 5117; x_wconf 70' lang='lat' dir='ltr'><strong>aqum,</strong></span> 
     </span>
    </p>
   </div>
   <div class='ocr_carea' id='block_1_106' title="bbox 1877 5138 3445 5210">
    <p class='ocr_par' dir='ltr' id='par_1_106' title="bbox 1877 5138 3445 5210">
     <span class='ocr_line' id='line_1_106' title="bbox 1877 5138 3445 5210; baseline -0.004 -12"><span class='ocrx_word' id='word_1_772' title='bbox 1877 5150 2161 5198; x_wconf 87' lang='lat' dir='ltr'><strong>manarunt</strong></span> <span class='ocrx_word' id='word_1_773' title='bbox 2182 5142 2239 5195; x_wconf 90' lang='lat' dir='ltr'><strong>in</strong></span> <span class='ocrx_word' id='word_1_774' title='bbox 2268 5140 2538 5210; x_wconf 86' lang='lat' dir='ltr'><strong>inaquosis</strong></span> <span class='ocrx_word' id='word_1_775' title='bbox 2561 5139 2804 5207; x_wconf 78' lang='lat' dir='ltr'><strong>ﬁumina.</strong></span> <span class='ocrx_word' id='word_1_776' title='bbox 2832 5138 3095 5205; x_wconf 84' lang='lat' dir='ltr'><strong>Quoniam</strong></span> <span class='ocrx_word' id='word_1_777' title='bbox 3129 5154 3325 5192; x_wconf 89' lang='lat' dir='ltr'><strong>memor</strong></span> <span class='ocrx_word' id='word_1_778' title='bbox 3344 5138 3445 5207; x_wconf 78' lang='lat' dir='ltr'><strong>fuit</strong></span> 
     </span>
    </p>
   </div>
   <div class='ocr_carea' id='block_1_107' title="bbox 1878 5229 3441 5301">
    <p class='ocr_par' dir='ltr' id='par_1_107' title="bbox 1878 5229 3441 5301">
     <span class='ocr_line' id='line_1_107' title="bbox 1878 5229 3441 5301; baseline -0.004 -12"><span class='ocrx_word' id='word_1_779' title='bbox 1878 5233 2019 5289; x_wconf 78' lang='lat' dir='ltr'><strong>verbi</strong></span> <span class='ocrx_word' id='word_1_780' title='bbox 2083 5233 2255 5288; x_wconf 83' lang='lat' dir='ltr'><strong>sancti</strong></span> <span class='ocrx_word' id='word_1_781' title='bbox 2300 5232 2403 5295; x_wconf 92' lang='lat' dir='ltr'><strong>sui,</strong></span> <span class='ocrx_word' id='word_1_782' title='bbox 2439 5230 2575 5301; x_wconf 88' lang='lat' dir='ltr'><strong>quod</strong></span> <span class='ocrx_word' id='word_1_783' title='bbox 2606 5230 2789 5285; x_wconf 81' lang='lat' dir='ltr'><strong>habuit</strong></span> <span class='ocrx_word' id='word_1_784' title='bbox 2831 5229 2899 5283; x_wconf 89' lang='lat' dir='ltr'><strong>ad</strong></span> <span class='ocrx_word' id='word_1_785' title='bbox 2928 5229 3196 5283; x_wconf 81' lang='lat' dir='ltr'><strong>Abraham</strong></span> <span class='ocrx_word' id='word_1_786' title='bbox 3238 5245 3441 5284; x_wconf 82' lang='lat' dir='ltr'><strong>servum</strong></span> 
     </span>
    </p>
   </div>
   <div class='ocr_carea' id='block_1_108' title="bbox 1882 5320 3442 5393">
    <p class='ocr_par' dir='ltr' id='par_1_108' title="bbox 1882 5320 3442 5393">
     <span class='ocr_line' id='line_1_108' title="bbox 1882 5320 3442 5393; baseline -0.003 -13"><span class='ocrx_word' id='word_1_787' title='bbox 1882 5341 2056 5380; x_wconf 89' lang='lat' dir='ltr'><strong>suum.</strong></span> <span class='ocrx_word' id='word_1_788' title='bbox 2082 5323 2175 5378; x_wconf 90' lang='lat' dir='ltr'><strong>Sic</strong></span> <span class='ocrx_word' id='word_1_789' title='bbox 2198 5322 2329 5377; x_wconf 91' lang='lat' dir='ltr'><strong>item</strong></span> <span class='ocrx_word' id='word_1_790' title='bbox 2372 5320 2585 5393; x_wconf 82' lang='lat' dir='ltr'><strong>Moyses</strong></span> <span class='ocrx_word' id='word_1_791' title='bbox 2624 5321 2747 5377; x_wconf 86' lang='lat' dir='ltr'><strong>illos</strong></span> <span class='ocrx_word' id='word_1_792' title='bbox 2776 5321 2830 5374; x_wconf 91' lang='lat' dir='ltr'><strong>in</strong></span> <span class='ocrx_word' id='word_1_793' title='bbox 2864 5320 3282 5375; x_wconf 88' lang='lat' dir='ltr'><strong>Deuteronomio</strong></span> <span class='ocrx_word' id='word_1_794' title='bbox 3309 5320 3442 5375; x_wconf 85' lang='lat' dir='ltr'><strong>allo-</strong></span> 
     </span>
    </p>
   </div>
   <div class='ocr_carea' id='block_1_109' title="bbox 1881 5410 3443 5487">
    <p class='ocr_par' dir='ltr' id='par_1_109' title="bbox 1881 5410 3443 5487">
     <span class='ocr_line' id='line_1_109' title="bbox 1881 5410 3443 5487; baseline -0.001 -18"><span class='ocrx_word' id='word_1_795' title='bbox 1881 5416 2070 5487; x_wconf 88' lang='lat' dir='ltr'><strong>quitur</strong></span> <span class='ocrx_word' id='word_1_796' title='bbox 2094 5433 2108 5469; x_wconf 88' lang='lat'><strong>:</strong></span> <span class='ocrx_word' id='word_1_797' title='bbox 2134 5413 2218 5467; x_wconf 87' lang='lat' dir='ltr'><strong>Ne</strong></span> <span class='ocrx_word' id='word_1_798' title='bbox 2243 5411 2391 5466; x_wconf 86' lang='lat' dir='ltr'><strong>dicas</strong></span> <span class='ocrx_word' id='word_1_799' title='bbox 2424 5428 2443 5466; x_wconf 91' lang='lat'><strong><em>:</em></strong></span> <span class='ocrx_word' id='word_1_800' title='bbox 2472 5411 2694 5482; x_wconf 89' lang='lat' dir='ltr'><strong>Propter</strong></span> <span class='ocrx_word' id='word_1_801' title='bbox 2722 5412 2962 5482; x_wconf 71' lang='lat' dir='ltr'><strong>Justitias</strong></span> <span class='ocrx_word' id='word_1_802' title='bbox 2990 5428 3131 5466; x_wconf 89' lang='lat' dir='ltr'><strong>meas</strong></span> <span class='ocrx_word' id='word_1_803' title='bbox 3160 5410 3341 5465; x_wconf 72' lang='lat' dir='ltr'><strong>eduxit</strong></span> <span class='ocrx_word' id='word_1_804' title='bbox 3363 5429 3443 5467; x_wconf 84' lang='lat' dir='ltr'><strong>me</strong></span> 
     </span>
    </p>
   </div>
   <div class='ocr_carea' id='block_1_110' title="bbox 1885 5499 3440 5573">
    <p class='ocr_par' dir='ltr' id='par_1_110' title="bbox 1885 5499 3440 5573">
     <span class='ocr_line' id='line_1_110' title="bbox 1885 5499 3440 5573; baseline -0.002 -15"><span class='ocrx_word' id='word_1_805' title='bbox 1885 5506 2139 5559; x_wconf 87' lang='lat' dir='ltr'><strong>Dominus</strong></span> <span class='ocrx_word' id='word_1_806' title='bbox 2186 5503 2248 5559; x_wconf 88' lang='lat' dir='ltr'><strong>de</strong></span> <span class='ocrx_word' id='word_1_807' title='bbox 2276 5514 2419 5557; x_wconf 88' lang='lat' dir='ltr'><strong>terra</strong></span> <span class='ocrx_word' id='word_1_808' title='bbox 2441 5501 2681 5573; x_wconf 79' lang='lat' dir='ltr'><strong>/Egypti,</strong></span> <span class='ocrx_word' id='word_1_809' title='bbox 2708 5502 2798 5557; x_wconf 89' lang='lat' dir='ltr'><strong>sed</strong></span> <span class='ocrx_word' id='word_1_810' title='bbox 2816 5510 3021 5570; x_wconf 72' lang='lat' dir='ltr'><strong>propter</strong></span> <span class='ocrx_word' id='word_1_811' title='bbox 3057 5499 3440 5570; x_wconf 86' lang='lat' dir='ltr'><strong>jusjurandum</strong></span> 
     </span>
    </p>
   </div>
   <div class='ocr_carea' id='block_1_111' title="bbox 1876 5591 3438 5667">
    <p class='ocr_par' dir='ltr' id='par_1_111' title="bbox 1876 5591 3438 5667">
     <span class='ocr_line' id='line_1_111' title="bbox 1876 5591 3438 5667; baseline -0.002 -18"><span class='ocrx_word' id='word_1_812' title='bbox 1876 5596 2014 5667; x_wconf 87' lang='lat' dir='ltr'><strong>quod</strong></span> <span class='ocrx_word' id='word_1_813' title='bbox 2034 5597 2236 5665; x_wconf 85' lang='lat' dir='ltr'><strong>juravit</strong></span> <span class='ocrx_word' id='word_1_814' title='bbox 2263 5595 2518 5649; x_wconf 87' lang='lat' dir='ltr'><strong>Dominus</strong></span> <span class='ocrx_word' id='word_1_815' title='bbox 2546 5594 2787 5665; x_wconf 88' lang='lat' dir='ltr'><strong>patribus</strong></span> <span class='ocrx_word' id='word_1_816' title='bbox 2831 5592 3034 5647; x_wconf 81' lang='lat' dir='ltr'><strong>vestris.</strong></span> <span class='ocrx_word' id='word_1_817' title='bbox 3080 5591 3148 5644; x_wconf 87' lang='lat' dir='ltr'><strong>Et</strong></span> <span class='ocrx_word' id='word_1_818' title='bbox 3169 5607 3438 5662; x_wconf 81' lang='lat' dir='ltr'><strong>cognosces</strong></span> 
     </span>
    </p>
   </div>
   <div class='ocr_carea' id='block_1_112' title="bbox 1878 5682 3435 5759">
    <p class='ocr_par' dir='ltr' id='par_1_112' title="bbox 1878 5682 3435 5759">
     <span class='ocr_line' id='line_1_112' title="bbox 1878 5682 3435 5759; baseline -0.004 -16"><span class='ocrx_word' id='word_1_819' title='bbox 1878 5688 2027 5744; x_wconf 84' lang='lat' dir='ltr'><strong>hodie</strong></span> <span class='ocrx_word' id='word_1_820' title='bbox 2051 5689 2174 5759; x_wconf 87' lang='lat' dir='ltr'><strong>quia</strong></span> <span class='ocrx_word' id='word_1_821' title='bbox 2213 5705 2314 5744; x_wconf 90' lang='lat' dir='ltr'><strong>non</strong></span> <span class='ocrx_word' id='word_1_822' title='bbox 2343 5698 2550 5759; x_wconf 86' lang='lat' dir='ltr'><strong>propter</strong></span> <span class='ocrx_word' id='word_1_823' title='bbox 2570 5686 2809 5755; x_wconf 85' lang='lat' dir='ltr'><strong>justitias</strong></span> <span class='ocrx_word' id='word_1_824' title='bbox 2851 5694 2970 5739; x_wconf 85' lang='lat' dir='ltr'><strong>tuas</strong></span> <span class='ocrx_word' id='word_1_825' title='bbox 3010 5684 3264 5740; x_wconf 82' lang='lat' dir='ltr'><strong>Dominus</strong></span> <span class='ocrx_word' id='word_1_826' title='bbox 3299 5682 3435 5738; x_wconf 75' lang='lat' dir='ltr'><strong>Deus</strong></span> 
     </span>
    </p>
   </div>
  </div>
