3964 6530
567 381 700 439 13⁸1
1299 385 1565 443 EUSEBII
1602 386 2075 444 CIESARIENSIS
2112 389 2263 449 OPP.
2304 392 2483 448 PARS
2522 393 2607 451 111.
2641 424 2716 436 -
2747 394 3155 456 EXEGETICA.
3618 408 3717 467 tm

566 496 685 553 tuus
734 499 826 554 dat
875 500 969 557 tibi
1012 510 1207 558 terram
1244 504 1433 559 bonam
1461 506 1594 561 hanc
1630 507 1698 561 ad
1741 508 2130 576 possidendum,

2236 514 2324 568 ὅτι
2348 515 2481 583 οὐχὶ
2512 515 2609 569 διὰ
2634 516 2741 582 τὰς
2770 517 3157 586 δικαιοσύνας
3186 535 3325 584 σου,
3360 500 3551 591 ιέίφιος
3573 530 3601 580 ό
3617 531 3721 598 Θεός

562 594 687 662 quia
716 594 938 661 populus
969 593 1118 650 dura:
1143 599 1358 651 cervicis
1401 616 1455 653 es
1481 601 1547 654 δ’.
1578 599 1646 653 Et
1674 601 1856 655 eduxit
1880 602 2130 671 populum

2236 624 2351 663 σου
2375 608 2586 663 δίδωσί
2614 624 2712 663 σοι
2733 610 2848 677 τὴν
2860 609 2976 679 γῆν
3003 611 3117 679 τὴν
3144 612 3378 683 ἀγαθὴν
3400 618 3598 683 ταύτην

565 702 723 741 suum
758 688 812 741 in
844 687 1216 755 exsultatione,
1242 701 1292 745 et
1311 693 1500 746 electos
1538 710 1662 747 suos
1694 695 1749 747 in
1783 694 1988 749 la'titia.
2008 695 2132 750 Sin—

561 777 688 848 gula
705 778 848 832 eiiim
872 794 994 845 qua:
1019 782 1362 851 contigerunt
1384 783 1745 840 admiratione
1771 785 1934 856 digna
1952 795 2128 853 erant,

562 878 619 925 et
669 869 934 942 prodigiis
982 873 1159 944 plena,
1194 881 1253 927 ut
1281 874 1428 945 quod
1462 876 1596 947 ipsis
1638 878 1964 949 pellentibus
2006 894 2132 935 cum

565 962 843 1032 voluptate
904 963 1287 1031 liberarentur,
1322 966 1469 1036 quod
1516 983 1642 1023 cum
1685 970 2020 1025 abundantia
2051 986 2135 1026 re-

565 1068 710 1119 rum,
736 1056 881 1126 quod
930 1071 1055 1112 cum
1112 1058 1353 1128 perfecta
1396 1062 1645 1117 sanitate.
1702 1062 1771 1115 Et
1836 1063 1977 1117 dedit
2022 1063 2131 1118 illis

564 1148 799 1218 regiones
829 1150 1085 1219 gentium,
1113 1160 1163 1205 et
1188 1150 1393 1205 labores
1423 1155 1737 1222 populorum
1768 1154 2128 1224 possederunt.

563 1242 684 1298 Non
715 1244 860 1299 enim
912 1246 1089 1300 solum
1127 1260 1159 1300 a
1210 1247 1461 1317 pristinis
1521 1250 1793 1314 liberavit,
1824 1250 1919 1306 sed
1970 1251 2131 1306 etiam

565 1336 743 1391 aliena
763 1334 898 1406 ipsis
927 1338 1172 1404 tradidit,
1203 1346 1381 1411 neq‘ue
1413 1342 1656 1413 permisit
1684 1349 1743 1397 ut
1777 1342 1949 1398 labori
1974 1356 2135 1397 vaca-

565 1435 709 1493 rent,
746 1438 804 1481 ut
830 1430 1134 1483 custodiant
1167 1431 1577 1502 justiﬁcationes
1601 1432 1801 1504 ejus,et
1832 1433 1992 1504 legem
2019 1433 2133 1502 ejus

564 1520 858 1591 requirant.
890 1519 1015 1576 Haec
1043 1523 1317 1591 promisit,
1354 1524 1481 1593 quia
1521 1523 1897 1578 custodierant
1932 1524 2136 1592 justiﬁ-

565 1612 812 1668 cationes
841 1612 982 1683 ejus.
1012 1610 1164 1671 Talis
1192 1617 1391 1687 quippe
1422 1615 1564 1671 Deus
1595 1625 1697 1679 est,
1736 1625 1794 1669 ut
1826 1616 2137 1671 misericor-

566 1704 715 1758 diam
755 1718 912 1759 suam
950 1704 1305 1776 diligentibus
1360 1724 1419 1764 se
1469 1708 1525 1762 in
1567 1706 1810 1763 millibus
1860 1706 2130 1762 exhibeat.

567 1790 666 1847 llis
686 1802 865 1850 autent
893 1795 1113 1852 illorum
1139 1798 1429 1868 nepetibus
1452 1798 1583 1852 talia
1612 1799 1861 1868 praestitit
1886 1806 1942 1854 et
1971 1798 2135 1868 largio-

2228 700 2587 771 ρονομῆσαι,
2633 702 2720 756 ὅτι
2742 701 2892 769 λαός
2917 704 3452 774 σκληροτράχηλος
3472 704 3536 762 el.
3552 711 3641 763 Kal
3658 715 3725 777 ἑξ-

2234 793 2420 865 ήγαγε
2469 795 2576 848 τὸν
2618 794 2772 850 λαὸν
2803 796 2989 850 αὑτοῦ
3012 796 3475 868 ὲνάγαλλιάσει,
3507 808 3589 858 καὶ
3625 809 3726 874 τοὺς

2235 885 2555 952 ἐκλεκτοὺς
2572 886 2757 940 αὐτοῦ
2778 886 2848 939 ἐν
2878 888 3243 957 εὐφροσύνῃ.
3276 889 3531 943 Ἕκαστον
3549 893 3637 965 γὰρ
3650 897 3729 950 τῶν

2235 977 2541 1049 γενομένων
2571 980 2649 1042 είς
2681 977 2865 1050 θαῦμα
2906 979 3159 1049 μέγιστον
3187 978 3276 1052 ἦν,
3323 984 3415 1037 καὶ
3444 986 3615 1058 πολλὴν
3647 986 3729 1061 εἶχε

2236 1069 2338 1140 τὴν
2362 1068 2832 1141 παραδοξοποιίαν,
2856 1069 2917 1121 τὸ
2943 1070 3319 1141 ἀπαλλαγῆναι
3344 1074 3456 1143 μεθ’
3475 1077 3638 1146 ἡδονῆς
3655 1080 3732 1131 τῶν

2237 1159 2519 1214 ὠθούντων
2541 1160 2781 1224 ἐκείνων,
2813 1161 2905 1215 καὶ
2928 1163 3044 1229 μετ’
3080 1162 3340 1233 εὐπορίας
3373 1165 3586 1235 ἀπάσης,
3614 1168 3661 1221 τὸ
3692 1172 3733 1223 ἐν

2244 1248 2403 1319 ὑγεία
2454 1248 2668 1319 καθαρᾷ
2717 1249 2853 1319 (sic).
2914 1248 3027 1304 Kal
3072 1250 3293 1305 ἔδωκεν
3358 1253 3547 1319 αὐτοῖς
3590 1256 3735 1324 χώρας

2237 1339 2447 1407 ἐθνῶν,
2487 1340 2585 1393 καὶ
2615 1342 2841 1408 πόνους
2878 1341 3043 1395 λαῶν
3078 1345 3662 1414 κατεκληρονόμησιιν.
3679 1352 3732 1402 Οὐ

2238 1431 2345 1504 γὰρ
2372 1432 2435 1503 δὴ
2457 1432 2613 1502 μόνον
2648 1431 2757 1485 τῶν
2784 1433 3061 1504 προτέρων
3099 1434 3428 1505 ἀπήλλαξεν,
3455 1435 3575 1489 ἀλλὰ
3597 1440 3667 1490 καὶ
3688 1442 3736 1491 τὰ

2238 1522 2345 1577 τῶν
2361 1523 2560 1591 ἐτέρων
2584 1523 2781 1577 ἔδωκεν
2794 1524 2995 1587 αὐτοῖς,
3024 1524 3259 1595 οὐδαμοῦ
3288 1529 3466 1579 πονεῖν
3488 1529 3732 1599 συγχωρῶν,

2239 1614 2397 1680 ὅπως
2416 1615 2494 1669 ἂν
2523 1614 2837 1683 φυλάξωσι
2874 1616 2945 1669 τὰ
2977 1618 3337 1686 δικαιώματα
3366 1621 3645 1684 αὑτοῦ,καί
3663 1623 3735 1675 τὸν

2238 1706 2426 1775 νόμον
2472 1706 2658 1761 αὐτοῦ
2716 1707 3110 1776 ἑκζητήσωσι.
3165 1710 3353 1765 Ταῦτα
3406 1712 3732 1783 ἐπηγγείλατο,

2239 1797 2427 1868 ἐπειδὴ
2455 1797 2723 1867 ἐφύλαξαν
2747 1798 2813 1851 τὰ
2838 1799 3179 1870 δικαιώματα
3206 1801 3397 1856 αὑτοῦ.
3430 1802 3645 1865 Τοιοῦτος
3661 1804 3734 1872 γάρ

568 1891 659 1940 tus
684 1893 805 1941 est:
840 1887 1134 1945 cobortans
1165 1897 1220 1944 et
1266 1891 1553 1946 concitans
1588 1906 1683 1947 eos
1713 1892 1782 1946 ad
1826 1890 2139 1948 custodien-

2239 1890 2387 1943 ἐστιν
2421 1891 2451 1941 ὁ
2474 1889 2627 1953 Θεὸς,
2663 1889 2834 1943 ποιῶν
2876 1890 3022 1953 ἕλεος
3056 1892 3134 1953 είς
3181 1891 3424 1962 χιλιάδας
3451 1896 3550 1955 τοῖς
3572 1893 3735 1960 ἀγαπᾶν

569 1975 673 2031 das
696 1977 1125 2045 justiﬁcationes
1156 1981 1330 2051 ipsius
1367 1988 1421 2036 et
1441 1982 1611 2051 legem
1646 1983 1819 2053 ipsius
1851 1984 2140 2055 exquiren-

568 2065 713 2120 dam.
767 2066 872 2124 Sed
927 2072 1056 2142 quia
1114 2080 1193 2128 tot
1241 2072 1449 2143 dignati
1499 2073 1679 2139 bonis,
1725 2074 1980 2145 praedicta
2030 2091 2139 2132 non

569 2158 980 2227 custodierunt,
1020 2172 1151 2218 tunc
1199 2163 1375 2218 ablata
1421 2164 1488 2219 ab
1523 2164 1660 2235 ipsis
1692 2166 1865 2239 gratia
1899 2174 2005 2233 est,
2040 2182 2141 2222 nec

570 2252 733 2306 modo
788 2257 991 2308 terram
1046 2257 1368 2322 amiserunt,
1402 2257 1496 2313 sed
1543 2258 1708 2313 etiam
1756 2272 1785 2311 a
1841 2258 1951 2313 Deo
2003 2259 2141 2328 lapsi

571 2351 719 2411 sunt,
769 2360 834 2401 ac
880 2346 1122 2419 gentium
1171 2358 1225 2403 et
1274 2348 1623 2404 inimicorum
1673 2350 1817 2404 servi
1862 2358 1991 2406 sunt
2065 2349 2146 2406 ei.

571 2432 722 2492 fecti.

2247 1998 2331 2037 σιν
2355 1981 2538 2037 αὐτόν.
2578 1981 2799 2047 Τούτοις
2828 1983 2884 2037 δὲ
2916 1985 3030 2045 τοῖς
3055 1982 3279 2037 ἐκείνων
3318 1984 3585 2053 ἀπογόνοις
3605 1983 3660 2037 τὰ
3677 2001 3735 2037 τοο

2250 2070 2424 2125 σαῦτα
2456 2072 2699 2143 παρέσχε
2747 2072 2841 2125 καὶ
2891 2071 3198 2141 ἐχαρίσατο,
3244 2073 3557 2145 προτρέπων
3596 2074 3736 2133 aiatait;

2246 2164 2341 2218 καὶ
2367 2163 2666 2235 παρορμῶν
2699 2164 2779 2226 είς
2810 2162 2871 2217 τὸ
2899 2162 3187 2232 φυλάττειν
3219 2165 3291 2218 τὰ
3334 2164 3643 2234 δικαιώματα
3666 2169 3732 2219 air

2245 2255 2369 2322 τοῦ,
2406 2255 2500 2309 καὶ
2540 2254 2630 2308 τὸν
2674 2254 2834 2324 νόμον
2874 2254 3039 2309 αὑτοῦ
3084 2256 3358 2326 ἐκζητείν.
3413 2256 3539 2308 Ἀλλ’
3565 2257 3631 2307 ὃτι
3664 2255 3735 2309 τῶν

2241 2347 2510 2403 τοσούτων
2536 2346 2827 2419 ἠξιωμένοι
2867 2348 2967 2400 οὐκ
3006 2346 3279 2416 ἐφύλαξαν
3316 2347 3385 2401 τὰ
3415 2349 3667 2418 εἰρημένα,
3692 2347 3731 2399 τὸ

2254 2440 2541 2511 τηνικαῦτα
2566 2440 2707 2511 ἦρθη
2735 2441 2828 2493 ἀπ’
2859 2440 3037 2494 αὐτῶν
3063 2443 3096 2510 ἡ
3126 2439 3310 2510 χάρις,
3335 2440 3429 2493 καὶ
3454 2440 3511 2492 οὐ
3532 2439 3658 2508 μόνον
3671 2439 3732 2506 τὴν

570 2525 675 2596 γῆν
703 2525 1007 2595 ἀπώλεσαν,
1029 2528 1165 2585 ἀλλὰ
1192 2530 1285 2583 καὶ
1313 2530 1405 2584 τοῦ
1426 2529 1563 2583 Θεοῦ
1589 2530 1993 2597 ἐκπεπτώκασι,
2016 2531 2193 2585 δοῦλοί
2228 2548 2289 2585 τε
2312 2531 2421 2586 τῶν
2454 2530 2622 2584 ἐθνῶν
2653 2532 2746 2583 καὶ
2779 2531 3050 2601 πολεμίων
3080 2531 3359 2600 γεγόνασι.

1096 2733 1460 2789 ALLELUIA.
1490 2733 1603 2790 CV.

644 2823 809 2881 Vsus.
864 2826 975 2881 l~-5.
1020 2825 1360 2896 Conﬁtemini
1386 2826 1637 2891 Domino,
1667 2827 1917 2897 quoniant
1957 2825 2144 2891 bonus,

2737 2732 3171 2790 ’AAAHAOYIA.
3195 2733 3321 2789 PE'.

2325 2827 2806 2899 Ἐξομολογεῗσθε
2823 2826 2903 2893 τῷ
2932 2826 3145 2894 Κυρίῳ,
3168 2824 3261 2879 ὅτι
3295 2837 3565 2895 χρηστος,
3593 2822 3661 2875 ὅτι
3677 2823 3735 2887 τίς

572 2921 821 2989 quoniam
842 2920 897 2974 in
915 2921 1169 2975 swculum
1189 2920 1556 2975 misericordia
1589 2920 1725 2990 ejus.
1752 2920 1883 2987 Quis
1906 2920 2146 2990 loquetur

2243 2920 2352 2975 τὸν
2378 2919 2564 2974 αἰῶνα
2592 2919 2657 2973 τὸ
2690 2918 2865 2984 ἕλεος
2907 2915 3115 2970 αὐτοῦ.
3161 2916 3256 2983 Τίς
3298 2912 3540 2981 λαλήσει
3566 2911 3646 2977 τὰς
3665 2909 3734 2961 ὄν·

573 3010 833 3079 potcntias
868 3008 1102 3075 Domini,
1136 3009 1349 3063 auditas
1374 3009 1533 3079 faciet
1558 3026 1736 3065 omnes
1772 3008 1956 3065 laudes
1984 3009 2098 3078 ejus
2119 3011 2146 3065 2

2248 3013 2530 3078 ναστείας
2561 3010 2671 3065 τοῦ
2716 3012 2959 3078 Κυρίου,
3011 3006 3322 3073 ἀκουστὰς
3345 3005 3565 3072 ποιήσει
3594 3000 3735 3063 πάσας

573 3101 727 3157 Beati
745 3104 835 3172 qui
856 3104 1159 3157 custodiunt
1181 3101 1469 3172 judicium,
1500 3112 1551 3158 et
1575 3103 1780 3172 faciunt
1792 3102 2067 3173 justitiam
2088 3102 2144 3156 in

2246 3104 2354 3170 τὰς
2398 3102 2659 3167 alr-eosic
2693 3100 2917 3163 αὑτοῦ;
2968 3096 3261 3166 Μακάριοι
3307 3098 3363 3150 οἱ
3393 3092 3736 3187 φυλάσσοντες

574 3195 718 3249 omni
749 3203 993 3262 tempore.
1026 3193 1287 3249 Memento
1323 3195 1515 3259 nostri,
1546 3194 1792 3260 Domine,
1822 3195 1878 3248 in
1903 3193 2146 3263 benepla-

2248 3194 2470 3263 κρίσιν,
2510 3191 2821 3257 ποιοῦντες
2866 3189 3262 3255 δικαιοσύνην
3291 3187 3361 3240 ἑν
3392 3184 3555 3241 παντί
3580 3184 3732 3279 Ακωρῷὲ

574 3286 678 3339 cito
698 3286 873 3355 populi
915 3287 1013 3348 tui,
1038 3286 1193 3339 visita
1223 3304 1317 3341 nos
1346 3287 1404 3340 in
1437 3287 1671 3341 salutari
1702 3295 1815 3343 tuo.
1840 3285 1923 3340 Ad
1955 3261 2141 3339 viden-

2244 3261 2555 3356 llimicrdnrt
2583 3283 2770 3359 ἡμῶν,
2798 3284 2994 3349 Κύριε,
3039 3280 3111 3334 ἐν
3140 3277 3215 3348 τῇ
3243 3277 3488 3343 εὐδοκία
3515 3272 3604 3328 τοῦ
3629 3266 3735 3326 λιισῦ

486 3382 491 3387 ‘
575 3375 701 3428 dum
736 3376 789 3427 in
824 3376 1055 3429 bonitate
1080 3376 1388 3440 electorum,
1432 3375 1500 3429 ad
1548 3376 1838 3431 ltetandum
1876 3378 1930 3429 in
1960 3375 2146 3430 laetitia

2244 3394 2379 3447 σου,
2409 3375 2905 3446 ἐπίσκεψαιήμᾶς
2916 3377 2986 3430 ἐν
3000 3374 3079 3441 τῷ
3098 3373 3370 3442 σωτηρίῳ
3390 3386 3515 3433 σου,
3538 3365 3623 3422 τοῦ
3638 3361 3734 3417 idsi?

575 3469 743 3538 gentis
791 3476 913 3530 tute,
963 3476 1020 3521 ut
1080 3467 1311 3522 lauderis
1365 3484 1483 3522 cum
1530 3467 1843 3523 haereditate
1901 3477 2012 3522 tua.
2046 3466 2149 3523 Hic

576 3573 793 3629 quoque
827 3560 1070 3628 psalmus
1103 3561 1316 3621 laudem
1342 3562 1715 3633 hymnumque
1740 3562 1796 3616 in
1822 3559 1993 3617 Deum
2017 3575 2153 3615 con-

576 3650 735 3713 tinet,
773 3665 941 3721 quare
972 3652 1281 3723 inscriptus
1308 3662 1415 3718 est,
1449 3654 1702 3717 Alleluia,
1732 3652 1878 3723 quod
1917 3651 2152 3721 esplicac

578 3747 689 3805 tur,
717 3740 959 3796 Laudate
988 3741 1293 3799 Dominum.
1349 3741 1543 3798 Statim
1579 3749 1761 3797 autem
1796 3756 1826 3795 a
1882 3740 2151 3811 principio

578 3835 825 3905 praecipit
848 3835 915 3891 iis
945 3837 1088 3906 quia
1112 3837 1351 3907 peccatis
1377 3844 1633 3907 aguntur,
1649 3842 1711 3888 ut
1724 3832 1793 3887 ad
1824 3830 1919 3887 Dei
1954 3830 2150 3885 Filium

580 3938 841 3997 tanquam
867 3928 933 3982 ad
968 3930 1237 3983 medicum
1253 3935 1307 3984 et
1329 3936 1663 3983 servatorem
1689 3925 2154 3993 accedant,atque

582 4022 801 4091 pr0pria
848 4021 1172 4076 conﬁtentes
1234 4030 1480 4091 peccata,
1537 4020 1734 4074 anima:
1776 4018 2003 4073 vulnera
2049 4016 2154 4087 ipsi

581 4111 856 4181 detegant.
886 4110 989 4176 Qui
1035 4126 1165 4166 vero
1220 4110 1276 4165 id
1323 4112 1539 4165 sincere
1589 4115 1813 4180 praestat
1864 4122 1928 4162 ac
1959 4107 2155 4162 delicta

582 4202 818 4273 pristina
851 4200 1030 4269 deﬂet,
1066 4202 1121 4256 id
1145 4210 1205 4256 ut
1225 4218 1336 4257 non
1375 4203 1558 4256 verbis
1584 4208 1817 4265 tantum,
1850 4198 1945 4256 sed
1973 4199 2156 4252 animo

581 4308 801 4364 quoque
818 4303 871 4347 et
891 4294 1150 4363 operibus
1175 4302 1417 4365 peragat,
1450 4308 1481 4347 a
1506 4293 1797 4349 Psalmista
1828 4293 2154 4348 instituitur.

585 4384 848 4439 Hortatur
902 4400 1065 4455 porro
1104 4385 1173 4440 ad
1215 4386 1474 4439 alacriter
1523 4385 1914 4448 conﬁtendum,
1951 4399 2160 4438 annun-

584 4478 793 4542 tiando,
833 4477 1096 4544 Quoniam
1151 4477 1313 4532 bonus
1362 4488 1447 4534 est
1496 4477 1779 4543 Dominus,
1829 4480 2073 4548 quoniam
2104 4478 2158 4531 in

583 4572 838 4626 sarculum
859 4571 1225 4626 misericordia
1251 4573 1385 4641 ejus.
1416 4570 1625 4626 Idcirco
1653 4571 1730 4625 ait
1760 4576 2011 4642 prompto
2032 4569 2155 4623 ani-

584 4677 677 4717 mo
700 4663 1060 4727 conﬁtemini,
1086 4663 1215 4733 quia
1245 4670 1298 4717 et
1328 4664 1445 4733 ipse
1467 4662 1534 4719 ad
1561 4662 1903 4719 clementiam
1934 4669 2155 4733 paratus

584 4761 689 4819 est,
708 4770 910 4825 gnarus
944 4770 1030 4810 res
1055 4755 1342 4824 praesentis
1368 4755 1555 4809 saeculi
1580 4753 1958 4810 misericordia
1973 4768 2154 4826 egere,

586 4853 774 4915 utpote
795 4862 916 4916 quas
944 4846 1200 4902 mortales
1234 4856 1289 4902 et
1318 4846 1477 4902 ﬂuxa:
1508 4849 1637 4903 sint.

2244 3472 2314 3527 ἐν
2332 3469 2409 3540 τῆ
2434 3470 2798 3540 χρηστότητι
2823 3484 2939 3523 σου
2954 3466 3072 3521 τῶν
3085 3463 3406 3529 ἐκλεκτῶν,
3439 3460 3534 3515 τοῦ
3552 3459 3734 3526 eing-

2247 3564 2422 3634 θῆναι
2456 3564 2525 3618 ἐν
2548 3563 2894 3632 εὐφροσύνῃ
2925 3560 3031 3614 τοῦ
3060 3558 3215 3614 λαοῦ
3250 3573 3392 3623 σου,
3426 3553 3524 3607 τοῦ
3549 3543 3731 3604 ἐπαινεῖ·

2248 3660 2385 3711 σθαι
2407 3655 2558 3725 μετὰ
2584 3652 2695 3723 τῆς
2723 3652 3129 3722 κληρονομίας
3171 3666 3314 3703 σου.
3346 3644 3493 3701 Αἶνον
3520 3642 3599 3697 καὶ
3621 3639 3733 3725 ὒμνον

2250 3745 2385 3818 πρὸς
2411 3724 2503 3799 τὸν
2545 3744 2678 3798 Θεὸν
2728 3742 2822 3797 καὶ
2854 3743 2884 3794 δ
2927 3739 3117 3812 παρὼν
3156 3737 3373 3809 ψαλμδς
3419 3733 3652 3804 περιέχει·
3683 3724 3734 3776 διδ

2252 3835 2692 3909 ἐπιγέγραπται,
2754 3833 3110 3900 Ἁλληλούτα
3139 3847 3154 3862 ’
3210 3830 3350 3899 ὅπερ
3408 3820 3733 3897 ἑρμηνεύεται,

2252 3929 2477 3984 Αἰνεῖτε
2502 3929 2606 3982 τὸν
2640 3928 2879 3995 Κύριον.
2908 3923 3241 3996 Προστάττει
3264 3921 3323 3975 δὲ
3344 3918 3495 3981 εὐθὺς
3516 3911 3732 3985 ἀρχόμενος

2252 4022 2364 4085 τοῖς
2417 4018 2827 4091 ἁμαρτημάτων
2874 4014 3218 4088 ὁρμωμένοις
3262 4012 3450 4082 ὥσπερ
3503 3998 3733 4099 iactatu-till

2258 4112 2465 4184 σωτῆρι
2497 4110 2780 4183 προσιέναι
2822 4108 2901 4179 τῷ
2937 4104 3321 4178 θεραπευτικῷ
3372 4102 3461 4157 τοῦ
3498 4096 3609 4152 Θεοῦ
3643 4092 3729 4184 ὶξὶᾦι

2255 4205 2348 4259 καὶ
2465 4178 2755 4275 τραύματα
2771 4178 2881 4270 τῆς
2902 4199 3077 4270 ψυχῆς
3097 4194 3438 4269 ἀπογυμνοῦν
3457 4188 3597 4282 αὐτῶ,
3619 4178 3732 4282 διὲξδ

2256 4294 2690 4367 ἐξομολογεῖσθαι
2722 4292 2819 4356 τὰς
2864 4291 3067 4354 οἰκείας
3114 4289 3409 4361 ἁμαρτίας.
3453 4284 3505 4338 '0
3548 4280 3593 4333 δὲ
3630 4280 3732 4328 τοῦτο

2256 4388 2512 4461 πράττων
2538 4384 2795 4457 γνησίως,
2816 4383 2911 4437 καὶ
2942 4382 3374 4451 ἁποκλαιόμενος
3396 4376 3475 4446 ἐφ’
3494 4367 3563 4466 οἷς

2260 4447 2659 4550 πρότερονίὸτι
2695 4447 2977 4547 μὴ’λόγοις
3007 4474 3188 4544 μόνοις
3215 4447 3395 4525 ’τοῦτο
3438 4462 3624 4537 πρᾶξαι,

2258 4574 2324 4643 τῇ
2355 4569 2591 4625 διαθέσει
2644 4567 2739 4622 καὶ
2786 4567 2971 4629 αὐτοῖς
3020 4567 3134 4628 τοῖς
3167 4565 3470 4635 πράγμασι,
3519 4551 3639 4623 παρὰ
3672 4551 3731 4643 τῇ)

2188 4626 2231 4681 D
2258 4626 2562 4735 ιιίαλμῳδοῦ
2601 4657 2881 4729 κομίζεται
2931 4626 3031 4726 τὴν
3075 4626 3378 4725 είσήγησιίν.
3413 4630 3730 4735 Προτρέπει

2260 4722 2558 4825 προθύμως
2595 4722 2690 4805 ἐπί.
2720 4750 2818 4821 τὴν
2846 4722 3267 4819 ἐξομολόγησιν,
3301 4744 3389 4800 διὰ
3414 4738 3499 4794 τοῦ
3538 4722 3729 4825 ἐπαγγέλ-

2259 4822 2468 4908 λεσθαι,
2503 4844 2627 4897 Ὅτι
2655 4838 2921 4911 χρηστὸς
2950 4840 2979 4892 ὁ
3018 4839 3222 4909 Κύριος
3244 4875 3260 4901 ν
3292 4836 3381 4889 ὅτι
3407 4834 3485 4897 εὶς
3505 4822 3730 4911 τὸναλίίηίθ

586 4906 666 4993 τὸ.
697 4906 868 5003 ἕλεος
891 4938 1098 4993 αὑτοῦ.
1148 4938 1248 4994 Διὰ
1296 4940 1467 4994 ταῦτα
1517 4941 1647 5012 γὰρ,
1680 4941 1833 5013 φησὶ,
1864 4941 2159 5014 προθύμως
2222 4906 2777 5009 ἐξομολογεῖσθεξὴότι
2833 4933 2928 4987 καὶ
2959 4906 3122 4995 αὐτὸς
3154 4930 3372 5001 ἕτοιμός
3406 4928 3536 4979 ἐστιν
3572 4918 3632 4978 εἰς
3653 4906 3730 4979 φιλ·

588 5032 926 5103 ανθρωπίαν,
953 5031 1110 5096 εἰδὼς
1134 5034 1215 5088 ὅτι
1243 5033 1391 5088 ἐλέου
1413 5035 1582 5089 δεῖται
1610 5035 1678 5088 τὰ
1697 5035 1789 5088 τοῦ
1821 5034 2110 5098 ἐνεστῶτος
2138 5031 2333 5095 αἰῶνος
2362 5030 2659 5104 πράγματα
2684 5026 2854 5098 θνητὰ
2879 5025 3008 5079 ὄντα
3035 5024 3129 5078 καὶ
3164 5022 3419 5092 ἐπίκηρα.

664 5120 830 5177 Vsus.
849 5121 905 5177 6.
937 5121 1278 5177 Peccavimus
1306 5140 1420 5179 cum
1445 5124 1685 5194 patribus
1718 5125 1936 5189 nostris,
1966 5125 2163 5195 injuste

589 5213 813 5283 egimus,
845 5214 1175 5284 iniquitatem
1225 5216 1465 5287 fecimus.
1509 5214 1629 5270 Non
1663 5216 1786 5281 soli,
1809 5217 2003 5286 inquit,
2037 5232 2137 5287 pec

592 5307 873 5373 cavimus;
904 5308 999 5363 sed
1026 5308 1071 5365 si
1104 5308 1358 5379 quisjam
1381 5307 1505 5363 inde
1540 5322 1571 5361 a
1592 5308 1791 5377 priscis
1825 5310 2161 5379 temporibus

593 5398 860 5468 exploret,
880 5416 1053 5471 genus
1077 5408 1328 5457 nostrum
1382 5400 1621 5469 peccatis
1662 5416 1878 5470 semper
1919 5399 2160 5456 deditum

596 5488 769 5546 fuisse
790 5491 1177 5562 deprehendet.
1196 5491 1332 5545 Cum
1353 5491 1499 5545 enim
1527 5505 1557 5543 a
1578 5491 1761 5562 Moyse
1785 5500 1864 5547 tot
1896 5492 2163 5547 miracula

595 5582 909 5648 ederentur,
931 5600 1042 5639 non
1072 5584 1491 5647 intellexerunt;
1522 5583 1617 5637 sed
1651 5584 1885 5637 salutem
1920 5584 2088 5648 nacti,
2109 5591 2164 5638 et

600 5673 670 5729 ab
683 5673 1060 5746 A‘ngptiorum
1087 5675 1346 5732 servitute
1378 5674 1609 5741 liberati,
1635 5690 1745 5731 non
1766 5681 2161 5748 cognoverunt,

671 5850 717 5884 “
752 5848 911 5909 Deut.
945 5864 1020 5921 ix,
1054 5850 1171 5909 4—6.

2341 5088 2702 5190 Ἠρόρτομεν
2746 5088 2899 5187 ρετά
2924 5114 3046 5170 τῶν
3072 5088 3345 5182 πατέρων
3366 5106 3530 5179 ἡμῶν,
3572 5088 3727 5165 ’l'ol‘l‘

2262 5211 2895 5285 oajtsr,'ri6tx1iaapsr.
2936 5206 3011 5261 υὺ
3056 5205 3227 5277 μόνοι,
3263 5202 3438 5275 φησὶν,
3467 5191 3725 5285 ἡμάρτομὙ

2264 5270 2379 5364 ἀλλ’
2414 5271 2469 5358 εί
2494 5270 2580 5367 τις
2601 5270 2907 5367 ἐξετάσειεν
2931 5270 3137 5354 ἄνωθεν
3179 5270 3287 5350 ἀπο
3305 5270 3409 5347 τῶν
3438 5286 3624 5359 πρώτων

2267 5359 2393 5461 νων,
2428 5359 2579 5468 εὖροι
2610 5359 2677 5448 ἂν
2720 5393 2807 5447 ἀεὶ
2858 5391 2953 5445 καὶ
2984 5391 3050 5444 ἐκ
3096 5387 3190 5442 τοῦ
3222 5386 3413 5446 παντὸς
3448 5359 3724 5468 ἁμαρτητικῆ

2266 5460 2527 5557 τυγχάνον
2552 5488 2613 5539 τὸ
2644 5483 2914 5556 ἡμέτερον
2944 5481 3118 5551 γένος.
3169 5476 3437 5533 Τοσούτων
3471 5468 3561 5536 γὰρ
3583 5460 3722 5557 om???

2271 5540 2519 5637 σίῶῦθιὰ
2548 5540 2836 5638 Μωῦσέως.
2856 5540 3307 5649 ἐπιτελοῦμένων,
3327 5568 3385 5620 οὐ
3412 5540 3723 5649 συνῆἱξανν

2270 5635 2365 5729 uel.
2392 5669 2661 5745 σωτηρίας
2682 5635 2960 5741 τυχόντες,
2996 5663 3089 5719 καὶ
3113 5635 3215 5734 τῆς
3242 5635 3333 5716 ὑπ’
3356 5646 3615 5724 Αἰγυπτίοις
3640 5635 3719 5688 δῦν’
