3964 6530
172 352 344 411 1515

1335 348 1839 421 COMMENTARIA
1884 363 1950 420 IN
1989 362 2331 423 PSALMOS.

3325 361 3468 417 i5”

166 466 350 533 λείας
388 468 872 544 ἐλευθερωθέντες,
916 474 1014 529 οὐκ
1048 475 1312 544 ἔγνωσαν,
1345 479 1428 532 ὅτι
1478 479 1538 533 οὑ
1577 479 1666 535 διὰ
1691 481 1789 545 τὰς

1899 485 2037 554 quod
2074 500 2182 539 non
2204 483 2432 554 iustitiae
2453 497 2566 536 suae
2595 495 2786 548 causa,
2819 494 2996 550 neque
3025 476 3171 550 quod
3223 478 3329 547 ipsi
3372 476 3469 534 Dei

168 559 386 616 αὐτῶν
421 563 787 629 δικαιοσύνας,
809 565 931 619 οὗτε
958 567 1119 621 διὰτὸ
1148 566 1286 623 εἶναι
1321 573 1628 643 ἐπισκοπῆς
1652 571 1786 626 Θεοῦ

165 652 416 722 ἀξίους,
465 656 551 709 διὰ
596 657 651 710 δὲ
692 658 752 711 τὸ
783 658 984 731 πλῆθος
1017 661 1109 713 τοῦ
1142 660 1325 727 ἐλέους
1375 664 1541 718 αὐτοῦ
1585 643 1788 719 τούτων

164 748 564 818 τετυχήκασι.

255 840 335 891 Οἱ
384 840 638 909 πατέρες
677 842 845 911 ἡμῶν
879 842 948 894 ἐν
978 843 1252 912 Αἰγύπτῳ
1294 846 1364 897 οὺ
1412 843 1687 912 συνῆκαν
1719 844 1791 900 τὰ

165 926 513 995 θαυμάσιά
535 945 672 997 σου,
697 934 806 985 οὐκ
835 930 1229 1000 ἐμνήσθησαν
1255 934 1360 987 τοῦ
1384 935 1655 1003 πλήθους
1684 935 1789 990 τοῦ

163 1016 421 1085 ἐλέους
451 1034 586 1075 σου.
626 1023 735 1077 Kal
781 1023 1231 1093 παρεπίκραναν
1271 1024 1698 1091 ἀναϐαίνοντες
1720 1026 1790 1080 ἐν

162 1109 256 1179 τῇ
311 1112 575 1182 Ἐρυθρᾷ
630 1115 933 1187 θαλάσσῃ.
997 1114 1181 1169 Ταῦτα
1235 1118 1334 1187 μὲν
1381 1118 1409 1170 ὁ
1456 1119 1561 1190 πρὸ
1597 1118 1787 1171 τούτου

165 1201 450 1276 διείληφε
485 1206 719 1279 ψαλμδς,
762 1209 1090 1279 ἐπετέμνετο
1126 1210 1179 1264 δὲ
1216 1209 1375 1274 αὐτὸς
1413 1212 1506 1265 καὶ
1552 1212 1651 1275 τὰς
1697 1211 1790 1265 ἐπὶ

164 1297 284 1368 τῆς
324 1300 547 1370 ἐρήμου
574 1300 1047 1373 παραδοξοποιίας,
1085 1302 1248 1373 μηδὲν
1278 1305 1662 1375 κατηγορήσας
1693 1304 1787 1359 τοῦ

165 1388 345 1443 λαοῦ.
403 1392 461 1444 '0
507 1391 563 1446 δὲ
616 1392 807 1464 παρὼν
867 1394 1310 1463 ὲπαναλαμόὰνει
1368 1395 1465 1464 τὴν
1515 1396 1787 1467 διήγησιν,

165 1483 277 1536 καὶ
351 1484 543 1548 πάσας
606 1486 699 1539 τοῦ
765 1485 895 1539 λαοῦ
964 1486 1064 1551 τὰς
1135 1486 1471 1553 δυσσεϐείας
1519 1490 1786 1553 διέξεισιν.

172 1576 356 1630 Ἶῖστι
390 1576 451 1630 δὲ
485 1578 579 1631 καὶ
615 1579 642 1631 ό
686 1579 796 1641 πᾶς
828 1577 984 1647 λόγος
1008 1576 1102 1632 τοῦ
1158 1580 1425 1633 Ἰουδαίων
1458 1579 1588 1634 λαοῦ
1621 1599 1790 1653 κατη-

166 1668 447 1739 γορικός.
507 1670 611 1725 Kal
657 1672 1108 1739 παρεπίκραναν
1140 1672 1566 1740 ἀναϐαίνοντες
1608 1674 1677 1727 ἑν
1712 1671 1789 1742 τῇ

182 1760 463 1828 Ἐρυθρᾷ
485 1761 783 1832 θαλάσσῃ.
804 1764 1200 1834 Προσελθόντες
1232 1767 1437 1837 Μωῦσῇ
1463 1767 1557 1820 καὶ
1587 1767 1791 1837 φήσαν-

1895 576 2235 646 providentia
2280 575 2429 645 digni
2482 581 2709 638 essent,
2767 573 2863 629 sed
2912 573 2983 627 ob
3039 569 3469 643 magnitudinem

1895 666 2284 721 misericordiae
2315 664 2511 736 ipsius,
2552 664 2665 719 haec
2694 662 2977 719 consecuti
3004 662 3135 717 sint.

1963 841 2131 897 Vsus.
2162 842 2214 905 7,
2238 840 2291 895 8.
2322 838 2512 893 Patres
2544 839 2713 892 nostri
2741 839 2797 891 in
2826 836 3058 909 Egypto
3082 853 3183 891 non
3206 834 3472 890 intellexe-

1894 945 2018 988 runt
2048 933 2317 987 mirabilia
2356 943 2467 997 tua,
2514 947 2617 985 non
2658 931 2873 1000 fuerunt
2925 945 3180 983 memores
3226 927 3471 981 multitu-

1893 1023 2033 1077 dinis
2066 1023 2445 1077 misericordia?
2486 1033 2608 1076 tua.
2650 1020 2714 1074 Et
2749 1022 3091 1075 irritaverant
3135 1019 3471 1073 ascendentes

1896 1113 1949 1166 in
1976 1129 2121 1166 mare
2143 1111 2397 1167 Rubrum.
2434 1110 2557 1165 Haec
2580 1110 2798 1180 quidem
2851 1109 3169 1180 prmcedens
3224 1108 3471 1178 psalmus
3559 1106 3566 1113 ’

1893 1207 2193 1269 enarravit,
2226 1204 2496 1258 mirabilia
2532 1219 2663 1257 vero
2695 1202 2750 1256 in
2802 1202 3019 1257 deserto
3064 1208 3280 1271 patrata
3319 1215 3473 1255 com-

1896 1298 2093 1367 pendio
2121 1297 2328 1360 retulit,
2364 1296 2681 1365 nullamque
2731 1294 2788 1348 in
2844 1295 3103 1364 populum
3165 1294 3471 1347 accusatio-

1896 1405 2019 1443 nem
2064 1388 2323 1445 instituit.
2361 1386 2459 1440 Hic
2507 1402 2637 1440 vero
2665 1386 2911 1456 psalmus
2944 1386 3170 1440 resumit
3200 1385 3473 1439 narratio-
3526 1374 3529 1377 ’

1894 1497 2041 1545 nem,
2100 1495 2400 1550 omnesque
2460 1479 2644 1549 populi
2694 1478 3000 1546 impietates
3053 1483 3468 1531 commemorat.

1893 1570 2177 1641 Totusque
2215 1584 2397 1624 sermo
2416 1567 2658 1623 Iudaica:
2681 1568 2861 1639 gentis
2907 1566 3191 1621 accusatio
3240 1574 3345 1621 est.
3402 1564 3472 1618 Et

1894 1664 2235 1718 irritaverant
2261 1659 2596 1715 ascendentes
2620 1660 2676 1713 in
2704 1675 2850 1713 mare
2878 1658 3111 1711 Rubrum
3134 1659 3211 1724 7°;
3248 1673 3372 1712 cum
3402 1657 3471 1710 ad

1894 1752 2139 1824 Moysem
2181 1752 2507 1807 accedentes
2539 1751 2785 1811 dicerent
2816 1766 2828 1801 :
2865 1748 3080 1804 Utinam
3110 1750 3306 1804 mortui
3332 1766 3472 1805 esse-

164 1868 295 1914 τες,
323 1854 595 1922 Ὄφελον
608 1855 726 1924 μὲν
740 1848 1200 1925 ἀπεθάνομενὲν
1220 1854 1297 1926 γῇ
1314 1859 1610 1927 Αἰγύπτῳ,
1625 1858 1662 1927 ἢ
1679 1857 1781 1912 ἐπὶ

1899 1859 2003 1898 mus
2040 1844 2095 1897 in
2128 1842 2382 1913 zEgypto,
2409 1851 2501 1894 aut
2531 1843 2587 1895 in
2618 1846 2716 1895 hac
2744 1840 3066 1896 solitudine!
3091 1850 3144 1897 et
3179 1860 3191 1896 :
3227 1842 3308 1895 An
3344 1843 3471 1911 quia

168 1941 297 2012 τῆς
318 1944 557 2015 ἐρήμου
570 1947 809 2015 ταύτης·
836 1948 950 2012 καὶ,
971 1948 1136 2016 Παρὰ
1158 1950 1223 2001 τὸ
1241 1949 1326 2018 μὴ
1342 1950 1492 2002 εἷναι
1513 1948 1794 2019 μνήματα

164 2034 250 2088 ἐν
279 2038 599 2108 Αἰγύπτῳ,
650 2037 942 2108 ἐξήγαγες
995 2038 1174 2108 ἡμᾶς,
1222 2040 1557 2094 θανατῶσαι
1599 2041 1670 2094 ἐν
1716 2039 1794 2111 τῇ

168 2125 441 2197 ἐρήμῳ;
476 2130 537 2182 Τί
564 2128 741 2183 τοῦτο
773 2131 1067 2198 ἐποίησας
1098 2130 1242 2201 ἡμῖν
1269 2131 1574 2202 ἐξαγαγὼν
1601 2132 1671 2197 ἐξ
1695 2135 1794 2188 Al-

168 2221 472 2290 γύπτους
503 2222 584 2276 Οὐ
610 2223 785 2277 τοῦτο
808 2220 885 2295 ἦν
910 2225 975 2278 τὸ
990 2223 1153 2294 ῥῆμα
1181 2224 1213 2278 ὃ
1236 2225 1623 2296 ἐλαλήσαμεν
1643 2226 1793 2295 πρὸς

168 2312 253 2365 σὲ
286 2312 367 2365 ὲν
392 2315 672 2383 Αἰγύπτῳ
707 2314 1009 2384 λέγοντες·
1041 2316 1234 2385 Πάρες
1266 2314 1442 2385 ἡμᾶς,
1472 2317 1631 2384 ὅπως
1662 2318 1793 2372 δου-

168 2401 519 2472 λεύσωμεν
568 2404 692 2470 τοῖς
738 2407 1117 2475 Αἰγυπτίοις
1146 2407 1449 2475 Κρεῖσσον
1482 2408 1593 2476 γὰρ
1632 2407 1792 2478 ἡμᾶς

170 2494 519 2548 δουλεύειν
569 2495 693 2561 τοῖς
744 2499 1105 2567 Αἰγυπτίοις,
1149 2498 1187 2565 ἢ
1229 2498 1553 2554 ἀποθανεῖν
1598 2501 1668 2552 ὲν
1714 2498 1793 2569 τῇ

172 2586 399 2656 ἐρήμῳ
437 2589 644 2656 ταύτῃ.
682 2589 789 2641 Καὶ
818 2590 939 2643 ὅσον
980 2590 1078 2660 μὲν
1118 2592 1204 2643 ἐπ’
1244 2590 1429 2653 αὐτοῖς
1469 2591 1665 2663 πικρὸν
1693 2592 1792 2645 αὐ-

173 2683 301 2741 τοῖς
328 2680 461 2732 ἀντὶ
484 2680 723 2752 χρηστοῦ
752 2681 842 2734 τὸν
868 2682 999 2735 θεὸν
1027 2686 1449 2752 κατεστήσαντο.
1498 2683 1554 2736 ’0
1579 2684 1635 2737 δὲ
1663 2685 1793 2751 ἁγα-

179 2774 276 2835 οδε,
340 2771 484 2835 Θεὸς
543 2772 786 2824 πλουτῶν
834 2773 969 2845 ἐλέῳ
1025 2775 1119 2828 καὶ
1169 2774 1567 2846 φιλανθρωπίᾳ,
1629 2774 1790 2828 πάλιν

175 2863 421 2922 ἔσωζεν
455 2862 679 2929 αὐτοὺς
711 2862 921 2916 ἕνεκεν
957 2864 1062 2918 τοῦ
1112 2865 1403 2934 ὀνόματος
1437 2865 1644 2931 αὑτοῦ,
1680 2864 1790 2919 τοῦ

178 2954 489 3022 γνωρίσαι
520 2953 635 3022 τὴν
666 2952 1038 3008 δυναστείαν
1071 2955 1281 3008 αὐτοῦ·
1324 2956 1475 3019 ὅπως
1506 2955 1581 3027 μὴ
1616 2954 1787 3010 εἴπω·-

179 3062 271 3099 σιν
315 3048 368 3099 οἱ
406 3045 651 3111 ἀσεϐεῖς,
687 3046 809 3100 Ποῦ
832 3047 1004 3100 ἐστιν
1031 3047 1059 3098 ὁ
1093 3047 1237 3114 Θεὸς
1266 3046 1494 3111 αὺτῶν;
1519 3047 1607 3102 διὰ
1634 3046 1791 3101 τοῦτο

180 3142 467 3212 παρεῖχεν
494 3139 677 3203 αὐτοῖς
706 3139 801 3192 καὶ
828 3139 949 3192 τότε
984 3140 1082 3210 τήν
1115 3140 1409 3212 σωτηρίαν,
1452 3140 1789 3212 πανταχόθεν

1894 1933 2137 2003 sepulcra
2172 1950 2276 1988 non
2308 1941 2459 1988 erant
2494 1934 2549 1986 in
2575 1932 2807 2004 digypto
2853 1934 3083 1988 eduxisti
3119 1951 3235 1999 nos,
3282 1943 3341 1988 ut
3389 1935 3473 1989 in-

1895 2026 2155 2094 terﬁceres
2190 2025 2245 2078 in
2282 2023 2614 2081 solitudine?
2648 2024 2789 2091 Quid
2832 2026 2929 2079 hoc
2960 2026 3133 2096 fecisti
3164 2026 3313 2080 nobis
3342 2025 3472 2080 edu-

1894 2134 2012 2172 cens
2045 2132 2109 2172 ea:
2147 2116 2422 2189 /Egyplo?
2451 2115 2641 2171 Nonne
2672 2116 2755 2170 hic
2802 2125 2919 2171 erat
2962 2133 3152 2180 sermo,
3183 2134 3334 2188 quem
3389 2119 3469 2172 lo-

1893 2211 2003 2263 cuti
2043 2225 2225 2264 sumus
2264 2209 2333 2263 ad
2378 2219 2423 2263 te
2455 2209 2511 2263 in
2554 2206 2787 2280 {Egypto
2813 2208 3041 2263 dicentes
3072 2224 3090 2264 :
3125 2208 3346 2263 Dimitte
3375 2226 3471 2264 nos

1891 2310 1950 2355 ut
1985 2302 2273 2355 serviamus
2308 2300 2619 2371 ngyptiis?
2652 2301 2845 2356 Melius
2871 2311 2950 2356 est
2999 2302 3137 2355 enim
3161 2320 3254 2356 nos
3279 2303 3472 2358 servire

1893 2392 2183 2465 rEgyptiis,
2215 2410 2373 2465 quam
2407 2396 2543 2448 mori
2566 2395 2621 2449 in
2668 2394 2953 2449 solitudine
2978 2394 3154 2450 hac".
3182 2393 3270 2459 Et,
3295 2410 3470 2464 quan-

1892 2494 2004 2540 tum
2031 2487 2084 2539 in
2110 2486 2245 2557 ipsis
2272 2487 2491 2557 quidem
2528 2487 2695 2543 situm
2728 2494 2868 2551 erat,
2905 2485 3075 2542 Deum
3121 2486 3224 2542 sibi
3257 2502 3323 2542 ex
3354 2489 3469 2541 cle-

1893 2586 2074 2634 mente
2109 2579 2367 2635 acerbum
2404 2578 2732 2635 eﬂiciebant.
2766 2577 2836 2631 At
2879 2578 3058 2633 bonus
3087 2575 3253 2644 Deus,
3304 2577 3471 2633 mise-

1890 2670 2130 2726 ricordia
2176 2678 2232 2726 et
2272 2670 2697 2725 mansuetudine
2745 2667 2940 2734 dives,
2997 2682 3193 2723 rursus
3246 2668 3471 2723 salvari:

1890 2780 1978 2817 eos
2020 2772 2233 2832 propter
2275 2778 2465 2816 nomen
2500 2778 2690 2825 suum,
2731 2769 2790 2815 ut
2832 2769 3015 2816 notam
3056 2760 3251 2830 faceret
3287 2770 3471 2830 palen--

1892 2856 2023 2907 tiam
2075 2868 2262 2917 suam;
2301 2868 2371 2907 ne
2417 2853 2574 2922 impii
2622 2851 2914 2906 dicerent:
2951 2850 3052 2904 Ubi
3099 2860 3177 2905 est
3214 2850 3357 2906 Deus
3382 2868 3473 2905 eo-~

1890 2946 2101 3000 rum"?
2129 2943 2257 3000 ideo
2298 2944 2435 3015 ipsis
2474 2945 2706 3000 salutem
2766 2952 2900 2999 tunc
2962 2944 3225 3014 impertiit
3259 2962 3274 2998 :
3306 2943 3472 2997 undi-

1892 3053 1999 3108 que
2022 3036 2145 3091 illos
2177 3035 2244 3091 ad
2272 3037 2502 3091 salutem
2538 3033 2892 3104 compellens.
2926 3034 3005 3088 llli
3033 3042 3213 3089 autem
3246 3033 3372 3089 victi
3402 3034 3471 3089 ad

1892 3130 2170 3186 modicum
2224 3136 2439 3199 tempus
2482 3128 2665 3183 verbis
2723 3127 2843 3197 ejus
2892 3126 3269 3193 crediderunt,
3319 3135 3472 3196 post-

177 3232 394 3295 αὐτοὺς
451 3230 787 3285 συνελαύνων
833 3231 926 3285 ἐπὶ
977 3230 1064 3303 τὴν
1099 3234 1376 3303 σωτηρίαν
1408 3233 1606 3287 αὐτῶν.
1644 3234 1704 3287 0i
1731 3232 1788 3287 δὲ

1899 3238 2053 3295 quam
2086 3236 2238 3276 mare
2258 3220 2501 3274 Rubrum
2529 3218 2879 3274 transierant.

179 3324 518 3396 νικηθέντες
556 3323 693 3395 πρὸς
742 3325 841 3394 μὲν
880 3322 1059 3392 ὀλίγον
1094 3324 1422 3379 ἐπίστευσαν
1462 3328 1572 3389 τοῖς
1609 3325 1791 3393 λόγοις
1822 3314 2010 3381 αὐτοῦ,
2036 3312 2335 3377 διελθόντες
2354 3312 2454 3384 τὴν
2498 3311 2765 3384 Ἐρυθρὰν
2797 3310 3093 3365 θάλασσαν.

254 3418 374 3471 Kal
431 3415 755 3486 ἐπετίμησε
800 3414 869 3483 τῇ
914 3414 1156 3485 Ἐρυθρᾷ
1205 3417 1520 3486 θαλάσσῃ,
1566 3418 1663 3471 καὶ
1699 3415 1790 3482 ἐξ·

183 3508 458 3578 ηράνθη,
500 3508 599 3560 καὶ
644 3506 963 3578 ὡδήγησεν
993 3509 1215 3576 αὐτοὺς
1244 3509 1313 3563 ὲν
1334 3511 1583 3577 ἁϐὐσσῳ
1613 3510 1693 3576 ὠς
1720 3510 1791 3563 ὲν

183 3601 418 3671 ἐρήμῳ.
476 3598 535 3651 '0
583 3600 913 3670 ἐπιτιμήσας
963 3602 1029 3671 τῇ
1090 3600 1327 3672 Ἐρυθρᾷ
1367 3600 1612 3674 θαλάσσῃ
1652 3603 1786 3654 πᾶσι

185 3694 327 3757 Θεὸς
363 3692 803 3764 ἀνωμολόγηται.
843 3694 908 3746 El
943 3690 1036 3746 οὖν
1071 3694 1167 3747 καὶ
1213 3693 1420 3764 Ἰησοῦς
1453 3694 1787 3767 κλονουμένῃ

186 3788 485 3841 ἐπιτάσσει
521 3788 588 3857 τῇ
621 3785 885 3856 θαλάσση,
913 3787 1048 3839 πᾶσι
1071 3785 1202 3848 Θεὸς
1232 3785 1669 3857 ἀνωμολόγηται,
1700 3786 1787 3838 ἵνα

187 3882 256 3934 ὲκ
297 3879 602 3952 τρικυμίας
642 3878 676 3949 ἢ
714 3878 982 3942 κλύδωνος
1012 3878 1217 3949 γαλήνη
1263 3878 1506 3949 γένηται.
1549 3879 1680 3943 Θεὸς
1713 3878 1787 3932 ὢν

187 3973 360 4037 αὐτὸς
406 3974 435 4025 ὁ
465 3974 799 4043 ἐπιτιμήσας
837 3973 901 4042 τῇ
946 3971 1182 4044 Ἐρυθρᾷ
1208 3972 1450 4044 θαλάσσῃ
1480 3972 1572 4025 καὶ
1602 3972 1791 4045 ξηραί-

186 4084 298 4120 νων
331 4063 528 4136 αὐτὴν,
559 4064 634 4127 ὡς
666 4062 1003 4133 διοδεύσιμον
1036 4064 1207 4135 αὐτὴν
1235 4064 1506 4132 γενέσθαι,
1547 4064 1645 4134 τὴν
1685 4063 1789 4117 πά-

187 4157 280 4211 λαι
310 4155 590 4211 Θάλασσαν
618 4156 712 4209 καὶ
741 4154 976 4210 ἄϐυσσον
1000 4155 1089 4209 διὰ
1117 4155 1177 4208 τὸ
1202 4154 1315 4207 τῶν
1343 4154 1548 4208 ὑδάτων
1584 4155 1787 4226 πλῆθος

188 4249 341 4304 οὕτω
367 4247 731 4321 καλουμένην.

264 4342 380 4397 Kal
418 4341 615 4395 ἔσωσε
658 4340 882 4407 αὐτοὺς
931 4340 1000 4394 ἐκ
1049 4340 1247 4409 χειρὸς
1286 4337 1634 4408 μισοῦντος,
1688 4336 1788 4391 καὶ

192 4434 581 4504 ὲλυτρώσατο
603 4434 825 4500 αὐτοὺς
854 4434 920 4487 ὲκ
946 4434 1144 4504 χειρὸς
1173 4427 1410 4501 ἐχθροῦ.
1453 4429 1787 4499 Ἐκὰλυψεν

1966 3407 2130 3463 Vens.
2151 3405 2203 3461 9.
2225 3404 2295 3459 Et
2319 3405 2577 3474 increpuit
2601 3420 2749 3458 mare
2775 3402 3034 3470 Rubrum,
3066 3413 3117 3458 et
3144 3405 3472 3461 exsiccatum

1888 3512 1988 3569 est,
2020 3510 2067 3556 et
2095 3498 2314 3555 deduxit
2339 3515 2426 3553 eos
2447 3501 2499 3551 in
2553 3497 2743 3569 abysso
2801 3502 2939 3553 sicut
2992 3498 3049 3552 in
3090 3497 3326 3573 deserto.
3363 3499 3471 3566 Qui

1888 3592 2163 3661 increpuit
2192 3605 2340 3644 mare
2374 3588 2646 3654 Rubrum,
2685 3589 2752 3643 ab
2786 3588 3044 3645 omnibus
3077 3588 3222 3644 Deus
3249 3590 3469 3647 habitus

1889 3693 1943 3741 ct
1966 3685 2273 3739 declaratus
2326 3690 2431 3738 est.
2470 3680 2609 3735 Cum
2667 3696 2800 3753 ergo
2846 3681 3008 3738 Jesus
3068 3682 3274 3754 agitato
3329 3684 3468 3738 mari

1889 3775 2144 3846 imperat,
2188 3774 2328 3845 apud
2352 3788 2543 3829 omnes
2570 3773 2626 3826 in
2678 3771 2932 3828 confesso
2964 3771 3065 3828 fuit
3109 3773 3290 3844 ipsum
3343 3790 3468 3831 esse

1888 3865 2082 3931 Deum,
2118 3873 2178 3920 ut
2226 3881 2293 3921 ex
2333 3872 2658 3935 tempestate
2692 3872 2745 3918 et
2802 3865 3065 3935 procella,
3095 3865 3468 3934 tranquillitas

1889 3959 2202 4015 exsisteret.
2262 3957 2412 4012 Idem
2453 3955 2656 4027 quippe
2706 3955 2850 4011 Deus
2894 3963 2979 4011 est
3037 3957 3129 4027 qui
3164 3958 3469 4027 increpavit

1888 4066 2041 4107 mare
2072 4050 2321 4106 Rubrum
2346 4060 2399 4106 et
2423 4050 2722 4106 exsiccavit
2750 4049 2905 4111 illud,
2940 4049 3015 4103 ita
3043 4058 3104 4103 ut
3141 4051 3467 4120 pertransiri

1888 4154 2076 4216 posset
2108 4144 2183 4208 id,
2246 4143 2391 4212 quod
2438 4143 2569 4197 olim
2616 4143 2687 4199 ob
2732 4141 3138 4198 multitudinem
3202 4157 3467 4214 aquarum

1888 4251 2040 4291 mare
2067 4245 2120 4290 et
2144 4235 2377 4306 abyssus
2397 4234 2717 4290 vocabatur.

1963 4327 2123 4384 Vsus.
2163 4328 2251 4392 10,
2279 4327 2366 4383 Η.
2402 4325 2473 4380 Et
2494 4329 2718 4381 saluauit
2748 4344 2836 4381 eos
2856 4325 2921 4381 de
2942 4342 3107 4381 manu
3142 4325 3389 4391 odientis,
3417 4338 3467 4382 et

1886 4423 2106 4478 redemit
2126 4439 2213 4476 eos
2240 4422 2304 4476 de
2330 4437 2492 4474 manu
2526 4421 2747 4475 inimici.
2778 4420 2999 4489 Operuit
3033 4438 3175 4491 aqua
3203 4421 3469 4475 tribulan-

194 4525 357 4594 ὕδωρ
390 4524 535 4590 τοὺς
581 4526 896 4591 θλίϐοντας
939 4522 1181 4589 αὐτοὺς,
1227 4516 1315 4588 εἷς
1346 4522 1415 4586 ἐξ
1442 4518 1640 4575 αὐτῶν
1672 4523 1785 4592 οὐχ

1899 4524 1962 4570 tes
1990 4532 2099 4581 eos,
2127 4531 2263 4570 unus
2293 4528 2359 4568 ea:
2393 4514 2467 4567 eis
2498 4530 2602 4567 non
2632 4514 2906 4567 remansit.
2931 4513 3149 4578 Quaerat
3169 4512 3465 4583 quispiam,

194 4619 554 4688 ὑπελείφθη.
596 4618 815 4689 Ζητήσῃ
848 4635 931 4681 τις
976 4616 1041 4670 ἂν
1073 4617 1197 4689 περὶ
1225 4615 1333 4669 τῶν
1360 4614 1663 4686 ὲπιμίκτων
1691 4614 1787 4667 Αί-

1899 4607 1955 4662 de
1979 4605 2309 4677 promiscuis
2362 4602 2639 4677 Egyptiis
2667 4604 2763 4674 qui
2810 4618 2962 4658 mare
3018 4603 3376 4667 transierunt,
3412 4609 3467 4656 et

196 4709 470 4777 γυπτίων,
497 4707 604 4761 τῶν
631 4706 946 4760 διελθόντων
977 4708 1073 4780 τὴν
1106 4708 1399 4770 θάλασσαν,
1449 4707 1541 4759 καὶ
1575 4706 1655 4769 είς
1685 4704 1784 4777 τήν

1899 4715 1998 4755 una
2028 4715 2153 4754 cum
2184 4699 2386 4770 populo
2424 4699 2481 4752 in
2527 4696 2746 4755 deserto
2802 4695 3185 4751 versabantur.
3224 4694 3325 4749 Cui
3373 4710 3465 4750 re-

199 4798 407 4870 ³ρημον
432 4799 546 4867 ἅμα
569 4796 647 4869 τῷ
674 4795 787 4867 λαῷ
811 4797 1138 4866 γενομένων.
1169 4797 1310 4868 Πρὸς
1335 4796 1392 4849 ὃν
1417 4797 1669 4869 ἐροῦμεν,
1699 4797 1782 4849 ὅτι

1899 4792 2308 4863 spondebimus,
2339 4805 2436 4846 eos
2478 4804 2589 4844 non
2649 4804 2715 4843 ex
2757 4802 2990 4842 numero
3040 4787 3465 4859 Opprimentium

204 4890 279 4961 μὴ
307 4889 417 4943 τῶν
452 4887 740 4942 θλιϐόντων
775 4881 915 4956 ἦσαν
962 4886 1053 4939 τὸν
1100 4887 1333 4958 Ἰσραήλ.
1391 4887 1527 4958 Περὶ
1573 4887 1630 4940 δὲ
1675 4886 1784 4940 τῶν

1899 4885 2146 4941 lsraelem
2200 4883 2390 4940 fuisse.
2426 4882 2502 4938 De
2553 4881 2943 4937 tribulantibus
3018 4889 3198 4936 autem
3257 4880 3467 4935 dictum

202 4980 491 5035 θλιϐόντων
518 4980 704 5052 εἴρητο
725 4978 806 5044 τὸ,
838 4972 942 5043 Εἷς
968 4976 1036 5043 ἐξ
1063 4977 1262 5031 αὐτῶν
1291 4981 1403 5047 οὐχ
1428 4980 1782 5048 ὑπελείφθη.

1899 4986 1977 5033 est
2007 4994 2020 5030 :
2059 4974 2206 5031 Unus
2233 4992 2298 5031 ea:
2325 4977 2400 5031 eis
2435 4992 2538 5031 non
2590 4976 2866 5030 remansit.
2931 4974 3288 5030 Promiscuus
3336 4990 3467 5029 vero

215 5075 273 5130 Ὀ
294 5078 350 5130 δὲ
379 5078 669 5148 ὲπίμικτος
698 5076 825 5140 λαὸς
855 5074 1151 5145 Αἰγύπτιος
1182 5074 1281 5145 μὲν
1305 5069 1396 5145 ἦν,
1429 5073 1701 5129 πιστεύων
1726 5074 1786 5129 δὲ

1899 5067 2150 5139 populus,
2173 5065 2466 5138 Egyptius
2492 5064 2714 5135 quidem
2767 5073 2907 5132 erat,
2937 5063 3033 5119 sed
3083 5076 3211 5117 cum
3261 5060 3467 5133 Moysis

203 5172 322 5235 ταῖς
347 5170 626 5234 Μωῦσέως
666 5172 889 5239 φωναῖς,
921 5166 1190 5239 σωτηρίας
1221 5166 1429 5237 ἔτυχεν.

1899 5160 2117 5215 vocibus
2142 5159 2412 5223 crederet,
2449 5158 2679 5213 salutem
2717 5163 2802 5211 est
2825 5162 3179 5211 consecutus.

277 5264 385 5317 Kal
413 5262 788 5316 ἐπίστευσαν
812 5260 892 5327 τῷ
920 5263 1080 5331 λόγῳ
1110 5259 1320 5321 αὐτοῦ,
1352 5259 1449 5311 καὶ
1477 5253 1640 5331 ᾖσαν
1671 5258 1788 5331 τὴν

206 5355 440 5409 αῖνεσιν
481 5352 688 5410 αὑτοῦ.
749 5354 1096 5425 Ἐτάχυναν,
1133 5351 1516 5407 ’ἐπελάθοντο
1545 5350 1663 5406 τῶν
1690 5351 1789 5421 ἕρδ

1899 5354 2068 5400 verunt
2120 5342 2330 5398 laudem
2377 5341 2513 5412 ejus.
2538 5339 2656 5396 Cito
2704 5340 2959 5409 fecerunt,
2992 5337 3144 5391 obliti
3182 5345 3304 5389 sunt
3345 5350 3465 5404 ope-

209 5464 320 5515 γων
363 5446 570 5513 αὐτοῦ,
615 5449 728 5517 οὐχ
778 5446 1106 5516 ὑπέμειναν
1142 5446 1257 5515 τὴν
1293 5442 1539 5513 ,ϐουλὴν
1573 5444 1782 5499 αὐτοῦ.

1899 5456 2005 5491 rum
2036 5437 2173 5507 ejus,
2231 5452 2336 5491 non
2382 5435 2748 5489 sustinuerunt
2805 5430 3084 5486 consilium
3141 5429 3280 5498 ejus.
3323 5426 3463 5481 Cum

211 5538 312 5591 Σὺν
334 5540 409 5612 τῷ
434 5542 641 5612 Μωῦσῇ
666 5540 760 5594 καὶ
794 5538 1004 5612 Ἀαρὼν
1031 5538 1128 5611 τὴν
1147 5539 1290 5611 ᾠδὴν
1318 5538 1417 5610 τήν
1440 5538 1500 5590 ὲν
1523 5539 1590 5608 τῇ
1618 5536 1782 5607 ἐξόδῳ

1899 5531 2075 5602 Moyse
2120 5538 2173 5585 et
2201 5529 2381 5584 Aaron
2407 5529 2460 5583 in
2483 5528 2630 5584 exitu
2659 5526 2936 5581 canticum
2987 5521 3338 5585 cecinerunt;
3367 5519 3463 5573 sed

212 5633 519 5702 παραυτίκα
534 5634 631 5687 καὶ
642 5633 984 5705 παραχρῆμα
1008 5632 1178 5703 μεταϐ
1185 5630 1313 5685 αλλό
1318 5647 1468 5702 μενοι
1492 5629 1778 5700 ὲτάχυναν,

1899 5623 2296 5695 quamprimum
2322 5631 2376 5679 et
2426 5622 2610 5680 statim
2637 5618 2927 5687 immutati,
2968 5615 3125 5672 obliti
3168 5622 3297 5671 sunt
3333 5626 3469 5683 ope-

213 5722 529 5780 ἒπελὰθοντο
558 5726 664 5780 τῶν
687 5726 862 5797 ἔργων
888 5724 1073 5778 αὐτοῦ.

1899 5733 2008 5772 rum
2040 5716 2182 5786 ejus.

280 5842 323 5874 "
360 5841 521 5901 Num.
552 5860 664 5911 xw,
699 5844 749 5897 ὖ.
826 5844 867 5877 τ’
911 5842 1082 5899 Exod.
1122 5858 1232 5909 xiv,
1270 5842 1356 5909 ll,
1396 5842 1483 5898 Η.
1557 5841 1604 5873 τ’
1644 5836 1789 5894 Psal.

1903 5852 1961 5892 lu
1985 5876 2000 5907 ,
2038 5836 2126 5890 10.

1958 5250 2128 5308 Vsus.
2173 5251 2261 5316 η,
2291 5251 2378 5306 15.
2405 5247 2473 5303 Et
2506 5248 2839 5303 crediderunt
2868 5248 3022 5301 verbo
3042 5246 3179 5314 ejus,
3204 5252 3254 5298 et
3279 5251 3467 5297 canta-
3562 5250 3563 5253 ‘
