3964 6524
605 303 746 362 1315

1309 303 1573 360 EUSEBII
1606 295 2083 360 CAESARIENSlS
2107 297 2260 355 opp.
2297 279 2478 355 rans
2515 293 2604 355 Ill.
2633 330 2703 341 —
2732 296 3141 354 exsomnes.

3635 314 3730 375 nu

678 420 845 478 Vens.
890 421 1078 477 M48.
1117 421 1182 474 Et
1216 424 1593 491 concupierunt
1619 421 2093 490 concupiscentiam
2123 419 2169 472 in

2251 474 2253 482 ,
2349 419 2460 474 Kal
2506 420 2894 490 ἐπεθύμησαν
2939 419 3255 488 ἐπιθυμίαν
3290 419 3355 474 ἐν
3379 421 3445 490 τῇ
3471 423 3640 496 ἐρήμῳ,
3671 438 3736 489 και

606 519 838 579 deserto,
867 525 916 568 et
944 523 1273 568 tentaverunt
1327 514 1497 568 Deum
1530 515 1583 568 in
1625 514 1898 582 inaquoso.
1937 509 2002 564 Et
2036 511 2179 565 dedit

606 608 683 662 eis
711 607 1017 678 petitionem
1049 607 1373 675 ipsorum,et
1413 607 1560 660 misit
1605 605 1942 660 saturitatem
1976 605 2032 657 in
2069 608 2180 656 ani-

608 717 724 754 mas
751 715 954 754 eorum.
988 696 1058 751 Et
1096 699 1437 752 irritaverant
1486 696 1708 768 Moysen
1749 699 1805 751 in
1840 697 2055 762 castris,
2077 696 2180 748 Aa-

607 808 726 856 ron,
751 800 992 845 sanctum
1025 778 1514 856 Domini.iQuando
1548 798 1897 845 tentaverunt
1918 788 2086 844 Deum
2124 789 2177 842 in

606 884 897 954 inaquoso,
919 883 1025 938 etsi
1074 882 1466 937 tentationibus
1525 881 1616 936 ille
1661 897 1771 935 non
1821 888 2024 950 (pateat.
2052 894 2178 935 cum

606 975 936 1045 injuriarum
965 975 1252 1028 immemor
1281 974 1372 1036 sit,
1410 987 1520 1026 non
1553 973 1701 1026 ultus
1750 987 1867 1035 eos,
1905 970 2054 1026 dedit.
2097 971 2177 1024 eis

603 1066 920 1138 petitionem
957 1065 1222 1135 ipsorum.
1247 1064 1388 1130 Quin
1430 1065 1594 1118 etiam
1633 1078 1758 1118 cum
1785 1063 2178 1118 esacerbarent

603 1173 728 1214 eum
761 1157 1120 1213 ascendentes
1166 1156 1222 1210 in
1273 1171 1423 1210 mare
1471 1154 1740 1219 Rubrum,
1771 1163 1903 1208 tunc
1937 1155 2177 1209 ostendit

601 1250 684 1306 eis
716 1248 1011 1313 potentiam
1045 1261 1200 1300 suam
1237 1263 1250 1298 :
1280 1261 1404 1300 cum
1429 1252 1612 1300 autem
1643 1245 1996 1299 irritaverant
2028 1243 2178 1314 Moy-

603 1357 701 1398 sen
729 1349 783 1396 et
812 1340 995 1394 Aaron
1031 1341 1088 1394 in
1141 1340 1360 1403 castris,
1385 1347 1519 1392 tunc
1572 1345 1761 1408 aperta
1818 1344 1902 1391 est
1930 1345 2096 1400 terra,
2122 1343 2176 1389 et

601 1434 887 1505 deglutivit
915 1448 1011 1488 eos
1046 1452 1060 1487 :
1092 1448 1203 1488 non
1225 1431 1509 1502 Oportebat
1532 1430 1678 1486 enim
1711 1428 1948 1483 famulos
2001 1428 2174 1498 ipsius

601 1526 901 1582 contemni.
938 1523 1045 1580 Sed
1104 1525 1235 1594 quia
1291 1523 1508 1578 bonitas
1557 1529 1611 1576 et
1687 1520 1952 1575 severitas
2008 1535 2174 1589 penes

601 1617 757 1671 illum
785 1622 944 1681 sunt,
976 1615 1153 1684 primo
1178 1613 1568 1684 benignitatem
1595 1613 1841 1667 exhibuit
1868 1611 1977 1667 illis
2000 1629 2014 1678 ;
2049 1628 2173 1666 cum

600 1716 786 1763 autem
831 1707 967 1761 nihil
1023 1706 1310 1777 prodesset
1364 1705 1463 1769 eis,
1493 1713 1895 1774 consequenter
1923 1703 2171 1758 ultricem

2282 512 2611 581 ἐπείρασαν
2652 512 2760 566 τὸν
2800 511 2950 566 Θεὸν
2989 513 3060 566 ὲν
3087 511 3334 581 ἀνύδρῳ.
3366 515 3464 567 Kal
3489 517 3659 575 ἔδωκεν
3676 531 3742 580 αἱ.

2283 606 2408 672 τοῖς
2442 606 2509 660 τὸ
2555 607 2775 675 αἴτημα
2813 605 3031 670 αὐτῶν,
3069 605 3442 670 ἐξαπέστειλε
3472 615 3741 685 πλησμονὴν

2282 700 2370 765 εἰς
2394 697 2501 764 τὰς
2529 697 2732 767 ψυχὰς
2764 697 2981 752 αὐτῶν.
3014 699 3124 752 Kal
3154 699 3492 767 παρώξυναν
3518 702 3604 756 τὸν
3631 705 3743 763 Ηωῖμ

2282 788 2409 858 σῆν
2455 789 2524 842 ὲν
2573 787 2649 856 τῇ
2699 787 3064 858 παρεμϐολῇ,
3116 789 3222 843 τὸν
3276 789 3490 859 Ἀαρὼν,
3519 794 3605 847 τὸν
3630 796 3744 867 ἅγιον

2283 881 2526 949 Κυρίου.
2558 882 2686 934 Ὅτε
2739 880 2838 952 μὲν
2881 881 2972 934 τὸν
3007 881 3138 935 Θεὸν
3181 881 3460 953 ἐπείρασαν
3496 884 3544 937 ἐν
3580 887 3744 959 ἀνύδρῳ,

2282 972 2631 1043 ἀπείραστος,
2664 967 2738 1024 ὢν
2768 971 3168 1043 ἀμνησίκακος,
3210 972 3306 1025 οὐκ
3345 972 3657 1046 ἀμειψάμενος
3686 981 3747 1032 αὖ.

2283 1061 2408 1124 τοὺς
2439 1060 2636 1114 ἔδωκεν
2665 1062 2848 1126 αὐτοῖς
2881 1062 2941 1116 τὸ
2974 1061 3183 1133 αἴτημα
3206 1062 3398 1116 αὐτῶν.
3444 1065 3579 1117 Ἀλλὰ
3602 1068 3673 1118 καὶ
3690 1070 3747 1121 ὅτε

2283 1155 2702 1226 παρεπίκραναν
2734 1154 3113 1219 ἀναϐαίνοντες
3140 1157 3198 1208 ὲν
3226 1159 3290 1227 τῇ
3326 1157 3535 1228 Ἐρυθρᾷ
3558 1157 3746 1233 θαλάσσῃ,

2282 1247 2378 1302 καὶ
2402 1246 2523 1301 τότε
2557 1247 2852 1319 ἐγνώρισεν
2875 1247 3060 1311 αὐτοῖς
3084 1249 3184 1320 τὴν
3203 1248 3500 1301 δυναστείαν
3527 1250 3669 1303 αὑτοῦ·
3692 1253 3748 1303 ὅτε

2280 1338 2339 1392 δὲ
2369 1340 2726 1412 παρώργισαν
2753 1342 2844 1394 τὸν
2871 1339 3109 1412 Μωῦσῆν
3153 1339 3246 1394 καὶ
3287 1340 3376 1394 τὸν
3423 1341 3601 1411 Ἀαρὼν
3638 1344 3679 1396 ἐν
3707 1346 3748 1416 τῇ

2281 1431 2621 1502 παρεμϐολῇ,
2669 1431 2730 1484 τὸ
2773 1432 3076 1502 τηνικαῦτα
3123 1430 3345 1503 ἠνοίχθη
3376 1433 3407 1502 ἡ
3440 1435 3522 1504 γῆ,
3548 1434 3750 1488 καὶκατέ-

2282 1541 2403 1577 πιεν
2431 1522 2646 1588 αὐτούς·
2679 1523 2779 1578 οὐκ
2807 1524 2914 1578 ἔδει
2953 1525 3060 1597 γὰρ
3106 1525 3560 1597 καταφρονηθῆναι
3585 1527 3676 1590 τοὺς
3701 1526 3751 1580 θε-

2283 1616 2576 1689 ράποντας.
2633 1615 2794 1669 Ἀλλὰ
2845 1617 2938 1670 καὶ
2983 1617 3214 1688 ἐπείπερ
3254 1618 3539 1689 χρηστότης
3576 1617 3663 1670 ἐστὶ
3693 1620 3750 1670 καὶ

2281 1706 2551 1777 ἀποτομία
2583 1707 2707 1778 παρ’
2732 1707 2900 1777 αὐτῷ,
2936 1706 3128 1778 πρῶτα
3159 1707 3226 1760 τὰ
3253 1707 3350 1777 τῆς
3380 1709 3681 1778 χρηστότητπ
3698 1707 3750 1758 1'}—

601 1799 866 1854 medelam
911 1798 1047 1869 ipsis
1095 1796 1346 1861 adhibet;
1382 1811 1550 1865 quare
1598 1795 1786 1850 subdit
1815 1813 1830 1849 :
1859 1794 2061 1863 Aperta
2093 1801 2169 1848 est

2273 1803 2386 1863 τοῖς
2411 1799 2736 1872 παρέσχετο·
2769 1799 2844 1863 ὡς
2877 1799 2934 1852 δὲ
2962 1800 3063 1852 οὐκ
3092 1797 3299 1853 ὤναντο
3320 1799 3385 1852 δι’
3413 1801 3579 1870 αὐτῆς,
3607 1799 3750 1852 ἀχώ.ιὺ-

602 1901 766 1954 terra,
814 1899 864 1945 et
897 1889 1173 1958 deglutivit
1222 1886 1460 1954 Datltan,
1483 1895 1533 1940 et
1582 1886 1785 1954 operuit
1832 1901 1988 1955 super
2019 1894 2176 1954 caput

601 1983 823 2037 Abiron.
872 1979 939 2034 Et
963 1981 1163 2034 exarsit
1193 1979 1329 2050 ignis
1357 1980 1410 2032 in
1433 1995 1697 2048 synagoga
1720 1995 1922 2046 eorum,
1954 1979 2177 2047 ﬂamma

599 2072 887 2127 combussit
937 2081 1258 2140 peccatores.
1310 2068 1536 2141 Moysen
1585 2071 1768 2139 itaque
1821 2068 2177 2123 irritaverunt

600 2165 812 2218 Dathan
837 2172 889 2218 et
917 2161 1125 2217 Abiron
1144 2161 1392 2218 dicentes
1434 2181 1447 2217 :
1491 2160 1638 2214 Num
1672 2159 1850 2231 Moysi
1881 2159 1982 2214 soli
2026 2159 2177 2214 locu-

601 2266 684 2310 tus
715 2265 794 2310 est
829 2255 989 2321 Deus,
1033 2271 1202 2308 nonne
1239 2255 1400 2309 etiam
1443 2253 1696 2308 nobis“?
1731 2255 2004 2307 Aaronem
2048 2268 2178 2307 vero

597 2349 740 2405 Core
771 2355 827 2403 et
853 2357 1030 2403 coetus
1083 2347 1251 2414 illius,
1298 2347 1482 2417 ignem
1525 2346 1790 2411 alienum,
1818 2353 1874 2401 et
1907 2345 2177 2400 sacriﬁcia

598 2441 710 2496 Deo
736 2442 859 2495 loco
890 2439 1238 2495 sacerdotum
1258 2437 1455 2493 olIerre
1479 2438 1620 2501 ausi,
1664 2437 2038 2490 irritaverant.
2069 2434 2176 2489 Sed

597 2546 694 2587 eos
719 2532 810 2601 qui
834 2538 1026 2596 contra
1053 2528 1276 2600 Moysen
1301 2528 1470 2583 locuti
1501 2526 1740 2590 fuerant,
1773 2526 1983 2580 Dathan
2023 2525 2175 2580 scili-

598 2632 688 2679 cet
712 2638 837 2678 cum
871 2631 990 2676 toto
1023 2636 1221 2692 genere
1249 2635 1350 2674 suo
1382 2619 1569 2684 hians,
1595 2626 1742 2674 terra
1785 2619 2088 2689 deglutivit,
2122 2626 2176 2673 et

599 2715 817 2787 operuit
874 2729 1040 2784 super
1087 2711 1569 2783 congregationem
1610 2710 1850 2776 Abiron;
1885 2709 2026 2766 Core
2074 2725 2171 2764 au-

526 2863 536 2873 ,
596 2817 706 2864 tem
737 2815 792 2863 et
813 2823 910 2863 eos
937 2806 1029 2877 qui
1063 2820 1189 2873 cum
1222 2805 1316 2859 illo
1345 2805 1569 2859 incensa
1601 2818 1698 2859 sua
1723 2803 1961 2858 oblaturi
1990 2813 2167 2871 erant,

592 2899 811 2952 ﬂamma
841 2898 908 2952 de
939 2895 1293 2951 tabernaculo
1325 2893 1583 2965 prodiens
1603 2894 1926 2948 combussit.
2103 2894 2116 2900 ’

2281 1891 2388 1956 θως
2422 1891 2742 1963 καταλλήλῳ
2791 1891 3114 1962 μετέρχεται
3153 1892 3349 1954 αὐτοὺς
3389 1891 3627 1961 φαρμάκῳ
3653 1889 3750 1943 κολα-

2283 1984 2506 2056 στηρίῳ⁸
2558 1984 2832 2052 Ἠνοίχθη
2868 1983 2906 2051 ἡ
2941 1982 3042 2052 γῆ,
3078 1983 3174 2037 καὶ
3213 1983 3451 2036 κατέπιε
3489 1984 3661 2046 Δαθὰν,
3690 1981 3751 2034 zal

2280 2075 2592 2143 ἐκάλυψεν
2629 2073 2728 2128 ἐπὶ
2774 2073 2890 2142 τὴν
2957 2073 3236 2144 κεφαλὴν
3288 2072 3551 2140 Ἀϐειρὼν.
3585 2073 3665 2124 Καὶ
3691 2070 3750 2133 ἐξ-

2286 2169 2512 2235 εκαύθη
2540 2165 2658 2234 πῦρ
2690 2167 2759 2220 ἑν
2794 2164 2868 2234 τῇ
2907 2164 3227 2234 συναγωγῇ
3248 2163 3462 2226 αὐτῶν,
3489 2162 3617 2230 φλὸξ
3647 2158 3752 2214 κατέ·

2282 2259 2508 2328 φλεξεν
2535 2259 2941 2328 ἁμαρτωλούς.
2978 2259 3218 2328 Μωῦσῆν
3253 2257 3352 2328 μὲν
3380 2253 3466 2309 οὖν
3495 2254 3751 2325 παρὼργιπν

2282 2353 2333 2405 οἱ
2364 2351 2491 2418 περὶ
2527 2351 2703 2404 Δαθὰν
2748 2351 2844 2405 καὶ
2896 2350 3153 2422 Ἀϐειρὼν
3184 2351 3445 2413 εἰπόντες·
3475 2348 3560 2417 Μὴ
3595 2346 3754 2401 Mai-rei

2273 2440 2440 2509 μόνῳ
2476 2438 2820 2510 λελάληκεν
2861 2443 2894 2494 ὁ
2936 2441 3102 2507 Θεὸς,
3149 2440 3290 2510 οὐχὶ
3342 2440 3436 2493 καὶ
3467 2437 3750 2508 τῇμῖνμτὸνίὲ

2291 2529 2499 2604 Ἀαρὼν
2529 2533 2674 2604 Κορὲ
2708 2533 2802 2587 καὶ
2828 2535 2860 2603 ἡ
2905 2533 3196 2605 συναγωγὴ
3236 2531 3403 2586 αὑτοῦ
3431 2531 3532 2602 πῦρ
3563 2530 3751 2599 anier

2278 2628 2669 2695 προσαγαγεῖν,
2700 2626 2793 2678 καὶ
2820 2625 3011 2690 θυσίας
3036 2625 3113 2696 τῷ
3138 2625 3260 2696 Θεῷ
3281 2628 3340 2679 ὲν
3365 2624 3508 2697 χώρᾳ
3527 2623 3614 2676 τῶν
3631 2621 3752 2690 ἱερέαν

2277 2714 2663 2786 τολμήσαντες,
2699 2715 3078 2788 παρὼργισαν·
3098 2716 3234 2770 ἀλλὰ
3266 2717 3392 2781 τοὺς
3433 2717 3522 2787 μὲν
3548 2711 3754 2781 iterumi-

2281 2823 2481 2870 σαντας
2505 2808 2599 2862 τοῦ
2624 2808 2921 2874 Μωῦσέως,
2948 2809 3038 2863 τὸν
3057 2809 3234 2862 Δαθὰν
3266 2809 3518 2878 παγγενεῖ
3539 2805 3754 2875 ἀνοιχθεῐςιι

2277 2899 2310 2968 ἡ
2343 2899 2412 2970 γῆ
2436 2899 2684 2965 κατέπιε,
2708 2901 2802 2953 καὶ
2821 2900 3087 2970 ἐκάλυψεν
3112 2903 3204 2954 ὲπὶ
3228 2902 3330 2973 τὴν
3349 2900 3630 2969 συναγωγὴν
3649 2894 3753 2948 Ἀϐει-

595 2993 722 3066 ρών·
761 2993 852 3046 τὸν
907 2992 963 3045 δὲ
1007 2991 1152 3061 Κορὲ
1203 2989 1296 3044 καὶ
1347 2990 1472 3052 τοὺς
1500 2988 1596 3041 σὺν
1619 2986 1767 3058 αὐτῴ
1792 2987 2087 3058 μέλλοντας
2118 2993 2448 3064 προσφέρειν
2487 2997 2558 3048 τά
2607 2994 2944 3068 θυμιατήρια
2985 2993 3164 3049 αυτῶν
3211 2996 3350 3066 φλὸξ
3386 2996 3486 3050 ἀπὸ
3511 2995 3594 3066 τῆς
3615 2988 3751 3060 σκηνῆς

595 3090 935 3166 προελθοῦσα
971 3087 1321 3156 κατέφλεξεν.

664 3183 834 3238 Vsus.
871 3183 1051 3238 19-51.
1101 3181 1169 3235 Et
1209 3181 1445 3250 fecerunt
1500 3179 1725 3234 vitulum
1771 3180 1828 3234 in
1875 3178 2166 3244 Chareb,et

2338 3179 2448 3234 Kal
2477 3179 2777 3248 ἐποίησαν
2803 3180 3042 3249 μόσχον
3065 3180 3136 3233 ἑν
3158 3179 3388 3248 Χωρὴϐ,
3424 3178 3516 3233 καὶ
3539 3177 3751 3246 προσετέ-

593 3279 950 3334 adoraverunt
994 3273 1258 3343 sculptile,
1284 3281 1334 3326 et
1376 3281 1713 3325 mutaverunt
1745 3271 1974 3341 gloriam
2015 3287 2171 3325 suam

593 3374 650 3426 in
700 3367 1104 3424 similitudinem
1138 3366 1290 3419 vituli
1354 3363 1674 3418 comedentis
1744 3363 1942 3432 fenum.
2005 3362 2172 3420 Obliti

593 3469 718 3516 sunt
772 3459 938 3513 Deum
978 3459 1069 3528 qui
1138 3455 1361 3511 saluauit
1415 3472 1524 3519 eos,
1560 3455 1651 3526 qui
1684 3455 1810 3524 fecit
1860 3473 2052 3524 magna
2113 3456 2169 3508 in

593 3552 850 3623 zEgypto,
876 3550 1147 3604 mirabilia
1174 3551 1231 3604 in
1261 3560 1403 3620 terra
1430 3547 1618 3614 Cham,
1647 3548 1910 3602 terribilia
1938 3549 1992 3602 in
2032 3549 2170 3601 mari

592 3644 793 3700 Rubro.
836 3642 906 3697 Et
925 3643 1064 3698 dixit
1107 3653 1164 3696 ut
1201 3641 1524 3711 disperderet
1561 3658 1670 3706 eos,
1703 3643 1807 3694 nisi
1842 3639 2055 3712 Moyses
2073 3641 2171 3696 ele-

592 3747 710 3790 ctus
733 3737 850 3806 ejus
876 3737 1126 3797 stetisset,
1160 3735 1215 3787 in
1240 3733 1600 3803 confractione
1632 3734 1686 3786 in
1727 3744 2002 3801 conspectu
2025 3733 2161 3802 ejus,

595 3838 655 3882 ut
681 3837 932 3884 averteret
949 3829 1089 3882 iram
1111 3828 1223 3898 ejus
1242 3844 1305 3881 ne
1321 3826 1640 3896 disperderet
1669 3843 1779 3892 eos,
1806 3835 1854 3879 et
1877 3842 1971 3894 pro
2003 3826 2166 3879 nihilo

599 3921 896 3976 habuerunt
945 3928 1140 3974 terram
1187 3917 1612 3973 desiderabilem.
1665 3917 1787 3970 Non
1832 3917 2166 3971 crediderunt

593 4012 746 4067 verbo
774 4012 913 4081 ejus,
944 4019 995 4065 et
1031 4019 1492 4064 murmuraverunt
1541 4010 1595 4063 in
1629 4008 1983 4062 tabernaculis
2028 4008 2164 4073 suis,

593 4123 700 4161 non
733 4104 1086 4160 exaudierunt
1115 4119 1288 4157 vocem
1332 4102 1568 4157 Domini.
1604 4101 1671 4154 Et
1706 4101 1922 4155 elevavit
1951 4116 2166 4154 manum

593 4215 744 4253 suam
780 4212 938 4266 super
964 4213 1072 4259 eos,
1100 4204 1158 4248 ut
1183 4204 1531 4264 prosterneret
1561 4211 1649 4248 eos
1693 4196 1746 4248 in
1775 4193 1999 4257 deserto,
2030 4203 2078 4247 et
2109 4203 2165 4246 ut

590 4290 838 4360 dejiceret
863 4304 1037 4342 semen
1061 4303 1239 4341 eorum
1291 4286 1346 4340 in
1390 4284 1715 4352 nationibus,
1749 4293 1808 4337 et.
1848 4284 2165 4354 dispergeret

589 4399 678 4438 eos
708 4383 762 4436 in
815 4379 1138 4451 regionibus.
1197 4377 1267 4432 Et
1321 4377 1521 4431 initiati
1579 4387 1699 4430 sunt
1739 4375 2075 4446 Beelphegor,
2115 4385 2164 4429 et

589 4475 922 4531 comederunt
968 4473 1239 4542 sacriﬁcia
1290 4478 1643 4525 mortuorum.
1699 4467 1767 4523 Et
1818 4470 2164 4523 irritaverant

2277 3291 2476 3340 νησαν
2501 3274 2582 3340 τῷ
2605 3273 2870 3344 γλυπτῷ,
2895 3275 2992 3327 καὶ
3019 3273 3368 3341 ἠλλάξαντο
3395 3273 3500 3340 τὴν
3521 3271 3668 3336 δόξαν
3687 3270 3750 3323 av-

2276 3365 2380 3419 τοῦ
2401 3366 2471 3418 ἐν
2490 3365 2805 3436 ὁμοιώματι
2823 3367 3062 3435 μόσχου
3086 3367 3399 3432 ἐσθίοντος
3423 3367 3626 3436 χόρτον.
3658 3365 3752 3415 Ἔτι·

2275 3458 2529 3513 λάθοντο
2581 3457 2686 3512 τοῦ
2743 3461 2890 3514 Θεοῦ
2948 3459 3055 3512 τοῦ
3112 3457 3406 3528 σώζοντος
3452 3458 3651 3524 αὐτοὺς,
3686 3452 3752 3508 τοῦ

2277 3550 2646 3618 ποιήσαντος
2667 3549 2899 3620 μεγάλα
2926 3551 2996 3603 ἐν
3025 3552 3323 3620 Αἰγύπτῳ,
3352 3549 3619 3620 θαυμάσια
3637 3548 3686 3600 ἐν
3706 3543 3751 3612 τῇ

2275 3641 2423 3710 Χὰμ,
2467 3643 2686 3711 φοϐερὰ
2730 3642 2828 3695 ἐπὶ
2870 3641 3188 3710 θαλάσσης
3233 3642 3523 3711 Ἐρυθρᾶς.
3559 3641 3642 3696 Kal
3670 3635 3751 3692 sise

2275 3734 2381 3787 τοῦ
2407 3734 2838 3803 ἐξολοθρεῦσαι
2868 3734 3111 3801 αὐτοὺς,
3141 3737 3195 3788 εὶ
3219 3733 3310 3804 μὴ
3337 3733 3574 3801 Μωϋσῆς
3597 3737 3623 3787 o'
3640 3734 3750 3785 ἐκλε-

2274 3829 2414 3895 κτὸς
2451 3827 2637 3882 αὐτοῦ
2679 3829 2828 3895 ἔστη
2871 3826 2941 3881 ἐν
2975 3826 3053 3896 τῇ
3085 3828 3334 3895 θραύσει
3361 3826 3592 3882 ἐνώπιον
3611 3821 3748 3880 αὐτοῦ,

2271 3919 2389 3974 τοῦ¹
2413 3919 2789 3988 ἀποστρέψαι
2820 3919 2928 3973 τὸν
2955 3918 3145 3988 θυμὸν
3177 3920 3366 3974 αὑτοῦ
3398 3917 3496 3973 τοῦ
3513 3917 3586 3988 μὴ
3611 3918 3749 3979 £6010-

2274 4011 2519 4082 θρεῦσαι
2551 4009 2792 4076 αὐτοὺς,
2827 4011 2923 4063 καὶ
2961 4009 3382 4074 ἐξουδένωσαν
3415 4007 3520 4080 γῆν
3546 4010 3747 4073 ἐπιθυμη-

2273 4103 2405 4169 τήν.
2441 4105 2559 4156 Οὐκ
2587 4102 2961 4155 ἐπίστευσαν
2999 4100 3080 4166 τῷ
3119 4103 3279 4171 λόγῳ
3309 4101 3506 4164 αὑτοῦ,
3534 4100 3613 4153 καὶ
3641 4096 3747 4163 ἐγίγ-

2271 4212 2470 4265 γυσαν
2486 4195 2555 4247 ἐν
2574 4193 2697 4259 τοῖς
2707 4193 3099 4262 σκηνώμασιν
3113 4194 3334 4256 αὐτῶν,
3353 4197 3459 4248 οὐκ
3469 4192 3748 4259 εἰσήκουσαν

2270 4287 2380 4355 τῆς
2407 4286 2613 4357 φωνῆς
2645 4287 2891 4355 Κυρίου.
2936 4288 3046 4339 Καὶ
3087 4286 3274 4355 ἐπῇρε
3314 4289 3426 4356 τὴν
3460 4287 3602 4356 χεῷα
3625 4277 3748 4338 αὑτοῦ

2269 4381 2362 4435 ἐπ’
2391 4378 2632 4445 αὐτοὺς,
2659 4377 2767 4432 τοῦ
2798 4377 3152 4431 καταϐαλεῖν
3177 4380 3400 4445 αὐτοὺς
3435 4379 3498 4432 ἐν
3525 4375 3588 4445 τῇ
3603 4371 3746 4442 ἐρήμῳ

2269 4474 2367 4528 καὶ
2410 4471 2516 4526 τοῦ
2565 4468 2924 4524 καταϐαλεῖν
2964 4469 3033 4523 τὸ
3079 4468 3318 4540 σπέρμα
3360 4469 3544 4524 αὐτῶν
3583 4467 3634 4522 ἐν
3673 4461 3748 4523 τοῖς

586 4585 708 4625 eum
741 4569 796 4622 in
853 4566 1311 4622 adinventionibus
1359 4566 1469 4620 suis
1502 4574 1551 4619 et
1590 4562 1948 4632 multiplicata
1994 4573 2072 4618 est
2110 4563 2165 4616 in

2264 4567 2487 4628 ἔθνεσι,
2517 4564 2615 4616 καὶ
2643 4561 3069 4631 διασκορπίσαι
3093 4564 3318 4629 αὐτοὺς
3351 4564 3419 4616 ἐν
3447 4561 3561 4626 ταῖς
3583 4558 3746 4629 χοᾌως·

587 4665 663 4717 eis
694 4663 869 4716 ruina.
910 4660 979 4713 Et
1025 4661 1170 4714 stetit
1221 4659 1448 4713 Phinees
1501 4667 1550 4711 et
1591 4659 1843 4728 placavit,
1870 4671 1918 4712 et
1945 4658 2165 4712 cessavit

588 4758 889 4828 quassatio.
920 4755 998 4808 Et
1042 4761 1345 4822 reputatum
1397 4759 1475 4805 est
1501 4751 1550 4805 ei
1575 4752 1632 4804 in
1668 4751 1965 4819 justitiam,
1993 4751 2048 4803 in
2073 4767 2164 4820 ge-

590 4852 914 4904 nerationem
936 4857 986 4902 et
1019 4845 1404 4918 generationem
1460 4859 1621 4914 usque
1672 4844 1725 4896 in
1769 4844 2161 4911 sempiternum.

594 4938 790 4992 Exstat
822 4939 876 4990 in
919 4935 1172 4990 Numeris
1200 4934 1430 4988 historia
1475 4931 1750 5002 quomodo
1779 4939 2002 5002 accepta
2035 4930 2165 4985 Phi-

590 5043 723 5084 nees
756 5028 914 5082 hasta
950 5025 1380 5091 Madianitidem,
1404 5034 1459 5081 et
1481 5025 1647 5080 simul
1697 5025 1849 5079 illum
1905 5024 1998 5095 qui
2039 5039 2162 5079 cum

587 5138 652 5178 ea
683 5137 798 5176 rem
850 5119 1110 5182 habebat,
1154 5119 1492 5174 transﬁxerit
1528 5137 1540 5173 :
1576 5132 1684 5187 quo
1731 5117 1876 5171 edito
1919 5115 2163 5171 facinore

589 5209 775 5266 statim
828 5209 909 5262 ira
945 5207 1037 5263 Dei
1064 5209 1276 5280 placata
1301 5208 1410 5264 illis
1458 5217 1562 5264 est.
1590 5207 1688 5262 llic
1718 5221 1882 5277 porro
1911 5207 2161 5260 declara-

588 5312 678 5357 tur
705 5309 972 5372 quantum
1001 5301 1142 5370 apud
1173 5299 1343 5355 Deum
1368 5300 1546 5354 valeat
1572 5301 1736 5355 unius
1780 5299 1884 5355 viri
1911 5297 2157 5369 justitia;

587 5395 663 5450 ita
697 5401 754 5448 ut
776 5395 846 5449 ob
877 5392 1096 5448 Phineas
1119 5408 1218 5463 pro
1254 5392 1364 5446 Deo
1399 5394 1575 5446 zelum
1603 5393 1682 5446 ira
1713 5392 2077 5458 frangeretur,
2106 5396 2161 5445 et

584 5487 868 5558 quassatio
886 5496 1203 5558 peccatores
1232 5485 1496 5540 invadens
1521 5493 1878 5541 averteretur.

2271 4657 2381 4714 Kal
2408 4656 2822 4724 ἑτελέσθησαν
2857 4653 2936 4719 τῷ
2963 4655 3329 4725 Βεελφεῖὼρ,
3361 4655 3454 4709 καὶ
3485 4653 3667 4722 ἔφαγον
3686 4651 3746 4699 θυ-

2271 4749 2411 4814 σίας
2440 4746 2687 4816 νεκρῶν.
2729 4746 2837 4800 Kal
2880 4745 3238 4814 παρώξυναν
3272 4746 3452 4800 αὐτὸν
3473 4745 3536 4797 ἐν
3559 4739 3652 4802 τοῖς
3669 4737 3746 4787 ἐπι

2271 4841 2643 4910 τηδεύμασιν
2680 4839 2902 4902 αὐτῶν,
2949 4838 3049 4892 καὶ.
3094 4838 3438 4906 ἐπληθύνθη
3463 4838 3526 4889 ἐν
3548 4825 3746 4892 αὐτοῖςῆ

2271 4929 2516 4994 πτῶσις.
2551 4930 2659 4983 Kal
2690 4927 2838 4994 ἔστη
2865 4925 3070 4992 Φινεὲς
3097 4927 3192 4980 καὶ
3217 4927 3543 4992 ἐξιλάσατο,
3567 4919 3644 4974 καὶ
3664 4915 3746 4969 exd-

2251 5013 2469 5076 Δπιισεν
2500 5023 2538 5090 ἡ
2565 5021 2836 5090 θραῦσις⁹
2873 5019 2972 5076 καὶ
2998 5019 3284 5090 ἐλογίσθη
3314 5019 3467 5086 αὐτῷ
3491 5020 3566 5083 εἰς
3591 5014 3745 5067 δικαιε-

2269 5115 2468 5181 σύνην
2503 5115 2590 5180 εἰς
2632 5111 2846 5184 γενεὰν
2895 5111 2993 5164 καὶ
3041 5113 3254 5181 γενεὰν
3296 5111 3405 5178 ἕως
3451 5109 3544 5164 τοῦ
3579 5103 3741 5164 αἰῶνος·

2264 5208 2455 5260 Κεῖται
2495 5207 2551 5258 ὲν
2593 5207 2704 5267 τοῖς
2746 5203 3020 5274 Ἀριθμοῖς
3062 5203 3095 5274 ἡ
3143 5204 3367 5276 ἱστορία,
3410 5204 3542 5264 ὅπως
3573 5191 3742 5250 labi-ul

2262 5297 2445 5361 Φινεὲς
2465 5296 2555 5350 τὸν
2591 5295 2952 5367 σειρομάστην
2984 5295 3222 5368 διέπειρε
3257 5297 3350 5369 τὴν
3375 5296 3648 5351 Μαδιανῖτιν
3670 5289 3741 5353 ἅμα

2264 5387 2343 5458 τῷ
2366 5389 2460 5440 σὺν
2485 5387 2621 5457 αὐτῇ
2657 5384 3066 5456 πεπορνευκὸτι,
3099 5387 3194 5439 καὶ
3224 5387 3451 5439 ἐκόπασε
3487 5373 3739 5450 παραχρῆμ2

2266 5483 2299 5553 ὴ
2325 5480 2443 5535 κατ’
2466 5479 2642 5534 αὐτῶν
2662 5479 2800 5550 ὀργὴ
2827 5480 2941 5550 ἅμα
2962 5480 3028 5551 τῇ
3053 5478 3272 5550 τοιαύτῃ
3295 5479 3494 5550 πράξει.
3517 5471 3738 5542 Παρὶστηπ

581 5557 640 5637 δὲ
678 5585 707 5636 ὁ
745 5557 920 5651 λόγοέ,
969 5582 1134 5634 πόσον
1185 5581 1356 5650 ἰσχύει
1392 5580 1542 5652 παρὰ
1569 5580 1687 5650 Θεῷ
1719 5580 1834 5643 ἑνὸς
1868 5579 2059 5651 ἀνδρὸς
2081 5578 2415 5649 δικαιοσύνη,
2441 5577 2516 5640 ὡς
2545 5575 2784 5630 κοπάσαι
2814 5577 2912 5646 τὴν
2938 5574 3126 5646 ὀργὴν,
3161 5576 3251 5628 καὶ
3274 5569 3651 5644 ἁνακρουσθῆναι
3674 5557 3739 5627 τὴν

585 5677 730 5731 κατὰ
755 5675 862 5729 τῶν
888 5675 1285 5745 ήμαρττπκότων
1324 5676 1571 5747 θραῦσιν,
1606 5675 1694 5729 διὰ
1723 5675 1813 5730 τὸν
1854 5676 2035 5740 Φινεὲς
2065 5675 2206 5747 ὑπὲρ
2237 5676 2330 5730 τοῦ
2363 5674 2496 5729 Θεοῦ
2532 5673 2710 5744 ζῆλον.

657 5794 704 5826 τ’
742 5793 904 5848 Num.
941 5809 1054 5852 xu.
1090 5792 1146 5848 2.
