3964 6528
210 395 340 454 i321
1339 387 1750 444 COMMENTAI

1875 388 1951 444 ἸΝ
1989 385 2331 447 ΡδΑῘιΜΟΒ.
3331 394 3470 449 152ὶ

208 506 534 578 συνάγεσθαι
573 508 630 562 δὲ
673 507 766 562 ἐπὶ
796 506 894 580 τὴν
936 506 1195 562 Ἰουδαίαν
1241 506 1366 578 γῆν.
1409 504 1648 560 Τοιαῦτα
1686 506 1750 575 γὰ

1855 531 1871 570 ι
1898 507 2216 576 captivitate
2248 506 2580 579 Babylonica
2611 509 2770 565 annis
2801 523 2972 580 prope
3001 507 3170 575 mille,
3203 508 3340 564 nihil
3379 508 3473 562 bu-

207 603 374 659 είσέτι
411 599 506 654 καὶ
543 600 638 654 νῦν
681 600 869 664 παῖδες
909 597 1176 653 Ἰουδαίων
1214 597 1598 666 φαντάζονται.
1646 597 1750 650 Ἀλ]

1887 601 2134 671 jusmodi
2166 601 2218 654 in
2250 601 2466 656 illorum
2491 602 2720 673 gratiam
2753 612 3036 673 peractum
3067 603 3172 671 sit;
3208 609 3382 658 restat
3412 613 3474 657 ut

207 696 324 752 ἐπεὶ
362 692 437 766 μὴ
464 692 638 747 ταῦτα
664 693 792 765 περὶ
821 691 1020 754 αὐτοὺς
1048 693 1161 754 τοῖς
1201 690 1382 762 ἔργοις
1408 689 1604 762 ὁρᾶται
1617 707 1750 760 χεγε

1881 709 2077 749 rerum
2121 694 2341 749 eventui
2392 693 2508 749 haec
2538 696 2704 750 verba
2750 695 3265 760 aceommodemus,
3310 703 3366 750 et
3404 695 3471 750 ad

205 786 431 860 νημένα,
459 784 559 856 ήδη
590 802 690 838 που
728 783 919 856 χιλίοις
948 783 1116 853 ἐγγὺς
1146 783 1290 836 ἐτεσι
1317 785 1415 854 τῆς
1443 782 1552 836 ἀπὸ
1580 783 1681 854 τῆς
1704 785 1750 836 εί

1882 785 2132 856 gentium
2167 785 2512 841 vocationem
2536 787 2878 857 prophetiam
2915 785 3259 842 reducamus.

203 882 492 938 Βαϐυλῶνα
518 882 892 954 αἰχμαλωσίας
919 881 1098 934 αὐτῶν
1126 879 1350 952 μηδενὸς
1374 879 1613 934 τοιούτου
1643 880 1771 951 περὶ
1795 879 1992 944 αὐτοὺς
2017 880 2368 952 πραχθέντος·
2411 880 2528 952 ὥρα
2559 884 2626 953 τῇ
2688 880 2796 936 τῶν
2853 881 3191 951 πραγμάτων
3253 879 3470 934 ἐκϐάσει

202 979 324 1040 τοὺς
369 976 562 1045 λόγους
602 974 982 1046 ἐφαρμόττειν,
1027 972 1122 1027 καλ⁸
1167 973 1260 1026 ἐπὶ⁹
1303 973 1402 1044 τὴν
1445 971 1556 1027 τῶν
1599 972 1769 1026 ἐθνῶν
1806 971 1997 1044 κλῆσιν
2035 973 2255 1042 ἀνάγειν
2289 973 2388 1044 τὴν
2421 973 2772 1046 προφητείαν.

280 1095 744 1166 Ἐπλανήθησαν
773 1096 843 1150 ἐν
873 1095 951 1165 τῇ
981 1094 1178 1165 ἐρήμῳ
1214 1094 1313 1149 καὶ
1350 1094 1605 1162 ἀνύδρῳ,
1637 1093 1750 1149 dab-1

1958 1092 2124 1149 Vens.
2162 1094 2213 1149 5.
2257 1093 2582 1148 Erraverunt
2612 1095 2667 1148 in
2698 1093 2986 1148 solitudine
3023 1105 3072 1147 et
3104 1095 3157 1147 in
3188 1094 3463 1163 inaquoso,

197 1193 431 1257 πόλεως
464 1191 918 1260 κατοικητηριου
948 1192 1062 1259 οὐχ
1093 1185 1298 1258 εὗρον
1335 1187 1659 1255 πεινῶντες
1682 1205 1750 1240 κα

1885 1187 2023 1240 viam
2058 1187 2286 1241 civitatis
2324 1184 2619 1240 habitaculi
2665 1201 2769 1239 non
2812 1186 3158 1238 invenerunt:
3181 1184 3465 1238 esurientes

195 1284 512 1354 διψῶντες,
559 1283 598 1352 ἠ
649 1282 820 1352 ψυχὴ
859 1281 1062 1336 αὐτῶν
1103 1281 1172 1335 ἐν
1221 1281 1426 1348 αὐτοῖς
1473 1279 1750 1345 ἐξέλιπεν

1882 1288 1934 1332 et
1968 1279 2227 1341 sitientes,
2265 1280 2445 1332 anima
2475 1293 2658 1332 eorum
2684 1281 2740 1333 in
2770 1279 2900 1349 ipsis
2934 1277 3145 1347 defecit.
3171 1275 3282 1332 Nos
3311 1275 3464 1332 scili-

205 1376 395 1448 Ἡμεῖς
419 1375 519 1446 μὲν
542 1376 592 1428 οἱ
615 1375 721 1447 πρὸ
759 1375 856 1446 τῆς
877 1372 972 1428 τοῦ
1008 1375 1258 1446 Σωτῆρος
1285 1373 1441 1445 ἡμῶν
1467 1371 1746 1426 θεοσεϐεία

1883 1365 1970 1426 eet
2007 1372 2097 1441 qui
2134 1378 2260 1426 ante
2286 1370 2528 1424 divinum
2577 1367 2886 1425 Servatoris
2916 1369 3091 1424 nostri
3136 1368 3364 1432 cultum,
3408 1366 3461 1420 in

193 1471 285 1523 καὶ
310 1471 368 1522 ἐν
390 1468 646 1539 ἀκάρπῳ,
672 1467 885 1538 ἀνύδρῳ
913 1484 973 1519 τε
994 1467 1088 1520 καὶ
1109 1466 1288 1538 ἀγὸνῳ
1315 1466 1426 1536 ζωῇ
1455 1464 1623 1518 πάλαι
1654 1466 1750 1535 πρέ

1878 1463 1989 1517 vita
2035 1461 2382 1533 infrugifera,
2423 1462 2692 1532 inaquosa
2735 1462 3019 1532 sterilique
3065 1462 3195 1516 olim
3239 1461 3458 1516 erraba-

192 1577 346 1632 τερον
380 1559 812 1631 πεπλανημένοι,
852 1559 942 1611 ὅτε
973 1552 1114 1628 ἦμεν
1147 1556 1272 1628 ἔθνη
1313 1555 1503 1624 ἄλογα,
1539 1555 1678 1627 πρὸς
1710 1572 1750 1607 τι

1876 1571 2022 1621 mus,
2055 1570 2181 1610 cum
2211 1562 2403 1628 gentes
2436 1554 2848 1632 irrationabiles
2890 1571 3160 1623 essemus,
3190 1564 3354 1623 atque
3393 1551 3458 1606 ad

189 1652 386 1707 εἴδωλα
420 1652 491 1706 τὰ
525 1653 712 1722 ἄφωνα
753 1651 1114 1722 ἀπαγόμενοι,
1147 1653 1194 1704 οἱ
1226 1649 1496 1722 μηδέποτε
1529 1648 1646 1702 ὁδὸν
1676 1648 1747 1702 πό

1876 1653 2026 1701 muta
2057 1645 2201 1701 idola
2231 1646 2630 1702 abduceremur
2657 1668 2670 1704 :
2697 1649 2790 1719 qui
2821 1661 3104 1718 nunquam
3143 1646 3290 1700 viam
3326 1643 3462 1698 civi-

189 1741 327 1806 λεως
352 1741 774 1813 κατοικητηρίου
799 1740 1070 1811 εὑρόντες·
1097 1740 1184 1792 ὅτε
1209 1734 1351 1810 ἦμεν
1381 1736 1653 1811 ἀλλότριοι
1681 1737 1745 1808 τῆ

1877 1740 2006 1794 tatis
2041 1739 2339 1794 habitaculi
2381 1739 2787 1806 inveneramus,
2825 1757 2948 1796 cum
2975 1739 3136 1795 alieni
3159 1751 3458 1793 essemusa

190 1833 469 1898 πολιτείας
492 1833 585 1887 τοῦ
636 1833 871 1906 Ἰσραὴλ,
905 1832 1095 1886 ἐλπίδα
1124 1832 1199 1904 μὴ
1231 1831 1467 1903 ἔχοντες,
1502 1829 1598 1884 καὶ
1625 1829 1750 1884 ἄθεο

1876 1830 2099 1885 civitate
2142 1828 2382 1894 lsraelis,
2419 1846 2544 1886 eum
2586 1832 2794 1886 nullam
2839 1847 2989 1904 spem
3035 1831 3363 1885 haberemus
3404 1834 3460 1883 et

186 1926 245 1978 ἐν
275 1925 356 1997 τῷ
387 1926 597 1996 κόσμῳ·
650 1926 698 1977 οἱ
751 1924 1118 1997 μεμισημένοι
1163 1923 1353 1987 πάλαι,
1393 1925 1450 1976 ἐν
1497 1921 1642 1994 λιμῷ
1679 1939 1750 1976 κα

1876 1919 2022 1974 athei
2044 1919 2102 1974 in
2135 1918 2342 1974 mundo
2365 1934 2615 1976 essemus
2641 1941 2653 1974 :
2682 1922 2776 1992 qui
2810 1922 2940 1977 olim
2965 1921 3092 1977 odio
3124 1934 3369 1983 eramus,
3400 1918 3458 1972 in

182 2016 327 2088 δίψει
353 2017 452 2089 τὴν
478 2017 654 2091 ψυχὴν
680 2018 1047 2082 ἐκλείποντες,
1071 2015 1161 2070 διὰ
1191 2015 1252 2069 τὸ
1277 2013 1608 2088 ἐστερῆσθαι
1636 2013 1750 2084 λογι

1875 2008 2018 2064 fame
2050 2016 2106 2063 et
2139 2008 2229 2064 siti
2257 2009 2442 2064 animo
2470 2008 2810 2077 deﬁcientes,
2848 2011 2994 2082 quod
3042 2009 3355 2065 rationabili
3403 2019 3458 2064 et

182 2109 289 2180 κῆς
332 2110 428 2163 καὶ
466 2109 788 2181 ἐπουρανίου
832 2109 1038 2180 τροφῆς
1073 2107 1237 2162 ποτοῦ
1276 2125 1336 2162 τε
1375 2109 1747 2181 πνευματικοῦ

1873 2099 2083 2156 caelesti
2110 2100 2235 2156 cibo
2264 2103 2647 2174 spiritualique
2680 2113 2810 2176 potu
2837 2104 3037 2176 privati
3063 2119 3334 2171 essemus,
3365 2117 3456 2159 se-

181 2199 326 2253 κατὰ
359 2200 442 2254 τό·
485 2199 898 2266 Ἐξαποστελῶ
934 2203 1008 2255 οὺ
1039 2199 1220 2270 λιμὸν
1247 2199 1450 2269 ἄρτου,
1495 2200 1639 2256 οὐδὲ
1683 2201 1750 2255 δίε

1877 2193 2117 2248 cundum
2145 2193 2277 2250 illud
2309 2213 2321 2249 :
2352 2193 2607 2250 Emittam
2643 2215 2746 2252 non
2775 2197 2968 2267 famem
2996 2196 3173 2266 panis,
3203 2211 3364 2267 neque
3384 2194 3459 2249 si-

178 2293 310 2359 ψαν
342 2291 584 2358 ὓδατος,
615 2292 776 2347 ἀλλὰ
805 2292 985 2362 λιμὸν
1017 2292 1124 2347 τοῦ
1154 2293 1414 2348 ἀκοῦσαι
1443 2295 1631 2363 λόγον
1651 2297 1750 2348 Kv-

1872 2286 1966 2340 tim
1997 2303 2180 2358 aquae;
2225 2287 2315 2342 sed
2356 2288 2554 2359 [amem
2589 2289 2839 2346 audiendi
2872 2290 3079 2346 verbum
3114 2288 3350 2343 Domini.
3385 2287 3457 2342 Et

176 2381 333 2448 plov.
364 2382 478 2436 Kal
511 2381 999 2451 σαλευθήσονται
1038 2383 1229 2436 ὕδατα
1262 2383 1379 2438 ἀπὸ
1411 2383 1521 2452 τῆς
1545 2383 1771 2438 θαλάσ-

178 2489 300 2541 σης
327 2474 442 2543 ἕως
473 2475 583 2544 τῆς
615 2476 954 2544 θαλάσσης,
985 2476 1084 2530 καὶ
1119 2475 1240 2530 ἀπὸ
1264 2473 1459 2544 βορρᾶ
1478 2475 1589 2542 ἕως
1624 2476 1768 2530 ἀνα-

178 2564 396 2631 τολῶν,
423 2566 921 2637 περιδραμοῦνται
951 2565 1265 2635 ζητοῦντες
1294 2566 1402 2620 τὸν
1433 2566 1619 2636 λόγον
1646 2570 1766 2620 Κυ-

176 2656 330 2724 ρίου,
384 2659 482 2712 zeal
515 2661 586 2713 οὐ
613 2658 700 2728 μὴ
750 2659 999 2728 εὕρωσιο
1053 2658 1134 2712 διὸ
1180 2658 1275 2712 καὶ
1323 2660 1380 2711 ἐν
1423 2658 1617 2730 ἐρήμῳ
1657 2657 1766 2712 τῶν

179 2747 388 2818 ἀρετῶν
425 2748 577 2813 ὄντες
605 2748 985 2821 ἐπλανώμεθα,
1021 2749 1258 2821 ποδηγὸν
1284 2750 1376 2801 καὶ
1407 2748 1654 2819 ἡγεμόνα
1689 2747 1764 2820 μὴ

176 2836 412 2908 ἔχοντες,
503 2839 754 2911 ἑπόμενοι
785 2839 963 2912 εὑρεῖν
984 2834 1162 2892 οἷοίτε
1190 2834 1330 2911 ἦμεν
1357 2839 1494 2910 μετὰ
1525 2839 1624 2912 τὴν
1647 2839 1764 2894 ὁδὸν

160 2915 329 2980 Ἶπόλιν
361 2923 425 2983 εὖ
459 2927 885 3000 διατεταγμένην
928 2929 1058 3001 ἱερῷ
1100 2929 1273 3001 νόμῳ,
1319 2930 1378 2984 ἐν
1490 2933 1764 2984 κατοικεῖν

174 3018 490 3093 ἠδυνάμεθα
537 3021 612 3094 μὴ
664 3021 1105 3095 ἀνα’χωροῦντες’
1145 3021 1280 3094 αὕτη
1311 3023 1370 3077 δέ
1411 3024 1557 3079 ἐστιν
1593 3023 1762 3097 ἀρετὴ

173 3114 266 3166 καὶ
296 3113 438 3170 Θεοῦ
465 3115 647 3185 σοφία.
683 3117 791 3171 Kal
820 3115 1155 3183 ἐκέκραξαν
1179 3114 1328 3183 πρὸς
1354 3117 1575 3184 Κύριον
1596 3115 1666 3169 ὲν
1683 3113 1762 3181 τῷ

172 3204 481 3259 θλίϐεσθαι
504 3206 746 3274 αὐτοὺς,
777 3207 875 3260 καὶ
899 3206 967 3260 ἐκ
996 3205 1115 3258 τῶν
1139 3204 1420 3276 ἀναγκῶν
1443 3205 1643 3262 αὐτῶν
1667 3207 1762 3276 ἑρ-

167 3293 393 3358 ρύσατο
435 3297 675 3363 αὐτούς.
714 3297 835 3352 Τῶν
881 3297 1051 3351 ἐθνῶν
1096 3296 1351 3351 ἁπάντων
1390 3295 1759 3369 πλανωμένων

171 3384 228 3436 ἐν
248 3391 318 3459 γῇ
345 3390 546 3461 ἐρήμῳ
568 3390 663 3443 καὶ
691 3390 926 3463 ἀνύδρῳ,
954 3391 1170 3462 καὶτῆς
1190 3389 1368 3462 ψυχῆς
1391 3389 1571 3443 αὐτῶν
1592 3390 1761 3444 ἐκλει-

171 3477 376 3550 πούσης
399 3480 465 3544 ἐξ
491 3482 754 3553 ἀτροφίας
779 3481 1064 3556 σωτηρίων
1091 3483 1283 3551 λόγων,
1309 3482 1480 3536 ἐϐόων
1507 3483 1645 3554 πρὸς
1667 3483 1756 3536 τὸν

170 3570 299 3624 Θεὸν
330 3571 688 3637 ἱκετεύοντες,
722 3573 899 3628 κοινὸν
944 3575 1117 3627 ἅπασι
1147 3573 1609 3646 καταπεμφθῆναι
1645 3576 1758 3628 Σω-

169 3663 327 3734 τῆρα.
353 3665 469 3719 Kal
493 3665 825 3734 ἑκέκραξιιν
851 3665 1002 3734 πρὸς
1027 3666 1330 3734 Κύριονέν
1349 3665 1430 3732 τῷ
1450 3668 1757 3723 θλίϐεσθαι

169 3753 413 3822 αὐτούς.
440 3757 588 3819 Τοὺς
611 3759 1121 3829 ἐγκεχειρισμένους
1151 3758 1349 3822 αὐτοὺς
1376 3759 1756 3832 ὐπερπάσχον-

169 3859 258 3907 τες
286 3848 380 3900 καὶ
414 3847 850 3920 ὑπεραλγούντες
877 3848 1058 3903 αὐτῶν
1087 3851 1181 3903 καὶ
1205 3851 1485 3922 διψώντων
1528 3853 1622 3905 καὶ
1653 3853 1752 3922 τὴν

167 3932 344 4008 ψυχὴν
366 3939 468 4011 ήδη
490 3939 556 3992 δι’
581 3940 848 4011 ἀτροφίαν
874 3941 1255 4012 ἐκλειπόντων,
1284 3944 1453 3997 ἐϐόων
1476 3945 1629 3997 αύτοὶ
1657 3946 1752 3998 καὶ

169 4025 400 4098 ἔκραζον
453 4032 589 4101 πρὸς
635 4030 860 4102 Κύριον,
909 4032 1050 4105 ὑπὲρ
1093 4033 1203 4088 τῶν
1253 4037 1469 4089 οἰκείων
1521 4036 1750 4101 ἕκαστος

169 4124 584 4192 πρεσϐεύοντες.

239 4218 346 4272 Kal
369 4219 686 4290 ὡδήγησεν
704 4221 927 4287 αὐτοὺς
953 4224 1041 4289 εὶς
1069 4223 1214 4277 ὁδὸν
1237 4224 1493 4291 εὐθεῖαν,
1521 4224 1628 4279 τοῦ
1652 4238 1750 4278 πο-

163 4310 451 4381 ρευθῆναι
489 4314 574 4378 εἰς
618 4315 801 4367 πόλιν
838 4316 1316 4384 κατοικητηρίου.
1363 4315 1748 4385 Ἐξομολογη-

165 4400 499 4459 σάσθωσαν
531 4404 612 4471 τῷ
647 4407 844 4475 Κυρίῳ
870 4407 943 4461 τὰ
970 4407 1113 4474 ὲλέη
1143 4407 1352 4470 αὑτοῦ,
1387 4408 1484 4461 καὶ
1511 4408 1581 4462 τὰ
1606 4411 1746 4462 θαυ-

162 4493 347 4560 μάσια
374 4498 562 4552 αὑτοῦ
588 4498 711 4564 τοῖς
737 4498 888 4566 υἱοῖς
910 4499 1028 4551 τῶν
1049 4498 1391 4567 ἀνθρώπων.
1425 4499 1489 4552 Οἱ
1520 4500 1617 4572 μὲν
1635 4502 1742 4572 γὰρ

163 4583 541 4662 ἐπλανήθησαν
567 4591 624 4642 ἐν
646 4591 716 4659 γῇ
742 4591 933 4661 ἐρήμῳ
961 4591 1056 4643 καὶ
1084 4590 1315 4662 ἀνύδρῳ,
1341 4589 1499 4644 τοῦτο
1522 4588 1738 4662 πρῶτον

160 4675 370 4749 νόσημα
402 4678 754 4752 νενοσηκότες
783 4681 843 4732 τὸ
866 4683 965 4752 τῆς
991 4682 1222 4755 πλάνηςο
1257 4684 1351 4737 καὶ
1377 4682 1613 4754 δευτέρῳ
1639 4699 1738 4735 κα-

164 4766 242 4838 κῷ
275 4774 667 4843 περιπεσόντες
705 4773 824 4826 ὁδὸν
859 4773 1065 4838 πόλεως
1107 4775 1528 4848 κατοικητηρίου
1562 4774 1739 4828 αὐτῶν

165 4860 259 4932 οὐχ
304 4859 483 4939 εὖρον·
537 4867 632 4920 καὶ
682 4865 865 4937 τρίτον
914 4865 972 4919 δὲ
1005 4866 1200 4932 αὐτοὺς
1238 4868 1496 4939 περιέσχε
1546 4868 1738 4932 κακὸν,

166 4949 392 5030 ἐπείπερ
418 4956 558 5032 ἦσαν
586 4960 877 5022 πεινῶντες
901 4960 994 5013 καὶ
1025 4959 1306 5030 διψῶντες,
1333 4961 1409 5024 ὡς
1438 4962 1538 5032 τὴν
1563 4963 1740 5034 ψυχὴν

165 5041 338 5101 αὐτῶν
375 5051 650 5105 ἐκλείπειν
685 5053 742 5104 ἐν
783 5051 985 5115 αὐτοῖς.
1026 5051 1084 5104 '0
1108 5051 1164 5104 δὲ
1198 5052 1580 5124 φιλάνθρωπος
1605 5043 1739 5120 Θεδς

166 5137 254 5189 καὶ
285 5142 488 5212 ἀγαθὸς
516 5145 706 5217 Σωτὴρ
743 5143 959 5216 πρῶτον
991 5144 1088 5215 μὲν
1112 5143 1394 5218 ὡδήγησεν
1422 5148 1617 5212 αὐτοὺς
1659 5150 1738 5212 εἰς

165 5228 276 5284 ὁδὸν
298 5237 532 5291 εὐθεῖανο
565 5239 754 5291 ἔπειτα
787 5233 988 5306 ἔδειξεν
1014 5241 1196 5303 αὐτοῖς
1224 5239 1340 5303 πῶς
1363 5241 1468 5313 χρὴ
1503 5241 1737 5312 βαδίζειν

167 5321 260 5393 τὴν
289 5328 557 5402 φέρουσαν
596 5333 677 5395 είς
703 5331 800 5403 τὴν
831 5332 985 5386 πόλιν
1026 5332 1118 5386 τοῦ
1151 5335 1592 5407 κατοικητηρίουε
1626 5337 1737 5389 Καὶ

168 5412 245 5478 τίς
265 5416 330 5473 ἂν
355 5423 438 5498 εἴη
472 5427 505 5498 ἡ
541 5425 721 5478 εὐθεῖα
751 5425 867 5490 ὁδὸς
895 5421 929 5498 ἢ
957 5427 987 5478 ὁ
1020 5427 1284 5499 σωτήριος
1328 5425 1485 5497 λόγος
1513 5429 1542 5482 ό
1572 5427 1738 5498 εὐαγ-

171 5504 392 5578 Υελικδς,
426 5518 455 5570 ὁ
490 5517 647 5588 μόνος
685 5518 832 5589 ἡμᾶς
861 5517 1008 5586 ἄγων
1040 5519 1121 5581 εἰς
1152 5517 1252 5590 τὴν
1294 5519 1616 5590 ἐπουράνιον
1648 5519 1739 5573 πό-

171 5599 262 5652 λιν·
293 5603 350 5659 ἐν
441 5610 719 5681 γενόμενοι
754 5611 815 5664 τὸ
849 5612 1269 5684 κατοικητήριον
1307 5611 1465 5684 ἡμῶν
1509 5613 1736 5686 εὑρήσο-

171 5704 293 5761 μεν;
343 5698 1033 5772 Ἑξομολογησάσθωσαν
1093 5701 1174 5770 τῷ
1226 5703 1420 5774 Κυρίῳ
1476 5703 1547 5758 τὰ
1591 5703 1733 5759 ἑλέ-η

235 5875 280 5908 ⁷³
317 5877 480 5939 Amos
515 5887 647 5946 vui,
688 5884 744 5938 ll
774 5922 788 5946 ,
831 5883 916 5937 l2.

446 5980 719 6042 ΡΑτιιοι.
760 5981 878 6043 Gn.
915 5980 1154 6043 XXIII.

1869 2383 2334 2436 commovebuntur
2375 2400 2526 2454 aqua:
2554 2402 2586 2437 a
2620 2385 2758 2439 ntari
2805 2401 2967 2456 usque
2998 2383 3068 2438 ad
3096 2399 3263 2448 mare,
3306 2390 3356 2437 et
3385 2383 3454 2436 ab

1868 2475 2114 2543 aquilone
2151 2492 2313 2546 usque
2351 2474 2421 2529 ad
2463 2477 2713 2531 orientem
2754 2493 2772 2531 :
2817 2477 3115 2532 circuibunt
3165 2486 3454 2549 quaerentes

1867 2563 2078 2618 verbum
2141 2565 2402 2633 Domini,
2453 2575 2505 2621 et
2555 2583 2658 2621 non
2723 2567 3337 2639 invenient";;idcirco
3395 2569 3454 2620 in

1865 2655 2086 2714 deserto
2108 2658 2372 2714 virtutum
2407 2659 2744 2716 exsistentes
2781 2661 3127 2726 errabamus,
3160 2660 3355 2716 ducem
3389 2673 3454 2715 ac

1866 2752 2172 2822 principem
2212 2769 2322 2808 non
2369 2753 2539 2817 nacti,
2571 2769 2735 2823 quem
2767 2763 3060 2824 sequentes
3092 2753 3326 2810 decursa
3365 2753 3450 2808 ria

1863 2843 2106 2912 reperire
2127 2859 2414 2914 possemus
2439 2845 2713 2900 civitatem
2741 2847 3031 2918 sacralege
3051 2847 3155 2902 rite
3175 2847 3450 2903 constitu-

1863 2939 1996 2998 tam,
2019 2932 2075 2986 in
2091 2948 2196 3004 qua
2217 2933 2460 2990 habitare
2483 2950 2788 3004 possemus.
2809 2953 3090 3008 nunquam
3114 2937 3239 2992 inde
3268 2953 3448 2994 reces-

1863 3028 2007 3084 suri:
2029 3027 2143 3082 haec
2163 3035 2344 3083 autem
2365 3036 2448 3084 est
2467 3030 2639 3085 virtus
2653 3039 2702 3084 et
2720 3028 2810 3085 Dei
2831 3028 3364 3100 sapientia—Vens.
3391 3030 3445 3086 6.

1789 3159 1830 3218 Ο
1868 3115 1938 3170 Et
1965 3118 2331 3171 clamauerunt
2369 3118 2438 3171 ad
2471 3119 2758 3173 Dominum
2794 3136 2912 3172 cunt
2944 3119 3354 3188 tribularentur,
3397 3130 3446 3176 et

1865 3210 2265 3264 necessitatibus
2300 3227 2484 3266 eorum
2513 3213 2704 3280 eripuit
2729 3229 2836 3266 eos.
2867 3209 3068 3268 Gentes
3102 3228 3294 3269 omnes
3322 3228 3445 3268 cum

1863 3302 1920 3355 in
1959 3301 2177 3358 deserto
2205 3311 2260 3358 et
2308 3304 2579 3373 inaquoso
2624 3312 2895 3370 errarent,
2929 3313 3093 3377 atque
3130 3306 3311 3360 anima
3355 3321 3444 3362 ea-

1861 3409 1982 3449 rum
2041 3411 2108 3450 ex
2154 3397 2385 3467 penuria
2435 3398 2758 3454 salutarium
2807 3399 3099 3454 verborum
3164 3398 3443 3466 deﬁceret,

1861 3484 2170 3540 clamabant
2214 3488 2280 3542 ad
2332 3486 2504 3542 Deum
2558 3490 2967 3559 supplicantes,
3016 3502 3078 3547 ut
3134 3491 3441 3548 communis

1859 3577 2118 3633 omnibus
2163 3577 2425 3634 Servator
2466 3582 2779 3637 mitteretur
2809 3602 2821 3637 :
2856 3582 2924 3636 Et
2976 3582 3335 3638 clamauerunt
3372 3585 3440 3639 ad

1863 3668 2143 3723 Dominum
2172 3688 2289 3724 cum
2326 3673 2730 3728 tribularenlur.
2775 3673 3019 3747 Captivis
3057 3677 3437 3744 condolcntes,

1855 3777 1919 3817 ac
1949 3777 2080 3833 erga
2119 3763 2374 3819 sitientes
2405 3774 2459 3820 et
2504 3781 2616 3836 prae
2646 3765 2753 3820 cibi
2811 3767 3042 3837 penuria
3092 3768 3275 3823 animo
3304 3769 3436 3824 deﬁ-

1856 3852 2066 3907 cientes
2094 3853 2474 3909 misericordia
2499 3856 2654 3923 moti,
2687 3856 3001 3910 clamabant
3032 3859 3134 3927 ipsi
3163 3868 3219 3913 et
3241 3858 3435 3914 vocife~

1854 3943 2120 3998 rabantur
2140 3945 2207 3999 ad
2229 3944 2542 4012 Dominum,
2569 3962 2667 4017 pro
2692 3949 2809 4004 suis
2830 3948 3032 4019 singuli
3055 3949 3432 4021 deprecantes.

1924 4204 2090 4259 Vens.
2121 4205 2172 4269 7,
2207 4205 2260 4260 8.
2305 4205 2374 4259 Et
2393 4207 2610 4262 deduxit
2631 4225 2718 4263 eos
2742 4211 2794 4264 in
2815 4211 2954 4265 uiam
2974 4223 3191 4284 rectam,
3214 4227 3272 4271 ut
3295 4219 3431 4274 irent

1848 4294 1902 4347 in
1931 4295 2192 4350 civitatem
2228 4297 2594 4352 habitationis.
2621 4296 2991 4370 Conﬁteantur
3017 4304 3244 4362 Domino
3275 4309 3431 4364 mise-

1851 4387 2096 4442 ricordia:
2136 4389 2272 4458 ejus,
2305 4399 2353 4443 et
2386 4390 2656 4444 mirabilia
2692 4391 2807 4462 ejus
2849 4393 2980 4462 [iliis
3024 4397 3316 4453 hominum.
3351 4399 3430 4454 Illi

1849 4481 2118 4551 siquidem
2153 4494 2479 4538 erraverunt
2514 4483 2570 4537 in
2614 4492 2762 4538 terra
2794 4485 3012 4541 deserta
3048 4499 3101 4544 et
3138 4489 3426 4560 inaquosa,

1847 4575 1950 4628 hac
1983 4576 2156 4644 prima
2185 4575 2538 4646 egritudine,
2571 4579 2780 4631 erroris
2815 4581 3046 4641 scilicet,
3092 4581 3426 4642 laborantes.

1845 4665 1985 4720 lline
2011 4667 2063 4720 in
2095 4667 2396 4722 secundum
2429 4669 2631 4724 malum
2655 4669 2884 4740 delapsi,
2911 4673 3052 4726 viam
3085 4675 3344 4740 civitatis,
3373 4678 3426 4732 in

1842 4774 1948 4829 qua
1982 4759 2318 4823 habitarent,
2353 4775 2460 4814 non
2509 4761 2838 4817 invenerunt
2873 4783 2885 4818 :
2917 4778 2981 4820 ac
3011 4767 3232 4821 tertium
3277 4771 3424 4842 ipsos

1842 4851 2048 4905 malum
2084 4851 2307 4916 invasit,
2343 4851 2472 4922 quia
2508 4853 2825 4910 esuriebant
2853 4862 2908 4910 et
2941 4856 3221 4924 sitiebant,
3268 4858 3342 4917 ita
3367 4874 3422 4920 ut

1841 4945 2023 4997 anima
2073 4959 2264 4998 eorum
2311 4944 2367 4997 in
2414 4944 2550 5014 ipsis
2599 4945 2876 5003 deﬁceret.
2920 4947 3196 5023 Benignus
3244 4967 3420 5014 autem

1842 5035 1988 5092 Dens
2022 5051 2086 5090 ac
2129 5037 2308 5092 bonus
2341 5036 2613 5102 Salvator,
2640 5038 2819 5109 primo
2841 5041 3060 5112 quidem
3083 5044 3309 5103 deduxit
3329 5067 3419 5108 eos

1841 5129 1896 5182 in
1937 5129 2080 5184 viam
2129 5139 2372 5197 rectam;
2423 5129 2620 5186 deinde
2662 5131 2850 5187 docuit
2898 5149 2994 5191 eos
3022 5152 3133 5208 quo
3167 5151 3328 5209 pacto
3366 5144 3418 5199 in

1839 5226 1926 5280 via
1967 5224 2034 5279 ad
2065 5222 2343 5280 civitatem
2396 5225 2696 5282 habitaculi
2740 5225 2998 5294 ducente,
3038 5232 3414 5302 graderentur.

1838 5316 2026 5389 Ecqua
2068 5331 2202 5373 vero
2237 5317 2329 5372 illa
2382 5327 2534 5374 recta
2576 5318 2667 5374 via
2726 5317 2929 5386 fuerit,
2989 5321 3095 5377 nisi
3161 5324 3413 5382 salutaris

1838 5427 2022 5468 sermo
2051 5411 2425 5482 evangelicus,
2457 5411 2552 5483 qui
2583 5413 2736 5469 solus
2779 5428 2881 5469 nos
2910 5413 2979 5467 ad
3009 5416 3287 5472 caelestem
3325 5419 3411 5475 du-

1838 5505 1914 5562 cit
1939 5505 2256 5574 civitatem;
2307 5505 2362 5560 in
2393 5521 2501 5577 qua
2536 5507 2844 5574 constituti,
2887 5507 3261 5564 habitaculum
3314 5528 3408 5568 no-

1837 5608 2012 5655 suum
2039 5599 2424 5670 reperiemus?
2455 5597 2825 5670 Conﬁteantur
2853 5599 3082 5656 Domino
3118 5603 3407 5660 misericor-

1837 5693 1941 5750 dia:
1969 5693 2106 5765 ejus,
2149 5700 2200 5749 et
2241 5691 2514 5749 mirabilia
2546 5694 2659 5766 ejus
2701 5694 2831 5765 ﬁliis
2876 5693 3191 5752 hominum:
3221 5700 3405 5770 praedi-
3490 5740 3497 5746 .

3022 5979 3098 6040 (ιὲ
