3964 6512
181 381 208 432 1
218 378 329 433 525

1300 360 1804 430 COMMENTARIA
1845 363 1910 427 IN
1951 361 2288 430 PSALuos'.

3324 363 3464 429 13⁸20

179 487 379 558 ψυχῶν
414 487 683 558 σωτήριον
727 486 953 559 τροφὴν,
997 486 1223 550 εἰκότως
1257 485 1586 551 ἀποσταλεὶς
1613 489 1642 540 ό
1678 486 1772 540 τοῦ

1884 487 2177 543 salutarem
2199 501 2382 543 escam
2417 487 2834 553 aversabantur,
2877 486 3075 546 merito
3100 486 3308 545 missus
3340 490 3465 544 uni;

180 578 324 632 Θεοῦ
355 579 654 650 μονογενὴς
683 579 814 643 Υἱὸς
844 579 1004 651 μέχρι
1035 577 1144 631 τῶν
1187 577 1282 630 τοῦ
1323 578 1553 632 θανάτου
1596 579 1779 632 πυλῶν

182 672 422 742 ἔφθασε,
454 671 762 744 σαρκωθεὶς
789 673 885 726 καὶ
912 671 1360 744 ἐνανθρωπήσας,
1409 674 1568 744 χεῖρα
1610 689 1780 744 σωτη-

183 764 313 835 ρίας
337 762 538 836 ὀρέξας
571 763 667 817 καὶ
699 765 812 828 τοῖς
853 763 1014 834 μέχρι
1057 760 1245 816 τούτου
1294 764 1776 828 καταπεπτωκόσι,

181 859 282 912 καὶ
322 857 468 929 πρὸς
507 856 672 910 αὐτὸν
704 854 1061 926 ἀναϐοήσασι.
1113 853 1224 907 Kal
1266 853 1599 923 ἐκέκραξαν
1628 856 1780 924 πρὸς

179 953 416 1020 Κύριον
438 953 509 1005 ἐν
529 949 610 1016 τῷ
635 951 944 1004 θλίϐεσθαι
967 947 1210 1014 αὐτοὺς,
1250 947 1347 1002 καὶ
1371 948 1439 1001 ἐκ
1468 948 1587 1002 τῶν
1608 948 1781 1018 ἀναγ-

179 1041 311 1095 κῶν
339 1040 546 1095 αὐτῶν
568 1040 807 1095 ἔσωσεν
832 1041 1074 1107 αὐτούς.
1115 1037 1448 1093 Ἀπέστειλε
1470 1039 1578 1093 τὸν
1596 1042 1782 1111 λόγον

179 1133 401 1198 αὑτοῦ,
431 1134 528 1187 καὶ
565 1133 776 1188 ἰάσατο
799 1128 1052 1199 αὐτοὺς,
1104 1132 1203 1185 καὶ
1228 1133 1524 1200 ὲρῤύσατο
1558 1133 1782 1200 αὐτοὺς

179 1232 252 1285 ἐκ
277 1230 408 1284 τῶν
444 1229 782 1299 διαφθερῶν
799 1229 1018 1284 αὐτῶν.
1077 1225 1782 1298 Ἐξομολογησάσθωσαν

179 1323 264 1390 τῷ
290 1325 495 1392 Κυρίῳ
524 1322 597 1376 τὰ
625 1322 766 1389 ὲλέη
792 1322 1000 1385 αὑτοῦ,
1036 1321 1134 1374 καί
1166 1323 1239 1376 τὰ
1264 1321 1567 1389 θαυμάσια
1595 1319 1781 1374 αὐτοῦ

179 1415 313 1482 τοῖς
339 1414 499 1481 υἱοῖς
536 1415 655 1468 τῶν
692 1413 1039 1482 ἀνθρώπων.
1085 1415 1193 1468 Καὶ
1227 1415 1592 1470 θυσάτωσαν
1619 1411 1784 1478 αὑτῷ

181 1507 421 1559 θυσίαν
454 1505 778 1572 αἰνέσεως,
827 1507 924 1558 καὶ
961 1506 1485 1576 ἐξαγγειλάτωσαν
1522 1506 1595 1560 τὰ
1639 1505 1782 1574 ἔργα

180 1597 380 1651 αὑτοῦ
411 1597 484 1651 ἐν
511 1597 892 1666 ἀγαλλιάσει,
943 1600 997 1652 οί
1043 1599 1506 1664 καταϐαίνοντες
1549 1601 1636 1664 εὶς
1683 1590 1782 1652 θιίὶ

179 1693 445 1745 λασσαν
470 1691 540 1745 ὲν
563 1692 828 1757 πλοίοις,
856 1689 1174 1757 ποιοῦντες
1203 1691 1494 1761 ἐργασίαν
1506 1691 1576 1744 ἐν
1600 1689 1782 1744 ὕδασι

179 1781 473 1849 πολλοῖς.
528 1782 927 1853 Μνημονεύσας
965 1784 994 1835 ὁ
1045 1781 1202 1851 λόγος
1249 1781 1350 1852 τῆς
1397 1781 1635 1851 ἀφίξεως
1685 1780 1780 1834 τοῦ

179 1871 487 1942 Λυτρωτοῦ
546 1872 641 1925 καὶ
696 1871 947 1941 Σωτῆρος
967 1910 980 1936 ,
1039 1871 1108 1925 δι’
1161 1863 1223 1924 οὗ
1278 1872 1349 1926 τὰ
1402 1871 1780 1943 προλεγόμενα

183 1962 374 2016 πάντα
415 1961 795 2034 κατώρθωται,
853 1963 980 2035 ἑξῆς
1032 1964 1295 2018 συνάπτει
1349 1964 1448 2036 τὴν
1494 1963 1622 2036 περὶ
1672 1963 1779 2018 τῶν

178 2053 512 2107 ἀποστόλων
563 2053 728 2108 αὐτοῦ
771 2055 1132 2125 προφητείαν.
1196 2055 1361 2108 Αὐτοὶ
1401 2055 1510 2127 γὰρ
1552 2051 1694 2127 ἦσαν
1729 2058 1778 2109 οἱ

181 2146 614 2210 καταϐαίνοντες
647 2149 727 2211 είς
755 2147 1031 2201 Θάλασσαν
1080 2150 1138 2201 ὲν
1187 2148 1412 2213 πλοίοις,
1458 2149 1640 2219 ῥητῶς
1685 2151 1780 2204 καὶ

179 2239 334 2293 κατὰ
368 2239 516 2304 λέξιν
537 2257 550 2269 ·
588 2231 779 2312 ὥσπερ
806 2230 900 2294 οὖν
930 2242 964 2311 ἡ
1017 2239 1137 2293 θεία
1164 2241 1356 2314 Γραφὴ
1396 2241 1504 2295 τῶν
1532 2241 1780 2310 Εὐαγγε-

180 2330 322 2384 λίων
363 2333 650 2403 μαρτυρεῖ.
695 2330 1002 2402 Τοιγαροῦν
1033 2331 1142 2384 τῶν
1185 2333 1500 2386 ἀποστόλων
1546 2332 1777 2386 καὶτῶν

180 2423 310 2496 ἅμα
331 2424 519 2487 αὐτοῖς
546 2425 580 2495 ἡ
609 2422 861 2494 παροῦσα
885 2424 1191 2495 προφητεία
1207 2425 1307 2493 τὴν
1333 2426 1552 2496 μνήμην
1575 2424 1778 2496 σφόδρα

179 2516 506 2581 ἀκολούθως
541 2516 746 2588 συνῆψε
786 2519 850 2587 τῇ
883 2515 988 2583 ξτοῦ
1035 2516 1171 2568 Θεοῦ
1222 2516 1396 2584 Λόγου
1437 2518 1516 2580 είς
1562 2514 1776 2587 ἀνθρώ-

1881 582 2097 651 genitus
2123 579 2215 636 Dei
2240 579 2434 645 Filius,
2454 596 2622 636 carne
2637 589 2689 636 et
2709 582 2944 636 humana
2967 588 3162 636 natura
3187 589 3462 652 suscepta,

1881 668 1949 722 ad
1979 676 2168 738 portas
2209 684 2384 740 usque
2404 671 2598 726 mortis
2631 669 2933 740 profectus,
2967 671 3056 734 iis,
3101 669 3194 741 qui
3223 683 3468 742 eousque

1881 759 2198 816 deciderant
2217 770 2270 815 et
2295 761 2360 815 ad
2391 762 2569 831 ipsum
2594 763 2987 828 clamaverant,
3015 763 3212 819 salutis
3241 777 3470 818 manum

1882 855 2144 923 porrexit.
2181 854 2249 907 Et
2290 855 2649 909 clamauerunt
2696 857 2765 909 ad
2803 856 3089 912 Dominum
3129 874 3248 912 cum
3301 857 3469 912 tribu-

1884 945 2159 1010 larentur,
2195 955 2244 1000 et
2288 947 2352 1001 de
2392 948 2790 1003 necessitatibus
2834 965 3016 1003 eorum
3067 950 3307 1005 liberavit
3355 967 3466 1006 eos.

1883 1038 2037 1093 Misit
2079 1038 2300 1092 Verbum
2335 1055 2490 1094 suum
2523 1049 2573 1095 et
2601 1041 2814 1095 sanauit
2842 1057 2951 1107 eos,
2983 1051 3034 1096 et
3068 1043 3257 1111 eripuit
3289 1059 3376 1097 eos
3405 1043 3470 1098 de

1882 1131 2276 1186 interitionibus
2315 1148 2518 1189 eorum.
2567 1132 2941 1202 Conﬁteantur
2983 1134 3212 1190 Domino
3260 1135 3470 1190 miserit

1882 1224 2081 1278 cordia:
2102 1225 2241 1293 ejus,
2272 1233 2322 1278 et
2356 1225 2627 1279 mirabilia
2649 1226 2761 1295 ejus
2788 1227 2917 1296 ﬁliis
2955 1225 3246 1284 hominum.
3285 1226 3355 1282 Et
3379 1242 3471 1282 sa-

1883 1318 2122 1387 criﬁcent
2155 1319 2204 1372 ei
2248 1319 2575 1388 sacriﬁcium
2607 1318 2806 1384 laudis,
2853 1331 2904 1374 et
2952 1322 3264 1376 annuntient
3311 1332 3470 1392 opera

1883 1408 1998 1478 ejus
2034 1411 2089 1463 in
2113 1409 2490 1474 exsultatione,
2511 1411 2600 1480 qui
2629 1408 2949 1464 descendunt
2975 1427 3120 1464 mare
3143 1412 3197 1464 in
3225 1412 3467 1478 navibus,

1885 1501 2140 1569 facientes
2181 1503 2536 1570 operationem
2565 1503 2618 1556 in
2654 1503 2805 1573 aquis
2830 1503 3034 1557 multis.
3069 1502 3203 1557 Cum
3237 1501 3472 1558 Redem-

1883 1591 2060 1662 ptoris
2092 1599 2148 1646 et
2179 1591 2490 1648 Servatoris
2513 1591 2807 1647 adventum
2837 1602 3342 1656 commemorasset,
3373 1610 3470 1665 per

1885 1699 2047 1753 quem
2075 1683 2338 1754 praedicta
2369 1686 2553 1738 omnia
2585 1684 2730 1739 edita
2754 1685 2972 1740 fuerant
3003 1705 3016 1741 :
3051 1685 3250 1742 deinde
3279 1687 3472 1756 adjicit

1887 1777 1955 1831 de
1990 1777 2255 1847 apostolis
2311 1777 2485 1852 ipsius
2523 1778 2865 1834 vaticinium.
2902 1779 3007 1850 Ipsi
3033 1794 3268 1852 namque
3312 1789 3472 1835 erant

1887 1869 1981 1940 qui
2013 1869 2422 1926 descendebant
2459 1886 2610 1926 mare
2639 1872 2695 1925 in
2720 1873 2975 1938 navibus,
3000 1873 3163 1944 idque
3178 1879 3304 1930 vere
3323 1883 3377 1930 et
3402 1877 3470 1929 ad

1888 1963 2152 2027 litteram,
2178 1964 2636 2033 quemadmodum
2667 1964 2851 2019 divina
2876 1965 3296 2037 Evangeliorum
3317 1965 3471 2022 Scri-

1886 2065 2048 2129 ptura
2077 2059 2428 2114 testiﬁcatur.
2472 2060 2864 2131 Apostolorum
2892 2063 3074 2134 itaque
3112 2063 3470 2136 ipsorumque

1886 2151 2148 2204 comitum
2194 2151 2529 2206 mentionem
2587 2152 2881 2209 admodum
2944 2167 3314 2227 congruenter
3353 2157 3471 2214 haec

1885 2239 2170 2312 Scriptura
2200 2242 2298 2299 Dei
2321 2243 2484 2299 Verbi
2509 2245 2577 2299 ad
2599 2245 2849 2303 homines
2870 2248 3126 2304 adventui
3162 2250 3467 2321 subiunxit.

1883 2334 1954 2389 At
1994 2336 2138 2390 enim
2173 2337 2285 2394 illis
2319 2337 2454 2408 ipsis
2496 2354 2634 2394 nova
2673 2339 2807 2395 Novi
2850 2340 3187 2397 Testamenti
3211 2345 3471 2414 mysteria

1883 2443 2147 2500 peragere
2176 2433 2436 2500 prmcepit
2462 2431 2655 2488 dicens
2683 2452 2696 2486 :
2725 2433 2796 2486 Et
2817 2435 3118 2504 sacriﬁcent
3144 2436 3470 2505 sacriﬁcium

1885 2520 2153 2589 laudis,et
2177 2525 2489 2578 annuntient
2519 2540 2681 2593 opera
2713 2526 2830 2594 ejus
2860 2528 2914 2580 in
2948 2527 3326 2582 exsultatione.

181 2620 326 2671 πους
361 2608 656 2678 παρουσίᾳ.
711 2607 904 2672 Αὐτοϊς
957 2608 1247 2680 τοιγαροῦν
1287 2609 1497 2671 τούτοις
1529 2609 1624 2662 καὶ
1655 2607 1726 2661 τὰ
1753 2609 1847 2663 νέα
1903 2615 2178 2686 μυστήρια
2233 2603 2333 2686 τῆς
2362 2617 2569 2687 Καινῆς
2613 2615 2889 2689 Διαθήκης
2928 2619 3187 2688 πράττειν
3236 2633 3473 2688 παρεκε-

181 2699 400 2768 λεύετο,
438 2701 640 2770 λέγων’
688 2701 799 2756 Καὶ
856 2701 1221 2757 θυσάτωσαν
1241 2703 1464 2759 θυσίαν
1484 2702 1788 2768 αἰνέσεως,
1817 2705 1917 2759 καὶ
1961 2707 2484 2778 ἐξαγγειλάτωσαν
2516 2713 2587 2766 τὰ
2621 2713 2764 2780 ἔριν-α
2819 2711 3004 2765 αὑτοῦ
3057 2711 3127 2764 ἐν
3177 2708 3467 2764 ἀναλλιά-

181 2801 305 2850 σει.

250 2903 433 2971 Eine,
467 2909 564 2962 καί
590 2908 741 2978 ἔστη
770 2909 1007 2980 πνεῦμα
1033 2907 1394 2979 καταιγίδος,
1431 2907 1528 2961 καὶ
1567 2906 1776 2977 ὑψώθη

1961 2908 2132 2966 Vsus.
2193 2909 2382 2967 25-40.
2456 2905 2612 2967 Dixit
2668 2923 2718 2968 et
2757 2915 2900 2968 stetit
2941 2915 3158 2981 spiritus
3202 2916 3469 2984 procellte,

185 2999 258 3054 τὰ
297 3002 538 3069 κύματα
577 2999 789 3070 αὐτῆς.
836 2996 1286 3056 Ἆναϐαίνουσιν
1321 3000 1432 3066 ἕως
1465 2998 1584 3054 τῶν
1608 3003 1781 3070 οὐρα-

1887 3011 1936 3056 et
1968 3002 2194 3056 exaltati
2243 3012 2367 3057 sunt
2418 3005 2611 3074 ﬂuctus
2641 3006 2775 3075 ejus.
2833 3003 3134 3059 Ascendunt
3187 3022 3350 3077 usque
3404 3009 3472 3061 ad

182 3091 310 3146 νῶν
332 3092 441 3147 καί
462 3095 932 3149 καταϐαίνουσιν
944 3094 1055 3160 ἕως
1078 3091 1198 3147 τῶν
1217 3094 1523 3160 ἀϐύσσων,
1552 3095 1592 3162 ἡ
1608 3093 1780 3163 ψυχὴ

1888 3092 2046 3148 caelos
2086 3102 2137 3148 et
2165 3092 2486 3149 descendunt
2515 3113 2678 3166 usque
2708 3095 2776 3149 ad
2807 3094 3047 3166 abyssos,
3084 3096 3262 3150 anima
3291 3112 3474 3151 eorum

185 3185 394 3241 αὐτῶν
437 3187 510 3241 ἐν
553 3187 760 3254 κακοῖς
791 3187 1059 3255 ἐτήκετο.
1115 3187 1588 3258 Ἑταράχινησαν,
1639 3189 1781 3243 ἐσα-

1885 3187 1940 3240 in
1969 3186 2125 3240 malis
2157 3186 2472 3242 tabescebat.
2504 3187 2729 3242 Turbati
2754 3198 2898 3256 sunt,
2923 3189 3171 3244 commoti
3189 3199 3312 3243 sunt
3336 3191 3476 3244 sicut

184 3279 511 3348 λεύθησαν
533 3279 613 3346 ὠς
640 3283 673 3334 ό
700 3281 957 3350 μεθύων,
985 3279 1082 3334 καὶ
1117 3279 1286 3334 πᾶσα
1314 3281 1351 3348 ή
1376 3280 1562 3349 σοφία
1583 3279 1781 3334 αὐτῶν

1884 3278 2080 3344 ebrius,
2113 3290 2160 3333 et
2193 3281 2363 3334 omnis
2414 3281 2678 3350 sapientia
2728 3297 2910 3336 eorum
2953 3282 3205 3336 devorata
3249 3295 3347 3336 est.
3408 3280 3475 3334 Et

186 3374 520 3444 κατεπόθη.
577 3375 688 3429 Kal
739 3375 1075 3446 ἐκέκραξαν
1126 3377 1277 3444 πρὸς
1321 3377 1542 3445 Κύριον
1584 3377 1654 3430 ἐν
1700 3377 1782 3442 τῷ

187 3463 509 3521 θλίϐεσθαι
526 3467 766 3533 αὐτοὺς,
786 3468 885 3522 καὶ
908 3466 976 3521 ἐκ
999 3467 1118 3522 τῶν
1133 3469 1412 3538 ἀναγκῶν
1445 3468 1645 3523 αὐτῶν
1685 3469 1784 3533 ἐξ-

190 3553 428 3627 ήγαγεν
468 3559 711 3625 αύτούς.
745 3559 857 3612 Καὶ
895 3559 1156 3624 ἐπάταξε
1208 3559 1282 3627 τῇ
1315 3561 1629 3630 καταιγίδι,
1683 3561 1781 3614 καί

189 3645 342 3715 ἔστη
379 3649 470 3713 είς
496 3641 710 3716 αὔραν,
749 3648 848 3701 καὶ
875 3649 1178 3718 ἐσίγησαν
1203 3650 1275 3702 τὰ
1308 3650 1542 3718 κύματα
1570 3648 1780 3718 αὐτῆς.

193 3739 387 3794 Ταῦτα
445 3731 803 3812 προφητικῶς
853 3735 1217 3814 θεσπιζόμενα
1256 3741 1557 3814 ἐπληροῦτο
1606 3741 1784 3812 ῥητῶς

193 3834 291 3886 καὶ
330 3833 473 3903 πρὸς
526 3832 670 3898 λέξιν
708 3851 721 3864 ’
773 3833 882 3887 τῶν
928 3834 1037 3907 γὰρ
1091 3834 1348 3907 μαθητῶν
1391 3833 1483 3887 τοῦ
1534 3824 1785 3906 Σωτῆρος

192 3926 356 3998 ἡμῶν
404 3927 751 3997 ἐμπλεόντων
789 3929 884 3981 σὺν
920 3925 1087 3997 αὐτῷ,
1129 3926 1401 3995 σεισμὸς,
1436 3926 1620 3998 φησὶν,
1662 3921 1788 3997 ἐγέ-

189 4035 332 4072 νετο
363 4018 555 4087 μέγας
577 4018 648 4072 ἐν
674 4016 750 4086 τῇ
771 4019 1077 4087 θαλάσσῃ,
1123 4018 1280 4072 ὥστε
1316 4019 1379 4071 τὸ
1416 4018 1633 4072 πλοῖον
1681 4034 1786 4071 κα-

188 4111 535 4165 λύπτεσθαι
560 4113 678 4166 ὑπὸ
714 4111 835 4163 τῶν
860 4107 1160 4180 κυμάτων.
1199 4111 1261 4164 Οἱ
1290 4110 1348 4163 δὲ
1383 4102 1787 4182 προσπεσόντες

190 4197 347 4256 εἶπον
381 4200 562 4272 αὐτῷ’
599 4204 798 4271 Κύριε,
836 4199 1046 4255 σῶσον
1066 4200 1244 4271 ἡμᾶς,
1287 4202 1696 4271 ἀπολλύμεθα.
1727 4201 1786 4252 '0

191 4283 249 4346 δὲ
280 4293 423 4366 πρὸς
455 4293 653 4357 αὐτοὺς
713 4296 930 4366 φήσας·
989 4295 1049 4349 Τί
1085 4293 1275 4353 δειλοί
1321 4294 1483 4360 ἐστε,
1529 4296 1788 4362 ὀλιγόπι-

192 4401 364 4449 στοι;
413 4385 743 4455 ἐπετίμησε
788 4384 912 4452 τοῖς
937 4383 1177 4455 ἀνέμοις
1210 4385 1307 4439 καὶ
1360 4384 1437 4454 τῇ
1475 4384 1783 4453 θαλάσσῃ,

1885 3371 2246 3426 clamauerunt
2296 3373 2365 3425 ad
2405 3372 2691 3427 Dominum
2725 3391 2844 3428 cum
2885 3371 3294 3440 tribularentur,
3325 3384 3375 3428 et
3411 3374 3475 3427 de

1885 3465 2286 3519 necessitatibus
2330 3483 2511 3519 eorum
2565 3465 2753 3520 eduxit
2801 3483 2908 3520 eos.
2948 3464 3017 3519 Et
3063 3463 3476 3536 percussit'pro-

1886 3556 2097 3620 cellam,
2123 3569 2173 3612 et
2206 3558 2351 3611 stetit
2384 3559 2436 3611 in
2468 3575 2679 3623 auram,
2711 3567 2758 3612 et
2799 3560 3064 3612 siluerunt
3107 3558 3299 3627 ﬂuctus
3334 3558 3471 3628 ejus.

1888 3647 2018 3702 llaec
2053 3649 2371 3719 prophetice
2416 3650 2779 3718 praenuntiata
2811 3651 2993 3720 reipsa
3049 3651 3102 3704 et
3136 3649 3200 3703 ad
3236 3649 3473 3704 litteram

1888 3741 2109 3810 impleta
2135 3750 2282 3796 sunt.
2317 3740 2451 3794 Nam
2493 3757 2616 3796 cum
2657 3739 2912 3812 discipuli
2965 3735 3266 3796 Salvatoris
3299 3741 3472 3794 nostri

1889 3848 2013 3887 cum
2045 3833 2167 3904 ipso
2198 3833 2543 3904 navigarent,
2579 3844 2775 3898 motus,
2805 3834 3005 3904 inquit,
3048 3850 3267 3903 magnus
3296 3834 3473 3902 factus

1887 3933 1965 3978 est
1986 3925 2040 3978 in
2066 3926 2223 3993 mari,
2246 3927 2320 3978 ita
2353 3936 2412 3978 ut
2433 3925 2678 3979 navicula
2706 3926 2996 3994 operiretur
3012 3921 3264 3994 ﬂuctibus
3286 3924 3352 3982 ⁷⁸.
3393 3924 3476 3978 Illi

1887 4031 2018 4071 vero
2049 4016 2473 4087 procumbentes
2503 4016 2756 4071 dicebant
2779 4016 2827 4070 ei
2871 4029 2885 4070 :
2919 4015 3161 4078 Domine,
3188 4015 3336 4070 salva
3353 4031 3472 4076 nos,

1888 4109 2142 4178 perimus.
2178 4109 2271 4162 llle
2295 4124 2427 4163 vero
2459 4124 2583 4162 cum
2618 4105 2850 4163 dixisset
2893 4127 2906 4161 :
2950 4107 3092 4174 Quid
3122 4103 3296 4160 timidi
3318 4107 3472 4168 estis,

1891 4201 2113 4255 modica:
2147 4193 2620 4271 ﬁdei?increpavit
2655 4210 2830 4255 ventos
2861 4209 2912 4254 et
2933 4205 3100 4264 mare,
3134 4207 3183 4253 et
3217 4199 3363 4268 facta
3393 4209 3473 4253 est

1893 4290 2256 4360 tranquillitas
2287 4307 2481 4362 magna
2500 4292 2566 4346 ⁷⁷.
2591 4289 2659 4344 Ει
2682 4290 2926 4346 laztentur
2958 4291 3082 4360 quia
3111 4285 3393 4351 siluerunt,
3425 4300 3475 4344 ct

1890 4383 2110 4438 deduxit
2141 4400 2229 4437 eos
2263 4384 2317 4437 in
2341 4395 2550 4452 portum
2596 4385 2882 4438 voluntatis
2929 4399 3061 4439 sute.
3105 4370 3475 4453 conﬁteantur

194 4478 291 4532 καί
321 4477 561 4548 ἐγένετο
580 4477 816 4546 γαλήνη
838 4476 1093 4547 μεγάλη.
1120 4477 1233 4531 Kal
1248 4477 1780 4547 εὐφρανθήτωσαν,

1893 4478 2550 4561 Domindmisericordiw
2595 4478 2745 4548 ejus,
2790 4488 2839 4532 et
2879 4477 3151 4532 mirabilia
3184 4477 3298 4547 ejus
3340 4479 3474 4547 ﬁliis

192 4567 281 4622 ὅτι
318 4571 672 4640 ἡσύχασαν,
715 4568 816 4622 καὶ
849 4569 1166 4641 ὡδήγησεν
1207 4570 1430 4636 αὐτοὺς
1456 4572 1545 4638 είς
1565 4570 1784 4640 λιμένα

190 4662 530 4732 θελήματος
555 4662 763 4717 αὐτοῦ.
813 4653 1511 4736 Ἐξομολογησάσθωσαν
1537 4663 1620 4730 τῷ
1666 4657 1782 4719 Kv-

189 4753 297 4818 ρίῳ
320 4754 396 4809 τὰ
423 4752 569 4823 ἐλέη
592 4753 804 4817 αὐτοῦ,
839 4754 938 4807 καὶ
974 4755 1049 4810 τὰ
1087 4750 1390 4826 θαυμάσια
1436 4757 1623 4812 αὐτοῦ
1655 4757 1782 4822 τοῖς

193 4846 345 4913 υίοῖς
393 4844 515 4901 τῶν
559 4845 904 4913 ἀνθρώπων.
970 4843 1420 4916 Ὑψωσάτωσαν
1473 4851 1662 4904 αὑτὸν
1710 4852 1781 4904 ἐν

195 4939 498 5008 ἐκκλησίᾳ
533 4939 709 5004 λαοῦ,
761 4938 860 4992 καὶ
932 4938 1002 4992 ἐν
1047 4941 1304 5008 καθέδρα
1348 4942 1781 5010 ιπρεσϐυτέρων

195 5031 615 5086 αὶνεσάτωσαν
634 5031 840 5087 αὐτόν.
884 5030 1273 5104 Ὀδηγηθέντες
1293 5033 1386 5085 ἐπὶ
1406 5033 1602 5104 λιμένα
1631 5034 1783 5105 θελή-

202 5139 370 5192 ματος
395 5123 561 5178 αὐτοῦ
583 5144 596 5155 ·
633 5126 718 5194 ἐφ’
747 5119 828 5189 οἷς
853 5125 882 5178 ό
907 5125 1064 5194 λόγος
1108 5125 1423 5194 ἀναγκαίως
1454 5128 1781 5199 προστάττει

197 5213 454 5287 τέταρτον
483 5215 625 5270 οὕτω
661 5217 724 5270 τὸ
753 5216 1191 5288 ἐξομολογεῖσθαι
1217 5215 1296 5288 τῷ
1328 5217 1542 5290 Κυρίῳ,
1575 5220 1669 5273 καὶ
1712 5219 1782 5273 τὰ

200 5301 324 5375 ὲλέη
357 5305 520 5358 αὐτοῦ
561 5306 651 5359 διὰ
676 5307 943 5377 στόματος
973 5306 1157 5378 φέρειν
1182 5323 1195 5336 ·
1231 5311 1518 5380 παρεγγυᾷ
1559 5311 1690 5364 πᾶσί
1720 5328 1778 5363 τε

199 5398 310 5461 τοῖς
336 5399 472 5462 υἱοῖς
499 5399 609 5452 τῶν
648 5397 952 5470 ἀνθρώπων
995 5398 1360 5469 ἀπαγγέλλειν
1389 5401 1460 5454 τὰ
1501 5401 1780 5475 θαυμάσια

201 5488 386 5543 αὑτοῦ.
418 5493 620 5545 Ἕθετο
659 5491 964 5561 ποταμοὺς
1000 5493 1086 5559 εὶς
1136 5492 1462 5563 ἐρήμωσιν,
1510 5495 1608 5549 καὶ
1647 5495 1780 5560 ἐξό-

201 5576 347 5648 δους
401 5583 635 5638 ὑδάτων
685 5586 771 5651 είς
815 5583 1035 5654 δίψαν,
1095 5583 1213 5656 γῆν
1258 5590 1644 5658 καρποφόρον
1690 5593 1778 5657 είς

203 5670 398 5744 ἅλμην
427 5677 546 5732 ἀπὸ
591 5678 812 5745 κακίας
848 5676 967 5732 τῶν
1009 5680 1454 5735 κατοικούντων
1482 5680 1554 5735 ἐν
1594 5680 1772 5751 αὐτῇ.

271 5825 317 5864 ’⁸
357 5833 544 5892 Μοιιιι.
580 5852 710 5900 Vin.
744 5832 834 5892 24.-
910 5836 954 5868 ⁷⁷
995 5834 1127 5892 ibid.
1166 5826 1270 5900 25,
1305 5835 1398 5891 2-6.

1888 4570 2178 4626 hominum.
2233 4569 2487 4624 Exallent
2541 4587 2660 4622 eum
2707 4571 2761 4623 in
2812 4569 3032 4624 ecclesia
3078 4569 3280 4639 plebis,
3317 4578 3366 4624 et
3417 4571 3472 4623 in

1887 4661 2141 4716 cathedra
2191 4660 2459 4714 seniorum
2500 4659 2714 4714 laudent
2768 4676 2907 4714 eum.
2960 4659 3192 4715 Deducti
3234 4668 3368 4715 sunt
3415 4663 3473 4716 in

1884 4762 2106 4826 portum
2138 4754 2437 4807 voluntatis
2466 4752 2586 4822 ejus
2615 4771 2627 4806 :
2662 4769 2770 4823 qua
2815 4753 2884 4808 de
2931 4767 3100 4807 causa
3155 4751 3243 4808 hic
3273 4762 3473 4823 quarto

1881 4847 2144 4919 jubentur
2171 4845 2405 4901 Domino
2439 4846 2689 4901 conﬁteri
2736 4855 2790 4901 et
2825 4845 3238 4901 misericordias
3269 4847 3391 4917 ejus
3417 4849 3472 4902 in

1882 4954 1978 4998 ore
2034 4941 2196 4998 ferre.
2248 4941 2502 5012 Praecipit
2543 4942 2674 4996 item
2716 4939 2972 4995 omnibus
3034 4940 3354 4995 hominibus
3409 4948 3470 4996 ut

1883 5029 2213 5087 annuntient
2249 5031 2524 5086 mirabilia
2553 5030 2694 5100 ejus.
2727 5029 2916 5084 Posuit
2940 5031 3166 5100 ﬂumina
3196 5031 3251 5084 in
3288 5029 3470 5086 deser-

1883 5136 2014 5184 tum.
2043 5136 2091 5179 et
2115 5126 2286 5179 exitus
2311 5140 2570 5196 aquarum
2596 5126 2651 5177 in
2695 5124 2863 5187 sitim,
2899 5132 3096 5178 terram
3135 5122 3470 5191 fructiferam

1882 5222 1936 5273 in
1965 5219 2286 5288 salsuginem
2319 5235 2351 5271 a
2382 5217 2593 5270 malitia
2625 5217 3041 5270 inhabilantium
3069 5217 3121 5269 in
3165 5233 3248 5270 ea.
3277 5212 3462 5269 Posuit

1879 5311 2144 5366 desertum
2170 5313 2223 5365 in
2253 5321 2443 5382 stagna
2469 5327 2749 5381 aquarum,
2781 5320 2828 5364 et
2869 5319 3067 5364 terram
3095 5309 3206 5362 sine
3237 5323 3377 5377 aqua
3412 5308 3466 5360 in

1887 5404 2061 5458 exitus
2109 5420 2390 5473 aquarum.
2433 5401 2502 5456 Et
2551 5402 2793 5457 habitare
2837 5402 2958 5471 fecit
2998 5400 3111 5453 illic
3156 5399 3467 5459 esurientes,

1886 5507 1934 5552 et
1975 5498 2359 5552 constituerunt
2387 5497 2627 5551 civitates
2670 5494 3041 5549 habitationis.
3067 5490 3134 5546 Et
3180 5487 3470 5545 seminave-

1884 5600 2009 5645 runt
2044 5607 2199 5662 agros
2229 5599 2279 5644 et
2309 5589 2686 5659 plantaverunt
2733 5589 2930 5650 vineas,
2973 5595 3024 5640 et
3065 5584 3300 5655 fecerunt
3355 5581 3472 5646 fru-

1883 5693 2024 5740 ctum
2071 5684 2460 5755 productionis.
2493 5681 2562 5740 Et
2609 5679 2874 5737 benedixit
2912 5679 2988 5734 eis
3034 5687 3084 5733 et
3116 5673 3475 5750 multiplicati
