3964 6530
199 352 361 409 1329
1328 358 1836 416 COMMENTARIA
1878 362 1945 417 IN
1985 362 2323 423 PSALMOS.
3364 316 3538 424 i330.

199 482 594 552 μακαρισμοῦ
622 482 913 554 γενόμενος
952 480 1118 549 ἄξιος,
1152 483 1216 537 δι’
1243 478 1304 539 οὗ
1341 485 1553 557 εἴρηται
1572 504 1585 517 ο
1616 487 1791 541 Μακάι

1919 488 2091 544 lectus
2123 499 2228 551 est,
2256 505 2363 559 qua
2392 488 2595 543 dicitur
2621 510 2633 543 :
2657 488 2811 545 Beati
2835 486 3028 544 mundo
3051 488 3225 555 corde,
3248 490 3498 559 quoniam

193 588 330 637 ριοι
364 575 429 625 ol
463 573 705 641 καθαροὶ
750 571 826 641 τῇ
880 572 1115 641 καρδίᾳ,
1167 574 1257 628 ὅτι
1297 572 1467 629 αὐτοὶ
1520 575 1625 630 τὸν
1670 578 1791 631 Θεὸι

1925 582 2024 650 ipsi
2060 581 2227 636 Deum
2269 582 2512 635 ridebunt
2539 582 2607 643 δ’,
2640 584 2978 638 conlidentcr
3012 582 3158 636 dicat
3190 599 3202 633 :
3237 581 3496 635 Paratum

196 661 511 729 ὄψονται,
542 666 682 717 εῐποι
714 664 778 718 ἂν
818 664 1036 735 θαρρῶν
1056 681 1069 695 ·
1109 665 1346 735 Ἐτοίμη
1376 667 1416 735 ἠ
1440 668 1651 737 καρδία
1674 687 1791 738 μου

1923 691 2014 727 cor
2061 691 2253 737 meum,
2309 675 2465 729 Deus.
2524 673 2792 745 Propheta
2844 677 3007 747 igitur
3050 692 3173 730 cum
3220 691 3315 745 per
3355 676 3495 728 bona

196 753 235 804 ὁ
274 755 469 820 Θεός.
520 755 577 808 '0
616 755 909 827 Προφήτης
941 751 1056 818 οὖν,
1089 754 1157 809 τὰ
1193 755 1321 825 φίλα
1356 758 1449 811 καὶ
1474 761 1709 831 συγγενῆ
1738 762 1791 832 τίς

1921 780 2084 835 Opera
2116 782 2229 821 rem
2265 765 2491 836 Spiritui
2534 776 2727 821 sancto
2750 774 2958 837 gratam
2989 777 3042 821 et
3073 775 3348 836 acceptam
3375 782 3497 835 per-

196 843 362 915 ἁγίῳ
413 845 699 917 Πνεύματι
728 847 794 899 δι’
835 846 1104 917 ὲναρέτων
1136 844 1312 918 ἔργων
1356 849 1693 915 ἐπιτελέσας,
1738 853 1791 922 et}

1923 856 2163 920 fecisset,
2188 857 2377 911 talium
2411 857 2654 928 largitori
2687 855 2794 912 Deo
2835 865 3157 926 praesentem
3190 858 3494 911 orationem

193 938 492 993 τοιούτων
550 936 735 1011 δοτῆρι
772 938 890 1011 Θεῷ
937 939 1036 1011 τὴν
1076 941 1444 1013 προκειμένην
1484 943 1648 1015 εὐχὴν
1686 945 1815 998 ἀνα-

194 1031 463 1100 πέμπει.
495 1033 747 1102 ’ᾼσομαι
784 1031 880 1085 καὶ
924 1030 1099 1099 ψαλῶ
1123 1032 1194 1085 ἐν
1221 1032 1295 1101 τῇ
1318 1032 1467 1103 δόξῃ
1491 1052 1611 1103 μου
1632 1051 1647 1066 ·
1679 1038 1813 1090 ἀποο

190 1122 403 1175 λαϐὼν
441 1125 541 1195 τὴν
580 1124 818 1193 ἐμαυτοῦ
851 1124 1028 1191 δόξαν,
1059 1125 1306 1178 τουτέστι
1340 1125 1436 1197 τὴν
1469 1128 1811 1199 προφητικὴν

192 1214 403 1286 χάριν.
453 1214 841 1284 Ἐξεγέρθητι,
870 1218 908 1285 ἡ
927 1216 1079 1281 δόξα
1104 1234 1244 1286 μου,
1268 1217 1625 1287 ἐξεγέρθητι,
1655 1222 1811 1287 ψαλ-

189 1306 433 1375 τήριον
452 1307 549 1360 καὶ
578 1308 809 1377 κιθάρα,
832 1308 1297 1378 ἐξεγερθήσομαι
1323 1307 1555 1379 ὄρθρου.
1583 1310 1809 1382 Μήποτε

190 1401 303 1466 τὰς
357 1402 633 1473 δυνάμεις
681 1404 780 1474 τῆς
823 1402 1015 1457 ἑαυτοῦ
1058 1404 1236 1475 ψυχῆς
1279 1405 1374 1458 καὶ
1414 1405 1506 1458 τοῦ
1557 1405 1809 1478 σώματος

186 1493 482 1567 διεγείρει
521 1494 609 1547 διὰ
647 1496 744 1567 τὴν
780 1494 1082 1565 μέλλουσαν
1125 1496 1205 1559 εἰς
1237 1496 1397 1549 αὑτὸν
1430 1496 1681 1564 γενέσθαι
1710 1498 1806 1550 τοῦ

187 1585 358 1639 θείου
408 1587 731 1657 Πνεύματος
779 1586 1101 1640 ἐπίπνοιανο
1143 1588 1239 1641 καὶ
1272 1586 1414 1641 κατὰ
1445 1587 1681 1642 διάνοιαν
1708 1590 1805 1659 μὲν

188 1679 675 1749 ὲκλαμὸανόντων
709 1680 865 1750 ήμῶν
908 1680 976 1733 τὰ
1020 1680 1159 1751 μέλη
1202 1682 1295 1734 τοῦ
1327 1680 1575 1752 σώματος
1615 1682 1711 1736 καὶ⁵
1736 1682 1804 1735 τὰ

186 1771 571 1842 αἰσθητήρια,
606 1774 672 1825 δι’
702 1767 775 1827 ὧν
808 1777 835 1827 ὁ
862 1774 985 1838 νοῦς
1018 1776 1378 1848 ἀνακρούεται
1406 1778 1493 1831 ὅτε
1516 1778 1562 1831 δ’
1590 1778 1657 1831 ἂν
1683 1777 1804 1848 βού-

1918 951 2136 1007 emittit.
2167 949 2405 1005 Cantabo
2440 963 2489 1005 et
2522 951 2753 1021 psallam
2796 951 2849 1004 iu
2898 950 3073 1021 gloria
3116 966 3231 1004 mea
3264 964 3283 1003 :
3316 949 3367 1003 id
3389 957 3491 1013 est,

1918 1047 2198 1111 assumpta
2241 1041 2413 1112 gloria
2465 1057 2607 1105 mea,
2642 1058 2737 1098 seu
2766 1039 3123 1112 prOplietandi
3154 1041 3347 1111 gratia.
3383 1039 3495 1093 Ex-

1918 1148 2089 1202 surge,
2108 1132 2279 1202 gloria
2311 1150 2449 1194 mea,
2467 1149 2710 1204 exsurge,
2740 1134 3050 1203 psalterium
3069 1142 3117 1187 et
3148 1133 3378 1197 cithara,
3401 1147 3492 1186 ea:-

1917 1240 2132 1294 surgam
2160 1224 2417 1280 diluculo.
2452 1223 2591 1279 Num
2619 1226 2757 1280 forte
2797 1225 2993 1279 animm
3022 1224 3378 1295 corporisque
3406 1225 3492 1279 sui

1916 1316 2062 1371 vires
2105 1316 2308 1370 excitat
2351 1318 2421 1371 ob
2474 1318 2833 1371 adventuram
2874 1318 2978 1387 ipsi
3021 1316 3261 1387 Spiritus
3317 1317 3491 1371 sancti

1916 1408 2331 1478 inspirationem
2360 1427 2373 1475 ;
2409 1410 2482 1461 ita
2516 1419 2577 1463 ut
2613 1424 2715 1463 nos
2753 1408 3026 1479 spirituali
3071 1424 3221 1463 more
3250 1410 3492 1463 membra

1914 1500 2162 1569 corporis
2192 1507 2245 1553 et
2278 1514 2475 1554 sensus
2507 1499 2869 1571 excipiamus,
2899 1501 3100 1571 quibus
3129 1514 3286 1555 mens
3312 1514 3491 1568 quau-

1914 1592 2201 1662 docunque
2234 1592 2469 1646 voluerit
2496 1593 2784 1660 pulsatur;
2820 1592 3134 1663 psalterium
3161 1607 3291 1646 vero
3316 1590 3490 1660 expli-

1913 1700 2102 1740 cemus
2133 1684 2488 1755 incorporeas
2516 1692 2569 1737 et
2601 1685 2961 1740 rationabiles
3001 1685 3197 1737 anima:
3236 1684 3488 1745 virtutes,

1912 1794 2049 1850 quas
2081 1779 2145 1832 ad
2173 1778 2411 1847 Spiritus
2440 1778 2843 1847 susceptionem
2883 1791 3197 1849 praeparans
3225 1775 3299 1830 ait
3326 1793 3341 1830 :
3376 1773 3491 1827 Ea:-

187 1862 369 1931 ληται
387 1880 401 1892 ο
443 1863 738 1935 ψαλτήριον
770 1866 826 1919 δὲ
854 1867 953 1929 τὰς
981 1868 1305 1938 ἀσωμάτους
1332 1870 1425 1923 καὶ
1457 1868 1681 1938 λογικὰς
1706 1869 1791 1939 τῆς

1906 1884 2078 1939 surge,
2108 1868 2419 1937 psalterium
2449 1877 2499 1923 et
2533 1867 2762 1921 cithara.

184 1954 391 2023 ψυχῆς
441 1954 719 2026 δυνάμεις,
758 1956 825 2020 ἃς
864 1957 928 2029 δὴ
972 1958 1403 2029 παρασκευάζων
1443 1962 1523 2025 εἰς
1569 1960 1669 2031 τὴν
1713 1960 1805 2013 τοῦ
1860 1960 2177 2033 Πνεύματος
2215 1961 2482 2032 ὑποδοχήν
2525 1978 2717 2031 φησιν·
2786 1958 3181 2028 Ἑξεγέρθητι,
3252 1954 3487 2026 Wtri-

182 2063 336 2115 ριον
368 2047 477 2101 καὶ
506 2048 739 2116 κιθάρα.

276 2144 594 2213 ’Υψώθητι
640 2146 738 2198 ἐπὶ
776 2146 920 2212 τοὺς
958 2148 1275 2215 οὐρανοὺς,
1304 2152 1338 2203 ό
1378 2150 1541 2216 Θεὸς,
1572 2150 1669 2203 καὶ
1698 2148 1799 2204 ἐπὶ

182 2235 424 2290 πᾶσαν
450 2236 564 2304 τὴν
589 2236 707 2305 γῆν·
734 2239 770 2305 ἠ
795 2239 944 2303 δόξα
971 2256 1109 2306 σου,
1136 2240 1295 2306 ὅπως
1317 2241 1396 2295 ἂν
1409 2239 1725 2309 ῥυσθῶσιν
1744 2245 1799 2296 ol

182 2328 511 2397 ἀγαπητοί
543 2344 679 2383 σου.
708 2328 919 2383 Σῶσυν
946 2331 1020 2399 τῇ
1048 2330 1216 2399 δεξιᾷ
1248 2347 1386 2394 σου,
1414 2333 1513 2387 καὶ
1544 2332 1799 2387 ἐπάκου-

184 2421 319 2473 σόν
352 2436 501 2489 μου.
548 2420 600 2472 '0
650 2420 794 2487 Θεὸς
834 2420 1146 2488 ἐλάλησεν
1184 2423 1255 2475 ἐν
1282 2420 1363 2488 τῷ
1391 2423 1540 2491 ἁγίῳ
1568 2422 1793 2477 αὐτοῦ’

196 2511 211 2529 ”
229 2511 653 2581 Υψωθήσομαι
693 2512 791 2564 καὶ
820 2511 1096 2581 διαμεριῶ
1126 2514 1360 2583 Σίκιμα,
1396 2514 1496 2567 καὶ
1524 2514 1640 2582 τὴν
1668 2532 1796 2568 κοι-

182 2602 360 2657 λάδα
394 2603 519 2656 τῶν
557 2604 805 2671 σκηνιῖγ)⁴
845 2604 1235 2673 διαμετρήσω.
1264 2605 1525 2659 Ὶκετεύω
1560 2607 1651 2660 καὶ
1680 2607 1796 2660 δέο-

189 2714 297 2767 μαι
344 2698 519 2767 τάχος
552 2698 835 2768 ἐπιστῆναι
864 2698 964 2769 τὴν
996 2699 1174 2769 χάριν,
1215 2700 1311 2752 καὶ
1351 2699 1410 2751 σὲ
1450 2699 1542 2753 τόν
1571 2699 1795 2769 ὕψιστον

183 2789 331 2843 Θεὸν
353 2790 453 2843 τὸν
480 2790 537 2843 ἐν
574 2793 685 2853 τοῖς
710 2790 959 2862 οὐρανοῖς
983 2790 1320 2861 ὑμνούμενον
1345 2790 1676 2861 γνωσθῆναι,
1702 2792 1795 2846 κα)⁵

181 2882 291 2953 τὴν
339 2881 550 2935 σαυτοῦ
589 2880 745 2946 δόξαν
790 2881 1031 2953 φανερὰν
1078 2882 1300 2953 ποιῆσαι
1348 2883 1441 2936 ἐπὶ
1482 2884 1663 2936 πᾶσαν
1694 2882 1793 2954 τήν

183 2974 316 3045 γῆν.
354 2973 566 3027 Τούτου
595 2973 705 3045 γὰρ
741 2974 1056 3045 γενομένου,
1100 2974 1461 3047 ρυσθήσονται
1493 2976 1542 3029 οἱ
1576 2976 1793 3048 ἀγαπη-

180 3068 270 3121 τοί
304 3085 409 3121 σου
442 3068 549 3121 ἀπὸ
575 3067 673 3138 τῆς
699 3070 903 3140 πικρᾶς
932 3068 1176 3132 δουλείας
1204 3068 1299 3121 καλ⁸
1325 3068 1701 3139 αἰχμαλωσίας
1726 3071 1792 3141 ἣν

182 3156 540 3210 πεπόνθασιν
586 3158 890 3231 ὑποχείριοι
933 3159 1237 3230 γενόμενοι.
1279 3157 1490 3213 Σῶσσν
1516 3156 1591 3227 τῇ
1623 3157 1793 3226 δεξιᾷ

180 3265 330 3314 σου,
367 3250 473 3303 καὶ
503 3250 851 3305 ἐπάκουσόν
860 3267 1001 3321 μου.
1044 3252 1104 3305 '0
1124 3251 1267 3318 Θεὸς
1287 3250 1596 3319 ἐλάλησεν
1620 3251 1690 3305 ἐν
1711 3250 1791 3316 τῷ

183 3341 337 3409 ἁγίῳ
390 3340 604 3397 αὑτοῦ.
637 3340 731 3405 Τίς
758 3337 827 3413 ἦν
872 3344 900 3396 ὁ
940 3341 1095 3411 ἅγιος
1141 3341 1375 3413 αὐτοῦῆ
1420 3342 1450 3396 ὁ
1494 3340 1789 3413 μονογενής

1978 2145 2143 2201 Vens.
2181 2145 2213 2199 6
2238 2174 2257 2186 ο
2277 2146 2332 2200 8.
2365 2144 2622 2197 Exaltare
2652 2160 2808 2213 super
2839 2143 3015 2203 caelos,
3050 2141 3212 2205 Deus,
3251 2151 3302 2195 et
3332 2157 3489 2211 super

1905 2256 2109 2294 omnem
2147 2247 2343 2293 terram
2371 2238 2547 2307 gloria
2591 2246 2705 2302 tua,
2736 2248 2795 2290 ut
2836 2236 3123 2289 liberentur
3154 2234 3336 2289 dilecti
3384 2238 3483 2291 tui.

1904 2332 2121 2389 Salvum
2151 2332 2237 2401 [ac
2262 2332 2480 2386 dextera
2508 2342 2620 2394 tua,
2652 2339 2702 2385 et
2738 2328 2932 2384 exaudi
2963 2345 3060 2383 me.
3106 2328 3245 2382 Deus
3278 2329 3484 2383 locutus

1901 2437 1979 2481 est
2009 2429 2062 2481 in
2092 2435 2274 2481 sancto
2304 2442 2400 2479 suo
2425 2439 2444 2477 :
2479 2423 2771 2477 Eataltabor
2805 2432 2853 2475 et
2883 2420 3406 2482 dividam’Sic/zima,
3434 2431 3485 2475 et

1902 2519 2189 2575 convallem
2215 2517 2677 2572 tabernaculorum
2703 2515 2973 2568 dimetiar.
2998 2513 3239 2568 Obsecro
3272 2528 3488 2582 precor-

1901 2627 2027 2682 que,
2059 2612 2169 2665 cito
2198 2607 2392 2663 adesse
2422 2607 2674 2678 gratiam,
2708 2619 2814 2675 qua
2842 2612 2892 2659 te
2940 2603 3269 2659 altissimum
3312 2602 3483 2657 Deum

1901 2699 1957 2753 in
2004 2698 2161 2754 caelis
2206 2697 2539 2751 celebratum
2576 2708 2891 2755 noscamus,
2926 2701 2980 2748 et
3027 2691 3198 2762 gloria
3247 2700 3337 2746 tua
3386 2707 3485 2761 per

1898 2804 2114 2843 onmem
2147 2797 2346 2841 terram
2389 2784 2678 2839 manifesta
2706 2783 2987 2839 reddatur.
3026 2782 3137 2837 Hoc
3162 2781 3308 2838 enim
3343 2797 3484 2851 per—

1900 2889 2046 2947 acto,
2071 2880 2257 2935 dilecti
2289 2878 2369 2933 tui
2402 2892 2433 2931 a
2464 2876 2603 2931 dura
2640 2876 2904 2930 servitute
2935 2882 3198 2929 eruentur
3238 2882 3293 2928 et
3324 2890 3355 2929 a
3389 2888 3483 2927 ca-

1899 2972 2141 3044 ptivitate
2162 2986 2268 3042 qua
2286 2969 2498 3025 subacti
2515 2975 2569 3024 et
2588 2968 2769 3022 amicti
2793 2975 2941 3023 sunt.
2962 2965 3179 3020 Salvum
3198 2965 3285 3034 [ac
3304 2964 3483 3019 dexte-

1899 3082 1962 3118 ra
2004 3076 2116 3125 tua,
2141 3072 2190 3118 et
2216 3060 2411 3118 exaudi
2444 3077 2544 3115 me.
2576 3059 2712 3115 Deus
2743 3059 2947 3113 locutus
2977 3068 3054 3113 est
3075 3060 3129 3111 in
3150 3066 3334 3112 sancto
3359 3072 3477 3111 suo.

1897 3156 2034 3223 Quis
2081 3162 2199 3213 erat
2241 3161 2467 3211 sanctus
2513 3152 2606 3207 Dei
2650 3151 2755 3206 nisi
2801 3149 2974 3206 Filius
3014 3150 3352 3220 unigenitus,
3384 3148 3479 3219 qui

1896 3264 2023 3305 vere
2052 3253 2278 3303 sanctus
2308 3253 2362 3302 et
2395 3244 2630 3301 dilectus
2667 3249 2752 3298 est
2789 3262 2801 3296 :
2835 3258 2931 3312 per
2963 3256 3123 3311 quem
3156 3238 3298 3295 Deus
3344 3240 3479 3309 ipsis

1898 3340 1965 3394 ad
1995 3337 2368 3409 supradictam
2399 3335 2724 3400 orationem,
2753 3348 2873 3401 qua:
2898 3331 2979 3386 sic
3002 3331 3163 3386 habet
3186 3348 3198 3384 :
3220 3328 3479 3383 Exaltare

184 3434 350 3497 Παῖς,
388 3435 421 3486 ὁ
465 3431 541 3485 ὣν
587 3432 801 3505 ἀληθῶς
841 3434 997 3503 ἅγιος
1034 3434 1126 3487 καὶ
1156 3434 1459 3505 ἀγαπητὸς,
1491 3434 1559 3488 δι’
1598 3426 1658 3488 οὗ
1683 3434 1784 3506 τήν

1900 3447 2041 3501 super
2072 3430 2247 3496 caelos,
2285 3428 2450 3492 Deus,
2491 3426 2803 3498 respondet,
2846 3424 3183 3487 Exaltabor;
3230 3421 3299 3476 ad
3343 3422 3479 3477 illud

182 3525 494 3597 ἀπόκρισιν
522 3527 818 3596 ἐποιήσατο
840 3526 977 3599 πρὸς
1004 3527 1101 3598 τὴν
1123 3527 1477 3582 ἀποδοθεῖσαν
1505 3528 1669 3601 εὐχὴν
1690 3529 1789 3582 αύ-

181 3620 301 3682 τοῖς
334 3620 363 3672 ὁ
394 3618 564 3681 Θεός⁹
598 3619 734 3689 πρὸς
766 3620 863 3690 μὲν
899 3616 994 3673 οὖν
1034 3620 1135 3690 τὴν
1175 3620 1340 3691 εὐχὴν
1377 3621 1475 3692 τὴν
1502 3622 1783 3691 φήσασαν’

195 3709 509 3780 ’Υψώθητι
536 3710 635 3763 ἐπὶ
656 3711 797 3779 τοὺς
831 3709 1148 3778 οὐρανοὺς,
1182 3713 1215 3765 ό
1245 3710 1411 3777 Θεὸς,
1434 3712 1789 3782 ἀποκρίνεται

184 3802 390 3870 λέγων,
434 3800 879 3870 ’Υψωθήσομαι,
913 3800 1049 3872 πρὸς
1076 3799 1135 3852 δὲ
1177 3801 1269 3853 τὸο
1304 3802 1414 3855 Kal
1448 3801 1545 3855 ἐπὶ
1582 3801 1790 3859 πᾶσαν

184 3893 308 3963 τὴν
350 3891 473 3964 γῆν
515 3894 554 3961 ἡ
598 3891 749 3957 δόξα
784 3908 921 3956 σου,
955 3890 1116 3946 πάλιν
1154 3892 1506 3963 ἀποκρίνεται
1547 3894 1617 3947 τὰ
1658 3894 1789 3948 ἀκό-

185 3983 359 4036 λουθα
390 3982 499 4035 ἀπὸ
540 3980 655 4045 τοῦ,
696 3979 1112 4049 Ὑψωθήσομαι
1136 3979 1235 4032 καὶ
1259 3979 1534 4049 διαμεριῶ
1553 3982 1786 4051 Σίκιμα,

183 4076 288 4130 καὶ
316 4073 436 4142 τὴν
464 4072 716 4127 κοιλάδα
734 4070 854 4126 τῶν
877 4070 1126 4141 σκηνῶν
1149 4071 1544 4142 διαμετρήσω.
1571 4072 1788 4143 Ταύτην

184 4166 397 4228 τοίνυν,
434 4164 589 4235 φησὶ,
624 4164 722 4233 τὴν
765 4162 1007 4227 κοιλάδα,
1036 4162 1285 4215 τουτέστι
1312 4164 1495 4215 πᾶσαν
1537 4161 1637 4234 τὴν
1676 4162 1785 4215 τῶν

185 4254 498 4331 ἀνθρώπων
519 4256 862 4327 οἰκουμένην,
881 4257 961 4318 εἰς
985 4254 1190 4342 σκηνάς
1210 4254 1576 4326 διαμετρήσω,
1596 4255 1785 4326 ὥσπερ

1890 3543 2019 3581 vero
2054 3546 2067 3581 :
2102 3525 2167 3579 Et
2215 3539 2369 3592 super
2409 3538 2613 3576 omnem
2668 3531 2864 3575 terram
2912 3520 3084 3591 gloria
3122 3527 3236 3581 tua,
3283 3533 3479 3573 rursus

1891 3627 2259 3689 congruenter
2300 3615 2515 3686 reponit
2558 3614 2627 3668 ab
2676 3613 2763 3667 his
2795 3613 2979 3668 verbis
3033 3632 3046 3667 :
3094 3611 3391 3665 Exaltabor
3426 3619 3478 3664 et

1891 3710 2125 3765 dividam
2154 3707 2411 3769 Sichima,
2436 3715 2485 3760 et
2508 3705 2793 3759 convallem
2823 3704 3284 3758 tabernaculorum
3313 3702 3477 3755 dime-

1892 3805 2019 3857 tiar.
2059 3799 2231 3863 Hanc,
2267 3800 2465 3871 inquit,
2495 3799 2820 3863 convallem,
2848 3797 2899 3852 id
2926 3805 3011 3852 est
3038 3796 3354 3851 universum
3386 3810 3475 3849 or-

1894 3894 2039 3958 bem,
2076 3892 2129 3947 in
2163 3893 2522 3947 tabernacula
2578 3890 2853 3954 dimetiar,
2909 3890 3065 3959 quasi
3120 3889 3238 3943 loca
3285 3901 3474 3942 eorum

1896 3985 2127 4041 metiens
2150 3992 2203 4041 et
2232 3983 2586 4049 describens;
2616 3981 2854 4037 dividam
2908 3981 2963 4035 in
2990 3979 3341 4035 tabernacula
3381 3992 3477 4048 per

1893 4077 2141 4148 singulas
2167 4077 2440 4143 civitates,
2469 4082 2524 4131 et
2563 4074 2819 4145 regiones
2844 4082 2895 4128 et
2921 4073 3071 4128 vicos
3100 4091 3113 4127 :
3136 4086 3201 4126 ac
3228 4086 3473 4135 rursum,

1892 4169 2246 4223 tabernacula
2292 4167 2427 4222 mihi
2472 4166 2790 4233 dimetiens,
2837 4180 2901 4221 ac
2959 4179 3057 4236 per
3109 4164 3229 4218 loca
3280 4162 3473 4217 distri-

1891 4259 2099 4326 buens;
2137 4260 2191 4315 id
2216 4267 2301 4316 est
2330 4259 2616 4315 universas
2645 4274 2743 4329 per
2782 4257 2971 4313 orbem
3003 4256 3296 4312 Ecclesias.

186 4347 558 4420 χωρομετρῶν
610 4349 704 4401 καὶ
748 4348 1118 4419 καταγράφων
1170 4346 1396 4410 αὐτούς·
1438 4347 1786 4420 διαμετρήσω
1818 4352 1897 4415 εἰς
1928 4352 2133 4423 σκηνὰς
2161 4352 2305 4407 κατὰ
2336 4353 2514 4406 πᾶσαν
2536 4350 2711 4415 πόλιν,
2738 4351 2832 4405 καὶ
2880 4349 3063 4421 χώραν
3109 4351 3203 4403 καὶ
3245 4347 3469 4420 κώμην’

186 4445 283 4499 καὶ
320 4445 508 4509 πάλιν,
558 4443 765 4514 σκηνὰς
799 4442 1023 4514 ἐμαυτῷ
1059 4443 1368 4513 διαμετρῶν
1410 4445 1503 4497 καὶ
1534 4446 1919 4519 χωρομετρῶν,
1944 4448 2193 4502 τουτέστι
2220 4448 2321 4512 τὰς
2347 4447 2660 4517 ἁπανταχοῦ
2695 4446 3043 4515 Ἐκκλησίας.

274 4563 455 4633 Ἐμός
485 4563 615 4614 ἐστι
637 4561 906 4627 Γαλαὰδ,
940 4564 1037 4617 καὶ
1067 4563 1210 4633 ἐμός
1246 4563 1377 4617 ἐστι
1409 4567 1781 4634 Μανασσῆς·

1966 4567 2132 4623 Vsus.
2179 4570 2234 4632 9,
2275 4568 2364 4624 10.
2400 4566 2550 4623 Meus
2580 4576 2657 4621 est
2694 4564 2923 4627 Galaad,
2959 4573 3007 4617 et
3054 4578 3199 4615 meus
3233 4570 3311 4615 est
3351 4559 3472 4614 Ma-

184 4654 282 4707 καὶ
332 4653 581 4723 Ἐφραὶμ
623 4654 951 4722 ἀντίληψις
991 4653 1101 4723 τῆς
1145 4656 1418 4726 κεφαλῆς
1457 4676 1600 4729 μου.
1644 4660 1780 4714 Ἰού-

184 4744 295 4813 δας
352 4747 661 4811 βασιλεύς
718 4763 869 4814 μου.
921 4749 1103 4802 Mde
1149 4749 1331 4817 λέϐης
1379 4749 1488 4819 τῆς
1534 4752 1781 4819 ἐλπίδος

184 4855 323 4905 μου.
370 4837 588 4907 Ἐπειδὴ
631 4835 869 4908 Ἐφραῒμ
902 4841 996 4891 καὶ
1025 4841 1322 4913 Μανασσῆς
1356 4844 1462 4895 υἱοὶ
1492 4844 1780 4912 γεγόνασιν

202 4929 420 5001 Ἰωσὴφ,
461 4930 725 4999 κατέσχον
768 4929 824 4982 δὲ
866 4930 915 4983 οἱ
966 4931 1030 4983 ἐκ
1069 4932 1273 4985 τούτων
1305 4934 1404 5005 τὴν
1438 4935 1777 5008 καλουμένην

188 5022 373 5094 χώραν
404 5023 639 5086 Γαλαὰδ,
692 5023 787 5075 καὶ⁸
830 5022 927 5095 τὴν
965 5024 1146 5096 Συχὲμ
1179 5026 1271 5078 καὶ
1304 5028 1404 5098 τὴν
1437 5028 1776 5100 Σαμάρειαν,

192 5111 318 5167 ἔνθα
336 5116 396 5168 τὸ
423 5115 692 5186 βασίλειον
716 5117 1055 5188 συνειστήκει
1085 5116 1177 5169 τοῦ
1225 5118 1440 5191 Ἰσραήλ
1461 5137 1474 5150 ·
1508 5121 1596 5174 διὰ
1620 5122 1779 5177 τοῦτο

190 5204 381 5260 ἑαυτοῦ
412 5226 576 5279 φησιν
612 5204 749 5262 εἶναι
784 5209 875 5262 καὶ
900 5209 1142 5275 τούτους,
1181 5211 1271 5265 τὸν
1298 5212 1356 5265 δὲ
1386 5211 1626 5284 Ἐφραῖμ
1657 5218 1777 5269 κατ’

193 5298 467 5371 ἐξαίρετον
490 5302 577 5355 διὰ
605 5301 703 5374 τὴν
726 5302 783 5369 ἐξ
818 5302 981 5356 αὑτοῦ
1011 5306 1286 5358 συστᾶσαν
1314 5305 1614 5375 βασιλείαν,
1649 5325 1778 5377 κρα-

192 5388 410 5443 ταὶωσιν
444 5394 697 5464 ὀνομάζει
725 5395 824 5465 τῆς
864 5396 1103 5465 κεφαλῆς
1134 5396 1350 5451 ἑαυτοῦ.
1407 5398 1639 5466 Ἰούδας
1660 5401 1777 5465 βα-

192 5481 400 5547 σιλεύς
429 5501 570 5551 μου,
608 5486 780 5538 Μοὰϐ
811 5484 995 5553 λέϐης
1044 5486 1155 5555 τῆς
1196 5489 1445 5556 ἐλπίδος
1479 5509 1619 5560 μου.
1670 5493 1776 5545 Τὸν

204 5566 399 5624 Ἰούδαν
444 5574 665 5643 βασιλέα
696 5576 887 5630 ἑαυτοῦ
927 5575 1085 5641 εἶναι,
1120 5580 1286 5649 λέγει.
1320 5582 1590 5654 Πρόδηλον
1616 5584 1672 5637 δὲ
1695 5584 1776 5638 ὅτι

196 5662 331 5714 κατὰ
356 5664 445 5717 τὸν
485 5668 809 5725 ’Λπὸστολον
842 5673 899 5740 ἐξ
944 5674 1113 5728 ’ἰούδα
1140 5675 1504 5731 ἀνατέταλκεν
1527 5678 1555 5731 ὁ
1582 5676 1772 5749 Σωτὴρ

267 5821 310 5851 ⁸³
350 5822 536 5879 Matth.
579 5844 627 5889 v,
664 5828 715 5883 8.

1889 4672 2071 4716 nasscs
2097 4677 2115 4715 :
2141 4669 2191 4715 et
2218 4658 2473 4729 Ephraim
2500 4658 2760 4727 susceptio
2788 4656 2979 4724 capitis
3021 4655 3141 4708 mei.
3183 4652 3331 4706 Juda
3380 4669 3472 4706 rex

1890 4768 2056 4815 meus,
2099 4749 2257 4805 Moab
2312 4749 2447 4804 lebes
2494 4750 2602 4818 spei
2644 4763 2791 4801 mete.
2821 4744 3091 4812 Quoniam
3132 4742 3387 4814 Ephraim
3418 4750 3471 4798 et

1891 4844 2170 4900 Manasses
2203 4844 2295 4898 lilii
2348 4842 2554 4913 Joscph
2605 4841 2881 4903 feruntur,
2930 4851 3231 4907 eorumque
3266 4837 3470 4907 posteri

1886 4939 2187 5009 regionem,
2234 4952 2357 5006 quae
2398 4934 2603 4991 Galaad
2653 4932 2974 4991 vocabatur,
3022 4939 3383 5000 occuparunt,
3419 4937 3472 4983 et

1888 5029 2119 5102 Sychem
2156 5037 2209 5086 et
2236 5028 2564 5093 Samariam,
2595 5026 2683 5081 ubi
2729 5026 2876 5097 regia
2911 5022 3125 5079 lsraelis
3169 5033 3316 5080 erat:
3348 5021 3471 5076 ideo

1885 5124 2009 5177 illos
2046 5138 2177 5179 suos
2220 5138 2343 5177 esse
2371 5120 2526 5183 dicit,
2557 5133 2622 5173 ac
2662 5116 2919 5187 Ephraim
2957 5115 3084 5186 quia
3118 5129 3183 5169 ex
3230 5114 3352 5183 ipso
3386 5128 3471 5165 re-

1884 5229 2049 5285 gnum
2075 5214 2386 5277 constabat,
2418 5210 2794 5266 fortitudinem
2820 5210 3017 5279 capitis
3041 5208 3124 5263 sui
3163 5221 3260 5278 per
3287 5203 3468 5259 excel-

1885 5307 2104 5361 lentiam
2135 5312 2315 5359 vocat.
2341 5302 2377 5356 .1
2384 5304 2489 5357 uda
2514 5318 2605 5357 rea:
2631 5318 2796 5367 meus,
2829 5301 2987 5357 Moab
3014 5300 3150 5354 lebes
3179 5300 3287 5367 spei
3316 5313 3465 5352 mea'.

1881 5396 2077 5451 Judam
2119 5412 2300 5467 regem
2332 5411 2453 5451 esse
2483 5411 2642 5451 suum
2674 5395 2828 5450 dicit.
2893 5392 3240 5447 Manifestum
3284 5396 3485 5444 autem'

1882 5500 1966 5547 est
1997 5491 2294 5546 secundum
2330 5488 2673 5559 Apostolum,
2721 5487 3061 5541 Salvatorcm
3090 5492 3144 5539 et
3174 5482 3462 5537 Dominum

1883 5592 2131 5639 nostrum
2170 5580 2355 5637 Jcsum
2387 5582 2667 5637 Christum
2705 5585 2957 5635 exortum
2989 5591 3113 5633 esse
3145 5592 3211 5632 ex
3240 5573 3400 5641 Juda,
3432 5592 3462 5627 η

1884 5692 1991 5747 quo
2042 5676 2250 5747 regium
2302 5691 2476 5747 genus
2533 5674 2895 5730 constitutum
2928 5677 3033 5729 est.
3086 5675 3145 5725 In
3190 5670 3278 5728 his
3332 5669 3459 5724 item
