3964 6536
228 342 378 400 1355

1337 340 1839 396 COMMENTARIA
1873 340 1938 395 IN
1977 341 2317 399 PSALMOS.

3349 349 3483 402 ιδδι

230 459 337 530 μὲν
378 457 611 521 Ἀκύλας
641 456 827 526 φησὶν,
874 456 1005 511 Ἐπὶ
1047 455 1449 522 Φυλισταίους
1477 470 1810 523 συνεταιρι-

1929 457 2114 521 :ditio,
2166 459 2306 527 apud
2358 460 2651 532 allophylos
2701 460 3032 524 honorabor;
3101 460 3489 532 quinquagesi-

225 546 544 617 σθήσομαι
562 564 574 578 ·
615 549 649 618 ἡ
673 546 731 599 δὲ
756 546 977 618 πέμπτη
994 546 1225 608 ἕκδοσις,
1258 545 1381 597 Ἐπὶ
1398 544 1536 612 τοὺς
1550 546 1813 613 ἀλλοφύ-

182 662 185 665 λ
224 639 386 703 λους
414 635 916 707 ἐντιμωθήσομαι·
949 638 978 689 ὁ
1005 635 1061 689 δὲ
1093 636 1165 689 νθ¹
1189 636 1418 707 ψαλμὸς,
1462 636 1615 705 Ἐμοὶ
1634 636 1815 690 ἁλλό-

226 732 422 796 ςρυλοι
459 728 866 798 ὑπετάγησαν.
922 725 1180 791 Γνώσεως
1223 727 1279 780 δὲ
1323 726 1457 781 Θεοῦ
1510 728 1603 781 καὶ
1634 727 1812 797 φιλίας

227 822 329 874 καὶ
371 822 648 893 ἑταιρείας
692 821 784 875 καὶ
838 820 1060 889 ἀγάπης
1106 823 1328 890 σημεῖον
1376 820 1435 871 τὸ
1479 820 1815 889 ὑποταγῆναι

228 912 386 984 αὐτῷ
416 913 541 977 τοὺς
582 913 748 966 πάλαι
791 910 1215 974 ἀνυποτάκτους,
1241 909 1336 963 καὶ
1376 909 1684 978 ἀλλοτρίους
1720 910 1815 980 μὲν

230 1005 328 1059 τοῦ
374 1004 537 1069 Θεοῦ,
572 1004 913 1076 ὑποχειρίους
943 1003 1000 1056 δὲ
1021 994 1236 1073 δαίμοσι
1264 1006 1535 1075 πονηροῖς.

377 1117 492 1170 ΕΙΣ
511 1118 599 1171 ΤΟ
631 1116 1172 1183 ΤΕΛΟΣ,ΨΑΛΜΟΣ
1198 1116 1282 1185 Τῼ
1295 1116 1511 1171 ΔΑΥΙΔ.
1548 1114 1673 1168 PH'.

309 1208 369 1259 '0
406 1169 582 1273 Oeric,
615 1207 731 1274 τὴν
776 1169 1013 1260 αίνεσίν
1037 1224 1156 1275 μου
1198 1169 1283 1276 μη
1314 1169 1811 1275 παρασιωπήσῃς’
1847 1169 1858 1185 χ

225 1300 322 1354 ὅτι
365 1304 566 1371 στόμα
610 1299 960 1370 ἁμαρτωλοῦ
989 1299 1087 1352 καὶ
1124 1300 1318 1368 στόμα
1358 1298 1567 1351 δολίου
1596 1298 1687 1350 ἐπ’
1712 1296 1817 1366 ἐμὲ

224 1390 515 1460 ἠνοίχθη.
571 1389 914 1457 Ἐλάλησαν
961 1388 1085 1441 κατ’
1146 1387 1291 1458 ἐμοῦ
1321 1386 1567 1457 γλώσσῃ
1620 1386 1813 1454 δολίᾳ,

226 1480 330 1534 καὶ
353 1482 564 1550 λόγοις
571 1481 796 1550 μίσους
810 1479 1170 1533 ἐκύκλωσαν
1190 1496 1288 1548 με,
1308 1478 1403 1531 καὶ
1429 1476 1818 1546 ἐπολέμησαν

223 1591 301 1643 με
351 1572 604 1643 δωρεάν.
663 1570 915 1643 Συνήθως
938 1572 1032 1624 καὶ
1058 1573 1115 1623 ὲν
1135 1570 1307 1641 τούτῳ
1332 1570 1451 1623 ἀντὶ
1474 1569 1590 1632 τοῦ,
1633 1573 1718 1634 είς
1750 1576 1815 1621 το

224 1664 433 1730 τέλος,
490 1666 519 1717 ὁ
573 1664 668 1735 μὲν
710 1663 961 1730 Ἀκύλας,
1008 1661 1089 1727 τῷ
1126 1660 1430 1725 νικοποιῷ,
1483 1660 1775 1713 ἐκδέδωκεν
1800 1677 1811 1689 ·

224 1759 256 1810 ὁ
309 1758 371 1811 δὲ
419 1757 716 1828 Σύμμαχος
766 1756 1063 1809 ἐπινίκιον
1121 1754 1341 1825 είρηκεο
1403 1754 1701 1823 μονονουχὶι
1741 1753 1818 1805 δι-

222 1848 528 1912 δάσκοντος
562 1849 708 1919 ἡμᾶς
733 1847 827 1903 τοῦ
850 1848 1007 1915 ἀγίου
1030 1846 1363 1917 Πνεύματος,
1394 1847 1474 1898 ὅτι
1502 1845 1566 1915 δὴ
1587 1846 1679 1898 ἐπὶ
1707 1847 1820 1907 τοῖς
1852 1829 1892 1881 Β

224 1942 527 2003 ἐπινικίοις
552 1940 645 1993 τοῦ
681 1939 930 2010 Σωτῆρος
967 1938 1142 2010 ἡμῶν,
1178 1937 1270 1989 καὶ
1307 1938 1419 1999 τοῖς
1444 1938 1585 1989 κατᾶ
1608 1935 1700 1988 τοῦ
1728 1935 1822 1987 θα-

222 2034 395 2088 νάτου
452 2033 758 2105 τροπαίοις,
800 2033 891 2085 καὶ
925 2032 1024 2094 τὰς
1056 2030 1333 2099 παρούσας
1365 2029 1546 2098 φωνὰς
1584 2029 1820 2095 ἐγκατα-

222 2124 415 2193 λέγειν
448 2124 738 2195 προσήκει,
765 2123 822 2175 ὲν
856 2115 984 2184 αἴςὸ
1002 2119 1341 2191 ἀνθρώπινος
1354 2117 1518 2172 αὐτοῦ
1550 2117 1819 2187 παρίστα-

222 2231 319 2268 ται
348 2213 488 2285 βίος,
523 2214 617 2266 καὶ
650 2214 683 2282 ἠ
726 2210 971 2283 ὑπομονὴ
1008 2211 1113 2264 τῶν
1156 2209 1513 2280 παθημάτων.
1570 2209 1622 2260 '0
1655 2207 1817 2273 Θεὸς,

222 2306 348 2375 τὴν
376 2306 623 2360 αινεσίν
654 2323 774 2375 μου
806 2304 894 2373 μὴ
935 2302 1447 2373 παρασιωπησῃς·
1495 2302 1584 2355 ὅτι
1628 2303 1823 2371 στόμα

222 2398 589 2469 ἁμαρτωλοῦ
642 2396 741 2451 καὶ
791 2398 986 2465 στόμα
1017 2396 1226 2449 δολίου
1272 2394 1364 2447 ἐπ’
1396 2392 1502 2462 ἐμὲ
1544 2393 1827 2462 ἠνοίχθη.

238 2490 595 2558 Ἐλάλησαν
645 2492 772 2544 κατ’
800 2489 946 2559 ἐμοῦ
974 2488 1221 2559 γλώσσῃ
1249 2487 1444 2553 δολία,
1480 2485 1577 2539 καὶ
1616 2488 1822 2555 λόγοις

224 2580 453 2647 μίσους
491 2578 850 2635 ἐκύκλωσαν
880 2597 972 2649 με,
1022 2578 1118 2633 καὶ
1163 2576 1552 2647 ἐπολέμησαν
1594 2595 1670 2647 με
1712 2578 1822 2629 δω-

221 2670 400 2740 ρεάν.
457 2672 515 2726 Ὀ
576 2672 769 2743 παρὼν
826 2672 1037 2743 ψαλμὸς
1087 2671 1414 2742 ἀναφέρεται
1465 2671 1544 2733 εἰς
1606 2670 1820 2742 πρόσω-

227 2780 334 2817 πον
383 2761 481 2816 τοῦ
538 2762 800 2833 Χριστοῦ,
828 2761 1082 2833 tamen
1136 2761 1405 2831 περιέχων
1456 2760 1821 2829 αὑτοῦ.Μαρ-

226 2858 390 2927 τυρεῖ
436 2853 495 2908 δὲ
531 2853 610 2924 τῷ
636 2853 779 2924 λόγῳ
810 2855 844 2924 ἡ
871 2852 1064 2925 Γραφὴ
1093 2852 1201 2905 τῶν
1234 2851 1495 2922 Πράξεων
1550 2850 1655 2904 τῶν
1689 2851 1823 2903 ἀπο-

230 2946 465 3007 στόλων,
518 2943 645 2997 ἔνθα
695 2946 723 2997 ὁ
766 2944 989 3012 Πέτρος,
1030 2942 1129 3013 τῆς
1170 2940 1264 2995 τοῦ
1321 2940 1579 3014 προδότου
1654 2939 1823 2993 Ἰούδα

226 3033 567 3097 ἐκπτώσεως
622 3033 999 3105 μνημονεύσας
1037 3072 1050 3095 ,
1125 3032 1217 3084 καὶ
1260 3031 1592 3102 παραινέσας
1637 3030 1823 3102 ἓτερον

226 3128 343 3181 δεῖν
388 3126 810 3198 παραληφθῆναι
844 3125 922 3188 είς
980 3124 1073 3177 τὸν
1100 3122 1210 3177 τῶν
1249 3122 1314 3193 ιβ’
1358 3122 1667 3175 ἀποστόλων
1713 3124 1824 3195 ἀρι-

231 3218 392 3290 θμὸν,
453 3219 727 3291 μαρτυρία
780 3218 1043 3289 κέχρηται
1103 3219 1412 3287 προφητικῇ
1462 3215 1619 3287 ἐντῷ
1686 3234 1822 3289 προσ

228 3311 481 3382 κειμένῳ
521 3310 723 3381 ψαλμῷ
772 3308 1057 3380 φασκούσῃ
1082 3326 1097 3339 ο
1126 3306 1445 3376 Γενηθήτω
1483 3309 1521 3377 ἠ
1572 3308 1827 3374 ἔπαυλις

228 3404 420 3459 αὑτοῦ
460 3403 699 3473 ἕρημος,
743 3403 842 3457 καὶ
864 3402 951 3472 μὴ
980 3404 1135 3457 ἔστω
1167 3406 1199 3456 ὁ
1237 3401 1527 3456 κατοικῶν
1548 3403 1619 3455 ἐν
1648 3402 1824 3471 αὐτῇ,

230 3496 333 3551 καὶ
382 3494 504 3563 τὴν
546 3494 890 3563 ἐπισκοπὴν
952 3494 1136 3548 αὐτοῦ
1188 3493 1357 3547 λάϐοι
1404 3494 1630 3562 ἔτερος·
1686 3494 1825 3547 ὥστε

232 3588 379 3643 κατά
409 3588 513 3659 τὴν
571 3588 783 3659 Πέτρου
833 3584 1180 3640 διδασκαλίαν
1225 3586 1354 3655 περ).
1395 3585 1490 3638 τοῦ
1531 3586 1701 3640 Ἰούδα
1732 3588 1826 3639 αύ-

234 3680 334 3752 τὴν
394 3678 601 3751 ταύτην
655 3679 905 3751 εἰρῆσθαι
928 3678 1024 3749 τὴν
1054 3677 1258 3747 φωνὴν,
1292 3679 1386 3730 καὶ
1420 3677 1518 3740 τὰς
1546 3677 1737 3742 λοιπὰς
1768 3679 1826 3729 ἐν

234 3772 315 3843 τῷ
339 3770 543 3843 ψαλμῷ
570 3771 897 3843 φερομένας.
943 3771 1000 3823 ὐ
1027 3770 1206 3823 τοίνυν
1232 3768 1422 3840 Σωτὴρ
1453 3768 1540 3823 διὰ
1562 3769 1669 3823 τῶν
1695 3787 1827 3842 προ-

234 3863 511 3935 κειμένων
539 3863 841 3936 ἀρχόμενος
871 3862 1248 3934 ἀνθρωπίνως,
1296 3860 1372 3923 ὼς
1411 3861 1697 3932 γενόμενος
1735 3862 1826 3915 ἄν·

238 3957 484 4030 θρωπος,
537 3955 725 4027 μείνας
754 3955 809 4007 δὲ
844 3953 996 4017 Θεὸς,
1039 3952 1174 4024 ὅπερ
1203 3949 1290 4024 ἦν,
1324 3953 1554 4006 ἱκετεύει
1580 3953 1671 4007 τὸν
1710 3955 1828 4006 ἐαυ-

238 4048 337 4103 τοῦ
371 4046 594 4119 Πατέρα
622 4046 697 4117 μὴ
736 4044 1076 4118 κατορθῶσαι
1105 4046 1231 4110 τοὺς
1271 4046 1717 4109 ἐπιϐουλεύοντας
1758 4050 1825 4118 τῇ

239 4138 444 4196 ἑαυτοῦ
500 4139 725 4211 σπουδῇ.
780 4137 990 4209 Σπουδὴ
1028 4138 1085 4191 δὲ
1132 4136 1295 4192 αὐτοῦ
1345 4140 1495 4191 πᾶσα
1536 4134 1604 4210 ἦν
1635 4137 1825 4191 σϐέσαι

242 4226 345 4299 μὲν
376 4226 437 4291 ἐξ
476 4225 779 4300 ἀνθρώπων
818 4228 998 4280 πᾶσαν
1040 4225 1501 4297 εἰδωλολατρείαν,
1534 4228 1737 4282 αίνεσιν
1771 4230 1826 4282 δὲ

240 4317 316 4390 τῷ
353 4318 531 4389 Πατρὶ
564 4318 1008 4390 καταστήσασθαι
1043 4318 1136 4371 ἐπὶ
1180 4317 1281 4387 τῆς
1309 4320 1411 4389 γῆς
1431 4335 1445 4349 ο
1475 4319 1503 4371 ὃ
1539 4319 1603 4391 δὴ
1629 4320 1686 4371 ἐν
1714 4320 1827 4372 ἑτέ-

245 4428 358 4483 ροις
405 4408 648 4463 διδάσκει
714 4409 919 4479 λέγων’
975 4408 1305 4480 Ἀπαγγελῶ
1356 4410 1422 4464 τὸ
1474 4411 1660 4481 ὄνομα
1709 4429 1826 4468 σου

1920 564 2042 603 mus
2092 565 2222 605 vero
2269 566 2450 607 nonus
2499 553 2743 622 psalmus
2777 552 2959 615 habet,
3022 549 3156 604 Mihi
3186 552 3491 622 alienigena?

1919 641 2117 695 subditi
2151 653 2293 697 sunt.
2327 643 2541 699 Notitiaa
2570 661 2701 701 vero
2726 644 2816 699 Dei
2863 653 2917 699 et
2948 644 3202 699 amicitiae
3234 650 3287 698 et
3320 645 3493 698 socie-

1920 736 2047 790 tatis
2076 743 2129 790 et
2160 735 2470 791 dilectionis
2506 738 2719 808 signum
2749 746 2851 801 est,
2880 737 2981 805 ipsi
3014 736 3211 805 subjici
3253 750 3369 797 eos,
3397 736 3489 805 qui

1920 828 2046 881 olim
2107 827 2530 898 inobsequentes
2564 840 2617 884 et
2664 829 2772 885 Deo
2804 830 2965 884 aliem
2993 823 3168 893 erant,
3201 828 3492 898 pravisque

1920 919 2260 975 daamonibus
2287 919 2511 975 subditi.

2015 1118 2062 1170 l.
2098 1116 2165 1171 IN
2194 1116 2758 1180 FINEM,PSALMUS
2789 1115 2914 1169 IPSI
2950 1113 3172 1169 DAVII).
3206 1113 3386 1168 CVIII.

1994 1207 2160 1265 Vens.
2192 1209 2245 1275 2,
2278 1210 2331 1263 5.
2367 1210 2528 1272 Deus,
2557 1208 2767 1263 laudem
2797 1226 2964 1263 meam
3000 1226 3061 1260 ne
3094 1206 3343 1267 tacueris,
3369 1205 3492 1274 quia

1923 1317 1978 1351 os
2006 1302 2295 1367 peccatoris
2329 1308 2377 1353 et
2415 1316 2471 1353 os
2504 1300 2677 1353 dolosi
2709 1315 2863 1367 super
2892 1316 2970 1352 me
3004 1308 3237 1367 apertum
3263 1306 3358 1349 est.
3391 1294 3496 1347 Lo-

1922 1394 2029 1444 cuti
2057 1402 2175 1445 sunt
2211 1392 2487 1445 adversum
2522 1408 2601 1445 me
2638 1392 2816 1462 lingua
2853 1392 3059 1453 dolosa,
3088 1399 3136 1443 et
3169 1386 3492 1442 sermonibus

1924 1483 2033 1535 odii
2067 1483 2520 1536 circumdederunt
2551 1500 2650 1546 me,
2674 1494 2721 1536 et
2747 1489 3166 1553 oppugnaverunt
3197 1496 3276 1533 me
3304 1479 3490 1547 gratis.

1924 1574 1981 1628 In
2021 1575 2123 1629 hoc
2151 1575 2277 1629 item
2303 1575 2370 1629 de
2397 1590 2550 1629 more
2578 1590 2675 1645 pro
2707 1576 2820 1639 illo,
2852 1575 2903 1627 in
2942 1575 3119 1643 ﬁnem,
3154 1570 3350 1642 Aquila
3374 1612 3389 1630 .
3418 1571 3521 1643 υἱ·⁴

1924 1671 2105 1723 cturiw
2146 1668 2371 1729 auctori,
2410 1666 2770 1738 Symmachus
2798 1682 2948 1729 vero,
2986 1665 3319 1735 triumphale,
3373 1661 3493 1717 edi-

1925 1760 2024 1813 dit.
2055 1761 2259 1831 Spiritu
2318 1772 2507 1815 sancto
2562 1768 2774 1815 tantum
2836 1776 2942 1815 non
3002 1760 3234 1814 docente
3272 1772 3396 1821 nos,
3440 1756 3493 1808 in

1924 1850 2343 1920 triumphalibus
2371 1848 2671 1905 Salvatoris
2706 1850 2880 1903 nostri
2902 1856 2955 1904 et
2974 1850 3191 1918 tropzeis
3229 1846 3296 1901 de
3325 1853 3496 1900 morte

1923 1944 2114 2014 partis,
2165 1944 2264 1997 has
2314 1958 2475 1997 voces
2529 1942 2772 2012 proferre
2813 1942 3030 2004 debere,
3064 1942 3118 1995 in
3162 1940 3363 2011 quibus
3399 1939 3497 1992 hu-
3570 1938 3581 1945 “

1923 2054 2082 2093 mana
2114 2037 2235 2106 ejus
2258 2037 2367 2089 vita
2390 2044 2445 2091 et
2476 2037 2767 2091 tolerantia
2792 2037 3133 2091 cruciatuum
3162 2033 3495 2088 declaratur.

1923 2126 2085 2192 Deus,
2112 2124 2323 2178 laudem
2370 2140 2539 2178 meam
2571 2141 2631 2177 ne
2679 2125 2905 2177 tacueris
2932 2167 2944 2189 ,
2979 2123 3103 2192 quia
3127 2138 3183 2173 os
3209 2117 3496 2189 peccatOris

1922 2209 2058 2270 et'os
2092 2216 2264 2270 dolosi
2289 2232 2445 2282 super
2478 2232 2557 2269 me
2590 2225 2827 2285 apertum
2874 2224 2973 2269 est.
3027 2214 3212 2267 Loculi
3259 2222 3379 2265 sunt
3404 2209 3496 2265 ad-

1923 2325 2126 2363 uersum
2150 2324 2230 2361 me
2263 2308 2443 2377 lingua
2470 2307 2679 2372 dolosa,
2708 2319 2755 2361 et
2781 2307 3108 2362 sermonibus
3130 2304 3238 2358 odii
3269 2304 3497 2356 circum-

1922 2401 2178 2461 dederunt
2222 2417 2321 2465 me,
2355 2411 2405 2453 et
2456 2408 2879 2470 oppugnaverunt
2913 2414 2993 2451 me
3022 2396 3208 2467 gratis.
3251 2392 3502 2447 Praesens

1922 2496 2122 2565 quippe
2154 2493 2399 2564 psalmus
2419 2491 2654 2545 refertur
2677 2490 2741 2544 ad
2766 2504 3053 2560 personam
3074 2484 3299 2547 Christi,
3314 2490 3499 2552 utpote

1922 2586 2015 2657 qui
2072 2585 2359 2656 passiones
2407 2583 2529 2652 ejus
2588 2582 3003 2651 complectatur,
3062 2585 3120 2632 ut
3177 2574 3499 2631 testiﬁcatur

1921 2678 2153 2734 Actuum
2176 2676 2548 2748 apostolorum
2567 2675 2871 2743 Scriptura,
2892 2673 2984 2727 ubi
3010 2673 3200 2726 Petrus
3227 2683 3349 2722 cum
3379 2681 3498 2735 pro-

1923 2770 2115 2824 ditoris
2129 2768 2280 2826 Judae
2297 2770 2509 2839 lapsum
2530 2771 2909 2829 memorasset,
2940 2778 3003 2817 ac
3019 2762 3318 2817 monuisset
3335 2758 3499 2811 alium

1924 2861 1992 2916 ad
2039 2860 2324 2916 duodecim
2383 2861 2752 2931 apostolorum
2802 2849 3499 2922 numerumcomplendum

1924 2955 2204 3026 aggregari
2227 2962 2501 3025 oportere,
2537 2953 2850 3009 testimonio
2881 2966 3017 3005 usus
3048 2956 3131 3003 est
3160 2944 3499 3018 prophetico,

1926 3055 1986 3101 ut
2026 3048 2080 3101 in
2117 3048 2373 3118 praesenti
2412 3047 2626 3117 psalmo
2650 3046 2919 3099 habetur:
2955 3042 3079 3096 Fiat
3105 3039 3363 3093 habitatio
3386 3036 3498 3106 ejus

1926 3140 2158 3205 deserta,
2195 3150 2245 3195 et
2277 3158 2380 3194 non
2407 3141 2477 3195 sit
2514 3140 2605 3209 qui
2647 3137 2902 3191 inhabitet
2944 3137 2996 3189 in
3028 3152 3112 3197 ea,
3153 3142 3199 3187 et
3236 3132 3496 3200 episcopa-

1929 3245 2040 3291 tum
2083 3233 2197 3299 eius
2253 3234 2480 3302 accipiat
2525 3231 2756 3296 alter";
2788 3229 2863 3283 ita
2911 3238 2968 3282 ut
3011 3223 3311 3281 secundum
3356 3218 3499 3275 Petri

1926 3326 2231 3382 doctrinam
2263 3324 2379 3379 haec
2410 3340 2514 3378 vox
2544 3322 2613 3377 de
2640 3320 2778 3375 Juda
2806 3319 3011 3389 prolata
3039 3317 3131 3379 sit,
3161 3325 3219 3369 ut
3249 3322 3301 3369 et
3342 3320 3505 3368 cane--

1927 3436 2002 3475 ne
2023 3420 2077 3473 in
2106 3419 2210 3474 hoc
2239 3419 2448 3489 psalmo
2480 3431 2773 3486 expressae.
2800 3412 3051 3468 Salvator
3076 3410 3240 3480 igitur
3273 3406 3341 3459 ab
3371 3405 3499 3458 alla-

1926 3513 2000 3568 tis
2019 3512 2250 3566 vocibus
2266 3509 2510 3563 bumano
2532 3523 2685 3562 more
2706 3521 2891 3567 orsus,
2912 3509 3099 3573 utpote
3117 3501 3281 3554 homo
3303 3496 3500 3559 lactus,

1927 3619 2157 3661 manens
2207 3611 2389 3657 tamen
2424 3600 2570 3655 Deus
2604 3605 2664 3653 ut
2707 3606 2845 3662 erat,
2885 3594 3099 3649 Patrem
3128 3593 3381 3646 obsecrat
3436 3602 3499 3641 ne

1928 3695 2282 3751 insidiatores
2314 3693 2547 3748 consilio
2577 3706 2679 3746 suo
2705 3690 2976 3753 olIiciant;
3006 3684 3297 3741 consilium
3321 3692 3500 3733 autem

1927 3787 2048 3857 ejus
2104 3793 2276 3839 totum
2329 3793 2474 3848 erat,
2526 3791 2586 3838 ut
2642 3798 2711 3837 ex
2769 3780 3088 3835 hominibus
3136 3775 3500 3831 idololatriam

1927 3894 2143 3933 omnem
2193 3877 2587 3946 exstingueret,
2611 3874 2764 3929 Patri
2816 3888 2947 3928 vero
3002 3871 3214 3925 laudem
3259 3869 3315 3922 in
3357 3875 3502 3921 terra

1928 3970 2285 4024 constitueret
2329 3988 2344 4022 :
2380 3968 2528 4037 quod
2585 3969 2711 4023 item
2765 3968 2892 4023 alibi
2945 3966 3104 4021 docet
3149 3963 3236 4016 his
3272 3958 3451 4014 verbis
3487 3974 3502 4010 :

1932 4059 2183 4115 Narrabo
2217 4077 2405 4115 nomen
2453 4072 2602 4116 tuum
2634 4060 2892 4131 fratribus
2938 4059 3088 4123 meis,
3117 4058 3168 4109 in
3202 4053 3370 4108 medio
3403 4050 3502 4104 Ec-

1928 4154 2101 4208 clesia:
2145 4152 2376 4209 laudabo
2424 4156 2552 4209 te".
2588 4154 2699 4221 Qui
2723 4162 2902 4208 autem
2939 4153 3061 4207 vita:
3112 4149 3232 4220 ejus
3275 4143 3503 4201 insidias

1928 4245 2216 4315 parabant,
2273 4260 2488 4300 summo
2539 4244 2722 4300 studio
2774 4244 3095 4315 satagebant
3142 4247 3201 4294 ut
3245 4239 3358 4292 haec
3388 4236 3503 4305 ipsa

1930 4339 2049 4392 laus
2078 4337 2299 4393 silentio
2336 4354 2566 4409 prorsus
2597 4340 2924 4393 mitteretur.
2960 4335 3159 4391 Verum
3192 4341 3272 4396 tu,
3304 4329 3504 4399 inquit,

1929 4429 2111 4494 Pater,
2139 4447 2206 4485 ne
2236 4432 2387 4487 sinas
2424 4432 2638 4487 laudem
2684 4431 2854 4487 taceri
2890 4444 3086 4490 meam,
3112 4442 3232 4496 quae
3261 4426 3315 4478 in
3346 4423 3504 4476 hono-

242 4501 368 4567 τοῖς
399 4500 685 4570 ἀδελφοῖς
711 4519 847 4571 μου,
880 4502 949 4555 ὲν
973 4501 1143 4570 μέσῳ
1180 4502 1542 4571 Ἐκκλησίας
1574 4504 1823 4573 ὑμνήσω

1929 4538 2039 4577 rem
2078 4531 2131 4576 et
2166 4523 2392 4593 gloriam
2438 4533 2583 4577 tuam
2612 4524 2992 4577 concinnatur.
3021 4519 3160 4583 Quia
3192 4534 3247 4569 os
3270 4524 3505 4583 peccato-

242 4609 337 4648 σε.
366 4594 429 4647 Oi.
452 4592 509 4645 δὲ
540 4594 618 4655 είς
639 4592 864 4647 θάνατον
890 4593 1039 4665 αύτῷ
1064 4593 1506 4659 ἐπιϐουλεύοντες
1532 4598 1827 4666 κατασιγά-

245 4702 339 4740 σαι
363 4685 570 4757 ταύτην
591 4684 762 4757 αὐτὴν
778 4685 877 4756 τὴν
898 4687 1102 4740 αῐνεσιν
1117 4688 1211 4741 καὶ
1226 4688 1645 4759 κατασιωπῆσαι
1671 4706 1830 4744 σπου-

244 4778 342 4854 δὴν
369 4778 675 4835 ἐποιοῦντο.
718 4777 879 4830 Ἀλλά
930 4780 1016 4844 σὺ,
1042 4781 1226 4851 φησὶν,
1272 4775 1318 4833 ὧ
1355 4780 1557 4854 Πάτερ,
1588 4780 1663 4853 μὴ
1695 4799 1826 4851 συγ-

246 4874 503 4947 χωρήσῃς
525 4869 978 4940 ἀποσιωπηθῆναι
992 4870 1091 4940 τὴν
1117 4870 1322 4925 αῐνεσίν
1349 4888 1473 4941 μου,
1498 4870 1595 4942 τὴν
1628 4874 1707 4935 εἰς
1727 4873 1825 4943 τὴν

247 4961 346 5034 σὴν
397 4961 564 5033 τιμὴν
615 4961 711 5015 καὶ
753 4959 909 5025 δόξαν
953 4960 1412 5032 σπουδαζομένην.
1464 4964 1591 5015 Ὅτι
1631 4966 1827 5033 στόμα

247 5050 600 5121 ἁμαρτωλοῦ
660 5048 759 5104 καί
801 5050 996 5119 στόμα
1032 5050 1239 5104 δολίου
1271 5050 1364 5103 ἐπ’
1396 5051 1502 5120 ἐμὲ
1546 5052 1819 5121 ἠνοίχθη.

1930 4613 2005 4667 ris
2043 4622 2092 4666 et
2140 4630 2197 4666 os
2247 4613 2420 4667 dolosi
2473 4629 2630 4680 super
2653 4629 2732 4666 me
2759 4622 2998 4680 apertum
3048 4616 3143 4661 est.
3197 4604 3271 4659 Os
3328 4612 3507 4655 autem

1928 4704 2233 4773 peccatoris
2277 4713 2332 4760 et
2385 4720 2449 4759 os
2478 4704 2654 4758 dolosi
2696 4702 3043 4773 potissimum
3079 4706 3198 4753 erat
3234 4712 3297 4751 os
3325 4693 3511 4748 Phari-

1927 4809 2159 4849 saeorum
2199 4802 2253 4849 et
2303 4794 2643 4857 Scribarum,
2679 4795 2772 4864 qui
2817 4808 2942 4847 cum
3000 4787 3278 4861 hypocrisi
3332 4787 3509 4855 ipsum

1934 4877 2250 4948 Magistrum
2298 4889 2352 4935 et
2402 4879 2577 4934 Rabbi
2633 4879 2931 4944 vocabant;
2985 4874 3289 4947 praesertim
3327 4880 3509 4925 autem

1931 4968 2103 5036 Judae,
2138 4972 2231 5041 qui
2288 4971 2630 5027 Salvatorem
2686 4979 2739 5026 et
2782 4970 3069 5025 Dominum
3124 4981 3285 5023 suum
3320 4963 3511 5020 osculo

1932 5060 2192 5128 prodidit.

250 5143 431 5215 Στόμα
478 5144 537 5197 δὲ
578 5144 903 5216 ἀμαρτωλοῦ
932 5145 1027 5199 καὶ
1054 5158 1227 5218 στομα
1260 5144 1433 5199 δολίου
1467 5147 1699 5216 μάλιστα
1728 5150 1826 5220 μὲν
1858 5155 1950 5207 καὶ
1973 5159 2080 5209 πᾶν
2106 5158 2166 5211 τὸ
2190 5158 2295 5211 τῶν
2316 5159 2621 5231 Φαρισαίων
2660 5159 2755 5213 καὶ
2790 5158 2829 5211 Γ
2837 5154 3172 5229 ραμματέων
3224 5148 3509 5217 ἐτύγχανε.

250 5238 357 5292 τῶν
398 5238 517 5311 μεθ’
565 5240 907 5312 ὑποκρίσεως
978 5241 1141 5295 αὐτὸν
1184 5242 1509 5296 Διδάσκαλον
1554 5246 1648 5297 καὶ
1694 5246 1884 5303 Ῥαϐδὶ
1939 5252 2382 5317 ἀποκαλούντων,
2440 5254 2729 5326 ἐξαιρέτως
2784 5252 2840 5306 δὲ
2888 5251 2982 5308 τοῦ
3047 5246 3252 5315 Ἰούδα,
3308 5242 3366 5311 6.;
3420 5242 3513 5300 τον

253 5331 446 5388 ἑαυτοῦ
472 5334 700 5406 Σωτῆρα
726 5337 821 5391 καὶ
849 5337 1053 5410 Κύριον
1090 5339 1358 5410 φιλήματι
1386 5339 1687 5409 προεδίδου.

337 5456 683 5528 Ἐλάλησαν
716 5458 843 5513 κατ’
869 5459 1017 5529 ἐμοῦ
1043 5458 1294 5529 γλώσσῃ
1336 5459 1533 5527 δολία,
1588 5461 1690 5516 καὶ
1736 5464 1832 5518 λό-

256 5562 380 5613 γοις
402 5550 628 5618 μίσους
653 5551 1010 5606 ἐκύκλωσαν
1051 5569 1148 5621 με,
1196 5553 1294 5607 καὶ
1335 5552 1725 5623 ἐπολέμησαν
1755 5576 1832 5626 με

254 5638 496 5709 δωρεάν.
544 5643 693 5698 Ἀντί
722 5644 829 5699 τοῦ
875 5643 1116 5715 ἀγαπᾷν
1159 5664 1236 5715 με
1280 5645 1672 5703 irascamur
1722 5668 1829 5721 με·

331 5794 375 5827 ⁸³
415 5796 536 5854 Act.
572 5813 611 5867 ι,
647 5799 737 5857 20.
814 5801 858 5834 ⁸⁶
898 5800 1037 5860 Paul.
1083 5820 1210 5865 χχι,
1243 5805 1332 5862 25.

2010 5465 2171 5522 Vens.
2209 5467 2262 5521 4.
2301 5465 2487 5521 Locuti
2517 5476 2638 5521 sunt
2667 5465 2943 5550 adversum
2980 5476 3058 5515 me
3092 5459 3272 5528 lingua
3302 5456 3509 5522 ιΙοΙοεα.

1938 5568 1985 5611 et
2017 5558 2343 5613 sermonibus
2384 5559 2494 5613 odii
2542 5554 2992 5612 circumdederunt
3030 5566 3129 5614 me,
3161 5558 3211 5603 et
3241 5563 3513 5617 oppugna-

1940 5660 2120 5708 verunt
2151 5668 2230 5707 me
2264 5654 2452 5724 gratis.
2488 5650 2596 5705 Pro
2627 5667 2685 5705 co
2715 5658 2771 5702 ut
2803 5663 2883 5701 me
2927 5643 3227 5713 diligerent,
3270 5636 3509 5694 detrahe-
