  <div class='ocr_page' id='page_1' title='image "/cluster/home/n/w/nwhite01/storage/ocr_20150623/23/hvd.32044019207711/697.png"; bbox 0 0 3964 6528; ppageno 0'>
   <div class='ocr_carea' id='block_1_1' title="bbox 537 304 668 360">
    <p class='ocr_par' dir='ltr' id='par_1_1' title="bbox 537 304 668 360">
     <span class='ocr_line' id='line_1_1' title="bbox 537 304 668 360; baseline 0.023 -4"><span class='ocrx_word' id='word_1_1' title='bbox 537 307 552 356; x_wconf 93' lang='lat' dir='ltr'><strong>l</strong></span> <span class='ocrx_word' id='word_1_2' title='bbox 564 304 668 360; x_wconf 76' lang='lat'><strong>335</strong></span> 
     </span>
    </p>
   </div>
   <div class='ocr_carea' id='block_1_2' title="bbox 1193 303 3084 364">
    <p class='ocr_par' dir='ltr' id='par_1_2' title="bbox 1193 303 3084 364">
     <span class='ocr_line' id='line_1_2' title="bbox 1193 303 3084 364; baseline 0.002 -6"><span class='ocrx_word' id='word_1_3' title='bbox 1193 304 1459 360; x_wconf 84' lang='lat' dir='ltr'><strong>EUSEBII</strong></span> <span class='ocrx_word' id='word_1_4' title='bbox 1498 305 1978 364; x_wconf 65' lang='lat' dir='ltr'><strong>CESARIENSIS</strong></span> <span class='ocrx_word' id='word_1_5' title='bbox 2014 306 2166 364; x_wconf 88' lang='lat' dir='ltr'><strong>OPP.</strong></span> <span class='ocrx_word' id='word_1_6' title='bbox 2208 307 2389 364; x_wconf 77' lang='lat' dir='ltr'><strong>PARS</strong></span> <span class='ocrx_word' id='word_1_7' title='bbox 2423 307 2528 364; x_wconf 82' lang='lat' dir='ltr'><strong>Ill.</strong></span> <span class='ocrx_word' id='word_1_8' title='bbox 2567 335 2638 348; x_wconf 86' lang='lat'><strong>—-</strong></span> <span class='ocrx_word' id='word_1_9' title='bbox 2674 303 3084 362; x_wconf 79' lang='lat' dir='ltr'><strong>EXEGETICA.</strong></span> 
     </span>
    </p>
   </div>
   <div class='ocr_carea' id='block_1_3' title="bbox 3612 311 3708 368">
    <p class='ocr_par' dir='ltr' id='par_1_3' title="bbox 3612 311 3708 368">
     <span class='ocr_line' id='line_1_3' title="bbox 3612 311 3708 368; baseline 0.042 -4"><span class='ocrx_word' id='word_1_10' title='bbox 3612 311 3708 368; x_wconf 71' lang='lat'><strong>1536</strong></span> 
     </span>
    </p>
   </div>
   <div class='ocr_carea' id='block_1_4' title="bbox 531 415 2102 493">
    <p class='ocr_par' dir='ltr' id='par_1_4' title="bbox 531 418 2102 490">
     <span class='ocr_line' id='line_1_4' title="bbox 531 418 2102 490; baseline 0 -17"><span class='ocrx_word' id='word_1_11' title='bbox 531 419 648 476; x_wconf 85' lang='lat' dir='ltr'><strong>bant</strong></span> <span class='ocrx_word' id='word_1_12' title='bbox 687 418 818 474; x_wconf 85' lang='lat' dir='ltr'><strong>mihi</strong></span> <span class='ocrx_word' id='word_1_13' title='bbox 841 436 858 473; x_wconf 93' lang='lat'><strong><em>:</em></strong></span> <span class='ocrx_word' id='word_1_14' title='bbox 891 435 982 490; x_wconf 83' lang='lat' dir='ltr'><strong>ego</strong></span> <span class='ocrx_word' id='word_1_15' title='bbox 1008 427 1180 474; x_wconf 83' lang='lat' dir='ltr'><strong>autem</strong></span> <span class='ocrx_word' id='word_1_16' title='bbox 1204 420 1444 474; x_wconf 83' lang='lat' dir='ltr'><strong>orabam.</strong></span> <span class='ocrx_word' id='word_1_17' title='bbox 1482 420 1616 473; x_wconf 78' lang='lat' dir='ltr'><strong>Cum</strong></span> <span class='ocrx_word' id='word_1_18' title='bbox 1645 418 1792 474; x_wconf 91' lang='lat' dir='ltr'><strong>enim</strong></span> <span class='ocrx_word' id='word_1_19' title='bbox 1818 418 1994 484; x_wconf 90' lang='lat' dir='ltr'><strong>illum,</strong></span> <span class='ocrx_word' id='word_1_20' title='bbox 2019 428 2102 474; x_wconf 89' lang='lat' dir='ltr'><strong>ut-</strong></span> 
     </span>
    </p>
   </div>
   <div class='ocr_carea' id='block_1_5' title="bbox 2202 415 3710 493">
    <p class='ocr_par' dir='ltr' id='par_1_5' title="bbox 2209 415 3710 493">
     <span class='ocr_line' id='line_1_5' title="bbox 2209 415 3710 493; baseline -0.002 -19"><span class='ocrx_word' id='word_1_21' title='bbox 2209 419 2321 490; x_wconf 78' lang='grc' dir='ltr'>ἐγὼ</span> <span class='ocrx_word' id='word_1_22' title='bbox 2385 419 2454 474; x_wconf 78' lang='grc' dir='ltr'>δὲ</span> <span class='ocrx_word' id='word_1_23' title='bbox 2502 417 2959 488; x_wconf 82' lang='grc' dir='ltr'>προσηυχόμην.</span> <span class='ocrx_word' id='word_1_24' title='bbox 2991 415 3122 469; x_wconf 84' lang='grc' dir='ltr'><strong>Δέον</strong></span> <span class='ocrx_word' id='word_1_25' title='bbox 3154 419 3260 489; x_wconf 82' lang='grc' dir='ltr'>γὰρ</span> <span class='ocrx_word' id='word_1_26' title='bbox 3281 417 3486 487; x_wconf 77' lang='grc' dir='ltr'>αγαπᾷν</span> <span class='ocrx_word' id='word_1_27' title='bbox 3510 417 3574 482; x_wconf 82' lang='grc' dir='ltr'>ὡς</span> <span class='ocrx_word' id='word_1_28' title='bbox 3605 423 3710 493; x_wconf 71' lang='grc' dir='ltr'>εὐερ.</span> 
     </span>
    </p>
   </div>
   <div class='ocr_carea' id='block_1_6' title="bbox 529 509 2102 586">
    <p class='ocr_par' dir='ltr' id='par_1_6' title="bbox 529 509 2102 583">
     <span class='ocr_line' id='line_1_6' title="bbox 529 509 2102 583; baseline 0.002 -18"><span class='ocrx_word' id='word_1_29' title='bbox 529 521 649 583; x_wconf 88' lang='lat' dir='ltr'><strong>pote</strong></span> <span class='ocrx_word' id='word_1_30' title='bbox 677 509 1002 575; x_wconf 82' lang='lat' dir='ltr'><strong>beneﬁcum,</strong></span> <span class='ocrx_word' id='word_1_31' title='bbox 1037 526 1100 566; x_wconf 91' lang='lat' dir='ltr'><strong>ac</strong></span> <span class='ocrx_word' id='word_1_32' title='bbox 1130 527 1238 566; x_wconf 91' lang='lat' dir='ltr'><strong>non</strong></span> <span class='ocrx_word' id='word_1_33' title='bbox 1266 526 1557 582; x_wconf 81' lang='lat' dir='ltr'><strong>corporum</strong></span> <span class='ocrx_word' id='word_1_34' title='bbox 1596 512 1780 578; x_wconf 91' lang='lat' dir='ltr'><strong>modo,</strong></span> <span class='ocrx_word' id='word_1_35' title='bbox 1814 513 1908 568; x_wconf 85' lang='lat' dir='ltr'><strong>sed</strong></span> <span class='ocrx_word' id='word_1_36' title='bbox 1938 513 2102 568; x_wconf 88' lang='lat' dir='ltr'><strong>etiam</strong></span> 
     </span>
    </p>
   </div>
   <div class='ocr_carea' id='block_1_7' title="bbox 2202 509 3712 586">
    <p class='ocr_par' dir='ltr' id='par_1_7' title="bbox 2204 509 3712 586">
     <span class='ocr_line' id='line_1_7' title="bbox 2204 509 3712 586; baseline -0.001 -18"><span class='ocrx_word' id='word_1_37' title='bbox 2204 514 2390 586; x_wconf 83' lang='grc' dir='ltr'>γέτην,</span> <span class='ocrx_word' id='word_1_38' title='bbox 2439 513 2534 566; x_wconf 72' lang='grc' dir='ltr'><strong>καὶ</strong></span> <span class='ocrx_word' id='word_1_39' title='bbox 2582 511 2656 584; x_wconf 79' lang='grc' dir='ltr'><strong>μὴ</strong></span> <span class='ocrx_word' id='word_1_40' title='bbox 2690 510 2850 581; x_wconf 85' lang='grc' dir='ltr'>μόνον</span> <span class='ocrx_word' id='word_1_41' title='bbox 2891 509 3000 563; x_wconf 85' lang='grc' dir='ltr'><strong>τῶν</strong></span> <span class='ocrx_word' id='word_1_42' title='bbox 3045 509 3332 580; x_wconf 80' lang='grc' dir='ltr'>σωμάτων,</span> <span class='ocrx_word' id='word_1_43' title='bbox 3377 509 3505 563; x_wconf 74' lang='grc' dir='ltr'>ἀλλὰ</span> <span class='ocrx_word' id='word_1_44' title='bbox 3530 513 3712 567; x_wconf 77' lang='grc' dir='ltr'>καὶτῶν</span> 
     </span>
    </p>
   </div>
   <div class='ocr_carea' id='block_1_8' title="bbox 528 599 2102 676">
    <p class='ocr_par' dir='ltr' id='par_1_8' title="bbox 528 601 2102 674">
     <span class='ocr_line' id='line_1_8' title="bbox 528 601 2102 674; baseline -0.001 -14"><span class='ocrx_word' id='word_1_45' title='bbox 528 603 834 660; x_wconf 76' lang='lat' dir='ltr'><strong>animarum</strong></span> <span class='ocrx_word' id='word_1_46' title='bbox 863 603 1136 658; x_wconf 89' lang='lat' dir='ltr'><strong>medicum</strong></span> <span class='ocrx_word' id='word_1_47' title='bbox 1173 603 1398 674; x_wconf 75' lang='lat' dir='ltr'><strong>diligere</strong></span> <span class='ocrx_word' id='word_1_48' title='bbox 1427 601 1770 672; x_wconf 79' lang='lat' dir='ltr'><strong>debuissent,</strong></span> <span class='ocrx_word' id='word_1_49' title='bbox 1798 604 1875 658; x_wconf 88' lang='lat' dir='ltr'><strong>illi</strong></span> <span class='ocrx_word' id='word_1_50' title='bbox 1910 613 2102 660; x_wconf 87' lang='lat' dir='ltr'><strong>contra</strong></span> 
     </span>
    </p>
   </div>
   <div class='ocr_carea' id='block_1_9' title="bbox 2202 599 3712 676">
    <p class='ocr_par' dir='ltr' id='par_1_9' title="bbox 2202 599 3712 676">
     <span class='ocr_line' id='line_1_9' title="bbox 2202 599 3712 676; baseline 0.004 -20"><span class='ocrx_word' id='word_1_51' title='bbox 2202 604 2390 676; x_wconf 74' lang='grc' dir='ltr'>ψυχῶν</span> <span class='ocrx_word' id='word_1_52' title='bbox 2427 603 2607 676; x_wconf 86' lang='grc' dir='ltr'>ἰατρόν</span> <span class='ocrx_word' id='word_1_53' title='bbox 2627 619 2640 632; x_wconf 74' lang='grc' dir='ltr'><strong><em>ο</em></strong></span> <span class='ocrx_word' id='word_1_54' title='bbox 2673 602 2721 655; x_wconf 81' lang='grc' dir='ltr'><strong>οἰ</strong></span> <span class='ocrx_word' id='word_1_55' title='bbox 2760 601 2818 655; x_wconf 84' lang='grc' dir='ltr'>δὲ</span> <span class='ocrx_word' id='word_1_56' title='bbox 2857 599 3107 665; x_wconf 78' lang='grc' dir='ltr'>διαϐολὰς</span> <span class='ocrx_word' id='word_1_57' title='bbox 3139 599 3406 672; x_wconf 77' lang='grc' dir='ltr'>ἔῤῥαπτον</span> <span class='ocrx_word' id='word_1_58' title='bbox 3438 603 3547 657; x_wconf 74' lang='grc' dir='ltr'>κατ’</span> <span class='ocrx_word' id='word_1_59' title='bbox 3571 605 3712 663; x_wconf 70' lang='grc' dir='ltr'>αὐτοῦ.</span> 
     </span>
    </p>
   </div>
   <div class='ocr_carea' id='block_1_10' title="bbox 527 691 1643 753">
    <p class='ocr_par' dir='ltr' id='par_1_10' title="bbox 527 691 1643 753">
     <span class='ocr_line' id='line_1_10' title="bbox 527 691 1643 753; baseline 0 -7"><span class='ocrx_word' id='word_1_60' title='bbox 527 693 832 753; x_wconf 79' lang='lat' dir='ltr'><strong>calumnias</strong></span> <span class='ocrx_word' id='word_1_61' title='bbox 859 693 1124 748; x_wconf 84' lang='lat' dir='ltr'><strong>adversus</strong></span> <span class='ocrx_word' id='word_1_62' title='bbox 1156 709 1279 750; x_wconf 87' lang='lat' dir='ltr'><strong>eum</strong></span> <span class='ocrx_word' id='word_1_63' title='bbox 1310 691 1643 748; x_wconf 87' lang='lat' dir='ltr'><strong>conﬂabant.</strong></span> 
     </span>
    </p>
   </div>
   <div class='ocr_carea' id='block_1_11' title="bbox 592 781 2103 856">
    <p class='ocr_par' dir='ltr' id='par_1_11' title="bbox 592 781 2103 856">
     <span class='ocr_line' id='line_1_11' title="bbox 592 781 2103 856; baseline 0.001 -20"><span class='ocrx_word' id='word_1_64' title='bbox 592 781 759 838; x_wconf 72' lang='lat' dir='ltr'><strong>Vens.</strong></span> <span class='ocrx_word' id='word_1_65' title='bbox 794 784 844 839; x_wconf 84' lang='lat'><strong>5.</strong></span> <span class='ocrx_word' id='word_1_66' title='bbox 880 783 987 839; x_wconf 86' lang='lat' dir='ltr'><strong>Pro</strong></span> <span class='ocrx_word' id='word_1_67' title='bbox 1009 801 1067 839; x_wconf 92' lang='lat' dir='ltr'><strong>eo</strong></span> <span class='ocrx_word' id='word_1_68' title='bbox 1094 793 1151 838; x_wconf 90' lang='lat' dir='ltr'><strong>ut</strong></span> <span class='ocrx_word' id='word_1_69' title='bbox 1173 800 1253 838; x_wconf 90' lang='lat' dir='ltr'><strong>me</strong></span> <span class='ocrx_word' id='word_1_70' title='bbox 1271 782 1911 856; x_wconf 85' lang='lat' dir='ltr'><strong>diligerent,detrahebant</strong></span> <span class='ocrx_word' id='word_1_71' title='bbox 1935 784 2063 838; x_wconf 87' lang='lat' dir='ltr'><strong>mihi</strong></span> <span class='ocrx_word' id='word_1_72' title='bbox 2085 799 2103 836; x_wconf 92' lang='lat'><strong><em>:</em></strong></span> 
     </span>
    </p>
   </div>
   <div class='ocr_carea' id='block_1_12' title="bbox 524 875 2107 946">
    <p class='ocr_par' dir='ltr' id='par_1_12' title="bbox 524 875 2107 946">
     <span class='ocr_line' id='line_1_12' title="bbox 524 875 2107 946; baseline 0.001 -16"><span class='ocrx_word' id='word_1_73' title='bbox 524 893 613 946; x_wconf 85' lang='lat' dir='ltr'><strong>ego</strong></span> <span class='ocrx_word' id='word_1_74' title='bbox 644 885 818 930; x_wconf 88' lang='lat' dir='ltr'><strong>autem</strong></span> <span class='ocrx_word' id='word_1_75' title='bbox 841 877 1086 931; x_wconf 86' lang='lat' dir='ltr'><strong>orabam.</strong></span> <span class='ocrx_word' id='word_1_76' title='bbox 1125 875 1193 930; x_wconf 89' lang='lat' dir='ltr'><strong>Et</strong></span> <span class='ocrx_word' id='word_1_77' title='bbox 1221 885 1506 945; x_wconf 84' lang='lat' dir='ltr'><strong>posuerunt</strong></span> <span class='ocrx_word' id='word_1_78' title='bbox 1528 877 1805 931; x_wconf 85' lang='lat' dir='ltr'><strong>adversum</strong></span> <span class='ocrx_word' id='word_1_79' title='bbox 1844 894 1925 932; x_wconf 88' lang='lat' dir='ltr'><strong>me</strong></span> <span class='ocrx_word' id='word_1_80' title='bbox 1960 877 2107 932; x_wconf 89' lang='lat' dir='ltr'><strong>mala</strong></span> 
     </span>
    </p>
   </div>
   <div class='ocr_carea' id='block_1_13' title="bbox 523 967 2106 1040">
    <p class='ocr_par' dir='ltr' id='par_1_13' title="bbox 523 967 2106 1040">
     <span class='ocr_line' id='line_1_13' title="bbox 523 967 2106 1040; baseline -0.001 -14"><span class='ocrx_word' id='word_1_81' title='bbox 523 984 618 1036; x_wconf 76' lang='lat' dir='ltr'><strong>pro</strong></span> <span class='ocrx_word' id='word_1_82' title='bbox 649 967 820 1029; x_wconf 88' lang='lat' dir='ltr'><strong>bonis,</strong></span> <span class='ocrx_word' id='word_1_83' title='bbox 859 979 907 1023; x_wconf 90' lang='lat' dir='ltr'><strong>et</strong></span> <span class='ocrx_word' id='word_1_84' title='bbox 945 971 1125 1023; x_wconf 88' lang='lat' dir='ltr'><strong>odium</strong></span> <span class='ocrx_word' id='word_1_85' title='bbox 1158 985 1254 1038; x_wconf 85' lang='lat' dir='ltr'><strong>pro</strong></span> <span class='ocrx_word' id='word_1_86' title='bbox 1297 969 1577 1023; x_wconf 76' lang='lat' dir='ltr'><strong>dilectione</strong></span> <span class='ocrx_word' id='word_1_87' title='bbox 1606 985 1721 1022; x_wconf 89' lang='lat' dir='ltr'><strong>mea</strong></span> <span class='ocrx_word' id='word_1_88' title='bbox 1755 985 1773 1022; x_wconf 90' lang='lat'><strong><em>:</em></strong></span> <span class='ocrx_word' id='word_1_89' title='bbox 1804 969 2106 1040; x_wconf 85' lang='lat' dir='ltr'><strong>discipulos</strong></span> 
     </span>
    </p>
   </div>
   <div class='ocr_carea' id='block_1_14' title="bbox 525 1061 2104 1131">
    <p class='ocr_par' dir='ltr' id='par_1_14' title="bbox 525 1061 2104 1131">
     <span class='ocr_line' id='line_1_14' title="bbox 525 1061 2104 1131; baseline 0.001 -18"><span class='ocrx_word' id='word_1_90' title='bbox 525 1075 675 1116; x_wconf 90' lang='lat' dir='ltr'><strong>meos</strong></span> <span class='ocrx_word' id='word_1_91' title='bbox 705 1067 916 1116; x_wconf 83' lang='lat' dir='ltr'><strong>tantum</strong></span> <span class='ocrx_word' id='word_1_92' title='bbox 942 1077 1050 1117; x_wconf 89' lang='lat' dir='ltr'><strong>non</strong></span> <span class='ocrx_word' id='word_1_93' title='bbox 1076 1077 1240 1131; x_wconf 82' lang='lat' dir='ltr'><strong>apere</strong></span> <span class='ocrx_word' id='word_1_94' title='bbox 1260 1061 1463 1116; x_wconf 87' lang='lat' dir='ltr'><strong>docens</strong></span> <span class='ocrx_word' id='word_1_95' title='bbox 1487 1062 1676 1131; x_wconf 81' lang='lat' dir='ltr'><strong>quales</strong></span> <span class='ocrx_word' id='word_1_96' title='bbox 1703 1077 1826 1118; x_wconf 88' lang='lat' dir='ltr'><strong>esse</strong></span> <span class='ocrx_word' id='word_1_97' title='bbox 1849 1061 2104 1124; x_wconf 89' lang='lat' dir='ltr'><strong>debeant,</strong></span> 
     </span>
    </p>
   </div>
   <div class='ocr_carea' id='block_1_15' title="bbox 523 1152 2106 1225">
    <p class='ocr_par' dir='ltr' id='par_1_15' title="bbox 523 1152 2106 1225">
     <span class='ocr_line' id='line_1_15' title="bbox 523 1152 2106 1225; baseline -0.003 -15"><span class='ocrx_word' id='word_1_98' title='bbox 523 1152 568 1210; x_wconf 82' lang='lat' dir='ltr'><strong>si</strong></span> <span class='ocrx_word' id='word_1_99' title='bbox 605 1153 824 1224; x_wconf 81' lang='lat' dir='ltr'><strong>quando</strong></span> <span class='ocrx_word' id='word_1_100' title='bbox 869 1154 926 1209; x_wconf 87' lang='lat' dir='ltr'><strong>in</strong></span> <span class='ocrx_word' id='word_1_101' title='bbox 974 1155 1126 1225; x_wconf 87' lang='lat' dir='ltr'><strong>paria</strong></span> <span class='ocrx_word' id='word_1_102' title='bbox 1174 1152 1439 1217; x_wconf 86' lang='lat' dir='ltr'><strong>incidant.</strong></span> <span class='ocrx_word' id='word_1_103' title='bbox 1473 1153 1611 1219; x_wconf 86' lang='lat' dir='ltr'><strong>Quia</strong></span> <span class='ocrx_word' id='word_1_104' title='bbox 1659 1169 1791 1212; x_wconf 90' lang='lat' dir='ltr'><strong>vero</strong></span> <span class='ocrx_word' id='word_1_105' title='bbox 1818 1153 1874 1207; x_wconf 91' lang='lat' dir='ltr'><strong>in</strong></span> <span class='ocrx_word' id='word_1_106' title='bbox 1923 1153 2106 1207; x_wconf 87' lang='lat' dir='ltr'><strong>medio</strong></span> 
     </span>
    </p>
   </div>
   <div class='ocr_carea' id='block_1_16' title="bbox 525 1244 2106 1318">
    <p class='ocr_par' dir='ltr' id='par_1_16' title="bbox 525 1244 2106 1318">
     <span class='ocr_line' id='line_1_16' title="bbox 525 1244 2106 1318; baseline 0.002 -19"><span class='ocrx_word' id='word_1_107' title='bbox 525 1244 744 1311; x_wconf 79' lang='lat' dir='ltr'><strong>dicitur,</strong></span> <span class='ocrx_word' id='word_1_108' title='bbox 780 1245 891 1318; x_wconf 86' lang='lat' dir='ltr'><strong>Ego</strong></span> <span class='ocrx_word' id='word_1_109' title='bbox 931 1257 1105 1300; x_wconf 83' lang='lat' dir='ltr'><strong>autem</strong></span> <span class='ocrx_word' id='word_1_110' title='bbox 1154 1245 1393 1309; x_wconf 83' lang='lat' dir='ltr'><strong>orabam,</strong></span> <span class='ocrx_word' id='word_1_111' title='bbox 1425 1245 1520 1301; x_wconf 89' lang='lat' dir='ltr'><strong>sed</strong></span> <span class='ocrx_word' id='word_1_112' title='bbox 1565 1260 1814 1316; x_wconf 72' lang='lat' dir='ltr'><strong>qumnam</strong></span> <span class='ocrx_word' id='word_1_113' title='bbox 1868 1260 1968 1315; x_wconf 88' lang='lat' dir='ltr'><strong>pro</strong></span> <span class='ocrx_word' id='word_1_114' title='bbox 1997 1245 2106 1302; x_wconf 83' lang='lat' dir='ltr'><strong>illis</strong></span> 
     </span>
    </p>
   </div>
   <div class='ocr_carea' id='block_1_17' title="bbox 524 1335 2104 1408">
    <p class='ocr_par' dir='ltr' id='par_1_17' title="bbox 524 1335 2104 1408">
     <span class='ocr_line' id='line_1_17' title="bbox 524 1335 2104 1408; baseline 0 -19"><span class='ocrx_word' id='word_1_115' title='bbox 524 1346 846 1408; x_wconf 83' lang='lat' dir='ltr'><strong>precaretur</strong></span> <span class='ocrx_word' id='word_1_116' title='bbox 878 1339 1086 1407; x_wconf 88' lang='lat' dir='ltr'><strong>scripto</strong></span> <span class='ocrx_word' id='word_1_117' title='bbox 1120 1351 1228 1390; x_wconf 92' lang='lat' dir='ltr'><strong>non</strong></span> <span class='ocrx_word' id='word_1_118' title='bbox 1260 1335 1531 1390; x_wconf 88' lang='lat' dir='ltr'><strong>traditur:</strong></span> <span class='ocrx_word' id='word_1_119' title='bbox 1565 1337 1838 1406; x_wconf 79' lang='lat' dir='ltr'><strong>quispiam</strong></span> <span class='ocrx_word' id='word_1_120' title='bbox 1877 1351 1986 1390; x_wconf 91' lang='lat' dir='ltr'><strong>non</strong></span> <span class='ocrx_word' id='word_1_121' title='bbox 2016 1336 2104 1389; x_wconf 88' lang='lat' dir='ltr'><strong>in-</strong></span> 
     </span>
    </p>
   </div>
   <div class='ocr_carea' id='block_1_18' title="bbox 523 1427 2106 1500">
    <p class='ocr_par' dir='ltr' id='par_1_18' title="bbox 523 1427 2106 1500">
     <span class='ocr_line' id='line_1_18' title="bbox 523 1427 2106 1500; baseline 0.002 -20"><span class='ocrx_word' id='word_1_122' title='bbox 523 1427 806 1483; x_wconf 90' lang='lat' dir='ltr'><strong>commode</strong></span> <span class='ocrx_word' id='word_1_123' title='bbox 848 1428 1066 1493; x_wconf 81' lang='lat' dir='ltr'><strong>dixerit,</strong></span> <span class='ocrx_word' id='word_1_124' title='bbox 1104 1429 1278 1498; x_wconf 87' lang='lat' dir='ltr'><strong>ipsum</strong></span> <span class='ocrx_word' id='word_1_125' title='bbox 1328 1430 1441 1484; x_wconf 67' lang='lat' dir='ltr'><strong>hate</strong></span> <span class='ocrx_word' id='word_1_126' title='bbox 1475 1445 1595 1500; x_wconf 83' lang='lat' dir='ltr'><strong>quae</strong></span> <span class='ocrx_word' id='word_1_127' title='bbox 1635 1429 1819 1496; x_wconf 88' lang='lat' dir='ltr'><strong>jacent</strong></span> <span class='ocrx_word' id='word_1_128' title='bbox 1865 1443 1964 1500; x_wconf 93' lang='lat' dir='ltr'><strong>pro</strong></span> <span class='ocrx_word' id='word_1_129' title='bbox 1998 1429 2106 1483; x_wconf 85' lang='lat' dir='ltr'><strong>illis</strong></span> 
     </span>
    </p>
   </div>
   <div class='ocr_carea' id='block_1_19' title="bbox 521 1516 2106 1590">
    <p class='ocr_par' dir='ltr' id='par_1_19' title="bbox 521 1516 2106 1590">
     <span class='ocr_line' id='line_1_19' title="bbox 521 1516 2106 1590; baseline 0.002 -19"><span class='ocrx_word' id='word_1_130' title='bbox 521 1516 688 1571; x_wconf 87' lang='lat' dir='ltr'><strong>etiam</strong></span> <span class='ocrx_word' id='word_1_131' title='bbox 743 1527 1024 1589; x_wconf 85' lang='lat' dir='ltr'><strong>precatum</strong></span> <span class='ocrx_word' id='word_1_132' title='bbox 1060 1535 1202 1585; x_wconf 82' lang='lat' dir='ltr'><strong>esse,</strong></span> <span class='ocrx_word' id='word_1_133' title='bbox 1251 1536 1372 1590; x_wconf 72' lang='lat' dir='ltr'><strong>qua:</strong></span> <span class='ocrx_word' id='word_1_134' title='bbox 1412 1520 1676 1576; x_wconf 71' lang='lat' dir='ltr'><strong>doctrina:</strong></span> <span class='ocrx_word' id='word_1_135' title='bbox 1711 1519 1880 1588; x_wconf 88' lang='lat' dir='ltr'><strong>ipsius</strong></span> <span class='ocrx_word' id='word_1_136' title='bbox 1927 1518 2106 1574; x_wconf 86' lang='lat' dir='ltr'><strong>allinia</strong></span> 
     </span>
    </p>
   </div>
   <div class='ocr_carea' id='block_1_20' title="bbox 520 1607 2106 1679">
    <p class='ocr_par' dir='ltr' id='par_1_20' title="bbox 520 1607 2106 1679">
     <span class='ocr_line' id='line_1_20' title="bbox 520 1607 2106 1679; baseline 0.001 -19"><span class='ocrx_word' id='word_1_137' title='bbox 520 1614 680 1661; x_wconf 75' lang='lat' dir='ltr'><strong>erant</strong></span> <span class='ocrx_word' id='word_1_138' title='bbox 708 1607 941 1665; x_wconf 87' lang='lat' dir='ltr'><strong>dicentis</strong></span> <span class='ocrx_word' id='word_1_139' title='bbox 969 1608 1166 1664; x_wconf 89' lang='lat' dir='ltr'><strong>:Orate</strong></span> <span class='ocrx_word' id='word_1_140' title='bbox 1201 1626 1295 1679; x_wconf 90' lang='lat' dir='ltr'><strong>pro</strong></span> <span class='ocrx_word' id='word_1_141' title='bbox 1325 1609 1634 1664; x_wconf 73' lang='lat' dir='ltr'><strong>[cedentibus</strong></span> <span class='ocrx_word' id='word_1_142' title='bbox 1669 1618 1717 1664; x_wconf 90' lang='lat' dir='ltr'><strong>et</strong></span> <span class='ocrx_word' id='word_1_143' title='bbox 1754 1610 2106 1678; x_wconf 84' lang='lat' dir='ltr'><strong>persequenti-</strong></span> 
     </span>
    </p>
   </div>
   <div class='ocr_carea' id='block_1_21' title="bbox 523 1696 2103 1770">
    <p class='ocr_par' dir='ltr' id='par_1_21' title="bbox 523 1696 2103 1770">
     <span class='ocr_line' id='line_1_21' title="bbox 523 1696 2103 1770; baseline -0.001 -14"><span class='ocrx_word' id='word_1_144' title='bbox 523 1696 620 1756; x_wconf 72' lang='lat' dir='ltr'><strong>bus</strong></span> <span class='ocrx_word' id='word_1_145' title='bbox 653 1713 740 1752; x_wconf 79' lang='lat' dir='ltr'><strong>uos</strong></span> <span class='ocrx_word' id='word_1_146' title='bbox 763 1698 830 1754; x_wconf 78' lang='grc'><strong>⁸⁷.</strong></span> <span class='ocrx_word' id='word_1_147' title='bbox 883 1697 952 1753; x_wconf 82' lang='grc' dir='ltr'>Εἰ</span> <span class='ocrx_word' id='word_1_148' title='bbox 994 1710 1288 1770; x_wconf 83' lang='lat' dir='ltr'><strong>posuerunt</strong></span> <span class='ocrx_word' id='word_1_149' title='bbox 1321 1701 1598 1756; x_wconf 84' lang='lat' dir='ltr'><strong>adversum</strong></span> <span class='ocrx_word' id='word_1_150' title='bbox 1624 1717 1704 1754; x_wconf 85' lang='lat' dir='ltr'><strong>me</strong></span> <span class='ocrx_word' id='word_1_151' title='bbox 1723 1700 1865 1754; x_wconf 90' lang='lat' dir='ltr'><strong>mala</strong></span> <span class='ocrx_word' id='word_1_152' title='bbox 1886 1717 1979 1770; x_wconf 91' lang='lat' dir='ltr'><strong>pro</strong></span> <span class='ocrx_word' id='word_1_153' title='bbox 2010 1700 2103 1755; x_wconf 86' lang='lat' dir='ltr'><strong>bo-</strong></span> 
     </span>
    </p>
   </div>
   <div class='ocr_carea' id='block_1_22' title="bbox 2287 753 3718 826">
    <p class='ocr_par' dir='ltr' id='par_1_22' title="bbox 2287 753 3718 826">
     <span class='ocr_line' id='line_1_22' title="bbox 2287 753 3718 826; baseline 0.001 -15"><span class='ocrx_word' id='word_1_154' title='bbox 2287 757 2434 811; x_wconf 80' lang='grc' dir='ltr'>’Λντί</span> <span class='ocrx_word' id='word_1_155' title='bbox 2462 756 2568 810; x_wconf 83' lang='grc' dir='ltr'>τοῦ</span> <span class='ocrx_word' id='word_1_156' title='bbox 2595 755 2837 826; x_wconf 80' lang='grc' dir='ltr'>ἀγαπᾷν</span> <span class='ocrx_word' id='word_1_157' title='bbox 2879 773 2955 826; x_wconf 81' lang='grc' dir='ltr'><strong>με</strong></span> <span class='ocrx_word' id='word_1_158' title='bbox 2993 753 3380 809; x_wconf 78' lang='grc' dir='ltr'>ἐνδιέὅαλλόν</span> <span class='ocrx_word' id='word_1_159' title='bbox 3401 771 3472 824; x_wconf 81' lang='grc' dir='ltr'>με</span> <span class='ocrx_word' id='word_1_160' title='bbox 3491 772 3505 784; x_wconf 93' lang='grc'><strong>·</strong></span> <span class='ocrx_word' id='word_1_161' title='bbox 3543 755 3638 826; x_wconf 73' lang='grc' dir='ltr'>ἐγὼ</span> <span class='ocrx_word' id='word_1_162' title='bbox 3669 758 3718 813; x_wconf 70' lang='grc' dir='ltr'>δὲ</span> 
     </span>
    </p>
   </div>
   <div class='ocr_carea' id='block_1_23' title="bbox 2205 846 3718 918">
    <p class='ocr_par' dir='ltr' id='par_1_23' title="bbox 2205 846 3718 918">
     <span class='ocr_line' id='line_1_23' title="bbox 2205 846 3718 918; baseline 0 -16"><span class='ocrx_word' id='word_1_163' title='bbox 2205 851 2658 918; x_wconf 82' lang='grc' dir='ltr'>προσηυχόμην.</span> <span class='ocrx_word' id='word_1_164' title='bbox 2708 847 2818 902; x_wconf 80' lang='lat' dir='ltr'><strong>Kal</strong></span> <span class='ocrx_word' id='word_1_165' title='bbox 2857 847 3062 902; x_wconf 75' lang='grc' dir='ltr'>ἔθεντο</span> <span class='ocrx_word' id='word_1_166' title='bbox 3106 846 3231 900; x_wconf 80' lang='grc' dir='ltr'>κατ’</span> <span class='ocrx_word' id='word_1_167' title='bbox 3261 846 3406 916; x_wconf 82' lang='grc' dir='ltr'>ἐμοῦ</span> <span class='ocrx_word' id='word_1_168' title='bbox 3451 847 3584 900; x_wconf 77' lang='grc' dir='ltr'>κακά</span> <span class='ocrx_word' id='word_1_169' title='bbox 3619 850 3718 902; x_wconf 79' lang='grc' dir='ltr'>ὼτί</span> 
     </span>
    </p>
   </div>
   <div class='ocr_carea' id='block_1_24' title="bbox 2205 937 3721 1011">
    <p class='ocr_par' dir='ltr' id='par_1_24' title="bbox 2205 937 3721 1011">
     <span class='ocr_line' id='line_1_24' title="bbox 2205 937 3721 1011; baseline -0.001 -16"><span class='ocrx_word' id='word_1_170' title='bbox 2205 939 2460 1010; x_wconf 79' lang='grc' dir='ltr'>ἀγαθῶ-ν,</span> <span class='ocrx_word' id='word_1_171' title='bbox 2513 939 2610 994; x_wconf 82' lang='grc' dir='ltr'>καὶ</span> <span class='ocrx_word' id='word_1_172' title='bbox 2629 938 2810 1010; x_wconf 84' lang='grc' dir='ltr'>μῖσος</span> <span class='ocrx_word' id='word_1_173' title='bbox 2841 938 2975 992; x_wconf 75' lang='grc' dir='ltr'>ἀντὶ</span> <span class='ocrx_word' id='word_1_174' title='bbox 3004 938 3115 1006; x_wconf 83' lang='grc' dir='ltr'>τῆς</span> <span class='ocrx_word' id='word_1_175' title='bbox 3141 937 3488 1007; x_wconf 76' lang='grc' dir='ltr'>ἀγαπήσεὼς</span> <span class='ocrx_word' id='word_1_176' title='bbox 3511 955 3626 1008; x_wconf 71' lang='grc' dir='ltr'><strong>μουο</strong></span> <span class='ocrx_word' id='word_1_177' title='bbox 3651 959 3721 1011; x_wconf 73' lang='grc' dir='ltr'>μο-</span> 
     </span>
    </p>
   </div>
   <div class='ocr_carea' id='block_1_25' title="bbox 2205 1029 3721 1113">
    <p class='ocr_par' dir='ltr' id='par_1_25' title="bbox 2205 1029 3721 1113">
     <span class='ocr_line' id='line_1_25' title="bbox 2205 1029 3721 1113; baseline -0.001 -26"><span class='ocrx_word' id='word_1_178' title='bbox 2205 1033 2416 1104; x_wconf 62' lang='grc' dir='ltr'><strong>νονουχ)⁵</strong></span> <span class='ocrx_word' id='word_1_179' title='bbox 2443 1032 2536 1088; x_wconf 66' lang='grc' dir='ltr'><strong>καὶ</strong></span> <span class='ocrx_word' id='word_1_180' title='bbox 2556 1033 2682 1096; x_wconf 78' lang='grc' dir='ltr'>τοὺς</span> <span class='ocrx_word' id='word_1_181' title='bbox 2716 1030 2838 1102; x_wconf 70' lang='grc' dir='ltr'>ἐμοὶ</span> <span class='ocrx_word' id='word_1_182' title='bbox 2858 1031 3327 1113; x_wconf 73' lang='grc' dir='ltr'>μαθητευομένους</span> <span class='ocrx_word' id='word_1_183' title='bbox 3355 1029 3493 1102; x_wconf 75' lang='grc' dir='ltr'>ἔργῳ</span> <span class='ocrx_word' id='word_1_184' title='bbox 3513 1031 3721 1086; x_wconf 74' lang='grc' dir='ltr'><strong>διδάσκων</strong></span> 
     </span>
    </p>
   </div>
   <div class='ocr_carea' id='block_1_26' title="bbox 2206 1118 3725 1195">
    <p class='ocr_par' dir='ltr' id='par_1_26' title="bbox 2206 1118 3725 1195">
     <span class='ocr_line' id='line_1_26' title="bbox 2206 1118 3725 1195; baseline -0.001 -15"><span class='ocrx_word' id='word_1_185' title='bbox 2206 1125 2420 1189; x_wconf 79' lang='grc' dir='ltr'>ὁποίους</span> <span class='ocrx_word' id='word_1_186' title='bbox 2437 1123 2528 1178; x_wconf 73' lang='grc' dir='ltr'><strong>καὶ</strong></span> <span class='ocrx_word' id='word_1_187' title='bbox 2551 1124 2747 1188; x_wconf 78' lang='grc' dir='ltr'>αὐτοὺς</span> <span class='ocrx_word' id='word_1_188' title='bbox 2770 1118 2906 1176; x_wconf 77' lang='grc' dir='ltr'>εἶναι</span> <span class='ocrx_word' id='word_1_189' title='bbox 2924 1123 3208 1195; x_wconf 80' lang='grc' dir='ltr'>προσήκει,</span> <span class='ocrx_word' id='word_1_190' title='bbox 3232 1123 3284 1175; x_wconf 84' lang='grc' dir='ltr'><strong>εῐ</strong></span> <span class='ocrx_word' id='word_1_191' title='bbox 3305 1139 3432 1176; x_wconf 87' lang='grc' dir='ltr'>ποτε</span> <span class='ocrx_word' id='word_1_192' title='bbox 3449 1125 3550 1188; x_wconf 82' lang='grc' dir='ltr'>τοῖς</span> <span class='ocrx_word' id='word_1_193' title='bbox 3567 1125 3725 1193; x_wconf 74' lang='grc' dir='ltr'>ὁμοίοις</span> 
     </span>
    </p>
   </div>
   <div class='ocr_carea' id='block_1_27' title="bbox 2207 1215 3724 1289">
    <p class='ocr_par' dir='ltr' id='par_1_27' title="bbox 2207 1215 3724 1289">
     <span class='ocr_line' id='line_1_27' title="bbox 2207 1215 3724 1289; baseline 0 -19"><span class='ocrx_word' id='word_1_194' title='bbox 2207 1217 2606 1289; x_wconf 86' lang='grc' dir='ltr'>περιπίπτοιεν.</span> <span class='ocrx_word' id='word_1_195' title='bbox 2657 1215 2809 1270; x_wconf 76' lang='grc' dir='ltr'>Ἐπεὶ</span> <span class='ocrx_word' id='word_1_196' title='bbox 2841 1215 2897 1268; x_wconf 81' lang='grc' dir='ltr'>δὲ</span> <span class='ocrx_word' id='word_1_197' title='bbox 2934 1215 3114 1288; x_wconf 84' lang='grc' dir='ltr'>μέσως</span> <span class='ocrx_word' id='word_1_198' title='bbox 3164 1216 3376 1288; x_wconf 78' lang='grc' dir='ltr'>εἴρηται</span> <span class='ocrx_word' id='word_1_199' title='bbox 3417 1215 3504 1269; x_wconf 86' lang='grc' dir='ltr'>τό·</span> <span class='ocrx_word' id='word_1_200' title='bbox 3541 1217 3653 1286; x_wconf 67' lang='grc' dir='ltr'>Ἐγὼ</span> <span class='ocrx_word' id='word_1_201' title='bbox 3676 1218 3724 1270; x_wconf 80' lang='grc' dir='ltr'>δὲ</span> 
     </span>
    </p>
   </div>
   <div class='ocr_carea' id='block_1_28' title="bbox 2207 1303 3725 1380">
    <p class='ocr_par' dir='ltr' id='par_1_28' title="bbox 2207 1303 3725 1380">
     <span class='ocr_line' id='line_1_28' title="bbox 2207 1303 3725 1380; baseline -0.001 -18"><span class='ocrx_word' id='word_1_202' title='bbox 2207 1309 2645 1377; x_wconf 78' lang='grc' dir='ltr'>προσηυχόμην</span> <span class='ocrx_word' id='word_1_203' title='bbox 2665 1325 2680 1338; x_wconf 87' lang='grc'><strong>·</strong></span> <span class='ocrx_word' id='word_1_204' title='bbox 2710 1307 2830 1360; x_wconf 91' lang='grc' dir='ltr'>τίνα</span> <span class='ocrx_word' id='word_1_205' title='bbox 2857 1306 2916 1360; x_wconf 84' lang='grc' dir='ltr'>δὲ</span> <span class='ocrx_word' id='word_1_206' title='bbox 2955 1303 3023 1379; x_wconf 78' lang='grc' dir='ltr'>ἦν</span> <span class='ocrx_word' id='word_1_207' title='bbox 3071 1306 3109 1362; x_wconf 78' lang='grc' dir='ltr'>ἃ</span> <span class='ocrx_word' id='word_1_208' title='bbox 3144 1305 3479 1379; x_wconf 81' lang='grc' dir='ltr'>προσηύχετο</span> <span class='ocrx_word' id='word_1_209' title='bbox 3518 1308 3598 1360; x_wconf 70' lang='grc' dir='ltr'><strong>καὶ</strong></span> <span class='ocrx_word' id='word_1_210' title='bbox 3622 1308 3725 1380; x_wconf 75' lang='grc' dir='ltr'>ὑπὲρ</span> 
     </span>
    </p>
   </div>
   <div class='ocr_carea' id='block_1_29' title="bbox 2206 1398 3726 1473">
    <p class='ocr_par' dir='ltr' id='par_1_29' title="bbox 2206 1398 3726 1473">
     <span class='ocr_line' id='line_1_29' title="bbox 2206 1398 3726 1473; baseline 0 -19"><span class='ocrx_word' id='word_1_211' title='bbox 2206 1401 2448 1468; x_wconf 81' lang='grc' dir='ltr'><strong>ἐκείνων,</strong></span> <span class='ocrx_word' id='word_1_212' title='bbox 2477 1400 2577 1454; x_wconf 85' lang='grc' dir='ltr'><strong>οὐκ</strong></span> <span class='ocrx_word' id='word_1_213' title='bbox 2615 1401 2947 1473; x_wconf 77' lang='grc' dir='ltr'><strong>ἐμφέρεται·</strong></span> <span class='ocrx_word' id='word_1_214' title='bbox 2985 1398 3127 1455; x_wconf 74' lang='grc' dir='ltr'>εἴποι</span> <span class='ocrx_word' id='word_1_215' title='bbox 3145 1400 3189 1452; x_wconf 83' lang='grc' dir='ltr'>δ’</span> <span class='ocrx_word' id='word_1_216' title='bbox 3222 1400 3288 1454; x_wconf 77' lang='grc' dir='ltr'>ἄν</span> <span class='ocrx_word' id='word_1_217' title='bbox 3323 1417 3406 1463; x_wconf 87' lang='grc' dir='ltr'><strong>τις</strong></span> <span class='ocrx_word' id='word_1_218' title='bbox 3433 1399 3645 1464; x_wconf 85' lang='grc' dir='ltr'>εἰκότως,</span> <span class='ocrx_word' id='word_1_219' title='bbox 3667 1401 3726 1454; x_wconf 78' lang='grc' dir='ltr'>ὅτι</span> 
     </span>
    </p>
   </div>
   <div class='ocr_carea' id='block_1_30' title="bbox 2207 1490 3728 1566">
    <p class='ocr_par' dir='ltr' id='par_1_30' title="bbox 2207 1490 3728 1566">
     <span class='ocr_line' id='line_1_30' title="bbox 2207 1490 3728 1566; baseline -0.003 -18"><span class='ocrx_word' id='word_1_220' title='bbox 2207 1495 2380 1548; x_wconf 81' lang='grc' dir='ltr'>ταῦτα</span> <span class='ocrx_word' id='word_1_221' title='bbox 2402 1493 2744 1566; x_wconf 81' lang='grc' dir='ltr'>προσηύχετο</span> <span class='ocrx_word' id='word_1_222' title='bbox 2775 1493 2871 1546; x_wconf 70' lang='grc' dir='ltr'>καὶ</span> <span class='ocrx_word' id='word_1_223' title='bbox 2914 1493 3052 1564; x_wconf 78' lang='grc' dir='ltr'>ὑπὲρ</span> <span class='ocrx_word' id='word_1_224' title='bbox 3083 1492 3329 1556; x_wconf 78' lang='grc' dir='ltr'>ἐκείνων,</span> <span class='ocrx_word' id='word_1_225' title='bbox 3363 1490 3398 1546; x_wconf 78' lang='grc' dir='ltr'>ἃ</span> <span class='ocrx_word' id='word_1_226' title='bbox 3436 1491 3495 1563; x_wconf 80' lang='grc' dir='ltr'><strong>δὴ</strong></span> <span class='ocrx_word' id='word_1_227' title='bbox 3520 1491 3728 1561; x_wconf 63' lang='grc' dir='ltr'>σύμφωνα</span> 
     </span>
    </p>
   </div>
   <div class='ocr_carea' id='block_1_31' title="bbox 2207 1577 3729 1658">
    <p class='ocr_par' dir='ltr' id='par_1_31' title="bbox 2207 1577 3729 1658">
     <span class='ocr_line' id='line_1_31' title="bbox 2207 1577 3729 1658; baseline -0.002 -18"><span class='ocrx_word' id='word_1_228' title='bbox 2207 1583 2274 1658; x_wconf 83' lang='grc' dir='ltr'>ἦν</span> <span class='ocrx_word' id='word_1_229' title='bbox 2299 1589 2418 1650; x_wconf 82' lang='grc' dir='ltr'>ταῖς</span> <span class='ocrx_word' id='word_1_230' title='bbox 2453 1585 2618 1639; x_wconf 82' lang='grc' dir='ltr'>αὐτοῦ</span> <span class='ocrx_word' id='word_1_231' title='bbox 2646 1584 3037 1648; x_wconf 84' lang='grc' dir='ltr'>διδασκαλίαις,</span> <span class='ocrx_word' id='word_1_232' title='bbox 3063 1584 3131 1638; x_wconf 88' lang='grc' dir='ltr'>δι’</span> <span class='ocrx_word' id='word_1_233' title='bbox 3154 1577 3229 1638; x_wconf 79' lang='grc' dir='ltr'><strong>ὧν</strong></span> <span class='ocrx_word' id='word_1_234' title='bbox 3263 1583 3465 1654; x_wconf 67' lang='grc' dir='ltr'>ἔφασκε</span> <span class='ocrx_word' id='word_1_235' title='bbox 3489 1602 3501 1614; x_wconf 95' lang='grc'><strong>·</strong></span> <span class='ocrx_word' id='word_1_236' title='bbox 3531 1585 3729 1652; x_wconf 61' lang='grc' dir='ltr'>Προσειέκ</span> 
     </span>
    </p>
   </div>
   <div class='ocr_carea' id='block_1_32' title="bbox 2209 1674 3728 1749">
    <p class='ocr_par' dir='ltr' id='par_1_32' title="bbox 2209 1674 3728 1749">
     <span class='ocr_line' id='line_1_32' title="bbox 2209 1674 3728 1749; baseline -0.004 -17"><span class='ocrx_word' id='word_1_237' title='bbox 2209 1683 2392 1749; x_wconf 82' lang='grc' dir='ltr'>χεσθε</span> <span class='ocrx_word' id='word_1_238' title='bbox 2444 1677 2598 1747; x_wconf 81' lang='grc' dir='ltr'>ὑπὲρ</span> <span class='ocrx_word' id='word_1_239' title='bbox 2643 1675 2766 1730; x_wconf 85' lang='grc' dir='ltr'><strong>τῶν</strong></span> <span class='ocrx_word' id='word_1_240' title='bbox 2816 1674 3264 1745; x_wconf 75' lang='grc' dir='ltr'><strong>ἐπηρεαζόντων</strong></span> <span class='ocrx_word' id='word_1_241' title='bbox 3315 1676 3414 1730; x_wconf 77' lang='grc' dir='ltr'>καὶ</span> <span class='ocrx_word' id='word_1_242' title='bbox 3460 1675 3728 1729; x_wconf 76' lang='grc' dir='ltr'><strong>διωκόντων</strong></span> 
     </span>
    </p>
   </div>
   <div class='ocr_carea' id='block_1_33' title="bbox 523 1764 2102 1860">
    <p class='ocr_par' dir='ltr' id='par_1_33' title="bbox 523 1764 2102 1860">
     <span class='ocr_line' id='line_1_33' title="bbox 523 1764 2102 1860; baseline 0.004 -19"><span class='ocrx_word' id='word_1_243' title='bbox 523 1787 627 1858; x_wconf 87' lang='lat' dir='ltr'><strong>nis,</strong></span> <span class='ocrx_word' id='word_1_244' title='bbox 657 1798 708 1843; x_wconf 88' lang='lat' dir='ltr'><strong>et</strong></span> <span class='ocrx_word' id='word_1_245' title='bbox 750 1789 931 1846; x_wconf 87' lang='lat' dir='ltr'><strong>odium</strong></span> <span class='ocrx_word' id='word_1_246' title='bbox 968 1764 1062 1860; x_wconf 82' lang='lat' dir='ltr'><strong>pro</strong></span> <span class='ocrx_word' id='word_1_247' title='bbox 1091 1791 1369 1848; x_wconf 82' lang='lat' dir='ltr'><strong>dilectione</strong></span> <span class='ocrx_word' id='word_1_248' title='bbox 1398 1810 1532 1846; x_wconf 88' lang='lat' dir='ltr'><strong>mea.</strong></span> <span class='ocrx_word' id='word_1_249' title='bbox 1578 1791 1692 1848; x_wconf 81' lang='lat' dir='ltr'><strong>Hac</strong></span> <span class='ocrx_word' id='word_1_250' title='bbox 1723 1792 1791 1848; x_wconf 87' lang='lat' dir='ltr'><strong>de</strong></span> <span class='ocrx_word' id='word_1_251' title='bbox 1837 1764 1896 1848; x_wconf 82' lang='lat' dir='ltr'><strong>re</strong></span> <span class='ocrx_word' id='word_1_252' title='bbox 1918 1793 2102 1847; x_wconf 83' lang='lat' dir='ltr'><strong>dicen-</strong></span> 
     </span>
    </p>
   </div>
   <div class='ocr_carea' id='block_1_34' title="bbox 2202 1764 3725 1860">
    <p class='ocr_par' dir='ltr' id='par_1_34' title="bbox 2208 1764 3725 1840">
     <span class='ocr_line' id='line_1_34' title="bbox 2208 1764 3725 1840; baseline -0.005 -14"><span class='ocrx_word' id='word_1_253' title='bbox 2208 1767 2382 1840; x_wconf 81' lang='grc' dir='ltr'>ὑμᾶς.</span> <span class='ocrx_word' id='word_1_254' title='bbox 2406 1799 2477 1810; x_wconf 88' lang='grc'><strong>-</strong></span> <span class='ocrx_word' id='word_1_255' title='bbox 2497 1769 2605 1824; x_wconf 77' lang='grc' dir='ltr'><strong>Καὶ</strong></span> <span class='ocrx_word' id='word_1_256' title='bbox 2632 1769 2840 1825; x_wconf 77' lang='grc' dir='ltr'><strong>ἔθεντο</strong></span> <span class='ocrx_word' id='word_1_257' title='bbox 2863 1770 2992 1822; x_wconf 76' lang='grc' dir='ltr'>κατ’</span> <span class='ocrx_word' id='word_1_258' title='bbox 3021 1768 3168 1838; x_wconf 82' lang='grc' dir='ltr'>ἐμοῦ</span> <span class='ocrx_word' id='word_1_259' title='bbox 3198 1768 3354 1821; x_wconf 82' lang='grc' dir='ltr'>κακὰ</span> <span class='ocrx_word' id='word_1_260' title='bbox 3377 1767 3503 1822; x_wconf 81' lang='grc' dir='ltr'>ἀντί</span> <span class='ocrx_word' id='word_1_261' title='bbox 3528 1764 3725 1836; x_wconf 69' lang='grc' dir='ltr'>ἀγαθῶν,</span> 
     </span>
    </p>
   </div>
   <div class='ocr_carea' id='block_1_35' title="bbox 522 1879 2105 1956">
    <p class='ocr_par' dir='ltr' id='par_1_35' title="bbox 522 1879 2105 1956">
     <span class='ocr_line' id='line_1_35' title="bbox 522 1879 2105 1956; baseline 0.004 -24"><span class='ocrx_word' id='word_1_262' title='bbox 522 1879 652 1934; x_wconf 84' lang='lat' dir='ltr'><strong>dum</strong></span> <span class='ocrx_word' id='word_1_263' title='bbox 685 1881 858 1948; x_wconf 87' lang='lat' dir='ltr'><strong>nihil,</strong></span> <span class='ocrx_word' id='word_1_264' title='bbox 901 1898 1026 1938; x_wconf 89' lang='lat' dir='ltr'><strong>cum</strong></span> <span class='ocrx_word' id='word_1_265' title='bbox 1073 1883 1305 1941; x_wconf 82' lang='lat' dir='ltr'><strong>historia</strong></span> <span class='ocrx_word' id='word_1_266' title='bbox 1351 1886 1663 1956; x_wconf 83' lang='lat' dir='ltr'><strong>evangelica</strong></span> <span class='ocrx_word' id='word_1_267' title='bbox 1702 1885 2105 1940; x_wconf 84' lang='lat' dir='ltr'><strong>multitudinem</strong></span> 
     </span>
    </p>
   </div>
   <div class='ocr_carea' id='block_1_36' title="bbox 521 1969 2106 2048">
    <p class='ocr_par' dir='ltr' id='par_1_36' title="bbox 521 1969 2106 2048">
     <span class='ocr_line' id='line_1_36' title="bbox 521 1969 2106 2048; baseline 0.004 -24"><span class='ocrx_word' id='word_1_268' title='bbox 521 1969 940 2043; x_wconf 82' lang='lat' dir='ltr'><strong>beneﬁciorum,</strong></span> <span class='ocrx_word' id='word_1_269' title='bbox 964 1991 1084 2045; x_wconf 71' lang='lat' dir='ltr'><strong>qua:</strong></span> <span class='ocrx_word' id='word_1_270' title='bbox 1121 1976 1440 2032; x_wconf 86' lang='lat' dir='ltr'><strong>incarnatus</strong></span> <span class='ocrx_word' id='word_1_271' title='bbox 1468 1977 1788 2033; x_wconf 89' lang='lat' dir='ltr'><strong>hominibus</strong></span> <span class='ocrx_word' id='word_1_272' title='bbox 1820 1977 2106 2048; x_wconf 87' lang='lat' dir='ltr'><strong>impertiit,</strong></span> 
     </span>
    </p>
   </div>
   <div class='ocr_carea' id='block_1_37' title="bbox 523 2064 2104 2135">
    <p class='ocr_par' dir='ltr' id='par_1_37' title="bbox 523 2064 2104 2135">
     <span class='ocr_line' id='line_1_37' title="bbox 523 2064 2104 2135; baseline 0.003 -18"><span class='ocrx_word' id='word_1_273' title='bbox 523 2064 938 2135; x_wconf 86' lang='lat' dir='ltr'><strong>complectatur,</strong></span> <span class='ocrx_word' id='word_1_274' title='bbox 987 2082 1112 2121; x_wconf 91' lang='lat' dir='ltr'><strong>cum</strong></span> <span class='ocrx_word' id='word_1_275' title='bbox 1145 2068 1358 2124; x_wconf 89' lang='lat' dir='ltr'><strong>scilicet</strong></span> <span class='ocrx_word' id='word_1_276' title='bbox 1407 2078 1626 2133; x_wconf 89' lang='lat' dir='ltr'><strong>curaret</strong></span> <span class='ocrx_word' id='word_1_277' title='bbox 1657 2084 1875 2133; x_wconf 85' lang='lat' dir='ltr'><strong>omnem</strong></span> <span class='ocrx_word' id='word_1_278' title='bbox 1915 2083 2104 2123; x_wconf 87' lang='lat' dir='ltr'><strong>eorum</strong></span> 
     </span>
    </p>
   </div>
   <div class='ocr_carea' id='block_1_38' title="bbox 522 2153 1338 2225">
    <p class='ocr_par' dir='ltr' id='par_1_38' title="bbox 522 2153 1338 2225">
     <span class='ocr_line' id='line_1_38' title="bbox 522 2153 1338 2225; baseline 0.009 -19"><span class='ocrx_word' id='word_1_279' title='bbox 522 2153 839 2225; x_wconf 83' lang='lat' dir='ltr'><strong>languorem</strong></span> <span class='ocrx_word' id='word_1_280' title='bbox 863 2163 918 2212; x_wconf 91' lang='lat' dir='ltr'><strong>et</strong></span> <span class='ocrx_word' id='word_1_281' title='bbox 946 2156 1338 2213; x_wconf 81' lang='lat' dir='ltr'><strong>inﬁrmitatem.</strong></span> 
     </span>
    </p>
   </div>
   <div class='ocr_carea' id='block_1_39' title="bbox 589 2311 2106 2387">
    <p class='ocr_par' dir='ltr' id='par_1_39' title="bbox 589 2311 2106 2387">
     <span class='ocr_line' id='line_1_39' title="bbox 589 2311 2106 2387; baseline 0.005 -21"><span class='ocrx_word' id='word_1_282' title='bbox 589 2311 943 2375; x_wconf 72' lang='lat' dir='ltr'><strong>Vens.6-10.</strong></span> <span class='ocrx_word' id='word_1_283' title='bbox 993 2312 1268 2373; x_wconf 86' lang='lat' dir='ltr'><strong>Constitue</strong></span> <span class='ocrx_word' id='word_1_284' title='bbox 1319 2334 1476 2386; x_wconf 83' lang='lat' dir='ltr'><strong>super</strong></span> <span class='ocrx_word' id='word_1_285' title='bbox 1501 2333 1619 2371; x_wconf 90' lang='lat' dir='ltr'><strong>eum</strong></span> <span class='ocrx_word' id='word_1_286' title='bbox 1666 2329 2010 2387; x_wconf 86' lang='lat' dir='ltr'><strong>peccatorem,</strong></span> <span class='ocrx_word' id='word_1_287' title='bbox 2056 2325 2106 2374; x_wconf 78' lang='lat' dir='ltr'><strong>et</strong></span> 
     </span>
    </p>
   </div>
   <div class='ocr_carea' id='block_1_40' title="bbox 521 2403 2110 2480">
    <p class='ocr_par' dir='ltr' id='par_1_40' title="bbox 521 2403 2110 2480">
     <span class='ocr_line' id='line_1_40' title="bbox 521 2403 2110 2480; baseline 0.005 -24"><span class='ocrx_word' id='word_1_288' title='bbox 521 2403 766 2466; x_wconf 73' lang='lat' dir='ltr'><strong>diabolus</strong></span> <span class='ocrx_word' id='word_1_289' title='bbox 798 2414 897 2459; x_wconf 91' lang='lat' dir='ltr'><strong>stet</strong></span> <span class='ocrx_word' id='word_1_290' title='bbox 929 2422 961 2459; x_wconf 92' lang='lat' dir='ltr'><strong>a</strong></span> <span class='ocrx_word' id='word_1_291' title='bbox 991 2406 1194 2462; x_wconf 70' lang='lat' dir='ltr'><strong>dextris</strong></span> <span class='ocrx_word' id='word_1_292' title='bbox 1233 2409 1369 2475; x_wconf 86' lang='lat' dir='ltr'><strong>eius.</strong></span> <span class='ocrx_word' id='word_1_293' title='bbox 1396 2408 1499 2477; x_wconf 85' lang='lat' dir='ltr'><strong>Qui</strong></span> <span class='ocrx_word' id='word_1_294' title='bbox 1540 2410 1706 2463; x_wconf 86' lang='lat' dir='ltr'><strong>etiam</strong></span> <span class='ocrx_word' id='word_1_295' title='bbox 1739 2410 1918 2480; x_wconf 89' lang='lat' dir='ltr'><strong>ipsum</strong></span> <span class='ocrx_word' id='word_1_296' title='bbox 1949 2426 2110 2465; x_wconf 87' lang='lat' dir='ltr'><strong>ener-</strong></span> 
     </span>
    </p>
   </div>
   <div class='ocr_carea' id='block_1_41' title="bbox 519 2496 2108 2569">
    <p class='ocr_par' dir='ltr' id='par_1_41' title="bbox 519 2496 2108 2569">
     <span class='ocr_line' id='line_1_41' title="bbox 519 2496 2108 2569; baseline 0.006 -23"><span class='ocrx_word' id='word_1_297' title='bbox 519 2496 688 2560; x_wconf 84' lang='lat' dir='ltr'><strong>vavit,</strong></span> <span class='ocrx_word' id='word_1_298' title='bbox 717 2510 781 2551; x_wconf 91' lang='lat' dir='ltr'><strong>ac</strong></span> <span class='ocrx_word' id='word_1_299' title='bbox 814 2497 1086 2562; x_wconf 85' lang='lat' dir='ltr'><strong>omnibus,</strong></span> <span class='ocrx_word' id='word_1_300' title='bbox 1119 2514 1239 2568; x_wconf 68' lang='lat' dir='ltr'><strong>quae</strong></span> <span class='ocrx_word' id='word_1_301' title='bbox 1269 2500 1422 2569; x_wconf 90' lang='lat' dir='ltr'><strong>prius</strong></span> <span class='ocrx_word' id='word_1_302' title='bbox 1453 2500 1511 2555; x_wconf 89' lang='lat' dir='ltr'><strong>in</strong></span> <span class='ocrx_word' id='word_1_303' title='bbox 1541 2499 1733 2555; x_wconf 82' lang='lat' dir='ltr'><strong>dextra</strong></span> <span class='ocrx_word' id='word_1_304' title='bbox 1770 2501 1967 2556; x_wconf 78' lang='lat' dir='ltr'><strong>anima:</strong></span> <span class='ocrx_word' id='word_1_305' title='bbox 1993 2516 2108 2556; x_wconf 83' lang='lat' dir='ltr'><strong>suae</strong></span> 
     </span>
    </p>
   </div>
   <div class='ocr_carea' id='block_1_42' title="bbox 518 2587 2104 2666">
    <p class='ocr_par' dir='ltr' id='par_1_42' title="bbox 518 2587 2104 2666">
     <span class='ocr_line' id='line_1_42' title="bbox 518 2587 2104 2666; baseline 0.008 -29"><span class='ocrx_word' id='word_1_306' title='bbox 518 2596 675 2656; x_wconf 90' lang='lat' dir='ltr'><strong>parte</strong></span> <span class='ocrx_word' id='word_1_307' title='bbox 723 2587 1006 2657; x_wconf 88' lang='lat' dir='ltr'><strong>possidere</strong></span> <span class='ocrx_word' id='word_1_308' title='bbox 1053 2590 1367 2659; x_wconf 84' lang='lat' dir='ltr'><strong>videbatur,</strong></span> <span class='ocrx_word' id='word_1_309' title='bbox 1414 2594 1595 2664; x_wconf 92' lang='lat' dir='ltr'><strong>ipsum</strong></span> <span class='ocrx_word' id='word_1_310' title='bbox 1644 2595 1917 2666; x_wconf 85' lang='lat' dir='ltr'><strong>spoliavit.</strong></span> <span class='ocrx_word' id='word_1_311' title='bbox 1968 2595 2104 2652; x_wconf 86' lang='lat' dir='ltr'><strong>Cum</strong></span> 
     </span>
    </p>
   </div>
   <div class='ocr_carea' id='block_1_43' title="bbox 517 2676 2106 2760">
    <p class='ocr_par' dir='ltr' id='par_1_43' title="bbox 517 2676 2106 2760">
     <span class='ocr_line' id='line_1_43' title="bbox 517 2676 2106 2760; baseline 0.009 -31"><span class='ocrx_word' id='word_1_312' title='bbox 517 2676 812 2745; x_wconf 63' lang='lat' dir='ltr'><strong>iudicatur,</strong></span> <span class='ocrx_word' id='word_1_313' title='bbox 849 2691 1000 2740; x_wconf 71' lang='lat' dir='ltr'><strong>exeat</strong></span> <span class='ocrx_word' id='word_1_314' title='bbox 1031 2682 1433 2753; x_wconf 80' lang='lat' dir='ltr'><strong>condemnatus,</strong></span> <span class='ocrx_word' id='word_1_315' title='bbox 1467 2696 1516 2741; x_wconf 90' lang='lat' dir='ltr'><strong>et</strong></span> <span class='ocrx_word' id='word_1_316' title='bbox 1558 2688 1729 2741; x_wconf 89' lang='lat' dir='ltr'><strong>oratio</strong></span> <span class='ocrx_word' id='word_1_317' title='bbox 1765 2687 1877 2757; x_wconf 85' lang='lat' dir='ltr'><strong>ejus</strong></span> <span class='ocrx_word' id='word_1_318' title='bbox 1913 2690 2011 2760; x_wconf 84' lang='lat' dir='ltr'><strong>ﬁat</strong></span> <span class='ocrx_word' id='word_1_319' title='bbox 2049 2691 2106 2743; x_wconf 77' lang='lat' dir='ltr'><strong>in</strong></span> 
     </span>
    </p>
   </div>
   <div class='ocr_carea' id='block_1_44' title="bbox 517 2773 2106 2853">
    <p class='ocr_par' dir='ltr' id='par_1_44' title="bbox 517 2773 2106 2853">
     <span class='ocr_line' id='line_1_44' title="bbox 517 2773 2106 2853; baseline 0.009 -29"><span class='ocrx_word' id='word_1_320' title='bbox 517 2781 809 2840; x_wconf 77' lang='lat' dir='ltr'><strong>peccatum.</strong></span> <span class='ocrx_word' id='word_1_321' title='bbox 844 2773 1010 2829; x_wconf 81' lang='lat' dir='ltr'><strong>Fiant</strong></span> <span class='ocrx_word' id='word_1_322' title='bbox 1033 2775 1144 2831; x_wconf 87' lang='lat' dir='ltr'><strong>dies</strong></span> <span class='ocrx_word' id='word_1_323' title='bbox 1173 2777 1288 2847; x_wconf 84' lang='lat' dir='ltr'><strong>ejus</strong></span> <span class='ocrx_word' id='word_1_324' title='bbox 1317 2779 1496 2848; x_wconf 85' lang='lat' dir='ltr'><strong>pauci,</strong></span> <span class='ocrx_word' id='word_1_325' title='bbox 1525 2788 1575 2834; x_wconf 90' lang='lat' dir='ltr'><strong>et</strong></span> <span class='ocrx_word' id='word_1_326' title='bbox 1611 2781 1966 2851; x_wconf 84' lang='lat' dir='ltr'><strong>episcopatum</strong></span> <span class='ocrx_word' id='word_1_327' title='bbox 1992 2782 2106 2853; x_wconf 85' lang='lat' dir='ltr'><strong>ejus</strong></span> 
     </span>
    </p>
   </div>
   <div class='ocr_carea' id='block_1_45' title="bbox 519 2865 2105 2943">
    <p class='ocr_par' dir='ltr' id='par_1_45' title="bbox 519 2865 2105 2943">
     <span class='ocr_line' id='line_1_45' title="bbox 519 2865 2105 2943; baseline 0.006 -23"><span class='ocrx_word' id='word_1_328' title='bbox 519 2865 745 2934; x_wconf 86' lang='lat' dir='ltr'><strong>accipiat</strong></span> <span class='ocrx_word' id='word_1_329' title='bbox 777 2866 912 2921; x_wconf 83' lang='lat' dir='ltr'><strong>alter</strong></span> <span class='ocrx_word' id='word_1_330' title='bbox 950 2885 969 2922; x_wconf 92' lang='lat'><strong><em>:</em></strong></span> <span class='ocrx_word' id='word_1_331' title='bbox 1020 2869 1154 2938; x_wconf 82' lang='lat' dir='ltr'><strong>ﬁant</strong></span> <span class='ocrx_word' id='word_1_332' title='bbox 1183 2870 1284 2940; x_wconf 82' lang='lat' dir='ltr'><strong>ﬁlii</strong></span> <span class='ocrx_word' id='word_1_333' title='bbox 1332 2871 1446 2941; x_wconf 86' lang='lat' dir='ltr'><strong>ejus</strong></span> <span class='ocrx_word' id='word_1_334' title='bbox 1470 2871 1714 2942; x_wconf 80' lang='lat' dir='ltr'><strong>orpltani,</strong></span> <span class='ocrx_word' id='word_1_335' title='bbox 1748 2884 1798 2927; x_wconf 87' lang='lat' dir='ltr'><strong>et</strong></span> <span class='ocrx_word' id='word_1_336' title='bbox 1833 2890 1968 2928; x_wconf 78' lang='lat' dir='ltr'><strong>uxor</strong></span> <span class='ocrx_word' id='word_1_337' title='bbox 1990 2875 2105 2943; x_wconf 90' lang='lat' dir='ltr'><strong>ejus</strong></span> 
     </span>
    </p>
   </div>
   <div class='ocr_carea' id='block_1_46' title="bbox 517 2956 2103 3034">
    <p class='ocr_par' dir='ltr' id='par_1_46' title="bbox 517 2956 2103 3034">
     <span class='ocr_line' id='line_1_46' title="bbox 517 2956 2103 3034; baseline 0.008 -25"><span class='ocrx_word' id='word_1_338' title='bbox 517 2956 696 3010; x_wconf 78' lang='lat' dir='ltr'><strong>vidua.</strong></span> <span class='ocrx_word' id='word_1_339' title='bbox 715 2957 980 3015; x_wconf 85' lang='lat' dir='ltr'><strong>Nutantes</strong></span> <span class='ocrx_word' id='word_1_340' title='bbox 1010 2961 1402 3031; x_wconf 79' lang='lat' dir='ltr'><strong>transferantur</strong></span> <span class='ocrx_word' id='word_1_341' title='bbox 1431 2965 1533 3032; x_wconf 82' lang='lat' dir='ltr'><strong>ﬁlii</strong></span> <span class='ocrx_word' id='word_1_342' title='bbox 1559 2965 1694 3034; x_wconf 85' lang='lat' dir='ltr'><strong>ejus,</strong></span> <span class='ocrx_word' id='word_1_343' title='bbox 1714 2976 1762 3021; x_wconf 90' lang='lat' dir='ltr'><strong>et</strong></span> <span class='ocrx_word' id='word_1_344' title='bbox 1790 2967 2103 3034; x_wconf 87' lang='lat' dir='ltr'><strong>mendicent,</strong></span> 
     </span>
    </p>
   </div>
   <div class='ocr_carea' id='block_1_47' title="bbox 517 3048 2106 3119">
    <p class='ocr_par' dir='ltr' id='par_1_47' title="bbox 517 3048 2106 3119">
     <span class='ocr_line' id='line_1_47' title="bbox 517 3048 2106 3119; baseline 0.009 -17"><span class='ocrx_word' id='word_1_345' title='bbox 517 3048 801 3117; x_wconf 85' lang='lat' dir='ltr'><strong>cjiciantur</strong></span> <span class='ocrx_word' id='word_1_346' title='bbox 830 3050 895 3106; x_wconf 90' lang='lat' dir='ltr'><strong>de</strong></span> <span class='ocrx_word' id='word_1_347' title='bbox 919 3051 1334 3109; x_wconf 83' lang='lat' dir='ltr'><strong>habitationibus</strong></span> <span class='ocrx_word' id='word_1_348' title='bbox 1362 3055 1496 3119; x_wconf 84' lang='lat' dir='ltr'><strong>suis.</strong></span> <span class='ocrx_word' id='word_1_349' title='bbox 1532 3057 1843 3115; x_wconf 84' lang='lat' dir='ltr'><strong>Verisimile</strong></span> <span class='ocrx_word' id='word_1_350' title='bbox 1872 3069 1956 3115; x_wconf 89' lang='lat' dir='ltr'><strong>est</strong></span> <span class='ocrx_word' id='word_1_351' title='bbox 1993 3060 2106 3116; x_wconf 75' lang='lat' dir='ltr'><strong>haec</strong></span> 
     </span>
    </p>
   </div>
   <div class='ocr_carea' id='block_1_48' title="bbox 518 3123 2173 3222">
    <p class='ocr_par' dir='ltr' id='par_1_48' title="bbox 518 3123 2173 3222">
     <span class='ocr_line' id='line_1_48' title="bbox 518 3123 2173 3222; baseline 0.008 -29"><span class='ocrx_word' id='word_1_352' title='bbox 518 3139 698 3210; x_wconf 87' lang='lat' dir='ltr'><strong>reipsa</strong></span> <span class='ocrx_word' id='word_1_353' title='bbox 729 3157 792 3196; x_wconf 90' lang='lat' dir='ltr'><strong>ac</strong></span> <span class='ocrx_word' id='word_1_354' title='bbox 818 3144 1118 3198; x_wconf 88' lang='lat' dir='ltr'><strong>secundum</strong></span> <span class='ocrx_word' id='word_1_355' title='bbox 1143 3145 1346 3212; x_wconf 87' lang='lat' dir='ltr'><strong>nudam</strong></span> <span class='ocrx_word' id='word_1_356' title='bbox 1378 3147 1614 3203; x_wconf 83' lang='lat' dir='ltr'><strong>litteram</strong></span> <span class='ocrx_word' id='word_1_357' title='bbox 1647 3157 1836 3204; x_wconf 87' lang='lat' dir='ltr'><strong>contra</strong></span> <span class='ocrx_word' id='word_1_358' title='bbox 1860 3152 2102 3222; x_wconf 79' lang='lat' dir='ltr'><strong>prodito~</strong></span> <span class='ocrx_word' id='word_1_359' title='bbox 2130 3123 2173 3180; x_wconf 69' lang='grc' dir='ltr'>ο</span> 
     </span>
    </p>
   </div>
   <div class='ocr_carea' id='block_1_49' title="bbox 519 3234 2101 3310">
    <p class='ocr_par' dir='ltr' id='par_1_49' title="bbox 519 3234 2101 3310">
     <span class='ocr_line' id='line_1_49' title="bbox 519 3234 2101 3310; baseline 0.007 -24"><span class='ocrx_word' id='word_1_360' title='bbox 519 3244 634 3286; x_wconf 85' lang='lat' dir='ltr'><strong>rem</strong></span> <span class='ocrx_word' id='word_1_361' title='bbox 668 3238 792 3302; x_wconf 79' lang='lat' dir='ltr'><strong>post</strong></span> <span class='ocrx_word' id='word_1_362' title='bbox 829 3234 1248 3304; x_wconf 80' lang='lat' dir='ltr'><strong>suspensionem</strong></span> <span class='ocrx_word' id='word_1_363' title='bbox 1291 3237 1415 3308; x_wconf 87' lang='lat' dir='ltr'><strong>ejus</strong></span> <span class='ocrx_word' id='word_1_364' title='bbox 1467 3240 1738 3310; x_wconf 84' lang='lat' dir='ltr'><strong>completa</strong></span> <span class='ocrx_word' id='word_1_365' title='bbox 1791 3240 1989 3310; x_wconf 77' lang='lat' dir='ltr'><strong>fuisse;</strong></span> <span class='ocrx_word' id='word_1_366' title='bbox 2026 3243 2101 3297; x_wconf 86' lang='lat' dir='ltr'><strong>ita</strong></span> 
     </span>
    </p>
   </div>
   <div class='ocr_carea' id='block_1_50' title="bbox 521 3321 2102 3402">
    <p class='ocr_par' dir='ltr' id='par_1_50' title="bbox 521 3321 2102 3402">
     <span class='ocr_line' id='line_1_50' title="bbox 521 3321 2102 3402; baseline 0.006 -26"><span class='ocrx_word' id='word_1_367' title='bbox 521 3331 581 3376; x_wconf 92' lang='lat' dir='ltr'><strong>ut</strong></span> <span class='ocrx_word' id='word_1_368' title='bbox 607 3321 702 3378; x_wconf 80' lang='lat' dir='ltr'><strong>ﬁlii</strong></span> <span class='ocrx_word' id='word_1_369' title='bbox 728 3324 952 3393; x_wconf 88' lang='lat' dir='ltr'><strong>quidem</strong></span> <span class='ocrx_word' id='word_1_370' title='bbox 978 3325 1098 3397; x_wconf 81' lang='lat' dir='ltr'><strong>ejus</strong></span> <span class='ocrx_word' id='word_1_371' title='bbox 1129 3328 1362 3398; x_wconf 89' lang='lat' dir='ltr'><strong>orphani</strong></span> <span class='ocrx_word' id='word_1_372' title='bbox 1391 3340 1600 3396; x_wconf 87' lang='lat' dir='ltr'><strong>essent,</strong></span> <span class='ocrx_word' id='word_1_373' title='bbox 1626 3340 1680 3387; x_wconf 90' lang='lat' dir='ltr'><strong>et</strong></span> <span class='ocrx_word' id='word_1_374' title='bbox 1709 3348 1849 3386; x_wconf 83' lang='lat' dir='ltr'><strong>uxor</strong></span> <span class='ocrx_word' id='word_1_375' title='bbox 1877 3333 1996 3402; x_wconf 82' lang='lat' dir='ltr'><strong>ejus</strong></span> <span class='ocrx_word' id='word_1_376' title='bbox 2020 3335 2102 3386; x_wconf 86' lang='lat' dir='ltr'><strong>vi-</strong></span> 
     </span>
    </p>
   </div>
   <div class='ocr_carea' id='block_1_51' title="bbox 517 3414 2098 3490">
    <p class='ocr_par' dir='ltr' id='par_1_51' title="bbox 517 3414 2098 3490">
     <span class='ocr_line' id='line_1_51' title="bbox 517 3414 2098 3490; baseline 0.007 -20"><span class='ocrx_word' id='word_1_377' title='bbox 517 3414 649 3480; x_wconf 88' lang='lat' dir='ltr'><strong>dua,</strong></span> <span class='ocrx_word' id='word_1_378' title='bbox 678 3425 983 3488; x_wconf 74' lang='lat' dir='ltr'><strong>caeteraque</strong></span> <span class='ocrx_word' id='word_1_379' title='bbox 1006 3419 1190 3477; x_wconf 91' lang='lat' dir='ltr'><strong>omnia</strong></span> <span class='ocrx_word' id='word_1_380' title='bbox 1215 3435 1337 3490; x_wconf 69' lang='lat' dir='ltr'><strong>qua:</strong></span> <span class='ocrx_word' id='word_1_381' title='bbox 1369 3431 1732 3480; x_wconf 88' lang='lat' dir='ltr'><strong>recensentur</strong></span> <span class='ocrx_word' id='word_1_382' title='bbox 1761 3424 1828 3478; x_wconf 90' lang='lat' dir='ltr'><strong>ad</strong></span> <span class='ocrx_word' id='word_1_383' title='bbox 1861 3425 2098 3482; x_wconf 76' lang='lat' dir='ltr'><strong>litteram</strong></span> 
     </span>
    </p>
   </div>
   <div class='ocr_carea' id='block_1_52' title="bbox 519 3504 2099 3582">
    <p class='ocr_par' dir='ltr' id='par_1_52' title="bbox 519 3504 2099 3582">
     <span class='ocr_line' id='line_1_52' title="bbox 519 3504 2099 3582; baseline 0.006 -20"><span class='ocrx_word' id='word_1_384' title='bbox 519 3504 685 3562; x_wconf 84' lang='lat' dir='ltr'><strong>ﬁnem</strong></span> <span class='ocrx_word' id='word_1_385' title='bbox 743 3510 1095 3576; x_wconf 87' lang='lat' dir='ltr'><strong>sortirentur,</strong></span> <span class='ocrx_word' id='word_1_386' title='bbox 1136 3518 1191 3567; x_wconf 88' lang='lat' dir='ltr'><strong>et</strong></span> <span class='ocrx_word' id='word_1_387' title='bbox 1241 3513 1522 3582; x_wconf 65' lang='lat' dir='ltr'><strong>praedictio</strong></span> <span class='ocrx_word' id='word_1_388' title='bbox 1567 3514 1871 3575; x_wconf 87' lang='lat' dir='ltr'><strong>Salvatoris</strong></span> <span class='ocrx_word' id='word_1_389' title='bbox 1901 3517 2099 3582; x_wconf 85' lang='lat' dir='ltr'><strong>nostri,</strong></span> 
     </span>
    </p>
   </div>
   <div class='ocr_carea' id='block_1_53' title="bbox 517 3596 2102 3680">
    <p class='ocr_par' dir='ltr' id='par_1_53' title="bbox 517 3596 2102 3680">
     <span class='ocr_line' id='line_1_53' title="bbox 517 3596 2102 3680; baseline 0.008 -30"><span class='ocrx_word' id='word_1_390' title='bbox 517 3597 611 3668; x_wconf 88' lang='lat' dir='ltr'><strong>qui</strong></span> <span class='ocrx_word' id='word_1_391' title='bbox 643 3596 759 3653; x_wconf 78' lang='lat' dir='ltr'><strong>haec</strong></span> <span class='ocrx_word' id='word_1_392' title='bbox 793 3597 978 3656; x_wconf 84' lang='lat' dir='ltr'><strong>futura</strong></span> <span class='ocrx_word' id='word_1_393' title='bbox 1024 3601 1080 3656; x_wconf 94' lang='lat' dir='ltr'><strong>in</strong></span> <span class='ocrx_word' id='word_1_394' title='bbox 1126 3602 1338 3673; x_wconf 87' lang='lat' dir='ltr'><strong>psalmo</strong></span> <span class='ocrx_word' id='word_1_395' title='bbox 1388 3605 1816 3680; x_wconf 68' lang='lat' dir='ltr'><strong>praznuntiabat,</strong></span> <span class='ocrx_word' id='word_1_396' title='bbox 1857 3621 1984 3662; x_wconf 74' lang='lat' dir='ltr'><strong>vera</strong></span> <span class='ocrx_word' id='word_1_397' title='bbox 2008 3606 2102 3662; x_wconf 88' lang='lat' dir='ltr'><strong>de-</strong></span> 
     </span>
    </p>
   </div>
   <div class='ocr_carea' id='block_1_54' title="bbox 515 3688 2101 3768">
    <p class='ocr_par' dir='ltr' id='par_1_54' title="bbox 515 3688 2101 3768">
     <span class='ocr_line' id='line_1_54' title="bbox 515 3688 2101 3768; baseline 0.006 -24"><span class='ocrx_word' id='word_1_398' title='bbox 515 3688 968 3760; x_wconf 85' lang='lat' dir='ltr'><strong>prehenderetur.</strong></span> <span class='ocrx_word' id='word_1_399' title='bbox 1000 3691 1125 3749; x_wconf 72' lang='lat' dir='ltr'><strong>llaec</strong></span> <span class='ocrx_word' id='word_1_400' title='bbox 1164 3694 1296 3750; x_wconf 90' lang='lat' dir='ltr'><strong>item</strong></span> <span class='ocrx_word' id='word_1_401' title='bbox 1322 3695 1595 3766; x_wconf 85' lang='lat' dir='ltr'><strong>intelligas</strong></span> <span class='ocrx_word' id='word_1_402' title='bbox 1631 3699 1832 3768; x_wconf 91' lang='lat' dir='ltr'><strong>populo</strong></span> <span class='ocrx_word' id='word_1_403' title='bbox 1870 3698 2101 3754; x_wconf 73' lang='lat' dir='ltr'><strong>Iudaico</strong></span> 
     </span>
    </p>
   </div>
   <div class='ocr_carea' id='block_1_55' title="bbox 519 3781 2099 3852">
    <p class='ocr_par' dir='ltr' id='par_1_55' title="bbox 519 3781 2099 3852">
     <span class='ocr_line' id='line_1_55' title="bbox 519 3781 2099 3852; baseline 0.005 -16"><span class='ocrx_word' id='word_1_404' title='bbox 519 3787 644 3852; x_wconf 70' lang='lat' dir='ltr'><strong>post</strong></span> <span class='ocrx_word' id='word_1_405' title='bbox 689 3781 919 3839; x_wconf 87' lang='lat' dir='ltr'><strong>insidias</strong></span> <span class='ocrx_word' id='word_1_406' title='bbox 953 3784 1009 3838; x_wconf 88' lang='lat' dir='ltr'><strong>in</strong></span> <span class='ocrx_word' id='word_1_407' title='bbox 1043 3784 1326 3842; x_wconf 77' lang='lat' dir='ltr'><strong>Christum</strong></span> <span class='ocrx_word' id='word_1_408' title='bbox 1365 3793 1605 3842; x_wconf 85' lang='lat' dir='ltr'><strong>structas</strong></span> <span class='ocrx_word' id='word_1_409' title='bbox 1643 3790 1931 3846; x_wconf 86' lang='lat' dir='ltr'><strong>accidisse.</strong></span> <span class='ocrx_word' id='word_1_410' title='bbox 1963 3788 2099 3844; x_wconf 83' lang='lat' dir='ltr'><strong>Nam</strong></span> 
     </span>
    </p>
   </div>
   <div class='ocr_carea' id='block_1_56' title="bbox 515 3873 2100 3952">
    <p class='ocr_par' dir='ltr' id='par_1_56' title="bbox 515 3873 2100 3952">
     <span class='ocr_line' id='line_1_56' title="bbox 515 3873 2100 3952; baseline 0.005 -24"><span class='ocrx_word' id='word_1_411' title='bbox 515 3873 708 3944; x_wconf 87' lang='lat' dir='ltr'><strong>paucis</strong></span> <span class='ocrx_word' id='word_1_412' title='bbox 747 3875 950 3946; x_wconf 91' lang='lat' dir='ltr'><strong>elapsis</strong></span> <span class='ocrx_word' id='word_1_413' title='bbox 989 3885 1112 3947; x_wconf 84' lang='lat' dir='ltr'><strong>post</strong></span> <span class='ocrx_word' id='word_1_414' title='bbox 1143 3893 1365 3934; x_wconf 89' lang='lat' dir='ltr'><strong>crucem</strong></span> <span class='ocrx_word' id='word_1_415' title='bbox 1411 3879 1592 3943; x_wconf 90' lang='lat' dir='ltr'><strong>annis,</strong></span> <span class='ocrx_word' id='word_1_416' title='bbox 1643 3887 1759 3935; x_wconf 89' lang='lat' dir='ltr'><strong>tota</strong></span> <span class='ocrx_word' id='word_1_417' title='bbox 1790 3897 1923 3952; x_wconf 80' lang='lat' dir='ltr'><strong>gens</strong></span> <span class='ocrx_word' id='word_1_418' title='bbox 1954 3881 2100 3938; x_wconf 90' lang='lat' dir='ltr'><strong>sedi-</strong></span> 
     </span>
    </p>
   </div>
   <div class='ocr_carea' id='block_1_57' title="bbox 515 3952 2094 4040">
    <p class='ocr_par' dir='ltr' id='par_1_57' title="bbox 515 3952 2094 4040">
     <span class='ocr_line' id='line_1_57' title="bbox 515 3952 2094 4040; baseline 0.006 -22"><span class='ocrx_word' id='word_1_419' title='bbox 515 3952 618 4021; x_wconf 78' lang='lat' dir='ltr'><strong>bus</strong></span> <span class='ocrx_word' id='word_1_420' title='bbox 659 3967 814 4035; x_wconf 89' lang='lat' dir='ltr'><strong>pulsa</strong></span> <span class='ocrx_word' id='word_1_421' title='bbox 852 3975 982 4022; x_wconf 89' lang='lat' dir='ltr'><strong>est:</strong></span> <span class='ocrx_word' id='word_1_422' title='bbox 1036 3977 1200 4040; x_wconf 88' lang='lat' dir='ltr'><strong>atque</strong></span> <span class='ocrx_word' id='word_1_423' title='bbox 1235 3970 1313 4026; x_wconf 92' lang='lat' dir='ltr'><strong>illi</strong></span> <span class='ocrx_word' id='word_1_424' title='bbox 1362 3969 1581 4040; x_wconf 88' lang='lat' dir='ltr'><strong>quidem</strong></span> <span class='ocrx_word' id='word_1_425' title='bbox 1629 3971 1902 4028; x_wconf 77' lang='lat' dir='ltr'><strong>interfecti</strong></span> <span class='ocrx_word' id='word_1_426' title='bbox 1947 3982 2094 4040; x_wconf 90' lang='lat' dir='ltr'><strong>sunt,</strong></span> 
     </span>
    </p>
   </div>
   <div class='ocr_carea' id='block_1_58' title="bbox 515 4058 2098 4125">
    <p class='ocr_par' dir='ltr' id='par_1_58' title="bbox 515 4058 2098 4125">
     <span class='ocr_line' id='line_1_58' title="bbox 515 4058 2098 4125; baseline 0.008 -16"><span class='ocrx_word' id='word_1_427' title='bbox 515 4058 776 4117; x_wconf 83' lang='lat' dir='ltr'><strong>mulieres</strong></span> <span class='ocrx_word' id='word_1_428' title='bbox 831 4075 961 4114; x_wconf 83' lang='lat' dir='ltr'><strong>vero</strong></span> <span class='ocrx_word' id='word_1_429' title='bbox 1027 4076 1152 4116; x_wconf 87' lang='lat' dir='ltr'><strong>cum</strong></span> <span class='ocrx_word' id='word_1_430' title='bbox 1208 4062 1394 4117; x_wconf 90' lang='lat' dir='ltr'><strong>liberis</strong></span> <span class='ocrx_word' id='word_1_431' title='bbox 1466 4061 1520 4115; x_wconf 89' lang='lat' dir='ltr'><strong>in</strong></span> <span class='ocrx_word' id='word_1_432' title='bbox 1583 4064 1903 4125; x_wconf 80' lang='lat' dir='ltr'><strong>servitutem</strong></span> <span class='ocrx_word' id='word_1_433' title='bbox 1962 4076 2098 4120; x_wconf 84' lang='lat' dir='ltr'><strong>actae</strong></span> 
     </span>
    </p>
   </div>
   <div class='ocr_carea' id='block_1_59' title="bbox 514 4155 665 4204">
    <p class='ocr_par' dir='ltr' id='par_1_59' title="bbox 514 4155 665 4204">
     <span class='ocr_line' id='line_1_59' title="bbox 514 4155 665 4204; baseline -0.013 0"><span class='ocrx_word' id='word_1_434' title='bbox 514 4155 665 4204; x_wconf 89' lang='lat' dir='ltr'><strong>sunt.</strong></span> 
     </span>
    </p>
   </div>
   <div class='ocr_carea' id='block_1_60' title="bbox 2210 1857 3728 1930">
    <p class='ocr_par' dir='ltr' id='par_1_60' title="bbox 2210 1857 3728 1930">
     <span class='ocr_line' id='line_1_60' title="bbox 2210 1857 3728 1930; baseline -0.005 -15"><span class='ocrx_word' id='word_1_435' title='bbox 2210 1863 2306 1915; x_wconf 79' lang='grc' dir='ltr'>καὶ</span> <span class='ocrx_word' id='word_1_436' title='bbox 2343 1861 2528 1930; x_wconf 82' lang='grc' dir='ltr'>μῖσος</span> <span class='ocrx_word' id='word_1_437' title='bbox 2552 1860 2686 1915; x_wconf 80' lang='grc' dir='ltr'>ἀντὶ</span> <span class='ocrx_word' id='word_1_438' title='bbox 2717 1859 2830 1930; x_wconf 87' lang='grc' dir='ltr'>τῆς</span> <span class='ocrx_word' id='word_1_439' title='bbox 2869 1858 3228 1930; x_wconf 75' lang='grc' dir='ltr'>ἁγαπήσεὼς</span> <span class='ocrx_word' id='word_1_440' title='bbox 3262 1877 3402 1928; x_wconf 82' lang='grc' dir='ltr'>μου.</span> <span class='ocrx_word' id='word_1_441' title='bbox 3431 1859 3555 1928; x_wconf 83' lang='grc' dir='ltr'>Περί</span> <span class='ocrx_word' id='word_1_442' title='bbox 3575 1857 3728 1909; x_wconf 76' lang='grc' dir='ltr'>τούτων</span> 
     </span>
    </p>
   </div>
   <div class='ocr_carea' id='block_1_61' title="bbox 2167 1949 3728 2024">
    <p class='ocr_par' dir='ltr' id='par_1_61' title="bbox 2167 1949 3728 2024">
     <span class='ocr_line' id='line_1_61' title="bbox 2167 1949 3728 2024; baseline -0.004 -16"><span class='ocrx_word' id='word_1_443' title='bbox 2167 1954 2359 2008; x_wconf 80' lang='grc' dir='ltr'>·οὺδὲν</span> <span class='ocrx_word' id='word_1_444' title='bbox 2414 1955 2497 2007; x_wconf 87' lang='grc' dir='ltr'><strong>δεῖ</strong></span> <span class='ocrx_word' id='word_1_445' title='bbox 2544 1952 2743 2023; x_wconf 83' lang='grc' dir='ltr'>λέγειν,</span> <span class='ocrx_word' id='word_1_446' title='bbox 2786 1953 2886 2024; x_wconf 86' lang='grc' dir='ltr'><strong>τῆς</strong></span> <span class='ocrx_word' id='word_1_447' title='bbox 2926 1954 2984 2006; x_wconf 83' lang='grc' dir='ltr'><strong>ὲν</strong></span> <span class='ocrx_word' id='word_1_448' title='bbox 3020 1955 3133 2015; x_wconf 87' lang='grc' dir='ltr'>τοῖς</span> <span class='ocrx_word' id='word_1_449' title='bbox 3178 1950 3523 2020; x_wconf 79' lang='grc' dir='ltr'>Εὐαγγελίοις</span> <span class='ocrx_word' id='word_1_450' title='bbox 3547 1949 3728 2020; x_wconf 74' lang='grc' dir='ltr'>ἱστορίας</span> 
     </span>
    </p>
   </div>
   <div class='ocr_carea' id='block_1_62' title="bbox 2209 2035 3728 2117">
    <p class='ocr_par' dir='ltr' id='par_1_62' title="bbox 2209 2035 3728 2117">
     <span class='ocr_line' id='line_1_62' title="bbox 2209 2035 3728 2117; baseline -0.004 -19"><span class='ocrx_word' id='word_1_451' title='bbox 2209 2043 2569 2117; x_wconf 79' lang='grc' dir='ltr'>περιεχούσης</span> <span class='ocrx_word' id='word_1_452' title='bbox 2591 2043 2652 2098; x_wconf 83' lang='grc' dir='ltr'><strong>τὸ</strong></span> <span class='ocrx_word' id='word_1_453' title='bbox 2680 2043 2882 2114; x_wconf 79' lang='grc' dir='ltr'>πλῆθος</span> <span class='ocrx_word' id='word_1_454' title='bbox 2911 2043 3018 2096; x_wconf 85' lang='grc' dir='ltr'><strong>τῶν</strong></span> <span class='ocrx_word' id='word_1_455' title='bbox 3050 2043 3382 2114; x_wconf 79' lang='grc' dir='ltr'>εὐεργεσιῶν</span> <span class='ocrx_word' id='word_1_456' title='bbox 3425 2035 3497 2096; x_wconf 81' lang='grc' dir='ltr'>ὧν</span> <span class='ocrx_word' id='word_1_457' title='bbox 3521 2041 3728 2111; x_wconf 76' lang='grc' dir='ltr'>ὲνανθρωο</span> 
     </span>
    </p>
   </div>
   <div class='ocr_carea' id='block_1_63' title="bbox 2208 2133 3728 2208">
    <p class='ocr_par' dir='ltr' id='par_1_63' title="bbox 2208 2133 3728 2208">
     <span class='ocr_line' id='line_1_63' title="bbox 2208 2133 3728 2208; baseline -0.004 -17"><span class='ocrx_word' id='word_1_458' title='bbox 2208 2139 2392 2208; x_wconf 79' lang='grc' dir='ltr'>πήσας</span> <span class='ocrx_word' id='word_1_459' title='bbox 2421 2138 2606 2200; x_wconf 81' lang='grc' dir='ltr'>αὐτοῖς</span> <span class='ocrx_word' id='word_1_460' title='bbox 2624 2137 2875 2207; x_wconf 89' lang='grc' dir='ltr'>παρεῖχε,</span> <span class='ocrx_word' id='word_1_461' title='bbox 2893 2133 3212 2208; x_wconf 85' lang='grc' dir='ltr'>θεραπεύων</span> <span class='ocrx_word' id='word_1_462' title='bbox 3239 2135 3420 2188; x_wconf 76' lang='grc' dir='ltr'>αὐτῶν</span> <span class='ocrx_word' id='word_1_463' title='bbox 3443 2134 3601 2188; x_wconf 77' lang='grc' dir='ltr'>πᾶσαν</span> <span class='ocrx_word' id='word_1_464' title='bbox 3618 2133 3728 2186; x_wconf 75' lang='grc' dir='ltr'>νόσον</span> 
     </span>
    </p>
   </div>
   <div class='ocr_carea' id='block_1_64' title="bbox 2211 2227 3226 2300">
    <p class='ocr_par' dir='ltr' id='par_1_64' title="bbox 2211 2227 3226 2300">
     <span class='ocr_line' id='line_1_64' title="bbox 2211 2227 3226 2300; baseline -0.005 -16"><span class='ocrx_word' id='word_1_465' title='bbox 2211 2231 2304 2284; x_wconf 75' lang='grc' dir='ltr'><strong>καὶ</strong></span> <span class='ocrx_word' id='word_1_466' title='bbox 2335 2232 2516 2284; x_wconf 80' lang='grc' dir='ltr'>πᾶσαν</span> <span class='ocrx_word' id='word_1_467' title='bbox 2546 2228 2838 2300; x_wconf 83' lang='grc' dir='ltr'>μαλακίαν.</span> <span class='ocrx_word' id='word_1_468' title='bbox 3221 2227 3226 2231; x_wconf 82' lang='grc'><em>’</em></span> 
     </span>
    </p>
   </div>
   <div class='ocr_carea' id='block_1_65' title="bbox 2279 2314 3724 2390">
    <p class='ocr_par' dir='ltr' id='par_1_65' title="bbox 2279 2314 3724 2390">
     <span class='ocr_line' id='line_1_65' title="bbox 2279 2314 3724 2390; baseline -0.007 -13"><span class='ocrx_word' id='word_1_469' title='bbox 2279 2321 2683 2390; x_wconf 84' lang='grc' dir='ltr'>Κατάστησον</span> <span class='ocrx_word' id='word_1_470' title='bbox 2698 2321 2790 2374; x_wconf 84' lang='grc' dir='ltr'>ἐπ’</span> <span class='ocrx_word' id='word_1_471' title='bbox 2825 2318 3012 2373; x_wconf 80' lang='grc' dir='ltr'>αὐτὸν</span> <span class='ocrx_word' id='word_1_472' title='bbox 3053 2317 3430 2387; x_wconf 77' lang='grc' dir='ltr'>ἁμαρτωλὸν,</span> <span class='ocrx_word' id='word_1_473' title='bbox 3459 2317 3544 2371; x_wconf 83' lang='grc' dir='ltr'><strong>καί</strong></span> <span class='ocrx_word' id='word_1_474' title='bbox 3583 2314 3724 2369; x_wconf 72' lang='grc' dir='ltr'>διάδο-</span> 
     </span>
    </p>
   </div>
   <div class='ocr_carea' id='block_1_66' title="bbox 2207 2407 3724 2483">
    <p class='ocr_par' dir='ltr' id='par_1_66' title="bbox 2207 2407 3724 2483">
     <span class='ocr_line' id='line_1_66' title="bbox 2207 2407 3724 2483; baseline -0.007 -14"><span class='ocrx_word' id='word_1_475' title='bbox 2207 2418 2315 2483; x_wconf 82' lang='grc' dir='ltr'><strong>λος</strong></span> <span class='ocrx_word' id='word_1_476' title='bbox 2348 2413 2546 2482; x_wconf 80' lang='grc' dir='ltr'><strong>στήτω</strong></span> <span class='ocrx_word' id='word_1_477' title='bbox 2567 2413 2636 2468; x_wconf 82' lang='grc' dir='ltr'><strong>ἐκ</strong></span> <span class='ocrx_word' id='word_1_478' title='bbox 2685 2411 2902 2478; x_wconf 78' lang='grc' dir='ltr'>δεξιῶν</span> <span class='ocrx_word' id='word_1_479' title='bbox 2928 2412 3142 2468; x_wconf 83' lang='grc' dir='ltr'>αὑτοῦ.</span> <span class='ocrx_word' id='word_1_480' title='bbox 3197 2413 3256 2466; x_wconf 86' lang='grc' dir='ltr'>ὐ</span> <span class='ocrx_word' id='word_1_481' title='bbox 3285 2412 3381 2464; x_wconf 59' lang='grc' dir='ltr'><strong>καὶ⁸</strong></span> <span class='ocrx_word' id='word_1_482' title='bbox 3425 2409 3643 2470; x_wconf 75' lang='grc' dir='ltr'>σκελίσας</span> <span class='ocrx_word' id='word_1_483' title='bbox 3659 2407 3724 2460; x_wconf 80' lang='grc' dir='ltr'>αὐ-</span> 
     </span>
    </p>
   </div>
   <div class='ocr_carea' id='block_1_67' title="bbox 2207 2499 3724 2578">
    <p class='ocr_par' dir='ltr' id='par_1_67' title="bbox 2207 2499 3724 2578">
     <span class='ocr_line' id='line_1_67' title="bbox 2207 2499 3724 2578; baseline 0 -16"><span class='ocrx_word' id='word_1_484' title='bbox 2207 2509 2318 2571; x_wconf 83' lang='grc' dir='ltr'>τὸν,</span> <span class='ocrx_word' id='word_1_485' title='bbox 2364 2507 2543 2561; x_wconf 82' lang='grc' dir='ltr'>πάντα</span> <span class='ocrx_word' id='word_1_486' title='bbox 2585 2505 2620 2561; x_wconf 76' lang='grc' dir='ltr'>ἃ</span> <span class='ocrx_word' id='word_1_487' title='bbox 2673 2504 2936 2578; x_wconf 83' lang='grc' dir='ltr'>πρότερον</span> <span class='ocrx_word' id='word_1_488' title='bbox 2982 2504 3155 2558; x_wconf 75' lang='grc' dir='ltr'>ἐδόκει</span> <span class='ocrx_word' id='word_1_489' title='bbox 3195 2502 3490 2574; x_wconf 81' lang='grc' dir='ltr'>κεκτῆσθαι</span> <span class='ocrx_word' id='word_1_490' title='bbox 3518 2499 3642 2570; x_wconf 69' lang='grc' dir='ltr'>δεξιᾷ</span> <span class='ocrx_word' id='word_1_491' title='bbox 3660 2499 3724 2568; x_wconf 78' lang='grc' dir='ltr'><strong>τῆς</strong></span> 
     </span>
    </p>
   </div>
   <div class='ocr_carea' id='block_1_68' title="bbox 2208 2593 3726 2670">
    <p class='ocr_par' dir='ltr' id='par_1_68' title="bbox 2208 2593 3726 2670">
     <span class='ocr_line' id='line_1_68' title="bbox 2208 2593 3726 2670; baseline -0.007 -15"><span class='ocrx_word' id='word_1_492' title='bbox 2208 2600 2372 2655; x_wconf 79' lang='grc' dir='ltr'>αὐτοῦ</span> <span class='ocrx_word' id='word_1_493' title='bbox 2409 2599 2591 2670; x_wconf 70' lang='grc' dir='ltr'>ψυχῆς</span> <span class='ocrx_word' id='word_1_494' title='bbox 2607 2598 2850 2670; x_wconf 81' lang='grc' dir='ltr'>ἁποσυλή</span> <span class='ocrx_word' id='word_1_495' title='bbox 2859 2615 2976 2662; x_wconf 89' lang='grc' dir='ltr'>σας.</span> <span class='ocrx_word' id='word_1_496' title='bbox 3008 2597 3104 2649; x_wconf 83' lang='grc' dir='ltr'>Ἑν</span> <span class='ocrx_word' id='word_1_497' title='bbox 3123 2595 3204 2662; x_wconf 85' lang='grc' dir='ltr'>τῷ</span> <span class='ocrx_word' id='word_1_498' title='bbox 3224 2596 3526 2665; x_wconf 78' lang='grc' dir='ltr'>κρίνεσθαι</span> <span class='ocrx_word' id='word_1_499' title='bbox 3551 2593 3726 2654; x_wconf 75' lang='grc' dir='ltr'><strong>ἐξέλθοι</strong></span> 
     </span>
    </p>
   </div>
   <div class='ocr_carea' id='block_1_69' title="bbox 2208 2683 3726 2760">
    <p class='ocr_par' dir='ltr' id='par_1_69' title="bbox 2208 2683 3726 2760">
     <span class='ocr_line' id='line_1_69' title="bbox 2208 2683 3726 2760; baseline -0.01 -14"><span class='ocrx_word' id='word_1_500' title='bbox 2208 2689 2811 2760; x_wconf 71' lang='grc' dir='ltr'><strong>καταδεδικασμένος,</strong></span> <span class='ocrx_word' id='word_1_501' title='bbox 2834 2688 2932 2742; x_wconf 80' lang='grc' dir='ltr'>καὶ</span> <span class='ocrx_word' id='word_1_502' title='bbox 2947 2689 2985 2756; x_wconf 79' lang='grc' dir='ltr'><em>ἠ</em></span> <span class='ocrx_word' id='word_1_503' title='bbox 2999 2686 3315 2756; x_wconf 79' lang='grc' dir='ltr'>προσευχὴ</span> <span class='ocrx_word' id='word_1_504' title='bbox 3329 2684 3509 2740; x_wconf 80' lang='grc' dir='ltr'>αὐτοῦ</span> <span class='ocrx_word' id='word_1_505' title='bbox 3525 2683 3726 2752; x_wconf 77' lang='grc' dir='ltr'><strong>γενέσθω</strong></span> 
     </span>
    </p>
   </div>
   <div class='ocr_carea' id='block_1_70' title="bbox 2205 2771 3725 2855">
    <p class='ocr_par' dir='ltr' id='par_1_70' title="bbox 2205 2771 3725 2855">
     <span class='ocr_line' id='line_1_70' title="bbox 2205 2771 3725 2855; baseline -0.01 -16"><span class='ocrx_word' id='word_1_506' title='bbox 2205 2787 2292 2852; x_wconf 79' lang='grc' dir='ltr'>εὶς</span> <span class='ocrx_word' id='word_1_507' title='bbox 2349 2783 2661 2855; x_wconf 81' lang='grc' dir='ltr'><strong>ἁμαρτίαν.</strong></span> <span class='ocrx_word' id='word_1_508' title='bbox 2719 2780 3166 2849; x_wconf 82' lang='grc' dir='ltr'>Γενηθήτωσαν</span> <span class='ocrx_word' id='word_1_509' title='bbox 3207 2781 3270 2831; x_wconf 83' lang='grc' dir='ltr'>αὶ</span> <span class='ocrx_word' id='word_1_510' title='bbox 3323 2778 3526 2847; x_wconf 79' lang='grc' dir='ltr'><strong>ἡμέραι</strong></span> <span class='ocrx_word' id='word_1_511' title='bbox 3591 2771 3725 2828; x_wconf 71' lang='grc' dir='ltr'>αὐτοῦ</span> 
     </span>
    </p>
   </div>
   <div class='ocr_carea' id='block_1_71' title="bbox 2207 2865 3724 2946">
    <p class='ocr_par' dir='ltr' id='par_1_71' title="bbox 2207 2865 3724 2946">
     <span class='ocr_line' id='line_1_71' title="bbox 2207 2865 3724 2946; baseline -0.01 -17"><span class='ocrx_word' id='word_1_512' title='bbox 2207 2876 2423 2946; x_wconf 82' lang='grc' dir='ltr'>ὀλίγαι,</span> <span class='ocrx_word' id='word_1_513' title='bbox 2457 2873 2556 2927; x_wconf 78' lang='grc' dir='ltr'><strong>καὶ</strong></span> <span class='ocrx_word' id='word_1_514' title='bbox 2596 2873 2713 2940; x_wconf 86' lang='grc' dir='ltr'><strong>τὴν</strong></span> <span class='ocrx_word' id='word_1_515' title='bbox 2744 2870 3091 2938; x_wconf 82' lang='grc' dir='ltr'>ἐπισκοπὴν</span> <span class='ocrx_word' id='word_1_516' title='bbox 3136 2869 3328 2924; x_wconf 84' lang='grc' dir='ltr'>αὐτοῦ</span> <span class='ocrx_word' id='word_1_517' title='bbox 3377 2865 3538 2922; x_wconf 81' lang='grc' dir='ltr'>λάϐοι</span> <span class='ocrx_word' id='word_1_518' title='bbox 3561 2865 3724 2932; x_wconf 72' lang='grc' dir='ltr'>ἔτερος.</span> 
     </span>
    </p>
   </div>
   <div class='ocr_carea' id='block_1_72' title="bbox 2205 2954 3724 3035">
    <p class='ocr_par' dir='ltr' id='par_1_72' title="bbox 2205 2954 3724 3035">
     <span class='ocr_line' id='line_1_72' title="bbox 2205 2954 3724 3035; baseline -0.009 -14"><span class='ocrx_word' id='word_1_519' title='bbox 2205 2965 2649 3035; x_wconf 80' lang='grc' dir='ltr'>Γενηθήτωσαν</span> <span class='ocrx_word' id='word_1_520' title='bbox 2674 2966 2727 3018; x_wconf 81' lang='grc' dir='ltr'><strong>οἰ</strong></span> <span class='ocrx_word' id='word_1_521' title='bbox 2755 2963 2873 3018; x_wconf 85' lang='grc' dir='ltr'><strong>υἱοί</strong></span> <span class='ocrx_word' id='word_1_522' title='bbox 2897 2961 3084 3016; x_wconf 87' lang='grc' dir='ltr'>αὐτοῦ</span> <span class='ocrx_word' id='word_1_523' title='bbox 3128 2959 3400 3030; x_wconf 66' lang='grc' dir='ltr'>ὀρφανοὶ,</span> <span class='ocrx_word' id='word_1_524' title='bbox 3445 2958 3535 3011; x_wconf 79' lang='grc' dir='ltr'><strong>καί</strong></span> <span class='ocrx_word' id='word_1_525' title='bbox 3558 2956 3590 3021; x_wconf 77' lang='grc' dir='ltr'><em>ἡ</em></span> <span class='ocrx_word' id='word_1_526' title='bbox 3615 2954 3724 3024; x_wconf 56' lang='grc' dir='ltr'>γυνὴ</span> 
     </span>
    </p>
   </div>
   <div class='ocr_carea' id='block_1_73' title="bbox 2205 3047 3724 3126">
    <p class='ocr_par' dir='ltr' id='par_1_73' title="bbox 2205 3047 3724 3126">
     <span class='ocr_line' id='line_1_73' title="bbox 2205 3047 3724 3126; baseline -0.009 -16"><span class='ocrx_word' id='word_1_527' title='bbox 2205 3057 2391 3112; x_wconf 84' lang='grc' dir='ltr'>αὐτοῦ</span> <span class='ocrx_word' id='word_1_528' title='bbox 2431 3055 2588 3126; x_wconf 83' lang='grc' dir='ltr'>χήρα</span> <span class='ocrx_word' id='word_1_529' title='bbox 2607 3072 2620 3085; x_wconf 87' lang='grc'><strong>·</strong></span> <span class='ocrx_word' id='word_1_530' title='bbox 2680 3054 3077 3123; x_wconf 73' lang='grc' dir='ltr'>σαλευόμενοι</span> <span class='ocrx_word' id='word_1_531' title='bbox 3125 3049 3646 3122; x_wconf 75' lang='grc' dir='ltr'>μεταναστήτωσαν</span> <span class='ocrx_word' id='word_1_532' title='bbox 3689 3047 3724 3097; x_wconf 86' lang='lat' dir='ltr'><strong>ol</strong></span> 
     </span>
    </p>
   </div>
   <div class='ocr_carea' id='block_1_74' title="bbox 2206 3137 3723 3220">
    <p class='ocr_par' dir='ltr' id='par_1_74' title="bbox 2206 3137 3723 3220">
     <span class='ocr_line' id='line_1_74' title="bbox 2206 3137 3723 3220; baseline -0.009 -17"><span class='ocrx_word' id='word_1_533' title='bbox 2206 3148 2324 3203; x_wconf 81' lang='grc' dir='ltr'>υἱοὶ</span> <span class='ocrx_word' id='word_1_534' title='bbox 2361 3147 2567 3210; x_wconf 85' lang='grc' dir='ltr'>αὐτοῦ,</span> <span class='ocrx_word' id='word_1_535' title='bbox 2615 3143 2713 3199; x_wconf 83' lang='grc' dir='ltr'><strong>καί</strong></span> <span class='ocrx_word' id='word_1_536' title='bbox 2755 3144 3294 3211; x_wconf 78' lang='grc' dir='ltr'>ἐπαιτησάτωσανο</span> <span class='ocrx_word' id='word_1_537' title='bbox 3330 3137 3723 3220; x_wconf 74' lang='grc' dir='ltr'>ἐκϐληθήτωσσγ</span> 
     </span>
    </p>
   </div>
   <div class='ocr_carea' id='block_1_75' title="bbox 2205 3223 3723 3302">
    <p class='ocr_par' dir='ltr' id='par_1_75' title="bbox 2205 3223 3723 3302">
     <span class='ocr_line' id='line_1_75' title="bbox 2205 3223 3723 3302; baseline -0.01 -10"><span class='ocrx_word' id='word_1_538' title='bbox 2205 3239 2274 3292; x_wconf 82' lang='grc' dir='ltr'><strong>ἐκ</strong></span> <span class='ocrx_word' id='word_1_539' title='bbox 2305 3237 2425 3291; x_wconf 85' lang='grc' dir='ltr'>τῶν</span> <span class='ocrx_word' id='word_1_540' title='bbox 2466 3235 2797 3290; x_wconf 70' lang='grc' dir='ltr'>οἰκοπέδων</span> <span class='ocrx_word' id='word_1_541' title='bbox 2845 3233 3062 3288; x_wconf 82' lang='grc' dir='ltr'>αὐτῶν.</span> <span class='ocrx_word' id='word_1_542' title='bbox 3099 3231 3259 3294; x_wconf 70' lang='grc' dir='ltr'>Εἰκὸς</span> <span class='ocrx_word' id='word_1_543' title='bbox 3312 3231 3407 3285; x_wconf 78' lang='grc' dir='ltr'>καὶ</span> <span class='ocrx_word' id='word_1_544' title='bbox 3447 3227 3604 3302; x_wconf 77' lang='grc' dir='ltr'>ῥητῶς</span> <span class='ocrx_word' id='word_1_545' title='bbox 3626 3223 3723 3279; x_wconf 65' lang='grc' dir='ltr'>κατὰ</span> 
     </span>
    </p>
   </div>
   <div class='ocr_carea' id='block_1_76' title="bbox 2205 3314 3721 3401">
    <p class='ocr_par' dir='ltr' id='par_1_76' title="bbox 2205 3314 3721 3401">
     <span class='ocr_line' id='line_1_76' title="bbox 2205 3314 3721 3401; baseline -0.012 -18"><span class='ocrx_word' id='word_1_546' title='bbox 2205 3328 2366 3401; x_wconf 78' lang='grc' dir='ltr'>ψιλὴν</span> <span class='ocrx_word' id='word_1_547' title='bbox 2392 3327 2491 3400; x_wconf 82' lang='grc' dir='ltr'><strong>τὴν</strong></span> <span class='ocrx_word' id='word_1_548' title='bbox 2515 3326 2658 3394; x_wconf 79' lang='grc' dir='ltr'>λέξιν</span> <span class='ocrx_word' id='word_1_549' title='bbox 2682 3325 2860 3381; x_wconf 79' lang='grc' dir='ltr'>ταῦτα</span> <span class='ocrx_word' id='word_1_550' title='bbox 2899 3325 3079 3379; x_wconf 77' lang='grc' dir='ltr'>πάντα</span> <span class='ocrx_word' id='word_1_551' title='bbox 3111 3322 3501 3395; x_wconf 76' lang='grc' dir='ltr'>πεπληρῶσθαι</span> <span class='ocrx_word' id='word_1_552' title='bbox 3522 3317 3638 3373; x_wconf 78' lang='grc' dir='ltr'>κατὰ</span> <span class='ocrx_word' id='word_1_553' title='bbox 3656 3314 3721 3368; x_wconf 76' lang='grc' dir='ltr'>τώ</span> 
     </span>
    </p>
   </div>
   <div class='ocr_carea' id='block_1_77' title="bbox 2206 3408 3718 3493">
    <p class='ocr_par' dir='ltr' id='par_1_77' title="bbox 2206 3408 3718 3493">
     <span class='ocr_line' id='line_1_77' title="bbox 2206 3408 3718 3493; baseline -0.005 -19"><span class='ocrx_word' id='word_1_554' title='bbox 2206 3420 2466 3493; x_wconf 85' lang='grc' dir='ltr'>προδότου</span> <span class='ocrx_word' id='word_1_555' title='bbox 2500 3417 2640 3490; x_wconf 78' lang='grc' dir='ltr'>μετὰ</span> <span class='ocrx_word' id='word_1_556' title='bbox 2655 3416 2753 3490; x_wconf 80' lang='grc' dir='ltr'><strong>τὴν</strong></span> <span class='ocrx_word' id='word_1_557' title='bbox 2775 3417 3074 3488; x_wconf 86' lang='grc' dir='ltr'>ἁνόιρτησιν</span> <span class='ocrx_word' id='word_1_558' title='bbox 3106 3412 3300 3479; x_wconf 72' lang='grc' dir='ltr'>αὐτοῦ,</span> <span class='ocrx_word' id='word_1_559' title='bbox 3339 3412 3452 3484; x_wconf 74' lang='grc' dir='ltr'>ἅμα</span> <span class='ocrx_word' id='word_1_560' title='bbox 3482 3409 3569 3481; x_wconf 82' lang='grc' dir='ltr'>μὲν</span> <span class='ocrx_word' id='word_1_561' title='bbox 3603 3408 3718 3478; x_wconf 71' lang='grc' dir='ltr'><strong>ὀρφα-</strong></span> 
     </span>
    </p>
   </div>
   <div class='ocr_carea' id='block_1_78' title="bbox 2203 3499 3720 3583">
    <p class='ocr_par' dir='ltr' id='par_1_78' title="bbox 2203 3499 3720 3583">
     <span class='ocr_line' id='line_1_78' title="bbox 2203 3499 3720 3583; baseline -0.011 -16"><span class='ocrx_word' id='word_1_562' title='bbox 2203 3513 2310 3567; x_wconf 87' lang='grc' dir='ltr'>νῶν</span> <span class='ocrx_word' id='word_1_563' title='bbox 2341 3511 2646 3583; x_wconf 79' lang='grc' dir='ltr'>γενομένων</span> <span class='ocrx_word' id='word_1_564' title='bbox 2669 3509 2848 3582; x_wconf 40' lang='grc' dir='ltr'>,αύτοῦ</span> <span class='ocrx_word' id='word_1_565' title='bbox 2893 3507 3000 3561; x_wconf 82' lang='grc' dir='ltr'>τῶν</span> <span class='ocrx_word' id='word_1_566' title='bbox 3025 3507 3251 3571; x_wconf 80' lang='grc' dir='ltr'>παίδων,</span> <span class='ocrx_word' id='word_1_567' title='bbox 3301 3504 3417 3576; x_wconf 76' lang='grc' dir='ltr'>ἅμα</span> <span class='ocrx_word' id='word_1_568' title='bbox 3455 3502 3508 3556; x_wconf 85' lang='grc' dir='ltr'>δὲ</span> <span class='ocrx_word' id='word_1_569' title='bbox 3539 3500 3618 3555; x_wconf 80' lang='grc' dir='ltr'>καὶ</span> <span class='ocrx_word' id='word_1_570' title='bbox 3655 3499 3720 3567; x_wconf 63' lang='grc' dir='ltr'>τῆς</span> 
     </span>
    </p>
   </div>
   <div class='ocr_carea' id='block_1_79' title="bbox 2203 3592 3715 3676">
    <p class='ocr_par' dir='ltr' id='par_1_79' title="bbox 2203 3592 3715 3676">
     <span class='ocr_line' id='line_1_79' title="bbox 2203 3592 3715 3676; baseline -0.013 -16"><span class='ocrx_word' id='word_1_571' title='bbox 2203 3604 2462 3676; x_wconf 86' lang='grc' dir='ltr'>γυναικὸς</span> <span class='ocrx_word' id='word_1_572' title='bbox 2483 3604 2540 3657; x_wconf 79' lang='grc' dir='ltr'>ὲν</span> <span class='ocrx_word' id='word_1_573' title='bbox 2572 3602 2774 3675; x_wconf 72' lang='grc' dir='ltr'>χηρείᾳ</span> <span class='ocrx_word' id='word_1_574' title='bbox 2806 3600 3174 3672; x_wconf 84' lang='grc' dir='ltr'>καταστάσης,</span> <span class='ocrx_word' id='word_1_575' title='bbox 3198 3597 3297 3652; x_wconf 76' lang='grc' dir='ltr'>καὶ</span> <span class='ocrx_word' id='word_1_576' title='bbox 3344 3594 3450 3649; x_wconf 88' lang='grc' dir='ltr'>τῶν</span> <span class='ocrx_word' id='word_1_577' title='bbox 3471 3592 3584 3662; x_wconf 77' lang='grc' dir='ltr'>ἑξῆς</span> <span class='ocrx_word' id='word_1_578' title='bbox 3607 3604 3715 3643; x_wconf 73' lang='grc' dir='ltr'>κατα-</span> 
     </span>
    </p>
   </div>
   <div class='ocr_carea' id='block_1_80' title="bbox 2202 3677 3718 3769">
    <p class='ocr_par' dir='ltr' id='par_1_80' title="bbox 2202 3677 3718 3769">
     <span class='ocr_line' id='line_1_80' title="bbox 2202 3677 3718 3769; baseline -0.013 -18"><span class='ocrx_word' id='word_1_579' title='bbox 2202 3696 2503 3769; x_wconf 84' lang='grc' dir='ltr'>λεχθέντων</span> <span class='ocrx_word' id='word_1_580' title='bbox 2527 3677 2782 3750; x_wconf 75' lang='grc' dir='ltr'>ἁπάντων</span> <span class='ocrx_word' id='word_1_581' title='bbox 2810 3693 2947 3766; x_wconf 80' lang='grc' dir='ltr'>πρὸς</span> <span class='ocrx_word' id='word_1_582' title='bbox 2973 3691 3117 3757; x_wconf 78' lang='grc' dir='ltr'>λέξιν</span> <span class='ocrx_word' id='word_1_583' title='bbox 3148 3691 3304 3752; x_wconf 82' lang='grc' dir='ltr'>τέλος</span> <span class='ocrx_word' id='word_1_584' title='bbox 3354 3685 3638 3757; x_wconf 75' lang='grc' dir='ltr'>εἰληφότων,</span> 
     </span>
    </p>
   </div>
   <div class='ocr_carea' id='block_1_81' title="bbox 2202 3766 3719 3855">
    <p class='ocr_par' dir='ltr' id='par_1_81' title="bbox 2202 3766 3719 3855">
     <span class='ocr_line' id='line_1_81' title="bbox 2202 3766 3719 3855; baseline -0.011 -18"><span class='ocrx_word' id='word_1_585' title='bbox 2202 3766 2499 3855; x_wconf 74' lang='grc' dir='ltr'>ἀληθεῦσαι</span> <span class='ocrx_word' id='word_1_586' title='bbox 2530 3782 2630 3855; x_wconf 82' lang='grc' dir='ltr'><strong>τὴν</strong></span> <span class='ocrx_word' id='word_1_587' title='bbox 2655 3781 2961 3853; x_wconf 74' lang='grc' dir='ltr'>πρόρρησιν</span> <span class='ocrx_word' id='word_1_588' title='bbox 2995 3780 3085 3834; x_wconf 77' lang='grc' dir='ltr'>τοῦ</span> <span class='ocrx_word' id='word_1_589' title='bbox 3117 3778 3376 3851; x_wconf 87' lang='grc' dir='ltr'>Σωτῆρος</span> <span class='ocrx_word' id='word_1_590' title='bbox 3410 3775 3556 3849; x_wconf 75' lang='grc' dir='ltr'>ἡμῶν</span> <span class='ocrx_word' id='word_1_591' title='bbox 3569 3772 3639 3826; x_wconf 75' lang='grc' dir='ltr'>διὰ</span> <span class='ocrx_word' id='word_1_592' title='bbox 3653 3766 3719 3822; x_wconf 74' lang='grc' dir='ltr'><strong>ταῦ</strong></span> 
     </span>
    </p>
   </div>
   <div class='ocr_carea' id='block_1_82' title="bbox 2202 3858 3718 3948">
    <p class='ocr_par' dir='ltr' id='par_1_82' title="bbox 2202 3858 3718 3948">
     <span class='ocr_line' id='line_1_82' title="bbox 2202 3858 3718 3948; baseline -0.008 -17"><span class='ocrx_word' id='word_1_593' title='bbox 2202 3874 2418 3948; x_wconf 71' lang='grc' dir='ltr'>ψαλμοῦ</span> <span class='ocrx_word' id='word_1_594' title='bbox 2444 3874 2619 3930; x_wconf 86' lang='grc' dir='ltr'>ταῦτα</span> <span class='ocrx_word' id='word_1_595' title='bbox 2638 3873 2876 3928; x_wconf 79' lang='grc' dir='ltr'>ἔσεσθαι.</span> <span class='ocrx_word' id='word_1_596' title='bbox 2905 3873 3139 3944; x_wconf 82' lang='grc' dir='ltr'>Νοήσεις</span> <span class='ocrx_word' id='word_1_597' title='bbox 3167 3871 3225 3925; x_wconf 83' lang='grc' dir='ltr'>δὲ</span> <span class='ocrx_word' id='word_1_598' title='bbox 3257 3871 3433 3925; x_wconf 79' lang='grc' dir='ltr'>ταῦτα</span> <span class='ocrx_word' id='word_1_599' title='bbox 3462 3867 3545 3924; x_wconf 75' lang='grc' dir='ltr'><strong>καὶ</strong></span> <span class='ocrx_word' id='word_1_600' title='bbox 3562 3863 3636 3917; x_wconf 75' lang='grc' dir='ltr'>ἐπὶ</span> <span class='ocrx_word' id='word_1_601' title='bbox 3653 3858 3718 3913; x_wconf 72' lang='grc' dir='ltr'>τοῦ</span> 
     </span>
    </p>
   </div>
   <div class='ocr_carea' id='block_1_83' title="bbox 2201 3952 3715 4029">
    <p class='ocr_par' dir='ltr' id='par_1_83' title="bbox 2201 3952 3715 4029">
     <span class='ocr_line' id='line_1_83' title="bbox 2201 3952 3715 4029; baseline -0.009 -6"><span class='ocrx_word' id='word_1_602' title='bbox 2201 3968 2332 4022; x_wconf 84' lang='grc' dir='ltr'>λαοῦ</span> <span class='ocrx_word' id='word_1_603' title='bbox 2365 3967 2460 4021; x_wconf 80' lang='grc' dir='ltr'>τοῦ</span> <span class='ocrx_word' id='word_1_604' title='bbox 2498 3965 2762 4020; x_wconf 81' lang='grc' dir='ltr'>Ἰουδαίων</span> <span class='ocrx_word' id='word_1_605' title='bbox 2792 3964 2979 4028; x_wconf 79' lang='grc' dir='ltr'>ἔθνους</span> <span class='ocrx_word' id='word_1_606' title='bbox 3014 3962 3156 4017; x_wconf 83' lang='grc' dir='ltr'>κατὰ</span> <span class='ocrx_word' id='word_1_607' title='bbox 3195 3962 3342 4028; x_wconf 84' lang='grc' dir='ltr'>λέξιν</span> <span class='ocrx_word' id='word_1_608' title='bbox 3390 3952 3715 4029; x_wconf 72' lang='grc' dir='ltr'>πεπληρωμένα</span> 
     </span>
    </p>
   </div>
   <div class='ocr_carea' id='block_1_84' title="bbox 2207 4040 3714 4132">
    <p class='ocr_par' dir='ltr' id='par_1_84' title="bbox 2207 4040 3714 4132">
     <span class='ocr_line' id='line_1_84' title="bbox 2207 4040 3714 4132; baseline -0.011 -17"><span class='ocrx_word' id='word_1_609' title='bbox 2207 4060 2346 4132; x_wconf 83' lang='grc' dir='ltr'>μετὰ</span> <span class='ocrx_word' id='word_1_610' title='bbox 2386 4058 2484 4131; x_wconf 79' lang='grc' dir='ltr'><strong>τὴν</strong></span> <span class='ocrx_word' id='word_1_611' title='bbox 2526 4058 2607 4121; x_wconf 83' lang='grc' dir='ltr'><strong>εἰς</strong></span> <span class='ocrx_word' id='word_1_612' title='bbox 2653 4057 2744 4110; x_wconf 82' lang='grc' dir='ltr'><strong>τὸν</strong></span> <span class='ocrx_word' id='word_1_613' title='bbox 2777 4055 3018 4128; x_wconf 82' lang='grc' dir='ltr'>Χριστὸν</span> <span class='ocrx_word' id='word_1_614' title='bbox 3061 4053 3388 4126; x_wconf 74' lang='grc' dir='ltr'>ἐπιϐουλήν·</span> <span class='ocrx_word' id='word_1_615' title='bbox 3435 4048 3629 4117; x_wconf 83' lang='grc' dir='ltr'>Ὀλίγων</span> <span class='ocrx_word' id='word_1_616' title='bbox 3644 4040 3714 4110; x_wconf 74' lang='grc' dir='ltr'>γὰρ</span> 
     </span>
    </p>
   </div>
   <div class='ocr_carea' id='block_1_85' title="bbox 2205 4139 3714 4225">
    <p class='ocr_par' dir='ltr' id='par_1_85' title="bbox 2205 4139 3714 4225">
     <span class='ocr_line' id='line_1_85' title="bbox 2205 4139 3714 4225; baseline -0.012 -16"><span class='ocrx_word' id='word_1_617' title='bbox 2205 4153 2346 4225; x_wconf 76' lang='grc' dir='ltr'>μετὰ</span> <span class='ocrx_word' id='word_1_618' title='bbox 2381 4152 2473 4206; x_wconf 78' lang='grc' dir='ltr'>τὸν</span> <span class='ocrx_word' id='word_1_619' title='bbox 2502 4150 2736 4222; x_wconf 76' lang='grc' dir='ltr'>σταυρὸν</span> <span class='ocrx_word' id='word_1_620' title='bbox 2764 4148 3079 4203; x_wconf 88' lang='grc' dir='ltr'>διελθόντων</span> <span class='ocrx_word' id='word_1_621' title='bbox 3103 4146 3261 4210; x_wconf 81' lang='grc' dir='ltr'>ἐτῶν,</span> <span class='ocrx_word' id='word_1_622' title='bbox 3293 4147 3515 4200; x_wconf 77' lang='grc' dir='ltr'>ἄστατον</span> <span class='ocrx_word' id='word_1_623' title='bbox 3542 4140 3655 4194; x_wconf 71' lang='grc' dir='ltr'>ἅπαν</span> <span class='ocrx_word' id='word_1_624' title='bbox 3675 4139 3714 4190; x_wconf 78' lang='grc' dir='ltr'>τὸ</span> 
     </span>
    </p>
   </div>
   <div class='ocr_carea' id='block_1_86' title="bbox 513 4236 3531 4316">
    <p class='ocr_par' dir='ltr' id='par_1_86' title="bbox 513 4236 3531 4316">
     <span class='ocr_line' id='line_1_86' title="bbox 513 4236 3531 4316; baseline -0.002 -25"><span class='ocrx_word' id='word_1_625' title='bbox 513 4237 662 4302; x_wconf 73' lang='grc' dir='ltr'>ἔθνος</span> <span class='ocrx_word' id='word_1_626' title='bbox 683 4239 927 4307; x_wconf 81' lang='grc' dir='ltr'>ὲγένετο’</span> <span class='ocrx_word' id='word_1_627' title='bbox 962 4242 1054 4295; x_wconf 77' lang='grc' dir='ltr'><strong>καὶ</strong></span> <span class='ocrx_word' id='word_1_628' title='bbox 1081 4244 1128 4294; x_wconf 87' lang='grc' dir='ltr'>οἱ</span> <span class='ocrx_word' id='word_1_629' title='bbox 1174 4242 1272 4312; x_wconf 84' lang='grc' dir='ltr'>μὲν</span> <span class='ocrx_word' id='word_1_630' title='bbox 1303 4241 1672 4316; x_wconf 81' lang='grc' dir='ltr'>ἀνῃρέθησαν,</span> <span class='ocrx_word' id='word_1_631' title='bbox 1708 4247 1764 4299; x_wconf 89' lang='grc' dir='ltr'><strong>αἰ</strong></span> <span class='ocrx_word' id='word_1_632' title='bbox 1797 4247 1855 4300; x_wconf 80' lang='grc' dir='ltr'><strong>δὲ</strong></span> <span class='ocrx_word' id='word_1_633' title='bbox 1894 4245 2101 4301; x_wconf 86' lang='grc' dir='ltr'>τούτων</span> <span class='ocrx_word' id='word_1_634' title='bbox 2129 4247 2385 4315; x_wconf 84' lang='grc' dir='ltr'>γυναῖκες</span> <span class='ocrx_word' id='word_1_635' title='bbox 2424 4242 2563 4315; x_wconf 81' lang='grc' dir='ltr'>μετὰ</span> <span class='ocrx_word' id='word_1_636' title='bbox 2588 4240 2697 4313; x_wconf 80' lang='grc' dir='ltr'>τῶν</span> <span class='ocrx_word' id='word_1_637' title='bbox 2719 4240 2926 4298; x_wconf 82' lang='grc' dir='ltr'>παίδων</span> <span class='ocrx_word' id='word_1_638' title='bbox 2953 4236 3531 4310; x_wconf 79' lang='grc' dir='ltr'>ἐξηνδραποδίσθησαν.</span> 
     </span>
    </p>
   </div>
   <div class='ocr_carea' id='block_1_87' title="bbox 579 4332 2175 4408">
    <p class='ocr_par' dir='ltr' id='par_1_87' title="bbox 579 4332 2175 4408">
     <span class='ocr_line' id='line_1_87' title="bbox 579 4332 2175 4408; baseline 0.003 -19"><span class='ocrx_word' id='word_1_639' title='bbox 579 4332 746 4389; x_wconf 73' lang='lat' dir='ltr'><strong>Vsus.</strong></span> <span class='ocrx_word' id='word_1_640' title='bbox 780 4334 965 4389; x_wconf 79' lang='grc'><strong>11-15.</strong></span> <span class='ocrx_word' id='word_1_641' title='bbox 1003 4334 1280 4390; x_wconf 88' lang='lat' dir='ltr'><strong>Scrutetur</strong></span> <span class='ocrx_word' id='word_1_642' title='bbox 1330 4339 1597 4408; x_wconf 80' lang='lat' dir='ltr'><strong>fenerator</strong></span> <span class='ocrx_word' id='word_1_643' title='bbox 1620 4357 1823 4395; x_wconf 86' lang='lat' dir='ltr'><strong>onmem</strong></span> <span class='ocrx_word' id='word_1_644' title='bbox 1852 4343 2099 4396; x_wconf 79' lang='lat' dir='ltr'><strong>substan-</strong></span> <span class='ocrx_word' id='word_1_645' title='bbox 2131 4350 2175 4404; x_wconf 87' lang='lat' dir='ltr'><strong>l)</strong></span> 
     </span>
    </p>
   </div>
   <div class='ocr_carea' id='block_1_88' title="bbox 515 4426 2096 4497">
    <p class='ocr_par' dir='ltr' id='par_1_88' title="bbox 515 4426 2096 4497">
     <span class='ocr_line' id='line_1_88' title="bbox 515 4426 2096 4497; baseline 0.004 -18"><span class='ocrx_word' id='word_1_646' title='bbox 515 4427 648 4480; x_wconf 89' lang='lat' dir='ltr'><strong>tiam</strong></span> <span class='ocrx_word' id='word_1_647' title='bbox 668 4426 805 4496; x_wconf 83' lang='lat' dir='ltr'><strong>ejus,</strong></span> <span class='ocrx_word' id='word_1_648' title='bbox 833 4436 883 4484; x_wconf 90' lang='lat' dir='ltr'><strong>et</strong></span> <span class='ocrx_word' id='word_1_649' title='bbox 907 4427 1160 4497; x_wconf 87' lang='lat' dir='ltr'><strong>diripiant</strong></span> <span class='ocrx_word' id='word_1_650' title='bbox 1189 4430 1350 4485; x_wconf 87' lang='lat' dir='ltr'><strong>alieni</strong></span> <span class='ocrx_word' id='word_1_651' title='bbox 1391 4433 1606 4489; x_wconf 87' lang='lat' dir='ltr'><strong>divitias</strong></span> <span class='ocrx_word' id='word_1_652' title='bbox 1644 4449 1844 4488; x_wconf 83' lang='lat' dir='ltr'><strong>eorum.</strong></span> <span class='ocrx_word' id='word_1_653' title='bbox 1873 4432 1997 4486; x_wconf 91' lang='lat' dir='ltr'><strong>Non</strong></span> <span class='ocrx_word' id='word_1_654' title='bbox 2023 4434 2096 4487; x_wconf 87' lang='lat' dir='ltr'><strong>sit</strong></span> 
     </span>
    </p>
   </div>
   <div class='ocr_carea' id='block_1_89' title="bbox 2286 4322 3712 4410">
    <p class='ocr_par' dir='ltr' id='par_1_89' title="bbox 2286 4322 3712 4410">
     <span class='ocr_line' id='line_1_89' title="bbox 2286 4322 3712 4410; baseline -0.018 -14"><span class='ocrx_word' id='word_1_655' title='bbox 2286 4337 2772 4410; x_wconf 78' lang='grc' dir='ltr'>Ἐξερευνησάτω</span> <span class='ocrx_word' id='word_1_656' title='bbox 2809 4331 3137 4401; x_wconf 83' lang='grc' dir='ltr'>δανειστὴς</span> <span class='ocrx_word' id='word_1_657' title='bbox 3165 4331 3364 4385; x_wconf 77' lang='grc' dir='ltr'>πάντα</span> <span class='ocrx_word' id='word_1_658' title='bbox 3389 4331 3497 4383; x_wconf 80' lang='grc' dir='ltr'>ὅσα</span> <span class='ocrx_word' id='word_1_659' title='bbox 3524 4322 3712 4391; x_wconf 74' lang='grc' dir='ltr'>ὑπάρχει</span> 
     </span>
    </p>
   </div>
   <div class='ocr_carea' id='block_1_90' title="bbox 2201 4415 3713 4498">
    <p class='ocr_par' dir='ltr' id='par_1_90' title="bbox 2201 4415 3713 4498">
     <span class='ocr_line' id='line_1_90' title="bbox 2201 4415 3713 4498; baseline -0.013 -12"><span class='ocrx_word' id='word_1_660' title='bbox 2201 4431 2361 4498; x_wconf 84' lang='grc' dir='ltr'>αὐτῷ</span> <span class='ocrx_word' id='word_1_661' title='bbox 2379 4449 2392 4461; x_wconf 91' lang='grc'>·</span> <span class='ocrx_word' id='word_1_662' title='bbox 2417 4430 2514 4484; x_wconf 78' lang='grc' dir='ltr'>καὶ</span> <span class='ocrx_word' id='word_1_663' title='bbox 2535 4425 3042 4498; x_wconf 78' lang='grc' dir='ltr'>διαρπασάτωσαν</span> <span class='ocrx_word' id='word_1_664' title='bbox 3057 4424 3367 4491; x_wconf 74' lang='grc' dir='ltr'>ἀλλότριοι</span> <span class='ocrx_word' id='word_1_665' title='bbox 3395 4420 3494 4474; x_wconf 82' lang='grc' dir='ltr'>τὸν</span> <span class='ocrx_word' id='word_1_666' title='bbox 3511 4415 3713 4471; x_wconf 73' lang='grc' dir='ltr'>πλοῦτον</span> 
     </span>
    </p>
   </div>
   <div class='ocr_carea' id='block_1_91' title="bbox 511 4501 2102 4594">
    <p class='ocr_par' dir='ltr' id='par_1_91' title="bbox 511 4517 2094 4594">
     <span class='ocr_line' id='line_1_91' title="bbox 511 4517 2094 4594; baseline 0.005 -25"><span class='ocrx_word' id='word_1_667' title='bbox 511 4517 594 4570; x_wconf 89' lang='lat' dir='ltr'><strong>illi</strong></span> <span class='ocrx_word' id='word_1_668' title='bbox 635 4528 926 4587; x_wconf 86' lang='lat' dir='ltr'><strong>susceptor,</strong></span> <span class='ocrx_word' id='word_1_669' title='bbox 959 4537 1050 4574; x_wconf 90' lang='lat' dir='ltr'><strong>nec</strong></span> <span class='ocrx_word' id='word_1_670' title='bbox 1085 4521 1155 4574; x_wconf 88' lang='lat' dir='ltr'><strong>sit</strong></span> <span class='ocrx_word' id='word_1_671' title='bbox 1183 4523 1464 4579; x_wconf 87' lang='lat' dir='ltr'><strong>miserator</strong></span> <span class='ocrx_word' id='word_1_672' title='bbox 1494 4525 1710 4594; x_wconf 87' lang='lat' dir='ltr'><strong>pupillis</strong></span> <span class='ocrx_word' id='word_1_673' title='bbox 1761 4525 1896 4594; x_wconf 78' lang='lat' dir='ltr'><strong>ejus.</strong></span> <span class='ocrx_word' id='word_1_674' title='bbox 1927 4522 2094 4578; x_wconf 86' lang='lat' dir='ltr'><strong>Fiant</strong></span> 
     </span>
    </p>
   </div>
   <div class='ocr_carea' id='block_1_92' title="bbox 2202 4501 3754 4594">
    <p class='ocr_par' dir='ltr' id='par_1_92' title="bbox 2202 4501 3754 4590">
     <span class='ocr_line' id='line_1_92' title="bbox 2202 4501 3754 4590; baseline -0.01 -11"><span class='ocrx_word' id='word_1_675' title='bbox 2202 4523 2420 4579; x_wconf 87' lang='grc' dir='ltr'>αὐτῶν.</span> <span class='ocrx_word' id='word_1_676' title='bbox 2479 4520 2575 4590; x_wconf 85' lang='grc' dir='ltr'>Μὴ</span> <span class='ocrx_word' id='word_1_677' title='bbox 2631 4518 2952 4587; x_wconf 80' lang='grc' dir='ltr'>ὐπαρξάτω</span> <span class='ocrx_word' id='word_1_678' title='bbox 3012 4514 3174 4580; x_wconf 84' lang='grc' dir='ltr'>αὐτῷ</span> <span class='ocrx_word' id='word_1_679' title='bbox 3210 4513 3586 4579; x_wconf 82' lang='grc' dir='ltr'>ἁντιλήπτωρ.</span> <span class='ocrx_word' id='word_1_680' title='bbox 3602 4501 3712 4575; x_wconf 63' lang='grc' dir='ltr'><strong>μηδὲ</strong></span> <span class='ocrx_word' id='word_1_681' title='bbox 3743 4565 3754 4576; x_wconf 67' lang='grc'><strong>,</strong></span> 
     </span>
    </p>
   </div>
   <div class='ocr_carea' id='block_1_93' title="bbox 510 4601 2102 4690">
    <p class='ocr_par' dir='ltr' id='par_1_93' title="bbox 510 4609 2097 4687">
     <span class='ocr_line' id='line_1_93' title="bbox 510 4609 2097 4687; baseline 0.005 -24"><span class='ocrx_word' id='word_1_682' title='bbox 510 4610 625 4663; x_wconf 85' lang='lat' dir='ltr'><strong>nati</strong></span> <span class='ocrx_word' id='word_1_683' title='bbox 670 4609 783 4678; x_wconf 84' lang='lat' dir='ltr'><strong>ejus</strong></span> <span class='ocrx_word' id='word_1_684' title='bbox 827 4612 884 4666; x_wconf 89' lang='lat' dir='ltr'><strong>in</strong></span> <span class='ocrx_word' id='word_1_685' title='bbox 926 4613 1220 4680; x_wconf 87' lang='lat' dir='ltr'><strong>interitum,</strong></span> <span class='ocrx_word' id='word_1_686' title='bbox 1255 4616 1311 4669; x_wconf 89' lang='lat' dir='ltr'><strong>in</strong></span> <span class='ocrx_word' id='word_1_687' title='bbox 1354 4619 1688 4687; x_wconf 81' lang='lat' dir='ltr'><strong>generatione</strong></span> <span class='ocrx_word' id='word_1_688' title='bbox 1721 4634 1827 4671; x_wconf 90' lang='lat' dir='ltr'><strong>una</strong></span> <span class='ocrx_word' id='word_1_689' title='bbox 1857 4617 2097 4673; x_wconf 85' lang='lat' dir='ltr'><strong>deleatur</strong></span> 
     </span>
    </p>
   </div>
   <div class='ocr_carea' id='block_1_94' title="bbox 2202 4601 3709 4690">
    <p class='ocr_par' dir='ltr' id='par_1_94' title="bbox 2202 4601 3709 4690">
     <span class='ocr_line' id='line_1_94' title="bbox 2202 4601 3709 4690; baseline -0.009 -19"><span class='ocrx_word' id='word_1_690' title='bbox 2202 4614 2503 4689; x_wconf 74' lang='grc' dir='ltr'>γενηθήτω</span> <span class='ocrx_word' id='word_1_691' title='bbox 2534 4613 2852 4682; x_wconf 76' lang='grc' dir='ltr'>οἰκτίρμων</span> <span class='ocrx_word' id='word_1_692' title='bbox 2887 4610 3012 4675; x_wconf 79' lang='grc' dir='ltr'>τοῖς</span> <span class='ocrx_word' id='word_1_693' title='bbox 3044 4606 3331 4678; x_wconf 65' lang='grc' dir='ltr'>ὀρφανοῖς</span> <span class='ocrx_word' id='word_1_694' title='bbox 3355 4602 3542 4659; x_wconf 79' lang='grc' dir='ltr'>αὑτοῦ.</span> <span class='ocrx_word' id='word_1_695' title='bbox 3573 4601 3614 4652; x_wconf 87' lang='grc' dir='ltr'><em>Γ</em></span> <span class='ocrx_word' id='word_1_696' title='bbox 3613 4612 3709 4690; x_wconf 54' lang='grc' dir='ltr'>ενης</span> 
     </span>
    </p>
   </div>
   <div class='ocr_carea' id='block_1_95' title="bbox 509 4693 2102 4780">
    <p class='ocr_par' dir='ltr' id='par_1_95' title="bbox 509 4701 2096 4780">
     <span class='ocr_line' id='line_1_95' title="bbox 509 4701 2096 4780; baseline 0.004 -24"><span class='ocrx_word' id='word_1_697' title='bbox 509 4717 695 4756; x_wconf 86' lang='lat' dir='ltr'><strong>nomen</strong></span> <span class='ocrx_word' id='word_1_698' title='bbox 717 4703 853 4772; x_wconf 89' lang='lat' dir='ltr'><strong>ejus.</strong></span> <span class='ocrx_word' id='word_1_699' title='bbox 905 4701 1267 4775; x_wconf 83' lang='lat' dir='ltr'><strong>Symmachus</strong></span> <span class='ocrx_word' id='word_1_700' title='bbox 1300 4724 1428 4764; x_wconf 86' lang='lat' dir='ltr'><strong>vero</strong></span> <span class='ocrx_word' id='word_1_701' title='bbox 1462 4710 1544 4765; x_wconf 88' lang='lat' dir='ltr'><strong>sic</strong></span> <span class='ocrx_word' id='word_1_702' title='bbox 1566 4754 1580 4772; x_wconf 92' lang='lat'><strong>,</strong></span> <span class='ocrx_word' id='word_1_703' title='bbox 1621 4708 1852 4780; x_wconf 75' lang='lat' dir='ltr'><strong>Colligat</strong></span> <span class='ocrx_word' id='word_1_704' title='bbox 1878 4721 2096 4765; x_wconf 73' lang='lat' dir='ltr'><strong>exactor</strong></span> 
     </span>
    </p>
   </div>
   <div class='ocr_carea' id='block_1_96' title="bbox 2202 4693 3708 4780">
    <p class='ocr_par' dir='ltr' id='par_1_96' title="bbox 2202 4693 3708 4768">
     <span class='ocr_line' id='line_1_96' title="bbox 2202 4693 3708 4768; baseline -0.007 -7"><span class='ocrx_word' id='word_1_705' title='bbox 2202 4705 2358 4768; x_wconf 76' lang='grc' dir='ltr'>θήτω</span> <span class='ocrx_word' id='word_1_706' title='bbox 2381 4708 2456 4756; x_wconf 80' lang='grc' dir='ltr'>τὰ</span> <span class='ocrx_word' id='word_1_707' title='bbox 2489 4701 2669 4756; x_wconf 85' lang='grc' dir='ltr'>τέκνα</span> <span class='ocrx_word' id='word_1_708' title='bbox 2691 4701 2878 4755; x_wconf 83' lang='grc' dir='ltr'>αὐτοῦ</span> <span class='ocrx_word' id='word_1_709' title='bbox 2925 4703 3012 4765; x_wconf 81' lang='grc' dir='ltr'><strong>εἰς</strong></span> <span class='ocrx_word' id='word_1_710' title='bbox 3032 4698 3474 4765; x_wconf 78' lang='grc' dir='ltr'>ἐξολόθρευσιν,</span> <span class='ocrx_word' id='word_1_711' title='bbox 3505 4693 3565 4745; x_wconf 78' lang='grc' dir='ltr'><strong>ἐν</strong></span> <span class='ocrx_word' id='word_1_712' title='bbox 3582 4702 3708 4758; x_wconf 60' lang='grc' dir='ltr'>γενεᾷ</span> 
     </span>
    </p>
   </div>
   <div class='ocr_carea' id='block_1_97' title="bbox 507 4783 2102 4867">
    <p class='ocr_par' dir='ltr' id='par_1_97' title="bbox 507 4796 2091 4865">
     <span class='ocr_line' id='line_1_97' title="bbox 507 4796 2091 4865; baseline 0.006 -17"><span class='ocrx_word' id='word_1_713' title='bbox 507 4796 686 4848; x_wconf 88' lang='lat' dir='ltr'><strong>omnia</strong></span> <span class='ocrx_word' id='word_1_714' title='bbox 713 4811 831 4864; x_wconf 74' lang='lat' dir='ltr'><strong>qua:</strong></span> <span class='ocrx_word' id='word_1_715' title='bbox 861 4804 983 4849; x_wconf 89' lang='lat' dir='ltr'><strong>sunt</strong></span> <span class='ocrx_word' id='word_1_716' title='bbox 1014 4797 1136 4865; x_wconf 86' lang='lat' dir='ltr'><strong>ipsi.</strong></span> <span class='ocrx_word' id='word_1_717' title='bbox 1177 4798 1478 4858; x_wconf 78' lang='lat' dir='ltr'><strong>Exactores</strong></span> <span class='ocrx_word' id='word_1_718' title='bbox 1506 4810 1688 4858; x_wconf 89' lang='lat' dir='ltr'><strong>autem</strong></span> <span class='ocrx_word' id='word_1_719' title='bbox 1721 4803 2091 4858; x_wconf 79' lang='lat' dir='ltr'><strong>Romanorum</strong></span> 
     </span>
    </p>
   </div>
   <div class='ocr_carea' id='block_1_98' title="bbox 2202 4783 3707 4867">
    <p class='ocr_par' dir='ltr' id='par_1_98' title="bbox 2202 4783 3707 4867">
     <span class='ocr_line' id='line_1_98' title="bbox 2202 4783 3707 4867; baseline -0.011 -17"><span class='ocrx_word' id='word_1_720' title='bbox 2202 4794 2299 4867; x_wconf 80' lang='grc' dir='ltr'>μιᾷ</span> <span class='ocrx_word' id='word_1_721' title='bbox 2317 4793 2696 4864; x_wconf 74' lang='grc' dir='ltr'>ἐξαλειφθείη</span> <span class='ocrx_word' id='word_1_722' title='bbox 2744 4791 2812 4846; x_wconf 88' lang='grc' dir='ltr'>τὸ</span> <span class='ocrx_word' id='word_1_723' title='bbox 2845 4791 3032 4860; x_wconf 77' lang='grc' dir='ltr'>ὄνομα</span> <span class='ocrx_word' id='word_1_724' title='bbox 3065 4789 3273 4844; x_wconf 84' lang='grc' dir='ltr'>αὐτοῦ.</span> <span class='ocrx_word' id='word_1_725' title='bbox 3330 4787 3456 4841; x_wconf 88' lang='grc' dir='ltr'>Ὀδὲ</span> <span class='ocrx_word' id='word_1_726' title='bbox 3480 4783 3707 4852; x_wconf 71' lang='grc' dir='ltr'>Σύμμαχος</span> 
     </span>
    </p>
   </div>
   <div class='ocr_carea' id='block_1_99' title="bbox 508 4874 2102 4966">
    <p class='ocr_par' dir='ltr' id='par_1_99' title="bbox 508 4887 2091 4966">
     <span class='ocr_line' id='line_1_99' title="bbox 508 4887 2091 4966; baseline 0.006 -25"><span class='ocrx_word' id='word_1_727' title='bbox 508 4887 870 4956; x_wconf 88' lang='lat' dir='ltr'><strong>imperatores</strong></span> <span class='ocrx_word' id='word_1_728' title='bbox 897 4897 1047 4951; x_wconf 90' lang='lat' dir='ltr'><strong>sunt,</strong></span> <span class='ocrx_word' id='word_1_729' title='bbox 1074 4889 1390 4961; x_wconf 88' lang='lat' dir='ltr'><strong>impositum</strong></span> <span class='ocrx_word' id='word_1_730' title='bbox 1417 4895 1650 4966; x_wconf 81' lang='lat' dir='ltr'><strong>vectigal</strong></span> <span class='ocrx_word' id='word_1_731' title='bbox 1691 4894 1991 4966; x_wconf 81' lang='lat' dir='ltr'><strong>exigentes.</strong></span> <span class='ocrx_word' id='word_1_732' title='bbox 2025 4894 2091 4950; x_wconf 83' lang='lat' dir='ltr'><strong>Hi</strong></span> 
     </span>
    </p>
   </div>
   <div class='ocr_carea' id='block_1_100' title="bbox 2202 4874 3704 4966">
    <p class='ocr_par' dir='ltr' id='par_1_100' title="bbox 2202 4874 3704 4952">
     <span class='ocr_line' id='line_1_100' title="bbox 2202 4874 3704 4952; baseline -0.011 -14"><span class='ocrx_word' id='word_1_733' title='bbox 2202 4885 2358 4949; x_wconf 76' lang='grc' dir='ltr'>οὕτω,</span> <span class='ocrx_word' id='word_1_734' title='bbox 2386 4881 2765 4952; x_wconf 76' lang='grc' dir='ltr'>Συγκρούσιιι</span> <span class='ocrx_word' id='word_1_735' title='bbox 2789 4878 3068 4948; x_wconf 80' lang='grc' dir='ltr'>πράκτωρ</span> <span class='ocrx_word' id='word_1_736' title='bbox 3098 4879 3297 4932; x_wconf 81' lang='grc' dir='ltr'>πάντα</span> <span class='ocrx_word' id='word_1_737' title='bbox 3323 4874 3704 4941; x_wconf 79' lang='grc' dir='ltr'>τὰ.ὐπὰρχοντα</span> 
     </span>
    </p>
   </div>
   <div class='ocr_carea' id='block_1_101' title="bbox 508 4957 2102 5054">
    <p class='ocr_par' dir='ltr' id='par_1_101' title="bbox 508 4975 2091 5054">
     <span class='ocr_line' id='line_1_101' title="bbox 508 4975 2091 5054; baseline 0.007 -24"><span class='ocrx_word' id='word_1_738' title='bbox 508 4990 674 5046; x_wconf 89' lang='lat' dir='ltr'><strong>porro</strong></span> <span class='ocrx_word' id='word_1_739' title='bbox 699 4977 882 5030; x_wconf 90' lang='lat' dir='ltr'><strong>omnia</strong></span> <span class='ocrx_word' id='word_1_740' title='bbox 909 4975 1223 5034; x_wconf 52' lang='lat' dir='ltr'><strong>Iudaeorum</strong></span> <span class='ocrx_word' id='word_1_741' title='bbox 1257 4981 1400 5037; x_wconf 88' lang='lat' dir='ltr'><strong>bona</strong></span> <span class='ocrx_word' id='word_1_742' title='bbox 1431 4984 1798 5054; x_wconf 87' lang='lat' dir='ltr'><strong>diripuerunt,</strong></span> <span class='ocrx_word' id='word_1_743' title='bbox 1836 4993 2091 5041; x_wconf 88' lang='lat' dir='ltr'><strong>accurate</strong></span> 
     </span>
    </p>
   </div>
   <div class='ocr_carea' id='block_1_102' title="bbox 2202 4957 3704 5054">
    <p class='ocr_par' dir='ltr' id='par_1_102' title="bbox 2202 4957 3704 5054">
     <span class='ocr_line' id='line_1_102' title="bbox 2202 4957 3704 5054; baseline -0.015 -22"><span class='ocrx_word' id='word_1_744' title='bbox 2202 4976 2376 5044; x_wconf 83' lang='grc' dir='ltr'>αὐτῷ.</span> <span class='ocrx_word' id='word_1_745' title='bbox 2432 4975 2752 5048; x_wconf 85' lang='grc' dir='ltr'>Πράκτορες</span> <span class='ocrx_word' id='word_1_746' title='bbox 2779 4973 2836 5026; x_wconf 82' lang='grc' dir='ltr'><strong>δὲ</strong></span> <span class='ocrx_word' id='word_1_747' title='bbox 2868 4974 2963 5027; x_wconf 79' lang='grc' dir='ltr'><strong>καὶ</strong></span> <span class='ocrx_word' id='word_1_748' title='bbox 2985 4975 3035 5026; x_wconf 84' lang='grc' dir='ltr'>οἱ</span> <span class='ocrx_word' id='word_1_749' title='bbox 3083 4971 3366 5042; x_wconf 86' lang='grc' dir='ltr'>Ῥωμαίων</span> <span class='ocrx_word' id='word_1_750' title='bbox 3407 4957 3704 5054; x_wconf 28' lang='grc' dir='ltr'>βασιλεῖςῴτὸν</span> 
     </span>
    </p>
   </div>
   <div class='ocr_carea' id='block_1_103' title="bbox 507 5066 2089 5145">
    <p class='ocr_par' dir='ltr' id='par_1_103' title="bbox 507 5066 2089 5145">
     <span class='ocr_line' id='line_1_103' title="bbox 507 5066 2089 5145; baseline 0.009 -25"><span class='ocrx_word' id='word_1_751' title='bbox 507 5066 695 5122; x_wconf 90' lang='lat' dir='ltr'><strong>omnia</strong></span> <span class='ocrx_word' id='word_1_752' title='bbox 724 5077 1059 5136; x_wconf 87' lang='lat' dir='ltr'><strong>scrutantes,</strong></span> <span class='ocrx_word' id='word_1_753' title='bbox 1091 5071 1166 5126; x_wconf 88' lang='lat' dir='ltr'><strong>ita</strong></span> <span class='ocrx_word' id='word_1_754' title='bbox 1213 5083 1270 5132; x_wconf 88' lang='lat' dir='ltr'><strong>ut</strong></span> <span class='ocrx_word' id='word_1_755' title='bbox 1314 5077 1530 5131; x_wconf 88' lang='lat' dir='ltr'><strong>occulta</strong></span> <span class='ocrx_word' id='word_1_756' title='bbox 1555 5078 1730 5145; x_wconf 80' lang='lat' dir='ltr'><strong>etiam</strong></span> <span class='ocrx_word' id='word_1_757' title='bbox 1779 5079 2089 5134; x_wconf 89' lang='lat' dir='ltr'><strong>invenirent</strong></span> 
     </span>
    </p>
   </div>
   <div class='ocr_carea' id='block_1_104' title="bbox 507 5161 2083 5263">
    <p class='ocr_par' dir='ltr' id='par_1_104' title="bbox 507 5161 2083 5263">
     <span class='ocr_line' id='line_1_104' title="bbox 507 5161 2083 5263; baseline 0.007 -49"><span class='ocrx_word' id='word_1_758' title='bbox 507 5161 722 5232; x_wconf 80' lang='lat' dir='ltr'><strong>sibique</strong></span> <span class='ocrx_word' id='word_1_759' title='bbox 751 5163 1111 5221; x_wconf 86' lang='lat' dir='ltr'><strong>vindicarent.</strong></span> <span class='ocrx_word' id='word_1_760' title='bbox 1147 5165 1243 5223; x_wconf 84' lang='lat' dir='ltr'><strong>His</strong></span> <span class='ocrx_word' id='word_1_761' title='bbox 1275 5184 1400 5224; x_wconf 90' lang='lat' dir='ltr'><strong>vero</strong></span> <span class='ocrx_word' id='word_1_762' title='bbox 1434 5172 1620 5240; x_wconf 82' lang='lat' dir='ltr'><strong>gestis,</strong></span> <span class='ocrx_word' id='word_1_763' title='bbox 1654 5180 1951 5263; x_wconf 53' lang='lat' dir='ltr'><strong>postquam</strong></span> 
     </span>
    </p>
   </div>
   <div class='ocr_carea' id='block_1_105' title="bbox 509 5252 2086 5326">
    <p class='ocr_par' dir='ltr' id='par_1_105' title="bbox 509 5252 2086 5326">
     <span class='ocr_line' id='line_1_105' title="bbox 509 5252 2086 5326; baseline 0.008 -21"><span class='ocrx_word' id='word_1_764' title='bbox 509 5252 632 5306; x_wconf 90' lang='lat' dir='ltr'><strong>mici</strong></span> <span class='ocrx_word' id='word_1_765' title='bbox 666 5253 810 5307; x_wconf 89' lang='lat' dir='ltr'><strong>bona</strong></span> <span class='ocrx_word' id='word_1_766' title='bbox 839 5255 1082 5326; x_wconf 88' lang='lat' dir='ltr'><strong>ipsorqu</strong></span> <span class='ocrx_word' id='word_1_767' title='bbox 1113 5257 1256 5314; x_wconf 88' lang='lat' dir='ltr'><strong>inter</strong></span> <span class='ocrx_word' id='word_1_768' title='bbox 1276 5276 1336 5316; x_wconf 89' lang='lat' dir='ltr'><strong>se</strong></span> <span class='ocrx_word' id='word_1_769' title='bbox 1367 5260 1676 5326; x_wconf 89' lang='lat' dir='ltr'><strong>diviserint,</strong></span> <span class='ocrx_word' id='word_1_770' title='bbox 1710 5278 1870 5319; x_wconf 91' lang='lat' dir='ltr'><strong>nemo</strong></span> <span class='ocrx_word' id='word_1_771' title='bbox 1894 5252 1961 5320; x_wconf 69' lang='lat' dir='ltr'><strong>iis</strong></span> <span class='ocrx_word' id='word_1_772' title='bbox 1990 5252 2086 5317; x_wconf 81' lang='lat' dir='ltr'><strong>ad-</strong></span> 
     </span>
    </p>
   </div>
   <div class='ocr_carea' id='block_1_106' title="bbox 508 5340 2085 5425">
    <p class='ocr_par' dir='ltr' id='par_1_106' title="bbox 508 5340 2085 5425">
     <span class='ocr_line' id='line_1_106' title="bbox 508 5340 2085 5425; baseline 0.01 -33"><span class='ocrx_word' id='word_1_773' title='bbox 508 5340 652 5408; x_wconf 85' lang='lat' dir='ltr'><strong>iutor</strong></span> <span class='ocrx_word' id='word_1_774' title='bbox 676 5344 804 5407; x_wconf 90' lang='lat' dir='ltr'><strong>erit,</strong></span> <span class='ocrx_word' id='word_1_775' title='bbox 829 5360 932 5402; x_wconf 91' lang='lat' dir='ltr'><strong>nec</strong></span> <span class='ocrx_word' id='word_1_776' title='bbox 951 5362 1138 5402; x_wconf 90' lang='lat' dir='ltr'><strong>eorum</strong></span> <span class='ocrx_word' id='word_1_777' title='bbox 1165 5349 1292 5406; x_wconf 81' lang='lat' dir='ltr'><strong>ﬁliis</strong></span> <span class='ocrx_word' id='word_1_778' title='bbox 1320 5362 1591 5422; x_wconf 90' lang='lat' dir='ltr'><strong>parcetur.</strong></span> <span class='ocrx_word' id='word_1_779' title='bbox 1616 5352 1824 5410; x_wconf 89' lang='lat' dir='ltr'><strong>Deinde</strong></span> <span class='ocrx_word' id='word_1_780' title='bbox 1851 5354 2085 5425; x_wconf 81' lang='lat' dir='ltr'><strong>quadra-</strong></span> 
     </span>
    </p>
   </div>
   <div class='ocr_carea' id='block_1_107' title="bbox 508 5432 2085 5518">
    <p class='ocr_par' dir='ltr' id='par_1_107' title="bbox 508 5432 2085 5518">
     <span class='ocr_line' id='line_1_107' title="bbox 508 5432 2085 5518; baseline 0.011 -32"><span class='ocrx_word' id='word_1_781' title='bbox 508 5432 654 5502; x_wconf 75' lang='lat' dir='ltr'><strong>ginta</strong></span> <span class='ocrx_word' id='word_1_782' title='bbox 681 5437 922 5492; x_wconf 91' lang='lat' dir='ltr'><strong>nondum</strong></span> <span class='ocrx_word' id='word_1_783' title='bbox 951 5440 1154 5510; x_wconf 87' lang='lat' dir='ltr'><strong>elapsis</strong></span> <span class='ocrx_word' id='word_1_784' title='bbox 1183 5446 1365 5514; x_wconf 89' lang='lat' dir='ltr'><strong>annis,</strong></span> <span class='ocrx_word' id='word_1_785' title='bbox 1395 5443 1706 5508; x_wconf 65' lang='lat' dir='ltr'><strong>Judaeorum</strong></span> <span class='ocrx_word' id='word_1_786' title='bbox 1744 5449 1978 5518; x_wconf 87' lang='lat' dir='ltr'><strong>populus</strong></span> <span class='ocrx_word' id='word_1_787' title='bbox 2000 5447 2085 5503; x_wconf 85' lang='lat' dir='ltr'><strong>in-</strong></span> 
     </span>
    </p>
   </div>
   <div class='ocr_carea' id='block_1_108' title="bbox 507 5528 1175 5590">
    <p class='ocr_par' dir='ltr' id='par_1_108' title="bbox 507 5528 1175 5590">
     <span class='ocr_line' id='line_1_108' title="bbox 507 5528 1175 5590; baseline 0.016 -13"><span class='ocrx_word' id='word_1_788' title='bbox 507 5528 821 5589; x_wconf 79' lang='lat' dir='ltr'><strong>ternecione</strong></span> <span class='ocrx_word' id='word_1_789' title='bbox 852 5530 1063 5588; x_wconf 87' lang='lat' dir='ltr'><strong>deletus</strong></span> <span class='ocrx_word' id='word_1_790' title='bbox 1089 5542 1175 5590; x_wconf 85' lang='lat' dir='ltr'><strong>est</strong></span> 
     </span>
    </p>
   </div>
   <div class='ocr_carea' id='block_1_109' title="bbox 576 5787 1070 5860">
    <p class='ocr_par' dir='ltr' id='par_1_109' title="bbox 576 5787 1070 5860">
     <span class='ocr_line' id='line_1_109' title="bbox 576 5787 1070 5860; baseline 0.016 -20"><span class='ocrx_word' id='word_1_791' title='bbox 576 5789 618 5832; x_wconf 73' lang='grc' dir='ltr'>υ</span> <span class='ocrx_word' id='word_1_792' title='bbox 661 5787 848 5858; x_wconf 73' lang='lat' dir='ltr'><strong>Matth.</strong></span> <span class='ocrx_word' id='word_1_793' title='bbox 891 5808 948 5858; x_wconf 79' lang='grc' dir='ltr'><strong>ν,</strong></span> <span class='ocrx_word' id='word_1_794' title='bbox 982 5792 1070 5860; x_wconf 68' lang='grc'><strong>44.</strong></span> 
     </span>
    </p>
   </div>
   <div class='ocr_carea' id='block_1_110' title="bbox 2195 5050 3703 5139">
    <p class='ocr_par' dir='ltr' id='par_1_110' title="bbox 2195 5050 3703 5139">
     <span class='ocr_line' id='line_1_110' title="bbox 2195 5050 3703 5139; baseline -0.013 -17"><span class='ocrx_word' id='word_1_795' title='bbox 2195 5067 2540 5139; x_wconf 78' lang='grc' dir='ltr'>ἐπικείμενον</span> <span class='ocrx_word' id='word_1_796' title='bbox 2573 5065 3022 5138; x_wconf 79' lang='grc' dir='ltr'>εἰσπραττόμενοι</span> <span class='ocrx_word' id='word_1_797' title='bbox 3057 5062 3240 5132; x_wconf 79' lang='grc' dir='ltr'>φόρον.</span> <span class='ocrx_word' id='word_1_798' title='bbox 3270 5055 3423 5114; x_wconf 76' lang='grc' dir='ltr'>Οὗτοι</span> <span class='ocrx_word' id='word_1_799' title='bbox 3451 5056 3500 5109; x_wconf 83' lang='grc' dir='ltr'>δὲ</span> <span class='ocrx_word' id='word_1_800' title='bbox 3527 5053 3584 5107; x_wconf 79' lang='grc' dir='ltr'>τὰ</span> <span class='ocrx_word' id='word_1_801' title='bbox 3614 5050 3703 5102; x_wconf 77' lang='grc' dir='ltr'><strong>Ἰουο</strong></span> 
     </span>
    </p>
   </div>
   <div class='ocr_carea' id='block_1_111' title="bbox 2192 5140 3702 5232">
    <p class='ocr_par' dir='ltr' id='par_1_111' title="bbox 2192 5140 3702 5232">
     <span class='ocr_line' id='line_1_111' title="bbox 2192 5140 3702 5232; baseline -0.009 -17"><span class='ocrx_word' id='word_1_802' title='bbox 2192 5162 2357 5215; x_wconf 87' lang='grc' dir='ltr'>δαίων</span> <span class='ocrx_word' id='word_1_803' title='bbox 2384 5160 2715 5232; x_wconf 77' lang='grc' dir='ltr'>διήρπασαν,</span> <span class='ocrx_word' id='word_1_804' title='bbox 2747 5158 2960 5212; x_wconf 75' lang='grc' dir='ltr'>ἅπαντα</span> <span class='ocrx_word' id='word_1_805' title='bbox 2985 5155 3229 5227; x_wconf 78' lang='grc' dir='ltr'>ἁκριὸὦς</span> <span class='ocrx_word' id='word_1_806' title='bbox 3260 5154 3626 5227; x_wconf 77' lang='grc' dir='ltr'>ἐρευνήσαντες,</span> 
     </span>
    </p>
   </div>
   <div class='ocr_carea' id='block_1_112' title="bbox 2192 5228 3697 5324">
    <p class='ocr_par' dir='ltr' id='par_1_112' title="bbox 2192 5228 3697 5324">
     <span class='ocr_line' id='line_1_112' title="bbox 2192 5228 3697 5324; baseline -0.015 -18"><span class='ocrx_word' id='word_1_807' title='bbox 2192 5252 2288 5306; x_wconf 72' lang='grc' dir='ltr'><strong>καὶ</strong></span> <span class='ocrx_word' id='word_1_808' title='bbox 2307 5250 2375 5304; x_wconf 74' lang='grc' dir='ltr'>τὰ</span> <span class='ocrx_word' id='word_1_809' title='bbox 2391 5228 2749 5324; x_wconf 73' lang='grc' dir='ltr'>κεκρυμμένα</span> <span class='ocrx_word' id='word_1_810' title='bbox 2763 5250 2942 5319; x_wconf 80' lang='grc' dir='ltr'>εὑρεῖν</span> <span class='ocrx_word' id='word_1_811' title='bbox 2958 5265 3017 5300; x_wconf 88' lang='grc' dir='ltr'><strong>τε</strong></span> <span class='ocrx_word' id='word_1_812' title='bbox 3033 5247 3126 5301; x_wconf 74' lang='grc' dir='ltr'><strong>καὶ</strong></span> <span class='ocrx_word' id='word_1_813' title='bbox 3146 5228 3697 5319; x_wconf 76' lang='grc' dir='ltr'>σφετερίσαι.Τοὺτωνδὲ</span> 
     </span>
    </p>
   </div>
   <div class='ocr_carea' id='block_1_113' title="bbox 2191 5329 3696 5414">
    <p class='ocr_par' dir='ltr' id='par_1_113' title="bbox 2191 5329 3696 5414">
     <span class='ocr_line' id='line_1_113' title="bbox 2191 5329 3696 5414; baseline -0.008 -17"><span class='ocrx_word' id='word_1_814' title='bbox 2191 5343 2521 5414; x_wconf 83' lang='grc' dir='ltr'>γενομένων,</span> <span class='ocrx_word' id='word_1_815' title='bbox 2562 5343 2655 5395; x_wconf 77' lang='grc' dir='ltr'>καὶ</span> <span class='ocrx_word' id='word_1_816' title='bbox 2683 5340 2792 5394; x_wconf 85' lang='grc' dir='ltr'>τῶν</span> <span class='ocrx_word' id='word_1_817' title='bbox 2832 5339 3104 5411; x_wconf 87' lang='grc' dir='ltr'>πολεμίων</span> <span class='ocrx_word' id='word_1_818' title='bbox 3119 5340 3187 5393; x_wconf 87' lang='grc' dir='ltr'>τὰ</span> <span class='ocrx_word' id='word_1_819' title='bbox 3202 5339 3406 5400; x_wconf 88' lang='grc' dir='ltr'>τούτοις</span> <span class='ocrx_word' id='word_1_820' title='bbox 3422 5329 3696 5406; x_wconf 75' lang='grc' dir='ltr'>προσήκοντα</span> 
     </span>
    </p>
   </div>
   <div class='ocr_carea' id='block_1_114' title="bbox 2190 5421 3690 5506">
    <p class='ocr_par' dir='ltr' id='par_1_114' title="bbox 2190 5421 3690 5506">
     <span class='ocr_line' id='line_1_114' title="bbox 2190 5421 3690 5506; baseline -0.009 -17"><span class='ocrx_word' id='word_1_821' title='bbox 2190 5437 2339 5489; x_wconf 87' lang='grc' dir='ltr'>διανε</span> <span class='ocrx_word' id='word_1_822' title='bbox 2347 5434 2617 5506; x_wconf 85' lang='grc' dir='ltr'>μομένων,</span> <span class='ocrx_word' id='word_1_823' title='bbox 2635 5433 2808 5498; x_wconf 77' lang='grc' dir='ltr'>οὐδεὶς</span> <span class='ocrx_word' id='word_1_824' title='bbox 2820 5433 3002 5497; x_wconf 84' lang='grc' dir='ltr'>αὐτοῖς</span> <span class='ocrx_word' id='word_1_825' title='bbox 3023 5431 3214 5487; x_wconf 81' lang='grc' dir='ltr'>ὲπίκου</span> <span class='ocrx_word' id='word_1_826' title='bbox 3222 5449 3314 5504; x_wconf 89' lang='grc' dir='ltr'><strong>ρος</strong></span> <span class='ocrx_word' id='word_1_827' title='bbox 3334 5431 3490 5489; x_wconf 77' lang='grc' dir='ltr'>ἔσται,</span> <span class='ocrx_word' id='word_1_828' title='bbox 3498 5421 3595 5478; x_wconf 83' lang='grc' dir='ltr'>οὐδὲ</span> <span class='ocrx_word' id='word_1_829' title='bbox 3606 5431 3690 5486; x_wconf 78' lang='grc' dir='ltr'>φει·</span> 
     </span>
    </p>
   </div>
   <div class='ocr_carea' id='block_1_115' title="bbox 2191 5509 3687 5596">
    <p class='ocr_par' dir='ltr' id='par_1_115' title="bbox 2191 5509 3687 5596">
     <span class='ocr_line' id='line_1_115' title="bbox 2191 5509 3687 5596; baseline -0.018 -8"><span class='ocrx_word' id='word_1_830' title='bbox 2191 5525 2313 5590; x_wconf 78' lang='grc' dir='ltr'>δοῦς</span> <span class='ocrx_word' id='word_1_831' title='bbox 2340 5526 2517 5580; x_wconf 77' lang='grc' dir='ltr'>αὐτῶν</span> <span class='ocrx_word' id='word_1_832' title='bbox 2531 5529 2580 5580; x_wconf 83' lang='grc' dir='ltr'><strong>οἰ</strong></span> <span class='ocrx_word' id='word_1_833' title='bbox 2608 5526 2796 5590; x_wconf 83' lang='grc' dir='ltr'>παῖδες</span> <span class='ocrx_word' id='word_1_834' title='bbox 2821 5525 3229 5596; x_wconf 76' lang='grc' dir='ltr'>ἀξιωθήσονται-.</span> <span class='ocrx_word' id='word_1_835' title='bbox 3242 5521 3376 5595; x_wconf 63' lang='grc' dir='ltr'>,Εἶτα</span> <span class='ocrx_word' id='word_1_836' title='bbox 3389 5527 3436 5593; x_wconf 85' lang='grc' dir='ltr'>μ’</span> <span class='ocrx_word' id='word_1_837' title='bbox 3449 5520 3501 5572; x_wconf 72' lang='grc' dir='ltr'>οὐ</span> <span class='ocrx_word' id='word_1_838' title='bbox 3515 5509 3687 5570; x_wconf 83' lang='grc' dir='ltr'>διελθόν-</span> 
     </span>
    </p>
   </div>
   <div class='ocr_carea' id='block_1_116' title="bbox 2189 5607 3610 5694">
    <p class='ocr_par' dir='ltr' id='par_1_116' title="bbox 2189 5607 3610 5694">
     <span class='ocr_line' id='line_1_116' title="bbox 2189 5607 3610 5694; baseline -0.01 -12"><span class='ocrx_word' id='word_1_839' title='bbox 2189 5636 2297 5682; x_wconf 68' lang='grc' dir='ltr'>των</span> <span class='ocrx_word' id='word_1_840' title='bbox 2311 5619 2474 5686; x_wconf 74' lang='grc' dir='ltr'>ἐτῶν,</span> <span class='ocrx_word' id='word_1_841' title='bbox 2486 5619 2844 5694; x_wconf 88' lang='grc' dir='ltr'>πανολεθρίαν</span> <span class='ocrx_word' id='word_1_842' title='bbox 2861 5619 3152 5691; x_wconf 86' lang='grc' dir='ltr'>ὑπέμεινεν</span> <span class='ocrx_word' id='word_1_843' title='bbox 3167 5621 3196 5673; x_wconf 90' lang='grc' dir='ltr'><strong>ό</strong></span> <span class='ocrx_word' id='word_1_844' title='bbox 3228 5614 3478 5673; x_wconf 74' lang='grc' dir='ltr'>Ἰουδαίων</span> <span class='ocrx_word' id='word_1_845' title='bbox 3497 5607 3610 5668; x_wconf 57' lang='lat'><strong>1464-</strong></span> 
     </span>
    </p>
   </div>
  </div>
