3964 6536
224 337 348 395 I337

1303 338 1809 399 COMMENTARIA
1849 341 1913 399 IN
1956 343 2297 402 PSALMOS.

3331 347 3469 404 1558

293 452 718 525 Ἀναμνησθείη
765 454 806 525 ἡ
838 454 1058 527 ἀνομία
1112 457 1232 514 τῶν
1285 462 1557 531 πατέρων
1596 464 1784 519 αὑτοῦ
1814 504 1823 526 λ

1960 464 2124 522 Vsus.
2156 466 2345 522 {4-16.
2406 465 2474 521 In
2507 468 2812 523 memoriam
2864 467 3042 523 redeat
3087 466 3339 537 iniquitas
3372 484 3471 535 pa-

218 550 414 605 ἕναντι
443 548 689 617 Κυρίου,
719 549 817 603 real
847 551 887 619 ἡ
928 551 1183 621 ἁμαρτία
1214 555 1327 625 τῆς
1349 558 1576 627 μητρὸς
1606 559 1793 616 αὐτοῦ

216 642 294 712 μὴ
317 641 717 711 ἐξαλειφθείη.
751 642 1070 712 Γενηθήτω
1096 646 1375 704 ἐναντίον
1405 653 1627 721 Κυρίου
1678 652 1801 708 δια-

216 736 458 801 παντὸς,
478 737 573 791 καὶ
589 737 1047 808 ἐξολοθρευθείη
1082 740 1152 796 ἐκ
1172 740 1288 812 τῆς
1309 744 1375 797 τὸ
1393 749 1799 816 μνημόσυνον

216 826 429 891 αὐτῶν,
458 827 586 882 ἀνθ’
624 822 713 882 ὧν
734 831 846 883 οὐκ
869 829 1142 900 ἐμνήσθη
1174 833 1427 903 ποιῆσαι
1457 836 1651 905 ἕλεος.
1680 840 1795 892 Πα-

216 917 385 989 τέρων
426 916 593 989 ἀρετὴ
637 917 896 983 πολλάκις
944 920 1037 972 καὶ
1079 921 1577 997 πλημμελήσαντας
1620 926 1799 999 ὢνησε

219 1010 431 1076 παῖδας,
462 1010 540 1074 ὡς
596 1012 723 1075 τοὺς
777 1011 1063 1077 Ἰουδαίους
1101 1014 1192 1068 τοῦ
1249 1016 1499 1090 Ἀϐραὰμ
1529 1021 1562 1090 ἠ
1596 1020 1799 1085 πίστις,

218 1104 291 1168 ὡς
323 1104 412 1157 τὸν
440 1103 761 1176 Σολομῶντα
801 1106 895 1160 τοῦ
932 1107 1150 1179 Δαυῖδὴ
1184 1108 1435 1164 εὐσέϐεια
1454 1130 1468 1142 ο
1495 1114 1726 1187 πονηρία
1745 1116 1803 1169 δὲ

1897 565 2035 610 trum
2058 557 2174 626 ejus
2205 558 2260 611 in
2308 570 2586 627 conspectu
2622 558 2856 623 Domini,
2894 569 2944 614 et
2983 568 3250 629 peccatum
3280 560 3469 614 matris

1895 650 2009 719 ejus
2036 667 2138 704 non
2160 650 2417 705 deleatur.
2453 650 2577 705 Fiat
2623 663 2809 708 contra
2856 652 3141 709 Dominum
3167 668 3387 722 semper,
3422 666 3469 707 et

1897 743 2161 812 dispereat
2202 744 2266 798 de
2320 754 2463 800 terra
2507 747 2811 802 memoriale
2858 764 3060 811 eorum,
3108 762 3204 814 pro
3241 762 3300 800 eo
3333 744 3473 817 quod

1898 853 2003 890 non
2021 846 2100 891 est
2129 836 2435 893 recordatus
2462 838 2633 908 facere
2658 840 3095 895 misericordiam.
3122 840 3342 893 Patrum
3370 839 3476 891 vir-

1898 937 1991 984 tus
2018 946 2391 1000 sarpenumero
2419 933 2583 985 etiam
2613 931 2738 987 ﬁliis
2771 932 3126 1002 peccantibus
3152 930 3379 1001 profuit,
3416 938 3475 984 ut

1903 1019 2035 1075 ﬁdes
2058 1020 2286 1075 Abrahae
2312 1019 2537 1084 Judzeis,
2564 1019 2783 1075 Davidis
2818 1020 2990 1091 pietas
3023 1018 3299 1073 Salomoni
3334 1036 3349 1072 :
3380 1014 3477 1071 sed

1903 1113 2144 1181 pravitas
2178 1121 2468 1183 parentum
2499 1112 2626 1168 ﬁliis
2653 1112 2924 1168 similibus
2958 1126 3175 1182 poenam
3208 1109 3475 1179 adauget;

218 1195 465 1266 πατέρων
492 1198 606 1259 τοῖς
652 1196 860 1267 ὁμοίοις
890 1199 1077 1252 παισὶν
1106 1200 1330 1266 ὲπαύξει
1370 1201 1468 1275 τὴν
1498 1206 1797 1278 τιμωρίαν·

216 1285 441 1357 οὐδεμία
479 1288 588 1357 γὰρ
618 1287 916 1358 οὐδαμόθεν
951 1288 1264 1359 εὑρίσκεται
1306 1291 1522 1361 φειδοῦς
1558 1294 1801 1366 ἀφορμή.

230 1380 656 1447 Ἁναμνησθείη
676 1382 711 1449 η
731 1381 951 1450 ἀνομία
966 1379 1086 1434 τῶν
1099 1384 1372 1453 πατέρων
1395 1385 1581 1439 αὐτοῦ
1598 1385 1804 1439 ἔναντι

1927 1404 1961 1439 n
2015 1399 2294 1457 conspectu
2335 1388 2570 1441 Domini.
2620 1386 2813 1441 Patres
2863 1396 3039 1439 autem
3085 1399 3274 1439 eorum
3323 1391 3482 1436 vocat

218 1473 460 1541 Κυρίου.
514 1474 763 1546 Πατέρας
803 1474 858 1528 δὲ
903 1475 1086 1531 αὐτῶν
1124 1477 1419 1541 καλεῖτούς
1445 1480 1503 1531 ἐν
1523 1481 1589 1549 τῇ
1615 1479 1805 1551 ἐρήμῳ

1925 1479 2053 1539 llos.
2102 1480 2195 1549 qui
2230 1480 2284 1533 in
2318 1478 2539 1534 deserto
2584 1478 2747 1547 impie
2778 1491 2838 1531 se
2877 1483 3185 1547 gesserunt,
3224 1473 3316 1543 qui
3345 1480 3485 1526 tem-

216 1566 282 1635 τῇ
338 1563 627 1637 δυσσεϐείᾳ
669 1567 1068 1645 χρησαμένους,
1118 1570 1244 1633 τούς
1287 1570 1379 1623 ἐπὶ
1429 1570 1538 1622 τῶν
1577 1571 1798 1642 κριτῶν,

1925 1583 2034 1624 »οι-ε
2064 1569 2308 1636 judieum
2358 1576 2413 1622 et
2454 1583 2664 1639 regum,
2708 1568 2910 1636 quique
2951 1574 3073 1636 post
3127 1563 3361 1619 reditum
3417 1578 3483 1616 ex

217 1657 340 1720 τοὺς
362 1658 455 1710 ἐπὶ
468 1658 574 1711 τῶν
592 1658 897 1729 βασιλειῶν,
922 1662 1047 1725 τοὺς
1067 1661 1205 1733 μετὰ
1232 1660 1331 1732 τὴν
1356 1662 1464 1716 ἀπὸ
1486 1663 1804 1727 Βαϐυλῶνος

1925 1662 2206 1734 3abylonia
2236 1662 2420 1732 inique
2449 1663 2725 1716 vixerunt.
2758 1660 2825 1713 Et
2851 1671 3122 1730 peccatum
3154 1658 3343 1710 matris
3371 1656 3486 1725 ejus

1903 1222 1969 1261 ex
2000 1206 2152 1260 nullo
2180 1208 2382 1277 quippe
2424 1206 2545 1260 loco
2591 1206 2773 1276 aliqua
2818 1203 3110 1260 miserendi
3141 1200 3360 1257 occasio
3390 1214 3480 1253 re-

1904 1297 2135 1368 peritur.
2172 1295 2239 1350 In
2280 1298 2589 1350 memoriam
2624 1296 2802 1350 redeat
2841 1295 3093 1364 iniquitas
3124 1302 3335 1362 patrum
3365 1289 3479 1358 ejus

217 1746 475 1799 ἐπάνοδον
490 1749 802 1821 παρανομίᾳ
828 1751 1187 1822 συζήσαντας.
1218 1752 1327 1805 Καὶ
1354 1753 1391 1820 η
1417 1752 1674 1821 ἁμαρτία
1695 1752 1807 1821 τῆς

211 1838 437 1906 μητρὸς
482 1840 668 1895 αὑτοῦ
716 1840 801 1910 μὴ
861 1841 1261 1911 ἐξαλειφθείη.
1325 1842 1557 1913 Μητέρα
1606 1842 1659 1895 δὲ
1711 1841 1809 1912 τὴν

226 1929 600 2002 Ἰερουσαλὴμ,
650 1934 707 1985 ἐν
800 1934 897 2005 τῆς
937 1933 1078 1987 κατὰ
1120 1933 1215 1986 τοῦ
1256 1934 1528 1989 Δεσπότου
1570 1932 1809 2005 Χριστοῦ

222 2024 535 2093 μιαιφονίας
560 2025 829 2098 ἐτολμήθη
859 2027 919 2079 τὸ
940 2026 1128 2097 μῦσος.
1166 2026 1491 2096 Γενηθήτω
1530 2026 1811 2081 ἐναντίον

219 2114 441 2181 Κυρίου
472 2114 819 2183 διαπαντὸς,
847 2118 944 2172 καὶ
986 2117 1437 2188 ἐξολοθρευθείη
1481 2119 1551 2172 ἐκ
1596 2118 1711 2189 γῆς
1741 2118 1809 2172 τὸ

214 2208 619 2276 μνημόσυνον
674 2209 893 2275 αὐτῶν,
927 2212 1057 2266 ἀνθ’
1092 2204 1179 2264 ὧν
1200 2213 1312 2265 οὐκ
1341 2212 1612 2281 ἐμνήσθη
1646 2211 1814 2279 ποιῆ-

221 2314 326 2353 σαι
355 2301 549 2368 ἕλεος.
586 2303 790 2369 Πάντα,
840 2306 996 2375 φησὶ,
1028 2304 1096 2358 τὰ
1137 2305 1227 2358 ὐπ’
1262 2304 1440 2359 αὐτῶν
1472 2304 1814 2377 τολμηθέντα

222 2392 517 2464 παράνομα
575 2394 663 2446 ἀεὶ
711 2393 980 2465 θεώμενος
1032 2397 1061 2449 ὁ
1094 2396 1261 2460 Θεὸς,
1312 2398 1569 2467 οὐδεμιᾶς
1616 2398 1815 2461 αὐτοὺς

222 2484 447 2551 ἀξιώσει
490 2484 727 2554 φειδοῦς,
764 2487 899 2540 ἀλλὰ
945 2486 1273 2558 πανολεθρίᾳ
1325 2486 1654 2559 παραδώσει.
1704 2490 1815 2542 Καὶ

223 2578 473 2632 ἐντεῦθεν
501 2579 682 2649 μέντοι
714 2579 891 2649 δῆλον,
917 2580 994 2645 ᾡς
1018 2580 1077 2633 οὐ
1110 2580 1237 2651 περὶ
1287 2581 1450 2651 μόνου
1488 2580 1582 2634 τοῦ
1617 2580 1810 2645 Ἰούδα,

225 2672 363 2725 ἀλλὰ
396 2674 523 2744 περὶ
555 2674 773 2729 πάντων
798 2673 906 2726 τῶν
935 2674 1317 2745 ἠπιστηκὸτων
1334 2672 1600 2727 Ἰουδαίων
1629 2672 1811 2744 λέγει’

1912 1770 2015 1807 non
2052 1751 2311 1806 deleatur.
2348 1752 2573 1806 Matrem
2606 1768 2735 1807 vero
2786 1759 2947 1805 vocat
2982 1749 3399 1820 Jerosolymam,
3432 1749 3489 1801 in

1910 1859 2015 1913 qua
2045 1852 2335 1898 cruentum
2387 1850 2579 1898 contra
2618 1842 2904 1897 Dominum
2951 1841 3232 1897 Christum
3277 1839 3491 1894 facinus

1915 1945 2229 2009 perpetrare
2258 1937 2378 1993 ausi
2400 1945 2544 1993 sunt.
2576 1936 2705 1991 Fiat
2734 1928 2918 1991 contra
2948 1935 3234 1990 Dominum
3267 1949 3489 2002 semper,

1915 2039 1964 2083 et
1987 2030 2251 2100 dispereat
2284 2031 2347 2085 de
2390 2041 2532 2085 terra
2568 2030 2875 2085 memoriale
2899 2046 3102 2091 eorum,
3142 2044 3236 2097 pro
3267 2044 3325 2082 eo
3355 2029 3493 2097 quod

1916 2141 2021 2178 non
2049 2133 2125 2178 est
2157 2124 2465 2178 recordatus
2509 2124 2683 2194 facere
2731 2123 3172 2178 misericordiam.
3208 2120 3345 2176 Cum
3378 2136 3498 2174 om-

1916 2217 2029 2280 nia,
2060 2216 2260 2287 inquit,
2288 2217 2357 2271 ab
2382 2218 2464 2272 eis
2490 2216 2730 2272 admissa
2755 2217 2964 2271 scelera
2987 2215 3130 2270 Deus
3171 2227 3386 2282 semper
3414 2211 3499 2264 in~

1914 2318 2157 2374 tueatur,
2182 2310 2342 2381 {nulla
2387 2311 2537 2380 ipsos
2568 2311 2728 2366 venia
2767 2309 3102 2380 dignabitur,
3134 2308 3228 2362 sed
3258 2307 3501 2360 interne—

1914 2402 2060 2456 cioni
2110 2402 2311 2456 tradet.
2360 2403 2539 2472 Atque
2574 2403 2704 2457 hinc
2750 2403 2927 2472 palam
2972 2411 3076 2463 est,
3132 2414 3242 2454 non
3282 2397 3351 2451 de
3384 2396 3503 2451 solo

1913 2491 2076 2557 Juda,
2116 2492 2212 2548 sed
2244 2493 2313 2550 de
2344 2494 2600 2548 omnibus
2632 2492 2931 2548 incredulis
2960 2491 3164 2547 Iudaeis
3192 2492 3308 2545 haec
3336 2487 3447 2543 dici
3482 2505 3501 2542 :

1913 2600 2041 2640 nam
2070 2600 2101 2638 a
2119 2586 2382 2657 singulari
2396 2601 2633 2657 persona
2660 2586 2727 2639 ad
2759 2585 2963 2641 multos
2985 2597 3293 2640 sermonem
3318 2589 3507 2635 trans-
3540 2585 3553 2593 '

1915 2679 2068 2745 tulit;
2099 2694 2207 2734 non
2236 2679 2380 2734 enim
2406 2680 2519 2748 jam
2552 2679 2705 2745 dicit,
2734 2678 2872 2747 ejus,
2930 2676 3049 2740 sed,
3076 2692 3277 2731 eorum.

225 2766 335 2820 ἀπὸ
382 2768 492 2839 γὰρ
538 2767 719 2821 ἑνικοῦ
767 2767 1061 2839 προσώπου
1100 2768 1193 2820 ἐπὶ
1242 2767 1306 2820 τὸ
1359 2767 1721 2837 πληθυντικὸν
1772 2770 1863 2825 τὸν
1912 2771 2071 2842 λόγον
2120 2775 2482 2845 μετήνεγκεν·
2516 2772 2700 2827 οὐκέτι
2745 2771 2855 2844 γὰρ
2906 2767 3078 2831 εἶπεν,
3127 2767 3334 2833 αὑτοῦ,
3368 2763 3509 2846 ἀλλ’,

226 2858 451 2914 αὐτῶν.

299 2973 411 3027 Kal
450 2972 810 3037 κατεδίωξεν
834 2972 1150 3041 ἄνθρωπον
1172 2974 1401 3041 πένητα
1428 2972 1529 3027 καὶ
1556 2974 1816 3044 πτωχὸν,

1992 2974 2160 3041 Vens,
2204 2976 2389 3032 17—20.
2430 2974 2505 3030 Et
2531 2983 2834 3045 persecutus
2874 2982 2952 3031 est
3002 2974 3265 3028 hominem
3304 2975 3512 3045 inopem

230 3066 329 3121 real
368 3065 894 3136 κατανενυγμένον
934 3064 1008 3134 τῇ
1032 3065 1248 3134 καρδίᾳ
1286 3066 1395 3121 τοῦ
1437 3066 1779 3121 θανατῶσαι
1803 3084 1817 3098 ·

230 3160 478 3214 τουτέστι
502 3158 887 3230 πεπληγμένον
918 3158 984 3211 δι’
1015 3157 1081 3222 ἃς
1107 3156 1255 3231 ἐώρα
1290 3160 1348 3211 ἐν
1375 3158 1559 3222 αὐτοῖς
1585 3177 1825 3232 παρανο-

236 3254 384 3325 μίας.
419 3253 583 3309 Ὅθεν
605 3254 699 3307 καὶ
727 3253 864 3325 πρὸς
892 3252 990 3324 τὴν
1049 3250 1406 3323 Ἰερουσαλὴμ
1437 3250 1591 3321 ἔλεγε
1622 3252 1826 3307 κλαίων

234 3350 433 3422 αὐτήνο
456 3351 527 3404 El
560 3347 752 3417 ἔγνως
781 3345 880 3400 real
898 3345 979 3401 σὺ
1008 3344 1079 3399 τὰ
1100 3343 1526 3413 πρὸςοειρήνην
1555 3358 1654 3398 σοι
1670 3361 1684 3375 ·
1709 3344 1829 3399 νῦν

232 3440 302 3494 δὲ
318 3442 553 3511 «ἐκρύϐη
602 3438 722 3494 ἀπὸ
756 3437 875 3493 τῶν
924 3434 1247 3507 ὀφθαλμῶν
1294 3451 1433 3490 σου.
1491 3435 1828 3490 Ἐθανάτωσε

234 3533 291 3587 δὲ
341 3535 525 3599 αὐτὸν,
571 3532 746 3596 αἴτιος
770 3531 1063 3602 γενόμενος
1093 3528 1187 3583 τοῦ
1223 3530 1303 3593 εἰς
1335 3528 1564 3583 θάνατον
1594 3529 1831 3600 παραδο-

238 3626 419 3699 θῆναι.
456 3624 867 3695 Καὶὴγάπησε
896 3621 1184 3691 κατάραν,
1220 3621 1320 3674 καὶ
1352 3622 1484 3688 ἥξει
1507 3620 1668 3688 αὑτῷ
1686 3637 1701 3652 ο
1729 3621 1829 3676 real

237 3722 349 3773 οὐκ
375 3718 682 3787 ἠθέλησεν
701 3716 1005 3785 εὐλογίαν,
1064 3715 1164 3769 real
1206 3714 1700 3784 μακρυνθήσεται
1729 3715 1831 3770 ἀπ’

237 3812 448 3866 αὑτοῦ.
477 3810 591 3866 Kal
632 3809 962 3864 ἐνεδύσατο
990 3806 1256 3875 κατάραν
1295 3806 1377 3873 ὡς
1425 3806 1685 3875 ἱμάτιον,
1731 3805 1833 3860 καὶ

238 3902 533 3971 εισῆλθεν
556 3903 638 3969 ὡς
653 3900 811 3970 ὕδωρ
837 3904 925 3967 είς
946 3900 1021 3955 τὰ
1064 3899 1290 3969 ἔγκατα
1314 3899 1523 3963 αὐτοῦ,
1554 3898 1655 3953 real
1687 3899 1833 3954 ὡσεὶ

239 3993 452 4049 ἔλαιον
478 3995 549 4049 ἐν
578 3993 706 4060 τοῖς
737 3992 975 4059 ὀστέοις
997 3992 1207 4047 αὑτοῦ.
1240 3988 1736 4057 Γενηθήτωαύτῷ
1755 3989 1836 4055 ὡς

240 4084 478 4154 ἱμάτιον
507 4086 540 4140 ὃ
584 4085 1022 4157 περιϐάλλεται,
1078 4085 1177 4138 real
1234 4084 1377 4139 ὡσεί
1403 4083 1552 4151 ζώνη
1598 4081 1679 4151 ἢν
1710 4081 1837 4137 δια-

241 4179 472 4245 παντὸς
521 4176 962 4247 περιζώννυται.
1014 4177 1194 4231 Τοῦτο
1242 4177 1310 4229 τὸ
1344 4176 1523 4245 ἔργον
1564 4173 1684 4227 τῶν
1714 4174 1838 4227 δια-

245 4272 596 4325 ϐαλλόντων
622 4288 699 4340 με
744 4268 904 4339 παρὰ
933 4270 1177 4337 Κυρίου,
1204 4266 1305 4321 real
1342 4267 1462 4321 τῶν
1484 4266 1838 4321 λαλούντων

1923 3078 1971 3122 et
2006 3068 2324 3131 mendicum,
2359 3078 2410 3124 et
2460 3078 2830 3137 compunctum
2863 3065 3019 3121 corde
3074 3067 3416 3137 morti/icore,
3455 3068 3511 3122 id

1926 3168 2030 3227 est,
2063 3176 2385 3231 percussum
2426 3162 2497 3215 ob
2526 3161 2844 3231 iniquitates
2869 3175 3006 3231 quas
3033 3161 3086 3213 in
3114 3158 3247 3230 ipsis
3270 3159 3508 3215 videbat.

1928 3253 2109 3320 Quare
2151 3253 2549 3325 Jerosolymam
2592 3253 2799 3309 deﬂens
2836 3253 3074 3308 dixitei:
3103 3250 3164 3308 Si
3184 3252 3512 3323 cognovisscs

1927 3358 1975 3403 et
2006 3357 2063 3401 tu
2116 3364 2232 3417 qua:
2283 3347 2352 3401 ad
2393 3364 2577 3418 pacem
2629 3346 2762 3401 tibi:
2800 3364 2937 3400 nunc
2973 3357 3150 3401 autem
3203 3345 3515 3400 abscondita

1928 3447 2050 3493 sunt
2090 3440 2155 3492 ab
2200 3439 2369 3493 oculis
2424 3439 2529 3493 tuis
2556 3437 2624 3494 ⁸⁸.
2684 3436 3032 3493 Mortilicavit
3087 3443 3269 3491 autem
3308 3436 3513 3507 ipsum,

1930 3531 2056 3602 quia
2092 3530 2147 3585 in
2204 3545 2371 3586 causa
2422 3529 2523 3586 fuit
2562 3545 2663 3585 cur
2696 3530 2762 3584 ad
2799 3538 3031 3585 mortem
3076 3528 3407 3583 traderetur.
3445 3525 3517 3579 Et

1930 3624 2118 3678 dilexit
2161 3622 2607 3686 maledictionem,
2642 3630 2693 3675 et
2738 3621 2905 3675 veniet
2951 3622 3035 3681 ei;
3068 3628 3116 3673 et
3159 3619 3331 3672 noluit
3366 3618 3519 3673 bene-

1932 3716 2235 3780 dictionem,
2286 3723 2334 3769 et
2367 3714 2707 3784 elongabitur
2739 3712 2803 3765 ab
2837 3729 2919 3767 eo.
2974 3710 3039 3764 Et
3087 3711 3259 3765 induit
3296 3710 3519 3764 maledi-

1933 3806 2158 3860 ctionem
2184 3805 2323 3859 sicut
2367 3804 2753 3865 vestimentum,
2790 3809 2839 3855 et
2871 3798 3086 3853 intravit
3111 3798 3245 3852 sicut
3298 3813 3435 3867 aqua
3463 3796 3520 3849 in

1934 3899 2191 3953 interiora
2217 3895 2355 3964 ejus,
2389 3904 2440 3950 et
2469 3896 2605 3949 sicut
2635 3893 2806 3947 oleum
2848 3894 2901 3945 in
2928 3890 3132 3945 ossibus
3154 3890 3287 3960 ejus.
3317 3887 3443 3942 Fiat
3472 3888 3523 3943 ei

1934 3990 2071 4044 sicut
2123 3989 2491 4043 vestimentum
2530 4003 2631 4057 quo
2666 3985 2918 4055 operitur,
2957 3992 3005 4037 et
3051 3983 3187 4036 sicut
3233 3999 3387 4045 zona,
3416 3997 3522 4049 qua

1936 4097 2143 4152 semper,
2181 4080 2544 4150 prwcingitur.
2572 4077 2688 4132 Hoc
2729 4093 2856 4153 opus
2890 4092 3071 4130 eorum
3110 4075 3199 4144 qui
3240 4072 3523 4127 detrahunt

1938 4175 2066 4229 mihi
2092 4192 2125 4229 a
2156 4174 2404 4235 Domino,
2435 4183 2485 4226 et
2515 4171 2603 4242 qui
2635 4173 2920 4241 loquuntur
2957 4166 3100 4221 mala
3135 4166 3384 4219 adversus
3407 4164 3526 4216 ani-

1939 4283 2082 4319 mam
2110 4281 2302 4319 meam.
2338 4263 2474 4318 Cum
2522 4262 2810 4334 prophetia
2849 4259 2917 4314 de
2954 4272 3189 4329 persona
3227 4254 3527 4310 Salvatoris

245 4363 485 4433 πονηρὰ
529 4363 680 4417 κατὰ
732 4361 845 4430 τῆς
895 4361 1105 4431 ψυχῆς
1149 4378 1291 4430 μου.
1332 4360 1446 4429 Τῆς
1501 4359 1823 4431 προφητείας

1939 4358 2087 4413 dicat
2112 4357 2249 4423 τρυε
2297 4354 2657 4411 ὺεηεάὶττετὶηι
2682 4364 2729 4409 te
2757 4351 3011 4406 benedicti
3039 4358 3199 4411 sunt;
3226 4359 3274 4402 et
3302 4349 3391 4419 qui
3420 4363 3532 4400 ma:

245 4450 514 4523 λεγούσης
551 4455 631 4516 εἰς
652 4452 945 4524 πρόσωπον
970 4451 1063 4503 τοῦ
1088 4450 1340 4521 Σωτῆρος
1367 4464 1380 4478 ⁸
1421 4452 1485 4502 Oi
1507 4447 1839 4518 εὐλογοῦν-

248 4545 345 4611 τές
366 4561 443 4600 σε
478 4546 859 4615 εὐλόγηνται,
897 4544 997 4597 real
1030 4545 1084 4597 οὶ
1113 4540 1517 4612 καταρώμενοι
1550 4557 1626 4595 σε
1664 4556 1840 4593 κεκα-

248 4634 557 4702 τήρανται,
592 4636 739 4696 ὅπως
768 4635 866 4705 μὲν
895 4635 945 4687 οἱ
968 4632 1090 4686 καθ’
1119 4632 1250 4703 ὅλης
1262 4631 1365 4701 τῆς
1390 4629 1717 4701 οἰκουμένης
1751 4627 1842 4681 τὸν

248 4727 379 4783 Θεὸν
407 4730 478 4783 δι’
499 4726 666 4782 αὐτοῦ
702 4724 1039 4792 ἐπιγνόντες,
1078 4724 1173 4778 καὶ
1210 4721 1601 4784 πιστεύσαντες
1635 4720 1716 4781 εἰς
1744 4716 1842 4771 αὐ-

249 4819 360 4885 τὸν,
391 4822 494 4891 τῆς
547 4820 610 4872 ὲκ
678 4817 814 4872 Θεοῦ
863 4814 1246 4880 καταξιοῦνται
1281 4812 1551 4881 εὐλογίας,
1592 4809 1669 4872 ὡς
1707 4808 1844 4879 πλη-

252 4905 428 4963 θῦνειν
463 4911 556 4963 καὶ
578 4908 784 4973 αὔξειν,
804 4906 983 4961 καὶτὰ
1009 4906 1303 4976 σύμπαντα
1330 4902 1570 4975 πληροῦν
1592 4901 1692 4971 τὴν
1712 4901 1848 4972 Χρι-

253 5002 378 5055 στοῦ
412 5002 765 5073 Ἐκκλησίαν,
789 5004 902 5065 τοῖς
925 5002 1059 5055 πᾶσι
1087 4998 1348 5070 τυγχάνει
1373 4994 1643 5068 πρόδηλον
1665 5010 1679 5024 °
1698 4995 1849 5056 ὅπως

252 5090 308 5147 δὲ
343 5094 611 5161 Ἰουδαῖοι,
639 5094 912 5168 ἀρώμενοι
954 5092 1117 5147 αὐτὸν
1141 5093 1247 5145 καὶ,
1276 5086 1724 5162 βλασφημοῦντες
1757 5085 1841 5154 ἐφ’

255 5184 493 5261 ἑκάστης
522 5190 754 5261 ἡμέρας,
787 5189 887 5257 τὴν
929 5188 994 5241 ἐκ
1017 5183 1154 5239 Θεοῦ
1201 5182 1447 5253 κατάραν
1495 5181 1577 5242 εἰς
1616 5176 1845 5243 ἑαυτοὺς

257 5279 619 5347 ἐπισπῶνται,
653 5281 749 5336 καὶ
785 5281 942 5335 τοῦτο
970 5278 1128 5349 δῆλον
1160 5275 1270 5330 ἀπὸ
1291 5273 1386 5328 τοῦ
1410 5273 1485 5345 μὴ
1512 5268 1643 5343 ἆραι
1672 5286 1845 5339 κεφα-

258 5373 376 5447 λὴν,
415 5378 549 5450 μηδὲ
612 5377 906 5431 ἀνανεῦσαι
954 5376 1153 5437 αὐτοὺς
1199 5372 1307 5426 ἀπὸ
1356 5369 1466 5423 τῶν
1509 5369 1717 5441 χρόνων
1745 5367 1845 5438 τῆς

261 5468 402 5522 κατὰ
431 5470 526 5523 τοῦ
549 5470 801 5540 Σωτῆρος
831 5467 986 5540 ἡμῶν
1018 5463 1333 5533 ἐπιϐουλῆς.

334 5561 440 5615 Kal
465 5559 568 5625 σὺ,
616 5560 817 5628 Κύριε,
846 5559 1108 5626 ποίησον
1134 5556 1263 5624 μετ’
1315 5552 1462 5622 ἐμοῦ
1499 5551 1710 5606 ἕνεκεν
1742 5548 1849 5603 τοῦ

1940 4450 2220 4505 ledixerint
2264 4457 2311 4503 te
2343 4447 2611 4502 maledicti
2650 4455 2772 4501 sunt
2798 4446 2879 4511 3’;
2935 4443 3211 4514 quomodo
3242 4439 3461 4509 quidem
3490 4437 3531 4499 ii

1943 4540 2036 4611 qui
2065 4540 2121 4593 in
2151 4546 2269 4593 toto
2302 4539 2435 4592 orbe
2481 4536 2647 4591 Deum
2694 4550 2787 4604 per
2816 4536 2994 4604 ipsum
3037 4535 3433 4599 cognoverunt,
3467 4541 3533 4579 ac

1944 4633 2000 4686 in
2040 4632 2219 4698 ipsum
2249 4628 2627 4690 crediderunt,
2670 4625 2765 4680 Dei
2797 4622 3176 4678 benedictione
3205 4618 3537 4688 dignentur;

1943 4724 2017 4780 ita
2033 4731 2092 4778 ut
2115 4721 2547 4790 multiplicentur
2567 4724 2621 4773 et
2641 4723 2964 4786 augeantur,
2992 4721 3045 4768 et
3066 4710 3309 4766 Ecclesia
3326 4706 3529 4763 Christi

1942 4818 2123 4874 omnia
2159 4816 2406 4886 impleat,
2467 4810 2749 4883 propalam
2783 4806 3040 4862 omnibus
3086 4810 3215 4857 est:
3259 4796 3535 4869 quomodo

1944 4918 2126 4964 autem
2155 4906 2351 4970 Judaei,
2402 4905 2494 4975 qui
2550 4904 2603 4957 in
2655 4902 2834 4971 ipsum
2881 4897 3124 4968 quotidie
3155 4892 3443 4948 maledicta
3481 4897 3537 4945 et

1944 5002 2265 5074 blaspheme
2295 4999 2462 5055 verba
2490 4994 2799 5066 proferunt,
2833 4991 2929 5048 Dei
2960 4987 3399 5044 maledictionem
3430 4981 3537 5036 sibi

1949 5096 2087 5168 ipsis
2139 5092 2442 5155 attraham,
2476 5090 2639 5144 etiam
2692 5087 2795 5139 hoc
2846 5080 3196 5139 manifestum
3246 5082 3432 5133 estex
3470 5086 3537 5125 eo

1952 5186 2099 5258 quod
2130 5192 2294 5256 caput
2318 5200 2427 5238 non
2468 5181 2742 5241 attollant,
2774 5191 2954 5247 neque
2992 5176 3294 5241 emergant,
3324 5182 3391 5221 ex
3426 5177 3541 5234 quo,

1955 5291 2200 5350 tempore
2232 5275 2501 5337 Salvatori
2536 5284 2727 5329 nostro
2755 5268 2985 5325 insidias
3018 5265 3355 5320 struxerunt.

2032 5540 2200 5597 Vens.
2229 5538 2425 5599 21-94.
2459 5535 2528 5591 Et
2564 5546 2641 5597 tu,
2678 5531 2916 5595 Domine,
2957 5528 3043 5597 fac
3088 5540 3287 5580 mecum
3325 5531 3537 5592 propter

270 5611 720 5721 ὀνύματύςισουζ
752 5611 1227 5722 χρηστὸνστὸ
1253 5611 1427 5712 ἔλεός
1453 5660 1591 5700 σου.
1640 5641 1823 5701 Ῥῦσα

1964 5653 2151 5705 nomen
2182 5644 2351 5703 tuum,
2381 5632 2508 5705 quia
2552 5627 2732 5693 suavis
2776 5633 2855 5681 est
2900 5617 3268 5678 misericordia
3299 5626 3411 5671 tua.
3444 5611 3537 5679 Li‘!

343 5807 387 5837 ⁸⁸
426 5810 557 5866 Luc.
597 5825 683 5863 nx
711 5849 726 5876 ,
765 5808 852 5863 42.
931 5807 974 5841 ⁸³
1014 5803 1148 5860 Gen.
1188 5818 1367 5872 xxv”,
1407 5800 1500 5861 ‘29.
