3964 6532
509 343 663 406 i359

1230 346 1500 404 EUSEBII
1535 343 2016 403 CIESARIENSIS
2054 346 2203 400 OPI’.
2242 343 2425 400 PARS
2460 342 2547 398 Ill.
2580 375 2646 384 —
2672 337 3088 409 EXEGJSTICA.

3603 344 3706 399 15ἱο

502 458 627 513 bera
658 477 760 526 me,
784 460 912 532 quia
933 476 1124 531 egenus
1150 468 1199 513 et
1220 474 1419 527 pauper
1443 475 1536 529 ego
1559 475 1699 523 sum,
1728 467 1778 512 et
1800 474 1890 511 cor
1919 474 2087 511 meum

2199 473 2280 521 ne,
2318 455 2406 509 ὅτι
2439 454 2675 525 πτωχὸς
2701 455 2796 508 καὶ
2822 453 3012 521 πένης
3034 450 3150 521 εἰμὶ
3178 450 3311 519 ἐγὼ,
3338 452 3431 504 καὶ
3468 451 3502 518 ἠ
3542 457 3708 520 παιδία

500 550 879 606 conturbatum
902 561 979 606 est
1013 552 1158 605 intra
1181 565 1281 605 me.
1318 549 1471 605 Sicut
1497 549 1688 603 umbra
1709 566 1827 603 cum
1852 548 2082 603 declinat

2199 568 2305 619 μου
2361 548 2706 619 τετάρακται
2733 549 2905 613 ἐντός
2923 564 3063 616 ⁶ιιου.
3109 545 3263 600 Ὠσεὶ
3295 546 3434 599 σκιὰ
3465 546 3529 599 ἐν
3557 547 3621 614 τῷ
3639 552 3709 604 ἐκ-

502 641 714 696 ablatus
743 659 883 707 sum,
906 658 1157 697 excussus
1178 660 1296 697 sum
1328 643 1464 697 sicut
1495 642 1734 697 locustae.
1761 640 1944 696 Genua
1971 658 2086 696 mea

503 735 779 805 infirmata
818 745 941 790 sunt
974 754 1005 789 a
1020 736 1250 805 jejunio,
1298 748 1346 792 et
1383 753 1510 791 caro
1546 753 1664 790 mea
1696 737 1979 790 immutata
2009 745 2087 790 est

505 837 715 895 propter
756 826 951 883 oleum.
993 827 1129 883 Cum
1180 829 1250 883 de
1279 829 1586 883 animarum
1634 838 1741 882 tam
1788 828 2087 898 proditoris

504 933 666 987 quam
717 919 1102 975 insidiatorum
1138 921 1402 991 pernicie,
1448 936 1660 977 necnon
1692 921 1758 975 de
1795 922 1965 975 totius
1991 918 2088 973 Ju-

503 1008 674 1063 daicaz
715 1011 893 1081 gentis
936 1010 1315 1081 repudiatione
1360 1011 1653 1066 admodum
1691 1013 1959 1067 sollicitus
1992 1013 2084 1081 sit,

503 1109 692 1171 utpote
737 1100 1023 1156 hominum
1071 1118 1292 1167 amans;
1336 1119 1395 1159 se
1436 1120 1626 1159 eorum
1671 1120 1838 1160 causa
1876 1105 2086 1160 turbari

503 1191 832 1261 profitetur:
881 1209 1053 1264 quare
1098 1195 1194 1262 ait,
1246 1194 1315 1248 Et
1362 1212 1456 1249 cor
1495 1213 1666 1250 meum
1713 1197 2089 1251 conturbatum

501 1294 579 1339 est
611 1287 754 1340 intra
784 1303 884 1342 me.

572 1463 741 1522 Vens.
767 1465 962 1522 25-29.
995 1466 1063 1521 Et
1098 1484 1190 1538 ego
1215 1469 1391 1537 factus
1418 1486 1537 1524 sum
1568 1469 1914 1540 opprobrium
1940 1470 2048 1525 illis
2068 1485 2090 1524 :

505 1556 748 1611 uiderunt
790 1576 891 1622 me,
939 1570 987 1615 et
1034 1572 1304 1615 moverunt
1350 1563 1527 1632 capita
1566 1580 1685 1618 sua.
1735 1563 1942 1633 Adjuva
1980 1580 2085 1627 me,

505 1650 731 1705 Domine
760 1651 901 1707 Deus
934 1671 1099 1719 meus,
1128 1664 1177 1711 et
1207 1656 1413 1710 salvum
1441 1674 1521 1711 me
1542 1656 1627 1725 fac
1656 1655 1944 1710 secundum
1987 1657 2089 1709 mi-

503 1744 851 1799 sericordiam
879 1756 1048 1803 tuam.
1087 1748 1155 1802 Et
1187 1751 1357 1803 sciant
1383 1750 1507 1820 quia
1534 1766 1721 1803 manus
1753 1760 1845 1803 tua
1885 1749 2016 1815 hate,
2040 1759 2089 1803 et

2192 648 2392 703 κλῖναι
2442 644 2636 713 αὐτὴν
2680 641 3122 710 ἀντανῃρέθην,
3185 639 3559 709 ἐξετινάχθην
3603 644 3708 698 ὡσεὶ

2192 740 2450 809 ἀκρίδες.
2486 737 2563 792 Τὰ
2591 734 2813 808 γόνατά
2824 754 2943 803 μου
2959 733 3311 801 ἠσθένησαν
3324 733 3439 788 ἀπὸ
3458 735 3709 802 νηστείας,

2193 834 2291 888 καὶ
2325 834 2364 902 ἡ
2403 832 2559 901 σάρξ
2600 848 2719 901 μου
2752 828 3051 897 ἠλλοιώθη
3099 826 3173 881 δι’
3205 828 3428 882 ἔλαιον.
3462 828 3713 897 Φροντίζων

2194 921 2322 991 περὶ
2382 921 2483 990 τῆς
2537 918 2809 981 ἀπωλείας
2855 918 2963 971 τῶν
3022 917 3209 987 ψυχῶν
3253 917 3452 971 αὐτῶν.
3497 916 3635 969 αὑτοῦ
3669 935 3713 970 τε

2194 1013 2402 1066 ἐκείνου
2434 1011 2529 1065 τοῦ
2567 1010 2825 1082 προδότου
2867 1010 2962 1064 καὶ
2995 1010 3105 1062 τῶν
3151 1009 3247 1080 τὴν
3295 1010 3569 1079 ἐπιϐουλὴν
3602 1012 3714 1081 αὐτῷ

2196 1102 2734 1174 συνεσκευασμένων,
2759 1101 2885 1173 περί
2907 1119 2964 1154 τε
2986 1101 3085 1171 τῆς
3105 1100 3375 1169 ἀποϐολῆς
3407 1101 3493 1153 καὶ
3513 1102 3716 1154 ἀποπτῶ-

2195 1214 2333 1259 σεως
2364 1196 2459 1249 τοῦ
2497 1196 2698 1259 παντὸς
2743 1192 3032 1248 Ἰουδαῖκοῦ
3063 1192 3267 1257 ἔθνους,
3306 1195 3635 1265 ταράττεσθαι
3659 1195 3717 1261 ὡς

2195 1289 2575 1361 φιλάνθρωπος
2601 1289 2739 1358 ὑπὲρ
2772 1287 2954 1340 αὐτῶν
2997 1288 3263 1357 ὁμολογεῖ·
3299 1288 3390 1339 Διὸ
3419 1304 3556 1357 φησν
3582 1291 3665 1342 Καὶ
3689 1290 3716 1359 ἠ

2196 1382 2407 1451 καρδία
2431 1400 2548 1451 μου
2576 1380 2924 1449 τετάρακται
2946 1381 3117 1445 ἐντός
3130 1400 3271 1450 μου.

2267 1472 2438 1541 Κάγὼ
2464 1471 2758 1542 ἐγενήθην
2782 1471 3013 1537 ὄνειδος
3036 1470 3261 1537 αὐτοῖς·
3286 1471 3617 1540 εἷδοσὰνμε,
3646 1473 3718 1528 καί

2196 1564 2546 1619 ἐσάλευσαν
2582 1562 2852 1632 κεφαλὰς
2885 1560 3102 1615 αὐτῶν.
3139 1562 3458 1630 Βοήθησόν
3495 1580 3603 1631 μοι,
3637 1566 3721 1618 Κύ-

2188 1677 2283 1727 ριε
2312 1659 2503 1724 ὀΘεός
2530 1675 2669 1727 μου,
2702 1657 2797 1711 καὶ
2818 1654 3028 1709 σῶσόν
3050 1655 3298 1725 μεκατὰ
3331 1655 3397 1708 τὸ
3430 1656 3584 1721 ἔλεός
3618 1673 3721 1711 σου.

2197 1751 2309 1806 Καὶ
2331 1748 2673 1820 γνώτωσαν,
2706 1748 2795 1803 ὅτι
2823 1749 2861 1817 ἠ
2892 1748 3019 1818 χείρ
3047 1763 3163 1802 σου
3189 1748 3367 1815 αὕτη,
3394 1748 3485 1801 καί
3516 1748 3607 1812 σὺ,
3634 1749 3719 1802 Klio

504 1845 588 1899 tu,
623 1834 864 1901 Domine,
896 1836 1067 1906 fecisti
1093 1855 1232 1891 eam.
1260 1838 1317 1892 ln
1348 1839 1753 1893 resurrectione
1782 1852 1811 1890 a
1836 1836 2089 1901 mortuis,

2199 1861 2301 1911 ριε,
2341 1843 2634 1909 ἐποίησας
2655 1841 2868 1910 αὐτήν.
2918 1842 3006 1894 Ἐν
3044 1844 3109 1913 τῇ
3153 1841 3217 1893 ὲκ
3243 1841 3453 1911 νεκρῶν
3487 1841 3721 1895 ἀναστάσει

505 1940 706 1982 manus
739 1926 857 1993 Dei,
886 1928 940 1983 id
970 1936 1056 1983 est
1109 1929 1454 2001 unigenitum
1490 1930 1609 1999 ejus
1645 1928 1903 1993 Verbum,
1934 1928 2093 1982 inno-

505 2018 633 2087 tuit,
675 2028 730 2074 et
770 2020 817 2075 is
861 2020 955 2090 qui
1008 2020 1278 2078 hactenus
1328 2022 1582 2093 plurimis
1625 2022 1883 2085 latuerat,
1926 2036 2094 2090 appa-

508 2111 651 2177 ruit;
694 2112 916 2182 quando
946 2128 1141 2184 nempe
1178 2115 1294 2184 ipse
1332 2114 1522 2170 volens
1551 2114 1811 2168 sustinuit
1855 2130 2089 2179 crucem,

504 2204 817 2272 confusione
850 2217 1150 2277 contempta
1188 2210 1257 2272 9°,
1290 2215 1455 2278 atque
1503 2206 1643 2262 idem
1686 2222 1887 2277 corpus
1930 2222 2089 2261 suum

506 2298 821 2364 suscitavit,
851 2314 976 2354 cum
1006 2300 1079 2355 sit
1111 2300 1336 2355 dextera
1378 2308 1432 2355 et
1461 2301 1638 2355 virtus
1668 2299 1871 2355 Patris.
1907 2298 2094 2355 Sciant

504 2389 695 2459 igitur,
728 2392 824 2454 ait,
861 2394 985 2461 quia
1031 2408 1221 2445 manus
1264 2400 1353 2444 tun
1398 2391 1531 2453 Itwc,
1570 2408 1735 2461 quam
1779 2393 2093 2461 opprobriis

504 2488 562 2536 et
582 2482 869 2537 cachinnis
905 2484 1223 2547 traducunt,
1253 2493 1301 2536 et
1329 2493 1405 2550 tu,
1450 2483 1692 2547 Domine,
1725 2484 1900 2551 fecisti
1934 2498 2092 2537 eam:

502 2571 654 2642 quod
702 2572 800 2626 tibi
846 2574 1113 2643 placuerit
1147 2581 1208 2627 ut
1253 2588 1320 2627 ea
1350 2588 1552 2643 corpus
1583 2583 1909 2629 assumeret.
1952 2573 2089 2627 Nam

507 2678 707 2718 manus
750 2663 845 2719 Dei
880 2672 965 2720 est
1006 2665 1127 2735 ejus
1172 2666 1350 2721 virtus
1388 2665 1635 2721 omnium
1665 2664 1934 2729 cﬂ‘ectrix,
1970 2680 2092 2735 quae

507 2770 619 2809 non
648 2755 755 2810 alia
787 2764 871 2811 est
916 2771 948 2810 a
997 2755 1089 2812 Dei
1142 2755 1345 2822 Verbo,
1380 2774 1478 2829 per
1521 2757 1669 2829 quod
1714 2762 1899 2812 omnia
1944 2756 2091 2812 facta

506 2855 659 2903 sunt.
695 2846 1018 2904 Maledicent
1057 2850 1161 2915 illi,
1191 2860 1241 2905 et
1269 2860 1321 2905 tu
1350 2850 1643 2906 benedices.
1673 2852 1779 2918 Qui
1810 2852 2093 2921 insurgunt

502 2941 563 2996 in
592 2957 677 2997 me
720 2942 1117 3013 confundantur
1143 2962 1162 2999 :
1208 2962 1385 3001 servus
1428 2957 1603 3000 autem
1644 2955 1765 2999 tuus
1799 2944 2090 3000 lwtabitur.

506 3032 593 3087 Ad
642 3035 787 3090 hanc
817 3053 992 3107 usque
1039 3037 1184 3093 diem
1237 3047 1593 3109 perseverant
1623 3036 1799 3093 Judaei
1835 3034 2093 3093 Servato-

508 3140 624 3181 rem
662 3126 999 3197 blasphemis
1028 3129 1193 3185 dictis
1222 3130 1520 3200 impetere:
1553 3137 1607 3183 at
1634 3130 1744 3185 illis
1773 3129 2093 3199 blasphema

2196 1937 2411 2007 γνωστὴ
2434 1936 2654 2005 γέγονεν
2675 1937 2707 2005 ἡ
2731 1936 2855 2005 χεὶρ
2880 1934 2972 1987 τοῦ
3006 1934 3162 1998 Θεοῦ,
3194 1933 3473 1987 τουτέστιν
3500 1937 3524 1987 ὁ
3546 1952 3721 2005 μονογε-

2195 2028 2289 2100 νὴς
2321 2028 2486 2082 αὑτοῦ
2510 2028 2704 2096 Λόγος,
2736 2028 2828 2081 καὶ
2852 2029 2880 2080 ὁ
2908 2026 3046 2089 τέως
3074 2027 3199 2090 τοὺς
3225 2026 3455 2089 πολλοὺς
3482 2027 3721 2090 λανθάνων,

2194 2120 2537 2192 ἐφανερώθη,
2577 2121 2653 2183 ὡς
2681 2120 2841 2183 αὐτὸς
2872 2118 3013 2173 ἑκὼν
3046 2118 3331 2188 ὑπέμεινε
3369 2121 3628 2188 σταιιίιὸν,
3659 2124 3720 2173 al-

2195 2213 2432 2281 σχύνης
2476 2209 2958 2281 καταφρονήσας,
3006 2211 3099 2263 καὶ
3127 2211 3288 2274 αὐτὸς
3320 2211 3383 2264 τὸ
3433 2211 3604 2263 ἑαυτοῦ
3633 2212 3720 2263 ἀνέ-

2197 2323 2361 2377 στησε
2421 2304 2601 2376 σῶμα,
2644 2302 2810 2368 δεξιὰ,
2842 2303 2935 2356 καὶ
2987 2303 3219 2373 δύναμις
3270 2302 3349 2356 ὢν
3405 2303 3495 2356 τοῦ
3540 2304 3718 2377 Πατρός.

2195 2398 2535 2452 Γνώτωσαν
2569 2397 2768 2460 τοίνυν,
2801 2396 2985 2466 φησὶν,
3022 2396 3109 2449 ὅτι
3134 2398 3171 2463 ἡ
3203 2397 3335 2465 χείρ
3366 2413 3478 2451 σου
3502 2397 3647 2462 αὕτη,
3676 2398 3720 2465 ἦν

2194 2489 2512 2553 ὀνειδίζουσι
2540 2490 2631 2541 καὶ
2660 2488 2997 2559 χλευάζουσι,
3022 2488 3117 2541 καὶ
3147 2488 3249 2552 σὺ,
3278 2491 3475 2556 Κύριε,
3491 2490 3721 2554 ἐποίησας

2197 2579 2407 2647 αὐτὴν,
2448 2579 2525 2649 τῷ
2566 2579 2852 2649 εὐδοκῆσαι
2888 2580 3049 2649 σῶμα
3083 2581 3253 2652 αὐτὴν
3292 2580 3585 2633 ἀναλαϐεῖν.
3624 2580 3721 2651 Χεὶρ

2196 2670 2305 2742 γὰρ
2333 2670 2429 2723 τοῦ
2454 2669 2638 2741 Θεοῦὴ
2675 2670 2932 2741 ποιητικὴ
2967 2671 3220 2726 ἁπάντων
3240 2672 3470 2742 δύναμις
3489 2671 3722 2740 αὐτοῦ,οὖχ

2197 2762 2357 2832 ἑτέρα
2380 2756 2514 2815 οὖσα
2525 2760 2618 2813 τοῦ
2644 2761 2711 2813 δι’
2740 2754 2800 2814 οὗ
2822 2759 3011 2829 γέγονε
3039 2762 3107 2814 τὰ
3126 2763 3306 2815 πάντα
3321 2762 3413 2815 τοῦ
3432 2762 3553 2815 Θεοῦ
3572 2762 3717 2828 Λόγου.

2196 2854 2648 2923 Καταράσονται
2672 2854 2863 2920 αὐτοὶ,
2899 2854 2995 2907 καὶ
3027 2855 3108 2908 σὺ
3147 2854 3521 2925 εὐλογηὶσεις.
3557 2858 3609 2907 Οἱ
3644 2855 3721 2905 ἑπ-

2196 2944 2584 3015 ανιστάμενοί
2600 2963 2700 3014 μοι
2718 2945 3241 3015 αίσχυνθήτωσαν’
3271 2951 3306 2999 ό
3332 2947 3400 3000 δὲ
3421 2946 3616 3011 δοῦλός
3638 2962 3722 2997 σου

2196 3039 2692 3108 εὐφρανθήσεται.
2752 3039 2930 3112 Μέχρι
2962 3040 3055 3094 καὶ
3116 3043 3359 3113 σήμερον
3411 3041 3652 3111 διέμειναν
3685 3039 3719 3088 οἱ

2214 3131 2452 3185 Ἰουδαῖοι
2497 3135 2617 3195 ταῖς
2656 3132 2799 3186 κατὰ
2830 3131 2926 3185 τοῦ
2955 3133 3206 3203 Σωτῆρος
3242 3131 3511 3206 χρώμενοι
3538 3132 3722 3201 βλασφη-

509 3217 939 3290 proferentibus,
977 3222 1317 3291 splendidior
1350 3221 1595 3292 quotidie
1624 3221 1945 3294 praedicatio
1968 3236 2095 3276 eva-

2204 3223 2374 3295 μίαιςο
2409 3224 2523 3278 ἁλλ’
2550 3224 2774 3278 ἐκείνων
2801 3225 3284 3297 βλασφημούντων,
3328 3224 3721 3296 περιφανέστερον

508 3311 610 3367 dit.
659 3310 965 3366 Induantur
996 3315 1088 3384 qui
1133 3313 1418 3368 detrahunt
1454 3315 1582 3368 mihi
1619 3315 1839 3385 pudore,
1886 3328 1937 3375 et
1979 3335 2099 3389 ope-

510 3403 725 3457 riantur
746 3404 882 3456 sicut
912 3404 1147 3474 diploide
1171 3406 1481 3476 confusione
1511 3424 1630 3462 sua.
1662 3406 1834 3464 Judaei
1862 3427 2102 3481 namque

510 3502 636 3565 post
677 3495 908 3551 insidias
954 3497 1219 3554 adversus
1260 3498 1566 3565 Christum,
1619 3500 1714 3556 Dei
1762 3502 2100 3571 providentia

510 3586 783 3652 destituti,
819 3588 1029 3659 pudore
1058 3590 1385 3647 circumfusi
1416 3601 1543 3647 sunt
1574 3608 1587 3645 :
1633 3593 1885 3649 Salvator
1916 3603 2097 3650 autem

510 3687 567 3734 et
599 3678 861 3735 Dominus
889 3691 1077 3737 noster
1106 3683 1296 3737 laetitia
1327 3683 1395 3739 ad
1428 3685 1532 3739 hoc
1563 3701 1739 3756 usque
1760 3694 1975 3757 tempus
2007 3689 2103 3741 im-

515 3772 719 3843 pletur,
765 3772 1010 3829 Ecclesia
1050 3790 1146 3845 per
1176 3783 1351 3830 totum
1399 3777 1591 3832 orbem
1625 3778 1679 3831 in
1718 3778 1940 3833 nomine
1979 3779 2100 3848 ejus

511 3865 834 3920 constituta.
862 3866 1054 3922 Servus
1085 3880 1263 3923 autem
1290 3880 1410 3925 tuus
1446 3871 1738 3926 lwtabitur.
1774 3870 1963 3942 Neque
1993 3873 2101 3928 alio

513 3957 679 4012 modo
717 3965 773 4014 et
812 3960 1085 4015 sententia
1124 3961 1269 4017 servi
1319 3978 1521 4019 nomen
1567 3963 1656 4017 hic
1706 3963 1961 4034 accipere
2006 3981 2103 4020 ne-

510 4064 668 4106 cesse
689 4057 808 4106 est:
835 4052 1080 4106 divinum
1108 4056 1309 4124 quippe
1329 4054 1560 4109 Paulum
1586 4056 1841 4110 audimus
1871 4055 1987 4109 hmo
2020 4055 2103 4110 di-

509 4152 724 4199 centem
758 4142 1145 4214 :Semetipsum
1180 4148 1468 4202 exin'anivit
1503 4148 1734 4217 formam
1782 4149 1917 4202 servi
1962 4150 2102 4202 acci-

511 4238 659 4302 piens
689 4238 773 4303 ⁹¹;
827 4240 1052 4310 ipseque
1080 4256 1175 4309 per
1206 4241 1401 4295 Isaiam
1434 4242 1672 4296 clamat:
1705 4242 1795 4297 Sic
1829 4242 1956 4295 dicit
1992 4241 2103 4296 Do-

513 4327 690 4382 minus
726 4325 968 4395 formans
998 4346 1079 4383 me
1107 4346 1172 4383 ex
1201 4339 1349 4383 utero
1381 4347 1586 4384 servum
1621 4330 1723 4385 sibi
1756 4332 1823 4385 ’⁸.
1863 4330 2102 4395 Induan-

514 4427 606 4472 tur
639 4422 729 4491 qui
763 4420 1046 4476 detrahunt
1080 4422 1207 4476 mihi
1253 4423 1472 4492 pudore,
1521 4433 1571 4479 et
1619 4425 1927 4493 aperiantur
1964 4425 2101 4479 sicut

510 4511 747 4582 diploide
775 4514 1084 4584 confusione
1104 4532 1222 4570 sua.
1254 4514 1368 4570 Hoc
1403 4524 1586 4573 autem
1617 4517 1853 4583 ediscas,
1884 4517 1931 4573 si
1962 4532 2098 4571 con-

2201 3316 2472 3387 ὁσημέραι
2532 3318 2595 3369 τὸ
2662 3319 2925 3389 κήρυγμα
2982 3318 3211 3387 γίνεται.
3274 3316 3719 3372 Ἐνδυσάσθωσον

2202 3409 2256 3459 oi
2279 3405 2778 3471 ἑνδιαϐάλλοντές
2800 3425 2878 3476 με
2892 3406 3213 3475 ἐντροπὴν,
3236 3408 3338 3460 καὶ
3361 3402 3723 3473 περιϐαλέσθαι-

2202 3516 2325 3554 σαν
2344 3499 2489 3553 ὡσεὶ
2522 3498 2801 3553 διπλοΐδα
2840 3498 2953 3566 τὴν
2991 3501 3298 3567 αίσχύνην
3338 3496 3545 3553 αὐτῶν.
3572 3491 3718 3563 Οίτὰρ

2216 3592 2459 3645 Ἰουδαῖοι
2496 3591 2635 3662 μετὰ
2666 3591 2768 3661 τὴν
2806 3591 2946 3645 κατὰ
2980 3590 3216 3663 Χριστοῦ
3250 3590 3553 3660 ἐπιῦουλὴν,
3574 3588 3717 3657 ἔρημοι

2202 3685 2303 3755 τῆς
2320 3684 2416 3739 τοῦ
2451 3684 2585 3738 Θεοῦ
2624 3685 2932 3752 ἐπισκοπῆς
2987 3686 3287 3754 γενόμενοι,
3335 3684 3577 3753 αἰσχύνην
3610 3695 3719 3747 περι-

2204 3777 2476 3832 εϐάλοντο·
2525 3780 2554 3832 ὁ
2598 3777 2655 3830 δὲ
2688 3778 2879 3849 Σωτὴρ
2909 3778 3001 3831 καὶ
3035 3778 3238 3848 Κύριος
3268 3777 3426 3847 ἡμῶν
3451 3772 3719 3844 εὐφροσύνης

2202 3871 2369 3923 εἰσέτι
2403 3872 2498 3924 καὶ
2527 3870 2620 3924 νῦν
2669 3870 2992 3942 πληροῦται,
3044 3870 3131 3924 διὰ
3181 3870 3275 3923 τοῦ
3313 3870 3560 3941 ὀνόματος
3600 3862 3719 3918 αὐτοῦ

2203 3964 2323 4017 καθ’
2354 3964 2481 4035 ὅλης
2528 3964 2627 4034 τῆς
2683 3965 3007 4036 οἰκουμένης
3039 3964 3393 4038 καθεστώσης
3442 3960 3716 4030 “Euxinum.

2216 4058 2279 4111 '0
2294 4058 2362 4111 δὲ
2392 4056 2613 4123 δοῦλός
2629 4072 2745 4111 σου
2768 4056 3263 4126 εὐφρανθήσεται.
3290 4059 3426 4111 Οὐδὲ
3455 4054 3592 4109 τοῦτο
3613 4052 3716 4122 ἡμᾶς

2203 4148 2265 4201 τὸ
2318 4148 2468 4220 ῥῆμα
2527 4148 2710 4201 λαϐεῖν
2771 4150 2852 4211 είς
2914 4150 3106 4220 ἑτέραν
3158 4150 3416 4202 ὑπόθεσιν
3465 4147 3713 4215 ἁναγχάσεν

2206 4238 2475 4309 ἀκούομεν
2524 4238 2631 4311 γὰρ
2663 4239 2756 4292 καὶ
2802 4239 2895 4292 τοῦ
2926 4240 3210 4293 Θεσπεσίου
3254 4240 3464 4294 Παύλου
3508 4240 3712 4305 λέγοντα.

2202 4335 2284 4387 ὅτι
2324 4332 2575 4387 Ἑαυτὸν
2596 4332 2876 4397 ἐκένωσε,
2912 4332 3155 4403 μορφὴν
3194 4333 3421 4387 δούλου
3444 4328 3629 4386 λαϐών-⁸
3652 4326 3715 4378 καὶ

2204 4425 2364 4488 αὐτὸς
2419 4425 2475 4478 δὲ
2520 4424 2611 4478 διὰ
2666 4426 2888 4479 Ἡσαΐου
2951 4425 3068 4497 βοᾷ·
3137 4425 3299 4479 Οὕτω
3362 4424 3515 4494 λέγει
3557 4423 3715 4487 Κύριε(

2206 4521 2238 4572 d
2270 4517 2513 4583 πλάσας
2534 4535 2610 4587 με
2641 4519 2709 4571 ἐκ
2736 4518 2970 4585 κοιλίας
2998 4517 3221 4571 δοῦλον
3247 4516 3455 4582 ἐαυτῷ.
3499 4509 3715 4567 Ἐνδυσάο

426 4684 443 4693 ἦ
514 4604 725 4661 sideres
747 4622 853 4676 qua
880 4617 1061 4664 mente
1096 4609 1207 4663 sint
1235 4608 1429 4675 Judaei,
1475 4612 1726 4668 videntes
1755 4612 1974 4682 quidem
2005 4628 2095 4665 ve-

2208 4614 2455 4665 σθωσαν
2486 4614 2538 4663 οἱ
2571 4609 3072 4676 ἐνδιαϐάλλοντές
3102 4627 3179 4679 με
3207 4609 3517 4678 ἐντροπὴν,
3541 4607 3619 4660 καί
3644 4618 3714 4656 ειε-

514 4698 760 4753 neranda
794 4709 848 4755 et
878 4711 1068 4757 sancta
1100 4718 1198 4758 sua
1231 4704 1479 4761 funditus
1509 4705 1719 4773 deleta;
1767 4706 1917 4761 illius
1947 4720 2097 4767 vero,

514 4793 607 4861 qui
638 4793 708 4848 ab
747 4794 883 4864 ipsis
927 4796 1231 4866 ignominia
1281 4798 1533 4867 ati‘ectus,
1569 4815 1635 4854 ac
1678 4800 1736 4853 in
1779 4814 2001 4855 crucem
2048 4807 2103 4854 et

515 4893 748 4941 mortem
794 4888 1029 4944 traditus
1061 4898 1168 4958 est,
1205 4894 1517 4962 sepulcrum
1548 4894 1737 4947 studio
1775 4901 1831 4949 et
1870 4892 2101 4947 honori»

513 4978 621 5035 bus
653 4979 950 5047 celebrari;
985 4981 1261 5041 Ecclesias
1296 5002 1428 5041 vero
1458 5002 1579 5056 qua:
1616 4986 1737 5057 ejus
1761 4988 1964 5047 virtute
2001 5004 2101 5059 per

516 5075 690 5122 totum
739 5069 926 5123 orbem
956 5070 1198 5131 fundata:
1242 5084 1373 5130 sunt
1412 5077 1467 5131 in
1516 5078 1634 5133 dies
1675 5094 1992 5135 accrescere
2034 5095 2099 5135 ac

517 5158 895 5228 multiplicari,
932 5176 996 5217 ac
1027 5177 1153 5217 cum
1181 5165 1355 5235 gloria
1387 5168 1717 5237 promoveri.
1746 5167 1872 5223 Hmc
1899 5170 2101 5241 quippe

514 5250 651 5319 ipsis
678 5253 856 5308 oculis
880 5264 1170 5312 cernentes
1196 5256 1394 5325 Judaei,
1419 5262 1510 5331 qui
1550 5275 1661 5315 non
1691 5261 2019 5317 confusione
2045 5270 2100 5318 et

518 5340 725 5413 pudore
754 5344 951 5399 merito
985 5344 1320 5403 induantur?

2198 4702 2661 4771 ριϐαλέσθωσαν
2684 4704 2765 4768 ὡς
2788 4702 3068 4757 διπλοΐδα
3100 4702 3213 4771 τὴν
3243 4705 3533 4773 αἰσχύνην
3550 4695 3711 4752 αὐτῶν.

2206 4797 2318 4849 Καὶ
2345 4794 2503 4849 τοῦτο
2534 4795 2728 4866 μάθοις
2758 4794 2825 4850 ἂν
2854 4797 3152 4867 ἐπιστήσας
3187 4796 3343 4859 ποίας
3378 4796 3478 4867 ἄρα
3509 4790 3713 4845 Ἰουδαίων

2207 4888 2396 4952 παῖδες
2439 4890 2733 4959 κέκτηνται
2770 4889 3006 4952 διανοίας
3051 4888 3287 4961 ὁρῶντες
3334 4888 3402 4942 τὰ
3449 4888 3535 4959 μὲν
3560 4879 3711 4937 ἑαυτῶν

2207 4981 2383 5052 σεμνὰ
2412 4982 2504 5034 καὶ
2531 4981 2664 5051 am
2696 4984 2761 5035 ἐκ
2791 4981 3007 5053 βάθρων
3030 4982 3396 5053 ὴφανισμένα,
3427 4979 3511 5034 τοῦ
3539 4978 3585 5030 δὲ
3615 4973 3711 5044 πρὸς

2207 5076 2387 5129 αὐτῶν
2416 5076 2610 5148 ἀτιμία
2640 5076 3079 5148 περιϐληθέντος,
3115 5078 3331 5149 σταυρῷ
3364 5095 3419 5131 τε
3448 5077 3529 5129 καὶ
3550 5071 3709 5135 θανάτῳ

2208 5167 2627 5239 παραδοθέντος,
2683 5169 2744 5221 τὸ
2798 5171 2895 5240 μὲν
2921 5168 3016 5221 τοῦ
3046 5168 3275 5221 θανάτου
3308 5169 3486 5239 μνῆμα
3515 5159 3709 5217 σπουδαῖς

2204 5277 2266 5313 τε
2299 5260 2395 5313 καὶ
2436 5260 2770 5331 φιλοτιμίαις
2798 5260 3182 5333 τετιμημένον,
3215 5260 3313 5324 τὰς
3351 5259 3406 5312 δὲ
3442 5256 3520 5310 διὰ
3542 5257 3619 5324 τῆς
3642 5249 3707 5301 αύ-

2202 5352 2298 5406 τοῦ
2329 5353 2611 5423 δυνάμεως
2658 5352 2777 5406 καθ’
2812 5353 2941 5425 ὅλης
2968 5353 3067 5423 τῆς
3107 5354 3427 5425 οἰκουμένης
3470 5346 3706 5421 ἱδρυθείσαξ

528 5433 853 5505 Ἐκκλησίας
880 5439 1147 5505 αύξούσας
1168 5443 1461 5515 ὁσημέραι,
1494 5445 1590 5499 καὶ
1623 5444 2020 5515 πληθυνούσας,
2049 5447 2143 5499 καὶ
2167 5446 2246 5499 ἔτι
2278 5445 2417 5517 μετά
2460 5446 2617 5517 δόξης
2645 5444 2962 5518 προῖούσας.
3014 5445 3200 5499 Ταῦτα
3236 5446 3345 5517 γὰρ
3387 5444 3588 5515 ὁρῶντες
3634 5435 3704 5502 ἀφ’

520 5523 742 5598 Μλμοῖς
782 5530 1050 5587 Ἰουδαίων
1079 5536 1287 5603 παῖδες,
1318 5536 1437 5600 πῶς
1468 5536 1569 5590 οὐκ
1604 5538 1872 5609 ἐντροπὴν
1895 5540 1987 5592 καὶ
2013 5539 2276 5613 αἰσχύνην
2309 5540 2534 5603 εἰκότως
2564 5539 3011 5613 περιϐάλλονταις

593 5618 760 5677 Vens.
794 5622 984 5680 30-31.
1017 5625 1319 5697 Conﬁtcbor
1336 5629 1561 5685 Domino
1583 5631 1741 5684 nimis
1767 5632 1822 5684 in
1838 5648 1927 5686 ore
1954 5650 2089 5697 meo,

518 5719 567 5764 et
614 5711 667 5764 in
714 5713 886 5768 medio
915 5717 1205 5772 multorum
1251 5719 1483 5774 laudabo
1520 5736 1660 5783 eum,
1690 5722 1811 5791 quia
1861 5724 2031 5777 astitit
2063 5742 2094 5777 a

588 5828 635 5863 "
678 5826 844 5887 Hebr.
881 5847 988 5895 xu,
1022 5833 1077 5887 ‘2.
1154 5834 1200 5868 ’ί
1247 5832 1477 5901 Philipp.
1515 5852 1589 5900 ιι.
1628 5838 1680 5895 7.
1759 5841 1803 5872 ⁹²
1847 5838 1927 5897 lsa
1988 5858 2106 5901 χιιι
2135 5882 2149 5908 ,

2288 5633 2840 5705 Ἐεομολοτήσομαι
2863 5631 2943 5698 τῷ
2964 5632 3159 5699 Κυρίῳ
3187 5631 3415 5702 σφόδρα
3441 5630 3503 5684 ἐν
3528 5616 3593 5692 τῷ
3603 5620 3685 5677 ard

2198 5728 2341 5795 ματί
2360 5745 2499 5797 μου,
2527 5725 2622 5781 καὶ
2650 5727 2719 5782 ἐν
2743 5725 2912 5801 μέσῳ
2935 5724 3180 5783 πολλῶν
3210 5724 3421 5781 αἰνέσω
3447 5720 3614 5777 αὐτόν·
3637 5712 3698 5771 ὅτι

2188 5843 2239 5900 5.
