3964 6514
511 358 643 413 1543

1211 350 1479 409 EUSEB"
1510 350 1987 408 CAESARIENSIS
2023 352 2173 409 OPP.
2208 352 2386 406 PARS
2426 350 2511 405 Ill.
2551 382 2619 391 --
2659 348 3066 404 EXEGETICA.

3602 352 3704 406 13H

509 494 568 534 ex
605 476 812 548 Spiritu
859 482 1072 540 sancto,
1125 476 1407 530 carnalem
1444 476 1851 547 generationem
1875 476 2081 531 consti-

2189 473 2401 545 νήσεταί
2437 490 2517 525 σοι
2550 472 2738 543 δρόσος
2756 489 2847 524 σου
2873 471 3068 542 ὄρθρου
3099 471 3155 525 έν
3263 469 3475 541 νεότητί
3503 487 3605 524 σου.
3631 474 3709 543 Στι-

507 571 602 624 tui.
636 569 771 623 Nam
810 568 1268 639 quemadmodum
1310 584 1403 623 ros
1447 583 1683 635 superne
1714 568 1781 622 de
1811 570 1950 625 coelo
1987 568 2081 623 de-

506 661 695 724 ﬂuens,
730 660 810 715 sic
848 660 902 713 in
948 667 1105 715 utero
1128 660 1462 730 prtegnantis
1498 660 1687 715 matris
1720 659 1862 730 ejus,
1896 660 2082 715 carnis

506 752 821 807 constitutio
838 752 979 806 facta
996 760 1081 807 est
1096 752 1151 805 in
1167 751 1396 807 infantia
1416 753 1609 823 ipsius.
1630 752 1736 807 Pro
1757 754 1848 806 illo
1876 760 2080 819 autem,

504 858 564 897 ex
596 852 788 907 ventre,
822 842 943 899 sive
969 859 1033 898 ea:
1063 853 1232 907 utero,
1263 842 1588 898 Hebraicum
1618 844 1782 898 habet
1824 842 2080 897 Mariam.

504 932 697 1001 Aliquo
737 940 919 986 autem
953 941 1210 987 narrante
1230 933 1377 994 novi,
1411 932 1735 987 llebraicam
1765 948 1951 987 vocem
1992 932 2081 985 hic

504 1022 725 1076 Mariam
760 1023 1076 1079 meminisse
1106 1042 1119 1078 :
1150 1039 1277 1078 nam
1313 1025 1467 1087 illud,
1491 1022 1748 1087 Mariam,
1782 1022 1962 1077 Mariae
1978 1039 2074 1077 no-

503 1131 625 1171 men
661 1116 968 1187 signilicat;
991 1117 1065 1171 ita
1089 1124 1149 1172 ut
1177 1117 1265 1172 his
1296 1118 1617 1173 nominatim
1663 1116 1895 1188 Deipara
1928 1132 2079 1172 com-

504 1213 855 1261 memorelur.

2186 563 2469 636 μαίνεσθαι
2500 564 2555 617 δὲ
2576 563 2664 616 διὰ
2686 562 2887 616 τούτων
2912 562 3042 633 ἡγοῦ
3053 580 3148 631 μαι
3167 562 3225 614 τὸ
3257 562 3333 632 μὴ
3364 564 3427 614 ὲκ
3448 562 3709 631 σπέρματος

2183 656 2393 727 ἀνδρὸς,
2422 655 2532 709 ἀλλ’
2566 654 2625 721 ἐξ
2653 654 2807 723 ἁγίου
2832 654 3146 723 Πνεύματος
3166 654 3425 723 συστῆναι
3440 652 3529 723 τὴν
3560 654 3715 724 ἐνεαρ-

2184 766 2276 801 κον
2304 747 2574 818 γέννησιν.
2627 742 2728 801 Οἷα
2777 746 2885 819 γὰρ
2917 745 3104 817 δρόσος
3148 744 3353 799 ἄνωθεν
3413 745 3471 809 ἐξ
3525 744 3715 816 οὐρανοῦ

2185 840 2483 910 φερομένη,
2509 838 2649 891 οὕτω
2681 856 2797 902 πως
2844 841 2901 892 ἐν
2938 840 3006 909 τῇ
3040 838 3223 909 μήτρᾳ
3252 837 3353 907 τῆς
3392 840 3718 907 κυοφορούπβ

2184 934 2343 986 αὑτὸν
2382 932 2585 1004 μητρὸς
2616 935 2648 1003 ὴ
2681 933 2780 1003 τῆς
2815 932 3017 1003 σαρκὸς
3054 932 3260 1001 ὑπέστη
3292 932 3548 994 σύστασις
3589 934 3635 984 ὲν
3666 935 3718 1003 τῇ

2185 1024 2489 1095 παιδιότητι
2516 1023 2705 1078 aii-:05.
2749 1024 2892 1075 Ἀντί
2919 1023 2975 1075 δὲ
2997 1022 3112 1087 τοῦ,
3146 1024 3213 1077 ἐκ
3252 1023 3531 1093 γαστρὸς,
3551 1022 3601 1091 ἦ,
3627 1023 3720 1074 ἀπὸ

2178 1116 2429 1187 μήτρας,
2469 1117 2529 1171 τὸ
2560 1117 2844 1189 Ἐϐραῖκὸν
2875 1116 3006 1187 ἔχει,
3036 1116 3285 1186 Μαριάμ.
3316 1111 3448 1169 Οἶδα
3465 1116 3518 1168 δὲ
3532 1118 3599 1178 εἰς
3624 1116 3722 1168 τοῦ·

2184 1225 2245 1260 το
2260 1208 2404 1271 τινος
2438 1207 2697 1271 ἀκούσας,
2735 1207 2810 1271 ὡς
2840 1208 2940 1278 τῆς
2980 1208 3270 1279 Ἐϐραῖκῆς
3311 1208 3495 1276 φωνῆς
3528 1207 3720 1260 ἐνταῦθα

504 1297 598 1367 τῆς
625 1298 846 1370 Μαρίας
871 1299 1344 1373 μνημονευσάσηςο
1376 1300 1585 1373 τὸγὰρ,
1638 1301 1893 1371 Μαριὰμ,
1938 1300 1997 1365 τὸ
2026 1302 2244 1373 Μαρίας
2287 1302 2456 1373 ὄνομα
2507 1302 2781 1373 σημαίνει,
2828 1302 2904 1366 ὡς
2948 1303 3205 1373 ὀνομαστὶ
3256 1303 3344 1355 διὰ
3409 1301 3597 1354 τούτων
3646 1301 3723 1369 τῆς

504 1378 762 1444 Θεοτόκου
792 1410 894 1463 μνη
904 1394 1275 1464 μονευθείσης.

571 1482 738 1539 Vens.
801 1486 917 1540 5-8.
972 1485 1186 1541 Iuravit
1245 1487 1523 1549 Dominus,
1568 1498 1616 1540 et
1673 1504 1776 1540 non
1813 1486 2079 1555 paenitebit

504 1590 641 1637 eum,
672 1574 749 1627 Tu
774 1593 828 1629 es
882 1576 1127 1631 sacerdos
1159 1579 1210 1631 in
1250 1586 1502 1633 wternum
1530 1579 1813 1632 secundum
1845 1578 2079 1632 ordinem

506 1664 904 1721 Melchisedech.
954 1668 1213 1723 Dominus
1261 1689 1294 1724 a
1340 1669 1542 1725 dextris
1595 1673 1701 1726 tuis
1747 1673 1998 1744 confregit
2026 1674 2079 1727 in

504 1756 584 1809 die
618 1757 713 1809 ira:
738 1774 848 1811 sua:
879 1776 1042 1829 reges.
1080 1759 1356 1815 Judicabit
1398 1763 1452 1815 in
1485 1764 1809 1826 nationibus,
1848 1765 2081 1835 implebit

504 1849 709 1911 ruinas,
754 1853 1128 1921 conquassabit
1163 1855 1338 1921 capita
1382 1856 1437 1909 in
1470 1864 1634 1912 terra.
1665 1855 1737 1910 De
1774 1866 2001 1913 torrente
2027 1860 2080 1911 in

504 1940 585 1992 via
613 1940 770 2008 bibet,
796 1954 1066 2010 propterea
1121 1945 1383 1998 exaltabit
1418 1957 1597 2014 caput.
1632 1945 1758 2002 [hec
1790 1946 2080 2002 admodum

504 2041 905 2100 consequenter
976 2033 1233 2089 videntur
1281 2035 1558 2105 praedictis
1612 2036 1796 2091 verbis
1840 2037 2082 2093 subnexa

504 2137 646 2178 esse.
676 2122 902 2179 Etiamsi
938 2126 1082 2179 enim
1115 2134 1295 2180 ortum
1328 2144 1394 2181 ex
1425 2137 1581 2182 utero
1602 2143 1798 2198 passus
1833 2130 1945 2195 sis,
1985 2129 2082 2196 ait,

504 2221 666 2283 atque
688 2216 854 2269 veluti
884 2232 975 2271 ros
1005 2232 1070 2271 ex
1101 2216 1309 2290 Spiritu
1336 2230 1548 2284 sancto,
1582 2227 1862 2290 assumpta
1894 2235 2080 2285 carne,

504 2305 685 2361 factus
715 2307 791 2362 sis
812 2308 864 2360 in
898 2307 1127 2363 infantia
1162 2317 1292 2377 tua;
1330 2321 1385 2364 at
1421 2328 1530 2367 non
1565 2314 1684 2384 pari
1716 2322 1879 2384 atque
1905 2314 2084 2369 caeteri

504 2397 753 2454 homines
798 2402 1012 2457 ratione
1034 2403 1158 2458 vita:
1189 2406 1397 2459 exitum
1420 2407 1703 2475 sortieris;
1735 2408 1830 2464 sed
1854 2408 1909 2462 in
1933 2417 2087 2463 aeter-

504 2504 632 2542 num
662 2488 788 2545 Deo’
804 2501 856 2545 et
902 2491 1049 2546 Patri
1089 2495 1347 2550 sacerdos
1394 2498 1683 2553 manebis:
1720 2498 1989 2567 siquidem
2032 2498 2084 2552 id

504 2578 809 2643 definitum,
828 2589 881 2635 et
904 2597 933 2635 a
960 2582 1122 2640 Patre
1137 2594 1229 2640 tuo
1254 2600 1377 2641 cum
1401 2586 1697 2657 juramenti
1730 2588 2085 2645 afﬁrmatione

505 2670 917 2740 pronuntiatum
952 2680 1059 2730 est.
1344 2666 1371 2685 ⁸

1018 2871 1382 2929 ALLELUIA.
1411 2874 1522 2930 CX.

572 2959 738 3018 Vens.
775 2964 889 3019 1-5.
922 2964 1228 3035 Conﬁtebor
1264 2967 1381 3032 tibi,
1418 2967 1663 3035 Domine,
1700 2969 1754 3023 in
1789 2978 1897 3023 toto
1932 2972 2085 3025 corde

504 3065 637 3113 meo,
668 3051 721 3104 in
741 3054 1248 3122 consiliojustorum
1273 3067 1321 3111 et
1348 3062 1766 3129 congregatione.
1794 3060 2085 3133 Inscriptio

2284 1488 2481 1553 Ωμοσε
2527 1486 2759 1554 Κύριος,
2811 1484 2910 1537 καὶ
2966 1486 3037 1539 οὐ
3069 1483 3631 1554 μεταμεληθήσεται,
3660 1485 3726 1542 Σὺ

2186 1576 2376 1643 ἱερεὺς
2397 1579 2485 1643 εἰς
2515 1577 2619 1629 τὸν
2644 1575 2829 1629 αἰῶνα
2860 1577 3009 1629 κατὰ
3034 1575 3145 1645 τὴν
3170 1576 3347 1641 τάξιν
3372 1579 3723 1646 Μελχισεδέκ.

2184 1668 2399 1735 Κύριος
2429 1668 2496 1721 ἐκ
2516 1666 2729 1731 δεξιῶν
2749 1684 2865 1722 σου
2894 1666 3365 1722 συνέθλασενὲν
3386 1669 3565 1737 ἡμέρᾳ
3580 1670 3726 1739 ὀργῆς

2185 1760 2371 1813 αὑτοῦ
2396 1760 2700 1825 βασιλεῖς.
2729 1758 3017 1827 Κρινεῒὲν
3050 1760 3174 1826 τοῖς
3206 1760 3435 1823 ἔθνεσι,
3469 1763 3724 1829 πλημὺί-ιι

2185 1850 2483 1920 πτώματα,
2525 1849 2859 1905 συνθλὰσει
2900 1852 3165 1920 κεφαλὰς
3208 1850 3307 1903 ἐπὶ
3341 1850 3477 1921 γῆς.
3524 1855 3607 1905 Ἐκ
3632 1871 3721 1921 χει·

2180 1942 2409 2012 pappet;
2440 1940 2638 2006 ἐνόδῷ
2666 1942 2880 2007 πίεται,
2904 1940 2999 1994 διὰ
3016 1941 3187 1995 τοῦτο
3208 1941 3445 2009 ὑψώσει
3474 1942 3720 2011 κεφαλήν.

2185 2034 2396 2105 Σιρόδρα
2428 2051 2516 2104 μοι
2547 2033 2693 2086 δοκεῖ
2717 2032 3021 2094 ἀκολούθως
3044 2036 3109 2103 τῇ
3140 2033 3601 2104 προγεγραμμένῃ
3617 2034 3725 2099 λέξει

2187 2127 2431 2199 συνῆφθη
2464 2126 2533 2180 τὰ
2564 2126 2919 2199 προκείμενα.
2943 2125 3005 2177 Εἰ
3043 2124 3152 2193 γὰρ
3186 2124 3282 2177 καὶ
3306 2125 3377 2177 τὰ
3407 2125 3623 2193 μάλιστα
3652 2124 3723 2193 γέ·

2185 2239 2329 2274 νεσιν
2346 2220 2441 2291 τὴν
2470 2218 2577 2273 ἀπὸ
2598 2220 2810 2290 μήτρας
2839 2217 3157 2288 ὑπέμεινας,
3190 2216 3346 2286 φησι,
3369 2217 3461 2268 καὶ
3480 2218 3725 2286 γεγένηται

2185 2308 2270 2366 οἷα
2307 2311 2493 2381 δρόσος
2518 2309 2578 2375 ἐξ
2615 2310 2770 2378 ἁγίου
2803 2308 3115 2380 Πνεύματος
3152 2310 3210 2361 ὲν
3238 2309 3305 2378 τῇ
3345 2308 3630 2377 παιδιότητί
3656 2324 3721 2360 σου

2189 2406 2365 2477 σάρκα
2397 2402 2700 2465 ἀναλαϐὼν,
2722 2401 2834 2455 ἀλλ’
2850 2402 2945 2472 οὐχ
2969 2399 3168 2472 ὁμοίως
3196 2404 3310 2463 τοῖς
3334 2398 3537 2463 λοιποῖς
3559 2400 3721 2470 ἀνθρὼ-

2187 2514 2308 2561 ποις
2337 2496 2430 2548 καὶ
2460 2496 2557 2566 τὴν
2591 2495 2972 2566 καταστροφὴν
2994 2492 3087 2545 τοῦ
3124 2493 3237 2563 βίου
3279 2495 3543 2564 ποιήσεις·
3570 2493 3719 2563 διαμε-

2186 2591 2295 2650 νεῖς
2324 2586 2381 2639 δὲ
2427 2587 2506 2648 εἰς
2537 2586 2628 2639 τὸν
2655 2585 2825 2638 αἰῶνα
2860 2583 3152 2655 ἱερώμενος
3181 2583 3261 2654 τῷ
3301 2582 3424 2653 Θεῷ
3447 2585 3537 2638 καὶ
3567 2586 3719 2653 “arpi.

2187 2677 2357 2731 Τοῦτο
2371 2677 2479 2749 γὰρ
2514 2676 2762 2749 ὥρισται,
2794 2677 2884 2730 καὶ
2909 2676 3024 2748 μεθ’
3053 2676 3215 2746 ὅρκου
3240 2674 3574 2747 βεϐαιώσεως
3602 2674 3721 2729 τοῦτο

2187 2770 2568 2839 ἀποπέφανται
2601 2770 2735 2839 πρὸς
2748 2768 2841 2821 τοῦ
2876 2767 2969 2821 σοῦ
3002 2768 3231 2838 Πατρός.

2706 2881 3130 2934 ΑΛΛΠΛΟΥΙΑ.
3154 2882 3259 2933 Pl’.

2270 2971 2818 3045 Ἐξομολογήσομαί
2878 2988 2995 3034 σοι,
3049 2974 3246 3040 Κύριε,
3281 2972 3353 3025 ἐν
3392 2972 3503 3041 ὅλῃ
3553 2970 3721 3038 καρδίᾳ

2183 3087 2321 3139 μου,
2369 3070 2439 3121 ἐν
2483 3065 2688 3133 βουλῇ
2722 3063 2943 3119 εὐθέων
2994 3064 3091 3117 καὶ
3144 3063 3486 3135 συναγωγῇ.
3536 3064 3606 3116 Τὰ
3647 3062 3721 3131 τῆς

504 3143 788 3209 praesentis
817 3159 880 3198 ac
922 3147 1267 3216 sequentium
1305 3150 1641 3218 psalmorum
1673 3151 1935 3215 declarat,
1969 3152 2084 3207 hcce

2189 3157 2515 3229 προγραφῆς
2556 3154 2648 3208 τοῦ
2707 3153 3066 3225 προκειμένου
3103 3153 3199 3207 καὶ
3242 3154 3354 3206 ’τῶν
3400 3154 3587 3223 ἐφεξῆς
3606 3152 3719 3220 αὐτῷ

505 3248 614 3288 non
641 3250 735 3304 per
760 3236 1077 3305 psalterium
1112 3242 1461 3307 pronuntiata
1480 3242 1663 3307 fuisse,
1684 3260 1860 3314 neque
1888 3248 2087 3300 cantici

505 3324 685 3378 locum
719 3333 923 3390 tenere,
953 3345 1128 3399 neque
1145 3332 1431 3393 orationis.
1456 3350 1633 3404 neque
1649 3336 1880 3389 aliorum
1899 3340 2087 3406 quaein

502 3418 679 3474 titulis
694 3417 963 3487 feruntur;
984 3422 1079 3476 sed
1101 3437 1224 3478 esse
1257 3424 1489 3495 hymnos
1504 3427 1799 3497 gratiarum
1819 3429 2082 3484 actionis:

503 3526 674 3580 quare
702 3509 952 3582 inscripti
973 3520 1121 3577 sunt,
1152 3513 1407 3579 Alleluia,
1441 3518 1587 3587 quod
1617 3517 1803 3574 Graece
1843 3535 2085 3585 versum,

506 3604 716 3657 laudent
743 3602 836 3658 Dei
863 3605 1157 3675 significat.
1180 3605 1484 3677 Conﬁtebor
1501 3609 1618 3676 tibi,
1650 3609 1887 3676 Domine,
1910 3612 1963 3666 in
1979 3621 2086 3666 toto

502 3696 661 3750 corde
705 3714 840 3762 meo,
898 3700 953 3752 in
1010 3701 1234 3754 consilio
1267 3700 1531 3766 iustorum
1564 3714 1615 3756 et
1663 3704 2084 3774 congregatione.

508 3786 704 3860 Magna
733 3806 892 3858 opera
920 3791 1152 3855 Domini,
1185 3794 1451 3864 exquisita
1486 3796 1539 3849 in
1570 3812 1745 3850 omnes
1792 3798 2087 3852 voluntates

502 3880 640 3949 ejus.
672 3878 952 3943 Confessio
984 3891 1033 3936 et
1068 3884 1465 3954 magnificentia
1493 3902 1621 3955 opus
1643 3885 1778 3954 ejui,
1805 3887 2089 3956 etjustitia

507 3971 619 4039 ejus
661 3982 835 4026 manet
866 3974 919 4027 in
942 3975 1198 4027 swculum
1227 3975 1429 4029 saeculi.
1466 3975 1772 4031 Admodum
1796 3994 1927 4033 vero
1956 3994 2089 4033 con-

506 4070 764 4132 gruenter
795 4074 916 4134 post
939 4065 1195 4119 traditam
1220 4066 1286 4121 de
1315 4065 1601 4123 Salvatore
1635 4077 1826 4124 nostro
1861 4072 2091 4141 prephe-

506 4154 660 4215 tiam,
712 4155 950 4225 hymnus
984 4158 1283 4225 gratiarum
1340 4160 1572 4215 actionis
1621 4161 1707 4217 his
1746 4164 1927 4218 verbis
1957 4166 2090 4219 sub-

510 4243 786 4311 iungitur,
847 4260 912 4298 ex
944 4244 1118 4313 ipsius
1169 4243 1476 4302 Servatoris
1520 4256 1755 4317 persona
1798 4254 2085 4317 recitatos,

506 4336 599 4403 qui
636 4331 783 4386 Patri
818 4348 920 4388 suo
980 4335 1046 4389 de
1074 4336 1249 4389 salute
1291 4336 1549 4391 omnibus
1610 4339 1923 4395 hominibus
1955 4357 2089 4396 con-

508 4441 661 4479 cessa
685 4426 892 4496 gratias
950 4426 1136 4481 refert.
1182 4426 1318 4482 Nam
1376 4430 1653 4484 confessio
1688 4448 1755 4486 ex
1792 4431 2089 4503 Scriptura:

509 4531 612 4571 usu
664 4517 826 4572 modo
880 4529 1226 4589 peccatorum
1283 4521 1709 4577 declarationem
1772 4525 2081 4596 significat,

509 4608 673 4662 modo
697 4609 994 4678 gratiarum
1020 4610 1291 4666 actionem
1340 4612 1582 4667 exhibet.
1623 4610 1819 4668 Statim
1850 4617 1996 4671 enim
2030 4619 2087 4674 in

512 4698 817 4771 Evangeliis
845 4701 959 4771 ipse
994 4700 1251 4757 Servator
1282 4713 1469 4758 noster
1501 4706 1577 4759 ait
1621 4724 1634 4759 :
1668 4705 1939 4777 Confiteor
1968 4711 2086 4776 tibi,

511 4790 694 4857 Pater,
723 4791 939 4847 Domine
965 4793 1080 4847 caeli
1120 4804 1170 4847 et
1193 4804 1368 4860 terrce,
1392 4798 1518 4866 quia
1556 4798 1881 4854 abscondisti
1915 4802 2025 4857 ltwc
2056 4821 2089 4858 a

510 4884 829 4952 sapientibus
857 4895 907 4938 et
944 4886 1312 4953 prudentibus,
1344 4898 1392 4942 et
1436 4889 1680 4945 revelasti
1725 4908 1789 4945 ea
1826 4894 2082 4961 parvulis.

514 4975 621 5038 Ita,
651 4976 836 5039 Pater,
864 4980 1109 5047 quoniam
1130 4981 1205 5033 sic
1235 4980 1335 5049 fuit
1365 4980 1619 5051 placitum
1643 4994 1762 5039 ante
1786 4994 1851 5038 te.
1889 4986 2086 5040 Omnia

512 5069 637 5121 milii
668 5069 867 5121 tradita
915 5081 1036 5123 sunt
1065 5089 1097 5124 a
1136 5070 1317 5135 Patre,
1370 5085 1419 5127 et
1466 5092 1616 5129 nemo
1669 5078 1811 5131 novit
1844 5080 1960 5147 quis
2008 5088 2088 5133 est

515 5158 687 5211 Filius
724 5160 825 5212 nisi
878 5158 1056 5223 Pater,
1096 5170 1145 5214 et
1172 5164 1287 5230 quis
1327 5173 1402 5217 est
1436 5163 1599 5219 Pater
1632 5167 1734 5219 nisi
1756 5164 1931 5219 Filius
1955 5210 1970 5233 ,
2038 5176 2090 5222 et

513 5250 597 5303 cui
640 5250 861 5304 voluerit
902 5248 1077 5305 Filius
1139 5242 1366 5307 revelare
1396 5256 1463 5307 ⁸⁸.
1514 5287 1580 5296 -—-
1615 5252 1682 5307 In
1736 5256 1960 5309 consilio
2000 5256 2091 5325 ju-

515 5353 713 5398 stornm
774 5353 823 5396 et
863 5346 1285 5416 congregatione.
1355 5346 1554 5417 Magna
1616 5364 1773 5415 opera
1846 5348 2088 5413 Domini,

528 5438 793 5507 exquisita
850 5440 904 5492 in
951 5456 1127 5495 omnes
1185 5441 1477 5495 voluntates
1526 5442 1661 5510 ejus.
1720 5442 1837 5496 Non
1896 5459 2090 5513 pravo—

518 5547 632 5587 rum
676 5540 729 5586 et
774 5547 1153 5601 perversorum
1202 5534 1482 5599 virorum;
1539 5533 1633 5589 sed
1682 5535 1973 5604 probarunt
2036 5545 2089 5589 et

518 5630 783 5681 rectarum
810 5624 1137 5691 animarum,
1173 5625 1470 5697 gratiarum
1508 5628 1785 5683 actionum
1826 5628 2085 5701 hymnum

592 5782 636 5825 θ’
668 5780 800 5838 Luc.
840 5797 870 5835 x
895 5822 909 5847 ,
944 5781 1041 5848 2|,
1077 5782 1167 5837 ‘22.

2192 3250 2487 3323 παρίστησι
2538 3248 2612 3319 μὴ
2667 3246 2755 3300 διὰ
2797 3246 3093 3318 ψαλτηρίου
3148 3246 3401 3317 εἰρῆσθαι
3441 3246 3506 3299 τὰ
3540 3244 3719 3317 προκεί-

2194 3357 2349 3410 μενα,
2388 3338 2521 3410 μηδὲ
2558 3338 2700 3409 ᾠδῆς
2746 3337 2963 3407 ἐπέχειν
2991 3335 3175 3393 τόπον.
3208 3335 3343 3388 ἀλλὰ
3378 3336 3509 3406 μηδὲ
3532 3350 3718 3405 προσευο

2188 3434 2310 3503 χῆς,
2362 3431 2495 3504 μηδέ
2537 3448 2680 3493 τινος
2730 3429 2838 3481 τῶν
2887 3427 3060 3482 ἄλλων
3101 3428 3472 3499 προγραφῶν,
3525 3422 3645 3478 εἶναι
3681 3424 3721 3475 δὲ

2192 3525 2392 3595 ὕμνους
2458 3520 2937 3593 εὐχαριστηρίους’
2995 3518 3074 3572 διὸ
3142 3519 3236 3570 καὶ
3306 3516 3720 3589 ἐπιγεγραμμένοι

2191 3616 2348 3678 εἰσὶν,
2408 3612 2792 3679 Ἀλληλούἴα,
2846 3610 2983 3681 ὅπερ
3033 3607 3501 3680 μεταϐαλλόμενον
3548 3608 3617 3667 είς
3649 3604 3721 3672 τὴν

2205 3705 2426 3760 Ἐλλάδα
2485 3704 2669 3775 φωνὴν
2694 3703 2867 3757 αἶνον
2884 3700 3031 3755 Θεοῦ
3078 3701 3351 3772 σημαίνει.
3382 3695 3721 3767 Ἐξομολοτὴ-

2191 3799 2373 3868 σομαί
2408 3814 2527 3859 σοι,
2557 3798 2752 3864 Κύριε,
2788 3796 2859 3849 ἐν
2906 3794 3017 3861 ὅλῃ
3050 3792 3261 3861 καρδίᾳ
3279 3810 3425 3861 μου.
3448 3792 3515 3844 ὲν
3562 3785 3723 3852 ,ϐουλῄ

2190 3894 2412 3949 εὐθέων
2457 3893 2554 3945 καὶ
2605 3887 2950 3959 συναγωγῇ.
2975 3886 3221 3956 Marciam
3252 3887 3321 3939 τὰ
3359 3884 3501 3953 ἔργα
3526 3879 3721 3949 Κυρίου,

2191 3983 2585 4053 ἐξεζητημένα
2622 3984 2708 4047 εὶς
2739 3979 2935 4033 ,πάντα
2960 3983 3029 4032 τὰ
3065 3976 3377 4046 θελήματα
3402 3972 3596 4028 αὐτοῦ.
3629 3968 3721 4033 Ἔξ-

2192 4077 2559 4145 ομολόγησις
2609 4073 2705 4125 καὶ
2730 4068 3211 4141 μεγαλοπρέπεια
3256 4066 3319 4119 τὸ
3362 4060 3719 4135 ἕργοναὺτοῦ.

2192 4168 2288 4221 καὶ
2316 4168 2354 4234 ἠ
2380 4165 2732 4231 δικαιοσύνη
2764 4161 2949 4218 αὐτοῦ
2983 4160 3147 4229 μένει
3184 4161 3272 4225 είς
3296 4156 3405 4211 τὸν
3430 4155 3599 4211 αἰῶνα
3643 4150 3719 4205 τοῦ

2191 4257 2427 4321 αἰῶνος.
2463 4255 2673 4327 Σφόδρα
2698 4255 2754 4307 δὲ
2791 4253 3098 4315 ἀκολούθως
3128 4252 3262 4322 μετὰ
3292 4250 3392 4322 τὴν
3422 4248 3718 4303 ἀποδοθεῖσαν

2194 4348 2321 4419 περὶ
2368 4345 2461 4399 τοῦ
2496 4346 2746 4415 Σωτῆρος
2775 4343 2932 4415 ἡμῶν
2972 4343 3305 4413 προφητείαν
3361 4339 3717 4412 εὐχαριστήρως

2194 4438 2359 4510 ὕμνος
2374 4438 2460 4491 διὰ
2489 4436 2596 4490 τῶν
2613 4436 2985 4507 προκειμένων
3018 4435 3365 4497 συνάπτεται,
3398 4437 3458 4486 ὲκ
3482 4428 3717 4502 προσώπου

2192 4529 2517 4601 λελεγμένος
2549 4528 2714 4581 αὑτοῦ
2760 4528 2853 4581 τοῦ
2895 4528 3163 4599 Σωτῆρος,
3196 4526 3622 4597 εὐχαριστοῦντος
3662 4517 3718 4586 τῷ

2195 4620 2388 4676 ἑαυτοῦ
2407 4622 2581 4691 [Ιατρλ⁸
2602 4620 2694 4673 ἐπὶ
2710 4622 2774 4691 τῇ
2805 4619 3021 4673 πάντων
3045 4618 3154 4671 τῶν
3182 4617 3483 4689 ἀνθρώπων
3508 4611 3716 4683 σωτηρίᾳ.

2208 4714 2273 4767 Ἦ
2300 4713 2408 4784 γὰρ
2434 4712 2815 4783 ἐξομολόγησίς
2833 4712 2946 4764 ἐστι
2970 4710 3066 4782 μὲν
3084 4711 3172 4763 ὅτε
3201 4709 3343 4763 κατὰ
3358 4711 3453 4779 τὴν
3488 4705 3717 4774 συνήθειαν

2193 4807 2292 4877 τῆς
2338 4805 2562 4877 Γραφῆς
2605 4804 2888 4876 ἁμαρτιῶν
2934 4802 3222 4873 ὁμολογίαν
3252 4802 3519 4873 σημαίνει,
3551 4799 3646 4850 ἐστι
3676 4792 3715 4844 δὲ

2193 4899 2279 4951 ὅτε
2300 4898 2652 4969 εὐχαριστίαν
2686 4897 3030 4968 παρίστησιν.
3047 4895 3255 4948 Αὐτίκα
3271 4895 3316 4947 δ’
3340 4891 3430 4948 οὖν
3454 4895 3507 4945 ὲν
3526 4892 3715 4954 Εὐαγγε-

2192 4989 2325 5053 λίοις
2344 4989 2507 5051 αὐτὸς
2526 4990 2555 5042 ό
2576 4989 2765 5061 Σωτὴρ
2778 4989 2933 5060 ἡμῶν
2954 4988 3117 5055 λέγει·
3138 4980 3610 5055 Ἐξομολογοῦμαί
3624 4992 3714 5034 σοι,

2194 5080 2405 5149 Πάτερ,
2442 5082 2619 5149 Κύριε
2651 5082 2755 5136 τοῦ
2806 5080 3065 5149 οὐρανοῦ
3091 5079 3188 5133 καὶ
3221 5077 3329 5146 τῆς
3360 5076 3491 5148 γῆς,
3515 5073 3590 5125 ὅτι
3634 5070 3712 5120 ἁπ-

2195 5171 2465 5241 έκρυψας
2496 5174 2683 5227 ταῦτα
2706 5172 2825 5227 ἀπὸ
2851 5173 3061 5242 σοφῶν
3087 5172 3183 5224 καὶ
3206 5168 3490 5229 συνετῶν,
3526 5161 3608 5217 mi
3629 5159 3711 5211 ἀπ·

2196 5264 2509 5333 εκάλυψας
2524 5266 2677 5319 αὐτὰ
2700 5266 2956 5333 νηπίοις.
2993 5263 3124 5329 Ναί,
3159 5266 3191 5317 ό
3219 5261 3437 5329 Πατὴρ,
3466 5258 3544 5309 ὅτι
3568 5252 3707 5309 οὕτω(

2197 5356 2434 5426 ἐγένετο
2460 5356 2703 5411 εὐδοκία
2733 5357 3073 5425 ἔμπροσθέν
3087 5370 3221 5408 σου.
3252 5353 3447 5407 Πάντα
3470 5341 3708 5413 παρεδόθη

2191 5466 2293 5517 μοι
2345 5448 2465 5503 ὑπὸ
2508 5448 2613 5502 τοῦ
2666 5450 2919 5516 Πατρὸς,
2972 5448 3072 5502 καὶ
3120 5447 3319 5512 οὐδεὶς
3354 5442 3599 5514 γινώσκει
3642 5432 3703 5494 τί(

2195 5540 2412 5594 ἐστινό
2445 5541 2574 5606 Υἱὸς
2594 5544 2643 5594 εὶ
2665 5540 2749 5610 μὴ
2768 5545 2799 5595 ὀ
2827 5541 3047 5609 Πατὴρ,
3081 5540 3175 5593 καὶ
3203 5540 3294 5605 τίς
3319 5540 3479 5591 ἐστιν
3498 5536 3528 5585 ό
3553 5522 3702 5589 Πατὴρ

2195 5634 2245 5686 εἰ
2276 5630 2359 5702 μὴ
2402 5636 2435 5687 ό
2460 5633 2608 5700 Υἱὸς,
2645 5633 2744 5688 καὶ
2786 5626 2834 5701 ᾦ
2870 5633 3300 5701 ἐὰιαβούληται
3329 5632 3360 5684 ό
3384 5624 3503 5690 Υἱὸς
3527 5620 3698 5677 duxi?
