3964 6534
229 339 393 394 1545
1423 335 1853 391 COMMENTAR

1967 335 2035 392 IN
2074 335 2417 394 PSALMOS.
3380 341 3517 396 ιδιῡ

211 451 466 519 λύιψαι.
508 451 604 504 Ἐν
624 448 829 519 βουλῇ
858 448 975 503 τῶν
993 449 1178 519 ἁγίων
1202 449 1301 504 καί
1344 449 1688 521 συναγωγῇ.
1718 454 1837 506 Με-

1964 450 2038 505 ibi
2063 450 2213 505 Patri
2244 466 2367 507 meo
2400 450 2649 507 reddam.
2695 450 2796 509 llis
2834 465 3005 523 porro
3033 452 3305 523 signiﬁcat
3335 453 3528 509 Eccle-

212 542 399 611 τάλα
438 542 511 597 τὰ
543 542 688 611 ἔργα
720 542 963 610 Κυρίου,
995 540 1391 611 ἐξεζητημένα
1414 544 1498 608 εις
1522 541 1719 596 πάντα
1761 542 1835 595 τὰ

1961 545 2076 598 tiam
2103 545 2224 614 ejus
2256 546 2430 614 gratia
2457 561 2555 615 per
2604 552 2781 599 totum
2823 546 3012 601 urbem
3057 545 3371 611 fundatam;
3403 562 3530 601 con-

214 636 555 705 θελήματα
589 634 795 691 αὐτοῦ.
832 634 1027 689 Οὐκέτι
1061 633 1287 687 σκολιῶν
1321 632 1531 702 ἀνδρῶν
1569 633 1689 687 οὐδὲ
1720 633 1835 686 δια-

1961 639 2122 693 silium
2158 646 2341 694 autem
2387 650 2662 695 rectorum
2702 640 2921 696 vocavit
2949 641 3173 695 ordines
3203 655 3428 695 suorum
3471 640 3525 695 in

215 730 521 799 στρόφιον,
550 727 665 783 ἀλλ’
694 726 916 796 ἀγαθῶν
938 725 1029 781 καὶ
1057 724 1278 779 εὐθειῶν
1318 724 1505 795 ψυχῶν
1541 724 1633 779 τὸν
1676 725 1837 795 εὐχα-

1961 732 2185 787 Ξοςιεείο
2206 740 2560 798 sanctorum;
2586 732 3064 803 congregationem
3096 747 3245 795 vero,
3275 731 3526 786 ordinem

216 822 532 893 ριστήριον
560 819 731 890 ὕμνον
755 818 912 875 δώσω
928 835 1010 872 σοι
1040 816 1119 888 τῷ
1144 816 1379 887 ἐμαυτοῦ
1415 817 1607 887 Πατρί.
1636 817 1838 889 Σημαίο

1961 824 2173 878 ilterum
2200 833 2325 894 post
2359 824 2654 879 consilium
2692 832 2972 879 rectorum
3005 833 3307 892 nuncupat,
3352 824 3445 893 qui
3470 823 3529 878 in

215 929 308 965 νει
344 912 412 966 δὲ
464 912 555 969 διὰ
592 913 801 967 τούτων
856 910 954 982 τὴν
989 908 1109 965 καθ’
1165 909 1294 981 ὃλης
1348 908 1448 979 τῆς
1510 909 1835 981 οἰκουμένης

1961 911 2191 968 Ecclesia
2208 913 2329 982 ejus
2352 914 2582 968 alterum
2613 913 2901 969 constituit
2916 914 3282 968 multitudinis
3298 920 3522 968 coetum.

218 1004 561 1070 ἱδρυθεῖσαν
598 1005 688 1062 διὰ
746 1006 847 1076 τῆς
898 1003 1066 1061 αὐτοῦ
1113 1004 1333 1075 χάριτος
1385 1004 1732 1076 Ἐκκλησίαν.
1787 1006 1994 1075 Βουλὴν
2033 1008 2090 1061 δὲ
2123 1008 2329 1062 εὐθέων
2350 1008 2602 1080 ὠνόμασε
2663 1009 2729 1063 τὰ
2762 1010 3019 1081 τάγματα
3052 1010 3161 1063 τῶν
3198 1011 3257 1063 ὲν
3292 1012 3358 1080 τῇ
3406 1011 3529 1061 Ἐκ-

215 1101 452 1173 κλησίᾳ.
486 1101 653 1156 αὑτοῦ
714 1101 904 1171 ἁγίων·
945 1099 1267 1171 συναγωγὴν
1313 1099 1370 1154 δὲ
1423 1099 1675 1172 δεύτερον
1709 1102 1897 1171 τάγμα
1951 1104 2090 1175 μετά
2141 1103 2243 1175 τὴν
2289 1103 2484 1176 βουλὴν
2522 1104 2630 1159 τῶν
2674 1103 2876 1159 εὐθέων
2924 1105 3199 1176 σημαίνει,
3254 1104 3314 1157 τὸ
3358 1106 3416 1157 έν
3460 1104 3526 1173 τῇ

231 1196 562 1269 Ἐκκλησία⁵
592 1197 757 1254 αὐτοῦ
786 1194 1038 1269 δεύτερον
1065 1196 1159 1250 τοῦ
1177 1196 1412 1268 πλήθους
1438 1196 1731 1269 ἄθροισμα.
3002 1212 3017 1227 '

314 1312 802 1383 Ἐξομολόγνησις
831 1310 929 1364 καὶ
952 1309 1430 1380 μεγαλοπρέπεια
1457 1310 1522 1364 τὸ
1542 1311 1722 1381 ἔργον
1734 1312 1839 1364 αὐ-

217 1405 365 1469 τοῦ,
400 1406 507 1459 καὶ
545 1406 583 1473 ἠ
622 1404 974 1470 δικαιοσύνη
1006 1404 1194 1458 αὐτοῦ
1216 1403 1385 1471 μένει
1413 1406 1500 1470 είς
1526 1403 1633 1457 τὸν
1652 1402 1840 1457 αἰῶνα

216 1499 339 1553 τοῦ
398 1497 641 1564 αἰῶνος.
688 1497 917 1551 Μνείαν
953 1495 1280 1561 ἐποιήσατο
1338 1496 1457 1550 τῶν
1488 1498 1838 1567 θαυμασίων

217 1591 458 1646 αὐτοῦ·
496 1588 769 1659 ἐλεήμων
800 1590 899 1645 καὶ
934 1590 1251 1659 οἰκτίρμων
1276 1593 1309 1644 ό
1328 1593 1563 1660 Κύριος,
1608 1589 1840 1661 τροφὴν

1961 1588 2143 1648 minus,
2171 1603 2343 1641 escam
2364 1587 2509 1641 dedit
2542 1587 2849 1642 timentibus
2884 1604 2957 1641 se.
2985 1586 3192 1641 Memor
3221 1588 3320 1641 erit
3348 1588 3401 1641 in
3426 1603 3531 1642 ste-

218 1681 437 1735 ἔδωκε
462 1679 587 1747 τοῖς
616 1678 1010 1750 φοϐουμένοις
1038 1681 1241 1734 αὐτόν.
1291 1681 1722 1750 Μνησθήσεται
1752 1684 1841 1749 είς

1961 1681 2124 1734 :ulum
2154 1681 2453 1735 testamenti
2486 1680 2573 1734 sui
2598 1696 2616 1735 :
2644 1681 2888 1734 virtutem
2927 1696 3143 1749 operum
3183 1696 3403 1733 suorum
3432 1696 3532 1734 an-

220 1774 347 1828 τὸν
381 1772 577 1827 αἰῶνα
632 1772 924 1841 διαθήκης
967 1771 1173 1828 αὑτοῦ·
1219 1774 1404 1851 ἰσχὺν
1438 1773 1628 1843 ἔργων
1654 1775 1842 1829 αὐτοῦ

1961 1773 2211 1827 nuntiavit
2255 1773 2452 1843 populo
2499 1789 2631 1839 suo;
2663 1782 2720 1826 ut
2753 1772 2840 1827 det
2879 1773 2990 1826 illis
3016 1772 3378 1827 [nereditatem
3406 1788 3532 1842 gen-

220 1865 572 1935 ἀνήγγειλε
598 1864 678 1930 τῷ
709 1863 836 1931 λαῷ
860 1866 1068 1933 αὐτοῦ,
1098 1866 1205 1921 τοῦ
1220 1865 1430 1921 δοῦναι
1463 1866 1667 1933 αὐτοῖς
1690 1870 1840 1936 κλη-

1961 1865 2077 1918 1ium
2100 1880 2294 1934 :opera
2317 1881 2569 1917 manuum
2589 1865 2703 1935 ejus
2727 1865 2919 1919 veritas
2936 1872 2985 1917 et
2998 1864 3285 1933 judicium.
3319 1862 3533 1918 Fidelia

221 1957 541 2027 ρονομίαν
568 1953 777 2011 ἐθνῶν·
812 1956 956 2026 ἔργα
996 1954 1211 2027 χειρῶν
1232 1956 1422 2011 αὑτοῦ
1458 1956 1711 2024 ἀλήθεια
1742 1957 1841 2011 καὶ

222 2048 477 2117 κρίσις.
527 2046 741 2101 Πισταὶ
796 2045 987 2102 πᾶσαι
1042 2050 1103 2101 αὶ
1141 2046 1383 2102 ἐντολαὶ
1430 2048 1842 2119 αὑτοῦ,ἐστη-

225 2137 630 2209 ριγμέναιείς
654 2136 761 2191 τὸν
784 2136 969 2191 αίῶνα
1017 2135 1126 2191 τοῦ
1177 2136 1413 2204 αἰῶνος,
1450 2139 1845 2209 πεποιημέναι

228 2231 311 2284 ἐν
340 2230 607 2298 ἀληθείᾳ
635 2229 731 2283 καὶ
752 2229 1049 2298 εὐθύτητι.
1072 2230 1385 2299 Λύτρωσιν
1411 2230 1733 2285 ἀπέστειλε
1764 2231 1847 2298 τῷ

227 2322 376 2390 λαῷ
429 2322 641 2387 αὑτοῦ,
688 2322 1025 2378 ἐνετείλατο
1074 2324 1163 2389 είς
1209 2322 1317 2377 τὸν
1338 2322 1524 2377 αἰῶνα
1554 2322 1847 2393 διαθήκην

227 2416 463 2473 αὐτοῦ.
486 2418 693 2486 Ἀγιον
711 2416 810 2468 καὶ
840 2414 1096 2484 φοϐερὸν
1129 2413 1195 2468 τὸ
1228 2414 1415 2483 ὄνομα
1445 2414 1651 2470 αὑτοῦ·
1687 2415 1845 2485 ἁρχὴ

228 2510 481 2581 σοφίας
519 2510 701 2579 φόϐος
737 2508 985 2576 Κυρίου.
1016 2507 1266 2577 Μήποτε,
1299 2507 1424 2559 ἐπεὶ
1456 2509 1486 2560 ό
1513 2507 1848 2578 φοὸούμενος

228 2603 370 2658 οὔτε
388 2601 695 2667 τελείωται,
730 2601 763 2670 ἡ
803 2599 903 2670 μὲν
928 2599 1210 2670 εἰσαγωγὴ
1233 2597 1323 2652 διὰ
1354 2598 1519 2668 φόϐου
1546 2599 1848 2671 κατορθοῦ-

229 2714 354 2760 ται,
394 2695 463 2748 τὸ
499 2694 558 2747 δὲ
608 2693 759 2757 τέλος
790 2693 856 2745 δι’
881 2692 1136 2763 ἀγάπης;
1168 2691 1207 2759 ἡ
1253 2691 1363 2763 γὰρ
1408 2692 1610 2745 τελεία
1645 2691 1848 2762 ἀγάπη

232 2789 362 2854 ἐξω
386 2786 621 2852 ,βάλλει
646 2784 755 2839 τὸν
769 2786 977 2853 φόϐον.
1011 2782 1265 2846 Τοιοῦτος
1295 2782 1342 2836 δ’
1366 2783 1434 2836 ἂν
1453 2784 1538 2854 εἴη
1573 2785 1602 2836 ὀ
1632 2782 1693 2847 ἐξ
1721 2783 1850 2855 ὅλης

233 2879 484 2952 καρδίας
512 2878 606 2930 καὶ
637 2876 816 2947 ψυχῆς
836 2875 930 2929 καὶ
958 2873 1241 2945 δυνάμεως
1264 2873 1497 2943 ἀγαπῶν
1526 2873 1731 2945 Κύριον
1758 2873 1851 2928 τὸν

236 2971 406 3024 Θεόν.
441 2969 697 3033 Σύνεσις
720 2966 788 3020 δὲ
808 2964 1000 3037 ἀγαθὴ
1016 2965 1166 3019 πᾶσι
1183 2964 1305 3031 τοῖς
1329 2965 1613 3019 ποιοῦσιν
1633 2963 1847 3031 αὐτήν.

246 3064 317 3119 Ἡ
338 3062 585 3127 αῖνεσις
599 3060 786 3115 αὺτοῦ
811 3060 978 3129 μένει
1011 3060 1098 3124 εὶς
1129 3057 1237 3111 τὸν
1261 3056 1447 3111 αἰῶνα
1468 3058 1575 3113 τοῦ
1612 3056 1846 3124 αἰῶνος.

238 3157 413 3227 Καὶή
453 3154 669 3217 σύνεσις
706 3153 829 3206 τότε
862 3151 1041 3223 ἀγαθὴ
1078 3150 1359 3223 τυγχάνει,
1392 3152 1481 3205 ὅτε
1505 3151 1689 3225 ἔργοις
1725 3152 1849 3204 ὲπι-

239 3247 512 3302 τελεῖται·
548 3244 629 3297 διὸ
682 3243 779 3316 τὴν
806 3242 1020 3296 σύνεσιν
1074 3242 1174 3313 οὐχ
1218 3242 1404 3306 ἁπλῶς
1434 3243 1645 3315 ἀγαθὴν
1674 3238 1846 3306 εἷπεν,

241 3337 391 3393 ἀλλὰ
437 3338 571 3391 πᾶσι
602 3338 715 3400 τοῖς
754 3334 998 3389 ποιοῦσιν
1051 3335 1242 3406 αὑτήν.
1282 3336 1345 3391 Ἠ
1394 3337 1627 3403 αῖνεσις
1660 3339 1847 3393 αὐτοῦ

1961 3339 2127 3395 Deum
2153 3340 2284 3404 sint,
2320 3346 2375 3393 et
2401 3338 2507 3409 ipsi
2536 3338 2821 3408 assistant,
2861 3337 3074 3409 solique
3112 3336 3233 3407 ejus
3256 3335 3544 3407 theologia:

242 3430 424 3499 μένει
448 3431 535 3495 είς
580 3428 685 3482 τὸν
715 3428 901 3483 αἰῶνα
940 3426 1049 3481 τοῦ
1095 3426 1332 3495 αἰῶνος.
1373 3428 1541 3493 Τέλος
1586 3428 1697 3502 γὰρ
1739 3430 1849 3484 τῶν

1961 3439 2012 3488 et
2043 3431 2191 3487 laudi
2220 3438 2436 3487 vacent.
3137 3423 3147 3434 ’

2017 1308 2188 1386 sts.
2223 1309 2382 1364 4-10.
2416 1308 2692 1377 Confessio
2723 1318 2772 1363 et
2800 1310 3194 1380 magniﬁcentia
3232 1326 3360 1378 opus
3391 1311 3527 1380 ejus,

1945 1412 1995 1457 et
2030 1402 2246 1473 justitia
2278 1403 2392 1472 ejus
2422 1415 2596 1456 manet
2624 1404 2675 1456 in
2702 1403 2957 1457 swculum
2986 1404 3189 1458 saeculi.
3214 1403 3531 1459 Memoriam

1945 1496 2070 1566 fecit
2097 1495 2427 1549 mirabilium
2458 1513 2676 1550 suorum
2708 1497 3005 1551 misericors
3045 1505 3093 1550 et
3117 1497 3398 1550 miserator
3428 1496 3533 1550 Do—

1945 1956 2125 2010 omnia
2152 1955 2409 2010 mandata
2435 1956 2574 2026 ejus,
2611 1958 2932 2025 conﬁrmata
2954 1956 3007 2009 in
3035 1956 3290 2010 sarculum
3324 1956 3529 2019 swculi,

1944 2048 2090 2117 facta
2107 2048 2161 2101 in
2177 2048 2395 2102 veritate
2406 2055 2455 2101 et
2474 2046 2737 2117 (equitate.
2757 2044 3175 2115 Redemptionem
3191 2045 3332 2097 misit
3343 2044 3533 2113 populo

1944 2156 2063 2205 suo,
2080 2139 2348 2194 mandavit
2365 2140 2422 2193 in
2440 2148 2694 2193 a'ternum
2712 2146 3083 2193 testamentum
3095 2136 3533 2192 suum.Sanctum

1944 2240 1995 2287 et
2032 2231 2266 2288 terribile
2298 2249 2486 2287 nomen
2516 2231 2633 2300 ejus
2663 2246 2681 2284 :
2709 2232 2917 2285 initium
2951 2230 3225 2300 sapientia:
3249 2229 3408 2281 timor
3433 2228 3535 2282 Do-

1948 2326 2101 2380 mini.
2134 2323 2277 2379 Num
2301 2324 2463 2389 forte,
2498 2325 2761 2395 quoniam
2792 2324 2886 2395 qui
2922 2323 3077 2378 timet
3116 2338 3227 2377 non
3256 2321 3536 2394 perfectus

1947 2424 2055 2482 est,
2118 2417 2360 2472 initiatio
2414 2433 2513 2488 per
2568 2418 2842 2481 timorem,
2890 2415 3294 2472 consummatio
3331 2430 3427 2484 per
3451 2415 3537 2469 di-

1948 2507 2239 2561 lectionem
2262 2505 2675 2563 elilcitur?Nam
2698 2506 2929 2576 perfecta
2947 2505 3179 2559 charitas
3203 2505 3349 2575 foras
3378 2504 3538 2559 mittit

1949 2598 2194 2652 timorem
2224 2598 2294 2651 ⁸⁸.
2350 2596 2503 2653 Talis
2566 2606 2750 2653 autem
2808 2596 2975 2653 fuerit
3006 2597 3268 2667 quisquis
3309 2613 3377 2652 ex
3423 2604 3541 2651 toto

1951 2687 2138 2753 corde,
2177 2696 2292 2743 tota
2323 2688 2505 2743 anima
2548 2698 2603 2744 et
2655 2687 2856 2743 virtute
2888 2687 3180 2741 Dominum
3219 2686 3387 2741 Deum
3422 2684 3541 2741 dili-

1949 2782 2046 2851 git.
2084 2780 2391 2835 Intellectus
2419 2781 2584 2835 bonus
2617 2782 2857 2835 omnibus
2892 2780 3205 2849 facientibus
3226 2796 3367 2834 eum.
3394 2776 3541 2834 Lau-

1950 2873 2098 2926 datio
2137 2873 2253 2942 ejus
2292 2882 2467 2927 manet
2498 2874 2556 2926 in
2586 2874 2838 2927 sarculum
2864 2874 3067 2928 swculi.
3100 2871 3255 2927 Tunc
3278 2871 3422 2927 bona
3454 2872 3541 2927 in-

1952 2966 2252 3037 telligentia
2283 2973 2365 3022 est
2385 3006 2399 3032 ,
2435 2966 2659 3037 quando
2690 2965 2952 3036 operibus
2991 2966 3297 3036 completur
3329 2983 3342 3019 :
3369 2979 3540 3035 quare

1955 3073 2077 3113 non
2104 3057 2242 3112 dixit
2275 3065 2488 3113 tantum
2526 3058 2937 3129 intelligentiam
2971 3058 3204 3122 bonam,
3244 3057 3340 3113 sed
3373 3057 3541 3129 etiam

1952 3152 2209 3207 omnibus
2243 3150 2575 3207 facientibus
2606 3166 2750 3208 eam.
2806 3150 3073 3205 Laudatio
3116 3150 3230 3221 ejus
3270 3157 3447 3203 manet
3485 3149 3541 3201 in

1956 3246 2211 3303 swculum
2240 3245 2443 3301 steculi.
2478 3243 2632 3301 Finis
2670 3245 2815 3300 enim
2847 3245 3128 3300 beatorum
3168 3251 3273 3307 est,
3303 3253 3363 3297 ut
3397 3241 3540 3313 apud

1877 3199 1921 3257 C

248 3518 549 3592 μακαρίων
580 3518 642 3573 τὸ
672 3518 809 3592 πρὸς
854 3518 946 3573 τὸν
993 3519 1126 3572 Θεὸν
1166 3514 1326 3585 εἶναι,
1378 3520 1473 3573 καὶ
1510 3521 1848 3593 παρεστάναι
1909 3522 2079 3595 αὐτῷ,
2124 3525 2219 3579 καὶ
2252 3524 2390 3598 μόνῃ
2426 3525 2490 3595 τῇ
2540 3520 2704 3575 αὐτοῦ
2736 3519 2983 3592 θεολογίᾳ
3028 3521 3123 3576 καὶ
3170 3520 3374 3576 αἰνέσει
3416 3534 3543 3589 σχον

246 3611 469 3677 λάζειν.

780 3722 1203 3776 ΑΛΛΗΛΟΥΙΑ.
1245 3725 1393 3779 ΡΙΑ⁸.

326 3815 638 3885 Μακάριος
686 3814 842 3883 ἀνὴρ
890 3818 923 3869 ό
968 3816 1341 3885 φοϐούμενος
1358 3817 1468 3871 τὸν
1516 3821 1757 3888 Κύριον,
1786 3823 1855 3876 ἐν

253 3911 391 3977 ταῖς
421 3907 697 3975 ἐντολαῖς
718 3907 905 3962 αὑτοῦ
935 3907 1180 3977 θελήσει
1208 3908 1464 3978 σφόδρα.
1490 3913 1759 3967 Δυνατὸν
1785 3914 1856 3967 έν

253 4002 335 4071 τῇ
368 3999 451 4070 τῇ
484 3998 653 4053 ἔσται
685 3997 754 4051 τὸ
784 3996 1023 4066 σπέρμα
1050 3996 1259 4062 αὑτοῦ,
1292 3997 1468 4067 γενεὰ
1499 3998 1725 4055 εὐθέων
1764 4002 1857 4055 δὺ-

255 4091 692 4164 λογηθήσεται.
729 4090 886 4154 Δόξα
921 4091 1023 4144 καί
1054 4091 1321 4159 πλοῦτος
1354 4092 1427 4146 ἐν
1460 4092 1542 4159 τῷ
1568 4094 1712 4162 οτκῳ
1749 4097 1858 4150 αὑ-

257 4185 394 4251 τοῦ,
428 4184 527 4237 καί
570 4184 610 4252 ἡ
635 4182 988 4251 δικαιοσύνη
1014 4182 1202 4237 αὐτοῦ
1226 4184 1396 4253 μένει
1421 4186 1509 4252 είς
1540 4185 1648 4239 τὸν
1674 4185 1862 4241 αἰῶνα

258 4278 373 4333 τοῦ
414 4276 647 4343 αἰῶνος.
682 4275 869 4339 Οὕτως
896 4274 1052 4329 εἴωθε
1076 4275 1266 4330 καλεῖν
1298 4277 1476 4330 πάντα
1495 4276 1588 4331 τὸν
1610 4276 1671 4342 ἐξ
1690 4276 1859 4331 ἐθνῶν

260 4368 562 4441 προσιόντα
592 4366 670 4439 τῷ
701 4366 841 4438 Θεῷ.
864 4368 1201 4440 Παρίσταται
1225 4368 1282 4421 δὲ
1309 4368 1470 4423 τοῦτο
1499 4369 1608 4423 ἀπὸ
1655 4368 1750 4423 τοῦ
1777 4370 1855 4424 δι-

260 4461 617 4531 ετταλμένως
649 4460 787 4531 μετὰ
816 4461 908 4514 τὸν
925 4460 1140 4533 Ἰσραὴλ
1170 4462 1267 4515 καὶ
1293 4461 1431 4533 μετά
1460 4461 1551 4517 τὸν
1570 4457 1856 4518 οἷκονἋα-

2477 3721 2844 3777 ALLELUIA.
2884 3719 3021 3776 CXI.
3060 3746 3063 3747 ν

2038 3816 2197 3872 Vsus.
2236 3816 2350 3871 1-5.
2408 3815 2605 3870 Beatus
2660 3814 2739 3868 vir
2796 3814 2885 3884 qui
2937 3814 3085 3867 timet
3134 3812 3440 3879 Dominum,
3490 3817 3547 3871 iu

1962 3906 2232 3963 mandatis
2254 3905 2368 3974 ejus
2397 3904 2531 3959 volet
2571 3891 2749 3957 nimis.
2780 3901 2974 3957 Potens
2997 3904 3053 3955 in
3085 3912 3226 3956 terra
3253 3908 3353 3957 erit
3373 3922 3548 3961 semen

1959 4004 2096 4073 ejus,
2140 3999 2406 4071 generatio
2438 4005 2701 4051 rectorum
2732 3995 3084 4050 benedicetur.
3143 3995 3329 4051 Gloria
3367 4009 3415 4052 et
3462 3998 3546 4053 di-

1959 4094 2102 4147 vitia:
2136 4094 2192 4146 in
2213 4091 2369 4144 domo
2403 4090 2540 4159 ejus,
2564 4098 2613 4142 et
2637 4088 2855 4171 justitia
2877 4087 2991 4151 eius
3015 4098 3188 4141 manet
3211 4089 3264 4142 in
3293 4089 3547 4143 sa‘culum

1960 4188 2167 4245 sa'culi.
2222 4186 2303 4241 Ita
2340 4187 2481 4243 solet
2531 4184 2805 4255 appellare
2838 4199 3032 4239 omnes
3061 4184 3153 4255 qui
3190 4200 3258 4239 ex
3292 4184 3551 4255 gentibus

1974 4282 2041 4337 ad
2096 4280 2266 4336 Deum
2296 4278 2584 4334 accedunt.
2609 4278 2666 4331 ld
2688 4282 2818 4332 v‘ero
2847 4275 3156 4330 declaratur
3184 4291 3249 4330 ex
3278 4292 3364 4341 eo,
3401 4278 3547 4347 quod

1961 4372 2221 4430 distincte
2259 4378 2383 4444 post
2414 4369 2692 4433 lsraelem,
2725 4377 2849 4439 post
2899 4366 3123 4421 domum
3175 4367 3434 4437 Aaronis,
3494 4378 3549 4424 et

1962 4472 2089 4537 post
2117 4464 2339 4521 domum
2389 4460 2541 4527 Levi,
2580 4458 2837 4515 timentes
2863 4458 3152 4511 Dominum
3184 4457 3251 4511 ad
3285 4458 3549 4529 hymnum

264 4554 400 4627 ρῶν,
432 4552 528 4607 καὶ
564 4552 702 4623 μετά
729 4552 822 4606 τὸν
850 4549 995 4607 οἷκον
1028 4553 1178 4616 Λευῖ,
1208 4554 1337 4617 τοὺς
1364 4554 1729 4626 φοϐουμένους
1765 4555 1853 4609 τὸν

1961 4557 2058 4611 Dei
2088 4562 2478 4627 provocentur,
2517 4558 2577 4605 ut
2622 4549 2751 4604 alibi
2795 4548 3019 4603 dicitur.
3080 4545 3208 4600 Post
3243 4546 3366 4601 illos
3405 4548 3549 4602 enim

264 4645 475 4717 Κύριον
508 4644 600 4696 ἐπὶ
628 4643 718 4696 τὸν
750 4642 917 4714 ὕμνον
946 4645 1040 4699 τοῦ
1074 4644 1211 4699 Θεοῦ
1239 4645 1540 4711 καλεῖσθαι,
1565 4646 1640 4711 ὡς
1666 4648 1724 4700 ὲν
1746 4647 1853 4700 ἐτέ-

1961 4648 2182 4720 quinam
2216 4643 2295 4699 illi
2330 4641 2619 4695 Dominum
2649 4639 2903 4692 timentes
2936 4650 3059 4691 esse
3084 4644 3329 4705 possent,
3355 4637 3462 4691 nisi
3486 4653 3549 4691 ex

268 4754 383 4810 ροις
414 4736 653 4807 εἴρηται.
692 4736 851 4798 Τίνες
878 4737 987 4809 γὰρ
1021 4739 1086 4793 ἂν
1115 4734 1225 4793 εἷεν
1266 4740 1404 4811 μετὰ
1426 4739 1648 4804 τούτους
1685 4741 1734 4793 οἱ
1768 4756 1853 4810 φο‹

1961 4739 2217 4812 gentibus
2269 4733 2543 4807 peregrini
2572 4739 2627 4787 et
2657 4728 3016 4799 alienigena?
3045 4727 3233 4797 Itaque
3264 4728 3316 4781 in
3343 4729 3555 4798 psalmo

265 4829 526 4901 δούμενοι
548 4827 642 4881 τὸν
668 4828 874 4899 Κύριον
899 4830 1013 4883 ἀλλ’
1044 4831 1149 4901 ἢοὶ
1175 4832 1235 4897 ἐξ
1257 4832 1426 4887 ἐθνῶν
1458 4831 1748 4902 ἀλλόφυλοι
1772 4833 1853 4886 καλ

1962 4849 2125 4904 quem
2158 4836 2483 4890 tractamus,
2512 4840 2622 4879 non
2658 4824 2801 4878 alius
2832 4822 2995 4875 fuerit
3029 4821 3266 4891 populus
3298 4821 3392 4890 qui
3420 4821 3552 4876 bea-

268 4922 617 4991 ἀλλογενεῖς;
652 4920 862 4973 Οὐκοῦν
912 4922 971 4974 ὲν
1005 4921 1085 4993 τῷ
1116 4924 1253 4994 μετὰ
1306 4928 1495 4996 χεῖρας
1534 4925 1734 4997 ψαλμῷ
1766 4926 1853 4979 οὐκ

1963 4935 2054 4982 tus
2080 4922 2432 4996 praedicatur,
2463 4918 2531 4972 ab
2559 4931 2626 4972 eo
2656 4916 2749 4987 qui
2780 4930 2847 4970 ex
2874 4914 3133 4985 gentibus
3157 4913 3224 4968 ad
3255 4912 3426 4968 Deum
3455 4929 3551 4967 ac-

272 5014 434 5079 ἀλλος
466 5030 549 5077 τις
572 5012 637 5066 ἂν
661 5014 746 5085 εἴη
772 5016 800 5067 ό
830 5014 1267 5087 μακαριζόμενος
1295 5016 1389 5070 τοῦ
1419 5017 1477 5083 ἐξ
1497 5016 1666 5071 ὲθνῶν
1692 5036 1863 5090 προσ-

273 5104 596 5177 εληλυθότος
628 5104 705 5177 τῷ
736 5105 855 5176 Θεῷ
884 5105 1015 5160 λαοῦ
1034 5124 1047 5137 °
1076 5108 1257 5161 ὅντινα
1302 5108 1560 5179 ὀνομάζει
1603 5108 1864 5181 φοϐούμε-

274 5214 365 5252 νον
390 5197 485 5251 τὸν
506 5196 731 5270 Κύριον.
756 5198 831 5252 Οὐ
860 5198 965 5271 μὴν
994 5198 1095 5271 ήδη
1125 5217 1227 5252 που
1257 5200 1526 5271 μακάριος
1549 5203 1577 5255 ὁ
1600 5200 1871 5283 τοιοῦτος’

278 5290 325 5341 εί
358 5288 433 5361 μὴ
467 5288 643 5341 καὶτὸ
668 5288 795 5361 ἑξῆς
822 5290 1002 5344 αὐτῶν
1028 5294 1292 5345 ἐποιεῖτοο
1321 5292 1567 5346 τουτέστι
1588 5294 1650 5346 τὸ
1673 5296 1731 5347 ὲν
1754 5298 1875 5359 ταῖς

280 5383 523 5446 ἐντολαῖς
564 5382 729 5436 αὑτοῦ
768 5382 943 5437 θέλειν
973 5385 1198 5457 σφόδρα,
1233 5384 1493 5455 ἀσφαλῶς
1518 5386 1573 5440 δὲ
1608 5386 1671 5439 τὸ
1702 5386 1874 5441 θέλειν

280 5472 563 5545 κέκτηται,
601 5472 678 5536 ὡς
716 5473 783 5527 ἂν
814 5474 889 5545 μὴ
919 5475 1225 5545 ἐπάναγκες
1252 5477 1385 5549 μηδὲ
1424 5478 1577 5549 παρὰ
1611 5477 1871 5550 προαίρει-

285 5582 371 5619 σιν
413 5564 729 5634 φυλάττοιτό
761 5584 845 5630 τις
875 5566 974 5631 τὰς
1015 5569 1253 5636 ἐντολὰς,
1291 5570 1407 5624 ἀλλ’
1441 5568 1743 5642 ἐθελοντὴς,
1773 5570 1870 5624 καὶ

1967 5016 2135 5073 cessit
2171 5033 2185 5069 :
2217 5026 2381 5085 quem
2418 5008 2657 5081 appellat
2686 5007 2972 5060 timentem
3006 5003 3323 5059 Dominum.
3366 5003 3553 5075 Neque

1968 5118 2154 5164 tamen
2197 5105 2290 5162 ille
2322 5102 2508 5159 statim
2555 5100 2773 5164 beatus,
2826 5096 2935 5153 nisi
2973 5112 3095 5167 qua:
3139 5105 3448 5167 sequuntur
3478 5096 3554 5150 fc-

1976 5199 2154 5265 cerit;
2205 5196 2260 5251 id
2293 5202 2377 5250 est
2408 5200 2467 5247 ut
2496 5189 2753 5246 mandata
2785 5189 2906 5259 eius
2936 5188 3093 5243 valde
3120 5187 3326 5258 cupiat,
3363 5202 3427 5240 ac
3462 5203 3553 5241 vo-

1976 5292 2245 5347 luntatem
2278 5284 2507 5340 ﬁrmiter
2555 5290 2769 5349 teneat;
2802 5295 2903 5335 nec
2936 5286 3187 5342 coactus,
3240 5288 3333 5331 aut
3361 5284 3553 5345 praeter

1976 5378 2147 5436 animi
2187 5375 2441 5432 affectum
2497 5371 2756 5427 mandata
2805 5370 3101 5433 custodiat,
3145 5366 3242 5423 sed
3296 5366 3472 5423 libens
3504 5375 3554 5421 et

1976 5488 2102 5530 cum
2144 5468 2429 5525 alacritate
2482 5464 2905 5536 complectatur,
2967 5475 3033 5515 ac
3089 5460 3306 5517 sincere
3367 5460 3553 5531 diligat

1976 5564 2361 5621 mandatorum
2390 5559 2487 5615 Dei
2523 5556 2988 5614 observationem.

290 5658 427 5745 μετά
454 5660 549 5715 τοῦ
585 5660 833 5732 στέργειν
868 5663 964 5717 σὺν
1004 5664 1154 5739 πάσῃ
1196 5666 1474 5740 προθυμίᾳ
1504 5666 1597 5721 καὶ
1624 5665 1863 5738 γνησίως
1892 5662 2112 5733 ἀγαπᾷν
2143 5658 2241 5732 τὴν
2265 5657 2373 5713 τῶν
2396 5654 2626 5712 ἐντολῶν
2646 5650 2740 5706 τοῦ
2770 5647 2906 5705 Θεοῦ
2936 5646 3201 5720 φυλακήν.

358 5816 405 5849 ’⁸
442 5815 459 5869 l
493 5813 650 5872 Joan.
686 5832 759 5879 tv.
796 5816 883 5873 18.
