3964 6508
512 315 642 372 1347
1149 315 1421 373 EUSEBll
1457 312 1939 373 CAESARIENSIS
1972 313 2123 371 OPP.
2164 313 2346 370 PARS
2382 312 2471 370 lll.
2511 344 2581 356 -—
2618 311 3030 370 EXEGETICA.
3589 320 3697 377 tua

575 429 743 489 Vens.
774 430 895 485 4-6.
932 430 1189 485 Exortum
1218 441 1297 486 est
1335 433 1389 486 in
1417 431 1643 486 tenebris
1678 432 1848 487 lumen
1892 433 2069 497 rectis,
2101 439 2140 496 Α

2135 461 2147 496 ι
2256 431 2663 496 Ἔξανέτειλεν
2684 431 2755 484 ἐν
2781 430 2985 484 σκότει
3012 428 3138 499 φῶς
3170 429 3289 496 τοῖς
3308 430 3700 502 ὠθέσινλλεή.

511 525 802 578 misericors
824 534 873 578 et
898 526 1180 579 miserator
1196 536 1245 579 et
1259 525 1461 594 justus.
1518 526 1569 580 ls
1592 526 1684 595 qui
1709 526 1899 582 beatus
1934 540 2072 595 pra:-

2169 537 2299 590 μων
2351 519 2449 573 καὶ
2490 519 2804 589 οὶκτζρμων
2828 519 2925 572 καὶ
2958 518 3205 585 δίκαιος.
3223 519 3277 572 ’0
3314 521 3700 591 μακαριζόμενος

510 616 741 681 dicatur,
775 618 1054 687 pr0prium
1097 617 1281 673 lumen
1339 633 1448 673 non
1495 618 1717 682 deserit,
1771 618 2075 672 doctrinam

2172 613 2233 665 τὸ
2278 615 2473 666 οἰκεῖον
2522 614 2637 682 φῶς
2672 613 2731 665 οὐ
2772 611 3057 673 διαλείπει,
3084 611 3446 678 ἐξανατέλλων
3480 614 3536 665 οὐ
3580 619 3700 684 πᾶσι,

510 722 660 763 suam
692 725 800 764 non
836 709 1115 774 omnibus,
1145 710 1242 764 sed
1288 711 1454 764 rectis
1487 709 1688 765 exoriri
1733 707 1963 772 faciens,
2011 724 2075 763 ac

2173 705 2271 778 τὴν
2299 705 2643 760 διδασκαλίαν
2677 706 2733 759 δὲ
2763 707 2875 767 τοῖς
2919 703 3135 757 εὐθέσιν
3186 702 3376 769 αὑτοῦ,
3412 706 3503 759 καὶ
3540 706 3593 759 τὸ
3628 708 3705 778 τῆς

509 812 687 857 lumen
722 802 1048 873 cognitionis
1090 802 1240 857 intus
1301 802 1356 856 in
1422 810 1695 857 rectorum
1729 803 2074 873 generatione

2174 798 2425 868 γνώσεως
2447 798 2561 869 φῶς
2589 798 2736 851 ένδον
2763 799 2821 852 ἐν
2840 800 2907 869 τῇ
2928 796 3039 851 τῶν
3063 796 3266 850 εὑθέων
3289 799 3451 869 γενεᾷ
3473 800 3702 870 παρέχων,

508 894 772 964 praebens,
793 909 857 949 ac
887 902 1065 950 rectos
1096 896 1432 950 illuminans.
1454 895 1730 950 Jucundus
1757 896 1835 949 vir
1854 896 1944 966 qui
1975 895 2073 948 mi-

2173 893 2267 945 καὶ
2296 893 2426 955 τοὺς
2457 890 2633 954 εὐθεῖς
2665 888 2933 959 φωτίζων.
2966 888 3241 958 Χρηστὸς
3276 887 3433 956 ἀνὴρ
3472 892 3503 944 ό
3537 893 3710 944 οἰκτεί-

508 994 705 1040 seretur
746 996 795 1040 et
822 985 1139 1041 commodat.
1164 985 1283 1041 Non
1317 987 1558 1042 oceludit
1592 987 1801 1041 viscera
1829 1000 1948 1048 sua,
1979 983 2073 1039 sed

2165 1002 2290 1054 ρων
2311 985 2409 1037 καὶ
2436 983 2804 1054 κηρῶν-,βω
2830 982 3107 1037 ἀποκλείει
3136 981 3202 1035 τὰ
3234 979 3427 1037 ἐαυτοῦ
3450 981 3704 1054 σπλάγχνα,

506 1078 645 1132 bona
676 1094 774 1133 sua
811 1062 1096 1150 egentibus
1130 1078 1370 1148 impertit
1406 1098 1418 1133 :
1452 1078 1581 1149 quia
1608 1078 1713 1133 hoc
1746 1086 2071 1148 praeceptum

2172 1076 2309 1129 ἀλλὰ
2339 1075 2655 1145 μεταδίδωσι
2678 1074 2786 1127 τῶν
2816 1073 3170 1145 ὑπαρχόντων
3201 1075 3313 1136 τοῖς
3344 1071 3617 1142 δεομένοις,
3640 1073 3710 1127 διὰ

506 1170 694 1240 implet
721 1190 732 1224 :
761 1170 894 1238 Quis
917 1183 995 1225 est
1018 1172 1191 1241 fidelis
1219 1182 1267 1225 et
1284 1172 1510 1241 prudens
1547 1188 1864 1235 meonomus,
1902 1172 1991 1241 qui
2021 1171 2071 1223 in

2171 1167 2232 1220 τὸ
2263 1167 2549 1237 φυλάττειν
2572 1166 2789 1237 ἐντολὴν
2815 1166 2913 1238 τὴν
2943 1165 3237 1234 λέγουσαν
3271 1165 3368 1231 Τίς
3395 1157 3506 1232 ἆρα
3534 1164 3709 1231 πιστός

504 1272 732 1329 tempore
765 1263 1025 1317 conservis
1063 1261 1212 1315 dabit
1272 1264 1437 1316 tritici
1478 1264 1830 1317 mensuram?
1880 1261 2069 1314 Beatus

2174 1259 2271 1311 καὶ
2298 1260 2582 1327 φρόνιμος
2608 1258 2941 1326 οἰκονόμος,
2969 1256 3037 1322 ὃς
3064 1257 3133 1309 ἐν
3153 1253 3337 1323 καιρῷ
3364 1254 3534 1309 δώσει
3567 1256 3619 1308 τὸ
3646 1272 3709 1308 σι-

504 1354 593 1408 ille
622 1372 798 1409 servus
832 1372 981 1425 quem
1008 1372 1127 1409 cum
1156 1356 1347 1409 venerit
1390 1354 1634 1408 dominus
1669 1356 1804 1417 eius,
1851 1354 2069 1406 inveniet

2173 1348 2479 1419 τομέτριον
2514 1348 2639 1416 τοῖς
2680 1347 3079 1413 συνδούλοις;
3118 1345 3422 1414 Μακάριος
3462 1348 3494 1401 ό
3531 1345 3710 1413 δοῦλος

503 1447 581 1499 sic
609 1445 908 1515 facientem.
944 1444 1072 1500 Vere
1103 1446 1219 1500 dico
1247 1447 1410 1510 vobis,
1442 1446 1690 1515 quoniam
1718 1462 1872 1514 super
1898 1447 2068 1500 omnia

2176 1439 2423 1504 ἐκεῖνος,
2463 1438 2536 1491 ὃν
2572 1438 2762 1493 ἐλθὼν
2803 1439 2835 1491 ό
2885 1437 3088 1504 κύριος
3108 1435 3311 1505 ζαὺτοῦ
3340 1434 3582 1503 ξεὺρήσει
3615 1453 3712 1490 ποι-

504 1536 638 1589 bona
674 1554 774 1591 sua
806 1538 1087 1591 constituet
1115 1554 1234 1591 eum
1267 1538 1333 1591 ⁸⁷.
1374 1537 1629 1607 Disponet
1664 1554 1927 1592 sermones
1953 1555 2069 1592 suos

2176 1532 2361 1586 οὗντα
2404 1530 2610 1597 οὕτως.
2629 1527 2881 1598 Ἀληθῶς
2927 1527 3083 1598 λέγω
3114 1527 3280 1597 ὑμῖν,
3326 1526 3418 1580 ὅτι
3462 1527 3549 1580 ἐπὶ
3592 1527 3711 1583 πᾶσι

503 1630 557 1683 in
576 1629 943 1701 judicio,quia
970 1631 1023 1683 in
1058 1638 1311 1684 a’lernum
1336 1646 1439 1684 non
1463 1629 1887 1686 commovebitur.
1905 1629 2068 1697 Talis,

2177 1622 2302 1689 τοῖς
2329 1621 2712 1691 ὑπάρχουσιν
2743 1619 2929 1675 αὑτοῦ
2965 1619 3336 1689 καταστήσει
3369 1618 3563 1671 αὐτόν.
3588 1621 3712 1671 Οἰκο-

504 1722 702 1793 inquit,
730 1724 911 1787 homo,
938 1732 990 1779 et
1017 1724 1110 1793 qui
1147 1724 1277 1777 talia
1311 1723 1444 1794 agit,
1487 1740 1665 1795 neque
1696 1724 1875 1789 cadet,
1901 1741 2069 1794 neque

2147 1787 2151 1795 λ
2179 1714 2428 1784 νομήσει
2453 1714 2593 1781 τοὺς
2616 1714 2837 1783 λόγους
2869 1712 3054 1767 αὐτοῦ
3080 1712 3149 1765 ἐν
3172 1712 3389 1779 κρίσει,
3421 1710 3505 1763 ὅτι
3534 1712 3608 1775 είς
3634 1710 3712 1763 τόν

502 1815 934 1869 commovebitur
973 1831 1005 1868 a
1036 1831 1135 1870 sua
1166 1830 1332 1886 supra
1390 1825 1603 1885 petram
1649 1816 1907 1871 statione.
1957 1814 2067 1870 Non

2145 1784 2152 1831 ί
2177 1804 2359 1859 αἰῶνα
2382 1807 2455 1859 οὺ
2494 1803 2955 1871 σαλευθήσεται.
2974 1804 3030 1857 Ὀ
3058 1802 3321 1867 τοιοῦτος,
3355 1802 3505 1873 φησὶ,
3527 1803 3609 1855 καὶ
3627 1820 3710 1854 τοι-

501 1905 645 1957 enim
686 1904 995 1974 principum
1047 1906 1226 1961 minas
1286 1905 1683 1969 reformidabit,
1745 1921 1854 1961 non
1912 1905 2066 1977 perti-

2178 1897 2316 1951 αὖτα
2352 1897 2625 1969 πράττων,
2650 1896 2771 1950 οὔτε
2797 1899 3061 1959 πεσεῖται,
3088 1895 3211 1948 οὔτε
3245 1892 3711 1964 σαλευθήσεταιτῆς

500 2004 707 2052 ιηεεεει
734 2012 849 2062 eos,
883 1998 977 2067 qui
1008 1997 1064 2051 in
1100 2006 1345 2068 tempore
1375 1998 1704 2054 calamitatis
1750 2014 1810 2055 se
1847 2006 2065 2054 contur-

2176 1988 2270 2042 ἐπὶ
2293 1989 2391 2060 τὴν
2426 1990 2631 2061 πέτραν
2666 1989 2929 2053 στάσεως.
2967 1987 3103 2043 Οὔτε
3140 1988 3249 2059 γὰρ
3289 1986 3538 2049 ἀπειλαῖς
3562 1986 3711 2057 ἀρχόν-

501 2086 631 2142 bare
662 2102 726 2142 ae
748 2088 1086 2143 confundere
1112 2098 1402 2143 conantur.

2173 2098 2281 2135 των
2310 2080 2523 2152 πτήξει,
2555 2080 2679 2134 οὔτε
2702 2081 2811 2134 τῶν
2845 2080 3094 2152 θορυϐεῖν
3121 2079 3215 2132 καὶ
3263 2078 3548 2149 ταράττειν
3586 2076 3713 2131 αὑτὸν

2176 2174 2530 2245 πειρωμένων
2563 2177 2620 2228 ἐν
2654 2178 2867 2247 καιροῖς
2898 2175 3328 2245 περιστατικοῖς.

568 2281 737 2337 Vens.
765 2282 821 2347 7,
850 2282 904 2337 8.
940 2279 1006 2335 In
1031 2282 1285 2336 memoria
1309 2290 1507 2336 azterna
1528 2282 1629 2335 erit
1652 2281 1856 2350 justus,
1879 2296 1943 2333 ab
1973 2297 2073 2333 au-

2244 2291 2351 2355 Εἰς
2392 2288 2788 2358 μνημόσυνον
2840 2286 3081 2341 αἰώνιον
3128 2286 3300 2341 ἔσται
3362 2285 3597 2351 δίκαιος,
3622 2284 3711 2338 ἀπὸ

498 2371 697 2425 ditione
727 2371 871 2424 mala
901 2388 1003 2425 non
1034 2371 1253 2427 timebit.
1290 2370 1408 2426 Non
1451 2388 1515 2427 ex
1552 2372 1734 2427 verbis
1782 2371 2063 2437 mendacii,

2174 2380 2363 2449 ἁκοῆς
2384 2378 2652 2447 πονηρᾶς
2680 2382 2751 2433 οὐ
2773 2378 3194 2448 φοϐηθήσεται.
3216 2378 3340 2431 Οὐδ’
3356 2379 3422 2431 ἐκ
3446 2377 3601 2445 λόγων
3616 2378 3708 2444 ψευ-

498 2481 619 2537 quae
647 2466 928 2519 veritatem
965 2466 1184 2534 quidem
1232 2464 1557 2535 praeferunt,
1610 2465 1706 2519 sed
1745 2475 1934 2519 contra
1980 2463 2063 2519 Dei

2173 2472 2297 2538 δῶν,
2342 2471 2825 2543 ἐπαγγελλομένων
2868 2472 2965 2542 μὲν
3014 2469 3293 2542 ἀλήθειαν,
3328 2470 3631 2541 ἐπηρμένων
3667 2468 3707 2521 δὲ

499 2557 867 2627 cognitionem
922 2571 1046 2611 sese
1084 2562 1366 2619 sxserunt,
1416 2554 1629 2609 sinistri
1669 2555 1946 2625 quidpiam
1980 2569 2064 2625 pa-

2174 2564 2317 2619 κατὰ
2356 2563 2459 2633 τῆς
2487 2562 2739 2632 γνώσεως
2764 2561 2856 2615 τοῦ
2891 2561 3046 2625 Θεοῦ,
3079 2561 3328 2616 πείσεταί
3354 2579 3409 2614 τι
3438 2561 3611 2625 δεινὸν,
3638 2560 3707 2613 iis:

499 2652 689 2715 tietur,
726 2657 917 2721 utpote
948 2647 1211 2703 fundatus
1254 2661 1421 2717 supra
1454 2654 1689 2716 petram,
1747 2661 1905 2717 quem
1937 2646 2064 2700 nihil

2172 2658 2237 2729 δὴ
2268 2655 2732 2727 τεθεμελιωμένος
2766 2654 2859 2709 ἐπὶ
2887 2654 2985 2725 τὴν
3012 2654 3239 2725 πέτραν,
3272 2655 3368 2708 καὶ
3402 2652 3612 2724 μηδενὸς
3636 2652 3706 2705 οὐ·

498 2758 757 2815 separare
786 2742 960 2813 possit
990 2756 1021 2795 a
1055 2740 1324 2795 cbaritate
1354 2739 1471 2803 Dei,
1504 2754 1624 2809 quae
1656 2746 1741 2793 est
1768 2742 1824 2793 in
1855 2737 2063 2793 Christo

2171 2749 2263 2803 τὸν
2290 2741 2613 2820 χωρίζοντος
2645 2748 2752 2800 ἀπὸ
2778 2748 2874 2817 τῆς
2895 2747 3111 2817 ἀγάπης
3134 2746 3226 2800 τοῦ
3250 2746 3389 2800 Θεοῦ
3413 2747 3510 2817 τῆς
3530 2747 3582 2799 ἐν
3604 2744 3707 2816 Χρι-

495 2835 648 2892 Jcsu.
703 2834 968 2888 Paratum
1009 2848 1099 2886 cor
1133 2832 1248 2901 ejus
1276 2848 1489 2902 sperare
1515 2833 1572 2885 in
1602 2831 1851 2895 Domino,
1881 2833 2060 2901 conﬁr-

2175 2840 2285 2910 στῷ
2334 2838 2525 2910 Ἰησοῦ,
2546 2839 2775 2908 Ἑτοίμη
2810 2840 2849 2907 ἡ
2881 2838 3094 2907 καρδία
3128 2839 3317 2893 αὑτοῦ
3356 2837 3602 2898 ἐλπίζειν
3635 2835 3709 2890 bal

496 2936 703 2980 rnatum
754 2934 834 2980 est
893 2939 985 2977 cor
1039 2922 1151 2992 ejus
1195 2938 1214 2976 :
1269 2939 1373 2976 non
1444 2920 1850 2975 commovebitur
1912 2920 2061 2976 donec

2172 2932 2413 3002 Κύριον,
2455 2929 2798 2998 ἐστήρικται
2842 2931 2879 2997 ἠ
2932 2928 3146 2997 καρδία
3167 2929 3355 2983 αὑτοῦ
3376 2945 3390 2958 ⁸
3431 2930 3500 2982 οὐ
3527 2927 3602 2997 μὴ
3622 2942 3704 2996 φε-

497 3016 753 3086 despiciat
794 3015 1037 3069 inimicos
1066 3030 1213 3068 suos.
1274 3011 1420 3077 ideo,
1450 3012 1648 3081 inquit,
1679 3027 1789 3066 non
1830 3026 2062 3067 commo-

2173 3023 2349 3093 ϐηθῇ,
2382 3024 2491 3089 ἕως
2519 3019 2590 3079 οὗ
2618 3022 2792 3090 ἐπίδῃ
2832 3020 2929 3074 ἐπὶ
2971 3020 3115 3086 τοὺς
3140 3020 3396 3089 ἐχθροὺς
3425 3018 3612 3073 αὐτοῦ.
3634 3016 3708 3069 Διὰ

496 3108 748 3174 vehitur;
782 3104 877 3162 sed
901 3120 1079 3175 neque
1110 3102 1174 3157 ab
1215 3102 1482 3157 auditione
1513 3102 1658 3156 mala
1686 3101 1917 3167 timebit,
1941 3103 2061 3173 quia

2172 3116 2364 3180 ταῦτα,
2387 3116 2643 3187 φησὶν,οὐ
2672 3113 3084 3184 σαλευθήσεται,
3118 3112 3233 3165 ἀλλ’
3273 3112 3397 3165 οὐδὲ
3422 3111 3535 3166 ἀπὸ
3559 3107 3707 3176 ἀκοῆς

496 3208 744 3254 varatum
769 3214 860 3253 cor
883 3196 997 3266 ejus
1019 3204 1102 3250 est
1131 3209 1340 3262 sperare
1377 3194 1431 3246 in
1458 3192 1706 3247 Domino.
1734 3192 1889 3258 Quod
1916 3193 2061 3265 Sym-

2173 3206 2439 3276 πονηρᾶς
2461 3206 2843 3278 φοὸηθήσεται,
2874 3204 3059 3275 ἐπειδὴ
3088 3204 3294 3274 ἑτοίμη
3324 3205 3362 3271 ἡ
3398 3202 3598 3273 καρδία
3628 3202 3706 3253 ai»

497 3292 729 3346 machus
758 3290 940 3353 vertit,
996 3288 1213 3358 ﬁrmum
1245 3303 1334 3341 cor
1354 3286 1466 3356 ejus
1497 3286 1607 3339 sine
1634 3285 1990 3340 sollicitudine
2019 3288 2062 3340 in

2175 3299 2281 3354 τοῦ
2309 3296 2568 3359 ἐλπίζειν
2584 3298 2682 3350 ἐπὶ
2704 3301 2942 3364 Κυριον.
2961 3297 3100 3351 Ἀνθ’
3122 3291 3181 3350 οὗ
3203 3300 3231 3350 ὁ
3258 3296 3547 3367 Σύμμαχος
3563 3292 3706 3356 Emin-

497 3383 747 3438 Domino.
781 3380 904 3435 Ideo
938 3378 1253 3449 huiusmodi
1308 3378 1572 3431 tumultus
1598 3375 1867 3446 despicit:
1900 3388 2062 3445 neque

2177 3408 2265 3443 σεν
2282 3408 2295 3421 ·
2330 3390 2569 3458 Ἐδραία
2591 3392 2628 3458 ἠ
2651 3389 2863 3457 καρδία
2889 3389 3075 3443 αὐτοῦ
3103 3386 3427 3457 ἀμέριμνος
3451 3389 3517 3441 ἐν
3538 3386 3703 3454 Κυρίῳ.

498 3475 661 3530 modo
724 3473 975 3527 inimicos
1038 3487 1147 3525 non
1214 3469 1592 3541 pertimescit;
1672 3482 1857 3523 verum
1909 3468 2063 3521 etiam

2176 3483 2274 3536 Διὰ
2299 3482 2457 3536 τοῦτο
2487 3483 2595 3536 τῶν
2618 3481 2874 3535 τοιούτων
2913 3479 3155 3551 θορύϐων
3184 3481 3541 3550 καταφρονεῖο
3568 3478 3643 3531 καὶ
3662 3475 3707 3529 οὺ

497 3580 687 3621 eorum
716 3564 946 3627 cladem,
977 3564 1047 3617 ob
1080 3576 1231 3633 spem
1262 3562 1318 3615 in
1348 3560 1459 3616 Deo
1490 3561 1749 3624 locatam,
1769 3565 2062 3630 exspectat.

2179 3574 2339 3647 μόνον
2364 3575 2424 3628 οὐ
2461 3573 2603 3627 δέδιε
2634 3574 2760 3637 τοὺς
2783 3572 3083 3643 δυσμενεῖς,
3120 3570 3256 3624 ἀλλὰ
3288 3573 3388 3625 κα)⁵
3415 3572 3508 3643 τὴν
3530 3568 3708 3622 ἐκείνων

2182 3664 2349 3740 ἧτταν
2382 3665 2472 3720 διὰ
2502 3666 2600 3737 τὴν
2630 3666 2709 3729 είς
2727 3663 2858 3718 Θεὸν
2885 3663 3073 3717 ἐλπίδα
3107 3664 3437 3734 παραμένει.

569 3764 735 3821 Vens.
769 3764 824 3828 9,
855 3764 938 3820 10.
967 3762 1252 3830 Dispersit,
1300 3760 1443 3815 dedit
1490 3758 1831 3830 pauperibus,
1855 3760 2076 3829 justitia

2259 3782 2670 3849 Ἐσκόρπισεν,
2698 3777 2882 3831 ἔδωκε
2913 3776 3037 3842 τοῖς
3056 3774 3319 3843 πένησιν
3339 3794 3353 3807 ·
3385 3777 3425 3844 ἡ
3462 3772 3705 3828 anatomi-

497 3858 611 3924 eius
645 3865 821 3910 manet
851 3857 903 3909 in
933 3855 1184 3909 saxulum
1203 3853 1407 3914 saecula
1423 3869 1585 3906 cornu
1610 3853 1722 3920 eius
1751 3852 2062 3906 exaltabitut

2175 3887 2252 3938 νη
2284 3869 2471 3923 αὑτοῦ
2508 3868 2674 3937 μένει
2711 3870 2797 3933 εις
2830 3867 2937 3920 τὸν
2967 3865 3150 3919 αἰῶνα
3174 3866 3281 3920 τοῦ
3304 3864 3532 3931 αἰῶνος,
3558 3863 3613 3917 τὸ
3639 3860 3704 3914 ab

497 3951 553 4004 in
584 3949 775 4019 gloria.
809 3947 1064 4001 Peccator
1086 3945 1277 4000 videbit
1308 3955 1355 3999 et
1388 3946 1666 4009 irascetur,
1691 3943 1935 3999 dentibus
1963 3944 2062 3999 sui:

2167 3977 2282 4028 ρας
2310 3959 2496 4013 αὐτοῦ
2532 3957 2914 4025 ὑψωθήσεται
2956 3957 3026 4011 ὲν
3053 3957 3221 4026 δόξῃ.
3238 3958 3586 4026 Ἀμαρτωλὸς
3606 3956 3702 4022 ὄψει

501 4042 687 4112 [remet
732 4050 781 4095 et
825 4038 1050 4092 tabescet
1091 4055 1109 4091 :
1155 4037 1477 4091 desiderium
1528 4039 1816 4105 peccatoris
1864 4037 2066 4106 peribit.

2174 4070 2269 4106 ται
2302 4052 2399 4105 καὶ
2434 4048 2873 4119 ὀργισθήσεται,
2908 4049 3050 4117 τοὺς
3097 4051 3348 4119 ὀδόντας
3395 4049 3567 4105 αὐτοῦ
3586 4047 3701 4115 βρύ-

498 4128 767 4195 Quoniam
787 4135 931 4182 totus
960 4127 1049 4181 hic
1079 4142 1259 4182 sermo
1280 4126 1347 4181 de
1375 4127 1441 4181 iis
1458 4128 1551 4197 qui
1581 4127 1684 4182 ﬁde
1709 4127 1905 4181 initiati
1924 4136 2063 4192 sunt,

2176 4148 2266 4212 εει
2308 4145 2407 4200 καὶ
2437 4143 2778 4209 τακήσεται,
2816 4141 3097 4211 ἐπιθυμία
3128 4141 3473 4211 ἁμαρτωλοῦ
3512 4136 3699 4195 ἀπολεῖ-

496 4227 552 4274 θί
582 4220 649 4273 de
676 4218 876 4288 Ροβυιο
929 4232 992 4271 ex
1028 4218 1305 4287 εεηιίὺιιε,
1339 4219 1432 4288 ‘lui
1468 4234 1564 4287 Per
1595 4218 1837 4274 (Ῐίνίηίηη
1871 4220 2078 4274 ἀοείτί⁶
2174 4254 2288 4290 ται.
2320 4234 2536 4305 Ἐπειδὴ
2586 4234 2715 4304 περὶ
2755 4232 2863 4285 τῶν
2901 4232 2989 4285 διὰ
3041 4232 3275 4297 πίστεως
3316 4225 3704 4301 τελειουμένωνό

496 4326 623 4366 nam
653 4310 746 4365 Dei
786 4310 990 4364 cultum
1022 4311 1287 4381 suscepit,
1330 4313 1718 4381 pronuntiatus
1746 4319 1850 4377 est,
1882 4328 2061 4368 conse-

2178 4329 2283 4388 πᾶς
2315 4325 2491 4394 λόγος,
2518 4324 2610 4376 καὶ
2644 4323 2772 4393 περὶ
2795 4320 2889 4375 τοῦ
2916 4321 2971 4388 ἐξ
2996 4320 3163 4373 ἐθνῶν
3197 4319 3329 4373 λαοῦ
3361 4318 3452 4372 τοῦ
3482 4315 3604 4371 κατὰ
3629 4315 3699 4382 τὴν

496 4412 728 4474 quenter
759 4402 923 4457 etiam
956 4412 1221 4457 memorat
1254 4418 1350 4459 eos
1378 4419 1445 4458 ex
1478 4403 1915 4467 circumcisione,
1980 4420 2053 4473 qu

2178 4417 2327 4470 θείαν
2365 4414 2713 4469 διδασκαλίαν
2761 4413 3160 4477 θεοσεὸοὖντος,
3191 4413 3426 4484 εἴρηται,
3451 4409 3697 4470 ἀκολούθως

496 4495 801 4566 profectum
841 4495 1088 4565 gentium
1139 4495 1357 4566 indigne
1416 4494 1613 4550 ferunt.
1634 4494 1814 4561 Quare
1865 4496 2061 4550 dictum

2133 4493 2149 4536 ⁹
2181 4505 2507 4578 μνημονεύει
2536 4506 2631 4559 καὶ
2659 4504 2766 4557 τῶν
2806 4505 2871 4557 ἐκ
2915 4504 3215 4575 περιτομῆς
3240 4503 3613 4576 διαπριομένων
3634 4497 3698 4550 ἐπὶ

495 4594 601 4653 est,
626 4585 883 4640 Peccator
906 4586 1097 4640 videbit
1126 4598 1175 4640 et
1208 4588 1424 4642 irascett
1441 4604 1489 4650 r,
1536 4587 1778 4641 dentibus
1813 4588 1923 4642 suis
1962 4588 2060 4659 fre-

2173 4602 2239 4671 τῇ
2275 4602 2524 4671 προκοπῇ
2572 4598 2681 4651 τῶν
2710 4597 2769 4663 ἐξ
2798 4595 2987 4651 ἐθνῶν.
3021 4595 3111 4648 Διὸ
3151 4595 3431 4650 λέλεκται·
3473 4596 3697 4663 Ἀμαρτω-

494 4686 599 4731 met
637 4688 684 4731 et
733 4677 996 4741 tabescet;
1035 4678 1163 4748 quia
1201 4679 1427 4749 iniquus
1455 4680 1676 4749 quidem
1710 4680 1884 4750 legem
1915 4695 2059 4735 acce-

2174 4694 2284 4758 λός
2315 4692 2523 4760 ὄψεται
2569 4690 2670 4743 καὶ
2716 4687 3157 4759 όργισθήσεται,
3198 4688 3340 4754 τοὺς
3379 4687 3605 4751 ὀδόντας
3628 4685 3695 4735 ab-

494 4772 596 4842 pit,
647 4770 743 4825 sed
772 4786 892 4825 eam
933 4780 1314 4843 transgressus
1361 4780 1464 4827 est.
1526 4772 1853 4841 Hujusmodi
1890 4782 2059 4829 auten:

2174 4786 2281 4839 τοῦ
2313 4784 2526 4851 βρύξει
2558 4782 2654 4836 καὶ
2684 4780 3028 4846 τακήσεται,
3062 4779 3139 4843 ὡς
3166 4778 3262 4832 τοῦ
3290 4778 3586 4852 παρανόμου
3626 4773 3694 4844 μὲν

495 4870 578 4916 est
601 4862 854 4931 quisquis
884 4879 951 4917 ex
982 4864 1407 4919 circumcisione
1452 4864 1523 4918 ob
1561 4864 1790 4919 salutem
1827 4872 2060 4921 nostram

2174 4875 2455 4947 εἰληφότος
2486 4874 2669 4944 νόμον,
2701 4871 3147 4943 παραϐεϐηκότος
3191 4871 3248 4923 δὲ
3272 4871 3469 4924 ιαύτόν.
3497 4867 3693 4926 Τοιοῦτος

495 4952 752 5007 dentibus
791 4955 907 5008 suis
936 4953 1136 5009 fremit.
1174 4953 1287 5010 lmo
1317 4955 1482 5010 etiam
1512 4956 1747 5026 idipsum
1790 4973 1894 5012 usu
1924 4958 2060 5011 venit

2174 4966 2233 5019 δέ
2265 4966 2372 5028 πᾶς
2403 4965 2431 5017 ό
2473 4965 2537 5016 ἐκ
2581 4962 2902 5034 περιτομῆς,
2931 4957 2990 5025 ὃς
3015 4962 3109 5015 ἐπὶ
3132 4964 3197 5032 τῇ
3231 4960 3471 5032 ἡμετέρᾳ.
3502 4954 3693 5025 σωτηρίᾳ

495 5044 792 5115 gentilibus
821 5046 915 5115 qui
962 5046 1209 5102 inﬁdeles
1254 5056 1402 5112 sunt,
1460 5064 1524 5104 ae
1558 5048 1624 5103 de
1660 5046 1903 5120 profectu
1939 5065 2060 5105 suo-

2175 5058 2301 5121 τοὺς
2346 5056 2560 5119 ὀδόντας
2602 5055 2766 5108 αὐτοῦ
2812 5052 3197 5126 βρύχει.Ἀλλὰ
3228 5053 3324 5107 καὶ
3350 5055 3399 5107 oi
3428 5051 3527 5104 τῶν
3565 5045 3694 5101 ἐθνῶν

496 5151 641 5201 rum,
679 5137 772 5205 qui
798 5137 864 5192 ad
894 5138 1135 5192 divinam
1172 5137 1297 5193 vitae
1333 5140 1599 5196 rationem
1631 5141 1881 5196 translati
1920 5150 2061 5205 sunt,

2181 5149 2394 5203 ἄπιστοι
2416 5147 2611 5200 ταύτὸν
2633 5146 2933 5217 πάσχουσιν
2962 5146 3054 5198 ἐπὶ
3074 5148 3139 5217 τῇ
3164 5147 3412 5216 προκοπῇ
3442 5142 3538 5196 τῶν
3558 5141 3606 5205 ἐξ
3624 5138 3692 5191 αὐ·

496 5228 815 5285 int‘remunt.
845 5229 1114 5285 Caeterum
1149 5233 1367 5303 utrique
1403 5233 1646 5298 ordines,
1687 5233 1755 5287 de
1790 5233 1859 5289 iis
1887 5232 1981 5304 qui
2016 5232 2061 5287 in

2180 5238 2289 5293 τῶν
2338 5237 2786 5310 μεταῦεϐηκότων
2831 5238 2925 5290 ἐπὶ
2977 5237 3076 5308 τὴν
3121 5237 3262 5291 κατὰ
3291 5237 3418 5290 Θεὸν
3452 5230 3690 5288 πολιτείαν.

496 5321 716 5377 Christo
758 5322 986 5392 perfecti
1028 5332 1157 5379 sunt
1196 5323 1462 5391 furentes,
1494 5326 1797 5393 tabescent,
1830 5340 1893 5380 ac
1927 5325 2061 5382 desi-

2180 5332 2325 5402 Πλὴν
2358 5331 2642 5402 ἀμφότερα
2686 5330 2755 5383 τὰ
2800 5330 3053 5402 τάγματα
3084 5331 3437 5403 διαπριόμενα
3463 5324 3586 5381 κατὰ
3612 5321 3689 5375 τῶν

497 5414 708 5469 derium
742 5429 933 5470 eorum
968 5417 1184 5487 peribit.

2179 5418 2237 5470 ἐν
2264 5417 2483 5489 Χριστῷ
2504 5417 2706 5472 τελειου
2710 5420 2890 5489 μένων
2925 5421 3310 5492 ὲκτακήσεται,
3331 5419 3425 5490 τῆς
3436 5410 3688 5485 ,ἐπιθυμίας

2179 5507 2358 5562 αὐτῶν
2386 5508 2782 5582 ἀπολλυμένης.

562 5734 605 5766 ⁸⁷
647 5731 779 5790 Luc.
819 5750 929 5802 xu,
961 5737 1151 5793 42-44.
