  <div class='ocr_page' id='page_1' title='image "/cluster/home/n/w/nwhite01/storage/ocr_20150623/23/hvd.32044019207711/704.png"; bbox 0 0 3964 6512; ppageno 0'>
   <div class='ocr_carea' id='block_1_1' title="bbox 240 335 381 391">
    <p class='ocr_par' dir='ltr' id='par_1_1' title="bbox 240 335 381 391">
     <span class='ocr_line' id='line_1_1' title="bbox 240 335 381 391; baseline 0 -2"><span class='ocrx_word' id='word_1_1' title='bbox 240 335 381 391; x_wconf 73' lang='grc'><strong>1549</strong></span> 
     </span>
    </p>
   </div>
   <div class='ocr_carea' id='block_1_2' title="bbox 269 447 1752 505">
    <p class='ocr_par' dir='ltr' id='par_1_2' title="bbox 269 447 1752 505">
     <span class='ocr_line' id='line_1_2' title="bbox 269 447 1752 505; baseline -0.001 -3"><span class='ocrx_word' id='word_1_2' title='bbox 269 447 671 503; x_wconf 79' lang='grc' dir='ltr'><strong>ΑΛΛΠΛΟΥΙΑ</strong></span> <span class='ocrx_word' id='word_1_3' title='bbox 709 447 1002 502; x_wconf 79' lang='grc' dir='ltr'><strong>ΑΓΓΑΙΟΥ</strong></span> <span class='ocrx_word' id='word_1_4' title='bbox 1038 450 1159 502; x_wconf 80' lang='grc' dir='ltr'><strong>ΚΑΙ</strong></span> <span class='ocrx_word' id='word_1_5' title='bbox 1197 451 1563 505; x_wconf 69' lang='grc' dir='ltr'><strong>ΖᾹΧΑΡΙΟΥ.</strong></span> <span class='ocrx_word' id='word_1_6' title='bbox 1605 450 1752 504; x_wconf 83' lang='lat' dir='ltr'><strong>PlB&#39;.</strong></span> 
     </span>
    </p>
   </div>
   <div class='ocr_carea' id='block_1_3' title="bbox 305 559 1823 630">
    <p class='ocr_par' dir='ltr' id='par_1_3' title="bbox 305 559 1823 630">
     <span class='ocr_line' id='line_1_3' title="bbox 305 559 1823 630; baseline -0.001 -13"><span class='ocrx_word' id='word_1_7' title='bbox 305 560 555 626; x_wconf 72' lang='grc' dir='ltr'>Αἰνεῖτε,</span> <span class='ocrx_word' id='word_1_8' title='bbox 588 559 815 627; x_wconf 81' lang='grc' dir='ltr'>παῖδες,</span> <span class='ocrx_word' id='word_1_9' title='bbox 846 559 956 615; x_wconf 86' lang='grc' dir='ltr'><strong>τὸν</strong></span> <span class='ocrx_word' id='word_1_10' title='bbox 984 561 1223 629; x_wconf 78' lang='grc' dir='ltr'><strong>Κύριον,</strong></span> <span class='ocrx_word' id='word_1_11' title='bbox 1264 562 1480 617; x_wconf 76' lang='lat' dir='ltr'><strong>circite</strong></span> <span class='ocrx_word' id='word_1_12' title='bbox 1522 562 1589 616; x_wconf 88' lang='grc' dir='ltr'><strong>τὸ</strong></span> <span class='ocrx_word' id='word_1_13' title='bbox 1636 561 1823 630; x_wconf 76' lang='grc' dir='ltr'>ὄνομα</span> 
     </span>
    </p>
   </div>
   <div class='ocr_carea' id='block_1_4' title="bbox 238 651 1823 723">
    <p class='ocr_par' dir='ltr' id='par_1_4' title="bbox 238 651 1823 723">
     <span class='ocr_line' id='line_1_4' title="bbox 238 651 1823 723; baseline -0.003 -14"><span class='ocrx_word' id='word_1_14' title='bbox 238 654 481 721; x_wconf 83' lang='grc' dir='ltr'>Κυρίου.</span> <span class='ocrx_word' id='word_1_15' title='bbox 519 652 629 719; x_wconf 81' lang='grc' dir='ltr'><strong>Ετη</strong></span> <span class='ocrx_word' id='word_1_16' title='bbox 656 651 720 705; x_wconf 89' lang='grc' dir='ltr'><strong>τὸ</strong></span> <span class='ocrx_word' id='word_1_17' title='bbox 752 651 939 722; x_wconf 79' lang='grc' dir='ltr'>ὄνομα</span> <span class='ocrx_word' id='word_1_18' title='bbox 985 654 1203 720; x_wconf 84' lang='grc' dir='ltr'><strong>Κυρίου</strong></span> <span class='ocrx_word' id='word_1_19' title='bbox 1242 652 1655 723; x_wconf 72' lang='grc' dir='ltr'>εὐλογημένον</span> <span class='ocrx_word' id='word_1_20' title='bbox 1703 652 1823 707; x_wconf 80' lang='grc' dir='ltr'><strong>ἀπὸ</strong></span> 
     </span>
    </p>
   </div>
   <div class='ocr_carea' id='block_1_5' title="bbox 238 744 1821 813">
    <p class='ocr_par' dir='ltr' id='par_1_5' title="bbox 238 744 1821 813">
     <span class='ocr_line' id='line_1_5' title="bbox 238 744 1821 813; baseline -0.003 -12"><span class='ocrx_word' id='word_1_21' title='bbox 238 746 343 801; x_wconf 82' lang='grc' dir='ltr'><strong>τοῦ</strong></span> <span class='ocrx_word' id='word_1_22' title='bbox 398 744 518 799; x_wconf 88' lang='grc' dir='ltr'><strong>νῦν</strong></span> <span class='ocrx_word' id='word_1_23' title='bbox 580 745 678 799; x_wconf 75' lang='grc' dir='ltr'>καὶ</span> <span class='ocrx_word' id='word_1_24' title='bbox 735 745 847 813; x_wconf 83' lang='grc' dir='ltr'>ἕως</span> <span class='ocrx_word' id='word_1_25' title='bbox 903 747 1010 801; x_wconf 80' lang='grc' dir='ltr'><strong>τοῦ</strong></span> <span class='ocrx_word' id='word_1_26' title='bbox 1064 746 1297 813; x_wconf 77' lang='grc' dir='ltr'>αἰῶνος.</span> <span class='ocrx_word' id='word_1_27' title='bbox 1349 746 1535 800; x_wconf 81' lang='grc' dir='ltr'><strong>Πάντα</strong></span> <span class='ocrx_word' id='word_1_28' title='bbox 1588 746 1680 801; x_wconf 83' lang='grc' dir='ltr'><strong>τὸν</strong></span> <span class='ocrx_word' id='word_1_29' title='bbox 1733 744 1821 799; x_wconf 87' lang='grc' dir='ltr'>διὰ</span> 
     </span>
    </p>
   </div>
   <div class='ocr_carea' id='block_1_6' title="bbox 238 836 1823 912">
    <p class='ocr_par' dir='ltr' id='par_1_6' title="bbox 238 836 1823 912">
     <span class='ocr_line' id='line_1_6' title="bbox 238 836 1823 912; baseline 0.001 -20"><span class='ocrx_word' id='word_1_30' title='bbox 238 839 297 892; x_wconf 86' lang='grc' dir='ltr'><strong>τὸ</strong></span> <span class='ocrx_word' id='word_1_31' title='bbox 348 837 630 908; x_wconf 72' lang='grc' dir='ltr'>φοϐεῖσθαι</span> <span class='ocrx_word' id='word_1_32' title='bbox 676 836 880 909; x_wconf 80' lang='grc' dir='ltr'>Κύριον</span> <span class='ocrx_word' id='word_1_33' title='bbox 934 839 1200 909; x_wconf 86' lang='grc' dir='ltr'>μακάριον</span> <span class='ocrx_word' id='word_1_34' title='bbox 1247 840 1612 910; x_wconf 82' lang='grc' dir='ltr'><strong>γεγενημένον</strong></span> <span class='ocrx_word' id='word_1_35' title='bbox 1656 839 1823 912; x_wconf 80' lang='grc' dir='ltr'>ἄνδρα</span> 
     </span>
    </p>
   </div>
   <div class='ocr_carea' id='block_1_7' title="bbox 238 930 1819 1005">
    <p class='ocr_par' dir='ltr' id='par_1_7' title="bbox 238 930 1819 1005">
     <span class='ocr_line' id='line_1_7' title="bbox 238 930 1819 1005; baseline 0.001 -22"><span class='ocrx_word' id='word_1_36' title='bbox 238 930 738 1001; x_wconf 82' lang='grc' dir='ltr'>ὁποτυπωσάμενος</span> <span class='ocrx_word' id='word_1_37' title='bbox 783 932 812 985; x_wconf 91' lang='lat'><strong>6</strong></span> <span class='ocrx_word' id='word_1_38' title='bbox 863 931 1022 1000; x_wconf 82' lang='grc' dir='ltr'><strong>λόγος</strong></span> <span class='ocrx_word' id='word_1_39' title='bbox 1059 934 1116 985; x_wconf 83' lang='grc' dir='ltr'><strong>ὲν</strong></span> <span class='ocrx_word' id='word_1_40' title='bbox 1144 930 1222 1003; x_wconf 82' lang='grc' dir='ltr'>τῷ</span> <span class='ocrx_word' id='word_1_41' title='bbox 1255 932 1362 1003; x_wconf 90' lang='grc' dir='ltr'><strong>πρὸ</strong></span> <span class='ocrx_word' id='word_1_42' title='bbox 1384 933 1574 985; x_wconf 87' lang='grc' dir='ltr'>τούτου</span> <span class='ocrx_word' id='word_1_43' title='bbox 1601 932 1819 1005; x_wconf 75' lang='grc' dir='ltr'>ψαλμῷ,</span> 
     </span>
    </p>
   </div>
   <div class='ocr_carea' id='block_1_8' title="bbox 238 1022 1825 1095">
    <p class='ocr_par' dir='ltr' id='par_1_8' title="bbox 238 1022 1825 1095">
     <span class='ocr_line' id='line_1_8' title="bbox 238 1022 1825 1095; baseline 0.001 -19"><span class='ocrx_word' id='word_1_44' title='bbox 238 1022 327 1076; x_wconf 85' lang='grc' dir='ltr'><strong>τόν</strong></span> <span class='ocrx_word' id='word_1_45' title='bbox 369 1040 431 1076; x_wconf 88' lang='grc' dir='ltr'><strong>τε</strong></span> <span class='ocrx_word' id='word_1_46' title='bbox 478 1022 591 1093; x_wconf 89' lang='grc' dir='ltr'>βίον</span> <span class='ocrx_word' id='word_1_47' title='bbox 628 1022 736 1077; x_wconf 85' lang='grc' dir='ltr'>τῶν</span> <span class='ocrx_word' id='word_1_48' title='bbox 764 1024 1018 1078; x_wconf 84' lang='grc' dir='ltr'><strong>τοιούτων</strong></span> <span class='ocrx_word' id='word_1_49' title='bbox 1052 1024 1146 1078; x_wconf 72' lang='grc' dir='ltr'>καὶ</span> <span class='ocrx_word' id='word_1_50' title='bbox 1186 1024 1285 1095; x_wconf 83' lang='grc' dir='ltr'>τὴν</span> <span class='ocrx_word' id='word_1_51' title='bbox 1319 1024 1460 1078; x_wconf 87' lang='grc' dir='ltr'>κατὰ</span> <span class='ocrx_word' id='word_1_52' title='bbox 1501 1024 1633 1078; x_wconf 84' lang='grc' dir='ltr'>Θεὸν</span> <span class='ocrx_word' id='word_1_53' title='bbox 1674 1026 1825 1078; x_wconf 83' lang='grc' dir='ltr'>πολι-</span> 
     </span>
    </p>
   </div>
   <div class='ocr_carea' id='block_1_9' title="bbox 238 1114 1823 1189">
    <p class='ocr_par' dir='ltr' id='par_1_9' title="bbox 238 1114 1823 1189">
     <span class='ocr_line' id='line_1_9' title="bbox 238 1114 1823 1189; baseline 0.002 -22"><span class='ocrx_word' id='word_1_54' title='bbox 238 1115 412 1180; x_wconf 86' lang='grc' dir='ltr'>τείαν,</span> <span class='ocrx_word' id='word_1_55' title='bbox 441 1116 534 1169; x_wconf 82' lang='grc' dir='ltr'>καὶ</span> <span class='ocrx_word' id='word_1_56' title='bbox 558 1114 618 1168; x_wconf 87' lang='grc' dir='ltr'><strong>τὸ</strong></span> <span class='ocrx_word' id='word_1_57' title='bbox 648 1116 741 1168; x_wconf 74' lang='grc' dir='ltr'><strong>ἐπὶ</strong></span> <span class='ocrx_word' id='word_1_58' title='bbox 764 1115 972 1179; x_wconf 83' lang='grc' dir='ltr'>τούτοις</span> <span class='ocrx_word' id='word_1_59' title='bbox 1001 1116 1153 1187; x_wconf 85' lang='grc' dir='ltr'><strong>παρά</strong></span> <span class='ocrx_word' id='word_1_60' title='bbox 1184 1116 1302 1188; x_wconf 83' lang='grc' dir='ltr'><strong>Θεῷ</strong></span> <span class='ocrx_word' id='word_1_61' title='bbox 1318 1116 1471 1180; x_wconf 83' lang='grc' dir='ltr'>τέλος</span> <span class='ocrx_word' id='word_1_62' title='bbox 1500 1117 1823 1189; x_wconf 76' lang='grc' dir='ltr'><strong>ὑπογράψας</strong></span> 
     </span>
    </p>
   </div>
   <div class='ocr_carea' id='block_1_10' title="bbox 237 1202 1823 1279">
    <p class='ocr_par' dir='ltr' id='par_1_10' title="bbox 237 1202 1823 1279">
     <span class='ocr_line' id='line_1_10' title="bbox 237 1202 1823 1279; baseline 0.003 -20"><span class='ocrx_word' id='word_1_63' title='bbox 237 1208 295 1259; x_wconf 79' lang='grc' dir='ltr'>ὲν</span> <span class='ocrx_word' id='word_1_64' title='bbox 325 1206 408 1278; x_wconf 82' lang='grc' dir='ltr'>τῷ</span> <span class='ocrx_word' id='word_1_65' title='bbox 442 1208 806 1279; x_wconf 81' lang='grc' dir='ltr'><strong>προκειμένῳ,</strong></span> <span class='ocrx_word' id='word_1_66' title='bbox 832 1208 976 1273; x_wconf 88' lang='grc' dir='ltr'>τίνες</span> <span class='ocrx_word' id='word_1_67' title='bbox 1005 1209 1135 1262; x_wconf 88' lang='grc' dir='ltr'>ποτέ</span> <span class='ocrx_word' id='word_1_68' title='bbox 1180 1210 1317 1261; x_wconf 69' lang='grc' dir='ltr'>εἰσιν</span> <span class='ocrx_word' id='word_1_69' title='bbox 1340 1202 1505 1273; x_wconf 76' lang='grc' dir='ltr'>οὗτοι,</span> <span class='ocrx_word' id='word_1_70' title='bbox 1540 1210 1635 1264; x_wconf 78' lang='grc' dir='ltr'>καὶ</span> <span class='ocrx_word' id='word_1_71' title='bbox 1661 1211 1823 1263; x_wconf 85' lang='grc' dir='ltr'>τίνων</span> 
     </span>
    </p>
   </div>
   <div class='ocr_carea' id='block_1_11' title="bbox 237 1300 1824 1373">
    <p class='ocr_par' dir='ltr' id='par_1_11' title="bbox 237 1300 1824 1373">
     <span class='ocr_line' id='line_1_11' title="bbox 237 1300 1824 1373; baseline 0.003 -21"><span class='ocrx_word' id='word_1_72' title='bbox 237 1300 566 1370; x_wconf 80' lang='grc' dir='ltr'>τυγχάνουσι</span> <span class='ocrx_word' id='word_1_73' title='bbox 592 1301 960 1373; x_wconf 71' lang='grc' dir='ltr'>παραπλήσιοι</span> <span class='ocrx_word' id='word_1_74' title='bbox 989 1301 1248 1368; x_wconf 82' lang='grc' dir='ltr'><strong>διδάσκει,</strong></span> <span class='ocrx_word' id='word_1_75' title='bbox 1276 1302 1469 1366; x_wconf 81' lang='grc' dir='ltr'>παῖδας</span> <span class='ocrx_word' id='word_1_76' title='bbox 1501 1303 1697 1367; x_wconf 79' lang='grc' dir='ltr'>αὐτοὺς</span> <span class='ocrx_word' id='word_1_77' title='bbox 1725 1321 1824 1357; x_wconf 83' lang='grc' dir='ltr'>κα-</span> 
     </span>
    </p>
   </div>
   <div class='ocr_carea' id='block_1_12' title="bbox 238 1392 1825 1466">
    <p class='ocr_par' dir='ltr' id='par_1_12' title="bbox 238 1392 1825 1466">
     <span class='ocr_line' id='line_1_12' title="bbox 238 1392 1825 1466; baseline 0.001 -21"><span class='ocrx_word' id='word_1_78' title='bbox 238 1392 345 1446; x_wconf 86' lang='grc' dir='ltr'><strong>λῶν</strong></span> <span class='ocrx_word' id='word_1_79' title='bbox 374 1392 464 1445; x_wconf 82' lang='grc' dir='ltr'>διὰ</span> <span class='ocrx_word' id='word_1_80' title='bbox 488 1393 548 1446; x_wconf 90' lang='grc' dir='ltr'><strong>τὸ</strong></span> <span class='ocrx_word' id='word_1_81' title='bbox 575 1392 764 1465; x_wconf 89' lang='grc' dir='ltr'>νεαρὸν</span> <span class='ocrx_word' id='word_1_82' title='bbox 795 1394 887 1445; x_wconf 66' lang='grc' dir='ltr'><strong>καὶ</strong></span> <span class='ocrx_word' id='word_1_83' title='bbox 910 1394 1190 1465; x_wconf 82' lang='grc' dir='ltr'>ἀρτιγενὲς</span> <span class='ocrx_word' id='word_1_84' title='bbox 1215 1394 1313 1464; x_wconf 75' lang='grc' dir='ltr'>τῆς</span> <span class='ocrx_word' id='word_1_85' title='bbox 1343 1393 1482 1447; x_wconf 88' lang='grc' dir='ltr'><strong>κατά</strong></span> <span class='ocrx_word' id='word_1_86' title='bbox 1506 1394 1682 1466; x_wconf 72' lang='grc' dir='ltr'>ψυχὴν</span> <span class='ocrx_word' id='word_1_87' title='bbox 1708 1395 1825 1463; x_wconf 85' lang='grc' dir='ltr'>ήλι-</span> 
     </span>
    </p>
   </div>
   <div class='ocr_carea' id='block_1_13' title="bbox 238 1480 1825 1547">
    <p class='ocr_par' dir='ltr' id='par_1_13' title="bbox 238 1480 1825 1547">
     <span class='ocr_line' id='line_1_13' title="bbox 238 1480 1825 1547; baseline 0.004 -14"><span class='ocrx_word' id='word_1_88' title='bbox 238 1482 385 1546; x_wconf 85' lang='grc' dir='ltr'>κίας,</span> <span class='ocrx_word' id='word_1_89' title='bbox 417 1484 510 1536; x_wconf 78' lang='grc' dir='ltr'>καὶ</span> <span class='ocrx_word' id='word_1_90' title='bbox 543 1484 763 1547; x_wconf 84' lang='grc' dir='ltr'>τούτους</span> <span class='ocrx_word' id='word_1_91' title='bbox 788 1485 882 1537; x_wconf 75' lang='grc' dir='ltr'><strong>ἐπὶ</strong></span> <span class='ocrx_word' id='word_1_92' title='bbox 907 1484 995 1538; x_wconf 92' lang='grc' dir='ltr'><strong>τὸν</strong></span> <span class='ocrx_word' id='word_1_93' title='bbox 1028 1480 1172 1539; x_wconf 77' lang='grc' dir='ltr'>αἶνον</span> <span class='ocrx_word' id='word_1_94' title='bbox 1204 1486 1361 1539; x_wconf 87' lang='grc' dir='ltr'>καλεῖ</span> <span class='ocrx_word' id='word_1_95' title='bbox 1383 1486 1473 1539; x_wconf 90' lang='grc' dir='ltr'><strong>τοῦ</strong></span> <span class='ocrx_word' id='word_1_96' title='bbox 1502 1486 1657 1539; x_wconf 85' lang='grc' dir='ltr'>Θεοῦ.</span> <span class='ocrx_word' id='word_1_97' title='bbox 1678 1487 1825 1542; x_wconf 47' lang='grc' dir='ltr'><strong>Ἀντί¹</strong></span> 
     </span>
    </p>
   </div>
   <div class='ocr_carea' id='block_1_14' title="bbox 238 1575 1825 1651">
    <p class='ocr_par' dir='ltr' id='par_1_14' title="bbox 238 1575 1825 1651">
     <span class='ocr_line' id='line_1_14' title="bbox 238 1575 1825 1651; baseline 0.005 -24"><span class='ocrx_word' id='word_1_98' title='bbox 238 1575 355 1640; x_wconf 89' lang='grc' dir='ltr'>τοῦ,</span> <span class='ocrx_word' id='word_1_99' title='bbox 405 1576 635 1643; x_wconf 81' lang='grc' dir='ltr'>παῖδες,</span> <span class='ocrx_word' id='word_1_100' title='bbox 683 1578 711 1630; x_wconf 98' lang='lat'><strong>6</strong></span> <span class='ocrx_word' id='word_1_101' title='bbox 754 1576 982 1642; x_wconf 79' lang='grc' dir='ltr'>Ἀκύλας</span> <span class='ocrx_word' id='word_1_102' title='bbox 1027 1580 1121 1631; x_wconf 76' lang='grc' dir='ltr'>καὶ</span> <span class='ocrx_word' id='word_1_103' title='bbox 1163 1579 1191 1631; x_wconf 92' lang='lat'><strong>6</strong></span> <span class='ocrx_word' id='word_1_104' title='bbox 1221 1579 1513 1651; x_wconf 81' lang='grc' dir='ltr'>Σύμμαχος</span> <span class='ocrx_word' id='word_1_105' title='bbox 1564 1580 1825 1647; x_wconf 72' lang='grc' dir='ltr'>δούλους</span> 
     </span>
    </p>
   </div>
   <div class='ocr_carea' id='block_1_15' title="bbox 238 1669 1821 1741">
    <p class='ocr_par' dir='ltr' id='par_1_15' title="bbox 238 1669 1821 1741">
     <span class='ocr_line' id='line_1_15' title="bbox 238 1669 1821 1741; baseline 0.003 -19"><span class='ocrx_word' id='word_1_106' title='bbox 238 1669 534 1739; x_wconf 80' lang='grc' dir='ltr'>ὠνόμασαν</span> <span class='ocrx_word' id='word_1_107' title='bbox 590 1671 889 1741; x_wconf 74' lang='grc' dir='ltr'><strong>φήσαντες⁸</strong></span> <span class='ocrx_word' id='word_1_108' title='bbox 960 1670 1235 1741; x_wconf 76' lang='grc' dir='ltr'>’Υμνεῖτε,</span> <span class='ocrx_word' id='word_1_109' title='bbox 1297 1672 1524 1737; x_wconf 82' lang='grc' dir='ltr'>δοῦλοι,</span> <span class='ocrx_word' id='word_1_110' title='bbox 1583 1674 1821 1741; x_wconf 77' lang='grc' dir='ltr'>Κύριον,</span> 
     </span>
    </p>
   </div>
   <div class='ocr_carea' id='block_1_16' title="bbox 238 1760 1900 1856">
    <p class='ocr_par' dir='ltr' id='par_1_16' title="bbox 238 1760 1900 1856">
     <span class='ocr_line' id='line_1_16' title="bbox 238 1760 1900 1856; baseline 0.004 -42"><span class='ocrx_word' id='word_1_111' title='bbox 238 1760 481 1829; x_wconf 82' lang='grc' dir='ltr'>ὑμνεῖτε</span> <span class='ocrx_word' id='word_1_112' title='bbox 509 1760 575 1815; x_wconf 82' lang='grc' dir='ltr'><strong>τὸ</strong></span> <span class='ocrx_word' id='word_1_113' title='bbox 598 1762 784 1830; x_wconf 80' lang='grc' dir='ltr'>ὄνομα</span> <span class='ocrx_word' id='word_1_114' title='bbox 827 1764 1064 1830; x_wconf 82' lang='grc' dir='ltr'>Κύριου.</span> <span class='ocrx_word' id='word_1_115' title='bbox 1090 1763 1301 1818; x_wconf 81' lang='grc' dir='ltr'>ΔούΑων</span> <span class='ocrx_word' id='word_1_116' title='bbox 1326 1764 1434 1837; x_wconf 83' lang='grc' dir='ltr'><strong>γὰρ</strong></span> <span class='ocrx_word' id='word_1_117' title='bbox 1462 1765 1614 1819; x_wconf 82' lang='grc' dir='ltr'>οὐδὲν</span> <span class='ocrx_word' id='word_1_118' title='bbox 1649 1766 1825 1837; x_wconf 90' lang='grc' dir='ltr'>διενη-</span> <span class='ocrx_word' id='word_1_119' title='bbox 1859 1803 1900 1856; x_wconf 68' lang='grc' dir='ltr'><strong>Β</strong></span> 
     </span>
    </p>
   </div>
   <div class='ocr_carea' id='block_1_17' title="bbox 238 1854 1822 1931">
    <p class='ocr_par' dir='ltr' id='par_1_17' title="bbox 238 1854 1822 1931">
     <span class='ocr_line' id='line_1_17' title="bbox 238 1854 1822 1931; baseline 0.006 -27"><span class='ocrx_word' id='word_1_120' title='bbox 238 1868 462 1922; x_wconf 87' lang='grc' dir='ltr'>νοχασιν</span> <span class='ocrx_word' id='word_1_121' title='bbox 493 1854 543 1906; x_wconf 87' lang='grc' dir='ltr'><strong>οί</strong></span> <span class='ocrx_word' id='word_1_122' title='bbox 579 1854 787 1917; x_wconf 84' lang='grc' dir='ltr'>παῖδες,</span> <span class='ocrx_word' id='word_1_123' title='bbox 823 1854 973 1925; x_wconf 74' lang='grc' dir='ltr'>φόϐῳ</span> <span class='ocrx_word' id='word_1_124' title='bbox 1015 1855 1258 1921; x_wconf 83' lang='grc' dir='ltr'>δουλείας</span> <span class='ocrx_word' id='word_1_125' title='bbox 1294 1858 1822 1931; x_wconf 85' lang='grc' dir='ltr'>παιδαγωγούμενοι.</span> 
     </span>
    </p>
   </div>
   <div class='ocr_carea' id='block_1_18' title="bbox 244 1940 1826 2015">
    <p class='ocr_par' dir='ltr' id='par_1_18' title="bbox 244 1940 1826 2015">
     <span class='ocr_line' id='line_1_18' title="bbox 244 1940 1826 2015; baseline 0.006 -22"><span class='ocrx_word' id='word_1_126' title='bbox 244 1940 356 2009; x_wconf 83' lang='grc' dir='ltr'><strong>Εἷη</strong></span> <span class='ocrx_word' id='word_1_127' title='bbox 390 1944 458 1995; x_wconf 84' lang='grc' dir='ltr'><strong>τὸ</strong></span> <span class='ocrx_word' id='word_1_128' title='bbox 493 1943 679 2012; x_wconf 80' lang='grc' dir='ltr'>ὄνομα</span> <span class='ocrx_word' id='word_1_129' title='bbox 705 1944 927 2013; x_wconf 81' lang='grc' dir='ltr'><strong>Κυρίου</strong></span> <span class='ocrx_word' id='word_1_130' title='bbox 954 1946 1376 2015; x_wconf 71' lang='grc' dir='ltr'>εὐλογημένονξ</span> <span class='ocrx_word' id='word_1_131' title='bbox 1400 1949 1518 2002; x_wconf 83' lang='grc' dir='ltr'><strong>ἀπὸ</strong></span> <span class='ocrx_word' id='word_1_132' title='bbox 1546 1949 1653 2002; x_wconf 85' lang='grc' dir='ltr'><strong>τοῦ</strong></span> <span class='ocrx_word' id='word_1_133' title='bbox 1709 1950 1826 2003; x_wconf 82' lang='grc' dir='ltr'><strong>νῦν</strong></span> 
     </span>
    </p>
   </div>
   <div class='ocr_carea' id='block_1_19' title="bbox 238 2028 1825 2104">
    <p class='ocr_par' dir='ltr' id='par_1_19' title="bbox 238 2028 1825 2104">
     <span class='ocr_line' id='line_1_19' title="bbox 238 2028 1825 2104; baseline 0.008 -24"><span class='ocrx_word' id='word_1_134' title='bbox 238 2029 343 2081; x_wconf 81' lang='grc' dir='ltr'>καὶ</span> <span class='ocrx_word' id='word_1_135' title='bbox 374 2028 486 2096; x_wconf 81' lang='grc' dir='ltr'>ἕως</span> <span class='ocrx_word' id='word_1_136' title='bbox 520 2030 623 2085; x_wconf 85' lang='grc' dir='ltr'><strong>τοῦ</strong></span> <span class='ocrx_word' id='word_1_137' title='bbox 650 2031 886 2097; x_wconf 77' lang='grc' dir='ltr'>αἰῶνος.</span> <span class='ocrx_word' id='word_1_138' title='bbox 918 2033 1003 2096; x_wconf 85' lang='grc' dir='ltr'>Ὡς</span> <span class='ocrx_word' id='word_1_139' title='bbox 1033 2034 1286 2102; x_wconf 87' lang='grc' dir='ltr'>ἀγνοοῦσι</span> <span class='ocrx_word' id='word_1_140' title='bbox 1308 2040 1419 2101; x_wconf 84' lang='grc' dir='ltr'>τοῖς</span> <span class='ocrx_word' id='word_1_141' title='bbox 1457 2039 1644 2092; x_wconf 71' lang='grc' dir='ltr'>παισὶν</span> <span class='ocrx_word' id='word_1_142' title='bbox 1677 2041 1825 2104; x_wconf 84' lang='grc' dir='ltr'>ὅπως</span> 
     </span>
    </p>
   </div>
   <div class='ocr_carea' id='block_1_20' title="bbox 239 2119 1827 2201">
    <p class='ocr_par' dir='ltr' id='par_1_20' title="bbox 239 2119 1827 2201">
     <span class='ocr_line' id='line_1_20' title="bbox 239 2119 1827 2201; baseline 0.007 -29"><span class='ocrx_word' id='word_1_143' title='bbox 239 2119 347 2191; x_wconf 79' lang='grc' dir='ltr'>χρὴ</span> <span class='ocrx_word' id='word_1_144' title='bbox 393 2120 483 2174; x_wconf 87' lang='grc' dir='ltr'><strong>τὸν</strong></span> <span class='ocrx_word' id='word_1_145' title='bbox 511 2120 714 2193; x_wconf 82' lang='grc' dir='ltr'>Κύριον</span> <span class='ocrx_word' id='word_1_146' title='bbox 744 2122 932 2191; x_wconf 83' lang='grc' dir='ltr'>ὑμνεῖν</span> <span class='ocrx_word' id='word_1_147' title='bbox 960 2122 1019 2176; x_wconf 79' lang='grc' dir='ltr'><strong>τὸ</strong></span> <span class='ocrx_word' id='word_1_148' title='bbox 1051 2126 1386 2197; x_wconf 81' lang='grc' dir='ltr'>προφητικὸν</span> <span class='ocrx_word' id='word_1_149' title='bbox 1415 2128 1639 2199; x_wconf 79' lang='grc' dir='ltr'>Πνεῦμα</span> <span class='ocrx_word' id='word_1_150' title='bbox 1671 2130 1827 2201; x_wconf 90' lang='grc' dir='ltr'>δίκην</span> 
     </span>
    </p>
   </div>
   <div class='ocr_carea' id='block_1_21' title="bbox 238 2211 1829 2293">
    <p class='ocr_par' dir='ltr' id='par_1_21' title="bbox 238 2211 1829 2293">
     <span class='ocr_line' id='line_1_21' title="bbox 238 2211 1829 2293; baseline 0.009 -30"><span class='ocrx_word' id='word_1_151' title='bbox 238 2211 596 2279; x_wconf 80' lang='grc' dir='ltr'>παιδαγωγοῦ</span> <span class='ocrx_word' id='word_1_152' title='bbox 630 2213 723 2266; x_wconf 80' lang='grc' dir='ltr'>καὶ</span> <span class='ocrx_word' id='word_1_153' title='bbox 752 2212 1069 2269; x_wconf 80' lang='grc' dir='ltr'>διδασκάλου</span> <span class='ocrx_word' id='word_1_154' title='bbox 1101 2217 1199 2281; x_wconf 78' lang='grc' dir='ltr'>τὰς</span> <span class='ocrx_word' id='word_1_155' title='bbox 1231 2217 1413 2286; x_wconf 78' lang='grc' dir='ltr'>φωνὰς</span> <span class='ocrx_word' id='word_1_156' title='bbox 1453 2220 1622 2285; x_wconf 80' lang='grc' dir='ltr'>αὑτὰς</span> <span class='ocrx_word' id='word_1_157' title='bbox 1649 2239 1829 2293; x_wconf 89' lang='grc' dir='ltr'>παρα-</span> 
     </span>
    </p>
   </div>
   <div class='ocr_carea' id='block_1_22' title="bbox 238 2299 1827 2377">
    <p class='ocr_par' dir='ltr' id='par_1_22' title="bbox 238 2299 1827 2377">
     <span class='ocr_line' id='line_1_22' title="bbox 238 2299 1827 2377; baseline 0.008 -25"><span class='ocrx_word' id='word_1_158' title='bbox 238 2299 479 2354; x_wconf 85' lang='grc' dir='ltr'>δίδωσιν.</span> <span class='ocrx_word' id='word_1_159' title='bbox 514 2302 661 2374; x_wconf 83' lang='grc' dir='ltr'>Εύχὴ</span> <span class='ocrx_word' id='word_1_160' title='bbox 702 2301 760 2355; x_wconf 82' lang='grc' dir='ltr'>δὲ</span> <span class='ocrx_word' id='word_1_161' title='bbox 790 2303 929 2374; x_wconf 87' lang='grc' dir='ltr'>αῦτη</span> <span class='ocrx_word' id='word_1_162' title='bbox 966 2305 1115 2357; x_wconf 71' lang='grc' dir='ltr'>ἐστὶν</span> <span class='ocrx_word' id='word_1_163' title='bbox 1143 2304 1282 2377; x_wconf 79' lang='grc' dir='ltr'>ὑπὲρ</span> <span class='ocrx_word' id='word_1_164' title='bbox 1316 2306 1472 2377; x_wconf 75' lang='grc' dir='ltr'>ἡμῶν</span> <span class='ocrx_word' id='word_1_165' title='bbox 1499 2308 1678 2363; x_wconf 67' lang='grc' dir='ltr'>αὐτῶν</span> <span class='ocrx_word' id='word_1_166' title='bbox 1720 2310 1827 2364; x_wconf 82' lang='grc' dir='ltr'><strong>τῶν</strong></span> 
     </span>
    </p>
   </div>
   <div class='ocr_carea' id='block_1_23' title="bbox 239 2393 1827 2470">
    <p class='ocr_par' dir='ltr' id='par_1_23' title="bbox 239 2393 1827 2470">
     <span class='ocr_line' id='line_1_23' title="bbox 239 2393 1827 2470; baseline 0.006 -25"><span class='ocrx_word' id='word_1_167' title='bbox 239 2393 453 2449; x_wconf 80' lang='grc' dir='ltr'>παίδων</span> <span class='ocrx_word' id='word_1_168' title='bbox 494 2394 945 2467; x_wconf 82' lang='grc' dir='ltr'>ἀναπεμπομένη,</span> <span class='ocrx_word' id='word_1_169' title='bbox 972 2397 1048 2461; x_wconf 86' lang='grc' dir='ltr'><strong>ὡς</strong></span> <span class='ocrx_word' id='word_1_170' title='bbox 1094 2396 1159 2451; x_wconf 86' lang='grc' dir='ltr'>ἀν</span> <span class='ocrx_word' id='word_1_171' title='bbox 1194 2398 1445 2469; x_wconf 79' lang='grc' dir='ltr'>διαμείνῃ</span> <span class='ocrx_word' id='word_1_172' title='bbox 1486 2400 1617 2470; x_wconf 81' lang='grc' dir='ltr'>ἡμῖν</span> <span class='ocrx_word' id='word_1_173' title='bbox 1646 2400 1706 2454; x_wconf 85' lang='grc' dir='ltr'><strong>τὸ</strong></span> <span class='ocrx_word' id='word_1_174' title='bbox 1735 2400 1827 2454; x_wconf 87' lang='grc' dir='ltr'><strong>τοῦ</strong></span> 
     </span>
    </p>
   </div>
   <div class='ocr_carea' id='block_1_24' title="bbox 240 2486 1827 2562">
    <p class='ocr_par' dir='ltr' id='par_1_24' title="bbox 240 2486 1827 2562">
     <span class='ocr_line' id='line_1_24' title="bbox 240 2486 1827 2562; baseline 0.004 -23"><span class='ocrx_word' id='word_1_175' title='bbox 240 2486 453 2557; x_wconf 84' lang='grc' dir='ltr'>Κυρίου</span> <span class='ocrx_word' id='word_1_176' title='bbox 484 2486 654 2557; x_wconf 75' lang='grc' dir='ltr'>ὄνομα</span> <span class='ocrx_word' id='word_1_177' title='bbox 683 2489 762 2551; x_wconf 76' lang='grc' dir='ltr'>εἰς</span> <span class='ocrx_word' id='word_1_178' title='bbox 788 2487 849 2541; x_wconf 89' lang='grc' dir='ltr'><strong>τὸ</strong></span> <span class='ocrx_word' id='word_1_179' title='bbox 879 2488 1143 2559; x_wconf 82' lang='grc' dir='ltr'>διηνεκὲς,</span> <span class='ocrx_word' id='word_1_180' title='bbox 1179 2488 1253 2560; x_wconf 84' lang='grc' dir='ltr'>μὴ</span> <span class='ocrx_word' id='word_1_181' title='bbox 1280 2489 1481 2559; x_wconf 84' lang='grc' dir='ltr'>φεῦγον</span> <span class='ocrx_word' id='word_1_182' title='bbox 1515 2492 1683 2562; x_wconf 84' lang='grc' dir='ltr'>ήμάς,</span> <span class='ocrx_word' id='word_1_183' title='bbox 1713 2491 1827 2544; x_wconf 79' lang='grc' dir='ltr'>ἀλλ’</span> 
     </span>
    </p>
   </div>
   <div class='ocr_carea' id='block_1_25' title="bbox 240 2578 1209 2652">
    <p class='ocr_par' dir='ltr' id='par_1_25' title="bbox 240 2578 1209 2652">
     <span class='ocr_line' id='line_1_25' title="bbox 240 2578 1209 2652; baseline 0.004 -21"><span class='ocrx_word' id='word_1_184' title='bbox 240 2578 662 2649; x_wconf 86' lang='grc' dir='ltr'>ἀναπαυόμενον</span> <span class='ocrx_word' id='word_1_185' title='bbox 694 2578 770 2649; x_wconf 83' lang='grc' dir='ltr'>τῷ</span> <span class='ocrx_word' id='word_1_186' title='bbox 803 2580 1055 2652; x_wconf 78' lang='grc' dir='ltr'>ἡμετέρῳ</span> <span class='ocrx_word' id='word_1_187' title='bbox 1089 2578 1209 2652; x_wconf 87' lang='grc' dir='ltr'>βίῳ.</span> 
     </span>
    </p>
   </div>
   <div class='ocr_carea' id='block_1_26' title="bbox 330 2670 1828 2743">
    <p class='ocr_par' dir='ltr' id='par_1_26' title="bbox 330 2670 1828 2743">
     <span class='ocr_line' id='line_1_26' title="bbox 330 2670 1828 2743; baseline 0.005 -20"><span class='ocrx_word' id='word_1_188' title='bbox 330 2670 465 2723; x_wconf 78' lang='grc' dir='ltr'>Ἀπὸ</span> <span class='ocrx_word' id='word_1_189' title='bbox 494 2671 809 2725; x_wconf 76' lang='grc' dir='ltr'>ἀνατολῶν</span> <span class='ocrx_word' id='word_1_190' title='bbox 832 2673 1009 2740; x_wconf 78' lang='grc' dir='ltr'>ἡλίου</span> <span class='ocrx_word' id='word_1_191' title='bbox 1037 2672 1210 2742; x_wconf 85' lang='grc' dir='ltr'>μέχρι</span> <span class='ocrx_word' id='word_1_192' title='bbox 1236 2674 1484 2743; x_wconf 80' lang='grc' dir='ltr'>δυσμῶν</span> <span class='ocrx_word' id='word_1_193' title='bbox 1506 2676 1743 2731; x_wconf 73' lang='grc' dir='ltr'>αἰνετὸν</span> <span class='ocrx_word' id='word_1_194' title='bbox 1762 2678 1828 2731; x_wconf 86' lang='grc' dir='ltr'><strong>τὸ</strong></span> 
     </span>
    </p>
   </div>
   <div class='ocr_carea' id='block_1_27' title="bbox 242 2762 1827 2835">
    <p class='ocr_par' dir='ltr' id='par_1_27' title="bbox 242 2762 1827 2835">
     <span class='ocr_line' id='line_1_27' title="bbox 242 2762 1827 2835; baseline 0.004 -20"><span class='ocrx_word' id='word_1_195' title='bbox 242 2762 436 2832; x_wconf 82' lang='grc' dir='ltr'>ὄνομα</span> <span class='ocrx_word' id='word_1_196' title='bbox 461 2764 980 2832; x_wconf 50' lang='grc' dir='ltr'>ΚυρίουΠΥψηλὸς</span> <span class='ocrx_word' id='word_1_197' title='bbox 1014 2764 1111 2818; x_wconf 80' lang='grc' dir='ltr'><strong>ἐπὶ</strong></span> <span class='ocrx_word' id='word_1_198' title='bbox 1142 2764 1337 2819; x_wconf 80' lang='grc' dir='ltr'>πάντα</span> <span class='ocrx_word' id='word_1_199' title='bbox 1369 2765 1443 2819; x_wconf 85' lang='grc' dir='ltr'>τὰ</span> <span class='ocrx_word' id='word_1_200' title='bbox 1472 2768 1615 2835; x_wconf 75' lang='grc' dir='ltr'>ἔθνη</span> <span class='ocrx_word' id='word_1_201' title='bbox 1646 2772 1678 2822; x_wconf 84' lang='grc' dir='ltr'><em>ὀ</em></span> <span class='ocrx_word' id='word_1_202' title='bbox 1710 2770 1827 2821; x_wconf 83' lang='grc' dir='ltr'><strong>Κύ-</strong></span> 
     </span>
    </p>
   </div>
   <div class='ocr_carea' id='block_1_28' title="bbox 238 2854 1829 2925">
    <p class='ocr_par' dir='ltr' id='par_1_28' title="bbox 238 2854 1829 2925">
     <span class='ocr_line' id='line_1_28' title="bbox 238 2854 1829 2925; baseline 0.004 -19"><span class='ocrx_word' id='word_1_203' title='bbox 238 2871 394 2921; x_wconf 84' lang='grc' dir='ltr'>ριος,</span> <span class='ocrx_word' id='word_1_204' title='bbox 434 2854 532 2907; x_wconf 77' lang='grc' dir='ltr'><strong>ἐπὶ</strong></span> <span class='ocrx_word' id='word_1_205' title='bbox 567 2854 711 2921; x_wconf 84' lang='grc' dir='ltr'>τοὺς</span> <span class='ocrx_word' id='word_1_206' title='bbox 741 2856 1036 2923; x_wconf 83' lang='grc' dir='ltr'>οὐρανοὺς</span> <span class='ocrx_word' id='word_1_207' title='bbox 1068 2858 1106 2925; x_wconf 74' lang='grc' dir='ltr'><strong><em>ἡ</em></strong></span> <span class='ocrx_word' id='word_1_208' title='bbox 1144 2857 1294 2922; x_wconf 78' lang='grc' dir='ltr'>δόξα</span> <span class='ocrx_word' id='word_1_209' title='bbox 1323 2858 1529 2917; x_wconf 74' lang='grc' dir='ltr'>αὑτοῦ.</span> <span class='ocrx_word' id='word_1_210' title='bbox 1563 2860 1675 2912; x_wconf 73' lang='grc' dir='ltr'><strong>Καὶ</strong></span> <span class='ocrx_word' id='word_1_211' title='bbox 1701 2860 1829 2914; x_wconf 84' lang='grc' dir='ltr'>πότε</span> 
     </span>
    </p>
   </div>
   <div class='ocr_carea' id='block_1_29' title="bbox 243 2944 1832 3021">
    <p class='ocr_par' dir='ltr' id='par_1_29' title="bbox 243 2944 1832 3021">
     <span class='ocr_line' id='line_1_29' title="bbox 243 2944 1832 3021; baseline 0.005 -24"><span class='ocrx_word' id='word_1_212' title='bbox 243 2945 437 3008; x_wconf 80' lang='grc' dir='ltr'>τέλους</span> <span class='ocrx_word' id='word_1_213' title='bbox 471 2944 659 3016; x_wconf 81' lang='grc' dir='ltr'>ἔτυχεν</span> <span class='ocrx_word' id='word_1_214' title='bbox 708 2947 736 2999; x_wconf 82' lang='lat'><strong>6</strong></span> <span class='ocrx_word' id='word_1_215' title='bbox 785 2946 942 3015; x_wconf 80' lang='grc' dir='ltr'>λόγος</span> <span class='ocrx_word' id='word_1_216' title='bbox 987 2947 1102 3000; x_wconf 89' lang='grc' dir='ltr'>ἀλλ’</span> <span class='ocrx_word' id='word_1_217' title='bbox 1134 2948 1167 3019; x_wconf 80' lang='grc' dir='ltr'>ἦ</span> <span class='ocrx_word' id='word_1_218' title='bbox 1217 2949 1353 3019; x_wconf 88' lang='grc' dir='ltr'><strong>μετά</strong></span> <span class='ocrx_word' id='word_1_219' title='bbox 1383 2950 1480 3021; x_wconf 82' lang='grc' dir='ltr'>τὴν</span> <span class='ocrx_word' id='word_1_220' title='bbox 1511 2952 1832 3019; x_wconf 69' lang='grc' dir='ltr'>ἐπιφάνειαν</span> 
     </span>
    </p>
   </div>
   <div class='ocr_carea' id='block_1_30' title="bbox 243 3036 1833 3117">
    <p class='ocr_par' dir='ltr' id='par_1_30' title="bbox 243 3036 1833 3117">
     <span class='ocr_line' id='line_1_30' title="bbox 243 3036 1833 3117; baseline 0.002 -23"><span class='ocrx_word' id='word_1_221' title='bbox 243 3036 340 3095; x_wconf 87' lang='grc' dir='ltr'><strong>τοῦ</strong></span> <span class='ocrx_word' id='word_1_222' title='bbox 694 3043 848 3114; x_wconf 76' lang='grc' dir='ltr'>ἡμῶν</span> <span class='ocrx_word' id='word_1_223' title='bbox 888 3044 1060 3116; x_wconf 80' lang='grc' dir='ltr'>Ἰησοῦ</span> <span class='ocrx_word' id='word_1_224' title='bbox 1089 3044 1359 3117; x_wconf 85' lang='grc' dir='ltr'>Χριστοῦ;</span> <span class='ocrx_word' id='word_1_225' title='bbox 1395 3045 1507 3115; x_wconf 86' lang='grc' dir='ltr'><strong>Πρὸ</strong></span> <span class='ocrx_word' id='word_1_226' title='bbox 1541 3045 1671 3115; x_wconf 88' lang='grc' dir='ltr'>γοῦν</span> <span class='ocrx_word' id='word_1_227' title='bbox 1702 3045 1833 3099; x_wconf 82' lang='grc' dir='ltr'>ταύ-</span> 
     </span>
    </p>
   </div>
   <div class='ocr_carea' id='block_1_31' title="bbox 1395 330 2391 393">
    <p class='ocr_par' dir='ltr' id='par_1_31' title="bbox 1395 330 2391 393">
     <span class='ocr_line' id='line_1_31' title="bbox 1395 330 2391 393; baseline -0.004 0"><span class='ocrx_word' id='word_1_228' title='bbox 1395 331 1902 393; x_wconf 74' lang='lat' dir='ltr'><strong>COMMENTARIA</strong></span> <span class='ocrx_word' id='word_1_229' title='bbox 1943 330 2013 385; x_wconf 83' lang='lat' dir='ltr'><strong>IN</strong></span> <span class='ocrx_word' id='word_1_230' title='bbox 2050 332 2391 391; x_wconf 80' lang='lat' dir='ltr'><strong>PSALMOS.</strong></span> 
     </span>
    </p>
   </div>
   <div class='ocr_carea' id='block_1_32' title="bbox 1852 454 1899 509">
    <p class='ocr_par' dir='ltr' id='par_1_32' title="bbox 1852 454 1899 509">
     <span class='ocr_line' id='line_1_32' title="bbox 1852 454 1899 509; baseline 0 0"><span class='ocrx_word' id='word_1_231' title='bbox 1852 454 1899 509; x_wconf 79' lang='grc' dir='ltr'><strong>Α</strong></span> 
     </span>
    </p>
   </div>
   <div class='ocr_carea' id='block_1_33' title="bbox 2737 339 3497 402">
    <p class='ocr_par' dir='ltr' id='par_1_33' title="bbox 2737 339 3497 402">
     <span class='ocr_line' id='line_1_33' title="bbox 2737 339 3497 402; baseline -0.009 0"><span class='ocrx_word' id='word_1_232' title='bbox 2737 394 2742 402; x_wconf 93' lang='grc'>.</span> <span class='ocrx_word' id='word_1_233' title='bbox 3356 339 3497 396; x_wconf 74' lang='lat' dir='ltr'><strong>i350</strong></span> 
     </span>
    </p>
   </div>
   <div class='ocr_carea' id='block_1_34' title="bbox 2030 445 3380 506">
    <p class='ocr_par' dir='ltr' id='par_1_34' title="bbox 2030 445 3380 506">
     <span class='ocr_line' id='line_1_34' title="bbox 2030 445 3380 506; baseline 0.004 -5"><span class='ocrx_word' id='word_1_234' title='bbox 2030 447 2371 503; x_wconf 77' lang='lat' dir='ltr'><strong>ALLELUIA</strong></span> <span class='ocrx_word' id='word_1_235' title='bbox 2402 445 2637 501; x_wconf 60' lang='lat' dir='ltr'><strong>AGGIEI</strong></span> <span class='ocrx_word' id='word_1_236' title='bbox 2668 445 2757 501; x_wconf 88' lang='lat' dir='ltr'><strong>ET</strong></span> <span class='ocrx_word' id='word_1_237' title='bbox 2784 447 3183 504; x_wconf 73' lang='lat' dir='ltr'><strong>ZACHARMS.</strong></span> <span class='ocrx_word' id='word_1_238' title='bbox 3217 448 3380 506; x_wconf 79' lang='lat' dir='ltr'>CXII.</span> 
     </span>
    </p>
   </div>
   <div class='ocr_carea' id='block_1_35' title="bbox 1994 558 3504 627">
    <p class='ocr_par' dir='ltr' id='par_1_35' title="bbox 1994 558 3504 627">
     <span class='ocr_line' id='line_1_35' title="bbox 1994 558 3504 627; baseline 0.003 -14"><span class='ocrx_word' id='word_1_239' title='bbox 1994 559 2163 615; x_wconf 74' lang='lat' dir='ltr'><strong>Vens.</strong></span> <span class='ocrx_word' id='word_1_240' title='bbox 2204 560 2257 623; x_wconf 80' lang='grc'>1,</span> <span class='ocrx_word' id='word_1_241' title='bbox 2293 559 2348 612; x_wconf 75' lang='lat'><strong>2.</strong></span> <span class='ocrx_word' id='word_1_242' title='bbox 2398 558 2658 624; x_wconf 82' lang='lat' dir='ltr'><strong>Laudate,</strong></span> <span class='ocrx_word' id='word_1_243' title='bbox 2704 560 2880 627; x_wconf 86' lang='lat' dir='ltr'><strong>pueri,</strong></span> <span class='ocrx_word' id='word_1_244' title='bbox 2930 558 3239 626; x_wconf 90' lang='lat' dir='ltr'><strong>Dominum,</strong></span> <span class='ocrx_word' id='word_1_245' title='bbox 3288 561 3504 619; x_wconf 87' lang='lat' dir='ltr'><strong>laudate</strong></span> 
     </span>
    </p>
   </div>
   <div class='ocr_carea' id='block_1_36' title="bbox 1923 651 3505 716">
    <p class='ocr_par' dir='ltr' id='par_1_36' title="bbox 1923 651 3505 716">
     <span class='ocr_line' id='line_1_36' title="bbox 1923 651 3505 716; baseline 0.001 -9"><span class='ocrx_word' id='word_1_246' title='bbox 1923 670 2107 707; x_wconf 87' lang='lat' dir='ltr'><strong>nomen</strong></span> <span class='ocrx_word' id='word_1_247' title='bbox 2152 652 2390 707; x_wconf 85' lang='lat' dir='ltr'><strong>Domini.</strong></span> <span class='ocrx_word' id='word_1_248' title='bbox 2426 651 2507 707; x_wconf 88' lang='lat' dir='ltr'><strong>Sit</strong></span> <span class='ocrx_word' id='word_1_249' title='bbox 2553 668 2741 705; x_wconf 86' lang='lat' dir='ltr'><strong><em>nomen</em></strong></span> <span class='ocrx_word' id='word_1_250' title='bbox 2786 651 3000 705; x_wconf 89' lang='lat' dir='ltr'><strong>Domini</strong></span> <span class='ocrx_word' id='word_1_251' title='bbox 3048 652 3399 716; x_wconf 87' lang='lat' dir='ltr'><strong>benedictum,</strong></span> <span class='ocrx_word' id='word_1_252' title='bbox 3438 670 3505 708; x_wconf 73' lang='lat' dir='ltr'><strong>ex</strong></span> 
     </span>
    </p>
   </div>
   <div class='ocr_carea' id='block_1_37' title="bbox 1923 745 3503 817">
    <p class='ocr_par' dir='ltr' id='par_1_37' title="bbox 1923 745 3503 817">
     <span class='ocr_line' id='line_1_37' title="bbox 1923 745 3503 817; baseline 0.001 -18"><span class='ocrx_word' id='word_1_253' title='bbox 1923 748 2019 801; x_wconf 84' lang='lat' dir='ltr'><strong>hoc</strong></span> <span class='ocrx_word' id='word_1_254' title='bbox 2054 763 2189 800; x_wconf 87' lang='lat' dir='ltr'><strong>nunc</strong></span> <span class='ocrx_word' id='word_1_255' title='bbox 2215 755 2265 799; x_wconf 92' lang='lat' dir='ltr'><strong>et</strong></span> <span class='ocrx_word' id='word_1_256' title='bbox 2315 761 2474 815; x_wconf 86' lang='lat' dir='ltr'><strong>usque</strong></span> <span class='ocrx_word' id='word_1_257' title='bbox 2501 745 2555 798; x_wconf 88' lang='lat' dir='ltr'><strong>in</strong></span> <span class='ocrx_word' id='word_1_258' title='bbox 2590 745 2866 799; x_wconf 67' lang='lat' dir='ltr'><strong>saxulum.</strong></span> <span class='ocrx_word' id='word_1_259' title='bbox 2901 745 3039 799; x_wconf 89' lang='lat' dir='ltr'><strong>Cum</strong></span> <span class='ocrx_word' id='word_1_260' title='bbox 3075 745 3129 799; x_wconf 90' lang='lat' dir='ltr'><strong>in</strong></span> <span class='ocrx_word' id='word_1_261' title='bbox 3176 747 3503 817; x_wconf 71' lang='lat' dir='ltr'><strong>praecedenti</strong></span> 
     </span>
    </p>
   </div>
   <div class='ocr_carea' id='block_1_38' title="bbox 1924 837 3503 909">
    <p class='ocr_par' dir='ltr' id='par_1_38' title="bbox 1924 837 3503 909">
     <span class='ocr_line' id='line_1_38' title="bbox 1924 837 3503 909; baseline 0 -17"><span class='ocrx_word' id='word_1_262' title='bbox 1924 839 2136 909; x_wconf 80' lang='lat' dir='ltr'><strong>psalmo</strong></span> <span class='ocrx_word' id='word_1_263' title='bbox 2186 838 2335 891; x_wconf 89' lang='lat' dir='ltr'><strong>viros</strong></span> <span class='ocrx_word' id='word_1_264' title='bbox 2373 851 2586 901; x_wconf 88' lang='lat' dir='ltr'><strong>omnes,</strong></span> <span class='ocrx_word' id='word_1_265' title='bbox 2618 837 2711 906; x_wconf 89' lang='lat' dir='ltr'><strong>qui</strong></span> <span class='ocrx_word' id='word_1_266' title='bbox 2752 837 2895 906; x_wconf 86' lang='lat' dir='ltr'><strong>quod</strong></span> <span class='ocrx_word' id='word_1_267' title='bbox 2944 837 3170 892; x_wconf 90' lang='lat' dir='ltr'><strong>timeant</strong></span> <span class='ocrx_word' id='word_1_268' title='bbox 3212 837 3503 892; x_wconf 89' lang='lat' dir='ltr'><strong>Dominum</strong></span> 
     </span>
    </p>
   </div>
   <div class='ocr_carea' id='block_1_39' title="bbox 1922 928 3505 998">
    <p class='ocr_par' dir='ltr' id='par_1_39' title="bbox 1922 928 3505 998">
     <span class='ocr_line' id='line_1_39' title="bbox 1922 928 3505 998; baseline -0.001 -13"><span class='ocrx_word' id='word_1_269' title='bbox 1922 930 2065 985; x_wconf 88' lang='lat' dir='ltr'><strong>beati</strong></span> <span class='ocrx_word' id='word_1_270' title='bbox 2097 928 2273 984; x_wconf 78' lang='lat' dir='ltr'><strong>eil‘ecti</strong></span> <span class='ocrx_word' id='word_1_271' title='bbox 2306 938 2457 992; x_wconf 92' lang='lat' dir='ltr'><strong>sunt,</strong></span> <span class='ocrx_word' id='word_1_272' title='bbox 2486 930 2981 998; x_wconf 65' lang='lat' dir='ltr'><strong>repraesentaverit,</strong></span> <span class='ocrx_word' id='word_1_273' title='bbox 3014 944 3078 984; x_wconf 90' lang='lat' dir='ltr'><strong>ac</strong></span> <span class='ocrx_word' id='word_1_274' title='bbox 3118 944 3307 985; x_wconf 89' lang='lat' dir='ltr'><strong>eorum</strong></span> <span class='ocrx_word' id='word_1_275' title='bbox 3337 930 3505 985; x_wconf 84' lang='lat' dir='ltr'><strong>vitam</strong></span> 
     </span>
    </p>
   </div>
   <div class='ocr_carea' id='block_1_40' title="bbox 1924 1017 3508 1090">
    <p class='ocr_par' dir='ltr' id='par_1_40' title="bbox 1924 1017 3508 1090">
     <span class='ocr_line' id='line_1_40' title="bbox 1924 1017 3508 1090; baseline -0.001 -15"><span class='ocrx_word' id='word_1_276' title='bbox 1924 1027 1979 1075; x_wconf 91' lang='lat' dir='ltr'><strong>et</strong></span> <span class='ocrx_word' id='word_1_277' title='bbox 2012 1019 2323 1075; x_wconf 86' lang='lat' dir='ltr'><strong>institutum</strong></span> <span class='ocrx_word' id='word_1_278' title='bbox 2369 1023 2670 1073; x_wconf 85' lang='lat' dir='ltr'><strong>secundum</strong></span> <span class='ocrx_word' id='word_1_279' title='bbox 2716 1017 2910 1083; x_wconf 84' lang='lat' dir='ltr'><strong>Deum,</strong></span> <span class='ocrx_word' id='word_1_280' title='bbox 2944 1019 3105 1073; x_wconf 82' lang='lat' dir='ltr'><strong>ﬁnem</strong></span> <span class='ocrx_word' id='word_1_281' title='bbox 3134 1035 3352 1089; x_wconf 90' lang='lat' dir='ltr'><strong>quoque</strong></span> <span class='ocrx_word' id='word_1_282' title='bbox 3396 1034 3508 1090; x_wconf 89' lang='lat' dir='ltr'><strong>quo</strong></span> 
     </span>
    </p>
   </div>
   <div class='ocr_carea' id='block_1_41' title="bbox 1924 1111 3506 1182">
    <p class='ocr_par' dir='ltr' id='par_1_41' title="bbox 1924 1111 3506 1182">
     <span class='ocr_line' id='line_1_41' title="bbox 1924 1111 3506 1182; baseline -0.002 -14"><span class='ocrx_word' id='word_1_283' title='bbox 1924 1112 2165 1168; x_wconf 85' lang='lat' dir='ltr'><strong>donandi</strong></span> <span class='ocrx_word' id='word_1_284' title='bbox 2196 1111 2339 1182; x_wconf 88' lang='lat' dir='ltr'><strong>apud</strong></span> <span class='ocrx_word' id='word_1_285' title='bbox 2366 1111 2533 1167; x_wconf 91' lang='lat' dir='ltr'><strong>Deum</strong></span> <span class='ocrx_word' id='word_1_286' title='bbox 2570 1120 2717 1175; x_wconf 92' lang='lat' dir='ltr'><strong>sunt,</strong></span> <span class='ocrx_word' id='word_1_287' title='bbox 2748 1112 3139 1182; x_wconf 77' lang='lat' dir='ltr'><strong>descripserit;</strong></span> <span class='ocrx_word' id='word_1_288' title='bbox 3170 1113 3223 1166; x_wconf 93' lang='lat' dir='ltr'><strong>in</strong></span> <span class='ocrx_word' id='word_1_289' title='bbox 3250 1112 3506 1182; x_wconf 69' lang='lat' dir='ltr'><strong>praesenti</strong></span> 
     </span>
    </p>
   </div>
   <div class='ocr_carea' id='block_1_42' title="bbox 1926 1205 3509 1279">
    <p class='ocr_par' dir='ltr' id='par_1_42' title="bbox 1926 1205 3509 1279">
     <span class='ocr_line' id='line_1_42' title="bbox 1926 1205 3509 1279; baseline -0.001 -17"><span class='ocrx_word' id='word_1_290' title='bbox 1926 1210 2148 1279; x_wconf 81' lang='lat' dir='ltr'><strong>quinam</strong></span> <span class='ocrx_word' id='word_1_291' title='bbox 2176 1208 2251 1261; x_wconf 90' lang='lat' dir='ltr'><strong>illi</strong></span> <span class='ocrx_word' id='word_1_292' title='bbox 2278 1216 2331 1262; x_wconf 90' lang='lat' dir='ltr'><strong>et</strong></span> <span class='ocrx_word' id='word_1_293' title='bbox 2361 1206 2690 1277; x_wconf 79' lang='lat' dir='ltr'><strong>quibusnam</strong></span> <span class='ocrx_word' id='word_1_294' title='bbox 2716 1206 2924 1261; x_wconf 88' lang='lat' dir='ltr'><strong>similes</strong></span> <span class='ocrx_word' id='word_1_295' title='bbox 2952 1206 3062 1261; x_wconf 91' lang='lat' dir='ltr'><strong>sint</strong></span> <span class='ocrx_word' id='word_1_296' title='bbox 3086 1205 3349 1267; x_wconf 90' lang='lat' dir='ltr'><strong>declarat,</strong></span> <span class='ocrx_word' id='word_1_297' title='bbox 3384 1220 3509 1275; x_wconf 87' lang='lat' dir='ltr'><strong>pue-</strong></span> 
     </span>
    </p>
   </div>
   <div class='ocr_carea' id='block_1_43' title="bbox 1926 1297 3511 1369">
    <p class='ocr_par' dir='ltr' id='par_1_43' title="bbox 1926 1297 3511 1369">
     <span class='ocr_line' id='line_1_43' title="bbox 1926 1297 3511 1369; baseline -0.002 -14"><span class='ocrx_word' id='word_1_298' title='bbox 1926 1317 2018 1355; x_wconf 88' lang='lat' dir='ltr'><strong>ros</strong></span> <span class='ocrx_word' id='word_1_299' title='bbox 2062 1299 2362 1369; x_wconf 82' lang='lat' dir='ltr'><strong>appellans,</strong></span> <span class='ocrx_word' id='word_1_300' title='bbox 2397 1299 2525 1369; x_wconf 83' lang='lat' dir='ltr'><strong>quia</strong></span> <span class='ocrx_word' id='word_1_301' title='bbox 2565 1297 2743 1367; x_wconf 87' lang='lat' dir='ltr'><strong>quoad</strong></span> <span class='ocrx_word' id='word_1_302' title='bbox 2793 1297 2987 1351; x_wconf 63' lang='lat' dir='ltr'><strong>animm</strong></span> <span class='ocrx_word' id='word_1_303' title='bbox 3024 1304 3239 1352; x_wconf 79' lang='lat' dir='ltr'><strong>aetatem</strong></span> <span class='ocrx_word' id='word_1_304' title='bbox 3276 1298 3511 1366; x_wconf 85' lang='lat' dir='ltr'><strong>juvenes</strong></span> 
     </span>
    </p>
   </div>
   <div class='ocr_carea' id='block_1_44' title="bbox 1925 1389 3507 1458">
    <p class='ocr_par' dir='ltr' id='par_1_44' title="bbox 1925 1389 3507 1458">
     <span class='ocr_line' id='line_1_44' title="bbox 1925 1389 3507 1458; baseline -0.006 -6"><span class='ocrx_word' id='word_1_305' title='bbox 1925 1404 1978 1453; x_wconf 88' lang='lat' dir='ltr'><strong>et</strong></span> <span class='ocrx_word' id='word_1_306' title='bbox 2013 1409 2204 1449; x_wconf 81' lang='lat' dir='ltr'><strong>recens</strong></span> <span class='ocrx_word' id='word_1_307' title='bbox 2253 1392 2366 1445; x_wconf 91' lang='lat' dir='ltr'><strong>nati</strong></span> <span class='ocrx_word' id='word_1_308' title='bbox 2408 1400 2578 1446; x_wconf 88' lang='lat' dir='ltr'><strong>sunt:</strong></span> <span class='ocrx_word' id='word_1_309' title='bbox 2625 1389 2725 1443; x_wconf 85' lang='lat' dir='ltr'><strong>hos</strong></span> <span class='ocrx_word' id='word_1_310' title='bbox 2759 1404 2977 1458; x_wconf 82' lang='lat' dir='ltr'><strong>qucque</strong></span> <span class='ocrx_word' id='word_1_311' title='bbox 3034 1389 3102 1443; x_wconf 84' lang='lat' dir='ltr'><strong>ad</strong></span> <span class='ocrx_word' id='word_1_312' title='bbox 3147 1389 3363 1444; x_wconf 88' lang='lat' dir='ltr'><strong>laudem</strong></span> <span class='ocrx_word' id='word_1_313' title='bbox 3412 1389 3507 1444; x_wconf 86' lang='lat' dir='ltr'><strong>Dei</strong></span> 
     </span>
    </p>
   </div>
   <div class='ocr_carea' id='block_1_45' title="bbox 1926 1479 3505 1559">
    <p class='ocr_par' dir='ltr' id='par_1_45' title="bbox 1926 1479 3505 1559">
     <span class='ocr_line' id='line_1_45' title="bbox 1926 1479 3505 1559; baseline -0.003 -18"><span class='ocrx_word' id='word_1_314' title='bbox 1926 1495 2209 1559; x_wconf 79' lang='lat' dir='ltr'><strong>provocat.</strong></span> <span class='ocrx_word' id='word_1_315' title='bbox 2258 1483 2367 1538; x_wconf 89' lang='lat' dir='ltr'><strong>Pro</strong></span> <span class='ocrx_word' id='word_1_316' title='bbox 2410 1484 2525 1549; x_wconf 88' lang='lat' dir='ltr'><strong>illo,</strong></span> <span class='ocrx_word' id='word_1_317' title='bbox 2576 1482 2754 1551; x_wconf 86' lang='lat' dir='ltr'><strong>pueri,</strong></span> <span class='ocrx_word' id='word_1_318' title='bbox 2801 1482 2995 1551; x_wconf 87' lang='lat' dir='ltr'><strong>Aquila</strong></span> <span class='ocrx_word' id='word_1_319' title='bbox 3028 1489 3081 1535; x_wconf 90' lang='lat' dir='ltr'><strong>et</strong></span> <span class='ocrx_word' id='word_1_320' title='bbox 3121 1479 3505 1552; x_wconf 83' lang='lat' dir='ltr'><strong>Symmachus,</strong></span> 
     </span>
    </p>
   </div>
   <div class='ocr_carea' id='block_1_46' title="bbox 1927 1572 3505 1647">
    <p class='ocr_par' dir='ltr' id='par_1_46' title="bbox 1927 1572 3505 1647">
     <span class='ocr_line' id='line_1_46' title="bbox 1927 1572 3505 1647; baseline -0.004 -12"><span class='ocrx_word' id='word_1_321' title='bbox 1927 1581 2083 1642; x_wconf 83' lang='lat' dir='ltr'><strong>servi,</strong></span> <span class='ocrx_word' id='word_1_322' title='bbox 2107 1578 2449 1647; x_wconf 81' lang='lat' dir='ltr'><strong>interpretati</strong></span> <span class='ocrx_word' id='word_1_323' title='bbox 2482 1586 2610 1631; x_wconf 91' lang='lat' dir='ltr'><strong>sunt</strong></span> <span class='ocrx_word' id='word_1_324' title='bbox 2640 1576 2887 1630; x_wconf 87' lang='lat' dir='ltr'><strong>dicentes</strong></span> <span class='ocrx_word' id='word_1_325' title='bbox 2923 1590 2936 1625; x_wconf 95' lang='lat'>:</span> <span class='ocrx_word' id='word_1_326' title='bbox 2974 1572 3200 1643; x_wconf 82' lang='lat' dir='ltr'><strong>IIymnis</strong></span> <span class='ocrx_word' id='word_1_327' title='bbox 3227 1574 3505 1634; x_wconf 81' lang='lat' dir='ltr'><strong>celebrate.</strong></span> 
     </span>
    </p>
   </div>
   <div class='ocr_carea' id='block_1_47' title="bbox 1927 1663 3505 1737">
    <p class='ocr_par' dir='ltr' id='par_1_47' title="bbox 1927 1663 3505 1737">
     <span class='ocr_line' id='line_1_47' title="bbox 1927 1663 3505 1737; baseline -0.006 -10"><span class='ocrx_word' id='word_1_328' title='bbox 1927 1674 2085 1733; x_wconf 86' lang='lat' dir='ltr'><strong>servi.</strong></span> <span class='ocrx_word' id='word_1_329' title='bbox 2125 1670 2429 1732; x_wconf 88' lang='lat' dir='ltr'><strong>Dominum,</strong></span> <span class='ocrx_word' id='word_1_330' title='bbox 2482 1668 2692 1737; x_wconf 82' lang='lat' dir='ltr'><strong>hymnis</strong></span> <span class='ocrx_word' id='word_1_331' title='bbox 2743 1664 3000 1719; x_wconf 81' lang='lat' dir='ltr'><strong>celebrate</strong></span> <span class='ocrx_word' id='word_1_332' title='bbox 3047 1680 3233 1718; x_wconf 82' lang='lat' dir='ltr'><strong><em>nomen</em></strong></span> <span class='ocrx_word' id='word_1_333' title='bbox 3270 1663 3505 1718; x_wconf 81' lang='lat' dir='ltr'><strong>Domini.</strong></span> 
     </span>
    </p>
   </div>
   <div class='ocr_carea' id='block_1_48' title="bbox 1928 1755 3507 1832">
    <p class='ocr_par' dir='ltr' id='par_1_48' title="bbox 1928 1755 3507 1832">
     <span class='ocr_line' id='line_1_48' title="bbox 1928 1755 3507 1832; baseline -0.004 -15"><span class='ocrx_word' id='word_1_334' title='bbox 1928 1765 2088 1819; x_wconf 81' lang='lat' dir='ltr'><strong>Pueri</strong></span> <span class='ocrx_word' id='word_1_335' title='bbox 2117 1777 2354 1832; x_wconf 84' lang='lat' dir='ltr'><strong>namque</strong></span> <span class='ocrx_word' id='word_1_336' title='bbox 2380 1760 2517 1817; x_wconf 85' lang='lat' dir='ltr'><strong>nihil</strong></span> <span class='ocrx_word' id='word_1_337' title='bbox 2550 1775 2579 1813; x_wconf 93' lang='lat' dir='ltr'><strong>a</strong></span> <span class='ocrx_word' id='word_1_338' title='bbox 2615 1758 2791 1812; x_wconf 85' lang='lat' dir='ltr'><strong>servis</strong></span> <span class='ocrx_word' id='word_1_339' title='bbox 2818 1755 3097 1819; x_wconf 81' lang='lat' dir='ltr'><strong>diﬂ&#39;erunt,</strong></span> <span class='ocrx_word' id='word_1_340' title='bbox 3130 1764 3317 1825; x_wconf 87' lang='lat' dir='ltr'><strong>utpote</strong></span> <span class='ocrx_word' id='word_1_341' title='bbox 3346 1755 3507 1810; x_wconf 88' lang='lat' dir='ltr'><strong>timo-</strong></span> 
     </span>
    </p>
   </div>
   <div class='ocr_carea' id='block_1_49' title="bbox 1926 1845 3508 1913">
    <p class='ocr_par' dir='ltr' id='par_1_49' title="bbox 1926 1845 3508 1913">
     <span class='ocr_line' id='line_1_49' title="bbox 1926 1845 3508 1913; baseline -0.008 -2"><span class='ocrx_word' id='word_1_342' title='bbox 1926 1875 1986 1913; x_wconf 89' lang='lat' dir='ltr'><strong>re</strong></span> <span class='ocrx_word' id='word_1_343' title='bbox 2017 1856 2299 1912; x_wconf 85' lang='lat' dir='ltr'><strong>servitutis</strong></span> <span class='ocrx_word' id='word_1_344' title='bbox 2321 1852 2576 1909; x_wconf 89' lang='lat' dir='ltr'><strong>instituti.</strong></span> <span class='ocrx_word' id='word_1_345' title='bbox 2614 1849 2695 1905; x_wconf 86' lang='lat' dir='ltr'><strong>Sit</strong></span> <span class='ocrx_word' id='word_1_346' title='bbox 2724 1865 2914 1903; x_wconf 85' lang='lat' dir='ltr'><strong>nomen</strong></span> <span class='ocrx_word' id='word_1_347' title='bbox 2942 1846 3159 1901; x_wconf 78' lang='lat' dir='ltr'><strong>Domini</strong></span> <span class='ocrx_word' id='word_1_348' title='bbox 3181 1845 3508 1899; x_wconf 84' lang='lat' dir='ltr'><strong>benedictum</strong></span> 
     </span>
    </p>
   </div>
   <div class='ocr_carea' id='block_1_50' title="bbox 1924 1935 3511 2011">
    <p class='ocr_par' dir='ltr' id='par_1_50' title="bbox 1924 1935 3511 2011">
     <span class='ocr_line' id='line_1_50' title="bbox 1924 1935 3511 2011; baseline -0.008 -9"><span class='ocrx_word' id='word_1_349' title='bbox 1924 1964 1989 2003; x_wconf 79' lang='lat' dir='ltr'><strong>ea:</strong></span> <span class='ocrx_word' id='word_1_350' title='bbox 2018 1949 2114 2001; x_wconf 84' lang='lat' dir='ltr'><strong>hoc</strong></span> <span class='ocrx_word' id='word_1_351' title='bbox 2146 1962 2281 2000; x_wconf 91' lang='lat' dir='ltr'><strong>nunc</strong></span> <span class='ocrx_word' id='word_1_352' title='bbox 2300 1952 2351 1999; x_wconf 92' lang='lat' dir='ltr'><strong>et</strong></span> <span class='ocrx_word' id='word_1_353' title='bbox 2376 1959 2536 2011; x_wconf 88' lang='lat' dir='ltr'><strong>usque</strong></span> <span class='ocrx_word' id='word_1_354' title='bbox 2562 1942 2615 1995; x_wconf 90' lang='lat' dir='ltr'><strong>in</strong></span> <span class='ocrx_word' id='word_1_355' title='bbox 2647 1939 2925 1994; x_wconf 77' lang='lat' dir='ltr'><strong>sa&#39;culum.</strong></span> <span class='ocrx_word' id='word_1_356' title='bbox 2957 1935 3123 2002; x_wconf 86' lang='lat' dir='ltr'><strong>Quasi</strong></span> <span class='ocrx_word' id='word_1_357' title='bbox 3146 1935 3333 2005; x_wconf 86' lang='lat' dir='ltr'><strong>pueris</strong></span> <span class='ocrx_word' id='word_1_358' title='bbox 3356 1936 3511 2006; x_wconf 74' lang='lat' dir='ltr'><strong>igno-</strong></span> 
     </span>
    </p>
   </div>
   <div class='ocr_carea' id='block_1_51' title="bbox 1927 2030 3509 2108">
    <p class='ocr_par' dir='ltr' id='par_1_51' title="bbox 1927 2030 3509 2108">
     <span class='ocr_line' id='line_1_51' title="bbox 1927 2030 3509 2108; baseline -0.01 -12"><span class='ocrx_word' id='word_1_359' title='bbox 1927 2041 2199 2104; x_wconf 84' lang='lat' dir='ltr'><strong>rantibus,</strong></span> <span class='ocrx_word' id='word_1_360' title='bbox 2256 2034 2537 2108; x_wconf 88' lang='lat' dir='ltr'><strong>quomodo</strong></span> <span class='ocrx_word' id='word_1_361' title='bbox 2590 2033 2882 2087; x_wconf 90' lang='lat' dir='ltr'><strong>Dominum</strong></span> <span class='ocrx_word' id='word_1_362' title='bbox 2943 2030 3167 2083; x_wconf 91' lang='lat' dir='ltr'><strong>laudare</strong></span> <span class='ocrx_word' id='word_1_363' title='bbox 3220 2035 3509 2099; x_wconf 85' lang='lat' dir='ltr'><strong>oporteat,</strong></span> 
     </span>
    </p>
   </div>
   <div class='ocr_carea' id='block_1_52' title="bbox 1928 2118 3513 2200">
    <p class='ocr_par' dir='ltr' id='par_1_52' title="bbox 1928 2118 3513 2200">
     <span class='ocr_line' id='line_1_52' title="bbox 1928 2118 3513 2200; baseline -0.01 -16"><span class='ocrx_word' id='word_1_364' title='bbox 1928 2128 2280 2200; x_wconf 85' lang='lat' dir='ltr'><strong>propheticus</strong></span> <span class='ocrx_word' id='word_1_365' title='bbox 2329 2124 2570 2195; x_wconf 82' lang='lat' dir='ltr'><strong>Spiritus</strong></span> <span class='ocrx_word' id='word_1_366' title='bbox 2608 2123 2785 2177; x_wconf 88' lang='lat' dir='ltr'><strong>instar</strong></span> <span class='ocrx_word' id='word_1_367' title='bbox 2815 2118 3092 2191; x_wconf 64' lang='grc' dir='ltr'><strong>νειόθεοεί</strong></span> <span class='ocrx_word' id='word_1_368' title='bbox 3122 2133 3185 2173; x_wconf 88' lang='lat' dir='ltr'><strong>ac</strong></span> <span class='ocrx_word' id='word_1_369' title='bbox 3214 2124 3513 2187; x_wconf 70' lang='lat' dir='ltr'><strong>przecept0~</strong></span> 
     </span>
    </p>
   </div>
   <div class='ocr_carea' id='block_1_53' title="bbox 1927 2208 3514 2285">
    <p class='ocr_par' dir='ltr' id='par_1_53' title="bbox 1927 2208 3514 2285">
     <span class='ocr_line' id='line_1_53' title="bbox 1927 2208 3514 2285; baseline -0.007 -11"><span class='ocrx_word' id='word_1_370' title='bbox 1927 2221 2007 2276; x_wconf 89' lang='lat' dir='ltr'><strong>ris</strong></span> <span class='ocrx_word' id='word_1_371' title='bbox 2059 2235 2225 2275; x_wconf 86' lang='lat' dir='ltr'><strong>voces</strong></span> <span class='ocrx_word' id='word_1_372' title='bbox 2269 2217 2455 2271; x_wconf 86' lang='lat' dir='ltr'><strong>tradit.</strong></span> <span class='ocrx_word' id='word_1_373' title='bbox 2485 2215 2611 2269; x_wconf 62' lang='lat' dir='ltr'><strong>[late</strong></span> <span class='ocrx_word' id='word_1_374' title='bbox 2662 2230 2827 2285; x_wconf 89' lang='lat' dir='ltr'><strong>porro</strong></span> <span class='ocrx_word' id='word_1_375' title='bbox 2866 2214 3045 2267; x_wconf 88' lang='lat' dir='ltr'><strong>oratio</strong></span> <span class='ocrx_word' id='word_1_376' title='bbox 3085 2220 3170 2266; x_wconf 90' lang='lat' dir='ltr'><strong>est</strong></span> <span class='ocrx_word' id='word_1_377' title='bbox 3211 2224 3309 2281; x_wconf 91' lang='lat' dir='ltr'><strong>pro</strong></span> <span class='ocrx_word' id='word_1_378' title='bbox 3352 2208 3514 2263; x_wconf 84' lang='lat' dir='ltr'><strong>nobis</strong></span> 
     </span>
    </p>
   </div>
   <div class='ocr_carea' id='block_1_54' title="bbox 1930 2300 3511 2380">
    <p class='ocr_par' dir='ltr' id='par_1_54' title="bbox 1930 2300 3511 2380">
     <span class='ocr_line' id='line_1_54' title="bbox 1930 2300 3511 2380; baseline -0.008 -16"><span class='ocrx_word' id='word_1_379' title='bbox 1930 2310 2115 2380; x_wconf 91' lang='lat' dir='ltr'><strong>pueris</strong></span> <span class='ocrx_word' id='word_1_380' title='bbox 2142 2308 2366 2372; x_wconf 88' lang='lat' dir='ltr'><strong>emissa,</strong></span> <span class='ocrx_word' id='word_1_381' title='bbox 2400 2314 2459 2360; x_wconf 86' lang='lat' dir='ltr'><strong>ut</strong></span> <span class='ocrx_word' id='word_1_382' title='bbox 2482 2321 2679 2360; x_wconf 89' lang='lat' dir='ltr'><strong>nomen</strong></span> <span class='ocrx_word' id='word_1_383' title='bbox 2705 2304 2920 2359; x_wconf 87' lang='lat' dir='ltr'><strong>Domini</strong></span> <span class='ocrx_word' id='word_1_384' title='bbox 2942 2310 3207 2373; x_wconf 79' lang='lat' dir='ltr'><strong>perpetuo</strong></span> <span class='ocrx_word' id='word_1_385' title='bbox 3224 2300 3511 2356; x_wconf 73' lang='lat' dir='ltr'><strong>nobiscum</strong></span> 
     </span>
    </p>
   </div>
   <div class='ocr_carea' id='block_1_55' title="bbox 1930 2395 3513 2468">
    <p class='ocr_par' dir='ltr' id='par_1_55' title="bbox 1930 2395 3513 2468">
     <span class='ocr_line' id='line_1_55' title="bbox 1930 2395 3513 2468; baseline -0.006 -12"><span class='ocrx_word' id='word_1_386' title='bbox 1930 2409 2171 2465; x_wconf 88' lang='lat' dir='ltr'><strong>maneat,</strong></span> <span class='ocrx_word' id='word_1_387' title='bbox 2216 2416 2319 2456; x_wconf 89' lang='lat' dir='ltr'><strong>nos</strong></span> <span class='ocrx_word' id='word_1_388' title='bbox 2362 2400 2590 2455; x_wconf 87' lang='lat' dir='ltr'><strong>minime</strong></span> <span class='ocrx_word' id='word_1_389' title='bbox 2636 2396 2879 2468; x_wconf 78' lang='lat' dir='ltr'><strong>fugiens,</strong></span> <span class='ocrx_word' id='word_1_390' title='bbox 2914 2395 3011 2451; x_wconf 87' lang='lat' dir='ltr'><strong>sed</strong></span> <span class='ocrx_word' id='word_1_391' title='bbox 3058 2396 3115 2449; x_wconf 91' lang='lat' dir='ltr'><strong>in</strong></span> <span class='ocrx_word' id='word_1_392' title='bbox 3164 2395 3278 2449; x_wconf 89' lang='lat' dir='ltr'><strong>vita</strong></span> <span class='ocrx_word' id='word_1_393' title='bbox 3324 2400 3513 2448; x_wconf 81' lang='lat' dir='ltr'><strong>nostra</strong></span> 
     </span>
    </p>
   </div>
   <div class='ocr_carea' id='block_1_56' title="bbox 1929 2494 2352 2565">
    <p class='ocr_par' dir='ltr' id='par_1_56' title="bbox 1929 2494 2352 2565">
     <span class='ocr_line' id='line_1_56' title="bbox 1929 2494 2352 2565; baseline -0.007 -15"><span class='ocrx_word' id='word_1_394' title='bbox 1929 2494 2352 2565; x_wconf 87' lang='lat' dir='ltr'><strong>conquiescens.</strong></span> 
     </span>
    </p>
   </div>
   <div class='ocr_carea' id='block_1_57' title="bbox 2007 2659 3515 2732">
    <p class='ocr_par' dir='ltr' id='par_1_57' title="bbox 2007 2659 3515 2732">
     <span class='ocr_line' id='line_1_57' title="bbox 2007 2659 3515 2732; baseline -0.003 -14"><span class='ocrx_word' id='word_1_395' title='bbox 2007 2665 2171 2721; x_wconf 72' lang='lat' dir='ltr'><strong>Vens.</strong></span> <span class='ocrx_word' id='word_1_396' title='bbox 2203 2666 2259 2729; x_wconf 78' lang='lat'><strong>3,</strong></span> <span class='ocrx_word' id='word_1_397' title='bbox 2287 2664 2341 2721; x_wconf 73' lang='grc'><strong>4.</strong></span> <span class='ocrx_word' id='word_1_398' title='bbox 2374 2664 2418 2717; x_wconf 87' lang='grc' dir='ltr'><strong><em>Λ</em></strong></span> <span class='ocrx_word' id='word_1_399' title='bbox 2455 2664 2585 2718; x_wconf 88' lang='lat' dir='ltr'><strong>solis</strong></span> <span class='ocrx_word' id='word_1_400' title='bbox 2617 2672 2737 2716; x_wconf 89' lang='lat' dir='ltr'><strong>ortu</strong></span> <span class='ocrx_word' id='word_1_401' title='bbox 2762 2677 2925 2732; x_wconf 84' lang='lat' dir='ltr'><strong>usque</strong></span> <span class='ocrx_word' id='word_1_402' title='bbox 2953 2662 3021 2715; x_wconf 87' lang='lat' dir='ltr'><strong>ad</strong></span> <span class='ocrx_word' id='word_1_403' title='bbox 3043 2676 3289 2715; x_wconf 81' lang='lat' dir='ltr'><strong>occasum</strong></span> <span class='ocrx_word' id='word_1_404' title='bbox 3322 2659 3515 2713; x_wconf 84' lang='lat' dir='ltr'><strong>lauda-</strong></span> 
     </span>
    </p>
   </div>
   <div class='ocr_carea' id='block_1_58' title="bbox 1933 2752 3517 2823">
    <p class='ocr_par' dir='ltr' id='par_1_58' title="bbox 1933 2752 3517 2823">
     <span class='ocr_line' id='line_1_58' title="bbox 1933 2752 3517 2823; baseline -0.004 -10"><span class='ocrx_word' id='word_1_405' title='bbox 1933 2760 2035 2813; x_wconf 87' lang='lat' dir='ltr'><strong>bile</strong></span> <span class='ocrx_word' id='word_1_406' title='bbox 2057 2764 2243 2812; x_wconf 79' lang='lat' dir='ltr'><strong>nomeh</strong></span> <span class='ocrx_word' id='word_1_407' title='bbox 2270 2756 2506 2809; x_wconf 90' lang='lat' dir='ltr'><strong>Domini.</strong></span> <span class='ocrx_word' id='word_1_408' title='bbox 2531 2754 2788 2808; x_wconf 76' lang='lat' dir='ltr'><strong>Excelsus</strong></span> <span class='ocrx_word' id='word_1_409' title='bbox 2821 2769 2977 2822; x_wconf 90' lang='lat' dir='ltr'><strong>super</strong></span> <span class='ocrx_word' id='word_1_410' title='bbox 2996 2769 3174 2807; x_wconf 84' lang='lat' dir='ltr'><strong>omnes</strong></span> <span class='ocrx_word' id='word_1_411' title='bbox 3206 2762 3383 2823; x_wconf 81' lang='lat' dir='ltr'><strong>gentes</strong></span> <span class='ocrx_word' id='word_1_412' title='bbox 3415 2752 3517 2807; x_wconf 49' lang='lat' dir='ltr'><strong>Do.</strong></span> 
     </span>
    </p>
   </div>
   <div class='ocr_carea' id='block_1_59' title="bbox 1933 2845 3517 2919">
    <p class='ocr_par' dir='ltr' id='par_1_59' title="bbox 1933 2845 3517 2919">
     <span class='ocr_line' id='line_1_59' title="bbox 1933 2845 3517 2919; baseline -0.003 -14"><span class='ocrx_word' id='word_1_413' title='bbox 1933 2853 2133 2915; x_wconf 86' lang='lat' dir='ltr'><strong>minus,</strong></span> <span class='ocrx_word' id='word_1_414' title='bbox 2166 2866 2325 2919; x_wconf 88' lang='lat' dir='ltr'><strong>super</strong></span> <span class='ocrx_word' id='word_1_415' title='bbox 2358 2848 2515 2902; x_wconf 76' lang='lat' dir='ltr'><strong>caelos</strong></span> <span class='ocrx_word' id='word_1_416' title='bbox 2562 2846 2735 2917; x_wconf 84' lang='lat' dir='ltr'><strong>gloria</strong></span> <span class='ocrx_word' id='word_1_417' title='bbox 2776 2846 2912 2915; x_wconf 84' lang='lat' dir='ltr'><strong>ejus.</strong></span> <span class='ocrx_word' id='word_1_418' title='bbox 2948 2845 3013 2901; x_wconf 84' lang='lat' dir='ltr'><strong>Et</strong></span> <span class='ocrx_word' id='word_1_419' title='bbox 3045 2846 3397 2916; x_wconf 88' lang='lat' dir='ltr'><strong>quandonam</strong></span> <span class='ocrx_word' id='word_1_420' title='bbox 3426 2845 3517 2901; x_wconf 83' lang='lat' dir='ltr'><strong>hic</strong></span> 
     </span>
    </p>
   </div>
   <div class='ocr_carea' id='block_1_60' title="bbox 1935 2935 3517 3010">
    <p class='ocr_par' dir='ltr' id='par_1_60' title="bbox 1935 2935 3517 3010">
     <span class='ocr_line' id='line_1_60' title="bbox 1935 2935 3517 3010; baseline -0.005 -10"><span class='ocrx_word' id='word_1_421' title='bbox 1935 2958 2117 3000; x_wconf 85' lang='lat' dir='ltr'><strong>sermo</strong></span> <span class='ocrx_word' id='word_1_422' title='bbox 2164 2941 2326 2996; x_wconf 84' lang='lat' dir='ltr'><strong>ﬁnem</strong></span> <span class='ocrx_word' id='word_1_423' title='bbox 2369 2940 2602 3010; x_wconf 90' lang='lat' dir='ltr'><strong>accepit,</strong></span> <span class='ocrx_word' id='word_1_424' title='bbox 2638 2938 2744 2993; x_wconf 86' lang='lat' dir='ltr'><strong>nisi</strong></span> <span class='ocrx_word' id='word_1_425' title='bbox 2775 2945 2899 3007; x_wconf 88' lang='lat' dir='ltr'><strong>post</strong></span> <span class='ocrx_word' id='word_1_426' title='bbox 2926 2936 3221 2991; x_wconf 83' lang='lat' dir='ltr'><strong>adventum</strong></span> <span class='ocrx_word' id='word_1_427' title='bbox 3254 2935 3517 2992; x_wconf 50' lang='lat' dir='ltr'><strong>Servata-</strong></span> 
     </span>
    </p>
   </div>
   <div class='ocr_carea' id='block_1_61' title="bbox 1936 3025 3516 3090">
    <p class='ocr_par' dir='ltr' id='par_1_61' title="bbox 1936 3025 3516 3090">
     <span class='ocr_line' id='line_1_61' title="bbox 1936 3025 3516 3090; baseline -0.005 -2"><span class='ocrx_word' id='word_1_428' title='bbox 1936 3036 2014 3090; x_wconf 89' lang='lat' dir='ltr'><strong>ris</strong></span> <span class='ocrx_word' id='word_1_429' title='bbox 2042 3032 2215 3088; x_wconf 89' lang='lat' dir='ltr'><strong>nostri</strong></span> <span class='ocrx_word' id='word_1_430' title='bbox 2244 3030 2373 3087; x_wconf 85' lang='lat' dir='ltr'><strong>Jesu</strong></span> <span class='ocrx_word' id='word_1_431' title='bbox 2405 3030 2646 3085; x_wconf 88' lang='lat' dir='ltr'><strong>Christi?</strong></span> <span class='ocrx_word' id='word_1_432' title='bbox 2670 3029 2802 3082; x_wconf 83' lang='lat' dir='ltr'><strong>Nam</strong></span> <span class='ocrx_word' id='word_1_433' title='bbox 2853 3035 2983 3082; x_wconf 89' lang='lat' dir='ltr'><strong>ante</strong></span> <span class='ocrx_word' id='word_1_434' title='bbox 3016 3027 3168 3081; x_wconf 90' lang='lat' dir='ltr'><strong>illum</strong></span> <span class='ocrx_word' id='word_1_435' title='bbox 3202 3027 3258 3081; x_wconf 90' lang='lat' dir='ltr'><strong>in</strong></span> <span class='ocrx_word' id='word_1_436' title='bbox 3287 3026 3402 3082; x_wconf 90' lang='lat' dir='ltr'><strong>sola</strong></span> <span class='ocrx_word' id='word_1_437' title='bbox 3421 3025 3516 3080; x_wconf 80' lang='lat' dir='ltr'><strong>Ju-</strong></span> 
     </span>
    </p>
   </div>
   <div class='ocr_carea' id='block_1_62' title="bbox 244 3116 1829 3210">
    <p class='ocr_par' dir='ltr' id='par_1_62' title="bbox 244 3116 1827 3210">
     <span class='ocr_line' id='line_1_62' title="bbox 244 3116 1827 3210; baseline 0.001 -23"><span class='ocrx_word' id='word_1_438' title='bbox 244 3151 346 3206; x_wconf 88' lang='grc' dir='ltr'><strong>της</strong></span> <span class='ocrx_word' id='word_1_439' title='bbox 372 3136 431 3187; x_wconf 81' lang='grc' dir='ltr'><strong>ὲν</strong></span> <span class='ocrx_word' id='word_1_440' title='bbox 457 3137 521 3206; x_wconf 79' lang='grc' dir='ltr'>τῇ</span> <span class='ocrx_word' id='word_1_441' title='bbox 567 3136 797 3207; x_wconf 80' lang='grc' dir='ltr'>Ἰουδαίᾳ</span> <span class='ocrx_word' id='word_1_442' title='bbox 823 3137 958 3210; x_wconf 83' lang='grc' dir='ltr'>μόνῃ</span> <span class='ocrx_word' id='word_1_443' title='bbox 989 3116 1207 3205; x_wconf 80' lang='grc' dir='ltr'>ἐλέγετο</span> <span class='ocrx_word' id='word_1_444' title='bbox 1244 3136 1485 3205; x_wconf 83' lang='grc' dir='ltr'>γνωστὸς</span> <span class='ocrx_word' id='word_1_445' title='bbox 1510 3132 1648 3191; x_wconf 82' lang='grc' dir='ltr'>εἶναι</span> <span class='ocrx_word' id='word_1_446' title='bbox 1677 3135 1827 3201; x_wconf 84' lang='grc' dir='ltr'>Θεὸς,</span> 
     </span>
    </p>
   </div>
   <div class='ocr_carea' id='block_1_63' title="bbox 1936 3116 3519 3210">
    <p class='ocr_par' dir='ltr' id='par_1_63' title="bbox 1937 3116 3519 3182">
     <span class='ocr_line' id='line_1_63' title="bbox 1937 3116 3519 3182; baseline -0.005 -2"><span class='ocrx_word' id='word_1_447' title='bbox 1937 3125 2051 3180; x_wconf 66' lang='grc' dir='ltr'><strong>ἀπε</strong></span> <span class='ocrx_word' id='word_1_448' title='bbox 2089 3123 2235 3180; x_wconf 86' lang='lat' dir='ltr'><strong>Deus</strong></span> <span class='ocrx_word' id='word_1_449' title='bbox 2276 3130 2441 3177; x_wconf 91' lang='lat' dir='ltr'><strong>notus</strong></span> <span class='ocrx_word' id='word_1_450' title='bbox 2473 3136 2595 3175; x_wconf 86' lang='lat' dir='ltr'><strong>esse</strong></span> <span class='ocrx_word' id='word_1_451' title='bbox 2639 3119 2948 3182; x_wconf 88' lang='lat' dir='ltr'><strong>dicebatur,</strong></span> <span class='ocrx_word' id='word_1_452' title='bbox 2981 3128 3032 3173; x_wconf 86' lang='lat' dir='ltr'><strong>et</strong></span> <span class='ocrx_word' id='word_1_453' title='bbox 3068 3118 3122 3171; x_wconf 93' lang='lat' dir='ltr'><strong>in</strong></span> <span class='ocrx_word' id='word_1_454' title='bbox 3159 3118 3276 3173; x_wconf 92' lang='lat' dir='ltr'><strong>solo</strong></span> <span class='ocrx_word' id='word_1_455' title='bbox 3317 3116 3519 3173; x_wconf 85' lang='lat' dir='ltr'><strong>lsraele</strong></span> 
     </span>
    </p>
   </div>
   <div class='ocr_carea' id='block_1_64' title="bbox 244 3229 1829 3303">
    <p class='ocr_par' dir='ltr' id='par_1_64' title="bbox 244 3229 1829 3303">
     <span class='ocr_line' id='line_1_64' title="bbox 244 3229 1829 3303; baseline 0.001 -20"><span class='ocrx_word' id='word_1_456' title='bbox 244 3230 340 3283; x_wconf 76' lang='grc' dir='ltr'>καὶ</span> <span class='ocrx_word' id='word_1_457' title='bbox 368 3230 428 3282; x_wconf 83' lang='grc' dir='ltr'>ὲν</span> <span class='ocrx_word' id='word_1_458' title='bbox 460 3229 607 3299; x_wconf 85' lang='grc' dir='ltr'>μόνῳ</span> <span class='ocrx_word' id='word_1_459' title='bbox 652 3229 730 3301; x_wconf 82' lang='grc' dir='ltr'>τῷ</span> <span class='ocrx_word' id='word_1_460' title='bbox 776 3230 992 3303; x_wconf 81' lang='grc' dir='ltr'>Ἰσραὴλ</span> <span class='ocrx_word' id='word_1_461' title='bbox 1043 3230 1186 3301; x_wconf 84' lang='grc' dir='ltr'>μέγα</span> <span class='ocrx_word' id='word_1_462' title='bbox 1215 3230 1277 3283; x_wconf 87' lang='grc' dir='ltr'><strong>τὸ</strong></span> <span class='ocrx_word' id='word_1_463' title='bbox 1304 3231 1472 3301; x_wconf 76' lang='grc' dir='ltr'>ὄνομα</span> <span class='ocrx_word' id='word_1_464' title='bbox 1502 3229 1688 3293; x_wconf 80' lang='grc' dir='ltr'>αὐτοῦ,</span> <span class='ocrx_word' id='word_1_465' title='bbox 1723 3229 1829 3284; x_wconf 82' lang='grc' dir='ltr'>τῶν</span> 
     </span>
    </p>
   </div>
   <div class='ocr_carea' id='block_1_65' title="bbox 245 3320 1832 3396">
    <p class='ocr_par' dir='ltr' id='par_1_65' title="bbox 245 3320 1832 3396">
     <span class='ocr_line' id='line_1_65' title="bbox 245 3320 1832 3396; baseline 0.002 -22"><span class='ocrx_word' id='word_1_466' title='bbox 245 3320 353 3386; x_wconf 69' lang='grc' dir='ltr'><strong>ἔξω</strong></span> <span class='ocrx_word' id='word_1_467' title='bbox 380 3323 483 3392; x_wconf 81' lang='grc' dir='ltr'>τῆς</span> <span class='ocrx_word' id='word_1_468' title='bbox 518 3322 778 3387; x_wconf 85' lang='grc' dir='ltr'>Ἰουδαίας</span> <span class='ocrx_word' id='word_1_469' title='bbox 820 3324 986 3378; x_wconf 76' lang='grc' dir='ltr'>ἐθνῶν</span> <span class='ocrx_word' id='word_1_470' title='bbox 1027 3324 1247 3396; x_wconf 73' lang='grc' dir='ltr'>δαίμοσι,</span> <span class='ocrx_word' id='word_1_471' title='bbox 1280 3324 1832 3395; x_wconf 80' lang='grc' dir='ltr'>καταδεδουλωμένων</span> 
     </span>
    </p>
   </div>
   <div class='ocr_carea' id='block_1_66' title="bbox 246 3412 1830 3485">
    <p class='ocr_par' dir='ltr' id='par_1_66' title="bbox 246 3412 1830 3485">
     <span class='ocr_line' id='line_1_66' title="bbox 246 3412 1830 3485; baseline 0.002 -21"><span class='ocrx_word' id='word_1_472' title='bbox 246 3412 344 3465; x_wconf 77' lang='grc' dir='ltr'>καὶ</span> <span class='ocrx_word' id='word_1_473' title='bbox 388 3412 691 3483; x_wconf 86' lang='grc' dir='ltr'>πνεύμασιν</span> <span class='ocrx_word' id='word_1_474' title='bbox 730 3414 1079 3485; x_wconf 86' lang='grc' dir='ltr'>ἀκαθάρτοις,</span> <span class='ocrx_word' id='word_1_475' title='bbox 1111 3414 1207 3469; x_wconf 62' lang='grc' dir='ltr'><strong>καλ⁹</strong></span> <span class='ocrx_word' id='word_1_476' title='bbox 1239 3416 1351 3478; x_wconf 81' lang='grc' dir='ltr'>τοῖς</span> <span class='ocrx_word' id='word_1_477' title='bbox 1395 3414 1497 3484; x_wconf 83' lang='grc' dir='ltr'>τῆς</span> <span class='ocrx_word' id='word_1_478' title='bbox 1544 3413 1830 3468; x_wconf 85' lang='grc' dir='ltr'>εἰδωλολα-</span> 
     </span>
    </p>
   </div>
   <div class='ocr_carea' id='block_1_67' title="bbox 244 3504 1833 3578">
    <p class='ocr_par' dir='ltr' id='par_1_67' title="bbox 244 3504 1833 3578">
     <span class='ocr_line' id='line_1_67' title="bbox 244 3504 1833 3578; baseline 0.002 -22"><span class='ocrx_word' id='word_1_479' title='bbox 244 3504 435 3573; x_wconf 81' lang='grc' dir='ltr'>τρείας</span> <span class='ocrx_word' id='word_1_480' title='bbox 481 3506 856 3575; x_wconf 82' lang='grc' dir='ltr'>ἀντεχομένοις</span> <span class='ocrx_word' id='word_1_481' title='bbox 907 3506 1001 3560; x_wconf 92' lang='grc' dir='ltr'><strong>τοῦ</strong></span> <span class='ocrx_word' id='word_1_482' title='bbox 1045 3508 1305 3578; x_wconf 85' lang='grc' dir='ltr'>ὀνόματος</span> <span class='ocrx_word' id='word_1_483' title='bbox 1330 3506 1425 3559; x_wconf 86' lang='grc' dir='ltr'><strong>τοῦ</strong></span> <span class='ocrx_word' id='word_1_484' title='bbox 1458 3507 1664 3577; x_wconf 81' lang='grc' dir='ltr'>Κυρίου</span> <span class='ocrx_word' id='word_1_485' title='bbox 1698 3506 1833 3577; x_wconf 85' lang='grc' dir='ltr'>μηδὲ</span> 
     </span>
    </p>
   </div>
   <div class='ocr_carea' id='block_1_68' title="bbox 246 3596 1834 3671">
    <p class='ocr_par' dir='ltr' id='par_1_68' title="bbox 246 3596 1834 3671">
     <span class='ocr_line' id='line_1_68' title="bbox 246 3596 1834 3671; baseline 0.001 -22"><span class='ocrx_word' id='word_1_486' title='bbox 246 3598 329 3660; x_wconf 84' lang='grc' dir='ltr'><strong>εἰς</strong></span> <span class='ocrx_word' id='word_1_487' title='bbox 354 3596 561 3650; x_wconf 75' lang='grc' dir='ltr'>ἔννοιαν</span> <span class='ocrx_word' id='word_1_488' title='bbox 584 3598 964 3667; x_wconf 72' lang='grc' dir='ltr'>ἤκοντος.”υτε</span> <span class='ocrx_word' id='word_1_489' title='bbox 986 3617 1049 3668; x_wconf 89' lang='grc' dir='ltr'><strong>γε</strong></span> <span class='ocrx_word' id='word_1_490' title='bbox 1074 3599 1178 3671; x_wconf 87' lang='grc' dir='ltr'>μὴν</span> <span class='ocrx_word' id='word_1_491' title='bbox 1193 3600 1477 3669; x_wconf 77' lang='grc' dir='ltr'>ἐπιφανεὶς</span> <span class='ocrx_word' id='word_1_492' title='bbox 1498 3599 1658 3662; x_wconf 81' lang='grc' dir='ltr'>αὐτὸς</span> <span class='ocrx_word' id='word_1_493' title='bbox 1678 3602 1706 3652; x_wconf 92' lang='lat'><strong>6</strong></span> <span class='ocrx_word' id='word_1_494' title='bbox 1728 3598 1834 3651; x_wconf 82' lang='grc' dir='ltr'><strong>Κύ-</strong></span> 
     </span>
    </p>
   </div>
   <div class='ocr_carea' id='block_1_69' title="bbox 252 3689 1832 3762">
    <p class='ocr_par' dir='ltr' id='par_1_69' title="bbox 252 3689 1832 3762">
     <span class='ocr_line' id='line_1_69' title="bbox 252 3689 1832 3762; baseline 0.001 -21"><span class='ocrx_word' id='word_1_495' title='bbox 252 3706 369 3760; x_wconf 89' lang='grc' dir='ltr'>ριος</span> <span class='ocrx_word' id='word_1_496' title='bbox 398 3689 555 3760; x_wconf 83' lang='grc' dir='ltr'>ήμῶν</span> <span class='ocrx_word' id='word_1_497' title='bbox 588 3690 791 3761; x_wconf 87' lang='grc' dir='ltr'>Ἰησοῦς</span> <span class='ocrx_word' id='word_1_498' title='bbox 817 3692 845 3744; x_wconf 94' lang='lat'><strong>6</strong></span> <span class='ocrx_word' id='word_1_499' title='bbox 871 3690 1100 3761; x_wconf 87' lang='grc' dir='ltr'>Χριστὸς</span> <span class='ocrx_word' id='word_1_500' title='bbox 1128 3692 1252 3754; x_wconf 72' lang='grc' dir='ltr'>τοὺς</span> <span class='ocrx_word' id='word_1_501' title='bbox 1280 3690 1443 3745; x_wconf 76' lang='grc' dir='ltr'>αὐτοῦ</span> <span class='ocrx_word' id='word_1_502' title='bbox 1474 3690 1717 3762; x_wconf 82' lang='grc' dir='ltr'>μαθητὰς</span> <span class='ocrx_word' id='word_1_503' title='bbox 1740 3691 1832 3742; x_wconf 75' lang='grc' dir='ltr'><strong>ἐπὶ</strong></span> 
     </span>
    </p>
   </div>
   <div class='ocr_carea' id='block_1_70' title="bbox 250 3780 1833 3854">
    <p class='ocr_par' dir='ltr' id='par_1_70' title="bbox 250 3780 1833 3854">
     <span class='ocr_line' id='line_1_70' title="bbox 250 3780 1833 3854; baseline 0.001 -21"><span class='ocrx_word' id='word_1_504' title='bbox 250 3782 431 3835; x_wconf 85' lang='grc' dir='ltr'>πάντα</span> <span class='ocrx_word' id='word_1_505' title='bbox 459 3780 796 3851; x_wconf 66' lang='grc' dir='ltr'>διεπέμψατο</span> <span class='ocrx_word' id='word_1_506' title='bbox 839 3782 907 3834; x_wconf 78' lang='grc' dir='ltr'><strong>τὰ</strong></span> <span class='ocrx_word' id='word_1_507' title='bbox 949 3782 1098 3853; x_wconf 77' lang='grc' dir='ltr'>ἔθνη,</span> <span class='ocrx_word' id='word_1_508' title='bbox 1132 3782 1432 3854; x_wconf 88' lang='grc' dir='ltr'>τηνικαῦτα</span> <span class='ocrx_word' id='word_1_509' title='bbox 1461 3781 1765 3853; x_wconf 86' lang='grc' dir='ltr'>πληροῦται</span> <span class='ocrx_word' id='word_1_510' title='bbox 1806 3784 1833 3834; x_wconf 92' lang='lat'><strong>6</strong></span> 
     </span>
    </p>
   </div>
   <div class='ocr_carea' id='block_1_71' title="bbox 246 3870 1836 3945">
    <p class='ocr_par' dir='ltr' id='par_1_71' title="bbox 246 3870 1836 3945">
     <span class='ocr_line' id='line_1_71' title="bbox 246 3870 1836 3945; baseline 0.001 -20"><span class='ocrx_word' id='word_1_511' title='bbox 246 3870 341 3926; x_wconf 82' lang='grc' dir='ltr'><strong>διὰ</strong></span> <span class='ocrx_word' id='word_1_512' title='bbox 387 3872 495 3925; x_wconf 86' lang='grc' dir='ltr'><strong>τῶν</strong></span> <span class='ocrx_word' id='word_1_513' title='bbox 547 3873 921 3945; x_wconf 80' lang='grc' dir='ltr'>προκειμένων</span> <span class='ocrx_word' id='word_1_514' title='bbox 970 3874 1162 3944; x_wconf 75' lang='grc' dir='ltr'>φωνῶν</span> <span class='ocrx_word' id='word_1_515' title='bbox 1202 3878 1317 3938; x_wconf 85' lang='grc' dir='ltr'>τοῖς</span> <span class='ocrx_word' id='word_1_516' title='bbox 1345 3875 1481 3927; x_wconf 80' lang='grc' dir='ltr'>πᾶσι</span> <span class='ocrx_word' id='word_1_517' title='bbox 1510 3874 1836 3944; x_wconf 80' lang='grc' dir='ltr'>παραδοθεὶς</span> 
     </span>
    </p>
   </div>
   <div class='ocr_carea' id='block_1_72' title="bbox 250 3959 444 4033">
    <p class='ocr_par' dir='ltr' id='par_1_72' title="bbox 250 3959 444 4033">
     <span class='ocr_line' id='line_1_72' title="bbox 250 3959 444 4033; baseline 0.005 -18"><span class='ocrx_word' id='word_1_518' title='bbox 250 3959 444 4033; x_wconf 75' lang='grc' dir='ltr'>ὕμνος.</span> 
     </span>
    </p>
   </div>
   <div class='ocr_carea' id='block_1_73' title="bbox 330 4056 1833 4128">
    <p class='ocr_par' dir='ltr' id='par_1_73' title="bbox 330 4056 1833 4128">
     <span class='ocr_line' id='line_1_73' title="bbox 330 4056 1833 4128; baseline 0 -19"><span class='ocrx_word' id='word_1_519' title='bbox 330 4057 427 4121; x_wconf 82' lang='grc' dir='ltr'>Τίς</span> <span class='ocrx_word' id='word_1_520' title='bbox 451 4056 531 4119; x_wconf 84' lang='grc' dir='ltr'>ὡς</span> <span class='ocrx_word' id='word_1_521' title='bbox 559 4056 771 4124; x_wconf 80' lang='grc' dir='ltr'>Κύριος</span> <span class='ocrx_word' id='word_1_522' title='bbox 794 4059 828 4111; x_wconf 86' lang='grc' dir='ltr'><strong>ό</strong></span> <span class='ocrx_word' id='word_1_523' title='bbox 853 4056 996 4122; x_wconf 83' lang='grc' dir='ltr'><strong>Θεὸς</strong></span> <span class='ocrx_word' id='word_1_524' title='bbox 1022 4057 1191 4127; x_wconf 76' lang='grc' dir='ltr'>ἡμῶν</span> <span class='ocrx_word' id='word_1_525' title='bbox 1212 4061 1244 4113; x_wconf 87' lang='grc' dir='ltr'><strong>ό</strong></span> <span class='ocrx_word' id='word_1_526' title='bbox 1266 4058 1337 4113; x_wconf 81' lang='grc' dir='ltr'>ἐν</span> <span class='ocrx_word' id='word_1_527' title='bbox 1357 4058 1619 4128; x_wconf 67' lang='grc' dir='ltr'>ὑψηλοῖς</span> <span class='ocrx_word' id='word_1_528' title='bbox 1638 4074 1833 4113; x_wconf 85' lang='grc' dir='ltr'>κατοι-</span> 
     </span>
    </p>
   </div>
   <div class='ocr_carea' id='block_1_74' title="bbox 252 4148 1836 4221">
    <p class='ocr_par' dir='ltr' id='par_1_74' title="bbox 252 4148 1836 4221">
     <span class='ocr_line' id='line_1_74' title="bbox 252 4148 1836 4221; baseline 0.001 -18"><span class='ocrx_word' id='word_1_529' title='bbox 252 4148 398 4216; x_wconf 80' lang='grc' dir='ltr'>κῶν,</span> <span class='ocrx_word' id='word_1_530' title='bbox 426 4149 523 4203; x_wconf 76' lang='grc' dir='ltr'>καὶ</span> <span class='ocrx_word' id='word_1_531' title='bbox 546 4149 617 4203; x_wconf 88' lang='grc' dir='ltr'>τὰ</span> <span class='ocrx_word' id='word_1_532' title='bbox 644 4149 891 4203; x_wconf 83' lang='grc' dir='ltr'>ταπεινὰ</span> <span class='ocrx_word' id='word_1_533' title='bbox 920 4150 1153 4218; x_wconf 65' lang='grc' dir='ltr'>ἐφορῶν</span> <span class='ocrx_word' id='word_1_534' title='bbox 1178 4152 1248 4204; x_wconf 81' lang='grc' dir='ltr'>ἐν</span> <span class='ocrx_word' id='word_1_535' title='bbox 1275 4150 1355 4218; x_wconf 83' lang='grc' dir='ltr'>τῷ</span> <span class='ocrx_word' id='word_1_536' title='bbox 1376 4152 1610 4221; x_wconf 79' lang='grc' dir='ltr'>οὐρανῷ</span> <span class='ocrx_word' id='word_1_537' title='bbox 1635 4151 1735 4205; x_wconf 77' lang='grc' dir='ltr'>καὶ</span> <span class='ocrx_word' id='word_1_538' title='bbox 1765 4153 1836 4205; x_wconf 83' lang='grc' dir='ltr'>ὲν</span> 
     </span>
    </p>
   </div>
   <div class='ocr_carea' id='block_1_75' title="bbox 250 4238 1834 4311">
    <p class='ocr_par' dir='ltr' id='par_1_75' title="bbox 250 4238 1834 4311">
     <span class='ocr_line' id='line_1_75' title="bbox 250 4238 1834 4311; baseline 0.001 -16"><span class='ocrx_word' id='word_1_539' title='bbox 250 4240 329 4308; x_wconf 80' lang='grc' dir='ltr'>τῇ</span> <span class='ocrx_word' id='word_1_540' title='bbox 448 4257 466 4304; x_wconf 84' lang='grc'><em>;</em></span> <span class='ocrx_word' id='word_1_541' title='bbox 496 4240 815 4294; x_wconf 79' lang='grc' dir='ltr'>Διδάσκεται</span> <span class='ocrx_word' id='word_1_542' title='bbox 848 4241 905 4294; x_wconf 82' lang='grc' dir='ltr'>δὲ</span> <span class='ocrx_word' id='word_1_543' title='bbox 938 4241 1025 4295; x_wconf 81' lang='grc' dir='ltr'>διὰ</span> <span class='ocrx_word' id='word_1_544' title='bbox 1056 4241 1262 4297; x_wconf 87' lang='grc' dir='ltr'>τούτων</span> <span class='ocrx_word' id='word_1_545' title='bbox 1285 4244 1313 4297; x_wconf 93' lang='lat'><strong>6</strong></span> <span class='ocrx_word' id='word_1_546' title='bbox 1338 4243 1456 4307; x_wconf 89' lang='grc' dir='ltr'>νέος</span> <span class='ocrx_word' id='word_1_547' title='bbox 1484 4243 1629 4307; x_wconf 85' lang='grc' dir='ltr'>λαὸς,</span> <span class='ocrx_word' id='word_1_548' title='bbox 1667 4244 1742 4306; x_wconf 87' lang='grc' dir='ltr'>ὼς</span> <span class='ocrx_word' id='word_1_549' title='bbox 1785 4244 1834 4296; x_wconf 82' lang='grc' dir='ltr'><strong>εί</strong></span> 
     </span>
    </p>
   </div>
   <div class='ocr_carea' id='block_1_76' title="bbox 251 4330 1833 4407">
    <p class='ocr_par' dir='ltr' id='par_1_76' title="bbox 251 4330 1833 4407">
     <span class='ocr_line' id='line_1_76' title="bbox 251 4330 1833 4407; baseline 0.003 -23"><span class='ocrx_word' id='word_1_550' title='bbox 251 4333 347 4386; x_wconf 73' lang='grc' dir='ltr'>καὶ</span> <span class='ocrx_word' id='word_1_551' title='bbox 381 4330 656 4403; x_wconf 70' lang='grc' dir='ltr'>ἀνελήφθη</span> <span class='ocrx_word' id='word_1_552' title='bbox 686 4333 714 4383; x_wconf 92' lang='lat'><strong>6</strong></span> <span class='ocrx_word' id='word_1_553' title='bbox 736 4330 940 4403; x_wconf 82' lang='grc' dir='ltr'>Κύριος</span> <span class='ocrx_word' id='word_1_554' title='bbox 974 4333 1155 4403; x_wconf 83' lang='grc' dir='ltr'>ήμῶν,</span> <span class='ocrx_word' id='word_1_555' title='bbox 1183 4334 1280 4387; x_wconf 74' lang='grc' dir='ltr'><strong>καὶ</strong></span> <span class='ocrx_word' id='word_1_556' title='bbox 1307 4334 1452 4387; x_wconf 78' lang='grc' dir='ltr'>ἔστιν</span> <span class='ocrx_word' id='word_1_557' title='bbox 1481 4337 1539 4387; x_wconf 88' lang='grc' dir='ltr'><strong>ὲν</strong></span> <span class='ocrx_word' id='word_1_558' title='bbox 1568 4335 1719 4407; x_wconf 79' lang='grc' dir='ltr'>δεξιᾷ</span> <span class='ocrx_word' id='word_1_559' title='bbox 1739 4334 1833 4388; x_wconf 86' lang='grc' dir='ltr'><strong>τοῦ</strong></span> 
     </span>
    </p>
   </div>
   <div class='ocr_carea' id='block_1_77' title="bbox 253 4419 1830 4499">
    <p class='ocr_par' dir='ltr' id='par_1_77' title="bbox 253 4419 1830 4499">
     <span class='ocr_line' id='line_1_77' title="bbox 253 4419 1830 4499; baseline 0 -21"><span class='ocrx_word' id='word_1_560' title='bbox 253 4422 489 4496; x_wconf 82' lang='grc' dir='ltr'>Πατρὸς,</span> <span class='ocrx_word' id='word_1_561' title='bbox 516 4424 627 4477; x_wconf 77' lang='grc' dir='ltr'>ἀλλ’</span> <span class='ocrx_word' id='word_1_562' title='bbox 657 4419 749 4477; x_wconf 83' lang='grc' dir='ltr'><strong>οὖν</strong></span> <span class='ocrx_word' id='word_1_563' title='bbox 792 4427 887 4478; x_wconf 72' lang='grc' dir='ltr'>καὶ</span> <span class='ocrx_word' id='word_1_564' title='bbox 929 4424 1071 4478; x_wconf 76' lang='grc' dir='ltr'>οὕτω</span> <span class='ocrx_word' id='word_1_565' title='bbox 1127 4427 1339 4499; x_wconf 82' lang='grc' dir='ltr'>πλήρης</span> <span class='ocrx_word' id='word_1_566' title='bbox 1380 4428 1497 4481; x_wconf 76' lang='grc' dir='ltr'>ἐστὶ</span> <span class='ocrx_word' id='word_1_567' title='bbox 1522 4429 1729 4499; x_wconf 77' lang='grc' dir='ltr'>πᾶσαή</span> <span class='ocrx_word' id='word_1_568' title='bbox 1760 4429 1830 4499; x_wconf 82' lang='grc' dir='ltr'>γῆ</span> 
     </span>
    </p>
   </div>
   <div class='ocr_carea' id='block_1_78' title="bbox 1936 3213 3517 3289">
    <p class='ocr_par' dir='ltr' id='par_1_78' title="bbox 1936 3213 3517 3289">
     <span class='ocr_line' id='line_1_78' title="bbox 1936 3213 3517 3289; baseline -0.005 -17"><span class='ocrx_word' id='word_1_569' title='bbox 1936 3232 2195 3289; x_wconf 78' lang='lat' dir='ltr'><strong>magnum</strong></span> <span class='ocrx_word' id='word_1_570' title='bbox 2226 3231 2424 3270; x_wconf 89' lang='lat' dir='ltr'><strong>nomen</strong></span> <span class='ocrx_word' id='word_1_571' title='bbox 2451 3214 2571 3285; x_wconf 82' lang='lat' dir='ltr'><strong>ejus</strong></span> <span class='ocrx_word' id='word_1_572' title='bbox 2598 3222 2735 3279; x_wconf 90' lang='lat' dir='ltr'><strong>erat,</strong></span> <span class='ocrx_word' id='word_1_573' title='bbox 2788 3213 2917 3267; x_wconf 89' lang='lat' dir='ltr'><strong>dum</strong></span> <span class='ocrx_word' id='word_1_574' title='bbox 2961 3219 3151 3283; x_wconf 80' lang='lat' dir='ltr'><strong>gentes</strong></span> <span class='ocrx_word' id='word_1_575' title='bbox 3198 3226 3319 3281; x_wconf 74' lang='lat' dir='ltr'><strong>qua:</strong></span> <span class='ocrx_word' id='word_1_576' title='bbox 3361 3218 3517 3266; x_wconf 73' lang='lat' dir='ltr'><strong>extra</strong></span> 
     </span>
    </p>
   </div>
   <div class='ocr_carea' id='block_1_79' title="bbox 1933 3302 3519 3373">
    <p class='ocr_par' dir='ltr' id='par_1_79' title="bbox 1933 3302 3519 3373">
     <span class='ocr_line' id='line_1_79' title="bbox 1933 3302 3519 3373; baseline -0.006 -10"><span class='ocrx_word' id='word_1_577' title='bbox 1933 3306 2179 3364; x_wconf 62' lang='lat' dir='ltr'><strong>Iudaeam</strong></span> <span class='ocrx_word' id='word_1_578' title='bbox 2201 3305 2733 3369; x_wconf 79' lang='lat' dir='ltr'><strong>erant,d:emonibus</strong></span> <span class='ocrx_word' id='word_1_579' title='bbox 2760 3312 2814 3357; x_wconf 85' lang='lat' dir='ltr'><strong>et</strong></span> <span class='ocrx_word' id='word_1_580' title='bbox 2830 3302 3066 3373; x_wconf 85' lang='lat' dir='ltr'><strong>impuris</strong></span> <span class='ocrx_word' id='word_1_581' title='bbox 3081 3303 3365 3373; x_wconf 88' lang='lat' dir='ltr'><strong>spiritibus</strong></span> <span class='ocrx_word' id='word_1_582' title='bbox 3384 3302 3519 3356; x_wconf 83' lang='lat' dir='ltr'><strong>sub-</strong></span> 
     </span>
    </p>
   </div>
   <div class='ocr_carea' id='block_1_80' title="bbox 1935 3394 3517 3463">
    <p class='ocr_par' dir='ltr' id='par_1_80' title="bbox 1935 3394 3517 3463">
     <span class='ocr_line' id='line_1_80' title="bbox 1935 3394 3517 3463; baseline -0.004 -10"><span class='ocrx_word' id='word_1_583' title='bbox 1935 3399 2081 3463; x_wconf 58' lang='lat' dir='ltr'><strong>ditae,</strong></span> <span class='ocrx_word' id='word_1_584' title='bbox 2128 3413 2193 3453; x_wconf 88' lang='lat' dir='ltr'><strong>ac</strong></span> <span class='ocrx_word' id='word_1_585' title='bbox 2237 3397 2563 3450; x_wconf 64' lang='lat' dir='ltr'><strong>idololatria:</strong></span> <span class='ocrx_word' id='word_1_586' title='bbox 2598 3394 2830 3449; x_wconf 67' lang='lat' dir='ltr'><strong>addicta:</strong></span> <span class='ocrx_word' id='word_1_587' title='bbox 2872 3402 3101 3449; x_wconf 88' lang='lat' dir='ltr'><strong>essent:</strong></span> <span class='ocrx_word' id='word_1_588' title='bbox 3136 3408 3264 3448; x_wconf 89' lang='lat' dir='ltr'><strong>cum</strong></span> <span class='ocrx_word' id='word_1_589' title='bbox 3314 3408 3517 3448; x_wconf 90' lang='lat' dir='ltr'><strong>nomen</strong></span> 
     </span>
    </p>
   </div>
   <div class='ocr_carea' id='block_1_81' title="bbox 1934 3485 3521 3559">
    <p class='ocr_par' dir='ltr' id='par_1_81' title="bbox 1934 3485 3521 3559">
     <span class='ocr_line' id='line_1_81' title="bbox 1934 3485 3521 3559; baseline -0.004 -13"><span class='ocrx_word' id='word_1_590' title='bbox 1934 3491 2153 3547; x_wconf 91' lang='lat' dir='ltr'><strong>Domini</strong></span> <span class='ocrx_word' id='word_1_591' title='bbox 2184 3504 2253 3545; x_wconf 89' lang='lat' dir='ltr'><strong>ne</strong></span> <span class='ocrx_word' id='word_1_592' title='bbox 2283 3488 2503 3559; x_wconf 88' lang='lat' dir='ltr'><strong>quidem</strong></span> <span class='ocrx_word' id='word_1_593' title='bbox 2532 3490 2588 3541; x_wconf 89' lang='lat' dir='ltr'><strong>in</strong></span> <span class='ocrx_word' id='word_1_594' title='bbox 2615 3496 2853 3542; x_wconf 88' lang='lat' dir='ltr'><strong>mentem</strong></span> <span class='ocrx_word' id='word_1_595' title='bbox 2879 3487 3089 3542; x_wconf 88' lang='lat' dir='ltr'><strong>veniret</strong></span> <span class='ocrx_word' id='word_1_596' title='bbox 3124 3486 3255 3544; x_wconf 88' lang='lat' dir='ltr'><strong>illis.</strong></span> <span class='ocrx_word' id='word_1_597' title='bbox 3287 3485 3521 3551; x_wconf 87' lang='lat' dir='ltr'><strong>Quando</strong></span> 
     </span>
    </p>
   </div>
   <div class='ocr_carea' id='block_1_82' title="bbox 1936 3577 3518 3653">
    <p class='ocr_par' dir='ltr' id='par_1_82' title="bbox 1936 3577 3518 3653">
     <span class='ocr_line' id='line_1_82' title="bbox 1936 3577 3518 3653; baseline -0.004 -14"><span class='ocrx_word' id='word_1_598' title='bbox 1936 3592 2119 3640; x_wconf 90' lang='lat' dir='ltr'><strong>autem</strong></span> <span class='ocrx_word' id='word_1_599' title='bbox 2154 3584 2271 3653; x_wconf 88' lang='lat' dir='ltr'><strong>ipse</strong></span> <span class='ocrx_word' id='word_1_600' title='bbox 2318 3581 2584 3635; x_wconf 90' lang='lat' dir='ltr'><strong>Dominus</strong></span> <span class='ocrx_word' id='word_1_601' title='bbox 2628 3588 2818 3635; x_wconf 86' lang='lat' dir='ltr'><strong>noster</strong></span> <span class='ocrx_word' id='word_1_602' title='bbox 2860 3578 3023 3634; x_wconf 84' lang='lat' dir='ltr'><strong>Jesus</strong></span> <span class='ocrx_word' id='word_1_603' title='bbox 3065 3579 3317 3634; x_wconf 83' lang='lat' dir='ltr'><strong>Christus</strong></span> <span class='ocrx_word' id='word_1_604' title='bbox 3357 3577 3518 3632; x_wconf 89' lang='lat' dir='ltr'><strong>adve-</strong></span> 
     </span>
    </p>
   </div>
   <div class='ocr_carea' id='block_1_83' title="bbox 1935 3671 3519 3744">
    <p class='ocr_par' dir='ltr' id='par_1_83' title="bbox 1935 3671 3519 3744">
     <span class='ocr_line' id='line_1_83' title="bbox 1935 3671 3519 3744; baseline -0.006 -11"><span class='ocrx_word' id='word_1_605' title='bbox 1935 3679 2117 3743; x_wconf 91' lang='lat' dir='ltr'><strong>niens,</strong></span> <span class='ocrx_word' id='word_1_606' title='bbox 2148 3675 2453 3744; x_wconf 88' lang='lat' dir='ltr'><strong>discipulos</strong></span> <span class='ocrx_word' id='word_1_607' title='bbox 2492 3688 2623 3728; x_wconf 91' lang='lat' dir='ltr'><strong>suos</strong></span> <span class='ocrx_word' id='word_1_608' title='bbox 2652 3674 2707 3728; x_wconf 90' lang='lat' dir='ltr'><strong>in</strong></span> <span class='ocrx_word' id='word_1_609' title='bbox 2729 3687 2923 3727; x_wconf 89' lang='lat' dir='ltr'><strong>omnes</strong></span> <span class='ocrx_word' id='word_1_610' title='bbox 2944 3681 3133 3743; x_wconf 84' lang='lat' dir='ltr'><strong>gentes</strong></span> <span class='ocrx_word' id='word_1_611' title='bbox 3166 3671 3367 3736; x_wconf 80' lang='lat' dir='ltr'><strong>emisit,</strong></span> <span class='ocrx_word' id='word_1_612' title='bbox 3391 3678 3519 3732; x_wconf 88' lang='lat' dir='ltr'><strong>tunc</strong></span> 
     </span>
    </p>
   </div>
   <div class='ocr_carea' id='block_1_84' title="bbox 1936 3763 3518 3839">
    <p class='ocr_par' dir='ltr' id='par_1_84' title="bbox 1936 3763 3518 3839">
     <span class='ocr_line' id='line_1_84' title="bbox 1936 3763 3518 3839; baseline -0.004 -16"><span class='ocrx_word' id='word_1_613' title='bbox 1936 3769 2195 3839; x_wconf 89' lang='lat' dir='ltr'><strong>impletus</strong></span> <span class='ocrx_word' id='word_1_614' title='bbox 2224 3774 2311 3823; x_wconf 87' lang='lat' dir='ltr'><strong>est</strong></span> <span class='ocrx_word' id='word_1_615' title='bbox 2348 3766 2585 3837; x_wconf 84' lang='lat' dir='ltr'><strong>hymnus</strong></span> <span class='ocrx_word' id='word_1_616' title='bbox 2615 3780 2713 3836; x_wconf 89' lang='lat' dir='ltr'><strong>per</strong></span> <span class='ocrx_word' id='word_1_617' title='bbox 2748 3764 2851 3820; x_wconf 90' lang='lat' dir='ltr'><strong>has</strong></span> <span class='ocrx_word' id='word_1_618' title='bbox 2890 3779 3057 3820; x_wconf 85' lang='lat' dir='ltr'><strong>voces</strong></span> <span class='ocrx_word' id='word_1_619' title='bbox 3095 3763 3372 3823; x_wconf 86' lang='lat' dir='ltr'><strong>universis</strong></span> <span class='ocrx_word' id='word_1_620' title='bbox 3407 3770 3518 3817; x_wconf 86' lang='lat' dir='ltr'><strong>tra-</strong></span> 
     </span>
    </p>
   </div>
   <div class='ocr_carea' id='block_1_85' title="bbox 1936 3862 2104 3916">
    <p class='ocr_par' dir='ltr' id='par_1_85' title="bbox 1936 3862 2104 3916">
     <span class='ocr_line' id='line_1_85' title="bbox 1936 3862 2104 3916; baseline 0.006 -1"><span class='ocrx_word' id='word_1_621' title='bbox 1936 3862 2104 3916; x_wconf 89' lang='lat' dir='ltr'><strong>ditus.</strong></span> 
     </span>
    </p>
   </div>
   <div class='ocr_carea' id='block_1_86' title="bbox 2007 4056 3522 4129">
    <p class='ocr_par' dir='ltr' id='par_1_86' title="bbox 2007 4056 3522 4129">
     <span class='ocr_line' id='line_1_86' title="bbox 2007 4056 3522 4129; baseline -0.001 -17"><span class='ocrx_word' id='word_1_622' title='bbox 2007 4059 2176 4114; x_wconf 72' lang='lat' dir='ltr'><strong>Vens.</strong></span> <span class='ocrx_word' id='word_1_623' title='bbox 2211 4060 2265 4120; x_wconf 84' lang='lat'><strong>5.</strong></span> <span class='ocrx_word' id='word_1_624' title='bbox 2293 4060 2345 4114; x_wconf 88' lang='lat'><em>6.</em></span> <span class='ocrx_word' id='word_1_625' title='bbox 2379 4058 2511 4125; x_wconf 85' lang='lat' dir='ltr'><strong>Quis</strong></span> <span class='ocrx_word' id='word_1_626' title='bbox 2554 4059 2691 4112; x_wconf 84' lang='lat' dir='ltr'><strong>sicut</strong></span> <span class='ocrx_word' id='word_1_627' title='bbox 2721 4056 2984 4112; x_wconf 83' lang='lat' dir='ltr'><strong>Dominus</strong></span> <span class='ocrx_word' id='word_1_628' title='bbox 3041 4056 3184 4113; x_wconf 81' lang='lat' dir='ltr'><strong>Deus</strong></span> <span class='ocrx_word' id='word_1_629' title='bbox 3226 4067 3406 4112; x_wconf 86' lang='lat' dir='ltr'><strong>noster</strong></span> <span class='ocrx_word' id='word_1_630' title='bbox 3431 4058 3522 4129; x_wconf 82' lang='lat' dir='ltr'><strong>qui</strong></span> 
     </span>
    </p>
   </div>
   <div class='ocr_carea' id='block_1_87' title="bbox 1936 4148 3522 4217">
    <p class='ocr_par' dir='ltr' id='par_1_87' title="bbox 1936 4148 3522 4217">
     <span class='ocr_line' id='line_1_87' title="bbox 1936 4148 3522 4217; baseline -0.003 -9"><span class='ocrx_word' id='word_1_631' title='bbox 1936 4155 1990 4208; x_wconf 89' lang='lat' dir='ltr'><strong>in</strong></span> <span class='ocrx_word' id='word_1_632' title='bbox 2005 4154 2131 4207; x_wconf 88' lang='lat' dir='ltr'><strong>altis</strong></span> <span class='ocrx_word' id='word_1_633' title='bbox 2158 4151 2386 4217; x_wconf 85' lang='lat' dir='ltr'><strong>habitat,</strong></span> <span class='ocrx_word' id='word_1_634' title='bbox 2405 4162 2452 4205; x_wconf 90' lang='lat' dir='ltr'><strong>et</strong></span> <span class='ocrx_word' id='word_1_635' title='bbox 2471 4150 2699 4203; x_wconf 83' lang='lat' dir='ltr'><strong>humilia</strong></span> <span class='ocrx_word' id='word_1_636' title='bbox 2725 4151 2935 4217; x_wconf 84' lang='lat' dir='ltr'><strong>respicit</strong></span> <span class='ocrx_word' id='word_1_637' title='bbox 2954 4150 3007 4203; x_wconf 87' lang='lat' dir='ltr'><strong>in</strong></span> <span class='ocrx_word' id='word_1_638' title='bbox 3042 4148 3170 4203; x_wconf 65' lang='lat' dir='ltr'><strong>caelo</strong></span> <span class='ocrx_word' id='word_1_639' title='bbox 3192 4159 3241 4203; x_wconf 87' lang='lat' dir='ltr'><strong>et</strong></span> <span class='ocrx_word' id='word_1_640' title='bbox 3265 4151 3323 4202; x_wconf 89' lang='lat' dir='ltr'><strong>in</strong></span> <span class='ocrx_word' id='word_1_641' title='bbox 3340 4150 3522 4204; x_wconf 72' lang='lat' dir='ltr'><strong>terra?</strong></span> 
     </span>
    </p>
   </div>
   <div class='ocr_carea' id='block_1_88' title="bbox 1936 4242 3519 4314">
    <p class='ocr_par' dir='ltr' id='par_1_88' title="bbox 1936 4242 3519 4314">
     <span class='ocr_line' id='line_1_88' title="bbox 1936 4242 3519 4314; baseline -0.004 -12"><span class='ocrx_word' id='word_1_642' title='bbox 1936 4249 2035 4302; x_wconf 87' lang='lat' dir='ltr'><strong>His</strong></span> <span class='ocrx_word' id='word_1_643' title='bbox 2067 4248 2297 4301; x_wconf 90' lang='lat' dir='ltr'><strong>docetur</strong></span> <span class='ocrx_word' id='word_1_644' title='bbox 2337 4260 2512 4299; x_wconf 87' lang='lat' dir='ltr'><strong>novus</strong></span> <span class='ocrx_word' id='word_1_645' title='bbox 2562 4244 2826 4314; x_wconf 89' lang='lat' dir='ltr'><strong>populus,</strong></span> <span class='ocrx_word' id='word_1_646' title='bbox 2867 4243 3085 4299; x_wconf 88' lang='lat' dir='ltr'><strong>etiamsi</strong></span> <span class='ocrx_word' id='word_1_647' title='bbox 3126 4242 3393 4297; x_wconf 90' lang='lat' dir='ltr'><strong>Dominus</strong></span> <span class='ocrx_word' id='word_1_648' title='bbox 3422 4255 3519 4296; x_wconf 81' lang='lat' dir='ltr'><strong>no-</strong></span> 
     </span>
    </p>
   </div>
   <div class='ocr_carea' id='block_1_89' title="bbox 1938 4334 3520 4408">
    <p class='ocr_par' dir='ltr' id='par_1_89' title="bbox 1938 4334 3520 4408">
     <span class='ocr_line' id='line_1_89' title="bbox 1938 4334 3520 4408; baseline -0.002 -12"><span class='ocrx_word' id='word_1_649' title='bbox 1938 4349 2053 4397; x_wconf 89' lang='lat' dir='ltr'><strong>ster</strong></span> <span class='ocrx_word' id='word_1_650' title='bbox 2080 4345 2401 4408; x_wconf 88' lang='lat' dir='ltr'><strong>assumptus</strong></span> <span class='ocrx_word' id='word_1_651' title='bbox 2444 4344 2553 4402; x_wconf 88' lang='lat' dir='ltr'><strong>est,</strong></span> <span class='ocrx_word' id='word_1_652' title='bbox 2590 4343 2647 4391; x_wconf 89' lang='lat' dir='ltr'><strong>et</strong></span> <span class='ocrx_word' id='word_1_653' title='bbox 2687 4336 2754 4389; x_wconf 90' lang='lat' dir='ltr'><strong>ad</strong></span> <span class='ocrx_word' id='word_1_654' title='bbox 2787 4336 3068 4390; x_wconf 79' lang='lat' dir='ltr'><strong>dexteram</strong></span> <span class='ocrx_word' id='word_1_655' title='bbox 3118 4334 3300 4391; x_wconf 87' lang='lat' dir='ltr'><strong>Patris</strong></span> <span class='ocrx_word' id='word_1_656' title='bbox 3343 4337 3520 4407; x_wconf 82' lang='lat' dir='ltr'><strong>sedet,</strong></span> 
     </span>
    </p>
   </div>
   <div class='ocr_carea' id='block_1_90' title="bbox 1938 4430 3522 4503">
    <p class='ocr_par' dir='ltr' id='par_1_90' title="bbox 1938 4430 3522 4503">
     <span class='ocr_line' id='line_1_90' title="bbox 1938 4430 3522 4503; baseline -0.002 -14"><span class='ocrx_word' id='word_1_657' title='bbox 1938 4444 2180 4491; x_wconf 88' lang='lat' dir='ltr'><strong>attamen</strong></span> <span class='ocrx_word' id='word_1_658' title='bbox 2205 4442 2374 4487; x_wconf 89' lang='lat' dir='ltr'><strong>totam</strong></span> <span class='ocrx_word' id='word_1_659' title='bbox 2417 4440 2623 4485; x_wconf 85' lang='lat' dir='ltr'><strong>terram</strong></span> <span class='ocrx_word' id='word_1_660' title='bbox 2660 4432 2875 4501; x_wconf 89' lang='lat' dir='ltr'><strong>plenam</strong></span> <span class='ocrx_word' id='word_1_661' title='bbox 2900 4445 3024 4484; x_wconf 90' lang='lat' dir='ltr'><strong>esse</strong></span> <span class='ocrx_word' id='word_1_662' title='bbox 3056 4438 3109 4484; x_wconf 91' lang='lat' dir='ltr'><strong>et</strong></span> <span class='ocrx_word' id='word_1_663' title='bbox 3136 4430 3374 4499; x_wconf 80' lang='lat' dir='ltr'><strong>gaudere</strong></span> <span class='ocrx_word' id='word_1_664' title='bbox 3402 4432 3522 4503; x_wconf 74' lang='lat' dir='ltr'><strong>ejus</strong></span> 
     </span>
    </p>
   </div>
   <div class='ocr_carea' id='block_1_91' title="bbox 252 4512 1829 4595">
    <p class='ocr_par' dir='ltr' id='par_1_91' title="bbox 252 4516 1829 4594">
     <span class='ocr_line' id='line_1_91' title="bbox 252 4516 1829 4594; baseline 0.003 -22"><span class='ocrx_word' id='word_1_665' title='bbox 252 4518 349 4572; x_wconf 71' lang='grc' dir='ltr'>καὶ</span> <span class='ocrx_word' id='word_1_666' title='bbox 377 4516 641 4571; x_wconf 82' lang='grc' dir='ltr'>ἀπολαύει</span> <span class='ocrx_word' id='word_1_667' title='bbox 665 4518 765 4587; x_wconf 79' lang='grc' dir='ltr'>τῆς</span> <span class='ocrx_word' id='word_1_668' title='bbox 794 4520 1099 4590; x_wconf 77' lang='grc' dir='ltr'>ἐπισκοπῆς</span> <span class='ocrx_word' id='word_1_669' title='bbox 1117 4518 1452 4594; x_wconf 65' lang='grc' dir='ltr'>αὐτοῦ.*Αρα</span> <span class='ocrx_word' id='word_1_670' title='bbox 1475 4524 1537 4576; x_wconf 81' lang='grc' dir='ltr'><strong>ού</strong></span> <span class='ocrx_word' id='word_1_671' title='bbox 1561 4523 1711 4578; x_wconf 84' lang='grc' dir='ltr'>δοκεῖ</span> <span class='ocrx_word' id='word_1_672' title='bbox 1741 4523 1829 4594; x_wconf 89' lang='grc' dir='ltr'>μέ-</span> 
     </span>
    </p>
   </div>
   <div class='ocr_carea' id='block_1_92' title="bbox 1936 4512 3521 4595">
    <p class='ocr_par' dir='ltr' id='par_1_92' title="bbox 1939 4520 3521 4595">
     <span class='ocr_line' id='line_1_92' title="bbox 1939 4520 3521 4595; baseline -0.002 -15"><span class='ocrx_word' id='word_1_673' title='bbox 1939 4524 2303 4595; x_wconf 85' lang='lat' dir='ltr'><strong>inspectione.</strong></span> <span class='ocrx_word' id='word_1_674' title='bbox 2350 4523 2550 4575; x_wconf 85' lang='lat' dir='ltr'><strong>Annon</strong></span> <span class='ocrx_word' id='word_1_675' title='bbox 2588 4520 2721 4574; x_wconf 86' lang='lat' dir='ltr'><strong>illud</strong></span> <span class='ocrx_word' id='word_1_676' title='bbox 2764 4535 3021 4590; x_wconf 71' lang='lat' dir='ltr'><strong>magnum</strong></span> <span class='ocrx_word' id='word_1_677' title='bbox 3072 4535 3198 4575; x_wconf 87' lang='lat' dir='ltr'><strong>esse</strong></span> <span class='ocrx_word' id='word_1_678' title='bbox 3240 4520 3521 4577; x_wconf 80' lang='lat' dir='ltr'><strong>videatur!</strong></span> 
     </span>
    </p>
   </div>
   <div class='ocr_carea' id='block_1_93' title="bbox 252 4608 1833 4689">
    <p class='ocr_par' dir='ltr' id='par_1_93' title="bbox 252 4608 1833 4689">
     <span class='ocr_line' id='line_1_93' title="bbox 252 4608 1833 4689; baseline 0.004 -26"><span class='ocrx_word' id='word_1_679' title='bbox 252 4626 326 4681; x_wconf 86' lang='grc' dir='ltr'><strong>γα</strong></span> <span class='ocrx_word' id='word_1_680' title='bbox 357 4608 497 4663; x_wconf 73' lang='grc' dir='ltr'>εἶναι</span> <span class='ocrx_word' id='word_1_681' title='bbox 531 4608 590 4661; x_wconf 88' lang='grc' dir='ltr'><strong>τὸ</strong></span> <span class='ocrx_word' id='word_1_682' title='bbox 618 4610 941 4680; x_wconf 85' lang='grc' dir='ltr'>εἰρημένον;</span> <span class='ocrx_word' id='word_1_683' title='bbox 984 4613 1121 4665; x_wconf 83' lang='grc' dir='ltr'>Ἀλλ’</span> <span class='ocrx_word' id='word_1_684' title='bbox 1153 4615 1280 4667; x_wconf 83' lang='grc' dir='ltr'>ὅταν</span> <span class='ocrx_word' id='word_1_685' title='bbox 1310 4615 1567 4689; x_wconf 82' lang='grc' dir='ltr'>ἐννοήσῃς</span> <span class='ocrx_word' id='word_1_686' title='bbox 1601 4617 1729 4687; x_wconf 73' lang='grc' dir='ltr'>περὶ</span> <span class='ocrx_word' id='word_1_687' title='bbox 1753 4616 1833 4669; x_wconf 85' lang='grc' dir='ltr'>τί-</span> 
     </span>
    </p>
   </div>
   <div class='ocr_carea' id='block_1_94' title="bbox 253 4698 1839 4776">
    <p class='ocr_par' dir='ltr' id='par_1_94' title="bbox 253 4698 1839 4776">
     <span class='ocr_line' id='line_1_94' title="bbox 253 4698 1839 4776; baseline 0.003 -21"><span class='ocrx_word' id='word_1_688' title='bbox 253 4716 343 4764; x_wconf 91' lang='grc' dir='ltr'><strong>νος</strong></span> <span class='ocrx_word' id='word_1_689' title='bbox 369 4698 605 4770; x_wconf 81' lang='grc' dir='ltr'>εἴρηται,</span> <span class='ocrx_word' id='word_1_690' title='bbox 625 4699 828 4768; x_wconf 76' lang='grc' dir='ltr'>σφόδρα</span> <span class='ocrx_word' id='word_1_691' title='bbox 855 4701 971 4753; x_wconf 74' lang='grc' dir='ltr'>ἐστὶ</span> <span class='ocrx_word' id='word_1_692' title='bbox 996 4703 1271 4767; x_wconf 84' lang='grc' dir='ltr'>καταδεές.</span> <span class='ocrx_word' id='word_1_693' title='bbox 1309 4704 1433 4768; x_wconf 85' lang='grc' dir='ltr'>Πῶς</span> <span class='ocrx_word' id='word_1_694' title='bbox 1458 4705 1563 4776; x_wconf 80' lang='grc' dir='ltr'>γὰρ</span> <span class='ocrx_word' id='word_1_695' title='bbox 1588 4707 1646 4758; x_wconf 81' lang='grc' dir='ltr'>ὲν</span> <span class='ocrx_word' id='word_1_696' title='bbox 1676 4705 1839 4776; x_wconf 81' lang='grc' dir='ltr'>οὐρα-</span> 
     </span>
    </p>
   </div>
   <div class='ocr_carea' id='block_1_95' title="bbox 253 4790 1839 4870">
    <p class='ocr_par' dir='ltr' id='par_1_95' title="bbox 253 4790 1839 4870">
     <span class='ocr_line' id='line_1_95' title="bbox 253 4790 1839 4870; baseline 0.006 -27"><span class='ocrx_word' id='word_1_697' title='bbox 253 4794 364 4855; x_wconf 86' lang='grc' dir='ltr'>νοῖς</span> <span class='ocrx_word' id='word_1_698' title='bbox 404 4792 647 4845; x_wconf 83' lang='grc' dir='ltr'>κατοικεῖ</span> <span class='ocrx_word' id='word_1_699' title='bbox 678 4792 706 4842; x_wconf 88' lang='lat'><strong>6</strong></span> <span class='ocrx_word' id='word_1_700' title='bbox 732 4790 823 4843; x_wconf 88' lang='grc' dir='ltr'><strong>τὸν</strong></span> <span class='ocrx_word' id='word_1_701' title='bbox 858 4792 1085 4862; x_wconf 81' lang='grc' dir='ltr'>οὐρανὸν</span> <span class='ocrx_word' id='word_1_702' title='bbox 1113 4797 1206 4849; x_wconf 74' lang='grc' dir='ltr'>καὶ</span> <span class='ocrx_word' id='word_1_703' title='bbox 1244 4795 1342 4867; x_wconf 85' lang='grc' dir='ltr'>τὴν</span> <span class='ocrx_word' id='word_1_704' title='bbox 1384 4797 1487 4867; x_wconf 83' lang='grc' dir='ltr'>γῆν</span> <span class='ocrx_word' id='word_1_705' title='bbox 1535 4798 1780 4870; x_wconf 84' lang='grc' dir='ltr'>πληρῶν,</span> <span class='ocrx_word' id='word_1_706' title='bbox 1810 4801 1839 4851; x_wconf 92' lang='lat'><strong>6</strong></span> 
     </span>
    </p>
   </div>
   <div class='ocr_carea' id='block_1_96' title="bbox 256 4880 1837 4961">
    <p class='ocr_par' dir='ltr' id='par_1_96' title="bbox 256 4880 1837 4961">
     <span class='ocr_line' id='line_1_96' title="bbox 256 4880 1837 4961; baseline 0.006 -25"><span class='ocrx_word' id='word_1_707' title='bbox 256 4881 532 4953; x_wconf 84' lang='grc' dir='ltr'>πανταχοῦ</span> <span class='ocrx_word' id='word_1_708' title='bbox 564 4880 779 4953; x_wconf 88' lang='grc' dir='ltr'>παρὼν.</span> <span class='ocrx_word' id='word_1_709' title='bbox 814 4883 842 4935; x_wconf 87' lang='lat'><strong>6</strong></span> <span class='ocrx_word' id='word_1_710' title='bbox 887 4883 1091 4952; x_wconf 89' lang='grc' dir='ltr'>λέγων·</span> <span class='ocrx_word' id='word_1_711' title='bbox 1129 4887 1273 4953; x_wconf 83' lang='grc' dir='ltr'>Θεὸς</span> <span class='ocrx_word' id='word_1_712' title='bbox 1299 4889 1543 4958; x_wconf 74' lang='grc' dir='ltr'>ἐγγίζων</span> <span class='ocrx_word' id='word_1_713' title='bbox 1572 4891 1706 4961; x_wconf 79' lang='grc' dir='ltr'>ἐγὼ,</span> <span class='ocrx_word' id='word_1_714' title='bbox 1739 4893 1837 4946; x_wconf 76' lang='grc' dir='ltr'>καὶ</span> 
     </span>
    </p>
   </div>
   <div class='ocr_carea' id='block_1_97' title="bbox 256 4975 1839 5049">
    <p class='ocr_par' dir='ltr' id='par_1_97' title="bbox 256 4975 1839 5049">
     <span class='ocr_line' id='line_1_97' title="bbox 256 4975 1839 5049; baseline -0.003 -19"><span class='ocrx_word' id='word_1_715' title='bbox 256 4978 327 5030; x_wconf 86' lang='grc' dir='ltr'>οὺ</span> <span class='ocrx_word' id='word_1_716' title='bbox 353 4976 498 5041; x_wconf 83' lang='grc' dir='ltr'>Θεὸς</span> <span class='ocrx_word' id='word_1_717' title='bbox 525 4975 849 5043; x_wconf 72' lang='grc' dir='ltr'>πόρρωθεν,</span> <span class='ocrx_word' id='word_1_718' title='bbox 876 4977 911 5027; x_wconf 83' lang='grc' dir='ltr'><em>ὁ</em></span> <span class='ocrx_word' id='word_1_719' title='bbox 944 4976 1253 5045; x_wconf 76' lang='grc' dir='ltr'>μετρήσας</span> <span class='ocrx_word' id='word_1_720' title='bbox 1278 4980 1385 5033; x_wconf 88' lang='grc' dir='ltr'><strong>τὸν</strong></span> <span class='ocrx_word' id='word_1_721' title='bbox 1410 4983 1670 5049; x_wconf 79' lang='grc' dir='ltr'>οὐρανὸν</span> <span class='ocrx_word' id='word_1_722' title='bbox 1700 5001 1839 5038; x_wconf 84' lang='grc' dir='ltr'><strong>σπι.</strong></span> 
     </span>
    </p>
   </div>
   <div class='ocr_carea' id='block_1_98' title="bbox 258 5065 1833 5145">
    <p class='ocr_par' dir='ltr' id='par_1_98' title="bbox 258 5065 1833 5145">
     <span class='ocr_line' id='line_1_98' title="bbox 258 5065 1833 5145; baseline 0.007 -25"><span class='ocrx_word' id='word_1_723' title='bbox 258 5067 416 5138; x_wconf 78' lang='grc' dir='ltr'>θαμῇ</span> <span class='ocrx_word' id='word_1_724' title='bbox 442 5068 539 5121; x_wconf 81' lang='grc' dir='ltr'>καὶ</span> <span class='ocrx_word' id='word_1_725' title='bbox 567 5068 681 5136; x_wconf 84' lang='grc' dir='ltr'>τὴν</span> <span class='ocrx_word' id='word_1_726' title='bbox 693 5065 812 5137; x_wconf 79' lang='grc' dir='ltr'>γῆν</span> <span class='ocrx_word' id='word_1_727' title='bbox 840 5066 1033 5136; x_wconf 76' lang='grc' dir='ltr'>δρακὶ,</span> <span class='ocrx_word' id='word_1_728' title='bbox 1054 5072 1086 5124; x_wconf 85' lang='grc' dir='ltr'><strong>ό</strong></span> <span class='ocrx_word' id='word_1_729' title='bbox 1109 5071 1376 5140; x_wconf 82' lang='grc' dir='ltr'>κατέχων</span> <span class='ocrx_word' id='word_1_730' title='bbox 1390 5073 1497 5127; x_wconf 81' lang='grc' dir='ltr'><strong>τὸν</strong></span> <span class='ocrx_word' id='word_1_731' title='bbox 1510 5076 1693 5143; x_wconf 75' lang='grc' dir='ltr'>γύρον</span> <span class='ocrx_word' id='word_1_732' title='bbox 1722 5074 1833 5145; x_wconf 82' lang='grc' dir='ltr'>τῆς</span> 
     </span>
    </p>
   </div>
   <div class='ocr_carea' id='block_1_99' title="bbox 259 5158 1836 5235">
    <p class='ocr_par' dir='ltr' id='par_1_99' title="bbox 259 5158 1836 5235">
     <span class='ocr_line' id='line_1_99' title="bbox 259 5158 1836 5235; baseline 0.004 -23"><span class='ocrx_word' id='word_1_733' title='bbox 259 5158 371 5229; x_wconf 77' lang='grc' dir='ltr'>γῆς</span> <span class='ocrx_word' id='word_1_734' title='bbox 387 5175 406 5223; x_wconf 87' lang='grc'><em>;</em></span> <span class='ocrx_word' id='word_1_735' title='bbox 448 5158 587 5212; x_wconf 84' lang='grc' dir='ltr'>Ἀλλ’</span> <span class='ocrx_word' id='word_1_736' title='bbox 616 5158 804 5231; x_wconf 73' lang='grc' dir='ltr'>ἐπειδὴ</span> <span class='ocrx_word' id='word_1_737' title='bbox 836 5159 973 5232; x_wconf 88' lang='grc' dir='ltr'>πρὸς</span> <span class='ocrx_word' id='word_1_738' title='bbox 1008 5160 1296 5226; x_wconf 85' lang='grc' dir='ltr'>Ἰουδαίους</span> <span class='ocrx_word' id='word_1_739' title='bbox 1326 5158 1395 5234; x_wconf 79' lang='grc' dir='ltr'><strong>ἦν</strong></span> <span class='ocrx_word' id='word_1_740' title='bbox 1421 5163 1570 5235; x_wconf 83' lang='grc' dir='ltr'>αὐτῷ</span> <span class='ocrx_word' id='word_1_741' title='bbox 1602 5167 1631 5218; x_wconf 91' lang='lat'><strong>6</strong></span> <span class='ocrx_word' id='word_1_742' title='bbox 1657 5166 1836 5234; x_wconf 88' lang='grc' dir='ltr'>λόγος,</span> 
     </span>
    </p>
   </div>
   <div class='ocr_carea' id='block_1_100' title="bbox 260 5248 1841 5327">
    <p class='ocr_par' dir='ltr' id='par_1_100' title="bbox 260 5248 1841 5327">
     <span class='ocr_line' id='line_1_100' title="bbox 260 5248 1841 5327; baseline 0.004 -24"><span class='ocrx_word' id='word_1_743' title='bbox 260 5249 345 5304; x_wconf 84' lang='grc' dir='ltr'><strong>διὰ</strong></span> <span class='ocrx_word' id='word_1_744' title='bbox 372 5248 531 5304; x_wconf 88' lang='grc' dir='ltr'>τοῦτο</span> <span class='ocrx_word' id='word_1_745' title='bbox 554 5250 691 5313; x_wconf 80' lang='grc' dir='ltr'>τέως</span> <span class='ocrx_word' id='word_1_746' title='bbox 713 5249 854 5305; x_wconf 78' lang='grc' dir='ltr'>οὕτω</span> <span class='ocrx_word' id='word_1_747' title='bbox 882 5252 1144 5325; x_wconf 87' lang='grc' dir='ltr'>κέχρηται</span> <span class='ocrx_word' id='word_1_748' title='bbox 1172 5254 1249 5325; x_wconf 84' lang='grc' dir='ltr'>τῷ</span> <span class='ocrx_word' id='word_1_749' title='bbox 1279 5254 1440 5327; x_wconf 85' lang='grc' dir='ltr'>λόγῳ,</span> <span class='ocrx_word' id='word_1_750' title='bbox 1472 5258 1841 5325; x_wconf 78' lang='grc' dir='ltr'>συγκαταϐαί-</span> 
     </span>
    </p>
   </div>
   <div class='ocr_carea' id='block_1_101' title="bbox 262 5340 1836 5420">
    <p class='ocr_par' dir='ltr' id='par_1_101' title="bbox 262 5340 1836 5420">
     <span class='ocr_line' id='line_1_101' title="bbox 262 5340 1836 5420; baseline 0.006 -25"><span class='ocrx_word' id='word_1_751' title='bbox 262 5359 365 5395; x_wconf 87' lang='grc' dir='ltr'>νων</span> <span class='ocrx_word' id='word_1_752' title='bbox 398 5343 462 5413; x_wconf 78' lang='grc' dir='ltr'>τῇ</span> <span class='ocrx_word' id='word_1_753' title='bbox 512 5341 784 5413; x_wconf 82' lang='grc' dir='ltr'>παχύτητι</span> <span class='ocrx_word' id='word_1_754' title='bbox 813 5343 991 5397; x_wconf 82' lang='grc' dir='ltr'>αὐτῶν</span> <span class='ocrx_word' id='word_1_755' title='bbox 1015 5361 1029 5375; x_wconf 76' lang='grc' dir='ltr'><strong>ο</strong></span> <span class='ocrx_word' id='word_1_756' title='bbox 1076 5340 1195 5399; x_wconf 76' lang='grc' dir='ltr'>εἷτα</span> <span class='ocrx_word' id='word_1_757' title='bbox 1230 5347 1370 5401; x_wconf 86' lang='grc' dir='ltr'><strong>κατά</strong></span> <span class='ocrx_word' id='word_1_758' title='bbox 1404 5348 1598 5420; x_wconf 86' lang='grc' dir='ltr'>μικρὸν</span> <span class='ocrx_word' id='word_1_759' title='bbox 1620 5350 1836 5419; x_wconf 84' lang='grc' dir='ltr'>ἀνάγων</span> 
     </span>
    </p>
   </div>
   <div class='ocr_carea' id='block_1_102' title="bbox 264 5432 1835 5511">
    <p class='ocr_par' dir='ltr' id='par_1_102' title="bbox 264 5432 1835 5511">
     <span class='ocr_line' id='line_1_102' title="bbox 264 5432 1835 5511; baseline 0.006 -26"><span class='ocrx_word' id='word_1_760' title='bbox 264 5432 439 5486; x_wconf 71' lang='grc' dir='ltr'>αὐτῶν</span> <span class='ocrx_word' id='word_1_761' title='bbox 468 5434 567 5503; x_wconf 79' lang='grc' dir='ltr'><strong>τὴν</strong></span> <span class='ocrx_word' id='word_1_762' title='bbox 584 5434 821 5488; x_wconf 83' lang='grc' dir='ltr'>διάνοιαν</span> <span class='ocrx_word' id='word_1_763' title='bbox 845 5436 937 5487; x_wconf 76' lang='grc' dir='ltr'>καὶ</span> <span class='ocrx_word' id='word_1_764' title='bbox 964 5435 1180 5508; x_wconf 86' lang='grc' dir='ltr'>πτερῶν</span> <span class='ocrx_word' id='word_1_765' title='bbox 1207 5437 1304 5509; x_wconf 81' lang='grc' dir='ltr'><strong>τὴν</strong></span> <span class='ocrx_word' id='word_1_766' title='bbox 1324 5437 1550 5511; x_wconf 82' lang='grc' dir='ltr'>γνώμην</span> <span class='ocrx_word' id='word_1_767' title='bbox 1575 5441 1669 5493; x_wconf 71' lang='grc' dir='ltr'><strong>καὶ</strong></span> <span class='ocrx_word' id='word_1_768' title='bbox 1698 5442 1835 5494; x_wconf 90' lang='grc' dir='ltr'>ἀνα-</span> 
     </span>
    </p>
   </div>
   <div class='ocr_carea' id='block_1_103' title="bbox 264 5522 1834 5603">
    <p class='ocr_par' dir='ltr' id='par_1_103' title="bbox 264 5522 1834 5603">
     <span class='ocr_line' id='line_1_103' title="bbox 264 5522 1834 5603; baseline 0.011 -32"><span class='ocrx_word' id='word_1_769' title='bbox 264 5522 520 5591; x_wconf 74' lang='grc' dir='ltr'>διδάζων,</span> <span class='ocrx_word' id='word_1_770' title='bbox 550 5525 733 5598; x_wconf 80' lang='grc' dir='ltr'>ήρέμα</span> <span class='ocrx_word' id='word_1_771' title='bbox 756 5526 950 5595; x_wconf 80' lang='grc' dir='ltr'>ἐπάγει</span> <span class='ocrx_word' id='word_1_772' title='bbox 981 5528 1040 5579; x_wconf 83' lang='grc' dir='ltr'><strong>ὲν</strong></span> <span class='ocrx_word' id='word_1_773' title='bbox 1072 5527 1150 5598; x_wconf 86' lang='grc' dir='ltr'>τῷ</span> <span class='ocrx_word' id='word_1_774' title='bbox 1177 5527 1390 5600; x_wconf 82' lang='grc' dir='ltr'>ούρανῷ</span> <span class='ocrx_word' id='word_1_775' title='bbox 1440 5530 1535 5584; x_wconf 80' lang='grc' dir='ltr'>καὶ</span> <span class='ocrx_word' id='word_1_776' title='bbox 1560 5530 1618 5585; x_wconf 85' lang='grc' dir='ltr'><strong>ὲν</strong></span> <span class='ocrx_word' id='word_1_777' title='bbox 1648 5534 1712 5603; x_wconf 82' lang='grc' dir='ltr'>τῇ</span> <span class='ocrx_word' id='word_1_778' title='bbox 1740 5534 1834 5603; x_wconf 84' lang='grc' dir='ltr'><strong>γῇ,</strong></span> 
     </span>
    </p>
   </div>
   <div class='ocr_carea' id='block_1_104' title="bbox 266 5615 1837 5697">
    <p class='ocr_par' dir='ltr' id='par_1_104' title="bbox 266 5615 1837 5697">
     <span class='ocr_line' id='line_1_104' title="bbox 266 5615 1837 5697; baseline 0.008 -30"><span class='ocrx_word' id='word_1_779' title='bbox 266 5615 502 5669; x_wconf 77' lang='grc' dir='ltr'>τουτέστι</span> <span class='ocrx_word' id='word_1_780' title='bbox 555 5616 650 5669; x_wconf 80' lang='grc' dir='ltr'>καὶ</span> <span class='ocrx_word' id='word_1_781' title='bbox 694 5615 807 5671; x_wconf 80' lang='grc' dir='ltr'><strong>ἀνω</strong></span> <span class='ocrx_word' id='word_1_782' title='bbox 854 5618 949 5672; x_wconf 74' lang='grc' dir='ltr'>καὶ</span> <span class='ocrx_word' id='word_1_783' title='bbox 993 5619 1161 5673; x_wconf 86' lang='grc' dir='ltr'>κάτω.</span> <span class='ocrx_word' id='word_1_784' title='bbox 1189 5619 1358 5675; x_wconf 88' lang='grc' dir='ltr'>Τοῦτο</span> <span class='ocrx_word' id='word_1_785' title='bbox 1388 5621 1442 5675; x_wconf 81' lang='grc' dir='ltr'>δὲ</span> <span class='ocrx_word' id='word_1_786' title='bbox 1474 5618 1593 5677; x_wconf 76' lang='grc' dir='ltr'>εἷπε</span> <span class='ocrx_word' id='word_1_787' title='bbox 1625 5623 1712 5679; x_wconf 84' lang='grc' dir='ltr'>διὰ</span> <span class='ocrx_word' id='word_1_788' title='bbox 1739 5625 1837 5697; x_wconf 82' lang='grc' dir='ltr'>τὴν</span> 
     </span>
    </p>
   </div>
   <div class='ocr_carea' id='block_1_105' title="bbox 340 5768 1173 5841">
    <p class='ocr_par' dir='ltr' id='par_1_105' title="bbox 340 5768 1173 5841">
     <span class='ocr_line' id='line_1_105' title="bbox 340 5768 1173 5841; baseline 0.008 -16"><span class='ocrx_word' id='word_1_789' title='bbox 340 5768 385 5803; x_wconf 79' lang='grc'><strong>’⁸</strong></span> <span class='ocrx_word' id='word_1_790' title='bbox 416 5768 528 5826; x_wconf 79' lang='lat' dir='ltr'><strong>Jer.</strong></span> <span class='ocrx_word' id='word_1_791' title='bbox 567 5786 633 5838; x_wconf 73' lang='grc' dir='ltr'>χ,</span> <span class='ocrx_word' id='word_1_792' title='bbox 671 5773 766 5840; x_wconf 75' lang='lat' dir='ltr'><strong>ll;</strong></span> <span class='ocrx_word' id='word_1_793' title='bbox 802 5773 906 5831; x_wconf 91' lang='lat' dir='ltr'><strong>lsa.</strong></span> <span class='ocrx_word' id='word_1_794' title='bbox 942 5774 1173 5841; x_wconf 71' lang='lat' dir='ltr'><strong>st,-12.</strong></span> 
     </span>
    </p>
   </div>
   <div class='ocr_carea' id='block_1_106' title="bbox 1942 4609 3521 4681">
    <p class='ocr_par' dir='ltr' id='par_1_106' title="bbox 1942 4609 3521 4681">
     <span class='ocr_line' id='line_1_106' title="bbox 1942 4609 3521 4681; baseline -0.001 -13"><span class='ocrx_word' id='word_1_795' title='bbox 1942 4615 2013 4667; x_wconf 86' lang='lat' dir='ltr'><strong>At</strong></span> <span class='ocrx_word' id='word_1_796' title='bbox 2043 4614 2089 4668; x_wconf 87' lang='lat' dir='ltr'><strong>si</strong></span> <span class='ocrx_word' id='word_1_797' title='bbox 2115 4610 2435 4666; x_wconf 87' lang='lat' dir='ltr'><strong>consideres</strong></span> <span class='ocrx_word' id='word_1_798' title='bbox 2465 4611 2533 4665; x_wconf 92' lang='lat' dir='ltr'><strong>de</strong></span> <span class='ocrx_word' id='word_1_799' title='bbox 2558 4624 2668 4679; x_wconf 92' lang='lat' dir='ltr'><strong>quo</strong></span> <span class='ocrx_word' id='word_1_800' title='bbox 2695 4609 2906 4663; x_wconf 91' lang='lat' dir='ltr'><strong>dictum</strong></span> <span class='ocrx_word' id='word_1_801' title='bbox 2937 4609 3029 4671; x_wconf 92' lang='lat' dir='ltr'><strong>sit,</strong></span> <span class='ocrx_word' id='word_1_802' title='bbox 3067 4609 3170 4663; x_wconf 91' lang='lat' dir='ltr'><strong>hoc</strong></span> <span class='ocrx_word' id='word_1_803' title='bbox 3198 4610 3359 4681; x_wconf 79' lang='lat' dir='ltr'><strong>longe</strong></span> <span class='ocrx_word' id='word_1_804' title='bbox 3391 4611 3521 4668; x_wconf 82' lang='lat' dir='ltr'><strong>infe-</strong></span> 
     </span>
    </p>
   </div>
   <div class='ocr_carea' id='block_1_107' title="bbox 1939 4701 3521 4775">
    <p class='ocr_par' dir='ltr' id='par_1_107' title="bbox 1939 4701 3521 4775">
     <span class='ocr_line' id='line_1_107' title="bbox 1939 4701 3521 4775; baseline 0 -16"><span class='ocrx_word' id='word_1_805' title='bbox 1939 4707 2057 4761; x_wconf 90' lang='lat' dir='ltr'><strong>rius</strong></span> <span class='ocrx_word' id='word_1_806' title='bbox 2091 4705 2184 4759; x_wconf 91' lang='lat' dir='ltr'><strong>illo</strong></span> <span class='ocrx_word' id='word_1_807' title='bbox 2213 4704 2338 4759; x_wconf 89' lang='lat' dir='ltr'><strong>erit.</strong></span> <span class='ocrx_word' id='word_1_808' title='bbox 2375 4703 2663 4769; x_wconf 81' lang='lat' dir='ltr'><strong>Quomodo</strong></span> <span class='ocrx_word' id='word_1_809' title='bbox 2702 4702 2846 4757; x_wconf 92' lang='lat' dir='ltr'><strong>enim</strong></span> <span class='ocrx_word' id='word_1_810' title='bbox 2886 4702 2942 4756; x_wconf 92' lang='lat' dir='ltr'><strong>in</strong></span> <span class='ocrx_word' id='word_1_811' title='bbox 2980 4701 3138 4756; x_wconf 72' lang='lat' dir='ltr'><strong>cmlis</strong></span> <span class='ocrx_word' id='word_1_812' title='bbox 3166 4701 3401 4767; x_wconf 89' lang='lat' dir='ltr'><strong>habitat,</strong></span> <span class='ocrx_word' id='word_1_813' title='bbox 3427 4705 3521 4775; x_wconf 94' lang='lat' dir='ltr'><strong>qui</strong></span> 
     </span>
    </p>
   </div>
   <div class='ocr_carea' id='block_1_108' title="bbox 1939 4794 3519 4866">
    <p class='ocr_par' dir='ltr' id='par_1_108' title="bbox 1939 4794 3519 4866">
     <span class='ocr_line' id='line_1_108' title="bbox 1939 4794 3519 4866; baseline -0.001 -13"><span class='ocrx_word' id='word_1_814' title='bbox 1939 4799 2137 4854; x_wconf 73' lang='lat' dir='ltr'><strong>cmlum</strong></span> <span class='ocrx_word' id='word_1_815' title='bbox 2154 4807 2209 4852; x_wconf 91' lang='lat' dir='ltr'><strong>et</strong></span> <span class='ocrx_word' id='word_1_816' title='bbox 2234 4805 2431 4851; x_wconf 88' lang='lat' dir='ltr'><strong>terram</strong></span> <span class='ocrx_word' id='word_1_817' title='bbox 2454 4796 2665 4866; x_wconf 85' lang='lat' dir='ltr'><strong>implet,</strong></span> <span class='ocrx_word' id='word_1_818' title='bbox 2701 4796 2796 4865; x_wconf 86' lang='lat' dir='ltr'><strong>qui</strong></span> <span class='ocrx_word' id='word_1_819' title='bbox 2828 4794 3033 4863; x_wconf 89' lang='lat' dir='ltr'><strong>ubique</strong></span> <span class='ocrx_word' id='word_1_820' title='bbox 3052 4809 3294 4865; x_wconf 69' lang='lat' dir='ltr'><strong>praesens</strong></span> <span class='ocrx_word' id='word_1_821' title='bbox 3326 4795 3463 4852; x_wconf 91' lang='lat' dir='ltr'><strong>dicit</strong></span> <span class='ocrx_word' id='word_1_822' title='bbox 3504 4816 3519 4852; x_wconf 91' lang='lat'><strong>:</strong></span> 
     </span>
    </p>
   </div>
   <div class='ocr_carea' id='block_1_109' title="bbox 1940 4885 3522 4959">
    <p class='ocr_par' dir='ltr' id='par_1_109' title="bbox 1940 4885 3522 4959">
     <span class='ocr_line' id='line_1_109' title="bbox 1940 4885 3522 4959; baseline -0.001 -14"><span class='ocrx_word' id='word_1_823' title='bbox 1940 4891 2081 4945; x_wconf 88' lang='lat' dir='ltr'><strong>Deus</strong></span> <span class='ocrx_word' id='word_1_824' title='bbox 2124 4891 2549 4959; x_wconf 76' lang='lat' dir='ltr'><strong>appropinquans</strong></span> <span class='ocrx_word' id='word_1_825' title='bbox 2590 4904 2683 4959; x_wconf 84' lang='lat' dir='ltr'><strong>ego</strong></span> <span class='ocrx_word' id='word_1_826' title='bbox 2707 4904 2846 4952; x_wconf 85' lang='lat' dir='ltr'><strong>sum,</strong></span> <span class='ocrx_word' id='word_1_827' title='bbox 2893 4896 3077 4941; x_wconf 86' lang='lat' dir='ltr'><strong>etnon</strong></span> <span class='ocrx_word' id='word_1_828' title='bbox 3119 4885 3257 4941; x_wconf 80' lang='lat' dir='ltr'><strong>Deus</strong></span> <span class='ocrx_word' id='word_1_829' title='bbox 3300 4889 3522 4957; x_wconf 85' lang='lat' dir='ltr'><strong>procul:</strong></span> 
     </span>
    </p>
   </div>
   <div class='ocr_carea' id='block_1_110' title="bbox 1941 4982 3521 5059">
    <p class='ocr_par' dir='ltr' id='par_1_110' title="bbox 1941 4982 3521 5059">
     <span class='ocr_line' id='line_1_110' title="bbox 1941 4982 3521 5059; baseline -0.004 -20"><span class='ocrx_word' id='word_1_830' title='bbox 1941 4985 2031 5059; x_wconf 84' lang='lat' dir='ltr'><strong>qui</strong></span> <span class='ocrx_word' id='word_1_831' title='bbox 2076 4999 2286 5038; x_wconf 87' lang='lat' dir='ltr'><strong>mensus</strong></span> <span class='ocrx_word' id='word_1_832' title='bbox 2335 4999 2453 5035; x_wconf 89' lang='lat' dir='ltr'><strong>sum</strong></span> <span class='ocrx_word' id='word_1_833' title='bbox 2483 4982 2672 5035; x_wconf 67' lang='lat' dir='ltr'><strong>caelum</strong></span> <span class='ocrx_word' id='word_1_834' title='bbox 2697 4983 2895 5049; x_wconf 88' lang='lat' dir='ltr'><strong>palmo,</strong></span> <span class='ocrx_word' id='word_1_835' title='bbox 2922 4988 2972 5035; x_wconf 86' lang='lat' dir='ltr'><strong>et</strong></span> <span class='ocrx_word' id='word_1_836' title='bbox 2998 4989 3194 5035; x_wconf 90' lang='lat' dir='ltr'><strong>terram</strong></span> <span class='ocrx_word' id='word_1_837' title='bbox 3234 4982 3437 5050; x_wconf 81' lang='lat' dir='ltr'><strong>pugillo</strong></span> <span class='ocrx_word' id='word_1_838' title='bbox 3453 4982 3521 5046; x_wconf 80' lang='grc'><strong>⁸⁸,</strong></span> 
     </span>
    </p>
   </div>
   <div class='ocr_carea' id='block_1_111' title="bbox 1937 5070 3522 5148">
    <p class='ocr_par' dir='ltr' id='par_1_111' title="bbox 1937 5070 3522 5148">
     <span class='ocr_line' id='line_1_111' title="bbox 1937 5070 3522 5148; baseline -0.003 -18"><span class='ocrx_word' id='word_1_839' title='bbox 1937 5079 2026 5148; x_wconf 85' lang='lat' dir='ltr'><strong>qui</strong></span> <span class='ocrx_word' id='word_1_840' title='bbox 2078 5076 2315 5129; x_wconf 86' lang='lat' dir='ltr'><strong>contineo</strong></span> <span class='ocrx_word' id='word_1_841' title='bbox 2354 5090 2540 5145; x_wconf 81' lang='lat' dir='ltr'><strong>gyrum</strong></span> <span class='ocrx_word' id='word_1_842' title='bbox 2573 5072 2775 5126; x_wconf 63' lang='lat' dir='ltr'><strong>terrae?</strong></span> <span class='ocrx_word' id='word_1_843' title='bbox 2807 5070 2915 5127; x_wconf 90' lang='lat' dir='ltr'><strong>Sed</strong></span> <span class='ocrx_word' id='word_1_844' title='bbox 2950 5071 3214 5141; x_wconf 88' lang='lat' dir='ltr'><strong>quoniam</strong></span> <span class='ocrx_word' id='word_1_845' title='bbox 3270 5077 3403 5125; x_wconf 90' lang='lat' dir='ltr'><strong>tunc</strong></span> <span class='ocrx_word' id='word_1_846' title='bbox 3442 5072 3522 5126; x_wconf 90' lang='lat' dir='ltr'><strong>illi</strong></span> 
     </span>
    </p>
   </div>
   <div class='ocr_carea' id='block_1_112' title="bbox 1944 5162 3521 5232">
    <p class='ocr_par' dir='ltr' id='par_1_112' title="bbox 1944 5162 3521 5232">
     <span class='ocr_line' id='line_1_112' title="bbox 1944 5162 3521 5232; baseline -0.004 -7"><span class='ocrx_word' id='word_1_847' title='bbox 1944 5184 2128 5226; x_wconf 89' lang='lat' dir='ltr'><strong>sermo</strong></span> <span class='ocrx_word' id='word_1_848' title='bbox 2160 5184 2285 5222; x_wconf 91' lang='lat' dir='ltr'><strong>cum</strong></span> <span class='ocrx_word' id='word_1_849' title='bbox 2308 5165 2515 5222; x_wconf 73' lang='lat' dir='ltr'><strong>Judaeis</strong></span> <span class='ocrx_word' id='word_1_850' title='bbox 2539 5174 2693 5232; x_wconf 89' lang='lat' dir='ltr'><strong>erat;</strong></span> <span class='ocrx_word' id='word_1_851' title='bbox 2723 5163 2847 5219; x_wconf 87' lang='lat' dir='ltr'><strong>ideo</strong></span> <span class='ocrx_word' id='word_1_852' title='bbox 2869 5163 3105 5219; x_wconf 81' lang='lat' dir='ltr'><strong>fortasse</strong></span> <span class='ocrx_word' id='word_1_853' title='bbox 3133 5164 3237 5218; x_wconf 88' lang='lat' dir='ltr'><strong>hoc</strong></span> <span class='ocrx_word' id='word_1_854' title='bbox 3266 5162 3521 5231; x_wconf 84' lang='lat' dir='ltr'><strong>loquendi</strong></span> 
     </span>
    </p>
   </div>
   <div class='ocr_carea' id='block_1_113' title="bbox 1944 5254 3520 5323">
    <p class='ocr_par' dir='ltr' id='par_1_113' title="bbox 1944 5254 3520 5323">
     <span class='ocr_line' id='line_1_113' title="bbox 1944 5254 3520 5323; baseline -0.005 -9"><span class='ocrx_word' id='word_1_855' title='bbox 1944 5259 2109 5314; x_wconf 92' lang='lat' dir='ltr'><strong>modo</strong></span> <span class='ocrx_word' id='word_1_856' title='bbox 2136 5265 2222 5313; x_wconf 88' lang='lat' dir='ltr'><strong>est</strong></span> <span class='ocrx_word' id='word_1_857' title='bbox 2263 5274 2418 5320; x_wconf 90' lang='lat' dir='ltr'><strong>usus,</strong></span> <span class='ocrx_word' id='word_1_858' title='bbox 2454 5272 2643 5312; x_wconf 86' lang='lat' dir='ltr'><strong>eorum</strong></span> <span class='ocrx_word' id='word_1_859' title='bbox 2689 5271 2811 5311; x_wconf 87' lang='lat' dir='ltr'><strong>sese</strong></span> <span class='ocrx_word' id='word_1_860' title='bbox 2851 5254 3209 5311; x_wconf 87' lang='lat' dir='ltr'><strong>crassitudini</strong></span> <span class='ocrx_word' id='word_1_861' title='bbox 3258 5260 3520 5323; x_wconf 67' lang='lat' dir='ltr'><strong>attempe-</strong></span> 
     </span>
    </p>
   </div>
   <div class='ocr_carea' id='block_1_114' title="bbox 1939 5346 3519 5420">
    <p class='ocr_par' dir='ltr' id='par_1_114' title="bbox 1939 5346 3519 5420">
     <span class='ocr_line' id='line_1_114' title="bbox 1939 5346 3519 5420; baseline -0.001 -17"><span class='ocrx_word' id='word_1_862' title='bbox 1939 5365 2112 5404; x_wconf 89' lang='lat' dir='ltr'><strong>rans:</strong></span> <span class='ocrx_word' id='word_1_863' title='bbox 2156 5365 2220 5403; x_wconf 91' lang='lat' dir='ltr'><strong>ac</strong></span> <span class='ocrx_word' id='word_1_864' title='bbox 2250 5348 2447 5405; x_wconf 88' lang='lat' dir='ltr'><strong>deinde</strong></span> <span class='ocrx_word' id='word_1_865' title='bbox 2489 5349 2753 5420; x_wconf 70' lang='lat' dir='ltr'><strong>pautatim</strong></span> <span class='ocrx_word' id='word_1_866' title='bbox 2799 5363 2990 5403; x_wconf 87' lang='lat' dir='ltr'><strong>eorum</strong></span> <span class='ocrx_word' id='word_1_867' title='bbox 3039 5356 3274 5401; x_wconf 88' lang='lat' dir='ltr'><strong>mentem</strong></span> <span class='ocrx_word' id='word_1_868' title='bbox 3306 5346 3519 5417; x_wconf 77' lang='lat' dir='ltr'><strong>erigens</strong></span> 
     </span>
    </p>
   </div>
   <div class='ocr_carea' id='block_1_115' title="bbox 1942 5438 3517 5509">
    <p class='ocr_par' dir='ltr' id='par_1_115' title="bbox 1942 5438 3517 5509">
     <span class='ocr_line' id='line_1_115' title="bbox 1942 5438 3517 5509; baseline -0.004 -10"><span class='ocrx_word' id='word_1_869' title='bbox 1942 5450 1997 5499; x_wconf 87' lang='lat' dir='ltr'><strong>et</strong></span> <span class='ocrx_word' id='word_1_870' title='bbox 2024 5444 2304 5509; x_wconf 88' lang='lat' dir='ltr'><strong>attollens,</strong></span> <span class='ocrx_word' id='word_1_871' title='bbox 2333 5443 2389 5497; x_wconf 89' lang='lat' dir='ltr'><strong>in</strong></span> <span class='ocrx_word' id='word_1_872' title='bbox 2423 5443 2623 5497; x_wconf 70' lang='lat' dir='ltr'><strong>malum</strong></span> <span class='ocrx_word' id='word_1_873' title='bbox 2656 5444 2793 5497; x_wconf 89' lang='lat' dir='ltr'><strong>etin</strong></span> <span class='ocrx_word' id='word_1_874' title='bbox 2828 5450 3029 5495; x_wconf 84' lang='lat' dir='ltr'><strong>terram</strong></span> <span class='ocrx_word' id='word_1_875' title='bbox 3061 5438 3306 5503; x_wconf 85' lang='lat' dir='ltr'><strong>adducit,</strong></span> <span class='ocrx_word' id='word_1_876' title='bbox 3339 5438 3393 5493; x_wconf 89' lang='lat' dir='ltr'><strong>id</strong></span> <span class='ocrx_word' id='word_1_877' title='bbox 3435 5447 3517 5494; x_wconf 86' lang='lat' dir='ltr'><strong>est</strong></span> 
     </span>
    </p>
   </div>
   <div class='ocr_carea' id='block_1_116' title="bbox 1941 5529 3516 5600">
    <p class='ocr_par' dir='ltr' id='par_1_116' title="bbox 1941 5529 3516 5600">
     <span class='ocr_line' id='line_1_116' title="bbox 1941 5529 3516 5600; baseline -0.003 -10"><span class='ocrx_word' id='word_1_878' title='bbox 1941 5550 2165 5591; x_wconf 88' lang='lat' dir='ltr'><strong>sursum</strong></span> <span class='ocrx_word' id='word_1_879' title='bbox 2194 5544 2248 5590; x_wconf 89' lang='lat' dir='ltr'><strong>et</strong></span> <span class='ocrx_word' id='word_1_880' title='bbox 2277 5535 2558 5591; x_wconf 88' lang='lat' dir='ltr'><strong>deorsum.</strong></span> <span class='ocrx_word' id='word_1_881' title='bbox 2600 5532 2656 5588; x_wconf 72' lang='grc' dir='ltr'><strong>ιιι</strong></span> <span class='ocrx_word' id='word_1_882' title='bbox 2690 5547 2821 5587; x_wconf 90' lang='lat' dir='ltr'><strong>vero</strong></span> <span class='ocrx_word' id='word_1_883' title='bbox 2854 5531 2931 5586; x_wconf 91' lang='lat' dir='ltr'><strong>ait</strong></span> <span class='ocrx_word' id='word_1_884' title='bbox 2958 5531 3030 5586; x_wconf 90' lang='lat' dir='ltr'><strong>ob</strong></span> <span class='ocrx_word' id='word_1_885' title='bbox 3074 5529 3387 5586; x_wconf 70' lang='lat' dir='ltr'><strong>Judzeorum</strong></span> <span class='ocrx_word' id='word_1_886' title='bbox 3409 5530 3516 5600; x_wconf 65' lang='lat' dir='ltr'><strong>lim-</strong></span> 
     </span>
    </p>
   </div>
   <div class='ocr_carea' id='block_1_117' title="bbox 1942 5621 3516 5700">
    <p class='ocr_par' dir='ltr' id='par_1_117' title="bbox 1942 5621 3516 5700">
     <span class='ocr_line' id='line_1_117' title="bbox 1942 5621 3516 5700; baseline -0.004 -15"><span class='ocrx_word' id='word_1_887' title='bbox 1942 5627 2314 5695; x_wconf 84' lang='lat' dir='ltr'><strong>becillitatem,</strong></span> <span class='ocrx_word' id='word_1_888' title='bbox 2343 5628 2437 5699; x_wconf 90' lang='lat' dir='ltr'><strong>qui</strong></span> <span class='ocrx_word' id='word_1_889' title='bbox 2465 5626 2645 5700; x_wconf 77' lang='lat' dir='ltr'><strong>idolis</strong></span> <span class='ocrx_word' id='word_1_890' title='bbox 2675 5624 2845 5681; x_wconf 88' lang='lat' dir='ltr'><strong>dediti</strong></span> <span class='ocrx_word' id='word_1_891' title='bbox 2878 5629 3057 5691; x_wconf 88' lang='lat' dir='ltr'><strong>erant,</strong></span> <span class='ocrx_word' id='word_1_892' title='bbox 3080 5631 3135 5679; x_wconf 87' lang='lat' dir='ltr'><strong>et</strong></span> <span class='ocrx_word' id='word_1_893' title='bbox 3161 5623 3294 5679; x_wconf 82' lang='lat' dir='ltr'><strong>deos</strong></span> <span class='ocrx_word' id='word_1_894' title='bbox 3330 5621 3516 5678; x_wconf 54' lang='lat' dir='ltr'><strong>adora.</strong></span> 
     </span>
    </p>
   </div>
  </div>
