3964 6536
534 329 663 388 4551

532 542 583 594 in
614 544 744 595 caelo
776 552 824 594 et
865 541 918 593 in
963 551 1131 605 terra,
1183 552 1377 592 ansam
1417 538 1622 607 praabet
1665 535 1941 607 cogitandi
1983 551 2109 590 eum

532 633 733 703 ubique
768 640 932 703 atque
960 632 1047 686 hic
1080 638 1136 686 et
1167 631 1279 684 illic
1311 645 1455 692 esse,
1496 639 1550 684 et
1577 629 1762 683 omnia
1790 625 2108 697 pervadere.

531 723 647 777 Non
688 723 833 777 enim
873 731 931 775 ut
969 721 1243 792 quispiam
1286 721 1341 775 in
1382 724 1524 775 caelo
1556 719 1881 785 conclusus,
1918 719 2113 789 procul

530 825 744 871 terrena
784 814 1090 884 coriSpicit;
1124 813 1219 869 sed
1260 813 1462 883 ubique
1509 826 1772 882 praesens,
1811 811 2114 879 incompre-

530 908 759 972 hensus,
786 906 1322 976 incircumscriptus,
1361 904 1724 975 omnibusque
1764 912 1976 958 astans.
2019 900 2113 955 Vi-i

414 1022 417 1026 '
528 1001 649 1055 den’
679 1015 788 1070 quo
835 1008 993 1069 pacto
1030 998 1288 1068 paulatim
1316 997 1629 1053 auditorum
1662 1005 1900 1051 mentem
1924 994 2111 1051 suble-

528 1093 646 1147 vet?
683 1092 800 1146 Non
837 1092 982 1147 enim
1018 1092 1139 1146 ideo
1198 1091 1518 1160 interrogat,
1566 1096 1624 1142 ut
1667 1089 1791 1158 quis
1830 1086 1898 1142 de
1940 1087 2111 1157 gloria

524 1186 619 1241 Dei
649 1186 813 1257 digna
860 1187 1138 1256 loquatur,
1180 1185 1275 1239 sed
1327 1200 1427 1254 pro
1476 1191 1638 1253 captu
1692 1182 1997 1236 hominum.
2046 1180 2113 1235 Et

525 1280 652 1334 alibi
684 1297 903 1351 quoque
930 1280 1130 1335 caelum
1162 1277 1366 1332 dicitur
1396 1292 1521 1332 esse
1564 1276 1796 1331 thronus
1828 1274 1945 1339 Dei,
1981 1274 2109 1345 quia

524 1374 775 1429 cu‘lestes
804 1374 1036 1428 virtutes
1062 1374 1185 1428 istic
1209 1372 1303 1427 Dei
1322 1370 1551 1442 gloriam
1580 1369 1811 1422 ﬁrmiter
1837 1368 2107 1426 obtinent;

525 1476 669 1522 terra
704 1482 835 1521 vero
865 1467 1185 1531 scabellum,
1218 1465 1347 1535 quia
1376 1464 1625 1517 homines
1655 1462 1709 1515 in
1741 1470 1887 1517 terra
1915 1468 2102 1515 extre-

520 1574 610 1612 ma
651 1560 960 1613 divinorum
1005 1560 1090 1612 vix
1126 1574 1325 1628 capere
1358 1558 1563 1613 valent.
1610 1555 1711 1610 llic
1761 1570 1893 1610 vero
1938 1552 2108 1607 David

523 1659 811 1721 postquam
853 1650 1160 1704 auditorem
1192 1651 1259 1703 ite
1305 1658 1450 1703 terra
1498 1648 1690 1711 erexit,
1730 1645 1798 1700 ad
1840 1644 1990 1700 aliud
2012 1643 2109 1700 Dei

521 1744 737 1798 virtutis
766 1752 1145 1814 argumentum
1178 1742 1520 1812 progreditur
1550 1741 1741 1795 dicens
1772 1754 1784 1791 :

1192 323 1460 384 EUSEBII
1497 322 1982 382 CAESARIENSIS
2016 324 2170 384 OPP.
2204 324 2386 383 PARS
2424 324 2512 381 lli.
2552 356 2623 366 —
2650 323 3060 382 EXEGETICA.

435 447 441 459 “
532 454 663 507 bant
708 451 763 505 in
798 449 933 504 locis
960 463 1023 503 ac
1069 447 1292 517 templis
1332 446 1601 502 inclusos.
1633 444 1771 501 Cum
1802 446 1881 500 ait
1920 445 2101 516 igitur,

2214 445 2497 500 ἀσθένειαν
2527 443 2627 516 τὴν
2670 442 2985 514 Ἰουδαῖκὴν,
3008 443 3108 514 τὴν
3132 442 3267 514 πρὸς
3287 444 3357 498 τά
3379 446 3561 500 εἴδωλα
3580 450 3731 522 tm-

3630 302 3732 387 iis:

2218 538 2409 609 μένην,
2440 538 2535 591 καὶ
2578 537 2733 601 θεοὺς
2766 536 3178 609 προσκυνοῦσαν
3214 539 3339 602 τοὺς
3380 540 3437 591 ὲν
3479 540 3644 605 τόποις
3667 548 3734 599 καὶ

2215 632 2361 693 ναοῖς
2389 628 2934 699 συγκεκλεισμένους.
2972 627 3159 681 Εἰπὼν
3186 628 3336 697 γοῦν,
3368 631 3435 684 ἐν
3460 631 3533 697 τῷ
3553 637 3735 702 οὐρανῷ

2213 722 2313 775 καὶ
2353 722 2422 774 ἐν
2444 719 2519 790 τῇ
2548 718 2646 791 τῇ,
2675 719 2859 772 δίδωσι
2902 721 3061 782 νοεῖν,
3091 720 3177 772 ὅτι
3219 723 3489 793 πανταχοῦ
3525 725 3644 789 ἐστι,
3666 729 3737 782 κά.

2213 815 2300 867 κεῖ
2327 812 2420 865 καὶ
2452 811 2709 873 ἐνταῦθα,
2738 812 2831 863 καὶ
2854 810 2944 864 διὰ
2972 810 3194 864 πάντων
3222 813 3366 883 ἦκει.
3401 814 3472 866 Οὐ
3497 817 3593 887 γὰρ
3611 817 3672 881 ὡς
3690 822 3735 874 ἀ.

2213 923 2296 970 τις
2325 908 2381 958 ὲν
2425 903 2640 975 οὐρανῷ
2681 903 3171 975 συγκεκλεισμένος
3200 906 3479 976 πόρρωθεν
3510 907 3667 976 βλέπει
3688 928 3736 965 τι

2211 1001 2269 1052 ὲν
2287 1001 2353 1070 τῇ
2384 1000 2479 1069 γῇ,
2502 996 2636 1050 ἀλλὰ
2668 995 2942 1067 πανταχοῦ
2966 996 3157 1067 παρὼν
3180 998 3273 1050 καὶ
3297 997 3569 1071 άχώρητος
3593 1001 3653 1055 ὢν
3667 1007 3738 1057 καὶ

2210 1094 2621 1166 ἀπερίγραπτος
2670 1090 2767 1146 καὶ
2814 1092 2950 1145 πᾶσι
2996 1092 3437 1163 περιιστάμενος.
3481 1090 3616 1158 Εἶδες
3650 1098 3738 1162 m3;

2210 1186 2353 1239 κατά
2380 1186 2574 1257 μικρὸν
2604 1188 2798 1258 πτεροῖ
2825 1186 2923 1257 τὴν
2950 1185 3191 1240 διάνοιαν
3224 1187 3332 1239 τῶν
3356 1188 3661 1255 ἀκουόντων;
3682 1193 3737 1244 03

2210 1279 2318 1350 γάρ
2344 1278 2499 1349 ζητεῖ
2522 1279 2669 1339 ὃπως
2693 1278 2758 1333 ἄν
2780 1296 2866 1343 τις
2890 1282 2989 1351 τῆς
3014 1279 3173 1350 δόξης
3200 1281 3345 1333 εἴποι
3374 1280 3467 1334 τοῦ
3495 1281 3615 1335 Θεοῦ
3637 1284 3740 1349 τέως

2209 1369 2451 1435 ἐπάξιον,
2488 1369 2600 1423 ἀλλ’
2624 1370 2771 1433 ὅπως
2794 1370 3021 1434 ἐκείνοις
3046 1371 3312 1442 χωρητόν.
3348 1372 3456 1425 Καὶ
3486 1352 3681 1443 ἀλλαὶοῦ
3698 1374 3738 1428 δὲ

2209 1460 2394 1533 θρόνος
2438 1460 2572 1514 Θεοῦ
2622 1462 2840 1529 λέγεται
2874 1462 2902 1514 6
2934 1461 3162 1531 οὐρανὸς
3194 1461 3388 1531 ὲκτοῦ
3414 1462 3508 1525 τὰς
3535 1464 3740 1533 copula;

2207 1554 2465 1624 δυνάμεις
2494 1553 2704 1623 παγίως
2749 1556 2808 1607 ὲν
2855 1555 3045 1617 αὑταῖς
3071 1554 3170 1626 τὴν
3216 1554 3312 1607 τοῦ
3345 1554 3479 1607 Θεοῦ
3521 1554 3656 1621 δόξαν
3679 1558 3740 1611 ὲν-

2212 1645 2500 1717 ιδρυμένην
2533 1647 2677 1717 ἔχειν
2695 1661 2707 1673 ·
2745 1646 2840 1698 καὶ
2867 1647 2902 1717 ή
2934 1645 3007 1716 γῆ
3041 1645 3355 1710 ὑποπόδιον,
3382 1645 3471 1699 διὰ
3496 1646 3551 1698 τὸ
3570 1646 3740 1718 ὲπὶγῆς

2207 1736 2335 1798 τοὺς
2366 1734 2687 1807 ἀνθρώπους
2736 1734 2805 1788 τὰ
2856 1734 3139 1789 τελευταῖα
3172 1735 3281 1790 τῶν
3316 1737 3444 1808 περὶ
3468 1736 3590 1790 Θεοῦ
3626 1738 3739 1809 μέλις

520 1838 765 1910 χωρῆσαι
810 1836 1086 1891 δύνασθαι.
1144 1835 1407 1889 Ἐνταῦθα
1450 1835 1508 1888 δὲ
1540 1835 1854 1905 ἀναστήσας
1898 1831 2007 1886 ἀπὸ
2048 1831 2147 1902 τῆς
2181 1829 2286 1901 γῆς
2335 1830 2429 1884 τὸν
2480 1829 2756 1903 ἀκροατὴν
2799 1833 2829 1885 6
2874 1830 3055 1900 Δαυῖδ,
3116 1832 3199 1902 ἐφ’
3228 1834 3418 1905 ἕτερον
3448 1835 3644 1906 ἔρχεται
3669 1836 3739 1904 τῆς

520 1931 798 2001 δυνάμεως
826 1931 919 1985 τοῦ
952 1931 1087 1984 Θεοῦ
1117 1930 1314 2001 δεῖγμα
1346 1929 1519 1998 λέγων
1540 1947 1553 1959 ·

588 2043 755 2099 Vens.
803 2043 916 2099 7-9.
952 2043 1233 2099 Suscitans
1282 2046 1346 2099 de
1378 2055 1521 2099 terra
1562 2045 1769 2111 inopem
1798 2052 1847 2097 et
1879 2041 1944 2096 de
1966 2052 2105 2096 ster-
2138 2061 2180 2116 Β

518 2151 636 2190 core
664 2136 866 2206 erigens
907 2150 1219 2203 pauperem,
1247 2146 1303 2188 ut
1338 2136 1555 2189 collucet
1595 2151 1713 2189 eum
1752 2150 1872 2188 cum
1903 2133 2105 2202 princi-

2292 2038 2346 2092 '0
2392 2038 2639 2109 ἐγείρων
2677 2035 2795 2091 ἀπὸ
2832 2035 2946 2107 γῆς
2978 2037 3237 2106 πτωχὸν,
3268 2040 3373 2092 καὶ
3399 2042 3514 2095 ἀπὸ
3544 2048 3739 2113 κοπρίσς

2206 2130 2459 2201 ἁνυψῶν
2474 2128 2833 2197 πένητα,τώ
2848 2129 3087 2183 καθίσαι
3101 2130 3291 2184 αὐτὸν
3294 2132 3451 2200 μετὰ
3469 2135 3735 2204 ἀρχόντων,

518 2227 690 2295 pibus,
718 2244 833 2281 cum
866 2228 1193 2296 principibus
1218 2229 1400 2297 populi
1434 2229 1557 2291 sui;
1587 2230 1678 2298 qui
1705 2226 1948 2281 habitare
1974 2227 2101 2295 facit

2203 2220 2353 2291 μετὰ
2389 2220 2700 2290 ἀρχόντων
2734 2217 2889 2272 λαοῦ
2930 2218 3116 2272 αὐτοῦ
3142 2235 3156 2248 ·
3198 2223 3231 2273 ό
3274 2223 3610 2282 κατοικίζων
3623 2229 3737 2278 στεί-

517 2320 749 2373 sterilem
778 2322 833 2373 in
859 2319 1035 2380 domo,
1062 2332 1284 2376 matrem
1325 2322 1390 2376 de
1436 2323 1565 2392 ﬁliis
1594 2324 1885 2377 lwtantem.
1916 2320 2105 2376 Virtu~

517 2421 626 2466 tem
660 2412 755 2467 Dei
794 2427 891 2482 pro
932 2414 1213 2468 voluntate
1243 2429 1342 2470 sua
1370 2416 1627 2485 quaelibet
1670 2422 2099 2470 commutantem

517 2504 779 2559 celebrat.
814 2504 932 2557 Non
975 2505 1153 2558 solum
1185 2506 1353 2569 enim,
1390 2507 1587 2576 inquit,
1633 2521 1930 2577 pauperem
1961 2507 2104 2562 divi-

517 2593 609 2649 tiis
627 2600 680 2647 et
710 2593 881 2664 gloria
917 2594 1115 2659 allicit,
1147 2594 1240 2649 sed
1272 2595 1435 2648 etiam
1470 2611 1595 2649 eum
1632 2596 1974 2666 principibus
2004 2612 2103 2666 po-

516 2685 628 2756 puli
660 2685 915 2747 collocat,
948 2694 1001 2741 et
1030 2686 1097 2739 ad
1122 2685 1413 2757 imperium
1445 2687 1647 2742 evehit.
1672 2686 1876 2760 Magna:
1898 2689 2102 2760 quippe

515 2785 569 2833 et
607 2778 993 2833 inenarrabilis
1051 2779 1273 2833 virtutis
1317 2787 1402 2834 est
1440 2794 1603 2850 parva
1646 2766 1876 2851 erigel‘e.
1916 2780 2104 2837 Potest

514 2870 642 2925 item
672 2869 761 2925 hic
788 2885 981 2925 versus
1012 2869 1079 2924 de
1110 2872 1310 2940 populo
1341 2888 1406 2925 ex
1438 2874 1691 2942 gentibus
1713 2872 1821 2927 dici
1853 2893 1864 2928 :
1898 2874 1966 2928 de
1991 2888 2101 2944 quo

513 2955 589 3010 ait
629 2957 891 3027 propheta
942 2977 953 3013 :
996 2957 1064 3012 Et
1115 2970 1389 3029 propterea
1432 2962 1697 3017 benedice:
1740 2962 1835 3016 tibi
1873 2965 2099 3033 populus

513 3062 730 3117 pauper,
761 3059 811 3102 et
840 3050 1076 3104 civitates
1106 3051 1377 3105 hominum
1420 3054 1626 3123 injuria
1665 3055 1982 3125 effectarum
2012 3057 2099 3110 be—

514 3139 751 3196 nedicent
786 3143 902 3198 tibi.
938 3142 1117 3197 Fuisti
1150 3146 1291 3198 enim
1325 3147 1469 3199 omni
1516 3148 1721 3201 civitati
1778 3148 1970 3201 humili
1999 3149 2092 3202 atl-

514 3230 676 3297 iutor,
724 3242 773 3288 et
807 3234 872 3288 iis
899 3236 990 3304 qui
1037 3236 1217 3291 animo
1261 3238 1577 3307 deﬁciebant
1613 3249 1827 3310 propter
1860 3241 2097 3310 indigen-

514 3325 664 3389 tiam,
716 3334 1069 3397 tegumentum
1113 3344 1131 3382 :
1185 3329 1249 3382 ab
1288 3329 1589 3385 hominibus
1646 3332 1896 3402 malignis
1945 3349 2095 3387 erues

2199 2332 2320 2384 ραν
2340 2316 2411 2370 ἐν
2442 2315 2605 2379 οῑκῳ,
2627 2311 2856 2383 μητέρα
2894 2312 2991 2365 ἐπὶ
3031 2312 3261 2380 τέκνοις
3298 2317 3733 2389 capiatr-opm.

2218 2409 2410 2479 ’Υμνεϊ
2438 2407 2537 2479 τὴν
2578 2405 2808 2478 δύναμιν
2860 2403 2955 2460 τοῦ
3003 2402 3159 2468 Θεοῦ,
3193 2406 3397 2479 ῥᾳδίως
3440 2410 3735 2481 μεταϐάλλου-

2207 2518 2305 2554 σαν
2330 2499 2367 2554 ἃ
2402 2497 2669 2570 βούλεται.
2705 2498 2780 2551 Οὐ
2832 2498 2992 2569 μόνον
3042 2498 3172 2569 γὰρ,
3208 2500 3368 2569 φησὶ,
3400 2501 3644 2566 πλουτίζει
3673 2503 3735 2558 τὸν

2206 2592 2412 2663 πένητα
2435 2591 2530 2643 καὶ
2556 2589 2787 2657 δοξάζει,
2826 2589 2963 2642 ἀλλὰ
2995 2590 3088 2643 καὶ
3122 2592 3234 2653 τοῖς
3267 2591 3498 2663 ἄρχουσι
3529 2595 3611 2648 τοῦ
3639 2596 3733 2649 λαοῦ

2206 2680 2620 2752 συγκαθίστησι,
2654 2680 2749 2733 καὶ
2792 2682 2872 2744 εἰς
2918 2678 3091 2752 ἀρχὴν
3132 2680 3350 2749 ἀνάγει.
3401 2684 3636 2755 Μεγάλης
3659 2686 3734 2757 γὰρ

2201 2776 2483 2848 δυνάμεως
2513 2776 2609 2829 καὶ
2639 2774 2849 2845 ἀφάτου
2879 2775 2941 2828 «ὸ
2963 2775 3031 2829 τὰ
3063 2776 3235 2849 μικρά
3264 2778 3528 2850 ἐπαίρειν.
3556 2780 3734 2834 Atium

2200 2868 2259 2922 δὲ
2300 2869 2329 2921 6
2364 2868 2547 2939 στίχος
2580 2868 2674 2922 καὶ
2706 2868 2833 2940 περὶ
2864 2867 2958 2920 τοῦ
2988 2868 3097 2921 ἀπὸ
3140 2868 3248 2921 τῶν
3278 2869 3453 2923 ἐθνῶν
3479 2870 3593 2924 λαοῦ
3620 2872 3731 2941 λέγεν

2203 2960 2349 3027 σθαι,
2366 2962 2495 3034 περὶ
2512 2956 2573 3015 οῦ
2594 2978 2759 3031 φησιν
2778 2962 2807 3014 6
2826 2962 3114 3032 προφήτης
3134 2978 3147 2991 ·
3172 2962 3282 3016 Καὶ
3301 2962 3405 3016 διὰ
3425 2964 3587 3018 τοῦτο
3607 2968 3723 3026 εὐλε-

2201 3054 2377 3126 γήσει
2409 3071 2483 3109 σε
2507 3058 2539 3109 ό
2570 3058 2722 3121 λαὸς
2757 3056 2790 3107 ὀ
2814 3054 3070 3123 πτωχὸς,
3098 3055 3198 3108 καὶ
3234 3057 3450 3124 πόλεις
3472 3059 3732 3126 ἀνθρώπων

2199 3148 2610 3216 ἀδικουμένων
2650 3144 3063 3215 εὐλογήσουσι
3087 3161 3180 3202 σε.
3214 3147 3455 3216 Ἐγένου
3482 3150 3581 3217 γὰρ
3605 3149 3731 3215 πάσῃ

2200 3243 2375 3295 πόλει
2398 3238 2650 3307 memmi
2670 3238 2920 3306 βοηθὸς,
2947 3236 3044 3291 καὶ
3068 3238 3191 3305 τοῖς
3225 3241 3565 3311 ἀθυμήσασι
3583 3242 3645 3295 δι’
3664 3242 3731 3294 ἐν·

2200 3334 2367 3387 δειαν
2383 3332 2604 3400 σκέπη·
2618 3332 2736 3386 ἀπὸ
2751 3331 3076 3399 ἀνθρώπων
3087 3332 3370 3400 πονηρῶν
3371 3337 3529 3405 ῥύσῃ
3543 3336 3727 3399 αὐτούς·

513 3432 597 3469 eos
629 3431 647 3468 :
692 3424 1045 3486 tegumentum
1086 3419 1399 3484 siticntium,
1450 3432 1499 3475 et
1548 3422 1765 3491 spiritus
1820 3424 2092 3477 hominum

2203 3423 2396 3491 σκέπη
2426 3422 2757 3493 διψώντων,
2770 3423 2869 3477 καὶ
2884 3423 3119 3493 ,πνεῦμα
3135 3424 3465 3493 ἀνθρώπων
3485 3425 3729 3495 ἀδικουμὲ

514 3509 713 3574 injuria
762 3510 1153 3578 a/fectorum".
1202 3511 1361 3568 llunc
1409 3516 1554 3569 enim
1588 3531 1882 3587 pauperem
1912 3526 1963 3571 et
2000 3534 2100 3588 po-

514 3602 698 3671 pulum
729 3619 958 3673 egenum
990 3620 1023 3659 a
1066 3605 1268 3660 vilibus
1318 3608 1503 3675 rebus,
1538 3624 1567 3663 a
1598 3610 1868 3667 dedecore
1902 3614 2099 3666 turbu-

513 3695 781 3749 lentorum
826 3696 997 3749 animi
1043 3706 1312 3761 motuum,
1358 3707 1413 3753 et
1447 3715 1479 3754 a
1522 3710 1769 3757 stercore
1808 3704 2101 3774 gentilitia-

512 3804 630 3842 rum
653 3787 1120 3844 abominationum
1144 3792 1382 3863 erigens,
1405 3793 1595 3849 sedere
1616 3794 1776 3850 faciet
1802 3811 1926 3850 cum
1948 3797 2100 3863 prin-

511 3879 724 3951 c'pibus
757 3880 996 3944 lsraelis,
1030 3883 1124 3951 qui
1178 3885 1413 3954 populus
1443 3886 1564 3955 ejus
1605 3894 1711 3941 est.
1748 3887 1885 3941 Sunt
1915 3895 2098 3942 autem

511 3972 746 4041 apostoli
803 3974 1084 4045 principes
1134 3974 1217 4029 vel
1263 3977 1589 4046 patriarcha:
1642 3976 1925 4033 Hebraicze
1968 3993 2100 4049 gen-

510 4064 580 4118 tis
621 4079 634 4114 :
669 4065 997 4134 quibuscum
1048 4067 1376 4123 habitabant
1420 4078 1691 4140 quotquot
1734 4086 1800 4125 ex
1843 4071 2097 4142 gentibus

510 4156 894 4211 crediderunt.
954 4156 1309 4231 ldipsumque
1369 4161 1503 4216 dicit
1555 4161 1819 4218 Dominus
1877 4182 1889 4217 :
1937 4162 2099 4215 Multi

510 4250 711 4305 venient
746 4251 811 4303 ab
868 4253 1067 4306 oriente
1107 4263 1158 4307 et
1193 4253 1485 4321 occidente,
1531 4267 1581 4309 et
1637 4242 1937 4310 recumbent
1978 4273 2097 4309 cum

510 4343 801 4407 Abraham,
841 4343 1003 4399 Isaac
1047 4356 1099 4399 et
1136 4345 1304 4400 Jacob
1349 4349 1403 4402 in
1446 4365 1606 4419 regno
1646 4350 1896 4402 caelorum
1922 4349 1960 4401 ¹.
2001 4349 2097 4405 Est

509 4438 690 4509 itaque
743 4454 927 4493 sermo
970 4439 1058 4494 ille
1090 4440 1439 4497 universalis.
1488 4439 1643 4507 Quod
1692 4442 1737 4497 si
1771 4441 1895 4511 quis
1940 4441 2095 4496 illum

508 4532 808 4602 anagogico
857 4548 1010 4588 more
1047 4536 1299 4605 excipere
1324 4534 1475 4601 velit,
1508 4536 1556 4590 is
1588 4533 1961 4605 deprehendet
1991 4534 2095 4589 hoc

507 4624 686 4695 ipsum
719 4624 773 4679 in
814 4624 1051 4681 adventu
1081 4624 1288 4681 Christi
1342 4625 1547 4681 factum
1579 4642 1723 4682 esse.
1773 4626 1917 4693 Quid
1947 4626 2093 4682 enim

506 4726 703 4774 natura
756 4727 946 4775 nostra
992 4721 1280 4791 egentius?
1314 4720 1573 4775 Attamen
1630 4721 1777 4774 illam
1831 4719 2094 4775 excitavit

2200 3532 2341 3569 νων.
2357 3514 2558 3568 Τοῦτον
2572 3514 2679 3587 γάρ
2700 3515 2791 3568 τὸν
2813 3516 3027 3585 πτωχὸν
3051 3516 3144 3569 καὶ
3167 3519 3375 3587 πένητα
3391 3519 3530 3582 λαὸν,
3549 3520 3637 3573 ἀπὺ
3652 3521 3727 3572 τῶν

2201 3604 2555 3679 χαμαιζήλων
2577 3608 2918 3679 πραγμάτων
2943 3608 3057 3675 ὲγεί
3066 3625 3182 3677 ρας,
3203 3611 3423 3681 καὶτῆς
3436 3612 3634 3682 ἀτιμίας
3651 3610 3727 3662 τῶν

2202 3701 2391 3755 παθῶν
2412 3701 2623 3772 καὶτῆς
2649 3703 2883 3773 κοπρίας
2904 3701 3013 3756 τῶν
3038 3702 3366 3774 Ἑλληνικῶν
3396 3705 3724 3775 μυσαγμάτων,

2200 3792 2413 3846 καθίσει
2448 3792 2585 3863 μετά
2627 3792 2736 3847 τῶν
2783 3794 3060 3864 ἀρχόντων
3084 3794 3179 3847 τοῦ
3210 3796 3446 3866 Ἰσραὴλ,
3475 3797 3609 3857 ὄντος
3631 3793 3725 3846 λιιιῦ

2200 3883 2384 3936 αὐτοῦ.
2414 3884 2534 3936 Eia!
2583 3883 2641 3937 δὲ
2686 3885 2733 3937 oi
2768 3885 3053 3938 ἀπόστολοι
3097 3886 3359 3957 ἄρχοντες
3392 3888 3480 3941 τοῦ
3514 3886 3725 3959 Ἑϐραίων

2199 3974 2349 4041 λαοῦ,
2385 3977 2418 4046 ἢ
2454 3978 2548 4029 καὶ¹
2577 3977 2626 4029 οί
2675 3977 3030 4048 πατριάρχαι,
3070 3977 3189 4047 μεθ’
3222 3972 3298 4031 ὧν
3338 3976 3724 4049 κατασκηνώσῡν-

2201 4083 2285 4120 σιν
2310 4069 2359 4120 οί
2386 4066 2445 4132 ἐξ
2470 4067 2639 4121 ὲθνῶν
2674 4070 3082 4132 πιστεύσαντες.
3119 4070 3227 4123 Καὶ
3248 4070 3411 4123 τοῦτό
3438 4088 3585 4143 φησιν
3602 4072 3626 4123 6
3642 4069 3722 4122 Κύ-

2200 4176 2317 4231 ριος
2338 4175 2353 4191 ·
2378 4160 2603 4214 Πολλοί
2634 4160 2895 4227 ἥξουσιν
2915 4162 3034 4216 ἀπὸ
3055 4162 3371 4217 ἀνατολῶν
3391 4165 3485 4217 καὶ
3510 4160 3721 4232 ὃυσμιῖπ,

2198 4250 2298 4303 καί
2356 4250 2867 4317 ἀνακλιθήσονται
2915 4252 3066 4322 μετὰ
3103 4255 3369 4324 Ἀϐραὰμ,
3418 4254 3511 4309 καὶ
3546 4252 3717 4311 Ἰσαὰκ.

2198 4342 2297 4395 καὶ
2383 4342 2583 4397 Ἰακὼϐ
2651 4343 2721 4397 ἐν
2795 4342 2871 4412 τῇ
2940 4345 3229 4412 βασιλείᾳ
3302 4345 3424 4399 τῶν
3487 4342 3715 4413 οἱφωιῶν.

2201 4435 2358 4488 Ἐστι
2391 4435 2488 4506 μὲν
2519 4431 2612 4489 οὖν
2640 4438 2668 4489 6
2693 4435 2849 4505 λόγος
2874 4436 3179 4501 καθολικός.
3218 4438 3280 4490 Εἰ
3310 4438 3366 4491 δέ
3400 4456 3479 4503 τις
3512 4435 3718 4490 καὶκατὰ

2196 4528 2487 4599 ἀναγωγὴν
2530 4529 2691 4583 αὑτὸν
2739 4528 3047 4600 βουληθείη,
3076 4530 3266 4600 ὄψεται
3296 4531 3457 4585 τοῦτο
3494 4530 3631 4583 πάλιν
3654 4527 3716 4579 ἐπὶ

2192 4621 2293 4692 τῆς
2330 4621 2633 4692 παρουσίας
2685 4620 2778 4673 τοῦ
2822 4621 3058 4692 Χριστοῦ
3104 4623 3411 4694 γενόμενον.
3446 4624 3505 4676 Τί
3537 4622 3627 4693 γὰρ
3648 4619 3715 4686 τῆς

2194 4712 2470 4785 ἡμετέρας
2521 4713 2734 4783 φύσεως
2788 4714 3163 4787 πτωχότερονς
3219 4717 3359 4769 Ἀλλ’
3405 4694 3545 4787 ὅμως
3594 4706 3723 4803 mitti;

505 4811 886 4882 primitiasque
930 4821 1152 4868 nostras
1200 4814 1417 4877 extulit,
1459 4821 1624 4884 atque
1656 4813 1712 4867 in
1758 4811 2090 4866 altissimum

2203 4804 2387 4876 ήγειρε
2415 4806 2509 4857 καὶ
2542 4806 2785 4877 ἀνήγαγε
2814 4805 2912 4876 τὴν
2947 4806 3200 4879 ἀπαρχὴν
3225 4808 3401 4879 ήμῶν,
3428 4810 3514 4861 καὶ
3556 4808 3621 4868 είς
3649 4804 3713 4855 οὐ·

507 4903 702 4958 εωιυηι
737 4904 927 4959 sedere
984 4903 1136 4959 fecit.
1169 4903 1392 4959 Stercus
1440 4913 1622 4959 autem
1673 4904 1776 4958 hoc
1810 4902 1931 4957 loco
1960 4902 2094 4957 dicit

507 4996 767 5050 vilitatem
800 4997 951 5051 illam
974 5039 989 5063 ,
1020 5004 1075 5053 et
1107 4998 1473 5067 repentinam,
1502 5012 1623 5067 qua:
1648 4996 1775 5051 inde
1808 4995 1952 5050 facta
1983 5003 2089 5061 est,

506 5088 885 5155 mutationem,
918 5091 1102 5143 omnia
1144 5091 1248 5160 ipsi
1293 5091 1475 5145 facilia
1532 5097 1587 5146 et
1618 5090 1805 5160 pervia
1838 5103 1963 5143 esse
1990 5088 2090 5142 de-

506 5181 741 5238 clarans.
778 5180 904 5237 Haec
934 5189 988 5235 et
1021 5182 1177 5237 beata
1205 5183 1382 5248 Anna,
1407 5184 1669 5253 hymnum
1700 5181 1755 5236 in
1788 5181 2087 5253 gratiarum

505 5274 775 5330 actionem
807 5273 919 5330 Deo
950 5274 1208 5338 oﬂerens,
1237 5276 1372 5330 dicit
1422 5295 1434 5330 :
1498 5274 1752 5329 Dominus
1809 5288 2089 5344 pauperem

509 5366 654 5431 facit,
684 5378 733 5422 et
762 5368 935 5432 ditat;
964 5368 1233 5430 humiliat,
1262 5377 1311 5421 et
1354 5367 1547 5437 erigit;
1581 5368 1801 5422 suscitat
1836 5365 1901 5420 de
1948 5376 2089 5420 terra

508 5462 731 5533 inopem,
764 5471 815 5517 et
841 5460 907 5518 de
936 5475 1163 5516 stercore
1187 5461 1344 5530 erigit
1368 5476 1669 5529 pauperem,
1693 5470 1751 5513 ut
1789 5459 1969 5514 sedere
2004 5458 2090 5527 fa-

510 5556 611 5607 ciat
640 5570 761 5608 cum
792 5554 1137 5623 optimatibus
1185 5553 1385 5623 populi,
1435 5563 1485 5606 et
1532 5552 1778 5606 thronum
1819 5551 2005 5623 gloria:
2032 5552 2087 5605 in

510 5645 862 5700 hmreditatem
905 5646 1035 5714 ipsis
1089 5644 1323 5699 tribuens
1359 5645 1401 5697 ⁸.
1432 5641 1559 5698 Haec
1616 5658 1781 5713 porro
1836 5641 2089 5697 videmus

2200 4896 2361 4967 ρανὸν
2410 4896 2630 4949 ἐκάθισε
2672 4896 2762 4951 τὸν
2806 4896 3157 4969 ὑψηλότερον.
3190 4900 3436 4971 Κοπρίαν
3459 4900 3511 4952 δὲ
3536 4892 3713 4949 ἐνταῦθα

2196 4987 2257 5041 τὸ
2299 4988 2515 5053 εὐτελὲς
2558 4988 2724 5058 λέγει,
2753 4990 2848 5043 καὶ
2890 4990 2988 5061 τὴν
3018 4991 3229 5046 ἐκεῖθεν
3265 4994 3459 5066 ἀθρόον
3484 4988 3713 5061 γινομένην

2201 5079 2523 5153 μεταϐολὴν,
2554 5081 2768 5145 δεικνὺς
2816 5083 2899 5135 ὅτι
2942 5083 3120 5140 πάντα
3145 5086 3293 5157 αὐτῷ
3324 5086 3473 5158 ῥᾴδια
3497 5079 3710 5137 mli-.510-

2195 5172 2284 5227 λα.
2304 5173 2490 5227 Ταῦτα
2522 5174 2579 5227 δὲ
2607 5175 2702 5228 καὶ
2735 5177 2769 5246 ή
2802 5178 3044 5249 μακαρία
3075 5180 3244 5235 Ἀννα
3270 5182 3470 5252 εἴρηκε,
3493 5178 3572 5230 τὸν
3592 5188 3709 5245 χαρι-

2198 5266 2418 5337 στήριον
2466 5266 2633 5338 ὕμνον
2663 5269 3048 5341 προσφέρουσα
3073 5272 3153 5343 τῷ
3190 5274 3341 5344 Θεῷο
3372 5274 3567 5342 Κύριος
3596 5282 3707 5319 καθ’

2197 5360 2338 5431 χίζει
2377 5361 2479 5415 καὶ
2517 5361 2836 5429 πλουτίζὲι,
2872 5367 3146 5419 ταπεινοῖ
3168 5368 3264 5421 καὶ
3294 5366 3521 5436 ἀνυψοῇ
3540 5352 3706 5421 ἀνιστᾷ

2196 5455 2316 5509 ἀπὸ
2348 5454 2462 5526 γῆς
2502 5455 2749 5525 πένητα,
2778 5457 2877 5511 καί
2924 5458 3043 5512 ἀπὸ
3084 5460 3332 5528 κοπρίας
3360 5458 3547 5531 ἐγείρει
3589 5463 3702 5505 πτω-

2196 5544 2331 5615 χὸν,
2378 5548 2619 5603 καθίσαι
2674 5550 2826 5620 μετὰ
2883 5551 3207 5607 δυναστῶν
3257 5552 3433 5619 λαοῦ,
3481 5548 3565 5603 καί
3605 5541 3701 5610 θρό-

2196 5658 2310 5696 νον
2380 5642 2567 5713 δόξης
2646 5645 3190 5717 καταιῑηρονομῶν
3251 5644 3465 5710 αὐτοῖς.
3509 5634 3698 5712 ὀρῶμε1

580 5864 625 5892 ¹⁵⁹
662 5864 763 5919 lsa.
798 5880 963 5929 “sv,
996 5865 1028 5918 5
1052 5904 1066 5931 ,
1101 5865 1152 5919 4.
1234 5866 1265 5937 '7
1296 5863 1482 5920 liatth.
1520 5879 1651 5932 \‘lll,
1676 5864 1763 5921 ll.
1831 5866 1850 5896 ¹
1890 5865 1908 5920 1
1942 5861 2076 5936 Reg.

2234 5864 2285 5932 7,
2322 5864 2375 5920 8.
