3964 6502
252 317 386 373 ιδ’ςδ

1381 304 1882 365 COMMENTARIA
1919 307 1984 363 IN
2023 303 2361 360 PSALMOS.

3311 302 3447 357 135-5

244 438 297 491 δὲ
316 433 450 490 αὐτὰ
478 431 735 503 διηνεκῶς
765 431 869 484 ὑπὸ
914 429 1005 483 τοῦ
1046 428 1154 481 τῶν
1178 429 1313 485 ὅλων
1347 429 1481 483 Θεοῦ
1513 429 1789 501 γινόμενα.

1908 428 2095 497 passim
2124 426 2193 480 ab
2218 424 2599 480 universorum
2639 419 2749 477 Deo
2780 419 2937 477 efﬁci.
2977 418 3065 474 Sic
3094 420 3309 474 beatum
3349 421 3451 475 Ita-

246 524 393 581 Οῦτω
419 523 510 577 τὸν
546 520 811 592 μακάριον
837 520 1015 585 Δαυῖδ,
1038 519 1265 590 ποιμένα
1288 521 1438 585 ὄντα,
1460 520 1682 591 βασιλέα
1702 537 1797 574 πε-

248 617 436 689 ποίηκε
454 633 468 647 ·
503 615 646 670 οὕτω
679 613 768 667 τὸν
804 611 1018 684 Ἰωσὴφ,
1045 613 1124 675 είς
1143 611 1382 666 δουλείαν
1406 612 1795 685 μεταπεσόντα,

247 709 336 761 ἐπὶ
362 707 451 760 τὸν
485 704 758 777 βασιλικὸν
789 704 1008 758 ἐκάθισε
1045 702 1261 774 θρόνον·
1296 704 1437 758 οὕτω
1464 704 1552 758 τὸν
1573 704 1797 769 Μωσέα,

245 799 510 871 προὸατέα
535 798 840 868 γενόμενον,
863 796 1187 867 δημαγωγὸν
1232 797 1473 868 ἀπέφηνε
1518 797 1612 851 τοῦ
1648 797 1796 862 λαοῦ,

245 894 336 944 καὶ
361 890 481 944 Θεὸν
518 890 882 961 ἐχειροτόνησε
914 886 1007 942 τοῦ
1035 888 1232 962 Φαραώ
1251 907 1262 921 ·
1294 889 1435 943 οὕτω
1456 889 1524 943 τὰ
1548 890 1696 960 ἔθνη,
1731 891 1797 961 τῇ

243 980 450 1052 δουλείᾳ
482 980 579 1050 τῆς
614 980 863 1043 ἀσεϐείας
890 979 1202 1034 δουλεύοντα
1234 980 1325 1033 καὶ
1365 983 1432 1052 τῇ
1472 981 1661 1052 κόπρῳ
1701 980 1800 1050 τῆς

242 1074 508 1144 ἁμαρτίας
532 1074 624 1126 καὶ
658 1072 980 1143 βδελυγμίας
1010 1072 1403 1144 ὲπικαθήμενα,
1438 1073 1544 1124 τῶν
1573 1072 1666 1125 τοῦ
1697 1073 1798 1124 Ἰσ-

244 1163 373 1235 ραὴλ
416 1163 798 1235 δεδωρημένων
835 1163 1064 1234 ἠξίωσεν
1094 1164 1311 1233 ἀγαθῶν
1334 1181 1346 1195 ·
1390 1163 1531 1217 οὕτω
1568 1164 1667 1234 τὴν
1704 1164 1801 1218 ἀν-

241 1254 508 1323 θρωπείαν
538 1252 696 1321 φύσιν
724 1254 803 1317 είς
825 1252 986 1307 αὑτὸν
1012 1252 1421 1307 καταπεσοῦσαν
1442 1252 1531 1305 τόν
1559 1252 1651 1307 τοῦ
1674 1253 1802 1325 ᾅδου

239 1344 507 1415 πυθμένα,
538 1344 767 1397 ἀνέλαὸε
810 1346 905 1398 καὶ
934 1344 1195 1416 ἀνήγαγε,
1225 1346 1318 1399 καὶ
1341 1344 1591 1399 ἐκάθισεν
1618 1345 1803 1399 ὲπάνω

239 1437 419 1507 πάσης
458 1437 629 1509 ἀρχῆς
655 1438 746 1489 καὶ
773 1436 1021 1501 ἐξουσίας
1050 1437 1145 1490 καὶ
1177 1437 1511 1509 κυριότητος,
1538 1437 1631 1490 καὶ
1664 1454 1801 1491 παν-

237 1528 324 1591 τὸς
369 1527 629 1598 ὀνόματος
670 1527 1091 1599 ὀνομαζομένου,
1120 1530 1181 1582 οὐ
1237 1529 1393 1600 μόνον
1442 1531 1501 1583 ὲν
1541 1529 1620 1601 τῷ
1647 1530 1802 1583 αἰῶνι

237 1619 431 1691 τούτῳ,
460 1620 593 1674 ἀλλά
618 1621 711 1674 καὶ
737 1622 793 1674 ὲν
824 1620 901 1692 τῷ
927 1620 1189 1691 μέλλοντι.

726 1735 1144 1789 ΑΛΛΗΛΟΥῙᾹ.
1189 1733 1330 1788 PII".

1898 519 2094 583 videm,
2121 517 2214 587 qui
2245 524 2430 588 pastor
2455 523 2592 582 erat,
2620 528 2802 584 regem
2838 512 3120 568 constituit
3140 556 3154 580 ,
3185 512 3265 568 sic
3295 511 3451 569 Iose-

1896 610 2063 681 phum
2095 610 2152 665 in
2181 608 2494 666 servitutem
2525 606 2825 676 delapsum,
2862 604 2919 658 in
2948 604 3099 674 regio
3143 602 3340 658 throno
3365 618 3454 657 se—

1898 704 2027 759 dere
2071 701 2233 769 fecit;
2262 702 2343 757 sic
2374 699 2635 771 Moysem,
2673 698 2766 769 qui
2809 705 2997 768 pastor
3045 696 3243 762 fuerat,
3269 704 3452 751 orato-

1898 811 2011 852 rem
2032 795 2215 868 populi
2245 792 2622 857 denuntiavit,
2649 801 2703 849 et
2727 791 2887 847 deum
2914 789 3217 845 Pharaonis
3246 788 3454 844 consti-

1898 888 2034 953 tuit;
2068 888 2148 941 sic
2178 894 2368 957 gentes
2422 899 2543 956 qua:
2581 883 2873 954 impietatis
2925 881 3174 939 servituti
3213 881 3454 937 subactae

1899 988 2071 1043 erant,
2106 988 2158 1034 et
2188 977 2415 1033 stercori
2452 976 2657 1047 peccati
2687 982 2741 1030 et
2779 972 3199 1029 abominationis
3252 970 3457 1039 inside-

1898 1073 2048 1137 bant,
2072 1071 2231 1127 bonis
2253 1069 2438 1127 lsraeli
2465 1069 2679 1125 collatis
2708 1068 2961 1139 dignatus
2992 1073 3110 1132 est;
3143 1065 3223 1120 sic
3264 1064 3457 1119 huma-

1899 1179 2024 1219 nam
2063 1170 2313 1217 naturam
2336 1175 2457 1232 qua:
2484 1160 2538 1215 in
2569 1160 2746 1229 ipsum
2779 1158 2976 1213 inferni
3006 1155 3333 1228 profundum
3362 1153 3457 1209 de-

1899 1254 2125 1319 ciderat,
2166 1253 2388 1323 recepit,
2422 1250 2655 1316 reduxit,
2684 1258 2739 1305 et
2761 1264 2925 1320 supra
2950 1263 3164 1304 omnem
3190 1246 3461 1319 principa-

1899 1354 2039 1410 tum,
2080 1353 2403 1417 potestatem
2443 1352 2497 1399 et
2528 1343 2951 1398 dominationem
3003 1341 3192 1397 sedere
3223 1339 3370 1401 fecit,
3395 1353 3461 1393 ac

1900 1454 2066 1509 supra
2093 1454 2254 1495 omne
2289 1452 2508 1503 nomen,
2538 1451 2650 1492 non
2676 1435 2853 1491 solum
2884 1435 2939 1489 in
2972 1435 3076 1490 hoc
3101 1433 3320 1497 saeculo,
3362 1430 3460 1488 sed

1900 1532 2062 1586 etiam
2099 1531 2153 1586 in
2189 1530 2371 1586 futuro
2398 1529 2691 1602 prolatum.

2395 1728 2755 1783 ALLELUIA.
2786 1726 2971 1784 CXIII.

316 1821 412 1876 Ἐν
435 1822 623 1891 ἐξόδῳ
661 1824 899 1893 Ἰσραὴλ
927 1824 996 1889 ἐξ
1028 1825 1350 1894 Αἰγύπτου,
1381 1825 1554 1879 οἴκου
1598 1825 1800 1879 Ἰακὼϐ

1973 1817 2134 1873 Vens.
2184 1820 2235 1883 1,
2266 1819 2322 1874 2.
2371 1818 2436 1873 In
2485 1822 2629 1874 exitu
2674 1817 2844 1873 Israel
2882 1818 2945 1872 de
2975 1816 3226 1887 zEgypto,
3277 1815 3464 1870 domus

232 1912 302 1967 ἐκ
326 1914 479 1967 λαοῦ
492 1916 817 1984 βαρϐάρου,
854 1915 1103 1985 ἐγενήθη
1143 1915 1388 1969 Ἰουδαία
1412 1917 1674 1986 άγίασμα
1698 1919 1800 1972 αὑ-

234 2005 361 2071 τοῦ,
392 2007 631 2075 Ἰσραὴλ
661 2008 911 2073 ἐξουσία
936 2008 1141 2064 αὐτοῦ.
1167 2008 1372 2080 ’Υμνος
1393 2010 1486 2063 καὶ
1510 2003 1661 2074 οὗτός
1686 2012 1800 2063 ἐστι

234 2097 333 2159 τὰς
376 2097 648 2162 Ἰουδαίοις
680 2100 783 2153 ὑπὸ
816 2100 912 2153 τοῦ
946 2100 1080 2153 Θεοῦ
1113 2102 1548 2172 παρασχεθείσας
1577 2104 1799 2175 εὐεργε-

236 2188 357 2251 σίας
380 2185 607 2253 διεξιὼν,
640 2188 734 2241 καὶ
758 2188 853 2242 τοῦ
886 2188 1019 2242 Θεοῦ
1049 2190 1147 2260 τὴν
1172 2190 1397 2261 δύναμιν
1425 2192 1797 2265 διηγούμενος,

234 2276 327 2327 καὶ
353 2275 459 2328 τῶν
487 2274 718 2329 εἰδώλων
744 2278 1020 2349 κωμῳδῶν
1048 2279 1146 2351 τὴν
1175 2282 1475 2337 ἀσθένειαν.
1519 2284 1799 2354 Ἀρμόττει

234 2368 290 2421 δὲ
341 2368 433 2421 καὶ
477 2363 630 2432 οὗτος
666 2370 695 2420 ὁ
744 2368 911 2439 ὕμνος
953 2373 1063 2434 τοῖς
1098 2370 1157 2436 ἐξ
1189 2372 1356 2427 ἐθνῶν
1389 2369 1796 2445 πεπιστευκόσι,

235 2457 449 2527 καὶτῆς
482 2456 591 2511 τῶν
620 2456 850 2511 εἰδώλων
898 2459 1106 2532 πλάνης
1137 2462 1574 2533 ἀπηλλαγμένοις
1594 2482 1607 2494 '
1663 2485 1799 2537 μαν-

234 2552 452 2610 θάνουσι
480 2551 587 2625 γὰρ
618 2554 740 2606 ὅσον
768 2553 829 2606 τὸ
865 2554 1028 2625 μέσον
1056 2556 1165 2608 τῶν
1205 2557 1305 2609 οὐκ
1341 2557 1509 2611 ὄντων
1544 2560 1679 2631 πρὸς
1709 2560 1801 2614 τὸν

231 2643 379 2708 ὅντα,
414 2645 507 2698 καὶ
523 2643 599 2707 ὼς
630 2638 710 2707 εἷς
740 2646 854 2698 ἐστι
889 2645 1018 2708 Θεὸς
1052 2646 1292 2711 Παλαιᾶς
1322 2647 1416 2701 καὶ
1454 2651 1660 2721 Καινῆς
1680 2653 1802 2704 Δια-

232 2735 428 2807 θήκης.
481 2736 626 2790 ’Λντὶ
655 2736 710 2789 δὲ
756 2737 870 2799 τοῦ,
917 2739 1017 2791 Ἐκ
1072 2740 1224 2792 λαοῦ
1270 2740 1606 2809 βαρϐάρου,
1640 2744 1669 2794 ὁ
1705 2745 1801 2813 μὲν

246 2826 500 2892 Ἀκύλας,
526 2828 668 2881 Ἀπὸ
691 2829 843 2882 λαοῦ
871 2830 1337 2900 ἐτερογλὼσσου·
1362 2833 1459 2884 ὁδε
1488 2834 1799 2904 Σύμμαχος,

244 2918 340 2971 Ἐκ
364 2920 517 2973 λαοῦ
562 2920 941 2988 άλλοςρώνυυ,
968 2922 1279 2976 ἐκδέδωκεν.
1326 2924 1609 2993 Ἐγεννήθη
1657 2926 1801 2980 Ἰου-

233 3010 374 3063 δαία
422 3010 687 3081 ἀγίασμα
738 3012 946 3077 αὐτοῦ,
1009 3012 1244 3081 Ἰσραὴλ
1299 3014 1551 3078 ἐξουσία
1595 3017 1799 3072 αὑτοῦ.

234 3102 407 3155 Πάλαι
457 3102 555 3170 μὲν
586 3102 717 3173 γὰρ,
755 3105 844 3157 ὅτε
872 3103 959 3157 διὰ
1002 3104 1283 3168 Μωῡσέως
1313 3105 1409 3175 τὴν
1450 3104 1506 3172 ἐξ
1526 3106 1800 3175 Αἰγύπτου

233 3196 460 3267 πορείαν
474 3196 795 3267 ἐποιήσαντο
818 3198 867 3249 οί
884 3196 991 3251 ἀπὸ
1006 3196 1099 3250 τοῦ
1116 3198 1381 3269 προτέρου
1399 3198 1545 3258 mou.
1570 3200 1739 3271 βραχύ
1756 3219 1808 3255 τι

234 3287 425 3359 μόριον
441 3288 538 3359 τῆς
551 3288 653 3358 γῆς
672 3288 764 3341 καὶ
795 3289 997 3359 σφόδρα
1025 3289 1246 3361 εὐτελὴς
1264 3290 1431 3358 γωνία
1460 3292 1557 3363 τῆς
1588 3292 1808 3364 ἁπάσης

232 3379 847 3450 οἰκουμένης,”1ουδαία,
886 3380 1154 3444 ὲξείλεκτο
1178 3381 1252 3452 τῷ
1275 3382 1411 3453 Θεῷ,
1442 3384 1535 3437 καὶ
1570 3383 1719 3447 έθνος
1752 3385 1809 3437 ἓν

231 3472 295 3525 τὸ
336 3472 607 3527 Ἰουδαίων
628 3490 641 3504 ο
665 3475 786 3527 ἐπεὶ
818 3474 896 3539 δὲ,
931 3474 1029 3544 τῆς
1062 3476 1328 3547 σωτηρίου
1371 3477 1689 3546 ἐπιφανείας
1708 3478 1808 3548 τῆς

234 3566 455 3638 χάριτος
482 3565 824 3637 ἀπλωθείσης
851 3566 972 3620 καθ’
1001 3567 1128 3638 ὅλης
1173 3569 1271 3636 τῆς
1312 3570 1653 3643 οἰκουμένης,
1702 3571 1809 3624 ἀπὸ

234 3658 507 3712 ἀνατολῶν
554 3658 703 3728 ἡλίου
764 3657 925 3730 μέχρι
977 3658 1198 3729 δυσμῶν
1256 3660 1463 3714 αἰνετὸν
1508 3662 1569 3714 τὸ
1638 3664 1808 3733 ὄνομα

233 3750 441 3821 Κυρίου
460 3790 475 3815 ,
509 3751 605 3803 καὶ
634 3748 837 3818 ὑψηλὸς
879 3750 979 3803 οὐκ
1008 3751 1098 3803 ἐπ’
1130 3750 1281 3815 ἔθνος
1305 3752 1397 3805 τὸν
1434 3752 1663 3825 Ἰσραὴλ,
1692 3754 1807 3807 ἀλλ’

234 3840 438 3912 ὑψηλὸς
463 3841 555 3894 ἐπὶ
580 3840 757 3895 πάντα
792 3840 862 3893 τὰ
890 3840 1016 3913 ἔθνη
1049 3842 1269 3912 γέγονεν
1296 3845 1324 3896 ὁ
1350 3844 1572 3916 Κύριος.

316 3931 380 3987 Ἠ
408 3932 689 3986 θάλασσα
743 3928 899 3999 εἶδε,
942 3935 1039 3987 καὶ
1103 3936 1358 4005 ἔφυγεν,
1408 3941 1439 3992 ό
1501 3938 1807 4009 Ἰορδάνης

233 4022 504 4092 ἐστράφη
540 4028 628 4090 είς
654 4025 724 4079 τὰ
762 4026 985 4080 ὀπίσω’
1024 4027 1095 4083 τὰ
1128 4028 1232 4097 ὄρη
1255 4031 1628 4100 ἐσκίρτησαν
1663 4035 1805 4088 ὡσεί

236 4114 411 4181 κριοὶ,
448 4114 545 4169 καὶ
570 4117 623 4169 οὶ
649 4116 865 4181 βουνοί
900 4120 1040 4175 ὡσεί
1061 4122 1577 4191 ἀρνίαπροϐάτων.
1616 4126 1674 4177 Τί
1705 4125 1807 4179 σοί

234 4204 387 4269 ἐστι,
435 4206 734 4275 θάλασσα,
784 4210 873 4264 ὅτι
921 4212 1160 4283 ἔφυγες,
1204 4217 1299 4269 καὶ
1351 4212 1471 4281 σοί,
1513 4216 1801 4286 Ἰορδάνῃ,

236 4296 324 4350 ὅτι
355 4300 658 4370 sagoqu
688 4304 775 4369 είς
810 4304 882 4357 τὰ
917 4306 1145 4370 ὀπίσω;
1201 4307 1271 4360 τὰ
1324 4308 1453 4377 ὅρη,
1484 4308 1573 4361 ὅτι
1601 4309 1804 4379 ἐσκιρ-

236 4390 460 4455 τήσατε
491 4394 635 4447 ὡσεὶ
694 4396 867 4463 κριοὶ,
916 4396 1015 4449 καὶ
1061 4401 1113 4451 οἱ
1141 4398 1381 4463 βουνοί,
1435 4399 1576 4453 ὡσεὶ
1626 4401 1804 4469 ἀρνία

236 4482 589 4577 προβάτωη
627 4484 767 4577 ’ᾼπὸ
818 4485 1145 4554 προσώπου
1167 4489 1388 4557 Κυρίου
1417 4489 1716 4560 ἐσαλεύθη
1762 4493 1800 4561 ἡ
1836 4523 1879 4577 D

233 4571 332 4641 γῆ,
349 4574 469 4629 ἀπὸ
498 4574 817 4641 προσώπου
834 4578 939 4631 τοῦ
959 4579 1106 4631 Θεοῦ
1133 4578 1358 4646 Ἰακὼϐ,
1383 4580 1488 4634 τοῦ
1506 4579 1807 4650 στρέψαν-

234 4680 337 4731 τος
364 4666 478 4734 τὴν
500 4665 722 4733 πέτραν
746 4670 833 4733 είς
858 4670 1077 4738 λίμνας
1105 4670 1355 4735 ὑδάτων,
1374 4673 1471 4726 καὶ
1498 4673 1612 4740 τὴν
1631 4674 1808 4741 ἀκρό-

236 4770 421 4823 τομον
452 4757 537 4822 είς
560 4754 755 4823 πηγὰς
786 4756 1037 4811 ὑδάτων.
1066 4765 1221 4813 Δοκεῖ
1245 4779 1333 4831 μοι
1366 4762 1529 4816 πάλιν
1562 4762 1808 4815 ἐντεῦθεν

235 4845 264 4895 ὁ
309 4846 465 4915 λόγος
507 4845 603 4916 τὴν
654 4848 989 4916 προφητείαν
1022 4850 1294 4903 ποιεῖσθαι
1340 4850 1440 4921 τῆς
1487 4851 1593 4904 τῶν
1640 4851 1809 4905 ἐθνῶν

236 4937 491 4992 ἁπάντων
540 4939 802 5010 κλήσεως.
840 4940 1015 4993 Πάλαι
1046 4942 1140 5011 μὲν
1166 4941 1296 5013 γὰρ,
1328 4944 1480 5011 φησὶ,
1528 4944 1667 4997 κατὰ
1710 4944 1809 5015 τὴν

238 5030 295 5097 ἐξ
329 5032 601 5101 Αἰγύπτου
620 5034 867 5104 πορείαν,
898 5033 1125 5088 Ἰουδαία
1153 5034 1285 5106 μόνη
1316 5036 1537 5103 γέγονεν
1563 5038 1809 5108 ἀγίασμα

230 5116 329 5174 τοῦ
358 5124 513 5187 Θεοῦ,
532 5125 623 5175 καὶ
658 5123 813 5195 μόνος
836 5123 1049 5195 Ἰσραὴλ
1084 5126 1187 5178 ὑπὸ
1215 5124 1311 5197 τὴν
1341 5126 1585 5193 ἐξουσίαν
1622 5129 1808 5185 αὐτοῦ.

238 5212 348 5267 Καὶ
385 5216 550 5269 πάλαι
582 5217 681 5287 μὲν
712 5218 913 5289 μερική
962 5234 1046 5281 τις
1082 5218 1302 5287 γέγονεν
1328 5220 1579 5292 αἴσθησις
1607 5222 1809 5279 θαλάσ-

241 5318 360 5375 σης,
400 5309 494 5362 καὶ
528 5308 771 5379 ποταμοῦ
810 5310 903 5363 καὶ
939 5310 1081 5380 ὁρῶν
1112 5311 1205 5363 καὶ
1249 5312 1487 5382 βουνῶνο
1526 5313 1621 5367 νῦν
1650 5315 1706 5369 δὲ
1748 5316 1808 5369 τὸ

241 5397 349 5449 πᾶν
392 5402 650 5470 στοιχεῖον
694 5401 793 5472 τῆς
855 5402 957 5473 γῆς
1000 5402 1253 5456 κινείσθω
1306 5406 1398 5459 καὶ
1458 5407 1766 5461 σαλευέσθω
1792 5424 1806 5439 ·

244 5487 444 5551 μᾶλλον
470 5493 526 5546 δὲ
554 5493 696 5547 κατὰ
720 5493 810 5546 τὸν
840 5494 1088 5559 Ἀκύλαν,
1110 5494 1472 5566 ὠδινησάτω,
1508 5500 1653 5565 ὅπως
1676 5500 1812 5573 πλη-

244 5576 390 5651 ρωθῇ
440 5582 501 5635 τὸ
555 5586 842 5656 εἰρημένον
902 5588 1006 5641 ὑπὸ
1066 5591 1285 5645 Ἡσαΐου
1342 5592 1650 5665 προφήτου·
1716 5594 1813 5661 Τίς

314 5732 334 5763 ³
372 5733 475 5795 lsa.
512 5756 665 5805 val,
690 5740 742 5796 8.

481 5834 756 5898 Psrnon.
803 5833 921 5897 Gn.
968 5833 1205 5897 XXIII.

1903 1910 2068 1966 Iacob
2100 1912 2163 1965 de
2183 1912 2371 1982 populo
2400 1911 2647 1977 barbaro,
2682 1911 2825 1981 facta
2844 1908 3130 1964 estIudwa
3159 1908 3463 1977 sanctiﬁca-

1907 2005 1980 2057 tio
2026 2004 2160 2075 ejus,
2197 2003 2370 2058 Israel
2408 2013 2640 2075 potestas
2678 2002 2811 2072 ejus.
2864 2000 2961 2055 Hic
2993 2016 3207 2070 quoque
3233 1999 3465 2069 hymnus

1905 2100 2011 2157 est,
2033 2094 2125 2163 qui
2157 2092 2417 2147 beneﬁcia
2456 2099 2845 2147 commemorat
2875 2090 3077 2144 Judzeis
3107 2104 3138 2142 a
3167 2088 3277 2143 Deo
3298 2088 3467 2141 colla-

1906 2192 1979 2248 ta,
2008 2194 2169 2255 atque
2188 2184 2281 2240 Dei
2315 2186 2566 2239 virtutem
2596 2192 2838 2249 enarrat,
2885 2183 3264 2250 idolorumque
3296 2180 3466 2235 imbe-

1906 2276 2181 2333 cillitatem
2210 2276 2436 2332 deridet.
2463 2275 2728 2331 Convenit
2749 2275 2875 2331 item
2912 2276 3000 2329 hic
3026 2275 3259 2345 hymnus
3287 2275 3469 2343 genti-

1908 2367 2050 2421 libus
2074 2367 2165 2436 qui
2188 2366 2556 2433 crediderunt,
2586 2368 2728 2422 etab
2758 2366 3025 2421 idolorum
3049 2381 3237 2421 errore
3258 2365 3472 2420 liberati

1908 2468 2034 2513 sunt
2061 2480 2072 2513 :
2098 2459 2320 2514 discunt
2353 2460 2498 2514 enim
2530 2466 2791 2530 quantum
2832 2460 3047 2515 intersit
3082 2460 3226 2514 inter
3252 2473 3349 2513 eos
3379 2458 3473 2528 qui

1906 2566 2015 2605 non
2042 2561 2171 2607 sunt
2198 2562 2250 2607 et
2276 2568 2397 2615 eum
2420 2553 2514 2623 qui
2548 2561 2653 2617 est,
2685 2562 2739 2609 et
2766 2552 2911 2624 quod
2939 2568 3081 2608 unus
3122 2551 3374 2622 idemque
3402 2551 3474 2605 sit

1907 2643 2120 2701 Veteris
2140 2654 2193 2701 et
2230 2644 2364 2699 Novi
2404 2645 2739 2702 Testamenti
2784 2644 2950 2701 Deus.
2987 2644 3093 2700 Pro
3134 2645 3226 2700 illo
3266 2653 3470 2711 autem,

1908 2736 1984 2789 De
2006 2738 2195 2806 populo
2226 2738 2489 2800 barbaro;
2516 2738 2733 2809 Aquila,
2774 2737 2852 2791 De
2885 2738 3075 2807 populo
3108 2736 3328 2791 alterius
3370 2736 3474 2789 lin-

1907 2844 2055 2897 guw;
2095 2828 2470 2899 Symmachus,
2502 2828 2578 2882 De
2614 2828 2803 2897 populo
2834 2830 3055 2883 alterius
3092 2831 3250 2895 vocis,
3284 2829 3473 2885 edidit.

1912 2918 2082 2972 Facta
2121 2930 2195 2973 est
2243 2919 2434 2973 Iudaea
2480 2921 2832 2990 sanctiﬁcatio
2876 2920 3011 2989 ejus,
3044 2919 3218 2974 Israel
3244 2929 3474 2989 potestas

1908 3013 2041 3081 ejus.
2077 3011 2215 3068 Olim
2249 3029 2481 3085 namque
2512 3029 2636 3069 cum
2678 3013 2827 3085 prior
2861 3014 2949 3068 ille
2987 3014 3218 3084 populus
3240 3054 3254 3079 ,
3291 3012 3475 3085 Moyse

1910 3102 2068 3169 duce,
2092 3104 2382 3158 transitum
2415 3105 2692 3159 laceretex
2712 3104 2966 3177 IEgypto,
3000 3105 3211 3160 modica
3228 3107 3473 3176 quaedam

1912 3202 2069 3249 terrm
2086 3198 2283 3265 portio,
2303 3204 2355 3250 et
2377 3196 2604 3267 exiguus
2633 3198 2801 3252 totius
2829 3198 2980 3253 orbis
3005 3198 3258 3270 angulus,
3284 3198 3474 3254 Iudam

1910 3286 2140 3351 scilicet,
2172 3302 2204 3341 a
2238 3287 2346 3343 Deo
2375 3290 2547 3343 electa
2594 3289 2788 3357 fuerat,
2823 3300 2984 3361 atque
3024 3308 3130 3345 una
3162 3291 3474 3348 Iudaeorum

1908 3380 2079 3432 natio.
2111 3378 2247 3434 Cum
2295 3390 2474 3436 autem
2518 3396 2614 3452 per
2645 3384 2939 3437 salutarem
2987 3384 3275 3439 adventum
3303 3386 3477 3456 gratia

1910 3472 1965 3526 in
2002 3479 2117 3527 toto
2150 3474 2281 3528 orbe
2310 3474 2479 3529 elTusa
2510 3483 2675 3539 esset,
2708 3492 2739 3528 a
2779 3476 2911 3530 solis
2937 3489 3059 3530 ortu
3089 3493 3261 3547 usque
3286 3479 3352 3531 ad
3383 3492 3479 3532 oc-

1909 3578 2098 3619 casum
2159 3566 2429 3621 laudabile
2463 3566 2562 3621 fuit
2608 3584 2806 3622 nomen
2834 3567 3049 3623 Domini
3086 3589 3097 3623 :
3135 3584 3199 3624 ac
3229 3572 3479 3627 excelsus

1909 3669 2021 3709 non
2063 3671 2227 3725 super
2255 3673 2415 3710 unam
2448 3658 2666 3713 Israelis
2710 3666 2949 3729 gentem,
2986 3662 3082 3715 sed
3111 3662 3359 3719 excelsus
3387 3679 3481 3717 su-

1909 3763 2011 3817 per
2041 3763 2232 3804 omnes
2260 3760 2447 3818 gentes
2473 3749 2575 3804 fuit
2604 3750 2892 3809 Dominus.

1982 3935 2146 3989 Vens.
2179 3934 2287 3990 3-8.
2318 3933 2469 3989 Mare
2491 3935 2637 4001 vidit,
2664 3945 2713 3990 et
2740 3936 2897 4007 fugit,
2923 3935 3179 3991 Iordanis
3200 3955 3481 3993 conversus

1905 4038 1983 4082 est
2012 4038 2318 4082 retrorsum.
2357 4028 2560 4082 Montes
2588 4028 2979 4083 exsultaverunt
3025 4031 3158 4083 sicut
3190 4032 3400 4092 arietes.
3433 4041 3484 4085 et

1905 4120 2063 4174 colles
2106 4119 2242 4173 sicut
2274 4122 2396 4190 agni
2427 4122 2619 4176 ovium.
2674 4120 2813 4186 Quid
2847 4130 2925 4175 est
2973 4121 3086 4186 tibi,
3126 4138 3293 4185 mare,
3344 4124 3483 4193 quod

1905 4210 2107 4281 fugisti,
2133 4218 2181 4262 et
2212 4220 2289 4272 tu,
2310 4209 2586 4278 Iordanis,
2612 4213 2735 4281 quia
2754 4228 3030 4266 conversus
3062 4230 3115 4268 es
3150 4224 3438 4269 retrorsum
3460 4222 3481 4272 .’

1905 4301 2133 4365 Montes,
2167 4302 2475 4356 exsultastis
2504 4302 2639 4356 sicut
2676 4304 2887 4369 arietes,
2910 4313 2958 4359 et
2986 4305 3168 4371 colles,
3201 4308 3336 4362 sicut
3358 4292 3485 4380 agni

1905 4394 2122 4448 ovium?
2155 4393 2197 4445 A
2231 4392 2365 4461 facie
2400 4391 2607 4445 Domini
2663 4403 2805 4447 mota
2838 4404 2914 4448 est
2943 4404 3107 4461 terra,
3155 4413 3188 4450 a
3217 4397 3353 4466 [acie
3385 4397 3482 4452 Dei

1906 4485 2071 4539 Iacob
2095 4528 2109 4552 ,
2142 4486 2230 4555 qui
2269 4488 2522 4542 convertit
2558 4496 2759 4555 petram
2807 4486 2861 4538 in
2894 4495 3084 4556 stagna
3114 4503 3397 4556 aquarum,
3429 4498 3480 4542 et

1909 4572 2233 4647 prwruptum
2266 4580 2317 4632 in
2341 4579 2506 4647 fontes
2537 4593 2814 4648 aquarum.
2840 4575 3069 4631 Videtur
3095 4578 3227 4631 mihi
3260 4595 3482 4634 rursum

1913 4672 2001 4724 hic
2026 4686 2205 4725 sermo
2256 4670 2592 4741 prOphetiam
2642 4671 2805 4725 edere
2836 4668 2903 4724 de
2951 4668 3191 4742 gentium
3237 4673 3482 4725 omnium

1913 4762 2220 4816 vocatione.
2280 4760 2421 4817 Olim
2478 4776 2741 4831 namque,
2801 4760 2906 4825 ait,
2952 4775 3076 4814 cum
3131 4762 3366 4832 populus
3413 4778 3484 4817 ex

1918 4851 2154 4923 Egypto
2176 4852 2550 4922 egrederetur,
2585 4851 2700 4906 sola
2739 4850 2925 4905 Iudaea
2959 4850 3101 4904 facta
3131 4859 3215 4907 est
3242 4854 3484 4907 sanctili-

1916 4946 2060 5002 catio
2094 4945 2208 5010 Dei,
2240 4953 2293 5000 et
2309 4944 2458 4999 solus
2480 4944 2649 4999 Israel
2681 4944 2784 4999 sub
2818 4952 3087 5014 potestate
3108 4946 3229 5016 ejus
3255 4953 3391 5001 erat.
3418 4945 3485 4999 Et

1916 5040 2045 5094 olim
2074 5038 2291 5109 quidem
2315 5035 2661 5107 particularis
2690 5051 2887 5091 sensus
2922 5036 3089 5092 maris
3114 5045 3253 5102 erat,
3286 5046 3342 5093 et
3377 5037 3481 5092 ﬂu-

1916 5132 2081 5187 minis
2108 5140 2160 5185 et
2190 5132 2455 5185 montium
2485 5138 2538 5186 et
2555 5130 2773 5185 collium
2800 5144 2979 5185 :nunc
3008 5146 3137 5186 vero
3168 5131 3482 5185 universum

1916 5234 2073 5278 teme
2101 5224 2426 5279 elementum
2450 5230 2729 5277 moveatur
2756 5232 2809 5277 et
2835 5208 3212 5282 concutiatur;
3238 5223 3347 5275 imo
3380 5214 3481 5291 po-

1914 5316 2025 5373 tius
2072 5315 2377 5372 secundum
2425 5315 2695 5387 Aquilam,
2737 5315 3023 5383 parturiat,
3079 5322 3138 5367 ut
3193 5314 3479 5384 impleatur

1916 5408 2059 5480 quod
2083 5408 2287 5463 dictum
2316 5417 2398 5464 est
2426 5422 2521 5480 per
2546 5407 2739 5463 Isaiam
2768 5406 3091 5476 prophetam
3133 5425 3147 5459 :
3176 5403 3305 5471 Quis
3333 5405 3482 5458 audi-
3552 5416 3553 5419 ‘

1918 5502 1988 5556 vit
2034 5501 2185 5563 talia,
2215 5509 2264 5555 et
2304 5500 2420 5573 quis
2459 5499 2587 5557 vidit
2617 5500 2729 5555 sic?
2756 5497 2815 5554 Si
2846 5499 3126 5568 parturivit
3155 5508 3294 5551 terra
3319 5499 3371 5551 in
3401 5498 3485 5553 die

1920 5576 2113 5661 una,et
2141 5602 2267 5649 nata
2294 5602 2370 5650 est
2400 5609 2522 5671 gens
2547 5600 2659 5647 tota
2682 5590 2841 5645 simul
2864 5588 2921 5644 ³7
2946 5587 3080 5645 Nam
3113 5604 3237 5644 cum
3272 5591 3486 5645 vocatio

3080 5837 3155 5896 ls3
