3964 6502
538 312 674 368 1535
1229 313 1490 369 EUSEBII
1526 312 1997 370 CESARIENSIS
2033 310 2183 371 OPP.
2226 311 2403 369 PARS
2440 311 2525 367 Ill.
2553 343 2621 356 —
2659 309 3064 367 EXEGETICA.
3583 319 3690 376 {356

535 408 855 493 gentiumeet
912 424 1003 480 Dei
1055 425 1226 495 gratia
1258 427 1315 481 in
1342 427 1656 483 universum
1690 428 1971 483 hominum
1996 442 2088 483 or—

2130 438 2163 487 A
2192 427 2421 496 ἤκουσε
2438 425 2697 487 τοιαῦτα,
2723 423 2819 478 καὶ
2840 424 2932 490 τις
2955 424 3212 492 ἑώρακεν
3230 425 3442 492 οὕτως;
3486 426 3546 481 El
3561 431 3695 484 ῶδιη

534 517 656 572 bem
677 516 999 572 etinndenda
1022 525 1185 582 esset,
1216 534 1437 574 necesse
1475 535 1701 590 prorsus
1728 532 1844 575 erat
1868 521 2092 575 simula-

2193 517 2267 588 γῆ
2292 519 2362 571 ἐν
2385 516 2493 583 μιᾷ
2520 515 2729 584 ἡμέρᾳ,
2766 514 2862 568 καὶ
2888 514 3095 582 ἐτέχθη
3122 515 3286 581 ἔθνος
3313 518 3555 582 εἰσάπαξ
3575 536 3589 582 ;
3613 520 3698 591 Τῆς

534 622 627 661 cra
680 609 920 677 gentium
968 623 997 661 a
1047 610 1247 662 saeculo
1277 611 1539 675 stabilita,
1579 612 1997 666 commotionem
2039 618 2093 664 et

2193 609 2298 678 γὰρ
2331 608 2579 678 κλήσεως
2619 605 2729 659 τῶν
2759 604 2929 658 ἐθνῶν
2972 606 3063 658 καὶ
3108 605 3210 674 τῆς
3240 606 3333 658 τοῦ
3363 607 3491 660 Θεοῦ
3523 610 3701 679 χάριτος

535 699 946 754 Concussionem
986 700 1121 768 pati,
1153 707 1206 755 et
1232 701 1503 757 daemones
1537 702 1591 756 in
1631 704 1762 772 ipsis
1794 703 2098 757 habitantes

2198 698 2490 771 μελλούσης
2520 696 2732 767 χεῖσθαι
2766 695 2885 750 καθ’
2917 695 3044 766 ὅλης
3072 696 3169 767 τῆς
3192 695 3291 748 ὑπὸ
3324 697 3430 751 τῶν
3454 698 3704 770 ἀνθρώπω

535 789 743 857 fugere,
775 798 835 844 ut
872 791 1104 860 populus
1146 808 1210 848 ex
1252 794 1504 864 gentibus
1553 810 1651 865 per
1692 801 1864 849 totum
1911 794 2097 848 orbem

2196 787 2539 857 οἰκουμένης,
2571 786 2781 858 ἀνάγκη
2810 788 2957 840 πᾶσα
2985 783 3052 858 ἧν
3083 788 3151 840 τὰ
3179 789 3234 854 ἐξ
3268 788 3457 852 αἰῶνος
3494 791 3706 861 ἱδρυμένα

536 876 649 933 Deo
681 888 1020 936 nasceretur.

2199 878 2516 949 σεϐάσματα
2545 877 2652 931 τῶν
2681 876 2849 931 ὲθνῶν
2879 878 3038 932 σάλον
3067 880 3160 931 καὶ
3201 880 3383 933 κλόνον
3418 880 3605 945 παθεῖν,
3637 882 3709 935 καὶ

534 971 657 1035 τοὺς
685 973 741 1024 ἐν
769 972 949 1037 αὐτοῖς
977 973 1232 1045 δαίμονας
1261 979 1470 1045 φυγεῖν,
1513 977 1599 1031 ἵνα
1621 976 1699 1047 τῷ
1724 975 1842 1047 Θεῷ
1858 973 2085 1045 γεννηθῇ
2120 972 2241 1025 καθ’
2279 972 2405 1041 ὅλης
2435 970 2534 1040 τῆς
2568 970 2889 1041 οἰκουμένης
2918 973 2945 1024 ὁ
2978 970 3037 1035 ἐξ
3061 971 3227 1024 ἐθνῶν
3258 971 3405 1034 λαός.

610 1061 777 1119 Vens.
816 1064 912 1118 1-4
937 1066 1032 1137 (Ι).
1071 1065 1383 1132 Nonnobis,
1417 1067 1658 1132 Domine,
1690 1085 1792 1122 non
1815 1066 1983 1130 nobis,
2008 1064 2095 1119 sed

2273 1062 2369 1130 Μὴ
2410 1062 2573 1131 ἡμῖν,
2616 1063 2813 1130 Κύριε,
2844 1062 2929 1131 μὴ
2972 1062 3134 1131 ἡμῖν,
3167 1063 3300 1116 ἀλλ’
3330 1062 3368 1129 ἢ
3397 1062 3474 1127 τῷ
3514 1063 3710 1131 ὀνόματι

536 1155 738 1209 nomini
788 1167 877 1211 tuo
920 1156 990 1211 da
1028 1158 1254 1227 gloriam
1285 1177 1305 1213 :
1334 1175 1486 1224 super
1526 1160 1890 1215 misericordia
1933 1169 2024 1212 tua
2048 1167 2097 1212 et

2203 1168 2319 1208 σου
2341 1153 2445 1219 δὸς
2463 1153 2667 1217 δόξαν·
2699 1153 2795 1206 ἐπὶ
2835 1153 2915 1219 τῷ
2937 1154 3092 1207 ἐλέει
3117 1170 3232 1208 σου
3262 1154 3361 1207 καὶ
3400 1152 3471 1221 τῇ
3510 1155 3713 1221 ἀληθείᾳ

536 1248 755 1301 ueritate
806 1257 919 1310 tua.
968 1250 1238 1319 nequando
1273 1249 1454 1304 dicant
1484 1262 1659 1322 gentes
1686 1269 1703 1306 :
1731 1250 1829 1305 Ubi
1854 1259 1931 1306 est
1960 1248 2101 1303 Deus

2207 1259 2345 1307 σου,
2383 1242 2468 1313 μή
2501 1258 2643 1296 ποτε
2674 1243 2886 1296 εἴπωσι
2932 1241 3003 1295 τὰ
3018 1244 3181 1310 ἔθνη,
3208 1244 3331 1298 Ποῦ
3365 1243 3526 1297 ἐστιν
3546 1247 3574 1295 ό
3604 1245 3714 1309 Θεὸς

536 1355 717 1392 eorum
741 1339 923 1395 ?Deus
947 1350 1121 1394 autem
1145 1351 1320 1395 noster
1346 1343 1400 1395 in
1433 1342 1557 1397 calo
1578 1352 1626 1397 et
1653 1342 1707 1397 in
1732 1352 1891 1405 terra,
1925 1340 2101 1395 omnia

2198 1336 2426 1399 αὐτῶν;
2464 1335 2526 1387 '0
2557 1333 2625 1387 δὲ
2648 1334 2790 1400 Θεὸς
2816 1335 2982 1403 ἡμῶν
3000 1335 3068 1388 ὲν
3090 1333 3169 1399 τῷ
3197 1334 3429 1403 οὐρανῷ
3456 1335 3544 1388 καὶ
3582 1335 3640 1389 ἐν
3658 1334 3713 1403 τῇ

537 1446 855 1499 quacunque
886 1431 1047 1485 voluit
1078 1432 1219 1501 fecit.
1243 1430 1547 1490 Simulacra
1581 1435 1807 1504 gentium
1834 1443 2102 1503 argentum

2199 1428 2301 1499 τῇ,
2353 1430 2549 1483 πάντα
2594 1427 2709 1483 ὅσα
2748 1427 3049 1496 ’ἠθέλησεν
3103 1429 3371 1496 ἐποίησε.
3428 1430 3499 1481 Τὰ
3541 1429 3714 1481 sidona

538 1530 589 1576 et
623 1538 833 1587 aurum,
869 1538 1025 1592 opera
1054 1541 1304 1577 manuum
1338 1524 1624 1579 hominum.
1661 1523 1761 1579 Hic
1792 1524 1925 1579 mihi
1953 1523 2103 1579 vide-

2198 1521 2317 1574 τῶν
2334 1520 2521 1577 ἐθνῶν
2538 1521 2819 1590 ἀργύριον
2834 1522 2931 1574 καὶ
2956 1522 3231 1588 χρυσίον,
3250 1522 3395 1590 ἔργα
3414 1521 3533 1574 τῶν
3549 1520 3718 1590 χειρῶν

539 1619 631 1664 tur
667 1611 902 1682 Spiritus
949 1621 1172 1670 sanctus
1221 1615 1404 1685 populi
1438 1631 1506 1671 ex
1553 1614 1971 1671 circumcisione
2013 1614 2104 1667 ab-

2154 1653 2175 1705 )
2204 1611 2542 1679 ἀνθρώπων.
2591 1611 2854 1665 Ἐνταῦθά
2885 1630 2973 1683 μοι
3003 1612 3149 1665 δοκεῖ
3179 1611 3239 1664 τὸ
3262 1611 3490 1682 Πνεῦμα
3519 1612 3572 1663 τὸ
3602 1613 3719 1679 ἅγιον

536 1702 832 1772 jectionem
859 1706 1227 1773 subindicare,
1262 1716 1423 1779 atque
1457 1708 1729 1763 orationes
1764 1706 1898 1778 ipsis
1932 1705 2101 1761 trade-

2152 1702 2169 1705 ᾖ
2203 1704 2526 1758 αἰνίττεσθαι
2569 1704 2664 1758 τοῦ
2717 1706 2780 1757 ὲκ
2827 1705 3126 1775 περιτομῆς
3175 1704 3302 1756 λαοῦ
3340 1703 3438 1774 τὴν
3480 1704 3717 1776 ἀποϐολὴν,

541 1810 603 1849 re
633 1795 700 1849 ad
734 1796 1124 1861 conﬁtendum,
1162 1800 1385 1869 bamque
1414 1802 1577 1855 verba
1606 1816 1670 1855 ex
1707 1801 1946 1870 ipsorum
1981 1813 2105 1869 per-

2204 1797 2365 1868 εὐχήν
2404 1813 2463 1849 τε
2510 1796 2692 1859 αὐτοῖς
2737 1796 3082 1866 παραδιδόναι
3124 1798 3201 1860 εἰς
3248 1796 3634 1866 ἐξομολόγησιν,
3676 1800 3722 1850 ὲκ

544 1901 679 1941 sona
713 1886 992 1957 proferre;
1019 1891 1173 1960 queis
1217 1891 1457 1946 declarat
1504 1893 1652 1963 ipsos
1693 1892 1947 1947 virtutem
2000 1889 2107 1946 sibi

2204 1887 2491 1960 προσώπου
2518 1906 2578 1941 τε
2608 1887 2785 1941 αὐτῶν
2810 1887 2880 1941 τὰ
2894 1888 3136 1958 παρόντα
3170 1888 3499 1955 φάσκειν,δι’
3523 1881 3588 1939 ὧν
3613 1906 3720 1959 παρ-

543 1978 967 2049 prospicientem
1016 1998 1125 2036 non
1158 1982 1388 2039 ulterius
1434 1984 1635 2039 habere
1667 1984 1899 2054 :bisque
1948 1983 2106 2037 insti-

2208 1980 2444 2035 ιστανται
2465 1979 2657 2051 μηκέτι
2673 1979 2883 2050 ἔχοντες
2904 1979 2997 2050 τὴν
3018 1980 3421 2034 ἐπισκοποῦσαν
3436 1980 3599 2042 αὐτοῖς
3614 1979 3723 2032 θείαν

546 2079 774 2125 tuuntur
819 2071 893 2126 ad
941 2073 1339 2129 obsecrantium
1373 2083 1427 2130 et
1457 2074 1745 2130 dicendum
1789 2093 1801 2129 :
1835 2073 1947 2129 Nos
1979 2074 2103 2145 qui-

2204 2073 2462 2143 δύναμιν·
2498 2072 2565 2125 δι’
2590 2064 2664 2124 ὧν
2702 2070 3042 2125 διδάσκονται
3077 2070 3289 2123 δέεσθαι
3323 2071 3419 2124 καὶ
3445 2071 3724 2142 παρακαλεῖν

546 2160 670 2215 dem
720 2162 930 2233 indigni
983 2180 1175 2221 sumus
1214 2166 1407 2236 gratia,
1436 2182 1541 2236 qua
1592 2167 1869 2221 donantur
1918 2180 2107 2221 omnes

2205 2162 2294 2215 διὰ
2314 2162 2406 2215 τοῦ
2437 2160 2647 2229 λέγειν’
2689 2161 2879 2230 Ἡμεῖς
2914 2162 3011 2230 μὲν
3039 2160 3244 2224 ἀνάξιοι
3290 2162 3392 2231 τῆς
3441 2163 3654 2233 χάριτος,
3676 2157 3722 2230 ἧς

546 2263 735 2325 gentes
774 2274 785 2309 :
824 2263 879 2309 at
907 2271 975 2311 ne
1004 2257 1163 2312 nobis
1199 2257 1314 2312 haec
1341 2256 1530 2323 facias,
1561 2257 1823 2327 Domine;
1855 2258 1949 2313 sed
1978 2274 2107 2329 pro-

2208 2253 2567 2324 κατηξίωνται
2596 2252 2775 2306 πάντα
2807 2252 2876 2305 τὰ
2903 2252 3025 2323 ἔθνη
3048 2269 3062 2284 ’
3098 2252 3228 2306 ἀλλὰ
3259 2253 3335 2323 μὴ
3360 2255 3492 2323 ἡμῖν
3520 2255 3708 2324 ποιήσῃς

548 2357 671 2417 pter
699 2362 895 2402 nomen
929 2355 1083 2402 tuum
1118 2350 1263 2419 quod
1284 2349 1352 2404 ab
1382 2349 1539 2404 initio
1568 2351 1877 2406 invocatum
1911 2359 1994 2406 est
2017 2368 2111 2408 su-

2208 2346 2481 2399 Δέσποτα·
2518 2345 2653 2399 ἀλλὰ
2682 2345 2843 2399 διὰτὸ
2872 2345 3039 2416 ὄνομά
3073 2363 3162 2397 σου
3187 2346 3245 2398 τὸ
3266 2345 3322 2410 ἐξ
3352 2346 3520 2415 ἀρχῆς
3545 2345 3718 2413 ἐπικλη·

548 2452 645 2506 per
672 2452 809 2502 nos,
840 2452 1015 2508 neque
1038 2454 1101 2494 ex
1129 2439 1357 2509 justitiis
1387 2440 1615 2508 nostris,
1648 2439 1743 2496 sed
1792 2456 1857 2495 cx
1900 2442 2111 2497 miseri-

2210 2438 2299 2491 θὲν
2328 2438 2411 2507 ἐφ’
2444 2438 2611 2508 ἡμᾶς,
2640 2438 2733 2489 καὶ
2761 2437 2835 2508 μὴ
2863 2439 2981 2500 ταῖς
3022 2437 3178 2508 ἡμῶν
3205 2436 3586 2502 δικαιοσύναις,
3628 2436 3725 2490 ἀλλά

551 2526 738 2581 cordia
760 2535 813 2581 et
842 2527 1067 2582 veritate
1090 2535 1181 2581 tua
1212 2528 1265 2582 id
1299 2529 1589 2583 concedas.
1632 2528 1764 2582 Nam
1803 2529 1849 2585 si
1880 2545 1988 2584 non
2016 2530 2115 2584 mi-

2210 2529 2286 2599 τῷ
2326 2528 2402 2599 σῷ
2436 2529 2573 2581 ὲλέει
2605 2530 2824 2599 χάρισαι
2860 2530 2952 2582 καὶ
2978 2532 3040 2600 τῇ
3067 2533 3129 2599 σῇ
3163 2529 3415 2602 ἀληθείᾳ.
3450 2530 3511 2582 El
3548 2528 3639 2599 γὰρ
3667 2530 3720 2598 μὴ

553 2618 809 2683 serearis,
840 2625 1028 2690 gentes
1057 2618 1240 2674 dicent
1279 2638 1293 2676 :
1340 2618 1440 2672 Ubi
1471 2631 1547 2673 est
1604 2619 1746 2674 Deus
1775 2624 2002 2676 eorum?
2036 2619 2113 2675 Ne

2212 2620 2509 2689 ὲλεήσειας,
2544 2618 2725 2689 ἐροῦσι
2757 2617 2825 2671 τὰ
2863 2618 2988 2690 ἔθνη
3015 2637 3028 2649 ·
3076 2620 3199 2673 Ποῦ
3234 2621 3409 2673 ἐστιν
3440 2623 3471 2673 ὀ
3503 2619 3628 2683 Θεὸς
3649 2620 3725 2669 αὺ-

550 2726 683 2766 vero
704 2727 941 2783 unquam
964 2712 1069 2768 hoc
1093 2712 1297 2767 dictum
1326 2711 1625 2783 proferant,
1652 2712 1891 2767 concede
1923 2728 1985 2767 ac
2012 2713 2112 2766 tri-

2215 2711 2366 2775 τῶν;
2406 2712 2543 2764 Ἀλλ’
2578 2711 2666 2766 ἵνα
2692 2712 2764 2783 μή
2801 2728 2929 2764 ποτε
2974 2711 3162 2765 τοῦτον
3216 2714 3413 2765 εἴπωσι
3462 2712 3545 2764 τὸν
3594 2710 3725 2778 λόγον,

559 2804 664 2858 bue
694 2803 852 2861 nobis
880 2804 1313 2859 misericordiam
1350 2813 1521 2860 tuam.
1559 2804 1784 2859 Etiamsi
1821 2808 1965 2859 enim
2014 2819 2115 2858 nos

2214 2802 2433 2871 χάρισαι
2478 2803 2609 2872 ἡμῖν
2649 2801 2744 2854 καὶ
2785 2800 3026 2872 δώρησαι
3070 2800 3217 2865 ἔλεός
3256 2819 3376 2854 σου.
3409 2801 3520 2853 Κᾶν
3554 2800 3645 2870 γὰρ
3675 2798 3726 2867 μὴ

555 2893 822 2964 inspectio
855 2878 943 2949 tua
966 2909 1076 2949 non
1108 2896 1341 2965 amplius
1370 2896 1656 2965 gubernet,
1680 2895 1774 2951 sed
1796 2909 2115 2967 persuasum

2216 2893 2362 2961 ἡμᾶς
2396 2893 2589 2963 μηκέτι
2625 2894 2656 2963 ἡ
2708 2892 2773 2963 σὴ
2816 2893 3088 2964 ὲπισκοπὴ
3124 2893 3485 2965 διακυϐερνᾷ,
3520 2891 3635 2945 ἀλλὰ
3659 2907 3727 2942 πε-

555 2979 818 3035 babemus
843 2986 899 3035 te
928 2996 1049 3037 esse
1079 2982 1132 3035 in
1170 2983 1331 3050 coelo,
1356 2990 1410 3037 et
1437 2997 1501 3038 ea
1528 2981 1706 3039 facere
1738 3000 1858 3055 qua:
1893 2985 2043 3040 velis.

2173 2994 2183 3048 ζ
2218 2983 2490 3053 πείσμεθά
2519 3000 2575 3035 σε
2611 2980 2748 3037 εἶναι
2784 2983 2842 3035 ὲν
2884 2984 2962 3055 τῷ
2993 2984 3224 3057 οὐρανῷ,
3247 2985 3345 3038 καὶ
3395 2984 3554 3038 ταῦτα
3598 2985 3727 3035 ποιεῖν

2224 3076 2362 3146 ἆπερ
2394 3074 2716 3146 ἠϐουλήθης.

626 3153 789 3210 Vens.
815 3155 971 3209 5-18.
1004 3154 1126 3210 Non
1161 3156 1331 3223 nobis,
1381 3156 1627 3221 Domine,
1672 3173 1775 3211 non
1822 3158 1992 3223 nobis,
2025 3160 2113 3213 sed

2293 3167 2388 3234 Μὴ
2424 3166 2586 3235 ἡμῖν,
2634 3168 2825 3235 Κύριε,
2852 3166 2937 3236 μὴ
2996 3150 3157 3236 ἠμῗν,
3190 3168 3328 3222 ἀλλ’
3364 3168 3402 3236 ἢ
3430 3166 3508 3232 τῷ
3534 3166 3726 3233 ὀνόματι

550 3248 755 3321 nomini
788 3257 874 3300 tuo
907 3247 977 3301 da
1010 3247 1235 3317 gloriam
1264 3264 1283 3302 :
1319 3264 1473 3317 super
1516 3248 1878 3303 misericordia
1929 3260 2018 3303 tua
2065 3262 2113 3304 et

2222 3272 2336 3310 σου
2360 3255 2464 3321 δὸς
2493 3246 2679 3320 δόξαν
2698 3274 2711 3284 ·
2739 3255 2837 3308 ἐπὶ
2860 3255 2942 3321 τῷ
2962 3256 3115 3310 ἐλέει
3158 3272 3273 3310 σου
3305 3257 3411 3309 καὶ
3443 3255 3513 3323 τῇ
3535 3255 3727 3322 ἀληθείᾳ

557 3339 772 3391 ueritate
812 3348 921 3401 tua,
964 3339 1237 3407 nequando
1292 3338 1473 3394 dicant
1499 3350 1670 3411 gentes
1699 3354 1717 3392 :
1750 3337 1849 3392 Ubi
1875 3349 1950 3394 est
1977 3340 2115 3396 Deus

2223 3363 2359 3409 σου,
2383 3345 2467 3415 μή
2498 3364 2639 3400 ποτε
2665 3346 2877 3399 εἴπωσι
2918 3346 2988 3400 τὰ
3018 3346 3180 3415 ἔθνη·
3221 3347 3344 3400 Ποῦ
3386 3348 3548 3399 ἐστιν
3569 3348 3597 3399 δ
3626 3345 3726 3404 Θεύς

554 3432 779 3484 eorum?
810 3428 951 3483 Deus
988 3439 1162 3483 autem
1195 3439 1370 3484 noster
1399 3432 1454 3485 in
1488 3432 1612 3485 calo
1646 3441 1697 3485 et
1726 3431 1779 3485 in
1812 3439 1972 3496 terra,
2004 3449 2116 3486 om-

2222 3437 2419 3493 αὑτῶν
2440 3454 2458 3503 ;
2502 3440 2563 3492 '0
2587 3438 2653 3491 δὲ
2679 3437 2822 3504 Θεὸς
2845 3437 3013 3507 ἡμῶν
3037 3437 3106 3490 ἐν
3125 3437 3203 3503 τῷ
3233 3437 3471 3506 οἱφανῷ
3490 3436 3577 3489 καὶ
3601 3436 3656 3488 ἐν
3677 3429 3726 3497 τῇ

557 3523 649 3575 nia
668 3537 983 3591 quascunque
1014 3522 1174 3576 voluit
1221 3522 1365 3591 fecit.
1415 3521 1713 3578 Simulacra
1754 3524 1985 3593 gentium
2023 3540 2114 3576 ar-

2223 3529 2321 3601 γῇ,
2366 3531 2560 3587 πάντα
2610 3532 2725 3585 ὅσα
2769 3529 3072 3598 ἠθέλησεν
3106 3529 3418 3597 ἐποίησεν.
3469 3531 3539 3584 Τὰ
3566 3526 3728 3581 albata

554 3622 766 3679 gentum
792 3622 839 3665 et
869 3628 1077 3673 aurum,
1119 3630 1277 3683 opera
1312 3630 1560 3667 manuum
1606 3614 1910 3678 hominum;
1933 3631 1989 3668 os
2024 3615 2119 3667 ha—

2222 3623 2341 3678 τῶν
2373 3624 2563 3679 ἐθνῶν
2605 3624 2884 3694 ἀργύριον
2930 3623 3027 3679 καὶ
3066 3624 3344 3692 χρυσίον,
3390 3624 3527 3691 ἔργα
3570 3615 3730 3690 χειρῶν

560 3707 697 3769 bent,
731 3714 781 3759 et
825 3722 927 3758 non
972 3706 1277 3774 loquentur;
1311 3706 1487 3760 oculos
1520 3706 1729 3769 habent,
1769 3716 1817 3760 et
1849 3723 1952 3760 non
1981 3707 2120 3760 vide-

2224 3713 2565 3783 ἀνθρώπωνο
2605 3718 2799 3783 στόμα
2856 3714 3065 3783 ἔχουσι
3108 3715 3205 3766 καὶ
3260 3716 3333 3766 οὐ
3384 3712 3727 3777 λαλήσουσιν,

558 3795 718 3859 bunt;
750 3812 902 3849 aures
931 3795 1144 3861 habent,
1177 3806 1228 3851 et
1247 3814 1352 3852 non
1380 3798 1622 3862 audient;
1653 3815 1804 3852 nares
1834 3798 2043 3865 habent,
2067 3809 2117 3854 et

2171 3822 2178 3830 ·
2226 3804 2566 3873 ὀφθαλμοὺς
2590 3804 2800 3873 ἔχουσι
2829 3805 2926 3858 καὶ
2954 3805 3063 3857 οὐκ
3092 3803 3376 3871 ὄψονται·
3411 3802 3526 3856 ὦτα
3550 3801 3728 3870 ἔχουσι.

558 3899 662 3935 non
703 3882 1033 3947 odorabuut';
1082 3901 1269 3939 manus
1299 3885 1511 3948 habent,
1568 3896 1617 3940 et
1662 3905 1764 3941 non
1797 3889 2117 3958 palpabunt;

2225 3893 2323 3947 καὶ
2383 3895 2495 3947 οὐκ
2561 3893 2953 3961 ἀκούσονται,
3008 3892 3184 3962 ῥῖνας
3244 3894 3460 3962 ἔχουσι
3516 3890 3602 3943 καὶ
3651 3888 3726 3940 οὐκ

556 3971 707 4035 pedes
733 3971 944 4031 habent.
970 3983 1143 4025 et-non
1174 3972 1550 4038 ambulabunt;
1575 3991 1676 4027 non
1697 3975 2120 4044 vociferabantur

2226 3984 2749 4055 ὀσφραγθήσονται
2768 4000 2782 4015 ο
2815 3984 3015 4055 χεῖρας
3039 3984 3246 4052 ἔχουσι
3279 3983 3381 4035 καὶ
3417 3984 3484 4036 οὐ
3516 3976 3730 4049 ψηλαφή-

557 4065 611 4115 in
639 4071 849 4132 gutture
872 4079 988 4117 suo.
1021 4063 1233 4118 Similes
1269 4064 1377 4118 illis
1409 4065 1540 4134 [iant
1586 4067 1674 4135 qui
1709 4066 1912 4135 faciunt
1951 4084 2033 4130 ea,
2071 4076 2119 4119 et

2225 4091 2430 4142 σουσι,
2456 4074 2644 4140 πόδας
2676 4074 2889 4144 ἔχουσι
2925 4075 3023 4128 καὶ
3053 4076 3124 4128 οὐ
3159 4074 3660 4141 περιπατήσουσιν,
3679 4067 3728 4118 οὐ

557 4170 734 4207 omnes
765 4154 855 4222 qui
882 4154 1150 4222 confidunt
1182 4160 1233 4207 in
1262 4157 1357 4210 eis.
1381 4155 1581 4211 Domus
1614 4157 1788 4212 Israel
1818 4160 2042 4227 speravit
2068 4160 2122 4212 in

2226 4166 2615 4235 φωνήσουσιν
2659 4166 2729 4219 ὲν
2758 4165 2838 4231 τῷ
2868 4165 3118 4235 λάρυγγι
3176 4163 3396 4218 αὐτῶν.
3434 4166 3623 4231 Ὅμοιοι
3657 4158 3728 4209 αὐ-

560 4245 806 4308 Domino,
841 4244 1054 4313 adjutor
1082 4262 1261 4299 eorum
1302 4256 1350 4300 et
1383 4256 1644 4315 protector
1672 4265 1850 4302 eorum
1882 4260 1978 4304 est.
2011 4249 2120 4304 Do—

2226 4257 2351 4323 τοῒς
2375 4255 2643 4327 γένοιντο
2683 4258 2737 4309 ol
2781 4256 3092 4322 ποιοῦντες
3117 4256 3287 4320 αὐτὰ,
3321 4256 3423 4309 καὶ
3469 4254 3657 4313 πάντες
3691 4246 3727 4299 al

559 4354 676 4390 mus
713 4337 892 4391 Aaron
934 4340 1159 4408 speravit
1212 4341 1266 4392 in
1315 4339 1561 4404 Domino,
1603 4341 1816 4410 adjutor
1856 4358 2034 4396 eorum
2073 4353 2121 4397 et

2163 4353 2196 4406 D
2225 4349 2570 4412 πεποιθότες
2618 4346 2709 4399 ἐπ’
2764 4346 2988 4412 αὐτοῖς.
3041 4343 3215 4412 Οἶκος
3248 4345 3485 4414 Ἰσραὴλ
3528 4345 3728 4410 ἤλπισεν

557 4439 819 4497 protector
846 4446 1024 4484 eorum
1067 4440 1165 4485 est.
1207 4430 1312 4498 Qui
1354 4433 1536 4486 timent
1568 4431 1847 4486 Dominum
1886 4449 2120 4502 sperave-

2229 4436 2327 4490 ἐπὶ
2374 4438 2612 4505 Κύριον,
2662 4436 2892 4505 ,βοηθὸς
2950 4437 3046 4490 καὶ
3100 4434 3550 4504 ὑπερασπιστὴς
3585 4426 3728 4484 αὐτῶν

557 4530 683 4573 runt
720 4522 774 4574 in
811 4520 1059 4591 Domino,
1096 4522 1311 4591 adjutor
1340 4540 1517 4577 eorum
1565 4533 1613 4578 et
1656 4534 2122 4593 protectoreorum

2236 4528 2428 4582 ἐστιν.
2463 4526 2636 4595 Οἶκος
2656 4529 2871 4596 Ἀαρὼν
2894 4530 3154 4597 ἤλπισεν
3183 4529 3282 4582 ἐπὶ
3307 4530 3538 4597 Κύριον,
3556 4519 3728 4589 βοηθὸς

556 4621 658 4666 est.
706 4611 963 4667 Dominus
1011 4630 1209 4669 memor
1244 4616 1414 4669 nostri
1460 4614 1719 4669 benedixit
1757 4618 1925 4673 nobis.
1965 4619 2121 4673 Bene-

2231 4620 2329 4672 καὶ
2360 4622 2817 4690 ὑπερασπιστὴς
2866 4620 3063 4676 αὐτῶν
3106 4622 3295 4675 ἐστιν.
3349 4626 3414 4676 Ol
3444 4619 3728 4691 φοϐούμενοι

558 4702 697 4756 dixit
727 4703 907 4758 domui
953 4703 1146 4772 Israel,
1176 4706 1437 4760 benedixit
1489 4706 1669 4761 domui
1714 4709 1896 4764 Aaron
1927 4727 1943 4765 :
1972 4711 2123 4767 bene-

2231 4717 2337 4770 τὸν
2355 4718 2572 4786 Κύριον
2582 4716 2851 4785 ἤλπισαν
2863 4715 2962 4769 ἐπὶ
2991 4717 3228 4783 Κύριον,
3252 4715 3473 4783 ,ϐοηθὸς
3498 4710 3583 4765 καὶ
3602 4712 3728 4772 ὑπερ-

554 4795 696 4848 ‘dixit
736 4797 800 4848 iis
853 4798 942 4866 qui
997 4797 1181 4850 timent
1227 4797 1540 4862 Dominum,
1588 4800 1797 4867 pusillis
1852 4819 1969 4855 cum
2012 4820 2119 4857 ma-

2230 4806 2535 4875 ασπιστὴς
2576 4807 2772 4862 αὐτῶν
2815 4808 3005 4862 ἐστιν.
3046 4808 3260 4875 Κύριος
3310 4804 3582 4877 μνησθεὶς
3607 4795 3728 4867 ἡμῶν

562 4885 783 4947 ioribus.
844 4887 1078 4956 Adjiciat
1120 4888 1373 4943 Dominus
1412 4906 1565 4958 super
1606 4908 1713 4957 vos,
1754 4907 1908 4959 super
1948 4911 2035 4949 vos
2074 4906 2126 4950 et

2231 4900 2567 4968 εὐλόγησεν
2608 4898 2784 4968 ἡμᾶς.
2833 4898 3148 4968 Epid-mae
3191 4899 3299 4952 τὸν
3344 4899 3506 4952 οἶκον
3529 4887 3726 4959 Ἰσραὴλν

562 4992 718 5045 super
772 4977 912 5046 ﬁlios
975 4988 1191 5034 vestros.
1232 4980 1501 5035 Benedicti
1555 4998 1640 5035 vos
1675 4999 1707 5035 a
1745 4981 1991 5049 Domino,
2037 4987 2127 5056 qui

2231 4994 2528 5063 εὑλόγησε
2553 4994 2658 5047 τὸν
2690 4990 2860 5048 οἶκον
2889 4993 3130 5061 Ἀαρών·
3174 4996 3468 5063 εὐλόγησε
3500 4988 3619 5051 τοὺς
3651 4998 3728 5051 9⁰⁴

562 5068 686 5136 fecit
724 5069 908 5123 caelum
936 5080 984 5123 et
1023 5080 1236 5127 terram.
1277 5072 1475 5127 Cazlum
1508 5075 1623 5127 cceli
1652 5072 1898 5140 Domino,
1933 5085 2126 5131 terram

2235 5085 2559 5155 ὅουμένους
2591 5087 2696 5141 τὸν
2746 5089 2985 5157 Κύριον,
3035 5087 3178 5153 τοὺς
3211 5086 3456 5156 μικροὺς
3493 5080 3619 5154 μετὰ
3644 5072 3728 5127 τῶν

564 5173 736 5218 autem
776 5162 916 5216 dedit
951 5164 1077 5233 ﬁliis
1112 5165 1400 5221 hominum.
1448 5165 1569 5221 Non
1609 5169 1803 5221 mortui
1838 5169 2126 5225 laudabunt

2228 5175 2523 5246 μεγάλων.
2568 5178 2857 5246 Προσθείη
2914 5179 3125 5245 Κύριος
3166 5178 3257 5247 ἐφ’
3294 5176 3462 5247 ὑμᾶς,
3508 5174 3589 5242 ἐφ’
3616 5162 3728 5236 ὑμᾶς

567 5264 636 5318 te,
665 5255 902 5319 Domine,
930 5274 1089 5328 neque
1114 5276 1289 5313 omnes
1312 5260 1402 5329 qui
1424 5257 1739 5313 descendunt
1761 5261 1815 5313 in
1840 5262 2125 5331 infernum.

2235 5266 2333 5319 και
2378 5266 2473 5321 ἐπὶ
2511 5267 2649 5334 τοὺς
2678 5268 2845 5336 υιοὺς
2864 5269 3050 5339 ὑμῶν.
3082 5269 3478 5339 Εὐλογημένοι
3506 5261 3643 5333 ὑμεῖς
3674 5252 3727 5316 τῷ

566 5348 671 5403 Sed
710 5368 802 5404 nos
835 5352 924 5421 qui
960 5352 1177 5407 vivimus
1228 5350 1581 5405 benedicemus
1631 5350 1879 5417 Domino,
1922 5370 1986 5407 ea:
2036 5356 2129 5410 hoc

2235 5359 2446 5426 Κιρίῳ,
2480 5359 2559 5424 τῷ
2589 5359 2909 5427 ποιήσαντι
2942 5363 3049 5417 τὸν
3081 5363 3340 5432 οὐρανὸν
3375 5359 3466 5415 καὶ
3498 5357 3595 5425 τὴν
3624 5348 3721 5422 τῆνα

565 5459 704 5495 nunc
736 5453 783 5496 et
816 5459 976 5513 usque
1006 5445 1061 5497 in
1089 5444 1363 5498 siccatum.
1412 5441 1479 5495 Hi
1521 5444 1771 5498 versiculi
1814 5447 1865 5499 in
1898 5448 2128 5516 quibus-

2247 5449 2309 5501 '0
2338 5450 2595 5518 οὐρανὸς
2626 5456 2731 5507 τοῦ
2772 5454 3031 5522 οὐρανοῦ
3074 5453 3156 5521 τῷ
3187 5457 3399 5524 Κυρίῳ,
3430 5451 3532 5520 τὴν
3554 5448 3609 5501 δὲ
3643 5439 3723 5511 τῆν

567 5537 692 5587 dam
732 5534 1132 5606 exemplaribus
1162 5550 1192 5588 a
1213 5534 1422 5605 psalmo
1452 5548 1586 5587 cxm
1617 5534 1855 5589 distincti
1882 5552 1944 5591 ac
1973 5553 2130 5607 sepa-

2235 5539 2419 5595 ἐδωκε
2463 5542 2586 5609 τοῖς
2622 5544 2773 5611 υἱοῖς
2804 5543 2923 5600 τῶν
2955 5545 3298 5615 ἀνθρώπων.
3334 5547 3449 5614 Οὐχ
3493 5545 3539 5595 οι
3578 5528 3722 5601 νειροι

564 5628 669 5681 rati
699 5639 858 5694 sunt;
887 5629 960 5683 ita
991 5634 1049 5681 ut
1066 5628 1179 5682 haec
1204 5643 1329 5682 cxtv
1360 5628 1623 5690 psalmum
1647 5628 2000 5683 constituant.
2037 5630 2126 5696 At,

2237 5631 2553 5688 αινέσουσι
2608 5646 2700 5703 σε,
2750 5638 2945 5707 Κύριε,
2983 5637 3126 5694 οὐδὲ
3163 5638 3381 5705 πάντες
3429 5638 3479 5690 ol
3512 5620 3722 5687 καταϐαί-

638 5720 716 5790 tl)
752 5718 896 5774 Psal.
940 5735 1084 5786 cxw,
1128 5719 1285 5791 juxta
1328 5717 1601 5776 Hebraeos.
1636 5718 1751 5777 Vid.
1794 5718 1936 5773 infra
1985 5723 2126 5792 apud
2170 5722 2370 5782 Euseb.
2402 5723 2559 5781 Enn.
2964 5728 2975 5737 ‘
