3964 6530
198 314 351 369 1357

1310 304 1808 363 COMMENTARIA
1844 303 1909 357 IN
1950 300 2281 356 PSALMOS.

3322 295 3457 351 1558

195 454 431 504 νον-τες
457 440 543 503 εὶς
591 436 757 505 ᾅδου.
796 436 945 491 Ἀλλ’
978 434 1150 504 ἡμεῖς
1192 434 1248 487 οὶ
1282 431 1492 498 ζῶντες
1539 428 1791 499 εὐλογή-

1895 442 2016 481 cum
2047 426 2293 495 inspecto
2320 424 2669 480 Hebraeorum
2708 424 2868 489 libro,
2902 437 3091 477 eorum
3119 420 3383 475 dictiones
3406 428 3460 475 et

195 541 415 595 σομεν
438 525 544 579 τὸν
569 526 789 594 Κύριον
817 524 934 579 ἀπὸ
973 523 1079 578 τοῦ
1115 523 1231 578 νῦν
1251 522 1349 577 καὶ
1379 523 1491 587 ἓως
1515 521 1621 575 τοῦ
1659 518 1793 573 alo")—

197 632 339 681 νος.
381 615 700 669 Διέσταλται
733 617 827 669 καὶ
877 614 1018 677 ίδίως
1059 612 1361 683 ἀφώρισται
1389 610 1482 664 τοῦ
1529 617 1627 682 ριγ¹
1660 609 1794 679 ψαλ-

202 706 317 777 μοῦ
354 706 419 761 ἓν
451 725 558 760 τισι
599 706 706 760 τῶν
759 707 1107 780 ἀντιγράφων
1150 706 1219 759 τὰ
1266 705 1619 777 προκείμενα,
1655 702 1795 755 ὥστε

199 794 353 854 εἶναι
390 800 488 870 ριδ⁹
511 799 721 870 ψαλμὸν
740 800 831 853 τὸν
862 799 1000 870 μετὰ
1029 802 1233 870 χεῖρας.
1282 796 1494 867 Ἐπειδὴ
1523 796 1599 859 δὲ,
1629 793 1794 862 ἐγκύ-

196 891 318 960 ψας
353 894 497 963 αὐτῇ
530 896 597 964 τῇ
639 893 904 963 Ἐϐραίων
944 892 1128 962 βίϐλῳ,
1157 891 1281 954 τοὺς
1313 890 1489 943 αὐτῶν
1522 888 1797 960 χαρακτῆ-

200 1004 311 1057 ρας
357 986 741 1056 συνημμένους
784 978 941 1056 εὖρον
988 985 1079 1037 καὶ⁸
1123 982 1221 1046 τὰς
1257 982 1469 1046 ’λέξεις,
1522 982 1795 1049 ἐπέστησα

198 1076 400 1140 καλῶς
431 1076 792 1147 ἀκολουθῆσαι
840 1078 903 1146 τῇ
944 1074 1205 1145 Ἐϐραίων
1240 1072 1425 1143 βίϐλῳ,
1456 1070 1687 1140 συνάψαι
1734 1086 1795 1121 τε

196 1172 322 1232 τοῖς
355 1170 645 1239 προτέροις
672 1168 738 1221 τὰ
764 1167 1119 1239 προκείμενα,
1155 1164 1295 1218 ὥστε
1326 1160 1464 1217 εἶναι
1512 1160 1796 1235 μέρος-,αὐ-

196 1261 271 1314 τὰ
304 1261 412 1313 τοῦ
457 1268 559 1332 ριγ’
588 1259 781 1331 ὕμνου.
813 1262 971 1314 Δοκεῖ
1011 1254 1103 1313 οὖν
1149 1257 1219 1311 τὰ
1268 1256 1604 1329 προκείμενα
1633 1255 1798 1325 ἀνηρ-

195 1355 415 1425 τῆσθαι
434 1354 541 1407 τῶν
572 1354 850 1425 προτέρων
871 1372 882 1383 ·
914 1352 1253 1407 παιδεύονται
1287 1352 1393 1422 γὰρ
1426 1351 1474 1403 οἱ
1503 1348 1688 1411 παῖδες
1716 1342 1797 1409 οἷς

197 1447 471 1515 ὲλέγετοο
507 1446 754 1512 Αἰνεῖτε,
789 1444 1020 1510 παῖδες,
1054 1445 1295 1513 Κύριον,
1322 1443 1599 1496 τουτέστιν
1627 1444 1655 1495 ὁ
1680 1442 1799 1505 νέος

196 1539 357 1603 λαός,
408 1541 560 1591 ποῖον
590 1538 791 1609 Κύριον
821 1539 1082 1608 προσήκει
1112 1537 1280 1589 αἰνεῖν
1302 1551 1319 1567 ο
1366 1534 1521 1606 δῆλον
1553 1534 1609 1587 δὲ
1639 1533 1798 1586 αὑτὸν

196 1633 426 1685 ἐκεῖνον
448 1632 539 1685 τὸν
572 1634 627 1684 ὲν
656 1635 720 1702 τῇ
750 1632 913 1701 ἐξόδῳ
948 1629 1163 1700 Ἰσραὴλ
1212 1631 1277 1699 τῇ
1321 1625 1379 1692 ἐξ
1412 1626 1687 1696 Αἰγύπτου
1730 1624 1799 1679 τὰ

193 1719 456 1775 τοσαῦτα
519 1722 796 1792 θαυμάσια
852 1719 1310 1790 διαπραξάμενον.
1390 1718 1646 1780 Ἐκείνοις
1706 1713 1798 1770 οὖν

1892 521 2236 576 characteres
2261 519 2583 588 conjunctos
2610 534 2732 574 esse
2756 516 3074 587 repererim,
3108 513 3458 568 Hebraeorum

1890 614 2091 668 librum
2134 611 2467 682 sequendum
2511 626 2654 675 esse,
2695 619 2856 678 atque
2886 607 3159 678 prioribus
3183 605 3299 660 haec
3327 621 3460 659 con-

1888 703 2165 775 iungenda
2195 718 2316 759 esse
2342 702 2627 766 aestimavi,
2657 701 2729 755 ita
2762 710 2823 753 ut
2848 700 2961 754 haec
2984 713 3112 768 pars
3141 698 3250 753 sint
3278 708 3462 753 cente—

1892 799 2013 853 simi
2040 797 2234 852 decimi
2262 795 2405 851 tertii
2425 795 2626 865 hymni.
2650 793 2913 849 Videntur
2929 792 3111 861 itaque
3127 792 3241 846 haec
3259 808 3461 861 praece-

1892 889 2147 944 dentibus
2181 886 2473 941 cohaerere.
2516 882 2650 937 Nam
2692 882 2845 953 pueri
2882 881 2981 946 illi,
3022 880 3221 950 quibus
3252 880 3457 933 dictum

1892 990 1996 1046 est,
2029 979 2287 1047 Laudato,
2321 979 2490 1047 pueri,
2526 976 2833 1039 Dominum,
2867 975 2922 1029 id
2952 982 3057 1040 est,
3091 987 3265 1028 novus
3289 986 3461 1043 popu-

1893 1076 1999 1138 lus,
2022 1073 2501 1142 edocenturqnem
2534 1070 2821 1125 Dominum
2853 1068 3076 1122 laudare
3104 1081 3202 1136 par
3230 1066 3323 1120 sit.
3351 1064 3460 1119 Pa-

1895 1169 2001 1222 lam
2031 1177 2210 1222 autem
2236 1174 2320 1221 est
2350 1180 2475 1220 eum
2507 1164 2686 1233 ipsum
2715 1178 2858 1225 esse,
2898 1160 2991 1230 qui
3024 1160 3079 1214 in
3112 1159 3260 1215 exitu
3293 1156 3462 1214 Israel

1896 1260 1963 1317 de
2010 1260 2247 1332 Egypto
2292 1264 2445 1313 tanta
2498 1256 2765 1311 miracula
2812 1253 3002 1311 edidit.
3050 1253 3462 1323 Consequenter

1896 1352 2061 1424 igitur
2092 1352 2158 1406 ad
2202 1351 2294 1404 illa
2340 1349 2640 1405 edocentur
2684 1347 2812 1418 ipsi,
2852 1362 2921 1402 ne
2955 1346 3206 1417 ignorent
3236 1344 3459 1415 quinam

1896 1442 2100 1498 fuerint
2130 1440 2208 1496 illi
2248 1441 2317 1495 ab
2348 1456 2406 1495 se
2437 1439 2566 1495 olim
2601 1439 2676 1493 dii
2704 1437 3021 1502 existimati,
3062 1436 3208 1507 quod
3252 1435 3465 1491 scilicet

1897 1536 2078 1591 anima
2107 1536 2365 1604 omnique
2385 1548 2551 1587 sensu
2574 1530 2870 1595 caruerint,
2893 1529 3202 1599 fuerintque
3224 1534 3460 1591 mortua,

1898 1637 2047 1683 muta
2071 1637 2124 1682 et
2152 1642 2294 1682 Cinea
2328 1626 2491 1689 idola,
2524 1625 2659 1678 nihil
2688 1623 2865 1679 simile
2890 1622 3166 1686 habentia,
3201 1637 3309 1676 non
3340 1620 3464 1677 dico

1898 1734 2097 1790 magno
2126 1726 2180 1774 et
2215 1717 2545 1772 mirabilium
2578 1715 2812 1779 editori,
2846 1715 3089 1769 omnium
3129 1702 3329 1783 Opilici,
3370 1711 3466 1766 sed

194 1812 526 1876 ἀκολούθως
554 1815 601 1867 οἱ
641 1814 794 1867 αὐτοὶ
822 1813 1163 1866 διδάσκονται
1206 1812 1328 1875 τοὺς
1377 1810 1542 1864 πάλαι
1585 1828 1791 1881 νενομι-

1898 1828 1967 1868 ne
1993 1812 2078 1866 vel
2120 1809 2411 1881 postremis
2441 1824 2628 1864 eorum
2676 1823 2796 1878 qua:
2834 1807 3013 1861 anima
3047 1812 3101 1860 et
3133 1821 3298 1861 sensu
3328 1818 3467 1874 pm-

196 1903 452 1974 σμὲνους
486 1904 664 1956 αὐτῶν
699 1904 855 1967 θεοὺς
893 1903 1066 1957 ὁποῖοί
1108 1920 1253 1965 τινες
1280 1898 1420 1974 ἦσαν
1452 1901 1526 1974 μὴ
1560 1902 1790 1971 ἀγνοεῖν,

194 1993 284 2046 ὅτι
327 1994 530 2065 ἄψυχοι
580 1996 673 2047 καὶ
710 1994 888 2065 πάσης
942 1993 1245 2065 αἰσθήσεως
1293 1994 1668 2065 ἐστερημένοι,
1718 1994 1799 2047 ὅτι

194 2087 408 2159 νεκρὰ,
458 2089 551 2142 καὶ
591 2088 750 2157 κωφὰ
796 2089 890 2142 καὶ
930 2087 1106 2157 τυφλὰ
1156 2085 1370 2150 εἴδωλα,
1411 2084 1561 2139 οὐδὲν
1615 2085 1798 2155 ὅμοιον

192 2179 429 2248 ἔχοντα,
447 2180 507 2232 οὐ
540 2182 679 2250 φημὶ
695 2179 771 2250 τῷ
802 2179 1022 2250 μεγάλῳ
1051 2180 1143 2234 καὶ
1160 2175 1567 2249 παραδοξοποιῷ
1595 2178 1789 2247 ποιητῇ

1894 1904 2007 1959 dita
2045 1910 2171 1958 sunt
2205 1921 2218 1956 :
2250 1901 2343 1956 scd
2383 1899 2684 1954 inanimata
2715 1915 2942 1970 prorsus
2974 1898 3201 1952 materia
3241 1897 3459 1951 fuerint.

1893 1994 1960 2049 Et
1982 1995 2071 2049 illa
2102 1993 2344 2065 quidem,
2379 1992 2638 2046 animalia
2669 1991 2890 2061 inquam
2917 1990 3176 2056 animata,
3209 1988 3302 2044 Dei
3335 1987 3469 2044 Ver-

1895 2087 1965 2142 ho
1992 2087 2361 2142 constiterunt
2390 2104 2403 2139 :
2441 2093 2496 2138 at
2522 2084 2601 2138 illi
2632 2084 2875 2155 gentium
2910 2082 3007 2146 dii,
3032 2090 3091 2136 ut
3114 2082 3465 2152 putabantur,

1895 2177 2261 2232 humanorum
2296 2192 2522 2248 operum
2558 2175 2813 2247 ﬁgmenta
2845 2181 2992 2230 sunt.

191 2268 311 2320 τῶν
344 2267 506 2330 ὅλων,
533 2267 645 2321 ἀλλ’
676 2268 796 2321 οὐδὲ
819 2272 929 2332 τοῖς
961 2270 1208 2339 ἐσχάτοις
1268 2268 1374 2320 τῶν
1424 2264 1705 2337 ἐμψύχων,
1745 2260 1826 2330 οἷς
1860 2267 2110 2339 μέτεστιν
2142 2268 2474 2339 αἰσθήσεως·
2512 2267 2688 2337 πάντη
2713 2265 2769 2319 δὲ
2801 2265 3004 2335 ἄψυχος
3036 2265 3137 2335 ὖλη
3196 2264 3465 2336 καθέστη-

194 2378 321 2414 κεν.
363 2362 608 2414 Κάκεῑνα
666 2361 783 2431 μὲν,
832 2361 974 2430 λέγω
1006 2360 1069 2432 δὴ
1099 2361 1167 2414 τὰ
1216 2360 1435 2432 ἔμψυχα
1491 2361 1625 2425 ζῶα,
1673 2358 1808 2414 Θεοῦ
1856 2361 2014 2432 Λόγῳ
2070 2361 2397 2432 συνέστηκεν
2441 2378 2455 2392 ·

196 2453 322 2505 0εοί
358 2450 717 2522 ἀνθρωπίνων
749 2450 924 2523 ἔργων
956 2452 1354 2524 άναπλάσματα
1383 2453 1754 2524 τυγχάνουσιν.

705 2568 1124 2622 ΑΛΛΗΛΟΥΙΑ.
1165 2566 1307 2623 Ρ1Δ’.

285 2661 621 2730 Ἠγάπησα,
642 2660 729 2714 ὅτι
751 2662 1173 2715 είσακούσεται
1212 2661 1429 2729 Κύριος
1455 2660 1567 2729 τῆς
1588 2658 1793 2729 φωνῆς

197 2754 318 2823 τῆς
356 2752 623 2820 δεήσεώς
649 2770 790 2822 μου,
825 2752 911 2805 ὅτι
943 2753 1143 2807 ἔκλινε
1191 2752 1257 2806 τὸ
1284 2749 1393 2818 οὖς
1425 2752 1609 2805 αὐτοῦ
1636 2753 1787 2820 ἐμοὶ,

198 2848 305 2900 καὶ
346 2847 421 2900 ἐν
447 2845 575 2910 ταῖς
602 2843 848 2913 ἡμέραις
879 2863 997 2913 μου
1041 2843 1487 2914 ἐπικαλέσομαι.
1532 2844 1589 2895 Ὁ
1623 2842 1790 2896 πάλαι

200 2936 547 3009 φοϐούμενος
583 2937 673 2989 τὸν
702 2936 925 3008 Κύριον,
966 2936 1065 3007 ἤδη
1104 2936 1383 3009 προκόψας
1433 2935 1540 2989 ἀπὸ
1562 2934 1657 2989 τοῦ
1690 2935 1788 3003 φό-

200 3030 327 3095 6ου,
374 3030 469 3082 καὶ
516 3028 753 3099 μεταϐὰς
780 3029 870 3080 ἐπὶ
913 3029 1010 3100 τὴν
1042 3028 1260 3098 ἀγάπην
1312 3027 1405 3081 τοῦ
1454 3026 1612 3091 Θεοῦ,
1646 3028 1787 3081 εἴποι

203 3124 294 3187 ἂν,
334 3121 647 3192 Ἠγάπησα
668 3137 686 3153 σ
734 3120 856 3174 τίνα
881 3121 958 3184 δὲ,
992 3119 1248 3191 ἢδηλαδὴ
1298 3119 1499 3192 Κύριον
1528 3120 1619 3174 τὸν
1652 3120 1785 3174 Θεὸν

2510 2360 2560 2413 oi
2619 2358 2675 2411 δὲ
2721 2357 2830 2411 τῶν
2878 2357 3046 2412 ἐθνῶν
3093 2358 3468 2429 νενομισμένοι

2391 2561 2755 2619 ALLELUIA.
2797 2563 2981 2619 CXIV.

1972 2654 2135 2710 Vens.
2171 2655 2222 2719 i,
2251 2654 2306 2709 2.
2342 2654 2521 2709 Dilexi
2551 2657 2802 2725 quoniam
2824 2656 3071 2711 exaudiet
3101 2656 3359 2711 Dominus
3391 2674 3472 2713 vo-

1896 2764 2005 2801 cem
2035 2747 2291 2800 orationis
2318 2764 2464 2814 mew,
2488 2750 2614 2819 quia
2638 2750 2911 2803 inclinavit
2938 2766 3121 2804 aurem
3144 2767 3295 2805 suam
3319 2753 3471 2817 mihi,

1894 2850 1944 2893 et
1970 2840 2022 2891 in
2048 2838 2230 2892 diebus
2263 2839 2391 2892 meis
2415 2839 2684 2893 invocabo.
2716 2841 2819 2904 Qui
2846 2842 2976 2895 olim
3008 2841 3294 2896 Dominum
3320 2842 3472 2898 time-

1894 2932 2006 2992 bat,
2034 2930 2145 2999 jam
2178 2945 2207 2982 a
2242 2930 2437 2985 timore
2467 2928 2767 3000 profectus,
2798 2939 2851 2986 et
2879 2933 2947 2986 ad
2986 2930 3331 2987 dilectionem
3368 2931 3467 2990 Dei

1893 3032 2293 3093 transgressus,
2316 3023 2440 3091 jure
2461 3022 2681 3085 dixerit,
2716 3023 2893 3077 υἱιεωὶ
2919 3040 2937 3078 :
2962 3040 3120 3092 quem
3147 3041 3330 3095 porro,
3360 3027 3469 3083 nisi

1894 3112 2181 3167 Dominum
2201 3112 2388 3174 Deum.
2409 3129 2475 3169 ex
2495 3121 2607 3167 toto
2631 3113 2818 3180 corde,
2839 3113 3042 3168 virtute
3064 3123 3228 3184 atque
3251 3116 3465 3183 anima;

201 3211 265 3275 ἐξ
305 3211 440 3281 ὅλης
470 3211 715 3281 καρδίας,
746 3210 838 3263 καὶ
863 3210 1140 3281 δυνάμεως
1162 3210 1256 3263 καὶ
1275 3210 1471 3281 ψυχῆς,
1499 3209 1638 3265 ὥστε
1667 3212 1785 3265 ’ἐνε-

1895 3208 1967 3261 ita
1995 3214 2055 3261 ut
2086 3215 2309 3276 propter
2342 3207 2546 3275 ipsum,
2578 3207 2663 3260 vel
2688 3205 2755 3259 ad
2779 3216 3010 3261 mortem
3047 3223 3219 3278 usque
3248 3224 3472 3265 concer—

202 3320 302 3356 κεν
326 3299 496 3355 αὐτοῦ
520 3304 613 3355 καὶ
639 3302 797 3373 μέχρι
824 3301 1052 3356 θανάτου
1090 3302 1451 3370 ἀγωνίζεσθαι
1479 3303 1617 3376 ὑπὲρ
1654 3302 1786 3374 ἀλη-

203 3391 388 3456 θείας,
440 3391 619 3444 πάντα
652 3407 711 3443 τε
752 3391 1038 3461 ὑπομεῖναι
1092 3388 1414 3461 πειρασμὸν,
1467 3390 1561 3443 και
1613 3390 1789 3443 πάντα

204 3484 458 3537 κίνδυνον
512 3482 809 3553 ὑποστῆναι
867 3481 1160 3553 προθύμως
1207 3481 1295 3534 διὰ
1338 3478 1435 3552 τὴν
1487 3483 1622 3554 πρὸς
1659 3481 1791 3535 Θεὸν

204 3576 475 3645 ἁγάπην;
510 3575 631 3627 Ὅτι
690 3575 891 3627 ἔκλινε
930 3574 996 3626 τὸ
1041 3569 1151 3639 οὖς
1178 3572 1364 3627 αὑτοῦ
1411 3573 1560 3642 ἐμοὶ,
1594 3573 1693 3626 καὶ
1723 3573 1793 3628 ἐν

206 3664 343 3730 ταῖς
396 3664 641 3733 ἡμέραις
686 3682 803 3733 μου
849 3662 1299 3731 ἐπικαλέσομιιι.
1354 3660 1687 3731 Περιέσχωλ
1714 3680 1792 3730 με

205 3758 425 3822 ὠδῖνες
465 3754 743 3820 θανάτου,
780 3754 1047 3809 κίνδυνοι
1073 3754 1220 3821 ᾅδου
1248 3753 1511 3822 εὔροσάν
1525 3770 1601 3822 με
1620 3770 1633 3782 ·
1661 3753 1792 3808 θλί-

206 3853 324 3919 ψιν
356 3847 455 3901 καὶ
484 3847 711 3913 ὀδύνην
742 3842 943 3913 εὗρον,
969 3845 1068 3898 καὶ
1100 3845 1163 3899 τὸ
1195 3845 1384 3914 ὄνομα
1408 3844 1629 3912 Κυρίου
1661 3844 1794 3898 ἐπε-

208 3939 590 4008 καλεσάμην.
622 3936 690 3991 Ὦ
760 3938 954 4005 Κύριε,
1003 3937 1209 4005 ῥῦσαι,
1241 3937 1354 4006 τὴν
1389 3936 1600 4007 ψυχήν
1649 3953 1789 4007 μου⁶

206 4030 491 4099 ἐλεήμων
521 4029 618 4082 καὶ
652 4028 881 4094 δίκαιος
914 4031 947 4082 ὁ
978 4030 1215 4097 Κύριος,
1244 4027 1343 4080 καὶ
1381 4030 1413 4081 ὀ
1441 4027 1585 4093 Θεὸς
1622 4026 1792 4095 ἡμῶν

208 4121 394 4187 ἐλεεῖ.
430 4120 768 4175 Φυλάσσων
809 4120 883 4173 τὰ
918 4119 1099 4186 νήπια
1141 4122 1173 4173 ό
1222 4120 1453 4187 Κύριος,
1476 4118 1791 4173 ἐταπεινώ-

210 4186 367 4277 θην,⁹
387 4209 485 4263 καὶ
518 4209 714 4263 ἔσωσέ
746 4227 845 4279 με.
905 4186 1318 4276 Ἐπίστρεψον,
1344 4206 1511 4276 ψυχή
1535 4225 1678 4277 μου,
1705 4208 1791 4273 είς

213 4301 331 4369 τὴν
355 4300 705 4355 ἀνάπαυσίν
735 4316 872 4363 σου,
899 4300 987 4353 ὅτι
1020 4300 1233 4367 Κύριος
1269 4296 1631 4367 εὐηργέτησέ
1682 4312 1755 4351 σε
1774 4314 1789 4328 ·

213 4393 306 4446 ὅτι
350 4393 614 4458 ἐξείλετο
663 4392 778 4461 τὴν
809 4391 1020 4460 ψυχήν
1054 4408 1173 4459 μου
1222 4392 1289 4443 ἐκ
1328 4388 1607 4454 θανάτου,
1652 4389 1792 4455 τοὺς

214 4487 563 4554 ὀφθαλμούς
616 4503 735 4553 μου
767 4483 885 4537 ἀπὸ
934 4483 1225 4551 δακρύων,
1254 4483 1353 4536 καὶ
1406 4482 1546 4548 τοὺς
1600 4481 1791 4548 πόδας

1890 3305 1966 3353 tet
2005 3314 2103 3368 pro
2138 3300 2385 3363 veritate,
2422 3313 2485 3353 ac
2510 3299 2763 3368 quamvis
2791 3303 3147 3355 tentationem
3175 3302 3467 3367 sustineat,

1892 3392 2123 3465 quodvis
2154 3392 2460 3461 periculum
2487 3390 2747 3445 alacriter
2770 3406 2880 3460 pra:
2909 3391 3000 3445 Dei
3025 3408 3210 3448 amore
3239 3394 3473 3449 subeat?

1888 3514 1959 3526 -—
1980 3483 2147 3539 Vens.
2179 3484 2294 3538 5-8.
2331 3483 2471 3549 Quia
2511 3484 2788 3538 inclinavit
2834 3502 3017 3538 aurem
3059 3502 3212 3539 suam
3241 3486 3391 3551 mihi,
3419 3496 3471 3541 et

1890 3576 1947 3629 in
1974 3574 2157 3628 diebus
2190 3576 2316 3627 meis
2349 3574 2620 3628 invocabo.
2651 3576 3125 3629 Circumdederunt
3154 3595 3233 3632 me
3259 3578 3467 3634 dolores

1892 3666 2099 3729 mortis,
2144 3664 2379 3733 pericula
2420 3664 2615 3733 inferni
2656 3666 2963 3718 invenerunt
3003 3683 3100 3719 me.
3141 3667 3182 3720 Τ
3188 3669 3472 3723 ribulatio-

1892 3772 2009 3810 nem
2055 3765 2106 3809 et
2143 3754 2377 3809 dolorem
2420 3756 2611 3818 inveni,
2642 3764 2691 3809 et
2727 3772 2913 3809 nomen
2958 3755 3173 3811 Domini
3212 3760 3467 3813 invocavi.

1896 3847 1940 3903 0
1966 3847 2212 3911 Domine,
2237 3847 2403 3901 libera
2428 3848 2664 3901 animum
2688 3866 2878 3917 meam,
2906 3851 3202 3904 misericors
3226 3860 3274 3904 et
3286 3851 3469 3920 justus

1899 3939 2174 4003 Dominus,
2203 3951 2252 3992 et
2292 3939 2431 3993 Deus
2463 3952 2639 3993 noster
2663 3941 2957 3995 miseretur.
2995 3941 3306 3997 Custodiens
3339 3958 3469 4013 par-

1892 4032 2039 4086 vulos
2088 4031 2369 4097 Dominus,
2417 4032 2728 4086 humiliatus
2786 4050 2938 4097 sum,
2992 4026 3048 4088 et
3100 4035 3328 4089 salvabit
3367 4055 3465 4091 me.

1894 4120 2223 4186 Convertere,
2267 4125 2448 4177 anima
2485 4142 2620 4183 mea.
2666 4126 2719 4178 in
2751 4127 2978 4196 requiem
3014 4139 3179 4191 tuam,
3212 4130 3337 4199 quia
3365 4129 3473 4183 Do-

1896 4214 2067 4267 minus
2103 4213 2350 4282 benefecit
2385 4216 2498 4268 tibi.
2544 4217 2685 4283 Quia
2723 4218 2916 4287 eripuit
2948 4220 3182 4273 animam
3214 4237 3379 4274 meam
3408 4222 3473 4274 de

1896 4314 2082 4369 morte,
2112 4305 2289 4359 oculos
2328 4323 2466 4360 meos
2497 4324 2529 4359 α
2564 4307 2839 4379 lacrymis,
2868 4308 3021 4379 pedes
3055 4328 3194 4366 meos
3230 4330 3262 4366 a
3297 4313 3470 4382 lapsu.

1895 4395 2040 4462 Haec,
2076 4396 2271 4466 inquit,
2304 4401 2487 4452 omnia
2522 4410 2747 4470 propter
2779 4401 2948 4457 Deum
2985 4419 3280 4474 perpessus
3308 4404 3475 4459 dilexi

1894 4487 2064 4541 illum.
2102 4487 2218 4542 Non
2257 4492 2400 4543 enim
2452 4502 2646 4560 praeter
2693 4494 3054 4559 voluntatem,
3104 4510 3282 4565 neque
3324 4494 3473 4551 refu-

213 4596 331 4646 μου
361 4576 479 4631 ἀπὸ
519 4576 937 4645 ὀλισθήματος.
973 4576 1151 4629 Πάντα
1175 4574 1281 4646 γὰρ
1318 4574 1509 4642 ταῦτα,
1540 4575 1690 4647 φησὶ,
1706 4575 1791 4629 διὰ

1898 4580 2127 4652 giendo',
2176 4581 2270 4635 sed
2320 4583 2577 4637 alacriter
2611 4600 2697 4638 me
2738 4585 2823 4641 his
2869 4587 3128 4641 omnibus
3164 4587 3384 4651 tradidi,
3418 4597 3475 4645 et

213 4670 307 4722 τὸν
333 4669 467 4722 Θεὸν
506 4668 804 4738 ὑπομείνας
842 4668 1124 4739 ἠγάπησα.
1159 4669 1231 4721 Ού
1261 4666 1368 4739 γὰρ
1403 4667 1553 4737 παρὰ
1595 4668 1788 4739 προαί-

1899 4672 2011 4725 liaec
2035 4671 2318 4741 amplexus
2347 4689 2465 4726 sum
2496 4682 2718 4744 propter
2753 4691 2995 4732 amorem
3028 4676 3161 4746 Dei;
3200 4678 3274 4732 ita
3306 4686 3365 4732 ut
3387 4679 3471 4735 di-

220 4778 389 4833 ρεσιν,
441 4759 564 4813 οὕτε
619 4759 854 4829 φεύγων,
890 4759 1182 4832 προθύμως
1230 4759 1285 4812 δὲ
1316 4759 1552 4830 ἐμαυτὸν
1581 4758 1789 4820 τούτοις

1896 4777 2015 4815 cere
2063 4762 2375 4817 valeamus:
2408 4764 2625 4833 Propter
2668 4776 2716 4820 te
2754 4768 3139 4836 mortiﬁcamur
3173 4777 3283 4822 tota
3321 4768 3407 4823 die
3430 4770 3472 4826 ‘.

219 4853 424 4905 ἅπασιν
463 4849 752 4913 ἐπιδιδοὺς,
789 4849 1015 4921 ἔστερξα
1052 4851 1138 4905 διὰ
1187 4851 1282 4921 τὴν
1331 4851 1465 4922 πρὸς
1520 4850 1610 4904 τὸν
1656 4850 1790 4904 Θεὸν

1896 4853 2020 4908 Huic
2065 4854 2263 4924 quippe
2313 4857 2496 4910 omnia
2543 4852 2707 4912 dilexi
2759 4866 2983 4929 propter
3034 4858 3368 4926 Dominum;
3410 4878 3473 4915 ac

216 4946 465 5015 ὰγάπην”
512 4943 588 5006 ὡς
628 4941 883 4995 δύνασθαι
918 4941 1130 5010 λέγειν·
1168 4941 1412 4995 ’Ἑνεκέν
1445 4959 1559 4996 σου
1606 4948 1789 4997 θανα-

1895 4962 2018 5000 cum
2049 4946 2349 5017 diligerem,
2381 4963 2577 5003 nomen
2608 4948 2823 5005 Domini
2852 4951 3124 5007 invocavi.

217 5038 475 5104 τούμεθα
496 5032 649 5101 ὅλην
678 5035 793 5101 τὴν
818 5033 1064 5102 ἡμέραν.
1104 5033 1287 5086 Πάντα
1325 5034 1432 5104 γὰρ
1477 5032 1647 5087 ταῦτα
1684 5035 1945 5109 ἠγάπησα
2001 5037 2091 5093 διὰ
2147 5040 2237 5093 τὸν
2268 5039 2487 5112 Κύριον,
2516 5042 2606 5094 καὶ
2623 5042 2914 5113 ἀγαπήσας
2950 5043 3011 5097 τὸ
3055 5043 3226 5116 ὄνομα
3268 5042 3475 5114 Κυρίου

220 5127 659 5197 ὲπεκαλεσάμην.

292 5218 697 5289 Εὐαρεστήσω
722 5218 976 5274 ἐνώπιον
999 5219 1219 5289 Κυρίου
1262 5219 1333 5272 ἐν
1360 5218 1518 5290 χώρᾳ
1543 5218 1791 5281 ζώντων.

1967 5219 2132 5275 Vens.
2167 5220 2219 5275 9.
2259 5220 2486 5275 Placebo
2522 5239 2701 5275 coram
2736 5222 2964 5279 Domino
2989 5225 3044 5278 in
3071 5225 3280 5294 regione
3311 5225 3476 5279 viven’

232 5310 294 5366 ’0
320 5313 521 5383 κόσμος
562 5307 714 5376 οὗτος
761 5312 921 5375 αὐτός
951 5312 1011 5365 τὲ
1050 5313 1165 5364 ἐστι
1212 5312 1423 5383 θνητὸς,
1469 5314 1562 5366 καὶ
1600 5315 1791 5384 χωρίον

1898 5314 2049 5369 tium.
2103 5312 2203 5367 Hic
2247 5314 2484 5368 mundus
2524 5331 2650 5370 vere
2687 5326 2741 5371 et
2777 5317 2893 5389 ipse
2937 5317 3211 5379 mortalis.
3258 5324 3312 5371 et
3356 5334 3477 5372 mo.

224 5404 671 5476 ἀποθνησκόντων
700 5404 863 5458 ἐστίν.
894 5404 1110 5475 Ἐπειδὴ
1134 5404 1241 5477 γὰρ
1275 5404 1524 5468 σύνθετός
1545 5408 1659 5458 ἐστι
1690 5405 1791 5459 τῶν

1897 5406 2153 5463 rientium
2198 5407 2355 5463 locus
2400 5416 2503 5465 est.
2546 5406 2685 5475 Quia
2734 5412 2881 5466 enim
2935 5425 3119 5465 rerum
3169 5409 3472 5465 visibilium

226 5496 568 5567 ὁρωμένωνή
600 5496 887 5560 σύστασιςο
916 5497 975 5549 τὸ
1019 5498 1075 5550 δὲ
1123 5497 1374 5551 σύνθετον
1414 5498 1555 5553 ἅπαν
1590 5499 1791 5553 διαλύε-

1898 5499 2219 5554 constitntio
2264 5503 2566 5572 composita
2600 5510 2704 5567 est,
2734 5517 2897 5556 omne
2928 5516 3060 5555 vero
3103 5501 3471 5572 compositum

230 5586 350 5639 σθαι
384 5588 622 5657 πέφυκεν
644 5605 656 5618 ·
690 5590 748 5641 ὲν
784 5588 860 5658 τῷ
890 5590 1079 5661 κόσμῳ
1106 5589 1276 5655 ὄντες,
1322 5589 1482 5665 μέρος
1518 5590 1668 5655 ὅντες
1705 5592 1791 5646 τοῦ

1901 5594 2127 5650 solvitur
2152 5611 2167 5663 ;
2203 5608 2326 5650 cum
2358 5593 2413 5650 in
2448 5594 2651 5650 mundo
2680 5600 2733 5647 et
2763 5609 2891 5665 pars
2930 5593 3122 5649 mundi
3149 5594 3345 5661 simus,
3373 5608 3475 5649 ne—

302 5744 323 5773 δ
360 5742 503 5799 Psal.
538 5759 664 5797 mn
691 5785 705 5810 ,
738 5744 829 5803 Ἠ,
