3964 6538
235 374 265 431 ί
276 375 389 432 561
1413 381 1607 440 COMM
1619 382 1808 440 ΕΝΤΑΪ

1913 423 1920 439 ι
1960 383 2026 439 IN
2062 385 2398 446 PSALMOS.
3365 396 3496 452 1562

230 486 473 556 δοῦλος
504 489 613 556 σὸς
673 491 771 544 καί
810 492 940 560 υίὸς
975 493 1084 564 τῆς
1129 495 1458 566 παιδίσκης
1489 513 1627 554 σου.
1669 499 1808 569 Διέρι

1934 500 2139 554 vincula
2170 520 2306 556 mea.
2441 504 2606 559 filium
2651 506 2859 562 ancilla:
2894 506 3046 572 dicit,
3076 505 3282 562 scilicet
3312 503 3501 561 Eccle-

219 580 439 649 ῥηξας
482 581 623 649 τοὺς
660 583 921 654 δεσμούς
945 605 1087 656 μου.
1152 589 1278 645 Υἱὸν
1327 593 1615 665 παιδίσκης
1661 594 1808 666 (moli

1927 591 2039 646 size.
2065 591 2292 648 Vincula
2327 609 2455 650 vero
2483 603 2659 660 erant,
2697 596 2896 667 quibus
2927 612 3024 651 ceu
3069 595 3282 650 catenis
3305 609 3499 664 pecca-

230 673 462 739 ἑαυτὺν,
501 675 601 746 τῆς
646 675 979 748 Ἐκκλησίας.
1008 681 1248 752 Δεσμοὺς
1289 684 1344 737 δὲ
1375 679 1454 749 οἷς
1484 689 1690 760 σειραῖς
1717 686 1808 742 siin

1925 693 2102 739 torum
2159 702 2383 742 suorum
2413 688 2910 758 conslringebatur.
2935 687 3221 743 Liberatus
3256 696 3432 742 autem
3465 701 3498 741 a

228 764 444 818 ἑαυτοῦ
485 767 896 838 ἁμαρτημάτων
953 775 1364 844 κατεσφίγγετο.
1415 777 1808 852 Ἑλευθερωϐεὶς

1924 785 2166 848 peccato,
2190 793 2250 832 ac
2276 780 2418 834 lilius
2448 779 2657 834 ancillae
2682 789 2804 848 tuae,
2832 779 3086 836 Ecclesia-3
3109 780 3339 843 scilicet,
3368 777 3497 835 effe-

224 853 293 906 δὲ
339 854 446 926 τῆς
479 858 768 928 ἁμαρτίας,
810 863 900 914 καὶ
934 863 1047 927 υἱὸς
1073 863 1171 935 τῆς
1212 867 1309 936 σῆς
1355 869 1644 941 παιδίσκης
1683 871 1808 940 γινό-

1924 877 2066 934 ctus,
2103 871 2273 940 gratia
2305 880 2398 925 tua
2438 887 2467 926 a
2501 872 2746 942 pristinis
2784 873 3022 944 peccatis
3065 873 3202 928 liber
3230 871 3400 927 evasi.
3425 900 3498 912 —-

230 961 410 1016 μενος
437 952 535 1021 τῆς
572 949 917 1024 Ἐκκλησίας,
951 954 1055 1010 τῶν
1099 957 1378 1028 προτέρων
1422 960 1616 1033 ἀνέϐην
1645 963 1808 1035 ἀμοίρε

1925 961 2088 1016 Vens.
2136 963 2346 1028 18,19.
2393 964 2511 1018 Tibi
2561 967 2872 1033 sacriﬁcabo
2929 966 3155 1020 hostiam
3219 964 3414 1030 laudis,
3445 971 3497 1018 et

222 1040 503 1109 τημάτων
543 1041 632 1095 διὰ
685 1045 784 1114 τῆς
836 1045 936 1116 σῆς
970 1047 1206 1120 χάριτος,
1269 1052 1370 1105 Σοὶ
1409 1053 1571 1106 θύσω
1606 1056 1808 1111 θυσία)

1923 1072 2107 1109 nomen
2145 1055 2352 1110 Domini
2379 1057 2648 1113 invocabo.
2687 1059 2818 1113 Vota
2864 1076 2978 1114 mea
3030 1059 3247 1113 Domino
3277 1057 3495 1112 reddam

220 1132 552 1201 αἰνέσεως,
587 1137 685 1192 καί
714 1138 785 1191 ἐν
829 1139 1074 1210 ὀνόματι
1110 1144 1331 1212 Κυρίου
1372 1145 1820 1219 ἐπικαλέσομαι.

230 1224 356 1290 Τὰς
384 1227 574 1296 εὐχάς
595 1248 715 1299 μου
743 1231 819 1296 τῷ
847 1236 1040 1304 Κυρίῳ
1059 1237 1350 1291 ἀποδώσω
1381 1239 1660 1296 ἐναντίον
1679 1257 1826 1299 παν-

220 1315 339 1383 τὸς
396 1319 503 1373 τοῦ
539 1322 693 1377 λαοῦ
733 1325 940 1391 αὑτοῦ,
990 1328 1059 1382 ἐν
1109 1331 1324 1398 αὐλαῖς
1359 1335 1528 1391 οἴκου
1580 1337 1823 1405 Κυρίου,

217 1406 312 1500 ἐν,
327 1409 507 1478 μέσῳ
535 1413 1105 1488 σου,’1ερουσαλήμ.
1139 1422 1428 1495 Προκοτήν
1463 1426 1715 1497 σημαίνει
1746 1428 1826 1500 τῷ

217 1499 413 1554 ταῦτα
473 1501 705 1572 λέγοντι,
741 1509 884 1579 φημὶ
911 1509 969 1562 δὲ
1015 1511 1093 1583 τῷ
1131 1512 1188 1578 ἐξ
1221 1513 1388 1570 ἐθνῶν
1422 1517 1550 1589 λαῷ.
1578 1518 1666 1590 Τῷ
1694 1499 1822 1590 γὰρ,

217 1591 335 1645 Σοὶ
377 1594 543 1648 θύσω
572 1597 794 1651 θυσίαν
825 1599 1131 1670 αἰνέσεως,
1172 1605 1266 1659 τοῦ
1301 1605 1549 1679 σώματος
1584 1611 1678 1664 καὶ
1729 1611 1822 1664 τοῦ

215 1683 490 1772 αἵματος,
521 1688 673 1756 φησὶ,
699 1691 1096 1762 μεταλήψομαι,
1123 1695 1216 1747 καὶ
1253 1695 1309 1748 ἐν
1333 1700 1396 1768 τῇ
1423 1698 1626 1753 τούτων
1660 1718 1808 1772 μετα

1925 1695 2156 1752 actionis
2199 1696 2294 1751 tibi
2323 1697 2548 1754 Domino
2582 1699 2729 1755 intus
2752 1701 2808 1755 in
2832 1701 3008 1755 medio
3031 1715 3171 1755 verae
3192 1698 3491 1754 Jerusalem

216 1771 400 1844 λήψει
444 1775 503 1828 τὸ
557 1775 728 1847 ὄνομά
775 1795 865 1832 σου
906 1783 1325 1856 ἐπικαλέσωμαι,
1381 1788 1474 1841 καὶ
1519 1789 1614 1853 τὰς
1657 1771 1808 1862 εὐχα-

1923 1793 1977 1840 et
2010 1787 2064 1841 in
2091 1797 2383 1860 conspectu
2418 1791 2597 1846 omnis
2628 1792 2807 1860 populi
2845 1793 3090 1857 reddam,
3126 1807 3338 1848 necnon
3368 1805 3492 1861 pro-

223 1865 556 1937 ριστηρίους
597 1868 762 1939 εὐχάς
813 1887 894 1923 σοι
937 1870 1016 1942 τῷ
1052 1875 1241 1946 Κυρίῳ
1273 1877 1534 1932 ἀποδώσω
1575 1860 1808 1936 ἔνδον-ὲκ.

1929 1878 2236 1945 missiones,
2263 1896 2402 1952 quas
2435 1882 2726 1950 aliquando
2756 1882 3010 1938 feceram.

223 1955 393 2028 μέσῳ
419 1958 520 2029 τῆς
546 1960 776 2031 ἀληθοῦς
814 1964 1188 2037 Ἰερουσαλὴμ,
1223 1970 1316 2022 καὶ
1349 1971 1587 2026 ἐναντίον
1621 1977 1820 2040 παντὸς

217 2047 327 2100 τοῦ
353 2047 508 2114 λαοῦ,
553 2049 648 2103 καὶ
679 2051 778 2115 τὰς
815 2053 1148 2122 ἐπαγγελίας
1181 2058 1246 2121 ἃς
1283 2077 1410 2113 ποτε
1457 2063 1816 2135 ἐποιησάμην.

714 2165 1134 2224 ΚΛΛΗΛΟΥῙΑ.
1184 2171 1346 2238 qu”.

298 2250 537 2306 Αἰνεῖτε
581 2253 689 2308 τὸν
721 2257 960 2324 Κύριον,
1011 2260 1208 2314 πάντα
1259 2263 1332 2318 τὰ
1369 2263 1537 2334 ἔθνη,
1583 2267 1818 2323 ἐπαινέο

219 2355 388 2393 σατε
413 2342 620 2408 αὑτὸν,
678 2346 902 2414 πάντες
933 2353 983 2403 οἰ
1011 2352 1151 2405 λαοί
1174 2369 1188 2384 ο
1214 2352 1302 2406 ὅτι
1349 2356 1709 2429 ἐκραταιώθη
1754 2362 1818 2415 τὸ

217 2430 411 2498 ἕλεος
447 2435 633 2490 αὐτοῦ
688 2437 780 2506 ἐφ’
811 2438 990 2508 ἡμᾶς,
1033 2443 1132 2496 καὶ
1190 2445 1229 2514 ἡ
1264 2446 1514 2513 ἀλήθεια
1556 2451 1662 2505 τοῦ
1699 2455 1817 2506 Κυ-

207 2524 368 2594 ρίου
387 2525 554 2594 μένει
586 2530 802 2594 εἰς.τὸν
838 2529 1043 2587 αἰῶνα.
1079 2535 1450 2592 Ἀνακαλεῖται
1481 2541 1657 2594 τοίνυν
1677 2544 1705 2596 ὁ
1733 2543 1818 2596 λό-

216 2632 326 2708 γος
350 2618 454 2708 sui.
498 2619 588 2672 τὸν
616 2619 782 2692 ὕμνον
815 2623 908 2677 τοῦ
949 2625 1084 2679 Θεοῦ
1120 2628 1297 2683 πάντα
1326 2631 1394 2685 τὰ
1424 2632 1681 2708 ἀλλογενῆ
1725 2639 1818 2693 καὶ

217 2705 503 2777 ἀλλόφυλα
538 2710 664 2783 ἔθνη
703 2729 716 2743 °
753 2710 871 2768 εἶτα
900 2717 1317 2786 ἀποδιαστείλας
1350 2725 1456 2778 τῶν
1488 2705 1815 2794 ὲθνῶνήτοὺς
1917 2739 2023 2794 que
2074 2739 2104 2777 ει
2149 2715 2400 2794 gentibus
2443 2726 2672 2796 ρορυιοε
2702 2746 2712 2810 1

217 2799 399 2865 λαοὺς
453 2804 694 2874 ἐπιλέγει
725 2823 741 2840 ο
781 2808 1310 2868 Ἐπαινεσάτωσαν
1354 2818 1541 2872 αὐτὸν
1593 2820 1808 2889 πάντες

1916 2833 2034 2870 eum
2080 2833 2254 2870 omnes
2296 2817 2496 2886 populi.
2541 2805 2845 2872 Discrimen
2893 2826 3071 2870 autem
3124 2815 3410 2883 intelliges.
3442 2816 3490 2868 si

218 2895 280 2948 οἰ
313 2894 478 2948 λαοί.
503 2896 734 2967 Νοήσεις
766 2899 820 2952 δὲ
845 2899 943 2973 τὴν
967 2902 1228 2974 διαφορὰν
1256 2907 1555 2981 ἐπιστήσας
1583 2914 1648 2982 τῇ
1685 2929 1808 2984 προ-

1919 2907 2215 2963 attenderis
2239 2907 2534 2977 prophetia:
2550 2907 2691 2977 apud
2710 2905 3028 2960 Zachariam
3047 2904 3251 2959 dicenti
3272 2922 3284 2992 _:
3307 2902 3488 2957 Gaude

220 2985 435 3057 φητείᾳ
475 2990 538 3058 τῇ
597 2988 826 3063 λεγούσῃ
876 2991 1028 3064 παρὰ
1078 2994 1153 3065 τῷ
1200 2999 1474 3070 Ζαχαρία⁸
1509 3002 1682 3070 Χαῖρε
1714 3004 1808 3057 καί

1915 3013 1962 3055 et
2008 3001 2236 3065 exsulta,
2270 3001 2384 3069 ﬁlia
2417 2999 2719 3055 Sion:ecce
2759 3017 2851 3070 ego
2891 2999 3038 3054 venio
3076 3008 3123 3051 et
3158 2986 3403 3050 habitabo
3433 2996 3488 3048 in

218 3079 582 3146 εὐφραίνου,
604 3083 852 3152 θύγατερ
882 3085 1034 3140 Σιών
1059 3104 1072 3118 ο
1107 3087 1235 3143 ἰδοὺ
1276 3090 1390 3161 ἐγὼ
1418 3091 1666 3163 ἔρχομαι
1714 3095 1808 3149 καί

1917 3091 2086 3146 medio
2116 3092 2214 3157 tui,
2258 3090 2385 3145 dicit
2416 3091 2694 3145 Dominus.
2727 3089 2796 3143 Et
2828 3089 3124 3158 confugient
3149 3094 3322 3158 gentes
3348 3084 3486 3137 mul-

220 3171 684 3238 κατασκηνώσω
713 3175 782 3228 ἐν
818 3175 982 3246 μέσῳ
1027 3195 1164 3244 σου,
1221 3182 1381 3250 λέγει
1419 3186 1651 3252 Κύριος.
1701 3187 1808 3241 Kal

1919 3193 1984 3239 tu:
2008 3183 2078 3236 ad
2111 3183 2411 3248 Dominum,
2435 3193 2482 3238 et
2506 3193 2656 3266 erunt
2678 3185 2723 3238 ei
2742 3184 2793 3236 in
2809 3181 3078 3252 populum,
3107 3189 3156 3235 et
3183 3196 3275 3250 ego
3299 3195 3387 3233 ero
3409 3179 3484 3233 eis

1924 1239 2076 1304 mini,
2119 1239 2173 1292 in
2209 1240 2378 1294 medio
2420 1243 2514 1306 tui,
2549 1240 2867 1297 Jerusalem.
2909 1241 3221 1297 Proiectum
3249 1243 3368 1310 ejus
3398 1243 3492 1313 qui

1924 1329 2053 1383 talia
2083 1329 2217 1384 dicit
2255 1331 2546 1402 significat,
2575 1333 2625 1387 id
2658 1345 2763 1400 ρει,
2796 1334 2979 1404 populi
3004 1350 3068 1388 ex
3094 1335 3362 1403 gentibus.
3389 1333 3494 1390 Per

1926 1418 2057 1472 illud
2085 1419 2229 1473 enim
2266 1441 2278 1474 :
2310 1420 2426 1474 Tibi
2459 1423 2771 1490 sacriﬁcabo
2805 1425 3033 1477 hostium
3060 1423 3257 1487 laudis,
3277 1425 3490 1494 corpori

1924 1517 1978 1564 et
2030 1511 2281 1580 sanguini
2339 1515 2776 1580 communicabo,
2812 1517 2907 1580 ait,
2941 1523 2993 1570 et
3040 1515 3094 1570 in
3125 1516 3317 1571 horum
3349 1531 3494 1570 com-

1925 1602 2183 1658 munione
2211 1619 2406 1660 nomen
2443 1612 2593 1660 tuum
2625 1608 2909 1672 invocabo,
2947 1624 3010 1663 ac
3044 1617 3167 1662 vota
3196 1609 3493 1677 gratiarum

2418 2170 2778 2226 ALLELUIA.
2817 2170 3003 2227 CXVI.

1993 2259 2159 2317 Vsus.
2190 2263 2239 2326 Ι,
2268 2261 2319 2315 2.
2343 2262 2583 2319 Laudate
2614 2265 2917 2335 Dominum,
2948 2279 3125 2318 omnes
3148 2272 3342 2333 gentes,
3373 2264 3490 2317 lau-

1920 2352 2041 2407 date
2061 2371 2198 2421 eum,
2223 2372 2395 2410 omnes
2416 2357 2592 2425 populi
2607 2375 2624 2412 :
2638 2358 2883 2428 quoniam
2905 2357 3220 2426 confirmata
3245 2366 3320 2410 est
3337 2371 3492 2424 super

1920 2462 2013 2499 nos
2069 2447 2431 2501 misericordia
2459 2449 2591 2516 eius,
2637 2461 2685 2503 et
2733 2450 2922 2503 veritas
2975 2447 3188 2503 Domini
3222 2457 3392 2501 manet
3433 2448 3490 2522 in

1919 2546 2190 2593 wternum.
2221 2538 2320 2594 Hic
2350 2541 2533 2610 itaque
2565 2557 2746 2596 sermo
2776 2548 2965 2612 gentes
3000 2555 3190 2594 omnes
3235 2539 3491 2608 alienige-

1918 2645 2019 2686 nas
2047 2640 2100 2686 et
2130 2633 2443 2703 peregrinas
2473 2634 2537 2688 ad
2573 2634 2784 2688 laudem
2815 2633 2910 2689 Dei
2951 2641 3245 2705 provocat;
3274 2630 3493 2686 deinde-

1917 2739 2023 2794 que
2074 2739 2104 2777 a
2149 2715 2400 2794 gentibus
2443 2726 2672 2796 papulos
2702 2726 3046 2796 distinguens
3091 2724 3166 2778 ait
3205 2743 3217 2778 :
3250 2722 3489 2776 Laudent

1925 1147 1976 1200 in
2006 1159 2283 1218 conspectu
2325 1151 2493 1203 omnis
2536 1151 2714 1220 populi
2743 1150 2878 1218 ejus,
2909 1153 2961 1203 in
2990 1151 3139 1204 atriis
3163 1149 3348 1204 domus
3382 1151 3492 1206 Do-
3582 1204 3586 1208 »

220 3261 706 3330 καταφεύξονται
749 3266 892 3337 ἔθνη
927 3271 1128 3326 πολλὰ
1158 3273 1255 3326 ἐπὶ
1285 3274 1391 3328 τὸν
1427 3277 1666 3345 Κύριον,
1710 3280 1808 3334 καί

222 3351 481 3407 ἔσονται
513 3355 671 3422 αὐτῷ
702 3361 788 3424 εἰς
814 3361 987 3426 λαὸν,
1016 3363 1177 3434 κάγὼ
1214 3365 1428 3435 ἔσομαι
1484 3370 1688 3436 αὐτοῖς
1722 3373 1810 3438 εὶς

226 3446 406 3498 Θεόν.
467 3447 616 3512 Τέως
651 3450 747 3519 μὲν
787 3451 895 3523 γὰρ
933 3453 1058 3526 ἔθνη
1090 3457 1444 3527 τυγχάνοντα,
1505 3460 1656 3516 οὔπω
1684 3463 1810 3528 λαὸς

221 3531 296 3607 ἦν
345 3535 531 3599 αὑτοῦ,
572 3539 941 3608 μεταϐαλόντα
973 3543 1028 3596 δὲ
1082 3545 1175 3600 τοῦ
1213 3549 1476 3620 προτέρου
1533 3550 1668 3620 βίου,
1717 3555 1810 3607 καὶ

226 3627 574 3697 μετασχόντα
624 3629 734 3682 τῶν
784 3631 878 3686 τοῦ
943 3633 1076 3688 Θεοῦ
1124 3637 1434 3709 μυστηρίων
1477 3639 1544 3693 δι’
1584 3641 1812 3710 ἀναγεν-

223 3720 442 3790 νήσεως
480 3722 572 3774 καὶ
599 3721 824 3794 λουτροῦ
861 3725 1318 3796 παλιγγενεσίας,
1359 3731 1598 3801 γίνονται
1643 3737 1807 3789 αὑτοῦ

220 3808 370 3862 λαοί.
410 3811 474 3864 Ὅ
509 3811 572 3883 δὴ
607 3813 770 3866 εἰσέτι
806 3815 897 3867 καὶ
930 3815 1024 3870 νῦν
1059 3818 1356 3891 πληροῦται
1395 3822 1516 3876 καθ’
1552 3824 1678 3894 ὅλης
1713 3827 1812 3899 τῆς

223 3900 340 3954 τῶν
368 3901 668 3974 ἀνθρώπων
697 3905 1036 3978 οἰκουμένης,
1077 3911 1413 3982 μυριάνδρων
1446 3914 1587 3969 λαῶν
1620 3916 1808 3988 ὥσπερ

223 3989 373 4042 κατὰ
400 3993 592 4062 χοροὺς
624 3996 920 4065 ἱσταμένων
949 3999 1042 4052 καὶ
1073 4000 1163 4053 τὸν
1204 4003 1332 4075 παρ’
1377 4004 1646 4075 Ἑϐραίοις
1668 4025 1803 4079 προ-

225 4081 422 4151 φυτῶν
453 4084 586 4138 Θεὸν
620 4087 949 4158 ὑμνούντων,
981 4092 1074 4144 καὶ⁹
1109 4092 1177 4147 τὰ
1209 4096 1346 4149 αὐτὰ
1379 4099 1801 4170 ἀναγνώσματα,

227 4174 535 4246 μαθήματά
582 4194 641 4230 τε
697 4179 793 4232 καὶ
844 4173 1086 4252 δόγματα
1137 4183 1556 4256 διδασκομένων.
1621 4191 1805 4245 Ταῦτα

1915 3277 1970 3330 in
2022 3277 2238 3331 Deum".
2277 3277 2527 3344 Quandlu
2589 3277 2732 3332 cnim
2784 3282 2974 3346 gentes
3027 3282 3202 3336 erant,
3238 3270 3485 3327 nondum

1915 3374 2069 3422 erant
2117 3368 2348 3438 papulus
2377 3369 2530 3438 ejus;
2561 3384 2590 3422 a
2621 3367 2791 3438 priori
2824 3375 3004 3418 autem
3042 3365 3153 3418 vita
3184 3377 3486 3427 conversae,

1913 3473 1978 3513 ac
2033 3474 2130 3528 per
2177 3461 2453 3514 lavacrum
2498 3458 2929 3530 regenerationis
2971 3454 3354 3526 mysteriorum
3390 3453 3484 3508 Dei

1914 3549 2209 3620 participes
2263 3549 2490 3616 eﬂ‘ectae,
2529 3549 2650 3619 ejus
2702 3547 2886 3627 pepuli
2922 3546 3178 3602 evadunt.
3211 3543 3366 3610 Quod
3413 3543 3483 3597 ad

1909 3640 2051 3693 hanc
2104 3656 2276 3709 usque
2320 3641 2463 3696 diem
2495 3657 2590 3711 per
2629 3641 2946 3695 universum
2979 3638 3166 3691 orbem
3201 3633 3479 3706 impletur,

1906 3745 2036 3801 cuni
2060 3731 2254 3786 inﬁniti
2289 3732 2496 3802 populi,
2527 3732 2682 3803 quasi
2703 3731 2761 3786 in
2792 3731 2966 3786 choro.
2989 3727 3286 3792 distributi,
3310 3727 3490 3781 Deum.

1904 3828 2318 3897 prophetarum,
2367 3827 2461 3898 qui
2520 3841 2688 3898 penes
2737 3825 2994 3881 Hebraeos
3042 3831 3218 3886 erant,
3264 3823 3482 3893 hymnis

1905 3920 2201 3984 celebrent,
2260 3929 2422 3989 alque
2473 3917 2693 3974 easdem
2737 3918 3020 3981 lectiones,
3067 3913 3384 3985 disciplinas
3427 3924 3480 3966 et

1909 4013 2162 4084 dogmata
2210 4013 2564 4068 edoceantur.
2598 4010 2722 4066 Hzec
2754 4011 2938 4081 igitur,
2974 4025 3093 4080 qua:
3140 4008 3274 4077 ipsis
3305 4005 3481 4060 oculis

1910 4105 2301 4174 conspicimus,
2333 4120 2440 4158 non
2466 4105 2644 4171 aliter,
2673 4119 2835 4175 quam
2863 4117 2962 4173 per
2986 4101 3157 4156 solam
3182 4096 3481 4153 Salvatoris

1910 4196 2166 4251 virtutem
2197 4197 2252 4251 in
2292 4203 2406 4250 toto
2434 4196 2674 4268 gentium
2705 4195 2839 4249 orbe
2862 4194 3157 4249 constituta
3187 4198 3334 4246 sunt.

222 4265 363 4361 γρῧξ
408 4267 704 4342 ὀφθαλμοῖς
733 4272 1017 4344 «ὁρώμενα,
1058 4277 1157 4330 οὐκ
1201 4278 1374 4343 ἄλλως
1500 4282 1587 4335 διὰ
1643 4284 1810 4355 μόνης
1856 4287 1956 4359 τῆς
2000 4290 2265 4361 σωτηρίου
2317 4265 2599 4359 δυνάμεως
2655 4285 2774 4341 καθ’
2810 4285 2937 4357 ὅλης
2969 4286 3194 4356 συνέστη
3226 4285 3323 4355 τῆς
3375 4279 3481 4334 τῶν

222 4355 401 4411 ἐθνῶν
430 4360 771 4432 οἰκουμένης.

721 4476 1143 4533 ΑΛΛΗΛΟΥΙΑ.
1185 4482 1326 4536 PIZ'.

311 4564 797 4636 Ἐξομολογεῖσθε
836 4568 914 4634 τῷ
960 4572 1175 4639 Κυρίῳ,
1221 4572 1307 4626 ὅτι
1333 4575 1571 4643 ἀγαθὸς,
1602 4576 1687 4630 ὅτι
1713 4579 1802 4645 εἰς

221 4657 335 4710 τὸν
366 4657 552 4711 αἰῶνα
589 4661 654 4712 τὸ
693 4659 865 4726 ἕλεος
911 4664 1120 4718 αὐτοῦ.
1159 4665 1393 4720 Elatia.)
1435 4667 1510 4735 δὴ
1559 4673 1592 4722 ό
1637 4667 1812 4736 οἰκος

236 4749 499 4817 Ἰσραὴλ,
535 4749 621 4802 ὅτι
647 4751 886 4819 ἀγαθὸς,
929 4754 1015 4806 ὅτι
1048 4758 1134 4821 εἰς
1178 4757 1284 4811 τὸν
1310 4757 1493 4812 αἰῶνα
1522 4761 1586 4813 τὸ
1629 4762 1804 4829 ἔλεος

222 4841 414 4895 αὐτοῦ
435 4859 448 4872 ·
475 4841 692 4895 εἰπάτω
729 4841 804 4910 δὴ
833 4840 997 4911 οἶκος
1038 4847 1270 4914 Ἀαρὼν,
1305 4850 1391 4903 ὅτι
1426 4853 1667 4920 ἀγαθὸς,
1712 4853 1806 4907 ὅτι

223 4933 314 4996 εἰς
359 4930 467 4984 τὸν
497 4931 681 4985 αἰῶνα
726 4932 792 4985 τὸ
839 4933 1009 4999 ἕλεος
1069 4938 1272 4990 αὐτοῦ.
1318 4941 1674 4994 Εἰπάτωσαν
1722 4942 1800 5012 δὴ

224 5021 450 5088 πάντες
469 5025 523 5076 οἱ
554 5026 908 5093 φοϐούμενοι
938 5027 1042 5079 τὸν
1069 5029 1306 5094 Κύριον,
1333 5029 1419 5083 ὄτι
1445 5033 1684 5100 ἀγαθὸς,
1710 5035 1802 5088 ὅτι

223 5115 311 5179 εἰς
341 5113 448 5167 τὸν
482 5112 668 5168 αἰῶνα
703 5115 768 5168 τὸ
807 5115 979 5182 ἕλεος
1015 5119 1222 5173 αὑτοῦ.
1256 5121 1364 5173 Καὶ
1405 5123 1462 5174 ὲν
1509 5127 1618 5187 τοῖς
1663 5142 1798 5196 προ-

225 5203 521 5275 κειμένοις,
562 5207 663 5277 τῆς
703 5205 1066 5278 εὐαγγελικῆς
1100 5210 1321 5281 χάριτος
1375 5213 1467 5266 ἐπὶ
1510 5216 1683 5270 πάντα
1729 5218 1801 5272 τὰ

224 5296 352 5368 ἔθνη
383 5299 656 5373 χυθεὶσης,
694 5294 768 5355 ὧν
790 5303 957 5356 ἐθνῶν
985 5304 1146 5376 μέρος
1188 5324 1241 5358 τι
1268 5302 1336 5377 ἦν
1364 5309 1456 5362 καὶ
1483 5311 1510 5362 ό
1540 5311 1604 5364 ἐκ
1641 5330 1794 5384 περι-

224 5391 398 5461 τομῆς
425 5392 573 5456 λαὸς,
605 5394 698 5448 καὶ
735 5395 900 5466 μέρος
938 5397 998 5449 τὸ
1040 5396 1360 5468 πρώτιστον,
1392 5403 1616 5467 εἰκότως
1644 5405 1792 5478 πρῶ-

223 5497 350 5546 τους
379 5483 575 5548 αὐτοὺς
613 5488 642 5538 ὁ
689 5486 845 5556 λόγος
896 5491 986 5541 ἐπὶ
1033 5491 1134 5560 τὴν
1174 5491 1558 5565 ἐξομολόγησιν
1601 5497 1786 5550 καλεῖ-

224 5572 416 5628 ἔπειτα
443 5578 566 5642 τοὺς
594 5578 653 5642 ἐξ
669 5579 836 5632 ὲονῶν
855 5583 1323 5653 προσεληλυθότας
1352 5586 1430 5657 τῷ
1454 5588 1786 5662 Εὐαγγελίῳ,

228 5666 370 5720 κατὰ
401 5668 490 5721 τό·
540 5670 794 5737 Ἰουδαίῳ
824 5691 885 5727 τε
932 5673 1165 5743 πρῶτον
1202 5677 1298 5732 καί
1326 5665 1594 5749 Ἕλλήνι.
1635 5682 1696 5736 Εἰ
1734 5683 1789 5738 δέ

303 5824 323 5853 ⁸
355 5823 518 5882 lach.
559 5845 625 5895 ιι,
666 5828 885 5895 10,Η.
964 5831 984 5860 ⁸
1025 5832 1182 5886 Rom.
1223 5833 1397 5897 1,·16.

1781 4453 1880 4558 ὀ

2382 4482 2748 4537 ALLELUIA.
2786 4481 2992 4537 CXVII.

1969 4575 2135 4630 Vens.
2183 4575 2296 4628 1-4.
2345 4572 2683 4643 Conﬁtemini
2726 4573 2946 4626 Domino
2985 4572 3234 4641 quoniam
3288 4571 3474 4635 bonus,

1898 4669 2144 4739 quoniam
2179 4667 2232 4719 in
2260 4665 2512 4719 sarculum
2554 4663 2919 4717 misericordia
2961 4664 3095 4733 ejus.
3138 4662 3294 4717 Dicat
3340 4681 3475 4718 nunc

1900 4758 2086 4811 domus
2124 4756 2296 4810 Israel
2342 4756 2589 4825 quoniam
2627 4754 2812 4815 bonus,
2845 4754 3091 4823 quoniam
3125 4754 3177 4805 in
3220 4752 3472 4806 sa'culum

1900 4849 2262 4906 misericordia
2287 4849 2421 4920 ejus.
2448 4848 2602 4902 Dicat
2634 4864 2771 4900 nunc
2795 4846 2982 4900 domus
3009 4845 3189 4897 Aaron
3224 4844 3471 4914 quoniam

1902 4944 2088 5006 bonus,
2120 4943 2370 5013 quoniam
2413 4943 2466 4995 in
2496 4941 2748 4994 swculum
2778 4937 3141 4992 misericordia
3194 4936 3327 5004 ejus.
3376 4935 3472 4989 Di-

1900 5045 2024 5089 cant
2045 5051 2368 5088 nuncomnes
2389 5034 2479 5103 qui
2502 5035 2681 5086 timent
2701 5031 2980 5084 Dominum
3002 5029 3247 5100 quoniam
3282 5028 3466 5092 bonus,

1897 5129 2144 5200 quoniam
2163 5128 2218 5181 in
2240 5127 2488 5181 saeculum
2512 5122 2874 5179 misericordia
2889 5123 3024 5193 ejus.
3041 5123 3100 5176 In
3124 5122 3208 5176 bis
3231 5135 3466 5191 quoque,

1896 5217 2068 5275 eﬂ'usa
2107 5219 2161 5272 in
2205 5233 2403 5273 omnes
2425 5224 2615 5288 gentes
2658 5216 2972 5286 evangelica
3004 5213 3200 5285 gratia,
3235 5225 3468 5281 quarum

1897 5312 2141 5383 gentium
2179 5324 2310 5380 pars
2331 5309 2536 5379 aliqua,
2564 5309 2672 5362 imo
2700 5323 2824 5377 pars
2854 5307 3050 5376 prima,
3078 5313 3196 5358 erat
3235 5301 3467 5371 papulas

1894 5421 1959 5460 ex
1989 5403 2437 5470 circumcisione,
2468 5403 2663 5456 merito
2705 5399 2920 5455 Judaeos
2966 5397 3032 5450 ad
3063 5393 3466 5449 confessionem

1895 5500 2102 5570 primos
2134 5514 2314 5553 sermo
2364 5507 2552 5551 evocat
2582 5516 2594 5550 :
2627 5495 2927 5562 «leindeque
2953 5507 3048 5546 eos
3081 5505 3146 5544 ex
3189 5487 3462 5560 gentibus,

1894 5591 1986 5664 qui
2031 5591 2097 5645 ad
2156 5590 2504 5661 Evangelium
2560 5594 2922 5649 accesserant,
2965 5583 3262 5641 secundum
3294 5581 3460 5634 illud:

1894 5683 2084 5740 Judaao
2115 5684 2344 5754 primum
2372 5694 2422 5738 et
2453 5683 2633 5738 στανεο
2652 5679 2693 5734 ⁸.
2749 5679 2807 5734 Si
2839 5678 2964 5750 quis
3003 5686 3181 5734 autem
3209 5682 3465 5730 accurate
