3964 6536
522 430 657 489 1563
1182 426 1453 484 EUSEBII
1491 417 1969 483 CESARIENSIS
1995 426 2146 483 OPP.
2185 425 2361 481 PARS
2399 425 2488 482 Ill.
2526 455 2594 464 -—-
2630 422 3036 480 EXEGETICA.
3629 421 3750 479 1564

519 559 635 599 rem
673 541 1085 606 examinaverit,
1125 541 1289 596 etiam
1327 558 1426 613 pro
1467 541 1702 598 adventu
1755 541 1960 597 Christi
1995 540 2061 595 ιιι

2188 556 2271 603 τις
2300 538 2544 610 ἀκριϐῶς
2577 536 2870 602 ἐξετάσειε,
2905 536 2999 589 καὶ
3032 535 3172 606 ὑπὲρ
3200 536 3299 607 τῆς
3332 537 3640 606 παρουσίας
3668 539 3752 591 αὒ-

518 638 667 691 dmos
705 635 758 688 in
815 632 1002 702 primis
1042 630 1246 701 gratias
1278 645 1438 701 agere
1465 630 1642 686 decet.
1712 628 1844 683 Nam
1875 629 2064 684 etiams

2189 633 2287 705 τῆς
2321 633 2412 686 τοῦ
2434 631 2666 705 Χριστοῦ
2693 631 2924 702 μάλιστα
2950 631 3076 692 τοὺς
3111 629 3392 693 Ἰουδαίους
3420 632 3752 701 εὐχαριστεξν

517 727 748 781 adversa
773 723 883 780 sint
911 721 1175 793 perpessi,
1210 731 1266 776 at
1292 739 1400 777 non
1427 723 1496 777 ab
1516 738 1582 778 eo
1604 723 1705 793 'qui
1738 723 1792 776 in
1828 721 2064 775 mundun

2187 723 2285 778 δεῖ.
2319 725 2382 777 El
2406 722 2513 796 γὰρ
2541 723 2635 777 καὶ
2663 722 2732 776 τά
2772 721 2990 776 ἐναντία
3029 721 3346 793 ὑπέμειναν,
3380 721 3494 774 ἀλλ’
3526 723 3591 774 οὐ
3616 724 3751 794 παρὰ

517 816 704 883 venit;
755 814 850 869 sed
881 814 1078 884 ingrati
1125 813 1292 868 animi
1327 827 1517 882 poenas
1553 814 1789 868 luerunt.
1835 811 1968 865 Nam
1999 811 2064 864 ἰ11‹

2183 815 2278 870 τὸν
2322 815 2783 891 παραγενόμενον,
2828 813 2964 868 ἀλλὰ
2996 813 3146 884 παρά
3185 812 3283 884 τὴν
3327 814 3534 866 οἰκείαν
3585 816 3749 881 ἀγνω-

516 906 738 982 quidem
775 905 844 960 ad
887 905 1036 976 ipsos
1070 905 1466 976 peregrinatus,
1502 905 1812 974 frequenter
1837 903 2082 958 dicebat:

517 997 644 1052 Non
663 999 778 1051 veni
806 997 908 1051 nisi
933 996 1002 1050 ad
1024 1013 1138 1051 oves
1168 1014 1284 1066 qute
1311 997 1579 1065 perierunt
1601 997 1788 1049 domus
1815 994 1988 1050 Israel
2014 996 2032 1025 ⁷
2069 1014 2080 1048 :

513 1090 662 1162 quod
700 1091 746 1146 si
791 1089 896 1144 hoc
928 1089 1194 1145 beneﬁcio
1253 1090 1459 1162 indigni
1491 1100 1620 1145 sunt
1656 1089 1848 1154 habiti,
1883 1089 1935 1144 id
1970 1088 2085 1144 suis

512 1182 900 1254 fniquitatibus
944 1189 998 1237 et
1054 1181 1268 1253 ingrato
1321 1183 1549 1238 nimium
1596 1182 1777 1237 animo
1831 1196 1932 1236 suo
1982 1180 2085 1235 im-

555 1282 731 1330 utent.

555 1290 731 1330 utent.

515 1290 552 1350 Ρ
585 1364 751 1424 Vana.
783 1365 934 1423 5-15.
991 1365 1062 1420 De
1090 1364 1426 1419 tribulatione
1446 1365 1680 1419 invocavi
1714 1364 2014 1428 Dominum,
2037 1375 2083 1419 et

511 1459 782 1514 exaudivit
811 1476 890 1513 me
921 1460 975 1514 in
1004 1459 1305 1516 latitudine.
1334 1459 1589 1512 Dominus
1614 1459 1743 1512 mihi
1774 1458 2007 1525 adiutor,
2034 1467 2085 1512 et

510 1569 617 1607 non
651 1552 840 1606 timebo
887 1552 1012 1623 quid
1057 1553 1223 1622 faciat
1273 1552 1400 1606 mihi
1436 1552 1612 1608 homo.
1666 1550 1922 1606 Dominus
1956 1551 2084 1605 mihi

511 1643 749 1715 adjutor,
773 1653 823 1698 et
852 1661 943 1715 ego
967 1643 1251 1714 despiciam
1281 1643 1520 1698 inimicos
1548 1661 1710 1698 meos.
1764 1644 1970 1698 Bonum
2004 1653 2083 1698 est

510 1737 773 1807 conﬁdere
827 1739 884 1791 in
930 1737 1176 1800 Domino,
1236 1753 1395 1807 quam
1438 1737 1699 1807 conﬁdere
1754 1738 1809 1791 in
1853 1737 2077 1792 homine.

509 1827 718 1883 Bonum
739 1839 818 1883 cst
841 1845 1053 1899 sperare
1082 1829 1135 1882 in
1162 1827 1413 1892 Domino,
1435 1845 1595 1899 quam
1621 1843 1829 1897 sperare
1850 1829 1903 1882 in
1928 1828 2074 1896 prin-

2188 907 2443 980 μοσύνην.
2498 909 2671 972 Αὐτὸς
2727 907 2822 979 μὲν
2873 906 2982 976 γὰρ
3028 905 3161 976 πρὸς
3209 905 3404 968 αὐτοὺς
3444 907 3746 974 ἀφικνεῖτο,

2186 1001 2279 1052 καὶ
2306 999 2544 1069 συνεχῶς
2589 999 2770 1066 ἔλεγεν
2790 1016 2803 1028 ·
2832 1001 2954 1052 Οὐκ
2989 994 3181 1070 ἦλθον
3219 999 3355 1052 ἀλλ’
3383 1001 3468 1064 εις
3507 999 3581 1052 τὰ
3613 1001 3749 1066 πρό-

2185 1095 2332 1147 ϐατα
2363 1093 2433 1148 τὰ
2471 1093 2827 1146 ἀπολωλότα
2858 1093 3027 1146 οἴκου
3071 1091 3339 1160 Ἰσραήλσ
3375 1094 3422 1144 εί
3461 1092 3524 1144 δέ
3552 1092 3748 1157 ἀνάξιοι

2181 1185 2281 1255 τῆς
2309 1183 2626 1254 εὐεργεσίας
2652 1184 2949 1254 ἐφάνησαν,
2973 1186 3093 1247 ταῖς
3120 1183 3324 1237 ἑαυτῶν
3354 1181 3750 1251 λογιζέσθωσαν

2184 1277 2550 1346 παρανομίαις
2577 1275 2671 1328 καὶ
2703 1278 2768 1346 τῇ
2801 1276 2897 1346 τῆς
2929 1275 3320 1347 ἀγνωμοσύνης
3351 1274 3647 1347 ὑπερϐολῇ.

2265 1367 2358 1419 Ἐκ
2401 1367 2661 1434 θλίψεως
2705 1366 3168 1436 ἐπεκαλεσιῆμην
3202 1367 3310 1420 τὸν
3351 1369 3616 1436 Κύριον,
3658 1366 3751 1421 καὶ

2179 1457 2488 1524 ἐπήκουσέ
2523 1476 2640 1527 μου
2675 1461 2763 1525 εἰς
2787 1462 3167 1530 πλατυσμόν.
3194 1462 3408 1528 Κύριος
3437 1462 3572 1531 ἐμοι
3601 1463 3750 1530 ,βοη-

2183 1549 2304 1614 θὸς,
2339 1550 2433 1603 καὶ
2461 1552 2532 1603 οὐ
2558 1549 2968 1620 φοϐηθήσομαι
3013 1553 3070 1604 τι
3106 1550 3342 1617 ποιήσει
3388 1570 3486 1621 μοι
3531 1553 3750 1621 ἄνθρω-

2181 1657 2311 1708 πος.
2344 1644 2560 1710 Κύριος
2609 1642 2738 1713 ἐμοὶ
2764 1643 3019 1711 βοηθὸς,
3064 1643 3223 1712 κάγὼ
3275 1645 3580 1714 ἐπόψομαι
3620 1645 3753 1713 τοὺς

2179 1733 2429 1801 ἐχθρούς
2467 1752 2608 1802 μου.
2672 1734 2922 1804 Ἀγαθὸν
2966 1736 3307 1790 πεποιθέναι
3349 1737 3450 1790 ἐπὶ
3501 1739 3750 1805 Κύριον,

2178 1823 2218 1892 ἢ
2268 1825 2610 1879 πεποιθέναι
2656 1825 2747 1878 ἐπ’
2799 1825 3144 1895 ἄνθρωπον·
3199 1827 3425 1897 ἀγαθὸν
3492 1828 3753 1888 ἐλπίζειν

509 1919 732 1989 cipibus.
770 1919 960 1976 Omnes
983 1931 1156 1991 gentes
1191 1920 1507 1974 circuierunt
1533 1937 1634 1985 me,
1661 1930 1710 1974 et
1733 1921 1938 1974 nomine
1965 1918 2064 1972 Do«

2175 1917 2274 1970 ἐπὶ
2304 1919 2547 1985 Κύριον,
2588 1915 2627 1985 ἢ
2661 1894 2920 1978 ἐλπίζειν
2961 1919 3053 1972 ἐπ’
3090 1894 3364 1989 ἄρχουσι.
3425 1920 3639 1974 Πάντα
3689 1922 3753 1976 τὰ

507 2015 641 2067 mini
685 2014 826 2068 ultus
870 2029 1126 2068 sunteas.
1180 2011 1580 2067 Circumdantes
1627 2011 2077 2066 circumdederunt

506 2122 609 2170 me,
633 2115 683 2161 ct
723 2106 929 2161 nomine
976 2104 1184 2158 Domini
1211 2103 1355 2159 ultus
1400 2121 1519 2158 sum
1547 2121 1654 2158 eos.
1709 2102 2077 2158 Circumdede-

505 2207 630 2254 runt
658 2216 738 2254 me
769 2199 904 2254 sicut
936 2215 1056 2268 apes
1097 2198 1297 2267 favum,
1341 2207 1389 2252 et
1435 2207 1745 2252 exarserunt
1774 2199 1905 2250 sicut
1938 2197 2074 2267 ignis

503 2294 559 2346 in
588 2292 775 2358 spinis,
809 2301 859 2345 et
887 2293 1094 2347 nomine
1128 2290 1344 2344 Domini
1371 2294 1512 2344 ultus
1534 2306 1649 2344 sum
1669 2306 1776 2345 eos.
1807 2288 2073 2360 Impulsus

502 2398 709 2438 eversus
739 2399 855 2436 sum
882 2391 940 2435 ut
966 2382 1228 2448 caderem,
1277 2391 1328 2438 et
1385 2381 1639 2436 Dominus
1690 2382 1915 2450 suscepit
1971 2397 2069 2434 me.

503 2473 795 2528 Fortitudo
845 2491 959 2528 mea
1006 2484 1054 2528 et
1087 2475 1203 2528 laus
1231 2491 1347 2530 mea
1381 2474 1658 2538 Dominus,
1703 2484 1751 2528 et
1786 2475 1956 2538 factus
1995 2482 2074 2526 est

501 2568 633 2622 ηιὶΙιὶ
648 2569 702 2620 in
730 2567 975 2623 salutem.
1001 2567 1113 2622 Vox
1133 2567 1506 2622 exsultationis
1529 2577 1575 2621 et
1601 2567 1790 2620 salutis
1817 2567 1869 2619 in
1895 2565 2072 2620 taber-

501 2659 709 2714 naculis
737 2658 1022 2727 iustorum.
1049 2658 1178 2713 Mihi
1212 2674 1344 2715 sane
1366 2657 1571 2729 profuit
1602 2658 1746 2733 quod
1781 2659 2071 2728 impiorum

498 2752 662 2807 tinem
700 2751 833 2822 ipsis
859 2752 1034 2807 oculis
1070 2752 1426 2822 perciperent.
1458 2744 1592 2806 Novi
1622 2751 1766 2805 enim
1795 2766 1889 2807 eos
1911 2766 2071 2806 exar-

499 2845 643 2898 sisse
667 2845 800 2898 sicut
828 2845 961 2915 ignis
996 2846 1052 2899 in
1095 2845 1280 2915 spinis,
1321 2852 1414 2898 aut
1444 2845 1743 2899 exstinctos
1781 2859 1903 2900 esse
1935 2844 2071 2898 sicut

499 2936 636 3005 ignis
663 2937 719 2990 in
748 2937 948 3006 spinis;
985 2937 1059 2993 ita
1092 2949 1148 2994 ut
1177 2952 1287 2992 non
1307 2937 1540 2993 ulterius
1573 2937 1876 3006 perturber,
1910 2937 1954 2991 si
1985 2937 2068 2990 vi-

499 3029 659 3084 deam
698 3029 895 3099 impios
955 3045 1075 3086 sese
1120 3029 1393 3100 erigentes
1451 3036 1504 3084 et
1553 3029 1609 3082 in
1663 3030 1920 3099 populum
1975 3029 2067 3084 Dei

500 3121 867 3194 insurgentes.
899 3121 1108 3177 Edidici
1151 3123 1354 3194 quippe
1379 3122 1601 3194 quinam
1637 3123 1782 3192 ipsos
1815 3121 1938 3178 linis
1973 3137 2067 3178 ex-

498 3218 728 3280 spectet.

571 3469 733 3528 Vt-zns.
752 3471 927 3528 1648.
946 3473 1173 3529 Dextera
1192 3475 1401 3530 Domini
1426 3477 1548 3546 fecit
1571 3478 1830 3540 virtutem,
1849 3477 2065 3534 dextera

494 3563 710 3619 Domini
747 3570 999 3622 exultavit
1032 3587 1131 3633 me,
1165 3569 1382 3625 dextera
1405 3571 1618 3626 Domini
1647 3573 1768 3642 fecit
1797 3575 2059 3629 virtutem.

496 3654 622 3711 Non
668 3660 886 3726 moriar,
919 3661 1010 3714 sed
1049 3663 1239 3728 vivam,
1287 3673 1336 3718 et
1373 3665 1602 3718 narrabo
1636 3681 1793 3734 opera
1827 3665 2058 3722 Domini.

494 3743 776 3819 Castigans
803 3753 1078 3820 castigavit
1107 3770 1187 3808 me
1218 3752 1496 3820 Dominus,
1546 3766 1596 3810 et
1619 3758 1780 3811 morti
1808 3775 1932 3812 non-
1952 3769 2063 3811 tra-

491 3839 629 3895 didit
670 3858 767 3896 me.
797 3841 951 3909 Quod
977 3846 1382 3914 persecutiones
1419 3863 1527 3902 non
1561 3849 1782 3904 inutiles
1805 3851 1936 3914 sint,
1967 3851 2060 3906 sed

492 3932 559 3984 ad
617 3934 910 3989 utilitatem
962 3945 1015 3991 et
1056 3938 1429 4006 probationem
1476 3948 1794 3995 vexatorum
1844 3943 2058 4007 cedant,

489 4023 648 4079 docet
686 4025 772 4084 his
806 4028 986 4082 verbis
1018 4027 1334 4102 :Castigans
1366 4033 1643 4102 castigavit
1674 4050 1751 4087 me
1779 4033 2057 4092 Dominus.

489 4114 626 4171 Novi
662 4117 808 4172 enim
848 4119 1218 4176 inﬁrmitatem
1249 4138 1448 4188 meam,
1475 4133 1526 4178 et
1555 4139 1586 4178 a
1614 4124 1724 4180 Deo
1757 4127 1889 4180 mihi
1922 4144 2060 4198 pra:-

489 4207 676 4263 stitam
711 4209 966 4264 virtutem
1002 4227 1110 4267 non
1141 4213 1404 4283 ignoravi.
1468 4213 1678 4270 Edidici
1710 4233 1840 4272 vero
1870 4220 2056 4290 cujus-

487 4298 638 4353 ruodi
685 4299 757 4355 sit
808 4299 1028 4356 dextera
1083 4304 1174 4358 illa
1229 4303 1467 4370 Domini,
1512 4323 1632 4377 quae
1678 4308 1929 4368 inimicos
1964 4312 2060 4370 de-

485 4391 708 4462 pressit.

558 4505 726 4564 VERS.
777 4508 960 4563 19-21.
1008 4509 1217 4580 Aperite
1278 4510 1406 4564 mihi
1467 4523 1648 4582 portas
1685 4515 1933 4585 justititr,
1974 4523 2058 4573 in-

482 4615 692 4667 gressus
723 4601 880 4656 ineas
898 4601 1184 4670 conﬁtebor
1206 4599 1430 4656 Domino
1449 4620 1467 4657 :
1506 4605 1618 4658 [nec
1645 4607 1798 4674 porta
1818 4607 2050 4678 Domini,

472 4689 614 4756 justi
653 4690 924 4744 intrabunt
976 4692 1030 4746 in
1075 4709 1210 4745 eam.
1290 4691 1588 4763 Conﬁtebor
1646 4698 1760 4764 tibi,
1807 4702 2052 4769 quoniam

481 4781 749 4836 exaudisti
777 4799 878 4847 me,
907 4793 957 4836 et
986 4783 1157 4852 factus
1196 4802 1249 4838 es
1281 4786 1408 4843 mihi
1445 4789 1500 4842 in
1521 4789 1765 4844 salutent.
1793 4791 2052 4848 Generale

483 4875 908 4945 igituromnium
945 4876 1205 4932 virtutum
1245 4895 1444 4935 nomen
1479 4882 1707 4952 iustitiae
1725 4885 2041 4950 ascribitur,

480 4981 621 5036 quas
678 4967 733 5021 in
777 4969 959 5038 specie
999 4970 1250 5027 dividens
1300 4973 1571 5044 quispiam
1621 4977 1745 5046 jure
1806 4978 2044 5034 dixerit:

479 5061 696 5129 Aperite
721 5061 849 5114 mihi
883 5072 1064 5130 portas
1085 5063 1332 5133 justitite,
1359 5075 1544 5136 portas
1570 5068 1696 5123 item
1726 5071 2044 5140 prudentiae,

479 5159 536 5207 et
585 5152 922 5222 reliquarum
969 5154 1270 5211 secundum
1321 5155 1488 5212 Deum
1545 5161 1841 5215 actionum.
1898 5161 2048 5219 Post-

481 5260 643 5314 quam
683 5254 860 5300 autem
909 5254 1096 5317 portas
1151 5263 1340 5303 omnes
1392 5260 1812 5322 praetergressus
1856 5255 2045 5323 fuerit;

480 5338 698 5392 demum
729 5337 788 5393 in
826 5338 1017 5396 intima
1071 5347 1412 5408 sanctorum,
1439 5350 1497 5396 ut
1519 5345 1786 5416 quispiam
1827 5347 2045 5416 dixerit,

479 5430 823 5501 perveniens,
859 5446 970 5486 non
1012 5432 1234 5493 multas,
1287 5431 1383 5487 sed
1413 5449 1574 5488 unam
1599 5437 1800 5492 videbit
1836 5450 2050 5508 portam

479 5519 655 5589 ipsius
677 5519 911 5583 Domini,
947 5536 1044 5592 per
1077 5537 1239 5592 quam
1277 5537 1468 5579 omnes
1491 5524 1624 5593 justi
1655 5527 2046 5598 ingredientur.

479 5609 687 5668 Dixerit
717 5628 880 5682 porro
902 5615 1197 5684 quispiam,
1231 5615 1374 5672 hanc
1399 5616 1643 5672 ultimam
1676 5636 1800 5675 esse
1825 5628 1879 5676 et
1926 5638 2048 5692 pos-

479 5713 708 5760 tremam
752 5713 988 5778 portam,
1028 5711 1170 5767 ultra
1205 5727 1368 5783 quam
1415 5715 1668 5786 progredi
1721 5734 1830 5774 non
1865 5719 2043 5776 liceat.

547 5859 568 5882 '
608 5858 798 5916 Matth.
835 5877 925 5928 xv,
959 5863 1048 5920 24.

2175 2009 2320 2077 ἔθνη
2369 2007 2725 2062 ἐκύκλωσάν
2775 2028 2850 2081 με
2872 2055 2887 2079 ,
2940 2011 3038 2065 καί
3091 2011 3172 2078 τῷ
3227 2013 3470 2082 ὀνόματι
3535 2016 3752 2082 Κυρίου

2174 2101 2494 2170 ἠμυνάμην
2524 2103 2766 2168 αὐτούς.
2799 2103 3235 2169 Κυκλώσαντες
3272 2104 3642 2159 ἐκύκλωσαν
3659 2124 3750 2175 με,

2174 2192 2377 2258 καὶτῷ
2408 2194 2651 2263 ὀνόματι
2679 2196 2899 2263 Kvplov
2939 2196 3260 2266 ἠμυνάμην
3295 2199 3543 2263 αὐτούς.
3594 2200 3754 2251 Ἐκύ·

2173 2284 2418 2338 κλωσάν
2438 2303 2515 2355 με
2543 2287 2685 2340 ὡσεὶ
2714 2287 3005 2356 μέλισσαι
3033 2290 3262 2356 κηρίον,
3296 2291 3393 2342 καὶ
3425 2289 3752 2356 ἐξεκαύθης

2173 2389 2295 2428 σαν
2312 2376 2452 2430 ὡσεὶ
2475 2376 2592 2446 πῦρ
2613 2378 2682 2430 ἐν
2706 2377 3014 2444 ἀκάνθαις,
3037 2379 3133 2432 καὶ
3154 2379 3232 2446 τῷ
3261 2381 3510 2450 ὀνόματι
3534 2383 3746 2449 Κυρίου

2171 2469 2490 2539 ἠμυνάμην
2510 2475 2748 2541 αὐτούς.
2779 2475 3006 2541 Ὠσθεὶς
3026 2475 3367 2545 ἀνετράπην
3388 2476 3498 2530 τοῦ
3518 2475 3746 2543 πεσεῖν,

2172 2559 2269 2612 καὶ
2307 2563 2340 2614 ὀ
2389 2564 2603 2632 Κύριος
2649 2564 3010 2620 ἀντελάϐετό
3061 2585 3201 2636 μου.
3250 2568 3447 2636 Ἰσχύς
3492 2585 3619 2637 μου
3656 2568 3746 2620 και

2169 2650 2431 2720 ὕμνησίς
2453 2671 2572 2722 μου
2604 2658 2637 2708 ὀ
2663 2657 2896 2723 Κύριος,
2923 2658 3018 2710 καὶ
3049 2659 3287 2728 ἐγένετό
3309 2676 3408 2728 μοι
3438 2663 3534 2725 εις
3558 2676 3750 2728 σωτη-

2163 2744 2324 2810 ρίαν.
2359 2746 2530 2814 Φωνὴ
2561 2747 2978 2818 ἀγαλλιάσεως
3021 2751 3120 2804 καὶ
3163 2753 3465 2819 σωτηρίας
3497 2753 3570 2805 ὲν
3605 2770 3750 2817 σκη-

2168 2831 2302 2899 ναῖς
2333 2832 2599 2890 δικαίων.
2656 2837 2955 2911 Ὠῳελὴθην
2988 2839 3044 2893 δὲ
3097 2841 3190 2894 καὶ
3223 2841 3528 2913 ὀφθαλμοῖς
3569 2861 3746 2914 παρις

2168 2924 2347 2981 λαϐὼν
2376 2928 2442 2983 τὰ
2469 2929 2596 3003 τέλη
2630 2930 2736 2986 τῶν
2769 2932 2999 2988 ἀσεϐῶν.
3029 2933 3237 3004 Ἐγνων
3260 2934 3384 3008 γὰρ,
3407 2937 3492 2989 ὅτι
3523 2937 3741 3001 ἐξεκαύ-

2125 3065 2128 3072 .
2169 3019 2340 3092 θησαν
2374 3022 2454 3088 ὡς
2488 3024 2606 3092 πῦρ
2655 3025 2725 3078 ἐν
2756 3025 3044 3093 ἀκάνθαις
3067 3070 3082 3094 ,
3135 3027 3168 3098 ἢ
3205 3021 3622 3100 ἐπεσϐἑσθησαν
3673 3031 3747 3095 ὡς

2167 3112 2286 3180 πῦρ
2320 3113 2388 3165 ἐν
2417 3115 2697 3188 ἀκανθῶν
2729 3115 2848 3188 (sic)
2878 3115 2952 3180 ὠς
2992 3117 3188 3189 μηκέτι
3222 3136 3289 3189 με
3332 3119 3708 3190 ταράττεσθαι
3729 3161 3742 3181 ,

2091 3233 2133 3294 C
2167 3201 2221 3255 εῐ
2246 3221 2375 3257 ποτε
2409 3205 2546 3278 ὁρῶν
2574 3206 2791 3271 ἀσεϐεῖς
2821 3209 3231 3280 ἐπαιρομένους,
3251 3211 3343 3264 καὶ
3371 3211 3449 3282 τῷ
3470 3212 3587 3282 λαῷ
3614 3212 3744 3265 Θεοῦ

2166 3293 3034 3368 ἐπανισταμένους.Πεπαίδευμαι
3053 3297 3159 3368 γὰρ
3174 3300 3353 3352 ὁτωῖον
3374 3300 3575 3363 αὐτοὺς
3601 3301 3744 3364 τέλος

2166 3385 2467 3456 περιμένει.
3427 3385 3430 3388 ’

2232 3497 2407 3563 Δεξιὰ
2446 3501 2667 3569 Κυρίου
2693 3500 2941 3570 ἐποίησε
2973 3501 3230 3572 δύναμιν
3250 3542 3264 3568 ,
3319 3504 3493 3568 δεξιὰ
3523 3507 3741 3576 Κυρίου

2162 3589 2374 3660 ὕψωσέ
2410 3609 2521 3660 με,
2561 3592 2729 3658 δεξιὰ
2762 3596 2983 3662 Κυρίου
3011 3595 3259 3663 ἐποίησε
3299 3595 3584 3669 δύναμιν.
3625 3604 3740 3655 Οὐκ

2161 3684 2602 3754 ἀποθανοῦμαι,
2647 3686 2808 3740 ἀλλὰ
2838 3685 3106 3758 ζήσομαι,
3137 3688 3233 3742 καὶ
3276 3688 3648 3760 διηγήσομαι
3676 3693 3742 3745 τὰ

2160 3774 2304 3844 ἔργα
2328 3778 2566 3845 Κυρίου.
2613 3777 2918 3834 Παιδεύων
2953 3780 3275 3836 ἐπαίδευσέ
3317 3799 3390 3849 με
3434 3786 3470 3836 ὀ
3505 3788 3741 3852 Κύριος,

2159 3867 2241 3934 τῷ
2273 3866 2340 3921 δὲ
2370 3867 2602 3934 θανάτῳ
2633 3871 2705 3923 οὐ
2735 3870 3041 3938 παρέδωκέ
3065 3889 3160 3941 με.
3195 3873 3314 3926 Ὅτι
3351 3875 3424 3944 μὴ
3463 3875 3544 3938 εἰς
3570 3876 3738 3946 ἄχρη-

2163 3975 2285 4011 στον
2319 3961 2367 4012 οἱ
2401 3959 2651 4032 διωγμοὶ,
2701 3961 2817 4014 ἀλλ’
2854 3964 2943 4016 ἐπ’
2997 3963 3230 4037 ὠφελείᾳ
3260 3966 3353 4018 καὶ
3401 3966 3608 4039 δοκιμῇ
3639 3967 3740 4020 τῶν

2160 4052 2610 4122 πεπειρασμένων
2634 4053 2909 4122 γεγόνασι,
2933 4054 3170 4108 διδάσκει
3198 4056 3370 4125 λέγων
3391 4074 3405 4086 ο
3429 4059 3742 4113 "anisi-ur

2156 4142 2478 4197 ἐπαίδευσέ
2501 4161 2579 4212 με
2623 4147 2655 4198 ό
2692 4147 2929 4214 Κύριος.
2975 4147 3188 4216 Ἐγνων
3219 4147 3326 4220 γὰρ
3358 4148 3460 4219 τὴν
3498 4150 3737 4221 ἐμαυτοῦ

2157 4232 2459 4298 ἀσθένειαν,
2477 4235 2570 4288 καὶ
2585 4234 2680 4306 τὴν
2697 4237 2760 4288 ἐκ
2776 4236 2909 4290 Θεοῦ
2931 4255 3019 4308 μοι
3040 4240 3476 4309 παρασχεῡεῖσαν
3502 4242 3735 4313 δύναμιν

2157 4323 2258 4377 οὑκ
2300 4324 2560 4397 ἠγνόησα.
2601 4327 2954 4401 Ἐπαιδεύθην
2986 4329 3041 4381 δὲ
3082 4331 3240 4384 ὁποία
3272 4350 3354 4395 τις
3396 4329 3469 4405 ἦν
3526 4337 3562 4407 ἡ
3596 4336 3740 4400 δεξιά

2155 4414 2250 4470 τοῦ
2281 4418 2507 4489 Κυρίου,
2540 4421 2573 4490 ἡ
2604 4420 2728 4483 τοὺς
2755 4421 3046 4492 πολεμίους
3074 4425 3480 4480 ταπεινώσασα.

2242 4531 2534 4596 Ἆνοίξατέ
2579 4550 2681 4601 μοι
2733 4534 2933 4600 πύλας
2975 4534 3364 4606 δικαιοσύνης
3387 4579 3401 4603 ,
3440 4543 3739 4595 εἰσελθὼν

2087 4591 2132 4646 D
2156 4625 2227 4676 ἐν
2277 4591 2485 4690 “ﬁni”?
2533 4591 3051 4696 ἐξομολογήσὲμαι
3101 4627 3183 4694 τῷ
3218 4591 3736 4702 nisi

2158 4717 2320 4784 πύλη
2347 4717 2453 4770 τοῦ
2476 4719 2715 4786 Κυρίου,
2737 4718 2951 4771 δίκαιοι
2977 4721 3426 4775 εἰσελεύσονται
3455 4725 3529 4777 ἐν
3555 4726 3736 4793 αὐτῇ.

2173 4807 2716 4878 Ἐξομολογήσομαί
2765 4825 2885 4872 σοι,
2925 4808 3015 4862 ὅτι
3053 4810 3402 4879 ἐπήκουσάς
3441 4833 3604 4884 μου,
3640 4817 3737 4868 καὶ

2155 4896 2365 4968 ἐγένου
2379 4916 2482 4967 μοι
2514 4902 2601 4966 εὶς
2625 4901 2944 4970 σωτηρίαν.
2972 4901 3044 4954 Τὸ
3071 4902 3167 4972 μὲν
3196 4900 3289 4955 οὖν
3313 4907 3532 4972 γενικὴν
3562 4908 3737 4977 ὄνομα

2157 4991 2346 5043 πασῶν
2407 4991 2513 5045 τῶν
2566 4992 2775 5063 ἀρετῶν
2827 4996 2894 5065 τῇ
2947 4994 3256 5066 δικαιοσύνῃ
3318 5001 3730 5070 προγράφεταυ

2157 5085 2276 5138 κατ’
2311 5079 2447 5148 εἶδος
2484 5084 2540 5138 δὲ
2565 5084 2748 5142 λοιπὸν
2775 5086 2998 5159 διαιρῶν
3028 5107 3131 5152 τις,
3165 5091 3307 5143 εἴποι
3342 5091 3631 5159 ἀναλόγως
3657 5094 3732 5150 τὲ,

2169 5176 2462 5241 Ἀνοίξατέ
2484 5195 2585 5247 μοι
2611 5180 2807 5245 πύλας
2831 5180 3241 5250 δικαιοσύνης,
3272 5186 3365 5238 καὶ
3392 5186 3574 5249 πύλας
3605 5205 3736 5257 ’.θρο-

2153 5265 2393 5336 νήσεως,
2429 5268 2522 5320 καὶ
2554 5267 2660 5324 τῶν
2709 5269 2910 5326 λοιπῶν
2946 5271 3054 5324 τῶν
3084 5273 3224 5326 κατά
3270 5273 3399 5327 Θεὸν
3449 5277 3728 5349 πράξεων.

2167 5357 2412 5413 Ἐπειδὰν
2455 5359 2542 5412 διὰ
2600 5361 2786 5414 πασῶν
2841 5362 3084 5436 παρέλθῃ
3135 5365 3244 5421 τῶν
3290 5366 3506 5430 πυλῶν,
3540 5368 3732 5422 λοιπῆν

2150 5447 2242 5500 ἐπὶ
2272 5450 2331 5503 τὸ
2361 5451 2508 5516 τέλος
2553 5452 2682 5517 τῶν,
2715 5455 2791 5519 ὡς
2833 5455 2897 5510 ἂν
2929 5457 3072 5513 εἴποι
3118 5477 3218 5523 τις,
3253 5460 3519 5513 ἐνδοτάτω
3554 5462 3728 5529 ἁγίων

2152 5540 2340 5607 ἐλθὼν,
2374 5542 2557 5598 οὐκέτι
2592 5545 2812 5611 πολλὰς,
2848 5548 2993 5602 eam
3020 5551 3148 5620 μίαν
3179 5552 3363 5620 ὄψεται
3411 5553 3592 5623 πύλην
3633 5555 3726 5623 τὴν

2151 5632 2315 5686 αὐτοῦ
2353 5634 2446 5688 τοῦ
2486 5637 2689 5708 Κυρίου
2716 5677 2731 5700 ,
2765 5637 2833 5690 δι’
2875 5635 2943 5711 ἧς
3000 5641 3197 5705 πάντες
3247 5642 3644 5696 εἰσελεύσονται
3675 5644 3724 5696 οἰ

2151 5724 2365 5781 δίκαιοι.
2410 5728 2569 5784 Εἴποι
2618 5729 2662 5783 δ’
2696 5729 2762 5785 ἄν
2821 5747 2903 5796 τις
2947 5731 3150 5803 ταύτην
3199 5733 3294 5805 τὴν
3340 5737 3578 5807 ὑστᾶτην
3631 5739 3722 5788 καὶ
