3964 6516
536 353 672 412 1567

1229 354 1498 413 EUSEBII
1535 354 2010 414 CESARIENSIS
2043 355 2192 414 OPP.
2235 355 2412 412 PARS
2451 353 2556 411 111,
2579 381 2649 398 -
2687 352 3092 410 EXEGETICA.

3589 356 3694 416 i568

531 484 724 548 gantur
748 476 844 532 via:
868 475 937 531 ad
961 475 1328 532 custodiendas
1343 476 1753 547 iustiﬁcationes
1785 489 1923 532 tuas.
1951 475 2094 531 Tunc

2200 473 2370 540 τολάς
2398 489 2513 528 σου
2547 472 2928 542 φυλάξασθαι
2980 469 3233 540 σφόδρα.
3260 470 3507 540 Ὄφελον
3529 487 3696 527 nativo

532 583 636 621 non
673 565 989 636 confundar,
1027 583 1145 621 cum
1173 585 1447 639 respexere
1477 571 1654 624 omnia
1685 570 1939 624 mandata
1977 579 2092 624 tua.

533 657 836 728 Conﬁtebor
868 659 963 712 tibi
995 660 1047 714 in
1080 660 1388 716 rectitudine
1425 661 1620 726 cordis,
1647 661 1784 733 quod
1824 661 2096 715 didicerim

535 749 737 804 iudicia
775 751 1002 820 justitite
1031 761 1150 808 tuw.
1179 751 1596 824 Justiﬁcationes
1631 765 1750 808 tuas
1783 753 2093 821 custodiam,

533 855 638 894 non
677 856 757 894 me
798 840 1127 912 derelinquas
1171 859 1556 915 usquequaque.
1594 843 1923 899 lmmarulati
1965 859 2097 902 sane

533 927 737 984 fuerint
758 932 849 1000 qui
877 932 1099 1001 perfecti
1131 943 1260 989 sunt
1289 934 1344 989 in
1367 936 1472 999 via,
1508 951 1645 1006 quos
1684 937 1869 991 beatos
1899 936 2094 1006 praatli-

533 1035 660 1076 care
715 1020 944 1078 docetur
997 1025 1044 1081 is
1093 1027 1186 1096 qui
1235 1026 1289 1081 in
1339 1027 1645 1084 divinarum
1685 1030 2096 1100 disciplinarum

534 1110 820 1182 principiis
853 1122 907 1168 et
950 1113 1275 1172 rudimentis
1302 1126 1590 1187 versatur;
1622 1135 1690 1174 ne
1719 1120 1835 1190 ipse
1878 1119 2096 1176 inflatus

533 1214 863 1259 nocumento
895 1207 1178 1274 alliciatur,
1215 1219 1274 1265 ut
1307 1211 1419 1282 jam
1452 1226 1511 1268 se
1542 1211 1758 1266 beatum
1788 1213 2094 1278 aestimans;

533 1293 628 1348 sed
659 1307 918 1366 agnoscat
947 1313 1006 1354 se
1033 1303 1219 1370 procul
1257 1304 1446 1360 abesse
1472 1304 1540 1358 ab
1578 1303 1647 1358 iis
1669 1305 1759 1374 qui
1791 1303 1932 1358 beati
1959 1319 2098 1373 prae-

532 1384 806 1444 dicantur.
859 1389 1010 1445 Beati
1051 1394 1142 1464 qui
1179 1404 1484 1449 scrutantur
1526 1397 1821 1450 testimonia
1865 1397 1999 1465 ejus,
2042 1397 2096 1449 in

534 1485 642 1530 toto
671 1479 826 1535 corde
848 1485 1117 1554 exquirent
1157 1502 1295 1540 eum.
1329 1485 1406 1542 De
1438 1487 1769 1558 testimoniis
1790 1488 1898 1557 jam
1926 1487 2099 1543 disse-

531 1569 785 1626 ruimus:
819 1575 905 1629 via
949 1575 1112 1646 igitur
1141 1579 1455 1649 hujusmodi
1498 1581 1935 1636 testimoniorum
1981 1579 2098 1636 fue-

530 1660 626 1722 rit,
677 1665 976 1719 secundum
1022 1683 1210 1723 eorum
1262 1671 1497 1726 mentem
1541 1672 1831 1742 progredi,
1876 1687 1985 1726 non
2031 1687 2097 1727 ex

530 1751 775 1817 tristitia,
801 1766 894 1810 aut
923 1774 991 1813 ex
1030 1760 1386 1829 necessitate;
1423 1761 1518 1818 sed
1547 1777 1670 1818 cum
1713 1763 1856 1816 omni
1892 1762 2094 1826 laetitia,

2196 566 2561 633 θυνθειησαν
2588 567 2645 620 al
2678 564 2804 618 ὀδοι
2843 581 2963 634 μου
2995 563 3101 617 τοῦ
3145 563 3514 632 φυλάξασθαι
3544 568 3604 618 τὰ
3638 564 3699 619 ἐι-

2195 658 2492 729 καιώματά
2520 673 2656 714 σου.
2691 659 2829 713 Τότε
2853 659 2964 712 οὐκ
2990 657 3292 726 αῑσχυνθῶ
3317 658 3388 711 ἐν
3419 657 3493 722 τῷ
3519 675 3584 727 με
3607 660 3701 714 ἐπι·

2197 750 2438 806 ϐλέπειν
2465 750 2563 804 ἐπὶ
2607 749 2806 817 πάσας
2837 749 2944 817 τὰς
2983 748 3229 814 ἐντολάς
3269 763 3404 802 σου.
3444 750 3700 820 Ἐξομολο-

2193 840 2456 911 γήσομαί
2483 857 2582 894 σοι
2635 840 2704 893 ἐν
2729 841 3007 907 εὐθνύτητι
3055 839 3318 908 καρδίας,
3358 841 3426 894 ὲν
3453 837 3524 904 τῷ
3556 857 3703 910 μεμα.

2196 932 2441 1001 tinxerat
2467 949 2542 1002 με
2569 933 2642 986 τὰ
2661 933 2910 1001 κρίματα
2946 930 3054 1000 τῆς
3080 931 3461 1000 δικαιοσύνης
3500 947 3615 987 σου.
3647 935 3703 990 Τὰ

2195 1023 2552 1093 δικαιώματά
2582 1040 2698 1079 σου
2727 1022 2994 1093 φυλάξω,
3019 1023 3104 1092 μή
3123 1042 3200 1094 με
3220 1024 3601 1094 ἐγκαταλίπῃς
3620 1025 3703 1090 ἓως

2195 1117 2447 1186 σφόδρα.
2482 1118 2733 1187 Ἀμωμοι
2761 1114 2804 1168 δ’
2840 1115 2905 1169 ἂν
2950 1111 3059 1169 εἶεν
3100 1115 3193 1169 καὶ
3227 1116 3277 1168 οἱ
3316 1114 3502 1168 τέλειοι
3536 1116 3584 1167 ὲν
3610 1115 3704 1186 ὁδῷ,

2196 1209 2288 1274 οὓς
2320 1209 2412 1262 καὶ
2441 1207 2738 1280 μακαρίους
2761 1207 3079 1278 ἀποφαίνειν
3109 1207 3414 1261 διδάσκεται
3432 1209 3458 1260 ὁ
3485 1209 3536 1259 ὲν
3555 1207 3706 1276 ἀρχαῖς

2196 1303 2478 1373 τυγχάνων
2503 1300 2611 1353 τῶν
2639 1299 2798 1354 θείων
2842 1299 3174 1371 μαθημάτων
3194 1316 3206 1328 ·
3239 1299 3313 1362 ὡς
3352 1299 3417 1351 ἂν
3453 1298 3519 1368 μὴ
3544 1295 3708 1367 ἐπιτρί-

2198 1395 2342 1447 ϐοιτο
2370 1392 2529 1456 αὐτὸς
2557 1391 2941 1462 χαυνούμενος.
2968 1392 3041 1454 ὡς
3067 1391 3168 1462 ἠδη
3202 1389 3462 1461 μακάριος
3480 1405 3492 1418 ·
3513 1387 3708 1460 γινὼσιῃ

2195 1485 2271 1550 δὲ,
2304 1485 2386 1538 ὅτι
2433 1484 2618 1556 μακρὰ
2653 1484 2950 1556 ἀφυστερεῖ
2976 1483 3081 1536 τῶν
3125 1481 3582 1553 μακαριζομένων.
3619 1481 3710 1532 Ma-

2196 1575 2386 1644 κάριοι
2445 1576 2499 1628 οἱ
2543 1571 2971 1642 ἐξερευνῶντες
3008 1571 3078 1625 τὰ
3121 1571 3414 1640 μαρτύρια
3444 1567 3709 1630 αὐτοῦ,ἐτ

2197 1666 2308 1734 ὅλῃ
2353 1664 2428 1734 τῇ
2477 1664 2688 1734 καρδίᾳ
2738 1662 3169 1730 ὲκζητήσουσιν
3222 1663 3427 1716 αὐτόν.
3476 1658 3596 1730 Περὶ
3631 1658 3710 1710 τῶν

2203 1759 2512 1830 μαρτυρίων
2543 1757 2644 1827 ἤδη
2693 1754 3097 1826 διηγησάμεθαο
3142 1753 3258 1817 ὁδὸς
3308 1748 3402 1806 οῦν
3452 1749 3710 1823 μαρτυριωι

532 1843 986 1909 quemadmodum
1033 1849 1108 1901 ait
1149 1848 1457 1920 Propheta:
1517 1851 1670 1906 Viam
1728 1852 2095 1906 mandatorum

2201 1851 2403 1903 τούτων
2444 1849 2526 1918 εἴη
2570 1848 2634 1902 ἂν
2662 1847 2723 1901 τὸ
2765 1846 2977 1900 ὁδεῦσαι
3017 1844 3157 1900 κατὰ
3192 1844 3253 1898 τὸ
3283 1843 3523 1915 βούλημα
3552 1839 3707 1902 αὐτῶν,

534 1939 745 1986 tuorum
769 1939 998 2000 cucurri,
1029 1955 1146 1991 cum
1174 1939 1416 1994 dilatasti
1443 1957 1535 1996 cor
1555 1958 1743 1996 meum.

2202 1941 2301 1994 οὐκ
2333 1944 2396 1995 ἐκ
2439 1941 2613 2009 λύπης
2647 1939 2680 2010 ἢ
2727 1938 2786 2003 ἐξ
2812 1939 3085 2008 ἀνάγκης,
3117 1936 3249 1991 ἀλλὰ
3279 1935 3418 2007 μετὰ
3464 1935 3621 2004 πάσης
3646 1930 3709 1983 εὑ-
3786 1941 3794 1956 ¹

533 2021 824 2095 φροσύνης,
852 2024 984 2078 καθὸ
1036 2028 1065 2079 ὁ
1099 2028 1390 2100 Προφήτης
1429 2030 1592 2101 φησιν
1626 2047 1641 2062 ο
1696 2030 1869 2084 Ὀδὸν
1894 2028 2156 2083 ἐντολῶν
2207 2044 2323 2085 σου
2385 2030 2642 2101 ἔδραμον
2665 2070 2682 2095 ,
2749 2029 2894 2082 ὅταν
2952 2028 3296 2095 ἐπλάτυνας
3351 2027 3464 2096 τὴν
3511 2025 3712 2092 καρδίαν

527 2131 665 2182 μου.

604 2203 769 2262 Vens.
809 2205 959 2263 9-16.
1003 2208 1070 2265 In
1115 2228 1216 2282 quo
1263 2216 1484 2285 corriget
1519 2217 1703 2286 junior
1735 2220 1871 2271 viam
1903 2219 2096 2272 suam?

531 2296 587 2349 in
615 2299 952 2358 custodiendo
985 2321 1245 2361 sermones
1279 2317 1414 2371 tuos.
1455 2307 1518 2362 In
1547 2317 1653 2364 toto
1683 2310 1836 2363 corde
1872 2327 1983 2364 meo
2012 2324 2098 2363 ea:-

531 2391 722 2459 quisivi
749 2403 816 2458 te,
852 2413 914 2449 ne
944 2399 1167 2465 repellas
1201 2419 1281 2456 me
1307 2419 1339 2456 a
1370 2403 1634 2458 mandatis
1676 2406 1801 2459 tuis.
1845 2403 1908 2456 In
1945 2403 2098 2458 corde

533 2498 648 2534 meo
680 2483 932 2541 abscondi
959 2490 1166 2561 eloquia
1196 2505 1308 2558 tua,
1340 2505 1396 2548 ut
1426 2513 1529 2549 non
1560 2513 1760 2566 peccem
1789 2497 1902 2552 tibi.
1935 2497 2102 2552 Bene-

532 2575 704 2632 dictus
729 2595 803 2645 es,
842 2581 1086 2648 Domine,
1115 2587 1240 2642 doce
1280 2605 1361 2643 me
1392 2590 1800 2659 justiﬁcationes
1844 2601 1984 2645 tuas.
2032 2589 2098 2644 In

534 2669 691 2724 labiis
729 2674 858 2726 meis
896 2678 1162 2731 enuntinvi
1197 2684 1374 2734 omnia
1405 2682 1612 2751 judicia
1642 2684 1748 2736 oris
1791 2685 1885 2736 tui.
1920 2683 1984 2736 In
2014 2683 2100 2737 via

534 2761 952 2819 testimoniorum
986 2778 1192 2822 tuorum
1222 2771 1508 2828 delectatus
1537 2791 1650 2828 sum
1681 2775 1816 2827 sicut
1847 2776 1901 2828 in
1931 2776 2099 2828 omni-

534 2865 630 2907 bus
667 2854 886 2912 divitiis.
931 2857 998 2914 In
1029 2862 1296 2917 mandatis
1332 2866 1435 2919 tuis
1464 2866 1756 2928 exercebar,
1789 2876 1837 2919 et
1864 2865 2100 2920 conside-

531 2943 664 2999 rabo
693 2945 804 3001 vias
842 2959 981 3004 tuas.
1027 2947 1094 3004 In
1116 2952 1592 3023 justi/icationibus
1633 2958 1736 3011 tuis
1766 2956 2095 3010 meditabor:

533 3049 638 3089 non
658 3036 937 3093 obliviscar
954 3057 1214 3099 sermones
1239 3053 1374 3101 tuos.
1402 3044 1542 3102 Justi
1565 3047 1753 3117 judicii
1785 3049 1862 3101 tui
1892 3062 2096 3103 sermo-

2282 2211 2384 2264 Ἐν
2411 2209 2525 2262 τίνι
2555 2208 2914 2277 κατορθώσει
2938 2207 3219 2276 νεώτερος
3242 2206 3361 2275 τὴν
3381 2205 3519 2261 ὁδὸν
3535 2209 3708 2270 αὐτοῦς

2199 2301 2268 2355 ἐν
2283 2299 2360 2365 τῷ
2375 2299 2752 2369 φυλάξασθαι
2769 2299 2908 2366 τοὺς
2921 2299 3140 2368 λόγους
3152 2315 3290 2353 σου.
3309 2299 3413 2353 Ἐν
3429 2297 3534 2366 ὅλῃ
3548 2297 3711 2367 καρδίᾳ

2195 2409 2315 2462 μου
2336 2391 2664 2459 ὲξεζήτησά
2692 2406 2784 2455 σε,
2808 2389 2893 2460 μὴ
2914 2389 3125 2458 ἁπώσῃ
3144 2407 3221 2459 με
3237 2390 3357 2444 ἀπὸ
3376 2388 3490 2444 τῶν
3504 2389 3708 2444 ἐντολῶν

2199 2500 2336 2539 σου.
2375 2485 2471 2538 Ἐν
2512 2483 2588 2552 τῇ
2635 2484 2845 2553 καρδίᾳ
2871 2501 2988 2553 μου
3023 2483 3260 2552 ἔκρυψα
3308 2486 3381 2537 τὰ
3410 2482 3572 2552 λότιά
3609 2499 3708 2546 σου,

2199 2577 2359 2644 ὅπως
2397 2577 2473 2630 ἂν
2512 2576 2597 2647 μὴ
2641 2575 2876 2647 ἁμάρτω
2926 2589 3044 2630 σοι.
3081 2576 3428 2645 Εὐλογητὸς
3461 2571 3530 2638 εἷ,
3557 2575 3707 2642 Κύριε,

2199 2671 2448 2736 δίδαξον
2473 2687 2551 2740 με
2577 2669 2650 2724 τὰ
2675 2668 3035 2739 δικαιώματά
3065 2685 3202 2723 σου.
3252 2669 3350 2720 Ἐν
3376 2668 3496 2734 τοῖς
3527 2667 3710 2736 χείλεσι

2193 2779 2313 2831 μου
2342 2761 2656 2831 ἐξήτγειλα
2698 2759 2893 2814 πάντα
2926 2759 2996 2814 τὰ
3041 2761 3295 2830 κρίματα
3333 2759 3436 2814 τοῦ
3473 2759 3710 2827 στόματός

2199 2868 2336 2908 σου.
2375 2855 2477 2908 Ἐν
2511 2851 2584 2921 τῇ
2627 2851 2744 2917 ὀδῷ
2768 2851 2888 2906 τῶν
2922 2854 3260 2922 μαρτυρίων
3310 2868 3425 2905 σου
3457 2850 3708 2918 ἐτέρφθητ,

2201 2948 2282 3013 ὠς
2325 2944 2424 2999 ἐπι
2473 2943 2650 2998 παντὶ
2684 2945 2945 3011 πλούτῳ.
3012 2945 3108 2998 Ἐν
3149 2943 3277 3010 ταῖς
3339 2941 3592 3007 ἐντολαῖς
3623 2956 3709 2994 σου

2201 3036 2620 3108 ἀόονιεσχήσω,
2647 3037 2744 3091 καὶ
2775 3035 3125 3103 κατανοήσω
3144 3035 3252 3103 τὰς
3282 3034 3460 3100 ὁδούς
3492 3047 3610 3086 σου.
3643 3031 3710 3081 Ἐν

533 3143 654 3191 nes,
695 3130 893 3200 inquit,
924 3133 1186 3190 memoria
1209 3144 1480 3206 repetens,
1511 3154 1758 3209 magnam
1792 3141 1916 3194 hinc
1949 3142 2097 3196 utili-

2200 3130 2323 3197 τοῖς
2353 3129 2705 3198 δικαιώμασί
2735 3144 2852 3183 σου
2887 3127 3200 3198 μελετήσω
3220 3144 3233 3158 ·
3266 3129 3381 3180 οὐκ
3407 3123 3710 3191 ἐπιλήσομαι

533 3227 698 3276 tatem
726 3232 919 3283 nactus
961 3242 1104 3283 sum.
1155 3227 1345 3284 Timeo
1385 3239 1562 3287 autem
1594 3247 1664 3288 ne
1703 3234 1994 3303 aliquando
2042 3236 2098 3290 in

2200 3221 2312 3276 τῶν
2355 3224 2551 3293 λόγων
2609 3239 2747 3278 σου.
2789 3222 2928 3285 Τοὺς
2973 3221 3370 3292 δικαιοκρισίας
3431 3236 3548 3281 σου,
3589 3214 3707 3284 φησὶ.

534 3311 729 3368 horum
751 3317 1076 3375 oblivionem
1101 3323 1316 3377 veniam
1342 3342 1354 3378 :
1381 3339 1551 3394 quare
1572 3325 1872 3380 orationem
1901 3325 2096 3395 elludi;

2200 3314 2390 3384 λόγους
2411 3313 2806 3385 ἀναλαμϐάνων
2851 3317 2917 3385 τῇ
2953 3315 3140 3387 μνήμῃ
3167 3313 3234 3366 τὰ
3263 3313 3492 3383 μέγιστα
3524 3305 3689 3378 ὡφελοῦ

539 3420 598 3458 ut
624 3421 722 3477 per
752 3420 918 3462 totam
941 3410 1106 3464 vitam
1141 3428 1337 3480 meam,
1362 3422 1415 3469 et
1440 3417 1584 3470 omni
1616 3423 1878 3487 tempore,
1908 3417 2098 3486 judicii

2205 3426 2324 3481 μαι.
2377 3407 2650 3479 Φοϐοῦμαι
2695 3407 2752 3460 δὲ
2789 3406 2999 3479 μήποτὲ
3030 3424 3115 3472 τις
3148 3405 3328 3461 αὐτῶν
3368 3405 3499 3476 λήθη
3540 3406 3590 3457 ὲν
3621 3401 3709 3470 ἐμοὶ

531 3497 614 3551 tui
647 3513 855 3554 memor
887 3504 1012 3568 sim;
1046 3504 1163 3561 sive
1197 3507 1304 3560 alio
1330 3507 1525 3563 modo:
1561 3510 1887 3566 universalis
1912 3511 2100 3567 Provi-

2200 3500 2456 3570 γένηται·
2487 3499 2675 3569 διόπερ
2703 3499 2864 3570 εὐχὴν
2917 3500 3279 3570 ἐποιησάμην
3333 3497 3394 3551 τὸ
3441 3496 3502 3548 δι’
3543 3494 3708 3562 ἁπάσης

533 3586 730 3644 dentize
773 3601 898 3656 tuae,
934 3593 1179 3662 nomine,
1207 3596 1414 3668 judicia
1443 3607 1534 3654 tua
1581 3615 1744 3657 nosse
1790 3604 2100 3674 concupivit

2200 3597 2297 3667 τῆς
2340 3595 2576 3665 ἐμαυτοῦ
2613 3593 2792 3664 ζωῆς,
2849 3595 2942 3648 καὶ
2993 3595 3050 3647 ἐν
3081 3595 3242 3647 παντὶ
3291 3591 3466 3665 καιρῷ
3509 3591 3595 3659 τῆς
3638 3584 3708 3651 τῆς

535 3681 717 3737 anima
750 3700 890 3740 mea.

606 3945 770 4002 Vens.
808 3949 995 4004 17-24.
1030 3949 1275 4007 Retribue
1307 3970 1454 4007 servo
1489 3965 1614 4008 tuo:
1645 3956 1812 4008 vivam
1845 3965 1894 4009 et
1932 3967 2105 4011 custo-

535 4040 685 4093 diam
708 4056 969 4096 sermones
1000 4052 1136 4096 tuos.
1177 4041 1362 4097 Revela
1399 4044 1577 4098 oculos
1602 4062 1764 4112 naeus,
1792 4057 1838 4100 et
1874 4048 2107 4102 conside-

535 4128 668 4180 rabo
708 4129 976 4184 mirabilia
1015 4142 1105 4184 tua
1138 4131 1201 4185 de
1243 4133 1352 4203 lege
1376 4143 1486 4188 tua.
1530 4132 1718 4189 Incola
1762 4152 1855 4206 ego
1884 4153 2000 4189 sum
2049 4137 2104 4191 in

539 4228 704 4285 terra,
739 4237 844 4275 non
878 4221 1170 4279 abscondas
1204 4242 1237 4278 a
1267 4242 1345 4279 me
1377 4228 1629 4281 mandata
1658 4239 1768 4283 tua.
1799 4229 2105 4300 Ccncupivit

540 4312 722 4365 anima
760 4330 876 4368 mea
916 4315 1218 4372 desiderare
1255 4318 1666 4390 justiﬁcationes
1704 4331 1822 4376 tuas
1863 4323 1918 4376 in
1961 4324 2106 4378 omni

538 4414 783 4474 tempore.
813 4404 1104 4476 lncrepasti
1129 4411 1398 4478 superbos,
1433 4411 1699 4467 maledicti
1720 4415 1810 4484 qui
1839 4413 2103 4470 declinant

540 4513 575 4550 a
616 4497 883 4551 mandatis
919 4501 1044 4554 tuis.
1088 4500 1254 4570 Aufer
1286 4519 1319 4556 a
1361 4519 1442 4558 me
1492 4505 1830 4574 opprobrium
1883 4515 1932 4560 et
1978 4523 2103 4561 con-

543 4598 812 4658 templum,
849 4593 974 4660 quia
1018 4594 1313 4648 testimonia
1357 4605 1448 4650 tua
1481 4598 1752 4667 exquisivi.
1794 4597 2000 4652 Etenim
2031 4614 2109 4654 se-

541 4680 727 4735 derunt
764 4684 1020 4750 principes
1048 4697 1097 4738 et
1127 4685 1401 4741 adversum
1429 4705 1508 4742 me
1536 4689 1897 4758 loquebantur,
1928 4705 2105 4744 seruus

543 4784 716 4826 autem
746 4784 866 4829 tuus
891 4778 1228 4832 exercebatur
1251 4781 1302 4833 in
1317 4781 1786 4850 justiﬁcatiouibus
1813 4784 1936 4838 tuis.
1963 4781 2107 4836 Nam

542 4876 592 4918 et
623 4868 919 4921 testimonia
952 4876 1044 4922 tua
1078 4870 1348 4926 meditatio
1379 4889 1493 4926 mea
1531 4883 1629 4936 est,
1659 4882 1706 4926 et
1736 4874 1956 4928 consilia
1991 4891 2107 4929 mea

537 4961 948 5029 justiﬁcationes
975 4972 1098 5018 tuw.
1128 4964 1454 5034 Aliquando,
1490 4966 1683 5035 inquit,
1707 4965 2108 5036 exprobrabant

545 5050 701 5116 mihi,
753 5053 881 5106 olim
930 5069 1053 5108 cum
1098 5065 1321 5124 peccata
1364 5058 1419 5111 in
1468 5074 1554 5113 me
1597 5059 1961 5124 exsisterent;
2007 5059 2108 5112 ali-

546 5143 768 5214 quando
831 5145 1207 5216 despiciebant
1255 5149 1648 5218 vilipendentes
1693 5151 1851 5220 quasi
1903 5151 2106 5208 nullius

547 5238 702 5307 pretii
736 5238 1030 5296 hominem.
1075 5238 1186 5310 Ego
1210 5257 1337 5296 vero
1367 5243 1594 5298 seorsim
1625 5246 1842 5307 sedens,
1869 5257 1933 5296 ac
1963 5241 2107 5297 divi-

545 5329 634 5386 nis
656 5331 1002 5389 sermonibus
1027 5333 1271 5388 animum
1299 5334 1582 5399 adhibens,
1609 5336 1987 5405 neminemque
2010 5334 2108 5390 hac

548 5425 968 5495 bens,-quocum
990 5427 1354 5490 consulerem,
1388 5427 1700 5497 nullamque
1727 5428 1887 5482 aliam
1914 5437 2107 5484 nactus

547 5516 998 5581 consolationem,
1029 5516 1514 5586 justiﬁcationibus
1559 5517 1668 5572 tuis
1706 5533 1805 5587 pro
1850 5519 2106 5574 consilia-

547 5605 646 5665 riis
667 5607 882 5663 utebar.

621 5783 785 5843 νεεδ.
811 5785 997 5840 25-29.
1037 5786 1266 5842 .ridlursit
1287 5787 1576 5856 pavimento
1606 5789 1783 5843 animo
1821 5806 1953 5850 mea,
1985 5789 2108 5842 eiei-

2204 3688 2560 3760 μνημονεύειν
2599 3687 2859 3759 κρίσεως·
2903 3688 2936 3759 ἢ
2981 3689 3074 3741 καὶ
3121 3687 3320 3750 ἄλλως,
3359 3685 3456 3755 τῆς
3498 3682 3584 3753 σῆς
3620 3676 3707 3731 καθ’

2199 3780 2322 3834 ὅλου
2355 3780 2629 3853 προνοίας,
2660 3773 2706 3832 ὦ
2737 3779 2931 3851 Κύριε,
2960 3779 3028 3834 τὰ
3069 3779 3310 3852 κρίματα
3343 3777 3530 3830 εἰδέναι
3561 3766 3708 3823 ἐπεθύ-

2204 3889 2372 3942 μησεν
2407 3872 2612 3944 ἡψυχὴ
2653 3889 2779 3944 μου·

2284 3962 2635 4029 Ἀνταπόδος
2661 3961 2740 4028 τῷ
2769 3962 2965 4032 δούλῳ
2997 3978 3112 4016 σου
3129 3977 3143 3992 ·
3173 3960 3422 4029 ζήσομαι
3454 3956 3540 4010 καὶ
3565 3948 3707 4021 φυλά-

2203 4053 2285 4118 ξω
2311 4051 2450 4118 τοὺς
2489 4052 2709 4121 λόγους
2738 4067 2874 4106 σου.
2916 4050 3333 4118 Ἀποκάλυψον
3375 4047 3508 4113 τοὺς
3540 4044 3706 4113 ὀρθαῖ-

2197 4145 2348 4215 μούς
2376 4162 2492 4214 μου
2513 4185 2528 4210 ,
2567 4144 2668 4198 καὶ
2710 4143 3062 4211 κατανοήσω
3097 4142 3170 4196 τὰ
3219 4137 3511 4210 θαυμάσια
3546 4150 3639 4190 σου
3659 4131 3706 4182 ἐι

2201 4237 2308 4292 τοῦ
2339 4238 2527 4306 νόμου
2569 4252 2704 4291 σου.
2735 4235 3024 4305 Πάροικος
3047 4233 3160 4306 ἐγώ
3195 4236 3312 4303 ειμι
3355 4233 3423 4286 ἐν
3451 4227 3518 4298 τῇ
3542 4224 3622 4297 γῇ.
3645 4222 3704 4290 μὴ

2201 4329 2561 4398 ἀποκρύψῃς
2604 4328 2705 4383 ἀπ’
2741 4327 2885 4398 ἐμοῦ
2913 4327 3018 4393 τὰς
3046 4324 3298 4391 ἐντολάς
3335 4341 3465 4378 σου.
3515 4315 3704 4376 Ἐπεπὸ-

2203 4425 2393 4491 θησεν
2416 4422 2454 4489 ἡ
2488 4419 2657 4490 ψυχή
2703 4437 2822 4490 μου
2858 4419 2964 4473 τοῦ
3002 4417 3368 4487 ἐπιθυμῆσαι
3396 4417 3463 4470 τὰ
3508 4406 3704 4482 χρίματὰ

2203 4529 2319 4569 σου
2347 4514 2416 4567 ὲν
2452 4512 2630 4567 παντὶ
2667 4511 2866 4578 καιρῷ.
2903 4512 3300 4580 Ἐπετιμησας
3341 4505 3700 4577 ὑπερηφάνοις.

2205 4598 2620 4672 ἐπικατὰρατοι
2656 4605 2710 4657 οἱ
2757 4603 3137 4668 ἐκκλίνοντες
3181 4601 3298 4656 ἀπὸ
3349 4600 3463 4655 τῶν
3501 4591 3703 4652 ἐντολῶν
3787 4661 3793 4672 Ι

2204 4711 2341 4751 σου.
2373 4694 2616 4762 Περίελε
2648 4692 2747 4747 ἀπ’
2787 4691 2932 4761 ἐμοῦ
2961 4690 3190 4756 ὄνειδος
3217 4690 3311 4744 καὶ
3346 4686 3700 4754 ἐξουδένωσιν,

2205 4787 2295 4841 ὅτι
2313 4785 2386 4840 τὰ
2405 4783 2697 4854 μαρτύριά
2717 4800 2831 4837 σου
2853 4781 3196 4849 ἑξεζήτησα.
3217 4782 3326 4836 Καὶ
3345 4783 3448 4852 γὰρ
3473 4776 3702 4832 ἐκάθισαν

2204 4878 2492 4946 ἄρχοντες
2518 4875 2617 4928 καὶ
2642 4877 2768 4930 κατ’
2800 4874 2945 4943 ἐμοῦ
2973 4873 3366 4937 κατελὰλουν,
3399 4875 3430 4926 ὀ
3452 4869 3513 4924 δὲ
3535 4863 3702 4923 δοῦλός

2205 4983 2323 5023 σου
2361 4967 2680 5036 ὴδολέσχει
2715 4966 2786 5021 ἐν
2813 4966 2936 5032 τοῖς
2961 4965 3312 5035 δικαιώμασί
3355 4978 3483 5018 σου.
3517 4956 3608 5013 Καὶ
3625 4951 3702 5021 γὰρ

2207 5058 2280 5113 τὰ
2312 5057 2602 5129 μαρτύριά
2631 5073 2747 5112 σου
2772 5056 3001 5126 μελέτη
3030 5075 3148 5126 μου
3175 5056 3329 5118 ἐστὶ,
3364 5053 3459 5107 καὶ
3503 5052 3554 5104 al
3591 5059 3702 5112 συμ-

2207 5150 2441 5203 ϐουλίαι
2469 5167 2587 5219 μου
2625 5147 2697 5202 τὰ
2733 5146 3090 5217 δικαιώματά
3125 5162 3262 5201 σου.
3307 5147 3440 5199 Ilo-ti:
3476 5141 3559 5213 μὲν
3584 5130 3701 5188 ὠνεί-

2205 5239 2350 5305 διζόν
2383 5257 2471 5310 με,
2505 5239 2660 5310 φησι,
2693 5238 2899 5292 παλαιὰ
2928 5241 2974 5292 εἰ
3025 5239 3175 5308 τύχοι
3210 5239 3581 5310 ἁμαρτήματα’
3604 5223 3699 5278 ποτὲ

2205 5331 2262 5385 δὲ
2286 5331 2592 5398 ὲξουδὲνουν
2614 5329 3049 5395 ὲξευτελίζοντες,
3081 5331 3156 5394 ὡς
3179 5329 3386 5392 οὐδενὸς
3409 5327 3538 5391 ἀξιον
3560 5321 3697 5386 λόγου.

2221 5421 2360 5492 Ἐγὼ
2383 5423 2438 5476 δὲ
2457 5422 2767 5493 καταμόνας
2791 5421 3096 5493 καθήμενος
3113 5461 3126 5484 ,
3153 5421 3248 5474 καὶ
3271 5424 3380 5485 τοῖς
3403 5418 3544 5479 θείοις
3562 5413 3698 5476 λόγοις

2208 5514 2591 5584 προσανέχων,
2646 5515 2739 5567 καὶ
2806 5513 3004 5585 μηδένα
3049 5514 3378 5585 κεκτημένος
3424 5503 3696 5578 σύμϐουλονι

2213 5606 2334 5677 μηδ’
2362 5605 2527 5678 ἄλλην
2552 5605 2688 5676 ἔχων
2721 5606 3092 5677 παραμυθίαν,
3121 5609 3230 5670 τοῖς
3266 5610 3372 5669 σοῖς
3408 5598 3693 5666 δικαιώμασιν

2209 5699 2329 5751 ἀντὶ
2357 5714 2420 5748 συ
2429 5695 2672 5766 μὸούλων
2701 5695 2974 5767 ἐχρώμην.

2293 5789 2623 5856 Ἑκολλήθη
2655 5787 2734 5853 τῷ
2771 5787 2975 5858 ἐδάφει
3010 5792 3044 5856 ἡ
3085 5789 3247 5860 ψυχή
3285 5806 3425 5861 μου·
3471 5781 3692 5852 ζῆσόνμε
