3964 6566
592 385 752 446 ’1⁸571
1191 386 1195 390 ⁴
1299 386 1568 444 EUSEBII
1603 385 2077 443 CAESARIENSIS
2113 383 2157 442 Ο

2202 384 2262 442 Ρ.
2281 383 2462 440 PARS
2500 383 2588 440 Ill.
2626 413 2698 427 ——
2732 383 3134 442 EXEGETICA.
3668 393 3765 451 l3?!

685 496 853 554 Vens.
887 499 974 554 54.
1003 497 1088 552 Da
1117 499 1245 552 mihi
1275 498 1613 561 intellectum,
1645 510 1694 553 et
1722 497 1998 552 scrutabor
2023 497 2182 567 legem
2210 501 2250 556 Α

2210 501 2256 556 Α
2351 493 2679 550 Συνέτισόν
2697 512 2793 565 με,
2829 496 2926 550 καὶ
2950 495 3325 564 ἐξερσννήσω
3362 497 3467 553 τὸν
3489 501 3650 570 νόμον
3672 521 3767 570 σου,

619 596 786 652 tuam,
831 599 878 641 et
914 587 1204 640 custodiam
1259 587 1408 640 illam
1456 589 1512 642 in
1553 597 1660 644 toto
1692 588 1846 643 corde
1887 605 2020 643 meo.
2051 586 2181 643 Vult

2284 588 2385 642 καὶ
2430 587 2676 658 φυλάξω
2703 589 2887 646 αὐτὸν
2921 590 2991 644 ἐν
3015 589 3129 659 ὅλῃ
3159 591 3370 661 καρδίᾳ
3410 611 3542 663 μου.
3581 596 3768 652 Boiis-.1;

618 680 879 750 propheta
913 680 1083 750 legem
1121 679 1215 736 Dei
1253 681 1512 746 scrutari,
1544 697 1746 752 gnarus
1776 697 1895 737 eam
1928 697 2036 736 non
2074 681 2183 736 cla-

2285 680 2631 752 ὲξερευνῆσαι
2659 681 2750 734 τὸν
2789 681 2949 752 νόμον
2976 681 3069 735 τοῦ
3101 683 3234 736 Θεοῦ
3258 687 3288 737 ὁ
3322 687 3590 757 προφήτης
3614 690 3771 742 inmi-

619 785 736 823 ram
770 776 824 824 et
861 779 1018 839 captu
1055 767 1290 824 facilem.
1343 767 1528 840 Itaque
1569 771 1639 825 da
1669 771 1800 826 mihi
1832 771 2183 836 intellectum,

2289 788 2465 842 μενος,
2491 772 2573 825 ὅτι
2604 772 2702 825 οὐκ
2731 770 2844 825 ἔστι
2871 773 3047 844 σαφὴς
3072 774 3164 826 καὶ
3190 776 3651 850 εὐκαταφρόνητκ,
3686 784 3769 835 Συν.

619 864 715 929 ait,
747 875 807 918 ut
848 863 1169 934 congruenti
1198 877 1325 917 cum
1357 863 1606 918 examine
1651 871 1705 919 et
1741 865 2038 918 attentione
2066 878 2184 933 per-

2287 863 2460 916 ἐτισόν
2479 881 2546 934 με
2561 864 2757 928 τοίνυν,
2771 864 2858 918 ἵνα
2871 865 3087 935 ζητήσω
3102 867 3257 919 αὐτὸν
3274 868 3415 938 μετὰ
3430 870 3520 938 τῆς
3533 874 3771 943 πρεπούςης

619 953 832 1024 quiram
879 953 1056 1020 illam;
1086 960 1144 1006 ut
1173 968 1240 1008 ex
1287 953 1380 1008 illa
1409 968 1588 1008 rerum
1614 969 1752 1024 quas
1777 954 1863 1008 vel
1909 969 2068 1025 agere
2105 952 2184 1009 vel

2287 955 2514 1027 ἐρεύνης
2539 957 2634 1009 καὶ
2656 955 2996 1023 ἐπιστασίας,
3017 957 3092 1020 ὡς
3121 957 3180 1022 ἐξ
3204 959 3370 1012 αὑτοῦ
3392 959 3560 1014 λαϐεῖν
3579 964 3665 1017 τῶν
3681 983 3771 1036 πρι-

618 1043 977 1114 contemplari
1003 1058 1141 1113 opus
1167 1050 1270 1107 est,
1299 1058 1460 1097 usum
1509 1050 1838 1112 captumque
1878 1057 2137 1112 assequar
2170 1060 2183 1096 :

2289 1048 2459 1103 κτέων
2486 1048 2578 1102 καὶ
2601 1047 2887 1121 θεωρητῶν
2910 1049 3009 1120 τὴν
3030 1050 3223 1120 χρῆσιν
3247 1052 3342 1104 καὶ
3370 1054 3659 1123 κατάληψιν·
3683 1057 3779 1110 οὕτω

619 1138 701 1193 sic
733 1151 967 1206 namque
999 1145 1188 1205 potero
1218 1149 1337 1190 eam
1372 1134 1428 1188 in
1455 1141 1569 1188 toto
1596 1133 1762 1188 corde
1791 1134 2092 1198 custodire,
2125 1148 2184 1188 ac

2289 1140 2398 1213 γὰρ
2429 1141 2726 1212 δυνήσομαι
2759 1140 2987 1211 φυλάξαι
3037 1142 3199 1196 αὐτὸν
3230 1144 3287 1195 ὲν
3333 1143 3430 1214 ὅλῃ
3476 1145 3642 1218 καρδίᾳ
3673 1149 3777 1201 (tam.

619 1229 741 1284 sine
763 1227 1106 1282 dubitatione
1127 1227 1277 1282 adire
1303 1227 1470 1281 illam.
1497 1225 1654 1292 Quod
1678 1227 1723 1282 si
1753 1226 2028 1281 intellectu
2055 1241 2184 1296 opus

2290 1232 2554 1296 δοιάστως
2569 1232 2718 1304 αὐτῷ
2744 1235 3198 1306 προσερχόμενος.
3232 1235 3294 1288 Et
3325 1235 3382 1287 δὲ
3406 1237 3645 1301 συνέσεως
3664 1239 3779 1292 δεῖται

620 1319 692 1374 sit
721 1327 778 1372 ut
809 1319 978 1389 legem
1009 1319 1274 1373 duntaxat
1303 1317 1586 1380 scruteris,
1616 1325 1872 1387 quantam
1906 1331 1936 1370 a
1979 1316 2084 1371 Deo
2109 1317 2185 1370 in-

2292 1323 2378 1376 ἵνα
2406 1323 2561 1394 μόνον
2587 1325 2852 1398 ὲρευνήσῃ
2881 1325 2971 1378 τὸν
2995 1327 3180 1396 νόμον,
3211 1327 3356 1390 τινος
3385 1327 3567 1394 δεῖται,
3589 1331 3780 1394 συνέσεως

621 1411 979 1480 telligentiam
1008 1411 1257 1483 accipere
1285 1427 1423 1482 opus
1450 1411 1640 1468 habes.
1670 1419 1727 1465 ut
1762 1410 1922 1466 tinem
1959 1409 2080 1480 ejus
2109 1426 2186 1466 re-

1885 1426 1922 1464 τι
1959 1409 2080 1480 ejus
2109 1426 2194 1466 re-
2291 1415 2398 1468 ἀπὸ
2422 1414 2554 1469 Θεοῦ
2581 1416 2879 1489 διδομένης,
2905 1417 2991 1470 ἵνα
3021 1418 3152 1495 εὓρῃ
3181 1418 3242 1471 τὸ
3263 1418 3450 1483 τέλος

623 1502 845 1572 perias?

694 1591 860 1648 Vens.
892 1594 982 1648 55.
1029 1593 1203 1648 Deduc
1235 1609 1314 1647 me
1345 1593 1397 1646 in
1425 1593 1665 1647 semitam
1689 1592 2059 1648 mandatorum
2087 1601 2200 1645 tuo-

2379 1589 2706 1660 Ὁδήγησόν
2738 1607 2814 1659 με
2858 1589 2929 1644 ἐν
2968 1589 3042 1659 τῇ
3082 1591 3256 1659 τρίϐῳ
3295 1589 3420 1644 τῶν
3442 1590 3672 1644 ἐντολῶν
3690 1608 3778 1656 σου,

626 1700 764 1749 rum,
794 1686 921 1755 quia
954 1685 1124 1755 ipsam
1155 1686 1315 1740 volui.
1345 1683 1446 1738 Hic
1469 1687 1712 1739 semitam
1748 1700 1846 1755 pro
1875 1685 1988 1755 lege
2020 1683 2151 1738 dicit
2180 1701 2191 1738 :

2297 1683 2386 1737 ὅτι
2415 1682 2609 1752 αὐτὴν
2627 1681 2918 1751 ἠθέλησα.
2971 1684 3087 1736 Ἵνα
3115 1682 3246 1755 εἴπῃ
3276 1683 3372 1736 τὸν
3403 1683 3574 1752 νόμον,
3610 1683 3701 1752 ητα
3722 1686 3780 1754 τὴν

625 1790 752 1831 nam
796 1776 1176 1832 mandatorum
1213 1777 1406 1831 semita
1435 1777 1684 1847 quaedam
1715 1783 1817 1832 est.
1863 1774 2069 1831 Semita
2099 1790 2190 1828 au-

2235 1837 2272 1848 “
2297 1776 2498 1848 τρίϐον⁸
2553 1773 2668 1828 ἔστι
2707 1774 2816 1846 γὰρ
2843 1775 3068 1828 ἐντολῶν
3099 1775 3305 1847 τρίόος.
3336 1775 3528 1846 Τρίσος
3553 1775 3603 1828 δὲ
3638 1775 3777 1842 λέγεται

623 1875 736 1923 tem
768 1869 970 1924 dicitur
999 1870 1080 1923 via
1115 1870 1266 1933 trita,
1318 1869 1373 1923 in
1406 1837 1510 1940 qua
1544 1869 1698 1923 multi
1747 1878 1871 1924 ante
1916 1882 2016 1923 nos
2060 1866 2188 1938 justi

2235 1837 2274 1892 Β
2300 1837 2346 1940 ἡ.
2365 1868 2695 1940 τετριμμένη
2718 1837 2864 1933 ⁷(ᾆδος,
2888 1869 2953 1938 ῆν
2986 1837 3168 1922 πολλοὶ
3192 1868 3299 1937 πρὸ
3321 1837 3477 1938 ἡμῶν
3505 1837 3780 1939 ἐπορεύθηεαν

626 1961 996 2017 ambularunt.
1047 1961 1101 2017 Si
1131 1965 1254 2032 quis
1294 1973 1475 2019 autem
1500 1963 1650 2031 justo
1680 1963 1818 2017 duce
1846 1977 1954 2016 non
1992 1967 2191 2026 utatur,

2301 1959 2408 2014 τῶν
2441 1959 2682 2013 δικαίων.
2726 1959 2851 2014 Ἐὰν
2883 1960 2940 2013 δέ
2965 1977 3048 2023 τις
3079 1961 3152 2032 μὴ
3177 1959 3358 2031 ὁδηγῷ
3387 1962 3630 2031 χρήσηται
3662 1960 3779 2030 eiii:-

626 2067 734 2106 non
761 2059 939 2121 potest
973 2053 1273 2107 secundum
1308 2060 1574 2122 praecepta
1604 2050 1698 2106 Dei
1741 2051 2038 2105 ambulare.
2064 2047 2191 2101 Nam

2303 2053 2460 2123 καίῳ,
2491 2053 2551 2105 οὐ
2577 2051 2796 2107 δύναται
2821 2053 3032 2107 ὁδεῦσαι
3062 2053 3203 2106 κατὰ
3231 2055 3333 2117 τὰς
3363 2053 3571 2115 ἐντολὰς
3591 2051 3665 2104 τοῦ
3682 2051 3767 2104 Θεοί

627 2142 833 2198 Christi
891 2158 993 2198 nos
1050 2143 1352 2198 imitatores
1411 2159 1554 2211 esse,
1601 2157 1664 2197 ac
1708 2142 1901 2196 tollere
1957 2154 2192 2205 crucem,

2304 2144 2540 2216 Χριστοῦ
2567 2145 2674 2218 γὰρ
2698 2147 2842 2216 ἡμᾶς
2874 2145 2953 2198 δεῖ
2997 2145 3234 2215 γίνεσθαι
3276 2146 3534 2218 μιμητὰς,
3573 2145 3649 2198 καὶ
3670 2145 3779 2213 alpis

631 2236 921 2306 ipsumque
963 2235 1117 2304 sequi
1158 2242 1394 2305 oportet.

2303 2238 2394 2290 τὸν
2419 2237 2667 2308 σταυρὸν,
2703 2239 2796 2294 καὶ
2824 2238 3132 2292 ἀκολουθεῖν
3160 2239 3339 2292 ὀπίσω
3379 2236 3534 2291 αὑτοῦ

701 2325 870 2382 Vsus.
902 2327 972 2382 56
991 2356 1019 2366 -
1035 2326 1122 2382 40.
1149 2326 1358 2380 lnclina
1381 2343 1472 2381 cor
1497 2341 1666 2379 meum
1688 2325 1742 2378 in
1764 2324 2060 2378 testimonia
2087 2332 2200 2386 tua,

2377 2328 2599 2384 Κλῖνον
2628 2327 2743 2398 τὴν
2783 2328 3033 2398 καρδίαν
3054 2347 3174 2398 μου
3211 2332 3302 2394 εις
3339 2329 3411 2383 τὰ
3427 2326 3677 2398 μαρτύριά
3695 2345 3777 2389 σιν,

629 2427 680 2472 et
727 2435 828 2472 non
855 2421 911 2472 in
942 2420 1243 2472 avaritiam.
1280 2419 1466 2472 Averte
1513 2417 1690 2473 oculos
1726 2434 1864 2472 meos
1901 2433 1962 2470 ne
1991 2415 2194 2470 videant

2308 2419 2406 2474 καὶ
2449 2419 2535 2490 μὴ
2582 2421 2670 2485 εις
2710 2420 3091 2486 πλεονεξίαν.
3140 2422 3550 2490 Ἀπόστρεψον
3583 2419 3692 2484 τοὺς
3719 2420 3781 2484 δὶ-

631 2512 951 2571 vanitatem;
983 2513 1038 2564 in
1072 2513 1156 2564 via
1196 2521 1285 2563 tua
1318 2511 1520 2579 vivi/ica
1570 2527 1669 2565 me.
1715 2509 1901 2565 Statue
1930 2525 2074 2562 servo
2115 2519 2196 2562 tua

2310 2514 2575 2582 θαλμούς
2593 2531 2714 2583 μου
2741 2514 2847 2568 τοῦ
2867 2512 2952 2583 μὴ
2987 2513 3133 2568 ἰδεῖν
3153 2515 3533 2583 ματαιότητα·
3567 2512 3624 2564 ὲν
3641 2509 3696 2576 τῇ
3711 2507 3779 2572 6δῷ

631 2601 892 2671 eloquium
937 2611 1082 2654 tuum
1123 2604 1176 2655 in
1210 2603 1396 2655 timore
1440 2611 1552 2656 tuo.
1600 2603 1831 2670 Amputa
1873 2602 2196 2672 opprobrium

2311 2620 2426 2659 σου
2465 2604 2650 2673 ζῆσόν
2683 2622 2779 2675 με.
2829 2605 3070 2675 Στῆσον
3106 2605 3187 2671 τῷ
3214 2605 3417 2675 δούλῳ
3443 2619 3551 2658 σου
3574 2601 3629 2655 τὸ
3651 2602 3783 2665 λότιίῖτ

635 2709 806 2747 meum
829 2693 965 2763 quod
987 2695 1284 2762 suspicatus
1308 2709 1445 2756 sum,
1473 2695 1594 2762 quia
1612 2693 1818 2764 judicia
1842 2705 1932 2749 tua
1943 2693 2200 2764 jucunda.

2312 2712 2426 2750 σου
2464 2697 2552 2762 εις
2589 2696 2695 2750 τὸν
2732 2697 2920 2766 φόϐον
2949 2711 3088 2752 σου.
3131 2698 3380 2767 Περίελε
3414 2695 3517 2751 τὸν
3543 2693 3782 2761 ὀνείδισμα

639 2785 773 2841 Ecce
799 2787 1066 2854 consupivi
1097 2785 1350 2839 mandata
1398 2796 1509 2850 tua,
1551 2787 1604 2839 in
1641 2787 1856 2856 justitia
1889 2797 1977 2840 tua
2007 2786 2204 2855 viviﬁca

2203 2802 2210 2838 ι
2308 2805 2425 2858 μου
2455 2785 2527 2842 ὃν
2553 2785 2936 2852 ὑπώπτευσα,
2967 2789 3058 2842 ὅτι
3087 2787 3158 2842 τὰ
3195 2787 3452 2858 κρίματὰ
3486 2801 3588 2842 σου
3612 2781 3768 2853 χρηστά

637 2893 738 2931 me.
775 2875 970 2932 Omnia
1000 2877 1066 2931 ad
1102 2877 1268 2933 Deum
1303 2878 1404 2932 viri
1436 2879 1609 2934 sancti
1645 2877 1910 2941 referunt,
1947 2877 2202 2931 docentes

2327 2877 2471 2932 Ἰδοὺ
2500 2877 2847 2952 ἐπεθύμησα
2871 2881 2976 2946 τὰς
3006 2879 3257 2946 ἐντολάς
3283 2895 3423 2944 σου,
3457 2879 3521 2932 ἐν
3552 2876 3614 2945 τῇ
3641 2876 3779 2929 δικαιε-

637 2969 778 3023 nihil
804 2984 906 3024 nos
941 2971 1062 3024 sine
1090 2969 1201 3024 Deo
1227 2985 1408 3040 posse.
1443 2968 1563 3024 Nisi
1592 2971 1730 3024 enim
1771 2971 1823 3023 iu
1853 2985 1931 3022 me
1958 2968 2202 3021 manseri

2317 2969 2480 3043 σύνῃ
2535 2985 2655 3023 σου
2710 2968 2894 3039 ζῆσόν
2925 2987 3020 3040 με.
3077 2971 3261 3025 Πάντα
3324 2972 3415 3024 ἐπὶ
3458 2971 3539 3022 τὸν
3580 2968 3681 3020 Θεον
3703 2965 3780 3015 ἀνα-

641 3061 733 3125 tis,
761 3059 957 3130 inquit,
991 3059 1122 3113 nihil
1147 3063 1362 3129 potestis
1385 3061 1557 3131 facere
1586 3063 1650 3114 ¹⁰.
1684 3059 1791 3115 Sed
1823 3059 2054 3115 fortasse
2075 3074 2206 3113 non-

2320 3060 2569 3136 φέρουσιν
2598 3061 2646 3113 οἱ
2676 3061 2842 3130 ἅγιοι,
2885 3061 3220 3125 διδάσκοντες
3258 3064 3428 3133 ἡμᾶς,
3461 3062 3534 3113 im
3555 3059 3683 3130 χωρὶς
3703 3050 3780 3107 Θειᾶ

641 3166 804 3206 nemo
831 3153 1034 3206 dixerit
1084 3171 1097 3206 :
1133 3151 1190 3206 Si
1227 3153 1411 3207 omnia
1440 3153 1506 3207 ad
1540 3151 1708 3207 Deum
1755 3150 2089 3230 referuntur,
2123 3149 2206 3205 ubi

2243 3195 2286 3255 ρ
2318 3154 2467 3219 οὐδὲν
2482 3154 2775 3225 δυνάμεθα.
2813 3154 2954 3209 Ἐὰν
2972 3154 3080 3224 γὰρ
3098 3152 3183 3223 μὴ
3210 3154 3282 3207 ἐν
3306 3154 3456 3223 ἐμοὶ,
3480 3149 3778 3255 φησιὶἒένητε,

641 3251 727 3300 est
766 3245 820 3300 id
849 3244 996 3315 quod
1027 3261 1160 3300 meae
1193 3246 1469 3300 facultatis
1500 3246 1625 3300 est?
1651 3245 1747 3299 Sin
1782 3245 1986 3310 minus,
2010 3245 2206 3314 ubique

2215 3267 2218 3295 ι
2244 3233 2286 3255 ν
2319 3245 2498 3309 οὐδὲν
2522 3244 2786 3300 δύνασθε
2810 3243 3021 3298 ποιεῖν.
3059 3243 3196 3298 Ἀλλ’
3217 3245 3348 3308 ἴσως
3372 3261 3453 3306 τις
3474 3243 3588 3312 ipsi
3608 3241 3656 3292 El
3677 3237 3780 3288 nam

644 3351 777 3392 sane
813 3337 1004 3392 miscet
1026 3352 1088 3391 ea
1113 3352 1232 3407 quae
1262 3353 1292 3392 a
1320 3337 1431 3392 Deo
1463 3345 1592 3392 sunt
1622 3353 1745 3392 cum
1777 3338 1845 3392 iis
1889 3352 2010 3408 quae
2035 3337 2091 3391 in
2116 3351 2209 3390 no-

2212 3364 2219 3376 -
2321 3334 2648 3406 ἀναφέρεται
2676 3334 2768 3386 ἐπὶ
2795 3333 2886 3387 τὸν
2915 3334 3080 3401 Θεῄν,
3100 3333 3205 3388 ποῦ
3231 3335 3292 3387 τὸ
3317 3337 3402 3388 ἐπ’
3432 3334 3570 3404 suci;
3602 3331 3650 3383 Ei
3667 3330 3706 3380 δὲ
3724 3327 3777 3397 μή,

649 3438 764 3487 stra
805 3438 932 3486 sunt
967 3438 1261 3501 potestate.
1300 3431 1344 3484 A
1385 3430 1498 3485 Deo
1529 3440 1678 3486 certe
1712 3429 1844 3484 illud
1870 3437 1953 3485 est
1989 3448 2002 3484 :
2036 3427 2214 3497 Legem

2212 3445 2221 3481 ι
2322 3425 2594 3495 πανταχοῦ
2633 3425 2896 3495 ὲπέπλεξε
2947 3430 3060 3491 τοῖς
3101 3427 3209 3479 ἀπὸ
3241 3425 3337 3480 τοῦ
3368 3425 3497 3479 Θεοῦ
3529 3423 3588 3476 τὰ
3610 3422 3777 3490 ὲφ⁹ἠμῐνι

645 3538 780 3592 pone
809 3521 959 3587 mihi,
995 3521 1239 3589 Domine,
1287 3523 1426 3576 viam
1466 3523 1919 3592 justiﬁcationum
1967 3530 2210 3586 tuarum;

2213 3537 2220 3581 τ
2335 3516 2466 3570 Ἀπὸ
2503 3516 2596 3570 τοῦ
2643 3517 2778 3571 Θεοῦ
2821 3518 2902 3571 τό·
2952 3517 3377 3588 Νομοθέτησόν
3401 3535 3491 3588 με,
3533 3517 3686 3582 Κύριε,
3715 3511 3778 3574 τὴν

649 3622 960 3669 nostrarum
989 3621 1168 3669 autem
1201 3614 1434 3684 partium
1484 3622 1569 3670 est
1599 3613 1733 3667 illud
1786 3633 1798 3668 :
1852 3611 1922 3666 Et
1951 3613 2214 3683 exquiram

2214 3629 2224 3665 ι
2323 3607 2467 3662 ὁδὸν
2491 3607 2609 3662 τῶν
2635 3609 3045 3679 δικαιωμάτων
3071 3627 3207 3665 σου·
3239 3611 3302 3663 τὸ
3328 3611 3373 3664 δ’
3401 3611 3478 3678 ἐφ’
3503 3601 3779 3678 quiritatu-

649 3723 767 3762 eam
796 3723 1015 3778 semper.
1050 3707 1093 3760 A
1130 3706 1237 3761 Deo
1270 3722 1486 3762 rursum
1518 3707 1734 3777 postulo
1766 3723 1778 3758 :
1817 3705 1894 3759 Da
1925 3705 2053 3759 mihi
2077 3703 2214 3759 intel-

2209 3734 2225 3744 -
2324 3698 2554 3769 ζητήσω
2590 3701 2786 3770 αὐτὴν
2827 3705 3168 3769 διαπαντός.
3215 3703 3350 3756 Ἀπὸ
3381 3700 3503 3755 Θεοῦ
3535 3696 3642 3752 αἰτῶ
3666 3692 3774 3746 πάλιν·

653 3801 865 3865 lectum,
905 3809 953 3853 et
979 3798 1256 3853 scrutabor
1290 3799 1452 3870 legem
1501 3807 1669 3861 tuam,
1700 3798 1765 3852 ad
1807 3812 1903 3862 me,
1934 3813 2064 3854 vero
2099 3812 2218 3872 per-

2213 3827 2226 3838 -
2325 3791 2658 3848 Συνέτισόν
2694 3810 2792 3864 με,
2829 3792 2928 3847 καὶ
2963 3779 3478 3862 ἐξερευνήσωίτὸν
3524 3789 3670 3858 νόμον
3697 3800 3778 3837 σου.

654 3891 789 3946 tinet
817 3889 953 3945 illud
986 3909 999 3946 :
1029 3889 1096 3943 Et
1127 3889 1422 3943 custodiam
1453 3888 1604 3942 illam
1637 3890 1694 3942 in
1737 3897 1844 3944 toto
1890 3887 2044 3944 corde
2089 3906 2219 3944 meo.

2209 3928 2222 3942 .
2326 3884 2399 3937 Τὸ
2429 3883 2472 3937 δ’
2508 3884 2594 3938 ἐπ’
2624 3885 2766 3956 ἐμοι·
2799 3885 2907 3940 Kal
2941 3884 3188 3955 φυλάξω
3217 3885 3405 3940 αὑτὸν
3430 3885 3494 3937 ἐν
3517 3883 3610 3949 ὅλῃ
3631 3875 3773 3946 καρδίᾳ·

655 3981 842 4036 Tertio
867 3981 994 4036 item
1015 3995 1044 4034 a
1068 3980 1178 4036 Deo
1211 3981 1264 4034 id
1305 3988 1500 4050 expeto
1529 4000 1541 4035 :
1573 3980 1753 4035 Deduc
1788 3998 1878 4035 me
1910 3982 1962 4033 in
1986 3982 2220 4034 semitam

2212 3999 2226 4034 ι
2327 3976 2441 4030 Καὶ
2472 3977 2652 4048 τρίτον
2683 3977 2791 4029 ἀπὸ
2817 3977 2952 4030 Θεοῦ
2986 3977 3120 4030 αἰτῶ
3146 3977 3339 4046 λέγων’
3386 3964 3777 4042 Ὀδήπτσότμεέν

658 4072 1028 4126 mandatorum
1061 4081 1268 4125 tuorum
1308 4086 1326 4124 :
1359 4071 1490 4142 quid
1531 4079 1710 4126 autem
1745 4071 1811 4126 ad
1861 4087 1945 4126 me
1978 4073 2223 4140 spectat“!

2208 4073 2229 4125 ?
2327 4068 2502 4135 τρίϐῳ
2540 4067 2657 4120 τῶν
2687 4068 2950 4122 ἐντολῶν
2987 4084 3123 4123 σου·
3151 4069 3203 4121 τί
3236 4069 3294 4122 τὸ
3323 4068 3410 4122 ἐπ’
3451 4064 3558 4136 ἐμοί
3571 4061 3700 4127 ,Ὅτι
3716 4055 3773 4104 αὐ-

658 4161 800 4230 Quia
847 4162 1017 4230 ipsam
1050 4161 1210 4225 volui,
1241 4161 1494 4216 videlicet
1546 4161 1720 4232 legem
1754 4175 1919 4231 supra
1959 4176 2223 4215 memora-

2208 4191 2228 4201 -
2330 4157 2435 4210 τὸν
2461 4156 2748 4225 ἠθέλησα·
2796 4158 2954 4228 δῆλον
2983 4159 3039 4212 δὲ
3094 4161 3177 4212 ὃτι
3205 4159 3294 4212 τὸν
3325 4156 3560 4226 ἀνωτέρω
3594 4143 3773 4220 εἰρημένην

660 4261 798 4318 tam;
832 4254 904 4306 ita
935 4259 995 4305 ut
1027 4261 1274 4322 petamus
1319 4261 1377 4305 ut
1404 4268 1524 4323 quae
1552 4268 1582 4308 ιι
1609 4251 1720 4308 Deo
1751 4262 1881 4309 sunt
1909 4253 2089 4309 adsint
2131 4269 2225 4306 no-

2205 4281 2233 4293 -
2330 4247 2511 4318 νόμον,
2535 4247 2676 4301 ῶστε
2698 4248 2939 4320 αἰτῶμεν
2957 4249 3153 4310 carens
3181 4249 3315 4303 Θεοῦ
3337 4241 3672 4320 προσγενέσθαι
3687 4234 3770 4304 ἡμῖν,

663 4341 768 4406 bis,
796 4357 858 4397 ea
886 4343 1264 4412 promittentes
1291 4358 1411 4413 quae
1432 4349 1637 4398 nostra:
1662 4343 1939 4399 facultatis
1967 4352 2228 4413 sunt,.,ne-

2208 4365 2236 4396 μ-
2331 4337 2786 4410 ὲπαγγελλόμενοι
2820 4340 2912 4392 καὶ
2957 4339 3027 4392 τὰ
3062 4339 3148 4407 ἐφ’
3187 4340 3319 4410 ἡμῖν
3345 4339 3434 4396 καὶ
3462 4335 3526 4406 μὴ
3549 4328 3773 4402 ψευδόμενθεν

663 4446 770 4502 que
814 4432 970 4487 irrita
1004 4433 1094 4488 illa
1142 4431 1427 4500 facientes,
1459 4448 1528 4488 ne
1554 4441 1712 4504 pacta
1742 4448 1867 4487 cum
1904 4433 2019 4489 Deo.
2047 4442 2228 4488 nostra

2016 4479 2019 4482 .
2047 4442 2232 4488 nostra
2333 4427 2420 4480 ἵνα
2452 4428 2526 4501 μὴ
2557 4428 2660 4493 τὰς
2684 4429 2820 4502 πρὸς
2852 4429 2983 4483 Θεὸν
3013 4428 3292 4499 ὰθετῶμεν
3319 4428 3579 4497 συνθήκας.

663 4526 945 4582 violemus.
2260 4534 2303 4587 ο

739 4617 900 4675 Vens.
928 4618 989 4672 41
1011 4649 1038 4660 -
1056 4618 1144 4672 48.
1173 4617 1239 4671 Et
1263 4618 1432 4672 veniat
1454 4632 1609 4687 super
1624 4632 1705 4670 me
1729 4616 2091 4670 misericordia
2119 4625 2238 4680 tua,

2216 4655 2238 4680 ι
2412 4621 2521 4678 Καὶ
2553 4621 2719 4676 ἔλθοι
2748 4621 2840 4675 ἐπ’
2885 4622 2989 4692 ἐμὲ
3020 4625 3083 4676 τὸ
3116 4622 3288 4688 ἔλεός
3310 4638 3444 4685 σου,
3472 4618 3630 4684 Κύριε,
3649 4607 3691 4661 τέ
3711 4606 3774 4656 σω·

644 4714 910 4790 ,Βοηιὶηὴ
946 4712 1183 4766 salutare
1213 4723 1359 4764 tuum
1391 4708 1674 4764 secundum
1715 4706 1924 4762 verbum
1961 4716 2128 4763 tuum.
2173 4707 2209 4760 li

2207 4707 2240 4761 .‘t
2343 4714 2543 4782 τήριόν
2566 4729 2681 4769 σου
2702 4714 2851 4769 κατὰ
2877 4715 2984 4769 τὸν
3005 4717 3193 4784 λόγον
3214 4731 3350 4768 σου.
3379 4713 3477 4769 Kal
3503 4696 3772 4790 ἀποκριθήίῖίξ

669 4803 986 4876 respondebo
1013 4801 1452 4873 exprobrantibus
1474 4801 1601 4854 mihi
1632 4798 1863 4863 verbum,
1893 4800 2016 4869 quia
2039 4800 2234 4868 speravi

2207 4799 2246 4852 ‘35
2337 4779 2443 4878 μαι
2483 4807 2607 4874 τοῖς
2645 4806 2998 4867 ὀνειδίζουσί
3026 4779 3124 4876 μοι
3170 4807 3372 4876 λόγον,
3409 4803 3490 4857 ὅτι
3526 4799 3697 4867 ἤλπισα
3717 4779 3772 4836 ἐοτλ

671 4899 725 4952 in
754 4895 1079 4951 sermonibus
1110 4896 1234 4950 tuis.
1265 4893 1334 4946 Et
1368 4910 1430 4948 ne
1453 4893 1666 4962 auferas
1690 4891 1753 4946 de
1775 4907 1862 4945 ore
1892 4907 2005 4945 meo
2035 4890 2236 4944 verbum

2204 4907 2242 4943 πη
2342 4899 2465 4967 τοῖς
2494 4901 2701 4972 λόγοις
2735 4915 2870 4956 σου.
2913 4901 3022 4954 Καὶ
3043 4899 3130 4974 μὴ
3159 4897 3433 4968 περιέλῃς
3452 4896 3511 4948 ἐκ
3539 4888 3619 4945 τοῦ
3636 4880 3769 4975 me”.

670 4991 908 5045 ueritatis
943 5005 1103 5058 usque
1133 4986 1302 5052 valde,
1337 4987 1460 5057 quia
1498 4987 1549 5038 in
1585 4984 1810 5054 judiciis
1836 4983 1940 5037 tuis
1973 4997 2235 5052 superspe-

2206 4999 2242 5032 3"
2343 4995 2444 5061 τός
2472 5012 2590 5063 μου
2617 4970 2803 5063 λόγον
2830 4970 3113 5062 ἀληθείας
3137 4992 3248 5058 ἓως
3275 4992 3511 5062 σφόδρα,
3531 4985 3601 5038 ὅτι
3619 4975 3687 5031 ἐπι
3705 4970 3771 5029 τοῖς

675 5082 808 5136 ravi.
852 5079 919 5132 Et
959 5079 1252 5132 custodiam
1283 5077 1441 5148 legem
1481 5086 1622 5128 tuam
1652 5089 1872 5143 semper,
1905 5073 1958 5127 in
1993 5073 2240 5127 swculum

2203 5089 2244 5125 m
2344 5086 2588 5158 κρίμασί
2609 5101 2724 5141 σου
2734 5085 3067 5152 ἐπήλπισα.
3087 5084 3196 5139 Kal
3215 5083 3456 5153 geva
3470 5080 3555 5133 τὸν
3564 5072 3768 5162 νὸμίζνθίῗν

675 5184 724 5228 et
759 5174 814 5226 in
851 5171 1102 5226 sarculum
1135 5169 1334 5225 strculi.
1366 5168 1435 5223 Et
1467 5167 1805 5222 ambulabam
1845 5168 1900 5221 in
1943 5166 2240 5231 latitudine,

2203 5183 2242 5231 ει
2345 5175 2667 5241 διαπαντὸς
2680 5177 2768 5241 εὶς
2787 5172 2892 5228 τὸν
2908 5173 3091 5227 αἰῶνα
3106 5173 3200 5225 καὶ
3223 5174 3309 5238 εὶς
3327 5170 3429 5224 τὸν
3442 5164 3594 5226 αἰῶνα
3608 5162 3768 5241 τοιάἐεθ·

677 5267 802 5338 quia
826 5265 1082 5319 mandata
1118 5273 1209 5316 tua
1234 5263 1506 5332 exquisivi.
1549 5261 1618 5315 Et
1650 5261 1895 5332 loquebar
1927 5261 1982 5314 in
2013 5259 2242 5314 testimo-

2202 5276 2247 5313 ›·
2345 5285 2470 5335 νος.
2488 5267 2596 5323 Kal
2610 5232 3056 5336 ἐπορευόμηνέν
3072 5232 3417 5333 πλατυσμῷ,
3433 5261 3508 5314 ὅτι
3519 5257 3601 5319 τὰς
3613 5232 3767 5338 “tofm

679 5361 781 5416 niis
810 5361 914 5414 tuis
972 5360 1027 5412 iu
1075 5368 1351 5426 conspectu
1393 5373 1592 5427 regum,
1628 5364 1676 5409 et
1729 5371 1831 5407 non
1867 5351 2244 5422 confundebar.

2202 5366 2244 5405 ν’
2347 5329 2463 5414 σοὶ)
2498 5329 3000 5426 ἐξεζιῖτῆσαίιέαι
3031 5354 3292 5411 ἐλάλουν
3311 5329 3387 5409 ’ἐν
3419 5348 3524 5415 τοῖς
3543 5329 3767 5427 μαρτιφίσίς

681 5453 796 5508 Hoc
821 5451 1045 5524 pulchre
1065 5449 1412 5522 quadraverit
1436 5425 1491 5503 in
1514 5463 1636 5502 eum
1661 5447 1751 5516 qui
1775 5445 1842 5499 ad
1871 5459 2067 5498 nomen
2091 5442 2246 5499 Chri-

2198 5442 2250 5496 ‘i-
2348 5466 2463 5506 σου
2511 5425 2787 5504 ἐναντίον
2843 5447 3169 5514 βασιλέων,
3229 5446 3325 5502 καὶ
3377 5445 3476 5500 οὐκ
3512 5425 3763 5524 ᾐσχυνίξμῖῗ·

683 5547 752 5602 sti
783 5507 1148 5600 conﬁtendum
1176 5552 1300 5598 ante
1340 5557 1492 5613 reges
1522 5550 1575 5595 et
1613 5538 1872 5611 praesides
1901 5537 2137 5592 ducitur.
2180 5533 2248 5588 Et

2201 5533 2250 5588 ῗτ
2350 5541 2659 5613 Χαριέντως
2689 5507 2946 5612 ἁρμόσειε
2977 5539 3132 5600 τοῦτο
3153 5507 3242 5609 *τῷ
3277 5538 3365 5591 ἐπὶ
3391 5529 3612 5613 ἡγεμόνας
3634 5513 3697 5570 καὶ
3717 5507 3766 5575 ἓν

684 5637 976 5694 meditabar
1009 5636 1062 5689 in
1092 5635 1356 5690 mandatis
1396 5612 1521 5699 tuis,
1553 5646 1666 5702 qua:
1693 5629 1862 5685 dilexi
1880 5627 2048 5684 valde.
2089 5626 2152 5682 Et
2180 5627 2249 5683 le-

2199 5639 2251 5683 ε-
2354 5612 2516 5696 σιλείς
2543 5632 2791 5702 ἀγομένῳ
2825 5630 3007 5688 ἕνεκεν
3046 5630 3138 5685 τοῦ
3163 5630 3414 5700 ὀνόματος
3435 5612 3618 5693 Χριστοῦ
3640 5613 3764 5679 in?”

757 5818 803 5852 "
831 5814 990 5871 Joan.
1029 5833 1113 5882 xv,
1149 5816 1200 5872 4.
