3964 6536
210 400 350 457 i375

1331 399 1834 457 COMMENTARIA
1863 397 1932 454 IN
1971 397 2310 455 PSALMOS.
2359 357 2366 359 j

3313 386 3452 442 i374

211 523 344 594 ρείν.
373 521 481 575 Καὶ
503 519 796 590 ἐμελέτων
821 519 889 572 ἑν
909 517 1035 585 ταῖς
1058 518 1334 586 ἐντολαῖς
1357 535 1494 584 σου,
1524 515 1618 586 αἷς
1645 518 1786 590 ἡγάο

1906 519 2005 573 κιυὲ
2031 534 2216 571 manus
2241 515 2313 570 ad
2348 514 2602 568 mandata
2633 522 2721 566 tua
2745 527 2861 582 quia
2889 509 3073 572 dilexi,
3106 517 3155 563 et
3177 507 3455 562 exercebar

208 629 378 682 πησα
396 612 647 682 σφόδρα.
692 613 800 666 Καὶ
830 607 946 683 ᾖρα
974 611 1083 678 τὰς
1105 610 1304 680 χεῖρας
1324 611 1470 680 πρὸς
1492 611 1600 677 τὰς
1616 612 1783 665 ἐντο-

207 703 326 773 λάς
357 719 496 769 σου,
530 704 602 769 ἅς
632 703 935 775 ἠγάπησα,
985 702 1081 757 καὶ
1126 702 1512 773 ἠδολέσχουν
1555 704 1625 757 ἑν
1660 702 1783 770 τοῖς

208 794 562 864 δικαιώμασί
587 810 721 850 σου.
757 791 922 866 Ἀραι
943 797 1130 865 χεῖρας
1163 794 1298 864 πρὸς
1331 793 1549 858 ἐντολάς
1580 797 1695 848 ἐστι
1725 794 1784 847 τὸ

209 892 391 944 πᾶσαν
426 889 622 960 πρᾶξιν
649 888 782 959 πρὸς
808 887 1022 950 ἐντολὰς
1048 886 1192 948 θείας
1219 886 1594 958 ἁρμοζομένην
1623 885 1786 957 ἐργά-

209 980 420 1049 ζεσθαι.
447 979 651 1033 Οὐκοῦν
673 981 928 1050 ἑκάτερον
953 979 1092 1049 μὲνὸ
1112 978 1414 1048 Ψαλμῳδὸς
1441 977 1614 1048 ἑαυτῷ
1644 994 1784 1048 μαρ-

211 1072 386 1142 τυρεῖ·
447 1069 579 1140 ὁμοῦ
635 1069 689 1122 δὲ
735 1073 864 1142 ἡμῖν
917 1069 1195 1140 νομοθετεῖ
1243 1071 1362 1132 ταῖς
1410 1068 1648 1131 ἐντολαῖς
1691 1067 1784 1120 τοῦ

209 1159 346 1213 ε)εοῦ
389 1162 646 1232 παρέχειν
671 1162 768 1232 τὴν
807 1159 1156 1229 κατόρθωσιν,
1193 1159 1451 1230 παρέχειν
1483 1159 1538 1211 δὲ
1569 1159 1659 1211 καὶ
1688 1158 1785 1228 τὴν

213 1251 303 1306 hri
341 1253 478 1306 πολὺ
526 1253 755 1323 μελέτην
797 1255 889 1308 καὶ
925 1254 1173 1326 θεωρίαν·
1213 1251 1354 1305 οὕτω
1397 1251 1505 1323 γὰρ
1545 1250 1697 1305 αὐτοί
1729 1267 1788 1303 τε

181 1342 509 1413 ’κατορθοῦν
538 1345 942 1418 ἀκριϐέστερον,
969 1345 1060 1398 καὶ
1091 1345 1215 1408 τοὺς
1250 1343 1439 1406 ἄλλους
1470 1342 1682 1412 ἐνάγειν
1709 1343 1789 1406 είς

206 1434 550 1506 κατόρθωσιν
576 1435 787 1507 ἕξομεν.

279 1528 598 1597 Μνήσθητι
647 1527 765 1582 τῶν
807 1530 1004 1598 λόγων
1050 1545 1166 1582 σου
1207 1525 1288 1593 τῷ
1331 1527 1530 1593 δούλῳ
1569 1540 1706 1588 σου,
1742 1515 1791 1590 ᾧ

205 1619 558 1687 ἐπήλπισάς
587 1638 682 1689 με.
718 1622 877 1689 Αὕτη
921 1637 996 1690 με
1021 1618 1436 1690 παρεκάλεσεν
1458 1619 1528 1672 ἐν
1565 1617 1639 1685 τῇ
1686 1632 1788 1668 τα-

206 1710 490 1766 πεινώσει
522 1730 663 1781 μου,
687 1713 774 1766 ὅτι
796 1713 864 1767 τὸ
889 1714 1097 1782 λόγιόν
1123 1727 1240 1767 σου
1259 1709 1431 1779 ἐζησέ
1448 1727 1544 1779 με.
1588 1711 1792 1778 ’Υπερ-

206 1803 434 1872 ’ἠφανοι
462 1808 852 1874 παρηνόμουν
878 1805 989 1869 ἕως
1021 1803 1276 1873 σφόδρα,
1315 1801 1432 1856 ἀπὸ
1460 1800 1527 1854 δὲ
1553 1799 1659 1854 τοῦ
1692 1800 1792 1854 rd-

1885 611 1940 663 in
1964 605 2434 678 justiﬁcationibus
2467 604 2590 657 tuis.
2619 603 2821 657 Levare
2853 614 3049 654 manus
3081 598 3148 652 ad
3174 597 3453 661 mandata,

1885 710 1970 756 est
2004 715 2221 754 omnem
2243 697 2510 752 actionem
2536 695 2602 750 ad
2624 693 2805 748 divina
2828 691 3084 746 mandata
3119 697 3454 761 spectantem

1887 793 2064 848 edere.
2091 790 2392 861 Utrumque
2415 789 2580 860 igitur
2601 788 2670 844 de
2693 803 2752 842 se
2773 785 3063 842 Psalmista
3089 785 3412 839 testificatur
3439 803 3452 837 :

1889 895 2050 953 atque
2081 899 2186 938 una
2220 883 2379 938 nobis
2415 880 2660 952 praecipit
2699 887 2759 934 ut
2798 877 3051 933 mandata
3081 875 3176 930 Dei
3209 874 3458 946 perﬁcia-

1889 991 2050 1043 mus;
2101 976 2232 1045 quin
2265 974 2430 1030 etiam
2475 981 2535 1028 ut
2574 972 2866 1044 plurimum
2927 970 3018 1024 illa
3045 968 3368 1023 meditemur
3404 975 3459 1022 et

1889 1065 2355 1135 contemplemur;
2386 1064 2460 1118 ita
2505 1066 2648 1120 enim
2694 1061 2747 1116 id
2774 1061 3162 1121 obtmebimus,
3195 1067 3329 1112 utet
3357 1058 3458 1126 ipsi

1891 1158 2202 1213 accuratius
2231 1170 2616 1227 exsequamur,
2641 1162 2694 1210 et
2715 1153 2835 1208 aliis
2853 1152 3186 1223 exsequendi
3207 1156 3459 1204 auctores

1891 1265 2083 1306 sumus.

1961 1507 2127 1563 Vens.
2161 1507 2364 1564 49-51.
2399 1505 2603 1561 Memor
2633 1514 2743 1560 esto
2774 1503 3045 1558 verborum
3073 1511 3286 1556 tuorum
3317 1517 3460 1555 servo

1893 1610 2000 1664 tuo,
2029 1602 2083 1654 in
2112 1617 2214 1670 quo
2244 1599 2370 1653 mihi
2397 1614 2538 1667 spem
2561 1597 2772 1653 dedisti.
2811 1597 2938 1651 Hcce
2973 1613 3052 1650 me
3080 1594 3352 1648 consolata
3383 1602 3461 1647 est

1890 1695 1947 1748 in
1983 1693 2280 1746 humilitate
2308 1707 2444 1755 mea,
2494 1690 2617 1759 quia
2672 1688 2935 1760 eloquium
2991 1697 3136 1740 tuum
3182 1687 3462 1754 viviﬁeaeit

1891 1804 1994 1841 me.
2036 1785 2258 1855 Superbi
2308 1785 2484 1854 inique
2519 1782 2743 1852 agebant
2783 1797 2943 1850 usque
2973 1779 3141 1844 valde,
3174 1797 3205 1832 a
3236 1780 3341 1848 lege
3373 1794 3464 1830 au—

200 1862 325 1962 μου
354 1909 473 1949 σου
512 1862 622 1949 ουκ
665 1862 980 1958 ἐξέκλινα.-
1006 1862 1124 1950 Td’w
1153 1862 1474 1965 ἑτεροδόξων
1504 1892 1790 1960 ἀλαζονευ·

1906 1886 1997 1931 ῐεηι
2020 1885 2108 1932 tua
2133 1892 2236 1930 non
2259 1873 2532 1928 declinavi.
2567 1871 2704 1926 Cum
2733 1870 3044 1926 heterodoxi
3070 1869 3303 1939 superbe
3331 1883 3463 1920 con-

207 1985 422 2055 ομένων
466 1985 605 2040 κατὰ
644 1985 737 2042 τοῦ
788 1987 950 2056 νόμου
974 1986 1050 2057 τῷ
1097 1985 1400 2040 διαϐάλλειν
1434 1984 1593 2038 αὐτὸν
1616 2025 1631 2050 ,
1680 1981 1792 2053 ἐγὼ

209 2076 420 2149 σφόδρα
443 2078 540 2148 τῆς
588 2076 830 2149 φυλακῆς
863 2077 1022 2131 αὑτοῦ
1071 2077 1450 2148 περιειχόμην,
1490 2076 1624 2147 μηδὲ
1671 2076 1792 2129 κατ’

205 2169 390 2238 ὀλίγον
419 2169 674 2238 κλονῆσαι
697 2171 797 2241 τὴν
827 2171 960 2241 πρὸς
984 2170 1143 2224 αὑτὸν
1181 2169 1574 2238 συγκατάθεσιν
1606 2168 1794 2237 ἀνεχό-

209 2275 401 2332 μενος.
446 2261 784 2330 Ἐμνήσθην
817 2259 934 2314 τῶν
970 2259 1266 2330 κριμάτων
1291 2276 1406 2313 σου
1432 2261 1532 2314 ἀπ’
1557 2259 1790 2324 αἰῶνος,

206 2353 413 2420 Κύριε,
437 2353 533 2405 καὶ
558 2352 962 2421 παρεκλήθην.
1013 2352 1256 2422 Ἀθυμία
1291 2351 1548 2420 κατέσχε
1571 2367 1646 2420 με
1675 2350 1794 2403 ἀπὸ

208 2442 577 2511 ἁμαρτωλῶν
620 2443 737 2496 τῶν
779 2423 1422 2513 ἑγκαταὶιμῗιτανόντων
1465 2442 1573 2497 τὸν
1607 2443 1795 2510 νόμον

207 2550 354 2590 σου.
394 2536 600 2589 Ψαλτὰ
621 2532 784 2605 ἦσαν
799 2553 900 2604 μοι
927 2536 998 2589 τὰ
1025 2533 1382 2603 δικαιώματά
1402 2548 1519 2589 σου
1546 2535 1616 2588 ἐν
1635 2537 1797 2601 τόπῳ

210 2625 530 2692 παροικίας
560 2643 699 2694 μου.
744 2626 1091 2695 Ἐμνήσθην
1127 2626 1198 2680 ἐν
1242 2626 1413 2680 νυκτὶ
1447 2625 1553 2680 τοῦ
1584 2627 1798 2694 ὀνόμα-

211 2715 317 2779 τός
341 2729 478 2776 σου,
511 2715 704 2782 Κύριε,
738 2715 835 2768 καὶ
870 2715 1144 2784 ἐφύλαξα
1174 2714 1280 2768 τὸν
1302 2717 1492 2784 νόμον
1520 2731 1656 2769 σου.
1685 2714 1800 2768 Αὖ-

209 2817 286 2870 εη
309 2802 560 2870 ἐτι-νήθη
581 2821 702 2872 μοι,
727 2804 814 2857 ὅτι
842 2804 912 2857 τὰ
936 2803 1289 2872 δικαιώματά
1313 2818 1428 2857 σου
1450 2803 1795 2873 ἑξεξήτησα.

284 2894 470 2961 Μερίς
489 2911 608 2962 μου
635 2890 709 2956 εἴ,
739 2895 913 2961 Κύριε
931 2911 945 2924 ⁸
985 2891 1123 2948 εἶπα
1152 2894 1536 2963 φυλάξασθαι
1567 2894 1673 2946 τὸν
1701 2894 1800 2948 νό-

206 3000 333 3052 μον
357 2999 494 3036 σου.
531 2983 589 3036 ’0
618 2983 1024 3054 ἀποταξάμενος
1051 2987 1164 3047 τοῖς
1191 2983 1464 3054 βιωτικοῖς
1487 2983 1797 3056 πράγμασι,

215 3079 314 3132 καὶ
348 3073 616 3149 μηδεμίαν
647 3076 784 3148 ἔχων
812 3076 1004 3148 μερίδα
1028 3077 1120 3130 ἐπὶ
1143 3075 1267 3147 γῆς,
1301 3075 1424 3147 μηδ’
1441 3077 1498 3129 ἐν
1523 3074 1601 3147 τῷ
1625 3074 1800 3129 θέλειν

1891 1977 1977 2024 tra
2009 1969 2184 2039 legem
2216 1974 2458 2038 agerent,
2494 1971 2554 2019 ut
2605 1977 2727 2018 eam
2771 1961 3140 2022 traducerent,
3195 1973 3296 2026 ego
3344 1955 3468 2024 ejus

1892 2059 2258 2119 observationi
2310 2056 2601 2112 admodum
2651 2053 3031 2119 attendebam,
3088 2066 3268 2106 meum
3335 2065 3465 2118 erga

1895 2156 2042 2210 illam
2069 2151 2318 2206 affectum
2352 2165 2422 2205 ne
2465 2148 2747 2202 minimum
2795 2145 3014 2215 quidem
3063 2143 3303 2196 titubare
3337 2155 3462 2209 pcr—

1893 2249 2135 2304 mittens.
2185 2275 2255 2286 --
2303 2241 2466 2297 Vens.
2501 2239 2714 2296 52-56.
2764 2237 2967 2292 Memor
3017 2236 3096 2306 fui
3142 2234 3464 2305 iudiciorum

1897 2350 2106 2394 tuorum
2141 2357 2172 2390 a
2203 2327 2416 2399 διοικῶ,
2449 2335 2689 2398 Domine,
2728 2343 2775 2386 et
2807 2331 3112 2386 consolatus
3139 2343 3275 2381 sum.
3312 2324 3466 2394 Defe-

1895 2433 1996 2487 ctio
2031 2431 2194 2486 tenuit
2241 2445 2320 2481 me
2356 2444 2451 2496 pro
2480 2423 2837 2495 peccatoribus
2869 2417 3346 2490 derelinquentibus
3393 2418 3467 2469 le-

1894 2542 2007 2596 gem
2044 2532 2208 2575 tuam.
2244 2519 2545 2574 Cantabiles
2577 2517 2702 2569 mihi
2736 2522 2886 2569 erant
2919 2511 3331 2582 justiﬁcationes
3365 2517 3468 2560 tute

1895 2617 1950 2668 in
1978 2614 2090 2668 loco
2112 2611 2546 2682 peregrinationis
2577 2624 2724 2662 meae.
2746 2605 2948 2660 Memor
2980 2605 3058 2673 fui
3076 2611 3224 2656 nocte
3240 2600 3466 2654 nominis

1899 2708 1994 2769 tui,
2029 2705 2272 2767 Domine,
2305 2712 2352 2756 et
2393 2701 2648 2756 custodivi
2683 2699 2844 2769 legem
2873 2707 3036 2750 tuam.
3080 2695 3206 2749 Ηιεε
3225 2693 3368 2762 facta
3391 2703 3468 2744 est

1898 2797 2048 2860 mihi,
2087 2799 2211 2864 quia
2235 2792 2648 2863 justiﬁcationes
2680 2802 2797 2843 tuas
2826 2786 3105 2857 exquisivi.

1969 2886 2135 2942 Vens.
2182 2885 2272 2940 57.
2312 2884 2502 2938 Portio
2558 2899 2674 2936 mea
2711 2898 2788 2947 es,
2830 2880 3051 2932 Domine
3086 2876 3251 2931 :dixi
3289 2883 3462 2928 custo-

1899 2978 2016 3033 dire
2041 2978 2203 3048 legem
2223 2986 2392 3034 tuam.
2433 2975 2536 3042 Qui
2561 2972 2918 3030 saecularibus
2948 2969 3112 3039 hujus
3152 2968 3275 3022 vitae
3309 2966 3470 3020 rebus

1901 3068 2202 3133 renuntiat,
2246 3065 2563 3136 nullamque
2626 3065 2680 3117 in
2740 3070 2887 3117 terra
2938 3060 3239 3130 portionem
3287 3057 3469 3118 habet,

214 3169 287 3222 τὰ
304 3148 550 3234 τοιαῦτα,
575 3169 689 3223 ἀλλ’
721 3168 1058 3241 ἀρκούμενος
1087 3169 1207 3223 ἀντὶ
1241 3168 1457 3222 πάντων
1483 3165 1562 3238 τῷ
1589 3167 1798 3238 Κυρίῳ,

1906 3178 2080 3234 neque
2111 3177 2202 3218 res
2232 3157 2544 3215 istiusmodi
2574 3154 2938 3225 concupiscit,
2977 3151 3068 3208 sed
3096 3148 3325 3203 Domino
3354 3148 3474 3202 vice

218 3262 339 3334 ἐρεῖ
361 3279 374 3293 ’
403 3263 583 3330 Μερίς
596 3280 716 3331 μου
736 3263 971 3331 Κύριος.
998 3259 1184 3332 Τούτῳ
1211 3261 1267 3314 δὲ
1295 3258 1574 3314 ἀκολουθεῖ
1593 3259 1800 3328 λέγειν’

225 3349 384 3412 εἶπα
431 3352 816 3422 φυλάξασθαι
863 3354 972 3407 τὸν
1014 3354 1203 3424 νόμον
1246 3367 1382 3416 σου,
1437 3351 1683 3406 τουτέστι
1714 3351 1804 3405 τδν

222 3446 613 3516 πνευματικὸν,
676 3446 802 3516 περὶ
848 3440 908 3499 οὗ
965 3446 994 3498 ὁ
1047 3443 1258 3508 Παῦλος
1299 3444 1488 3512 λέγει’
1551 3442 1806 3512 Οἴδαμεν

222 3535 315 3591 ὅτι
336 3537 733 3605 πνευματικός
756 3536 885 3589 ἐστι
919 3537 1121 3604 νόμος,
1152 3535 1245 3588 καὶ
1271 3535 1340 3586 τὰ
1365 3534 1511 3603 ἑξῆς.
1544 3533 1667 3595 Πῶς
1697 3532 1806 3604 γὰρ

221 3627 282 3680 οὗ
320 3627 613 3696 φυλάξουσι
653 3627 742 3680 τὸν
774 3627 937 3699 νόμον
971 3626 1002 3697 ἢ
1033 3626 1133 3690 τὰς
1158 3625 1377 3688 ἐντολὰς
1400 3624 1494 3677 τοῦ
1519 3625 1723 3696 Κυρίου
1755 3624 1806 3676 οἱ

228 3719 422 3791 μερίδα
459 3721 620 3773 αὐτὸν
649 3719 860 3790 ἔχοντες
894 3717 1037 3772 κατὰ
1068 3718 1195 3782 τοὺς
1220 3718 1478 3781 Δευῖτας,
1519 3710 1600 3780 οἷς
1627 3715 1806 3787 διηγό-

226 3828 416 3882 ρευται
474 3812 638 3882 μηδὲν
690 3811 984 3882 κεκτῆσθαι
1035 3808 1175 3864 κατὰ
1225 3809 1317 3864 τὸν
1348 3809 1495 3879 βίονς
1543 3807 1806 3862 Λέλεκται

224 3907 339 3975 γάρ
359 3920 372 3932 ’
399 3903 526 3970 Τοῖς
548 3905 818 3969 Λευΐταις
843 3903 939 3955 καὶ
961 3901 1081 3968 τοῖς
1101 3901 1366 3970 ἱερεῦσιν
1389 3899 1541 3967 υἱοῖς
1570 3897 1804 3968 Ἀαρὼν,

224 3996 342 4048 οὐκ
383 3995 512 4048 ἔστι
561 3993 750 4061 μερὶς,
780 3992 920 4046 οὐδὲ
961 3983 1327 4061 κληρονομία
1365 3992 1434 4046 ἐν
1492 3991 1617 4057 τοῖς
1656 3990 1806 4056 υἱοῖς

239 4085 511 4155 Ἰσραὴλ,
541 4084 688 4138 διότι
717 4085 925 4151 Κύριος
947 4082 1116 4151 μερὶς
1151 4082 1368 4136 αὐτῶν.

313 4174 595 4242 Ἐδεήθην
635 4175 742 4228 τοῦ
798 4173 1120 4242 προσώπου
1174 4190 1291 4228 σου
1332 4174 1402 4228 ἑν
1438 4173 1550 4242 ὅλῃ
1597 4172 1809 4241 καρδία

220 4287 344 4343 μου
364 4287 376 4300 ·
410 4268 673 4338 ἐλέησόν
705 4285 782 4338 με
804 4267 954 4322 κατὰ
978 4266 1043 4320 τὸ
1073 4268 1285 4336 λόγιόν
1308 4283 1444 4322 σου.
1469 4265 1807 4336 Διελογισά-

221 4381 350 4435 μην
382 4361 488 4428 τὰς
537 4361 714 4427 ὁδούς
744 4375 880 4424 σου,
934 4359 1033 4412 καὶ
1057 4359 1399 4427 ἐπέστρεψα
1447 4357 1589 4424 τοὺς
1619 4356 1808 4422 πόδας

223 4474 350 4526 μου
373 4457 460 4520 εὶς
501 4453 573 4507 τὰ
602 4452 894 4522 μαρτύριὰ
932 4468 1069 4506 σου.
1111 4451 1528 4521 Ἡτοιμάσθην,
1570 4449 1669 4504 καὶ
1697 4451 1807 4503 οὐκ

1903 3257 2144 3313 omnium
2177 3259 2468 3308 contentus
2494 3261 2597 3312 est,
2629 3248 2772 3302 dicet
2801 3266 2812 3301 :
2847 3245 3031 3300 Portio
3057 3260 3172 3296 mea
3197 3241 3470 3294 Dominus.

1904 3347 2043 3402 Huic
2076 3354 2257 3401 autem
2289 3343 2550 3412 competit
2581 3340 2764 3394 dicere
2802 3355 2814 3390 :
2850 3337 2977 3390 Dixi
3014 3333 3280 3388 custodire
3312 3331 3474 3400 legem

1905 3448 2071 3505 tuam,
2105 3417 2315 3492 scilicet
2339 3433 2700 3504 spiritualem,
2742 3429 2809 3483 de
2831 3443 2939 3498 qua
2980 3425 3181 3479 Paulus
3206 3423 3326 3476 ait:
3361 3420 3478 3474 Sci—

1903 3547 2020 3585 mus
2073 3529 2211 3582 enim
2267 3525 2405 3596 quod
2463 3525 2546 3578 lex
2609 3519 2908 3589 spiritualis
2964 3525 3042 3571 est
3074 3517 3140 3580 “,
3171 3521 3225 3568 et
3259 3519 3476 3566 caetera.

1904 3618 2189 3688 Quomodo
2217 3617 2364 3674 enim
2398 3616 2568 3684 legem
2594 3621 2648 3668 et
2672 3618 2941 3681 praecepta
2987 3605 3201 3663 Domini
3236 3619 3346 3658 non
3377 3617 3477 3656 cu-

1905 3713 2164 3778 stodieut,
2201 3709 2293 3780 qui
2329 3708 2481 3761 illum
2513 3705 2568 3760 in
2611 3703 2916 3773 portionem
2950 3700 3176 3762 habent,
3213 3694 3478 3768 quemad-

1903 3804 2126 3860 modum
2173 3808 2228 3858 ct
2263 3799 2486 3863 Levita,
2519 3795 2722 3867 quibus
2755 3794 2986 3850 vetitum
3034 3799 3117 3844 est
3169 3785 3369 3857 aliquid
3424 3785 3479 3838 in

1905 3899 2016 3955 vita
2039 3893 2362 3968 possidere?
2388 3889 2523 3944 Nam
2555 3888 2762 3942 dictum
2817 3892 2900 3939 est
2931 3902 2944 3938 :
3001 3881 3188 3936 Levitis
3219 3889 3269 3933 et
3305 3892 3478 3931 sacer-

1907 3991 2118 4045 dotibus
2150 3987 2280 4058 ﬁliis
2311 3986 2493 4038 Aaron
2523 3997 2626 4036 non
2648 3989 2726 4034 est
2765 3994 2890 4049 pars
2921 3991 3081 4046 neque
3114 3970 3394 4028 haereditas
3425 3972 3479 4026 in

1908 4081 2038 4150 ﬁliis
2075 4077 2270 4138 Israel,
2293 4075 2420 4146 quia
2453 4073 2712 4128 Dominus
2741 4086 2866 4139 pars
2895 4083 3076 4122 eorum
3097 4067 3161 4119 ¹².

1974 4172 2148 4226 Vens.
2180 4168 2363 4224 58-6-5.
2421 4166 2742 4234 Deprecatus
2801 4177 2920 4216 sum
2968 4159 3159 4230 [aciem
3215 4167 3362 4209 tuam
3424 4155 3480 4207 in

1909 4277 2016 4321 toto
2072 4267 2226 4320 corde
2277 4279 2387 4316 meo
2427 4261 2718 4316 :miserere
2754 4257 2853 4310 mei
2886 4252 3168 4309 secundum
3218 4248 3479 4320 eloquium

1909 4370 2076 4412 tuum.
2115 4355 2355 4424 Cogitavi
2384 4353 2494 4407 vias
2544 4361 2686 4411 tuas,
2713 4358 2764 4403 et
2815 4346 3044 4402 converti
3077 4342 3228 4414 pedes
3260 4341 3483 4395 meos'in

1911 4451 2209 4506 testimonia
2243 4455 2356 4502 tua.
2386 4445 2622 4498 Paratus
2658 4458 2797 4504 sum,
2829 4450 2880 4494 et
2918 4455 3024 4492 non
3057 4452 3172 4490 sum
3221 4431 3483 4494 turbatus,

229 4521 566 4617 ἐταράχθην
605 4521 720 4599 τοῦ
766 4521 1146 4614 φυλάξασθαι
1197 4544 1304 4609 τὰς
1351 4540 1603 4608 ἐντολάς
1664 4557 1798 4596 σου.

1910 4553 1963 4597 ut
1992 4539 2290 4596 custodiam
2324 4534 2577 4589 mandata
2611 4543 2725 4586 tua.
2785 4529 2960 4581 Funes
3001 4532 3332 4593 peccatorum
3378 4521 3486 4572 cir-

233 4638 481 4706 Σχοινία-
502 4637 863 4706 ἁμαρτωλῶν
895 4633 1387 4704 περιεπλάκησάν
1409 4651 1532 4704 μοι,
1565 4631 1664 4686 καὶ
1696 4630 1802 4685 τοῦ

232 4731 420 4799 νόμου
443 4745 558 4784 σου
574 4730 684 4782 οὐκ
702 4727 1098 4796 ἐπελαθόμην.
1123 4727 1533 4780 Μεσονύκτιον
1555 4726 1666 4797 οὐκ
1684 4719 1802 4792 (sic)

231 4822 614 4891 ἐξεγειρόμην
640 4818 745 4873 τοῦ
773 4816 1261 4887 ἐξομολογεῖσθαι
1302 4831 1400 4870 σοι
1441 4816 1539 4869 ἐπὶ
1574 4813 1648 4868 τὰ
1679 4812 1803 4882 κρί-

228 4931 388 4984 ματα
436 4912 547 4980 τῆς
601 4911 990 4975 δικαιοσύνης
1030 4923 1164 4962 σου.
1231 4908 1497 4976 Μέτοχος
1541 4904 1654 4976 ἐγώ
1689 4907 1806 4974 εἰμι

235 5007 476 5061 πάντων
518 5004 634 5058 τῶν
689 4999 1073 5073 φοϐουμένων
1107 5015 1200 5064 σε,
1255 4999 1352 5053 καὶ
1404 4998 1523 5052 τῶν
1569 5003 1805 5068 φυλασ-

236 5100 469 5153 σόντων
519 5098 625 5163 τὰς
676 5093 929 5160 ἐντολάς
969 5108 1106 5147 σου.
1179 5090 1288 5145 Τοῦ
1338 5090 1547 5154 ἐλέους
1591 5091 1807 5158 Κιερίου

238 5189 474 5258 πλήρης
502 5190 540 5257 ἡ
579 5186 677 5258 τῆ,
736 5186 808 5240 τὰ
859 5180 1218 5252 δικαιώματά
1267 5196 1384 5235 σου
1433 5178 1679 5243 δίδαξον
1709 5196 1804 5247 με.

251 5281 376 5334 Ἐὰν
405 5279 744 5350 κατανοήσῃς
771 5278 832 5331 τὸ
867 5274 1069 5346 πλῆθος
1089 5273 1198 5325 τῶν
1227 5271 1668 5343 ἁμαρτανόντων,
1700 5270 1808 5323 τῶν

241 5371 595 5433 ἀσεϐούντων,
628 5370 736 5423 τῶν
783 5368 993 5422 ἀδικίαν
1024 5368 1102 5430 εἰς
1150 5363 1322 5434 ’Ὕψος
1372 5361 1690 5426 λαλούντων,
1719 5362 1812 5414 καὶ

243 5463 358 5534 ῑδῃς
402 5463 496 5516 τοῦ
547 5461 682 5516 Θεοῦ
738 5462 833 5532 τὴν
892 5455 1270 5530 μακροθυμίαν
1325 5455 1417 5508 ἐπὶ
1465 5453 1534 5508 τὰ
1575 5452 1811 5506 τοσαῦτα

243 5557 630 5628 ἁμαρτήματα,
660 5554 776 5617 πῶς
807 5554 898 5607 καὶ
931 5551 1067 5622 μετὰ
1098 5547 1333 5602 τοσαῦτα
1381 5547 1556 5602 πάντα
1587 5543 1809 5598 ἀνατέλ-

243 5646 326 5703 λει
362 5649 452 5702 τὸν
482 5649 631 5720 ἦλιον
664 5647 826 5702 αὐτοῦ
854 5647 944 5699 ἐπὶ
977 5646 1244 5718 πονηροὺς
1303 5642 1395 5696 καὶ
1433 5639 1686 5708 ἀγαθοὺς,
1721 5639 1813 5690 καὶ

1910 4630 2317 4698 cumplexisunt
2347 4643 2447 4687 me,
2505 4634 2553 4678 et
2605 4622 2764 4692 legem
2805 4629 2949 4671 tuam
2989 4633 3091 4671 non
3121 4630 3235 4668 sum
3265 4611 3482 4666 oblitus.

1913 4720 2091 4774 Media
2125 4728 2271 4772 nocte
2300 4715 2573 4786 surgebam
2608 4711 2676 4764 ad
2704 4707 3058 4779 conﬁtendum
3093 4704 3188 4758 tibi
3211 4717 3368 4772 super
3389 4701 3484 4770 ju-

1911 4811 2054 4865 dicia
2083 4809 2318 4880 justitiaz
2360 4817 2483 4859 tum.
2523 4804 2793 4871 Particeps
2841 4817 2930 4870 ego
2982 4814 3099 4851 sum
3145 4795 3378 4847 omnium
3416 4793 3485 4844 ti-

1913 4905 2165 4960 mentium
2199 4911 2248 4955 te
2278 4909 2327 4954 et
2358 4897 2762 4952 custodientium
2815 4890 3069 4945 mandata
3109 4897 3219 4942 tua.
3283 4884 3487 4939 Miseri-

1914 4993 2097 5050 cordia
2128 4990 2340 5046 Demini
2395 4989 2549 5057 plena
2571 4996 2648 5041 est
2696 4995 2879 5046 terra;
2903 4978 3322 5050 justi/icationes
3367 4985 3484 5028 tuas

1914 5085 2041 5138 doce
2071 5099 2168 5137 me.
2207 5079 2264 5135 Si
2311 5075 2746 5134 consideraveris
2798 5071 3202 5128 multitudinem
3254 5081 3485 5136 peccan-

1917 5178 2076 5239 tium,
2125 5173 2290 5244 impie
2340 5171 2640 5242 agentium,
2683 5175 2739 5222 et
2781 5165 3119 5236 iniquitatem
3159 5167 3350 5214 contra
3382 5157 3487 5210 Ex-

1917 5270 2122 5324 celsum
2151 5265 2512 5337 loquentium,
2545 5261 2746 5331 Deique
2776 5261 2831 5322 in
2870 5265 2947 5312 tot
2983 5256 3224 5326 peccatis
3250 5253 3488 5305 tolerati.

1919 5363 2058 5416 tiam“
2079 5359 2456 5430 pcrpenderis,
2492 5355 2763 5427 quomodo
2792 5353 2954 5407 ctiam
2985 5355 3109 5418 post
3153 5345 3268 5398 haec
3302 5340 3485 5396 omnia

1919 5451 2051 5505 oriri
2091 5449 2256 5503 faciat
2302 5448 2472 5504 solem
2510 5461 2667 5502 suum
2708 5457 2874 5512 super
2904 5439 3076 5492 malos
3107 5443 3160 5491 et
3205 5435 3398 5489 bonos.
3432 5440 3486 5484 et

1916 5543 2067 5612 pluat
2098 5556 2260 5609 super
2287 5539 2464 5609 justus
2485 5545 2538 5592 et
2571 5535 2804 5602 injustas
2823 5530 2886 5591 “,
2907 5529 3088 5582 dices:
3111 5520 3485 5578 Misericordia

1919 5635 2133 5689 Domini
2167 5635 2318 5703 plena
2349 5641 2424 5688 est
2457 5641 2618 5686 terra.
2651 5623 3061 5696 justiﬁcationes
3093 5628 3212 5672 tuas
3234 5620 3358 5670 doce
3383 5627 3481 5668 me.

321 5803 363 5840 ¹¹
406 5801 561 5858 Rom.
595 5817 698 5869 vn,
735 5801 818 5855 li.
898 5801 938 5832 "
979 5798 1134 5858 Num.
1175 5812 1338 5864 xvul.
1371 5793 1459 5847 Si“.
1541 5794 1582 5824 ’³
1625 5790 1810 5846 Matth.
1847 5806 1898 5849 ν.
1934 5787 2025 5844 45.
