3964 6520
517 354 655 412 i375

1217 357 1485 415 EUSEBII
1520 359 1993 418 CESARIENSIS
2014 360 2162 418 OPP.
2198 359 2376 416 PARS
2413 360 2501 416 Ill.
2531 392 2599 402 —
2636 358 3042 415 EXEGETICA.

3634 357 3770 415 i376

521 464 840 548 ppéxst'énl.
865 480 1100 545 δικαίους
1128 482 1223 535 καὶ
1249 483 1487 549 ἀδίκους,
1530 484 1703 552 ἐρεῖς·
1747 482 1856 538 Τοῦ
1885 483 2094 549 ἐλέους
2140 484 2360 553 Κυρίου
2396 484 2630 551 πλήρης
2670 483 2708 549 ἡ
2764 479 2863 550 τῆ,
2899 480 2973 534 τὰ
3034 480 3391 551 δικαιώματά
3437 498 3560 535 σου
3602 479 3772 533 δίδα-

518 569 630 633 ξόν
647 588 741 640 με.

592 660 758 719 Vens.
786 662 875 729 65,
910 663 999 720 66.
1059 665 1359 722 Bonitatem
1414 670 1587 739 fecisti
1636 688 1752 726 cum
1790 687 1934 724 servo
1974 681 2077 731 tua1

2260 661 2645 730 Χρηστότητα
2689 660 2981 727 ἐποίησας
3026 661 3176 730 μετὰ
3216 661 3319 715 τοῦ
3370 661 3605 717 δούλου
3634 682 3775 733 σου,

521 754 763 819 Domine,
789 757 1074 811 secundum
1096 758 1305 814 verbum
1333 771 1500 819 tuum.
1532 762 1831 819 Bonitatem
1856 778 1905 819 et
1924 764 2086 819 disci-

518 845 718 911 plinam
743 855 792 899 et
811 848 1086 902 scientiam
1116 848 1242 904 doce
1265 868 1363 916 me,
1389 854 1513 922 quia
1548 856 1815 911 mandatis
1840 859 1942 911 tuis
1975 875 2087 911 cre-

517 933 655 987 didi.
687 933 792 988 Pro
836 936 927 990 illo
960 956 972 991 :
1011 938 1311 995 Bonitatem
1341 943 1535 1011 fecisti,
1578 944 1935 1017 Symmachus
1972 948 2087 1003 edi-

517 1023 637 1077 dit:
676 1024 989 1096 Benefecisti
1044 1046 1191 1085 servo
1219 1040 1327 1087 tuo.
1383 1033 1620 1089 Docetur
1667 1043 1844 1091 autem
1879 1038 1959 1103 is,
1991 1040 2085 1110 qui

519 1113 722 1171 divinis
752 1118 1038 1177 institutus
1067 1131 1174 1189 est,
1211 1140 1281 1180 ne
1319 1127 1566 1196 ingratus
1601 1130 1672 1185 sit
1704 1146 1803 1199 pro
1825 1132 2087 1189 beneﬁcio

517 1221 615 1275 per
649 1206 816 1264 Deum
854 1212 957 1267 sibi
986 1214 1224 1284 collato;
1285 1219 1380 1273 sed
1429 1222 1586 1283 sciat.
1621 1222 1865 1280 bonitate
1900 1224 1991 1281 Dei
2017 1228 2086 1282 ad

464 1372 465 1375 η
518 1311 578 1352 se
613 1301 982 1367 perveniente,
1008 1320 1068 1360 se
1099 1305 1321 1377 dignum
1372 1310 1617 1365 habitum
1654 1312 1825 1370 fuisse
1854 1317 1945 1386 qui
1972 1332 2085 1372 ser-

455 1414 473 1427 Γ

451 1432 475 1449 τ.

454 1637 480 1692 :3

464 1396 475 1459 ς
515 1404 619 1444 vus
643 1389 733 1445 Dei
767 1405 1074 1465 vocaretur,
1110 1401 1412 1455 secundum
1433 1404 1655 1458 verbum
1688 1406 1808 1475 ejus
1841 1407 1963 1462 talis
2006 1408 2089 1464 ef-

515 1479 715 1537 fectus.

590 1570 757 1629 Vsus.
790 1574 879 1631 67.
932 1576 1255 1650 Priusquam
1328 1584 1663 1653 humiliarer,
1723 1606 1814 1660 ego
1867 1591 2082 1662 deliqui,

514 1674 790 1732 propterea
818 1668 1079 1738 eloquium
1104 1682 1250 1727 tuum
1293 1678 1572 1733 custodiri.
1600 1679 1828 1751 Propter
1875 1686 2083 1753 priora,

519 1757 719 1827 inquit,
760 1775 983 1829 peccata
1014 1782 1137 1835 qua:
1165 1767 1519 1835 admiseram,
1544 1774 1799 1841 traditus,
1833 1778 2086 1833 humilia-

516 1857 606 1901 tus
637 1864 781 1915 sum,
810 1851 1015 1925 Deique
1036 1855 1246 1925 judicio
1272 1860 1325 1913 id
1359 1877 1480 1917 sum
1518 1880 1833 1935 perpessus.
1879 1869 2071 1935 Quam-

514 1941 705 1997 obrem
752 1943 1055 2016 disciplina:
1110 1952 1364 2025 traditus,
1396 1955 1703 2013 doctrinam
1750 1964 1989 2030 postulo,
2022 1970 2082 2019 ut

2187 754 2384 821 Κύριε,
2408 752 2559 821 κατὰ
2583 750 2690 805 τὸν
2713 753 2898 821 λόγον
2921 766 3059 806 σου.
3089 755 3473 820 Χρηστότητα
3504 757 3607 809 καὶ
3638 772 3774 809 παι-

2186 844 2356 898 δείαν
2394 842 2493 896 καὶ
2536 842 2764 913 γνῶσιν
2790 842 3040 907 δίδαξον
3079 862 3175 912 με,
3209 844 3297 898 ὅτι
3335 846 3468 908 ταῖς
3492 848 3775 914 ἐντολαῖς

2186 952 2301 991 σου
2321 936 2669 991 ἐπίστευσα,
2706 935 2848 988 Ἀντὶ
2892 935 3015 988 τοῦ*
3046 938 3427 1005 Χρηστότητα
3447 939 3773 1005 ἐποίησας,

2186 1025 2597 1095 εὐηργέτησας
2627 1024 2733 1078 τὸν
2764 1025 2992 1079 δοῦλόν
3021 1043 3158 1089 σου,
3183 1026 3441 1092 ἐξέδωκεν
3469 1031 3498 1079 ὁ
3537 1028 3776 1098 Σύμμαο

2188 1138 2299 1192 χος.
2351 1118 2671 1172 Διδάσκεται
2726 1116 2782 1170 δὲ
2835 1121 2863 1171 ὁ
2909 1117 2976 1171 τὰ
3016 1118 3132 1171 θεῖα
3193 1120 3634 1189 πεπαιδευμένος
3705 1121 3778 1188 μὴ

2187 1211 2526 1282 ἀναισθήτως
2588 1210 2729 1281 ἔχειν
2765 1209 2866 1280 τῆς
2915 1210 2995 1273 εἰς
3049 1210 3207 1263 αὑτὸν
3257 1212 3638 1281 γεγενημένος
3680 1215 3778 1266 τοῦ

2187 1302 2321 1356 Θεοῦ
2352 1300 2696 1372 εὐεργεσίαςο
2747 1300 2939 1353 εἰδέναι
2967 1300 3043 1364 δὲ,
3079 1302 3183 1365 ὅτι,
3230 1305 3610 1374 χρηστότητος
3643 1306 3792 1359 Θεώ-

2189 1393 2492 1465 φθανούσης
2521 1396 2600 1456 εἰς
2630 1392 2809 1457 αὐτὸν,
2848 1393 3178 1462 κατηξίωται
3215 1392 3399 1458 δοῦλος
3429 1396 3779 1466 χρηματίςαι

2187 1482 2343 1546 Θεοῦ,
2367 1483 2508 1537 κατὰ
2538 1482 2626 1537 τὸν
2654 1483 2810 1552 λόγον
2840 1483 3000 1536 αὑτοῦ
3026 1484 3335 1555 γενόμενος.

2257 1573 2377 1640 Πρὸ
2409 1572 2515 1628 τοῦ
2551 1572 2983 1642 ταπεινωθῆναι
3030 1574 3143 1642 ἐγὼ
3174 1576 3655 1646 ἐπλημμέλησα,
3688 1577 3784 1631 διὰ

2187 1665 2361 1719 τοῦτο
2395 1665 2460 1719 τὸ
2496 1667 2701 1735 λόγιόν
2734 1683 2849 1721 σου
2879 1667 3171 1735 ἐφύλαξα.
3207 1668 3303 1721 Διὰ
3343 1670 3441 1733 τὰς
3480 1671 3780 1742 προτέρας,

2188 1758 2341 1827 φησὶ,
2374 1757 2707 1829 πραχθείσας
2734 1758 3003 1831 ἁμαρτίας
3030 1761 3347 1830 παραδοθεὶς
3373 1763 3778 1833 ἐταπεινώθῃν,

2189 1845 2367 1919 κρίσει
2400 1846 2535 1900 Θεοῦ
2569 1846 2741 1902 ταῦτα
2776 1848 2979 1902 παθών.
3013 1842 3085 1903 Οῦ
3114 1848 3178 1921 δὴ
3205 1850 3297 1903 καὶ
3347 1850 3517 1921 χάριν
3558 1852 3779 1921 παιδείᾳ

2190 1938 2533 2011 παραδοθεὶς,
2567 1939 2754 2002 δέομαι
2783 1942 3147 2006 διδασκαλίας,
3178 1943 3254 2006 ὡς
3287 1944 3352 1997 ἄν
3378 1943 3497 2011 γνῶ
3518 1945 3605 1997 δτι
3628 1947 3665 2013 ἡ
3693 1961 3780 1997 τα-

514 2048 845 2103 cognoscam
872 2039 1012 2093 hanc
1046 2041 1501 2114 humiliationem,
1538 2066 1658 2119 qua:
1693 2052 1823 2106 mihi
1866 2055 2077 2120 accidit1

2189 2032 2443 2097 πείνωσις
2480 2034 2512 2103 ἡ
2544 2034 2804 2106 γενομένη
2845 2052 2933 2105 μοι
2961 2034 3099 2087 κατὰ
3133 2035 3482 2107 χρηστότητα
3522 2038 3625 2088 καὶ
3660 2053 3780 2088 παι-

515 2138 584 2176 61.
611 2124 853 2182 bonitate
887 2139 941 2183 et
970 2130 1262 2204 disciplina
1297 2140 1545 2195 evenisse
1580 2141 1734 2197 mihi.

590 2214 753 2273 Vnus.
787 2219 877 2275 68.
911 2221 1174 2295 Benignus
1202 2244 1255 2282 es
1281 2238 1357 2293 tu,
1387 2229 1624 2298 Domine,
1651 2244 1703 2288 et
1746 2236 1797 2290 in
1857 2236 2087 2295 bonitate

516 2313 609 2359 tua
639 2306 765 2363 doce
807 2312 1314 2384 mejusti/icationes
1350 2329 1489 2375 tuas.
1545 2321 1694 2393 Opus
1739 2325 1875 2394 justi
1908 2330 2086 2393 est,iu

514 2398 775 2454 omnibus
800 2419 919 2472 quae
978 2408 1257 2473 accidunt,
1296 2412 1553 2469 alacriter
1585 2432 1643 2471 se
1684 2417 1907 2483 habere,
1940 2421 2086 2490 quod

513 2485 631 2541 haec
660 2503 690 2541 a
718 2489 1063 2550 Providentia
1086 2499 1491 2570 dispensentur,
1518 2515 1681 2577 atque
1704 2510 1785 2566 vel
1804 2511 2087 2565 acerbiora

514 2575 764 2635 hilariter
793 2584 1112 2654 accipiendo
1138 2588 1248 2645 Deo
1268 2592 1448 2649 dicere
1474 2614 1487 2649 :
1522 2575 1784 2669 Benignus
1812 2616 1864 2654 es
1889 2609 1941 2653 tu
1960 2617 1977 2665 ;
1996 2611 2081 2656 et:

512 2670 831 2728 Benedicam
852 2677 1079 2735 Domino
1102 2682 1157 2735 in
1197 2686 1339 2738 omni
1373 2696 1616 2756 tempore,
1648 2691 1702 2745 in
1736 2692 1839 2748 hoc
1873 2707 2087 2762 semper

513 2770 797 2838 proposito
828 2772 1153 2831 insistendo.
1176 2775 1282 2833 Pro
1308 2775 1401 2833 illo
1426 2800 1438 2835 :
1462 2782 1726 2854 Benignus
1753 2802 1806 2839 es
1849 2796 1925 2852 tu,
1956 2788 2085 2842 reli-

510 2873 634 2927 qua:
664 2857 934 2918 editiones
968 2882 980 2917 :
1003 2864 1183 2919 Bonus
1214 2883 1267 2920 es
1291 2878 1369 2933 tu,
1396 2870 1765 2941 interpretata:
1789 2884 1935 2930 sunt.
1956 2874 2085 2932 Scio

512 2944 726 3014 utique,
758 2947 854 3011 ait,
892 2966 1070 3021 neque
1102 2954 1293 3010 dubito
1328 2956 1395 3012 de
1438 2970 1637 3015 natura
1663 2973 1773 3028 tua,
1812 2967 1955 3036 quod
1998 2968 2076 3021 ni-

512 3035 712 3090 mirum
769 3037 887 3108 ipsa
942 3041 1160 3100 bonitas
1208 3047 1314 3113 sit;
1353 3048 1449 3103 sed
1503 3054 1721 3121 postulo
1778 3035 2083 3113 doctrinam

504 3126 963 3197 justificationum
1024 3143 1265 3203 tuarum,
1314 3155 1421 3209 qua
1468 3157 1555 3196 me
1618 3144 1833 3201 institui
1897 3164 2078 3219 rogo:

509 3233 635 3273 nam
670 3221 919 3279 doctrina
958 3243 1114 3298 egeo,
1148 3239 1206 3285 ut
1253 3247 1536 3292 sermones
1571 3237 1639 3292 de
1682 3241 1934 3310 superbis
1990 3257 2083 3296 co-

505 3326 792 3380 gnoscam.

582 3470 749 3528 Vens.
785 3474 874 3530 69.
912 3476 1275 3548 Multiptieata
1298 3490 1377 3537 est
1405 3499 1561 3552 super
1596 3501 1675 3539 me
1704 3487 1958 3557 iniquitas
1991 3506 2076 3542 su-

504 3562 824 3630 perborum;
853 3582 945 3637 ego
974 3578 1145 3622 autem
1183 3571 1236 3623 in
1291 3580 1399 3626 toto
1455 3572 1610 3628 corde
1662 3591 1773 3629 meo
1804 3578 2082 3631 scrutabor

508 3654 767 3709 mandata
802 3668 914 3714 tua.
944 3659 1159 3725 Quanto
1194 3662 1395 3730 justior
1421 3665 1694 3735 quispiam
1721 3675 1826 3734 est,
1866 3668 2081 3740 Deoque

506 3748 683 3820 magis
733 3749 991 3816 adheret,
1026 3769 1091 3808 ac
1136 3755 1193 3809 in
1242 3772 1308 3811 eo
1348 3772 1453 3827 pax
1506 3758 1601 3813 Dei
1648 3762 2079 3832 multiplicatur;

506 3846 661 3896 tanto
694 3845 865 3915 magis
897 3846 951 3900 in
974 3862 1060 3912 eo,
1092 3856 1278 3918 utpote
1308 3853 1673 3920 praestantiori
1710 3854 1934 3924 athleta,
1967 3858 2052 3910 vir

506 3938 598 3988 tus
641 3938 931 4002 accrescit,
999 3939 1288 4009 plusquam
1341 3942 1704 4010 superborum
1760 3944 1939 4014 ipsum
1986 3947 2079 4000 lte-

506 4025 638 4080 dere
669 4027 1002 4097 volentium;
1033 4031 1148 4086 sive
1177 4031 1617 4089 adversariarum
1650 4036 1935 4101 virtutum,
1967 4040 2079 4094 sive

508 4118 814 4173 hominum.
850 4119 964 4176 Hoc
1021 4133 1202 4178 autem
1250 4134 1496 4195 peracto,
1550 4143 1617 4182 ne
1655 4128 1734 4183 vel
1794 4130 2077 4185 minimum

508 4212 726 4280 quidem
757 4215 1040 4270 remissior
1075 4217 1274 4285 evadit,
1310 4220 1604 4287 quominus
1671 4222 1723 4275 in
1774 4229 1890 4278 toto
1915 4224 2080 4280 corde

507 4310 786 4357 scrutetur
819 4306 1073 4361 mandata
1102 4306 1219 4373 Dei,
1254 4320 1309 4363 ut
1336 4310 1504 4366 faciat
1532 4329 1617 4369 ea.

576 4387 743 4444 Vens.
778 4391 961 4448 70-72.
987 4394 1341 4467 Coagulatum
1362 4410 1439 4455 est
1473 4403 1609 4455 sicut
1628 4404 1711 4458 lae
1743 4422 1835 4460 cor
1864 4423 2078 4461 eorum:

502 4498 595 4552 ego
632 4500 750 4537 vero
781 4486 941 4555 legem
987 4499 1135 4543 tuam
1176 4493 1460 4549 meditatus
1512 4511 1651 4550 sum.
1694 4499 1900 4553 Bonum
1952 4503 2079 4557 mihi

502 4577 630 4645 quia
661 4576 958 4635 humiliasti
991 4599 1091 4645 me,
1126 4594 1181 4636 ut
1221 4584 1423 4639 discam
1469 4588 1883 4660 justiﬁcationes
1934 4603 2073 4648 tuas.

502 4668 711 4724 Bonum
741 4674 873 4727 mihi
900 4674 983 4729 [επ
1008 4679 1112 4730 oris
1142 4681 1219 4732 tui
1243 4696 1397 4749 super
1414 4684 1585 4738 millia
1618 4687 1738 4739 auri
1768 4699 1818 4742 et
1850 4691 2071 4760 argenti.

2186 2124 2328 2178 δείαν
2354 2126 2585 2194 ἐγένετο.

2253 2216 2527 2285 Χρηστὸς
2568 2213 2627 2271 εἷ
2656 2216 2759 2280 σὺ,
2794 2218 2987 2285 Κύριε,
3023 2217 3121 2271 καὶ
3156 2217 3229 2288 τῇ
3261 2221 3641 2287 χρηστότητί
3665 2236 3778 2274 σου

2186 2306 2434 2373 δίδαξόν
2476 2326 2553 2379 με
2593 2309 2665 2364 τὰ
2713 2308 3069 2380 δικαιώματά
3121 2327 3255 2366 σου.
3322 2314 3557 2367 Δικαίου
3621 2317 3777 2386 ἔργον

2186 2400 2353 2465 ἐστὶν,
2373 2400 2464 2453 ἐπὶ
2480 2403 2612 2455 πᾶσι
2637 2403 2748 2467 τοῖς
2779 2402 3162 2475 συμϐαίνουσιν
3186 2406 3484 2477 εύαρεστού
3492 2426 3666 2477 μενον
3690 2409 3777 2461 καὶ

2188 2491 2698 2565 κατακληρούμενον
2728 2495 2836 2548 ἀπὸ
2863 2496 2961 2568 τῆς
2996 2498 3278 2570 Προνοίας.
3308 2501 3515 2572 ἱλαρῶς
3550 2502 3776 2573 δεχομέ-

2185 2597 2275 2634 νου
2298 2581 2493 2651 λέγειν,
2512 2584 2603 2636 καὶ
2624 2585 2714 2637 ἐπὶ
2734 2588 2842 2648 τοῖς
2854 2588 3192 2659 πικροτέροις
3207 2586 3343 2645 εἶναι
3366 2594 3775 2665 νομιζομένοις,

2186 2673 2265 2743 τῷ
2290 2673 2408 2746 Θεῷ
2435 2674 2495 2727 τό
2512 2692 2523 2704 ·
2565 2676 2836 2745 Χρηστὸς
2858 2673 2915 2731 εἷ
2940 2678 3040 2744 σὺ,
3073 2683 3162 2734 καὶ
3186 2681 3246 2734 τό
3262 2699 3276 2712 ν
3301 2685 3655 2753 Eulog-riam
3674 2686 3776 2738 τὸν

2186 2764 2407 2831 Κύριον
2462 2764 2533 2818 ἐν
2588 2765 2763 2819 παντὶ
2830 2768 3029 2836 καιρῷ,
3096 2770 3193 2840 τῆς
3260 2772 3427 2843 αὐτῆς
3514 2776 3775 2845 ἐχόμενον

2190 2856 2575 2926 προαιρέσεως.
2623 2858 2765 2910 Ἀντί
2795 2859 2910 2926 τοῦ,
2944 2863 3214 2929 Χρηστός
3236 2859 3293 2917 εἷ
3334 2864 3437 2929 σὺ,
3476 2869 3536 2920 αἱ
3587 2867 3775 2921 λοιπαὶ

2185 2946 2425 3010 ἐκδόσεις
2443 2964 2455 2976 ·
2488 2948 2717 3018 Ἀγαθός
2744 2945 2804 3003 εἷ
2821 2950 2923 3009 αὑ,
2950 2953 3317 3023 ἡρμήνευσαν.
3339 2956 3475 3009 Οἶδα
3508 2958 3615 3027 μὲν
3656 2955 3772 3021 οὖν,

2185 3038 2341 3110 φησὶ,
2358 3040 2451 3092 καὶ
2474 3041 2573 3093 οὐκ
2609 3042 2932 3112 ἀμφιδάλλω
2957 3045 3201 3116 περὶτῆς
3226 3048 3323 3117 σῆς
3350 3048 3571 3115 οὐσίας,
3604 3052 3693 3103 ὅτι
3713 3053 3773 3121 δή

2185 3130 2520 3200 αὑτοάγαθον
2558 3134 2801 3203 πέφυκεν
2823 3150 2836 3163 ·
2864 3135 2997 3189 ἀλλὰ
3036 3137 3223 3209 δέομαι
3260 3140 3623 3206 διδασκαλίας
3672 3146 3775 3198 τῶν

2182 3219 2563 3293 δικαιωμάτων
2595 3242 2708 3287 σου,
2739 3226 2805 3297 ἣν
2838 3227 2972 3291 ἀξιῶ
3010 3228 3216 3293 διδάξαι
3274 3248 3373 3301 με·
3411 3232 3774 3299 διδασκαλίας

2184 3312 2293 3384 γάρ
2341 3330 2429 3384 μοι
2476 3316 2576 3376 δεῖ,
2634 3318 2712 3380 εἰς
2755 3318 2817 3370 τὸ
2861 3318 3059 3387 γνῶναι
3100 3322 3224 3385 τοὺς
3271 3324 3400 3395 περὶ
3444 3325 3561 3379 τῶν
3608 3329 3774 3401 ὑπερ-

2111 3392 2152 3447 C
2184 3404 2408 3474 ηφάνων
2439 3406 2648 3475 λόγους.

2264 3497 2637 3568 Ἐπληθύνθη
2659 3500 2753 3553 ἐπ’
2796 3502 2901 3572 ἐμὲ
2941 3502 3144 3559 ἀδικία
3184 3507 3628 3576 ὑπερηφάνων·
3659 3511 3770 3581 ἐγὼ

2179 3587 2249 3641 δὲ
2273 3588 2343 3642 ἐν
2364 3588 2476 3660 ὅλῃ
2523 3593 2735 3662 καρδίᾳ
2761 3612 2881 3663 μου
2927 3596 3304 3666 ἑξερευνήσω
3349 3601 3459 3667 τὰς
3512 3604 3768 3669 ἐντολάς

2180 3693 2316 3736 σου.
2334 3682 2482 3753 ’Όσῳ
2499 3684 2704 3750 δίκαιός
2730 3686 2813 3751 τίς
2836 3689 2975 3755 ἐστι,
2994 3691 3416 3762 προστιθέμενος
3456 3696 3553 3747 ἐπὶ
3586 3696 3769 3748 πλεῖον

2180 3771 2257 3843 τῷ
2293 3773 2431 3844 Θεῷ,
2469 3776 2562 3829 καὶ
2586 3776 2913 3849 πληθύνεται
2941 3784 2998 3834 ὲν
3022 3781 3170 3853 αὐτῷ
3197 3785 3230 3854 ἡ
3258 3785 3450 3856 εἰρήνη
3481 3787 3579 3839 τοῦ
3608 3788 3765 3851 Θεοῦ,

2178 3864 2436 3937 τοσούτῳ,
2472 3866 2548 3931 ὡς
2583 3868 2675 3922 ἐπὶ
2732 3869 2968 3943 ἀθλητὴν
3009 3873 3228 3943 μείζονα
3289 3876 3376 3929 ἐπ’
3428 3879 3582 3949 αὐτῷ
3636 3882 3765 3951 πλη-

2181 3954 2417 4023 θύνεται,
2453 3960 2484 4031 ἢ
2516 3960 2623 4013 τῶν
2650 3961 2851 4016 ἀδικεῖν
2875 3964 3035 4017 αὐτὸν
3071 3966 3329 4020 θελόντων
3368 3970 3762 4041 ὑπερηφάνων,

2180 4048 2290 4101 εἴτε
2345 4049 2629 4121 δυνάμεων
2671 4052 3082 4126 ἀντικειμένων,
3118 4060 3225 4111 εἴτε
3258 4058 3588 4131 ἀνθρώπιον.
3632 4064 3765 4116 Tai-

2179 4157 2271 4193 του
2301 4139 2357 4193 δὲ
2388 4142 2695 4213 γινομένου,
2728 4146 2849 4198 οὐδὲ
2881 4146 3021 4200 κατὰ
3058 4148 3121 4201 τὸ
3171 4150 3320 4203 ποιὸν
3362 4151 3647 4205 ἐνδίδωσιν
3672 4154 3761 4207 τοῦ

2182 4230 2257 4302 μὴ
2295 4233 2352 4287 ἐν
2390 4232 2485 4304 ὅλῃ
2518 4235 2713 4306 καρδίᾳ
2759 4236 3047 4310 ὲξερευνᾷν
3079 4240 3179 4304 τὰς
3209 4242 3425 4306 ἐντολὰς
3478 4245 3574 4298 τοῦ
3627 4248 3757 4300 Θεοῦ

2179 4324 2315 4394 πρὸς
2346 4326 2406 4378 τὸ
2444 4327 2535 4379 καὶ
2561 4328 2783 4398 ποιῆσαι
2806 4330 2992 4395 αὐτάς.

2261 4417 2554 4486 Ἐτυρώθη
2591 4421 2672 4486 ὡς
2709 4420 2863 4490 γάλα
2906 4424 2944 4492 ή
2992 4424 3201 4492 καρδία
3260 4425 3489 4481 αὐτῶν·
3530 4428 3653 4496 ἐγὼ
3696 4429 3759 4482 δὲ

2176 4508 2283 4560 τὸν
2307 4510 2493 4578 νόμον
2528 4526 2644 4566 σου
2680 4512 3031 4581 ἐμελέτησα.
3072 4516 3310 4586 Ἆγαθόν
3328 4536 3449 4586 μοι,
3503 4520 3596 4572 ὅτι
3627 4522 3756 4574 em-

2175 4596 2475 4666 πείνωσάς
2505 4617 2602 4670 με,
2644 4601 2802 4669 ὅπως
2838 4604 2914 4657 ἂν
2933 4605 3099 4673 μάθω
3131 4608 3201 4660 τὰ
3223 4607 3585 4677 δικαιώματά
3619 4629 3754 4666 σου.

2188 4685 2421 4754 Ἀγαθός
2446 4706 2548 4757 μοι
2577 4694 2611 4744 ὀ
2646 4692 2830 4760 νόμος
2862 4694 2968 4747 τοῦ
3000 4697 3295 4765 στόματός
3329 4714 3445 4753 σου
3475 4701 3631 4769 ὑπὲρ
3667 4723 3753 4771 χι-

499 4757 635 4815 Nam
684 4775 810 4819 ante
853 4768 1164 4836 superbiam
1205 4772 1445 4841 quidem,
1482 4775 1784 4834 incolumes
1819 4787 1872 4835 et
1908 4781 2073 4835 corde

2188 4775 2386 4845 λιάδας
2431 4783 2686 4850 χρυσίου
2715 4757 2824 4839 ⁷καί
2877 4757 3177 4856 ἀργυρίου.
3231 4757 3343 4862 Ιίρὸ
3376 4793 3476 4863 μὲν
3516 4757 3633 4869 Ta};
3661 4757 3757 4867 ζῆς

504 4853 749 4922 vigentes
804 4868 978 4926 erant,
1011 4869 1193 4930 atque,
1231 4873 1291 4917 ut
1337 4865 1412 4919 ita
1455 4867 1655 4933 dicam,
1688 4870 1977 4940 potabiles,
2011 4880 2072 4928 ut

499 4946 666 5000 etiam
699 4949 825 5002 lacti
869 4952 937 5005 ad
995 4969 1180 5010 escam
1238 4957 1532 5015 utilissimo
1585 4975 2067 5035 compararentur;

499 5047 788 5108 postquam
820 5051 999 5098 autem
1050 5049 1359 5117 superbiam
1420 5052 1736 5120 induerunt,
1764 5072 1952 5114 omnes
1982 5060 2068 5114 in-

499 5128 680 5183 durati
734 5132 893 5201 quasi
930 5149 960 5189 e
997 5134 1137 5192 lacte
1188 5137 1244 5191 in
1273 5154 1493 5195 caseum
1548 5145 1866 5198 commutati
1917 5156 2065 5202 sunt.

498 5218 606 5274 Pro
656 5222 750 5276 illo
784 5234 987 5289 autem,
1020 5230 1357 5298 coagulatum
1377 5242 1476 5297 est,
1514 5235 1709 5305 Aquila
1740 5236 1874 5291 dicit
1906 5253 1920 5289 :
1956 5237 2070 5292 Im-

498 5311 809 5381 pinguatum
836 5327 913 5370 est
946 5319 1103 5388 quasi
1143 5320 1303 5391 adeps
1352 5340 1442 5378 eor
1458 5341 1672 5389 eorum;
1706 5325 2067 5398 Symmachus

499 5412 685 5460 autem
723 5422 737 5458 :
768 5406 1123 5465 Medullatum
1144 5424 1222 5467 est
1244 5414 1382 5467 sicut
1413 5416 1571 5487 adeps
1593 5435 1684 5472 cor
1713 5436 1913 5475 eorum.
1949 5422 2068 5477 Cte-

498 5504 677 5552 terum
708 5499 837 5556 licet
875 5502 951 5556 illi
986 5504 1041 5558 in
1075 5505 1161 5561 his
1188 5519 1562 5575 versarentur,
1599 5527 1698 5582 ego
1726 5528 1756 5565 a
1788 5515 2070 5585 proposito

496 5589 723 5647 minime
744 5594 982 5661 recessi;
1020 5599 1114 5652 sed
1150 5606 1263 5653 toto
1289 5602 1454 5657 corde
1487 5606 1776 5660 scrutabar
1810 5608 2060 5663 mandata

496 5685 591 5733 tua
627 5698 639 5734 :
675 5682 743 5737 ab
790 5686 1106 5742 corumdem
1176 5694 1515 5751 scrutatione
1558 5698 1915 5764 providentia:
1958 5709 2063 5757 tua:

498 5785 561 5825 ac
590 5775 969 5833 universorum
1002 5780 1492 5844 administrationis
1521 5789 1767 5846 notitiam
1816 5802 2059 5862 captans.

2180 4869 2554 4941 ὑπερηφανίας
2581 4874 2791 4929 εῦεκτοί
2815 4894 2958 4941 τινες
2984 4881 3076 4933 καὶ
3099 4882 3294 4937 ἁπαλοὶ
3320 4880 3459 4954 ἦσαν
3484 4889 3587 4958 τὴν
3620 4908 3755 4961 καρ-

2177 4960 2313 5027 δίαν,
2363 4964 2458 5017 καὶ
2514 4966 2733 5038 πότιμοι
2786 4968 2861 5033 ὡς
2914 4971 2992 5040 τῷ
3047 4973 3275 5041 γάλακτι
3333 4977 3504 5048 αὐτὴν
3568 4960 3752 5051 παρα-

2175 5053 2461 5140 ϐάλλεσθαι
2495 5062 2913 5132 τροφιμωτάτῳο
2957 5066 3118 5135 ἡνίκα
3158 5067 3214 5119 δὲ
3245 5068 3341 5139 τὴν
3371 5070 3751 5143 ὑπερηφανίαν

2178 5126 2488 5203 ὲνεδύσαντο
2532 5126 2759 5218 πάντες,
2804 5126 2896 5209 καὶ
2946 5126 3386 5228 σκληρυνθὼέες,
3425 5126 3587 5216 οἱονεὶ
3642 5169 3750 5220 ἀπὸ

2176 5236 2441 5304 γάλακτος
2472 5241 2553 5305 εἰς
2596 5243 2757 5315 τυρὸν
2793 5246 3277 5321 μεταϐεϐλήκασιν.
3326 5253 3466 5305 Ἀντί
3518 5255 3575 5307 δὲ
3627 5256 3745 5317 τοῦ,

2173 5330 2462 5401 ἐτυρώθη,
2510 5337 2538 5387 ὁ
2591 5336 2692 5407 μὲν
2749 5338 2973 5403 Ἀκύλας
3037 5342 3233 5411 φησιν’
3281 5343 3600 5412 Ἐλιστάνθη
3667 5350 3744 5412 ὡς

2171 5422 2353 5492 στέαρ
2368 5426 2406 5492 ἡ
2424 5427 2634 5497 καρδία
2662 5430 2860 5485 αὐτῶν
2877 5448 2891 5462 ο
2917 5433 3016 5486 δδὲ
3045 5434 3334 5507 Σύμμαχος
3354 5455 3367 5466 ·
3403 5439 3741 5507 Ἐμυειιὼΰη

2175 5514 2254 5581 ὠς
2289 5517 2472 5589 στέαρ
2507 5523 2545 5589 ἡ
2574 5524 2786 5593 καρδία
2826 5528 3041 5581 αὐτῶν.
3075 5529 3222 5601 Πλὴν
3254 5530 3368 5583 ἀλλ’
3399 5532 3449 5583 εἰ
3498 5534 3737 5585 κάκεῖνοι

2175 5609 2233 5662 ἐν
2270 5610 2475 5677 τούτοις
2523 5610 2685 5687 ἦσαν,
2741 5618 2850 5687 ἐγὼ
2904 5622 3011 5675 τῶν
3048 5624 3169 5693 ἐμοὶ
3219 5626 3589 5695 προκειμένων
3641 5627 3734 5679 οὐκ

2170 5706 2492 5778 ἀνεχώρουν,
2520 5712 2577 5764 ὲν
2598 5710 2694 5783 ὅλῃ
2720 5713 2912 5783 καρδίᾳ
2935 5713 3227 5786 ἐξερευνῶν
3246 5716 3343 5781 τὰς
3370 5718 3585 5782 ἐντολάς
3620 5734 3729 5777 σου,

2172 5796 2278 5848 ἀπὸ
2322 5798 2418 5866 τῆς
2454 5798 2655 5854 τούτων
2702 5801 2927 5872 ἐρεύνης
2955 5804 3050 5875 τὴν
3090 5803 3288 5873 γνῶσιν
3329 5805 3429 5875 τῆς
3462 5809 3559 5876 σῆς
3597 5822 3729 5875 προ,
