3964 6504
198 320 325 376 1577

1357 312 1863 371 COMMENTARIA
1902 313 1966 369 1N
2009 312 2351 370 PSALMOS.

3288 319 3314 375 1
3326 318 3432 375 578

190 438 330 499 νοίας
362 434 453 488 καὶ
494 434 590 505 τῆς
637 432 865 487 καθόλου
914 431 1231 503 διοικήσεως
1285 429 1621 502 Θηρώμενος,
1669 430 1742 483 κα

1867 429 2044 499 Atque
2078 430 2297 484 illorum
2329 427 2550 499 quidem
2594 442 2690 483 cor
2730 427 2983 499 praesenti
3034 429 3159 483 cibo
3206 445 3307 487 suo
3334 433 3436 489 im-

186 529 290 586 τῶν
321 528 414 599 μὲν
444 529 477 597 ἡ
513 526 705 597 καρδία
747 524 1053 577 ὲλιπαινετο
1098 526 1155 578 ὲν
1188 526 1255 595 τῇ
1284 523 1537 595 παρούσῃ
1573 523 1757 585 αὐτοῖς

186 621 381 692 τροφῇ·
414 616 522 686 ἐγὼ
542 617 599 670 δὲ
621 617 713 671 τὸν
741 616 901 689 νόμον
924 634 1017 670 σου
1056 614 1379 686 ἐμελέτησα.

243 714 308 765 Αἵ
344 708 537 778 χεῖρές
584 722 700 763 σου
748 709 1048 777 ἐποίησάν
1074 726 1153 780 με
1199 708 1300 761 καὶ
1331 707 1609 762 ἐπλασάν
1640 725 1715 778 με
1737 725 1750 739 ·

184 804 499 858 συνέτσσόν
535 819 613 873 με
656 801 756 857 καὶ
787 802 1131 873 μαθήσομαι
1181 802 1289 868 τὰς
1330 801 1584 867 ἐντολάς
1615 817 1751 857 σου.

183 895 410 968 Οὐρινδν
445 894 543 965 μὲν
579 894 687 965 γὰρ
736 894 830 949 καὶ
882 895 986 965 γῆν
1032 894 1124 947 καὶ
1162 896 1339 949 πάντα
1383 894 1452 949 τὰ
1483 897 1541 949 ὲν
1574 895 1755 959 αὐτοῖς

181 989 314 1059 λόγῳ
339 988 745 1059 δημιουργήσας
799 987 893 1041 καὶ
928 988 1451 1061 προστάγματι,ρότε
1471 984 1633 1060 ἦλθεν
1662 988 1754 1042 ἐπὶ

178 1082 263 1133 τὸν
293 1080 574 1150 ἄνθρωπον
602 1075 754 1133 εἶπεν
770 1096 783 1109 °
812 1066 1165 1150 Ποιήσωμεν
1190 1080 1504 1149 ἄνθρωπον
1529 1083 1655 1134 κατ’
1676 1084 1753 1135 εὶ-

178 1172 319 1223 κιτνα
351 1170 626 1224 ίδίανκαὶ
665 1171 791 1225 καθ’
831 1171 1135 1240 ὁμοίωσιν.
1168 1171 1285 1225 Τίνι
1320 1171 1376 1224 δὲ
1409 1171 1553 1242 ἄλλῳ
1582 1172 1750 1240 λέγει,

176 1262 518 1329 Ποιήσωμεν
564 1264 896 1333 ἄνθρωπον,
931 1264 964 1336 ἦ
1019 1263 1097 1335 τῷ
1127 1266 1423 1334 Μονογενεῖ
1467 1264 1628 1318 αὐτοῦ
1660 1265 1754 1318 καὶ

174 1355 246 1424 τῷ
277 1356 551 1427 Πνεύματι
602 1358 759 1429 ἁγίῳ,
808 1356 902 1420 οὒς
948 1357 1041 1410 καὶ
1090 1360 1277 1428 χεῖρας
1320 1355 1417 1410 νῦν
1449 1356 1747 1422 ἁποκαλεῖ;

175 1447 280 1499 Καὶ
307 1447 363 1498 ἐν
394 1446 472 1518 τῷ
509 1445 626 1499 Ἰὼὸ
654 1447 709 1500 δὲ
732 1448 1071 1518 γέγραπται·
1099 1451 1169 1502 Al
1202 1447 1396 1517 χεῖρές
1415 1463 1531 1502 σου
1551 1447 1752 1515 ἐποίη-

171 1533 287 1589 σάν
306 1551 403 1605 με,
436 1536 535 1590 καὶ
572 1534 851 1590 ἔπλασαν
872 1554 949 1605 με
971 1549 985 1564 '
1022 1536 1171 1606 μετὰ
1198 1537 1382 1591 ταῦτα
1400 1534 1751 1605 μεταϐαλών

164 1644 238 1697 με
282 1627 491 1695 δεινῶς
546 1629 797 1696 ὀλέκεις,
842 1629 1316 1690 ἐπανακαινίζων
1350 1630 1443 1684 ἐπ’
1481 1629 1587 1700 ἐμὲ
1636 1628 1751 1697 τὴν

170 1718 378 1773 ἕτασίν
399 1702 540 1789 μού.
580 1720 789 1774 Οὐκοῦν
820 1722 875 1774 αἱ
934 1724 1111 1792 χεῖρες
1136 1721 1229 1775 τοῦ
1258 1720 1393 1774 Θεοῦ
1427 1722 1522 1775 καὶ
1560 1722 1747 1791 ἐποίη-

1865 521 2253 592 pinguabatur,
2283 521 2412 576 dum
2446 534 2546 593 ego
2576 522 2749 593 legem
2782 527 2931 575 tuam
2964 521 3275 575 meditarer.

1934 697 2100 753 Vens.
2134 699 2220 752 75.
2246 696 2439 752 Manus
2470 706 2572 752 tua:
2596 698 2833 768 fecerunt
2865 714 2944 752 me
2978 707 3025 751 et
3044 698 3435 767 plasmarerunt

1862 808 1943 846 me
1976 808 1993 846 :
2023 790 2095 844 da
2126 790 2255 845 mihi
2294 790 2641 856 intellectum,
2673 799 2724 845 et
2770 791 2977 845 discam
3020 792 3277 845 mandata
3320 800 3431 846 tua.

1860 884 1997 939 Cum
2036 882 2180 940 Deus
2207 885 2405 941 cmlum
2440 892 2493 939 et
2546 893 2749 941 terram
2790 891 2843 940 et
2903 885 3086 939 omnia
3119 901 3240 956 qua:
3268 885 3321 939 in
3353 886 3433 941 eis

1860 984 1990 1033 sunt
2037 978 2204 1032 verbo
2253 986 2307 1033 et
2360 986 2631 1049 praecepto
2676 992 2777 1034 suo
2826 978 3181 1041 condidisset,
3213 980 3433 1049 quando

1858 1072 2010 1126 venit
2037 1072 2105 1125 ad
2146 1070 2447 1135 hominem,
2499 1070 2637 1125 dixit
2669 1088 2684 1125 :
2720 1067 3013 1124 Faciamus
3051 1070 3309 1125 hominem
3364 1071 3432 1123 ad

1858 1164 2139 1234 imaginem
2168 1172 2216 1217 et
2243 1163 2643 1217 similitudinem
2674 1174 2912 1217 nostram
2938 1164 3001 1219 ".
3031 1163 3261 1218 Cuinam
3303 1178 3434 1219 vero

1859 1255 1950 1309 alii
1975 1255 2109 1309 dicit
2144 1275 2157 1310 :
2195 1254 2483 1310 Faciamus
2525 1255 2807 1319 hominem,
2839 1255 2946 1311 nisi
3004 1254 3295 1326 Unigcnito
3330 1270 3432 1310 suo

1858 1356 1911 1401 et
1931 1344 2158 1416 Spiritui
2186 1357 2398 1411 sancto,
2417 1363 2557 1418 quos
2578 1348 2688 1419 jam
2717 1363 2913 1403 manus
2943 1348 3215 1417 appellat?
3240 1348 3297 1401 In
3328 1345 3431 1401 Job

1857 1438 1986 1493 item
2018 1438 2280 1493 scribitur
2312 1458 2325 1492 :
2360 1439 2551 1493 Manus
2592 1450 2696 1493 tute
2720 1439 2950 1509 fecerunt
2977 1456 3077 1504 me,
3106 1448 3154 1493 et
3194 1438 3432 1508 plasma~

1856 1540 2038 1584 uerunt
2060 1547 2139 1585 me
2161 1548 2179 1585 :
2201 1540 2380 1600 postea
2419 1540 2653 1586 mutatus
2682 1548 2763 1587 me
2793 1533 2906 1588 dire
2937 1531 3137 1601 perdis,
3174 1549 3428 1586 renovans

1855 1623 1908 1676 in
1936 1639 2015 1676 me
2034 1638 2253 1677 examen
2282 1640 2451 1677 meum
2474 1624 2538 1678 ¹⁸.
2569 1622 2756 1695 Itaque
2794 1640 2989 1682 manus
3039 1624 3132 1681 Dei
3182 1624 3429 1679 fecerunt

1838 1724 1909 1770 et
1956 1716 2390 1785 plasmaverunt.
2439 1716 2517 1772 Ac
2559 1714 2827 1790 Origenes
2846 1719 3066 1790 quidem
3092 1728 3146 1775 et
3176 1719 3428 1774 nonnulli

170 1827 265 1863 σαν
291 1812 386 1864 καὶ
413 1810 672 1864 ἔπλασαν.
699 1812 808 1864 Καὶ
840 1813 1119 1884 Ὠριγένης
1156 1813 1253 1885 μὲν
1276 1814 1371 1868 καὶ
1402 1814 1577 1884 ἕτεροί
1606 1830 1742 1877 τινες

1853 1809 1943 1863 alii
1973 1808 2125 1873 illud,
2156 1808 2413 1878 fecerunt,
2439 1808 2507 1865 de
2528 1810 2709 1865 anima
2737 1811 2945 1866 dictum
2975 1814 3051 1865 ait
3078 1829 3092 1877 ;
3116 1813 3248 1867 illud
3273 1828 3424 1879 vero,

166 1902 242 1964 τὸ,
284 1902 602 1971 ἐποίησαν,
658 1904 750 1956 ἐπὶ
794 1903 897 1974 τῆς
955 1904 1132 1976 ψυχῆς
1166 1904 1418 1977 εἰρῆσθαί
1451 1922 1635 1975 φασιν,
1686 1905 1747 1958 τὸ

166 1992 241 2055 δὲ,
269 1994 570 2060 ἔπλασαν,
627 1994 721 2047 ἐπὶ
770 1994 864 2048 τοῦ
924 1993 1196 2067 σώματος.
1235 1996 1417 2050 ’Ἄλλοι
1445 1995 1500 2049 δὲ
1529 1996 1590 2048 τὸ
1623 1995 1743 2066 μὲν,

164 2086 479 2153 ἐποίησαν,
529 2086 623 2140 ἐπὶ
656 2088 755 2160 τῆς
794 2086 1018 2160 πρώτης
1070 2089 1431 2160 δημιουργίας
1476 2089 1639 2158 φασὶν
1671 2090 1747 2142 εξ-

167 2177 381 2248 ρῆσθαι,
412 2179 472 2231 τὸ
492 2179 881 2245 δὲ,ἕπλασαν,
916 2181 1009 2233 ἐπὶ
1039 2181 1137 2252 τῆς
1173 2180 1266 2235 τοῦ
1294 2180 1519 2252 λουτροῦ
1548 2181 1745 2250 παλιγ-

164 2271 409 2337 γενεσίας
443 2272 537 2323 καὶ
569 2272 944 2336 ἁναπλάσεως.

236 2363 299 2413 0i
334 2364 694 2432 φοϐούμενοί
718 2380 792 2417 σε
834 2364 1091 2433 ὄψονται
1123 2381 1219 2434 με,
1280 2364 1378 2418 καὶ
1406 2338 1745 2433 suppa-01i-
1766 2346 1797 2365 ’δ’

165 2466 391 2514 vortar,
408 2451 495 2506 ὅτι
510 2455 597 2519 είς
610 2454 753 2520 τοὺς
770 2455 992 2524 λόγους
1007 2468 1124 2508 σου
1145 2454 1479 2525 ἐπήλπισα.
1490 2456 1739 2525 Ἕγνων,

162 2544 356 2610 Κύριε,
401 2544 489 2598 ὅτι
516 2546 876 2616 δικαιοσύνη
904 2547 976 2601 τὰ
1009 2546 1263 2617 κρίματὰ
1294 2563 1431 2613 σου,
1468 2548 1563 2601 καὶ
1594 2547 1744 2614 ἀλη-

164 2634 288 2701 θείᾳ
318 2635 717 2704 ὲταπείνωσάς
741 2654 838 2707 με.
878 2637 1197 2707 Γενηθήτω
1224 2638 1301 2707 δὴ
1327 2637 1396 2692 τὸ
1418 2638 1592 2705 ἔλεός
1624 2654 1741 2693 σου

162 2727 265 2781 τοῦ
308 2729 722 2798 παρακαλέσαι
780 2746 888 2800 με,
934 2732 1086 2785 κατὰ
1144 2729 1211 2783 τὸ
1257 2732 1469 2800 λόγιόν
1511 2746 1628 2785 σου
1660 2730 1742 2796 τῷ

159 2819 360 2886 δούλῳ
412 2836 549 2875 σου.
596 2821 965 2876 Ἐλθέτωσάν
1006 2840 1109 2892 μοι
1161 2824 1217 2876 οι
1270 2823 1559 2891 οἰκτιρμοί
1600 2837 1739 2887 σου,

161 2915 256 2968 καὶ
288 2915 560 2984 (navum,
589 2914 677 2967 ὅτι
719 2917 751 2968 ό
776 2915 959 2984 νόμος
987 2930 1105 2968 σου
1127 2913 1349 2983 μελέτη
1387 2912 1506 2983 μου
1544 2914 1738 2969 ἐστίν.

160 3006 221 3058 Εἰ
254 3006 400 3060 ἔλθοι
432 3008 517 3060 ἐπ’
551 3006 651 3078 ἐμὲ
686 3005 745 3059 τὸ
783 3005 930 3071 ἔλεός
966 3023 1081 3071 σου,
1122 3006 1217 3058 καὶ
1238 3004 1505 3077 φθήσαιεν
1531 3007 1655 3078 ἐμοὶ
1689 3009 1740 3061 οἱ

1848 1901 2263 1971 plasmaverunt,
2292 1902 2360 1956 de
2386 1918 2637 1973 corpore.
2670 1903 2775 1958 Alii
2809 1920 2938 1959 vero
2985 1904 3139 1969 illud,
3169 1907 3423 1973 fecerunt,

1847 1994 1915 2051 de
1930 1994 2106 2064 prima
2145 1996 2427 2051 creatione
2477 1996 2685 2051 dictum
2721 1995 3026 2064 allirmant;
3056 1998 3188 2052 illud
3220 2006 3423 2065 autem,

1844 2087 2261 2154 plasmaverunt,
2294 2088 2362 2144 de
2397 2088 2618 2143 lavacro
2672 2090 3106 2161 regenerationis
3138 2106 3201 2145 ac
3248 2089 3425 2145 refor-

1846 2182 2107 2237 matione.

1911 2361 2080 2418 Vens.
2112 2363 2301 2418 74-77.
2344 2362 2449 2429 Qui
2483 2363 2666 2418 timent
2701 2371 2768 2426 te.
2801 2362 3046 2418 videbunt
3081 2380 3182 2428 me,
3231 2374 3280 2418 et
3329 2363 3424 2417 Ia:-

1846 2455 2120 2519 tabuntur,
2151 2456 2279 2526 quia
2320 2456 2374 2509 in
2417 2454 2573 2510 verba
2620 2464 2712 2509 tua
2747 2456 3125 2525 supersperavi.
3169 2454 3419 2527 Cognovi,

1843 2548 2090 2613 Domine,
2121 2549 2247 2617 quia
2278 2549 2501 2617 azquitas
2529 2546 2741 2617 judicia
2776 2557 2888 2611 tua,
2916 2557 2966 2603 et
2999 2549 3050 2601 in
3083 2547 3301 2603 veritate
3322 2547 3423 2600 hu-

1843 2640 2066 2695 mitiasti
2098 2656 2197 2694 me.
2238 2638 2363 2693 Fiat
2397 2638 2761 2693 misericordia
2793 2648 2883 2692 tua
2915 2648 2972 2692 ut
3006 2638 3420 2703 consoleturme,

1843 2734 2127 2785 secundum
2164 2733 2428 2802 eloquium
2478 2742 2625 2785 tuum
2671 2749 2815 2785 servo
2868 2742 2979 2788 tuo.
3035 2732 3253 2786 Veniant
3296 2733 3426 2785 mihi

1843 2822 2209 2876 miserationes
2242 2831 2345 2875 tuae
2380 2832 2431 2875 et
2481 2823 2669 2888 vivam,
2694 2824 2820 2893 quia
2871 2824 2954 2876 lea:
2998 2833 3090 2876 tua
3146 2822 3421 2876 meditatio

1842 2933 1959 2970 mea
1994 2924 2093 2972 est.
2138 2914 2196 2969 Si
2229 2915 2483 2970 adveniat
2516 2916 2647 2970 mihi
2684 2915 3061 2972 misericordia
3094 2924 3209 2983 tua,
3232 2922 3286 2971 et
3314 2914 3418 2970 mi-

1843 3009 2148 3065 serationes
2182 3019 2287 3064 tuae
2325 3008 2391 3063 ad
2438 3024 2526 3064 me
2559 3010 2916 3072 accesserint,
2948 3023 3291 3079 nequaquam
3321 3008 3421 3064 ab.

160 3099 435 3171 οἰκτιρμοί
464 3116 576 3165 σου,
625 3098 685 3151 οὐ
719 3098 1173 3169 κατα-ποθήσομαι
1212 3098 1317 3152 ὑπὸ
1348 3100 1447 3170 τῆς
1475 3098 1740 3154 ταπεινῶν

1850 3101 2113 3157 sorbebor
2189 3101 2604 3169 humiliatione;
2645 3101 2741 3156 sed
2786 3117 2881 3171 per
2926 3102 3244 3172 patientiam
3289 3116 3419 3172 per-

160 3205 318 3256 σεως,
355 3190 469 3243 ἀλλ’
498 3191 913 3262 ἐγκαρτερήσας
941 3189 1029 3243 διὰ
1048 3190 1148 3260 τῆς
1185 3190 1484 3262 ὑπομονῆς,
1526 3186 1586 3244 εὖ
1620 3186 1737 3243 οἶδα

1850 3209 2124 3257 severans,
2156 3193 2296 3249 bene
2341 3194 2468 3248 novi
2519 3209 2605 3249 me
2655 3195 2709 3248 in
2750 3196 2860 3248 vita
2910 3209 3229 3251 mansurum
3275 3209 3417 3250 esse.

160 3279 239 3333 ὅτι
292 3281 555 3355 ζήσομαι.
615 3283 808 3351 Τυχεῖν
866 3282 921 3335 δὲ
966 3281 1059 3335 τοῦ
1110 3281 1291 3346 ἐλέους
1342 3300 1435 3336 σου
1492 3284 1589 3337 καὶ
1633 3284 1742 3337 τῶν

1850 3286 2279 3343 Misericordiam
2332 3300 2462 3341 vero
2507 3293 2561 3342 et
2606 3286 2990 3341 miserationes
3042 3293 3166 3342 tuas
3223 3302 3419 3343 conse-

158 3372 462 3446 οἰκτιρμῶν
492 3391 584 3427 σου
617 3373 780 3440 ἀξιῶ*
818 3376 942 3427 ἐπεὶ
980 3376 1073 3429 καὶ
1107 3376 1268 3438 αὐτὸς
1304 3374 1373 3429 τὰ
1408 3377 1535 3448 παρ’
1567 3377 1740 3447 ἐμαυ-

158 3465 251 3518 τοῦ
277 3467 457 3521 πάντα
494 3467 715 3539 πληρῶν
757 3467 817 3520 οὐ
851 3468 1229 3538 διαλιμπάνω,
1272 3470 1366 3521 καὶ
1405 3471 1464 3521 ὲν
1508 3468 1643 3539 αὐτῇ
1670 3471 1736 3539 τῇ

158 3556 485 3611 ταπεινώσει
511 3559 601 3612 τὸν
627 3558 789 3629 νόμον
820 3575 913 3611 σου
951 3558 1251 3630 μελετήσω.

227 3650 746 3720 Αἰσχυνθήτωσαν
788 3650 1180 3719 ὑπερήφανοι,
1221 3649 1311 3705 ὅτι
1347 3650 1569 3717 ἀδίκως
1597 3651 1739 3719 ἡνό-

154 3756 366 3808 μησαν
398 3746 485 3810 εὶς
526 3743 652 3814 ἐμὲ,
678 3742 795 3813 ἐγὼ
836 3742 903 3796 δὲ
942 3742 1345 3813 ἀδολεσχήσω
1375 3744 1445 3797 ἐν
1473 3743 1602 3809 ταῖς
1637 3744 1738 3796 ἐν·-

160 3834 371 3901 τολαῖς
404 3852 543 3893 σου.
592 3834 1163 3904 Ἐπιστρεψάτωσάν
1193 3852 1271 3905 με
1302 3837 1355 3889 οὶ
1382 3836 1739 3907 φοϐούμενοί

157 3938 254 3988 σε,
288 3926 386 3978 καὶ
415 3929 468 3979 οἱ
506 3925 909 3995 γινώσκοντες
956 3925 1028 3979 τὰ
1062 3925 1357 3996 μαρτύριά
1385 3941 1520 3980 σου,
1552 3928 1738 3994 Γενη-

156 4016 318 4085 θήτω
359 4019 398 4086 ἡ
440 4018 655 4086 καρδία
676 4005 796 4088 μου
846 4020 1084 4089 ἄμωμος
1126 4019 1197 4073 ἐν
1228 4018 1350 4083 τοῖς
1388 4017 1739 4088 δικαιώμασί

155 4123 299 4174 σου,
330 4110 490 4178 ὅπως
520 4112 597 4165 ἂν
617 4110 703 4181 μὴ
737 4110 1064 4181 αὶσχυνθῶ.
1099 4112 1284 4166 Πάντα
1312 4110 1420 4184 γὰρ
1455 4111 1525 4165 τὰ
1555 4113 1736 4183 ἁμαρ-

157 4204 384 4274 τήματα
427 4205 689 4278 αἰσχύνης
732 4206 881 4260 ἐστὶν
915 4204 1060 4272 ἄξια.
1113 4206 1259 4269 Ἕως
1303 4206 1401 4277 μὲν
1448 4206 1556 4278 γὰρ
1598 4223 1735 4278 καρ-

156 4294 244 4350 δία
282 4297 479 4369 ἀτελὴς
505 4298 786 4370 τυγχάνει,
819 4299 987 4371 πολλὴ
1027 4300 1247 4372 φροντὶς
1280 4301 1374 4353 καὶ
1410 4301 1621 4370 ἀγωνία
1661 4302 1734 4373 μή

158 4405 235 4460 πη
266 4391 376 4461 ἄρα
424 4392 517 4445 καὶ
550 4390 821 4465 ἀσθενήσῃ
872 4394 966 4447 καὶ
1018 4392 1212 4465 χείρων
1246 4394 1443 4464 ἑαυτῆς
1471 4394 1690 4464 γένηται
1719 4412 1731 4423 ·

1841 3379 1935 3449 qui
1984 3394 2158 3450 rogo;
2191 3380 2316 3449 quia
2350 3387 2404 3434 et
2436 3379 2551 3450 ipse
2580 3379 2767 3433 omnia
2801 3394 2923 3448 quae
2974 3379 3253 3437 facultatis
3287 3397 3419 3437 meae

1841 3481 1970 3528 sunt
2000 3473 2224 3543 implere
2246 3488 2355 3527 non
2383 3472 2734 3536 desino,etin
2766 3474 2880 3543 ipsa
2898 3473 3275 3529 humiliatione
3298 3490 3419 3529 mea

1842 3564 2014 3635 legem
2046 3575 2191 3619 tuam
2228 3564 2553 3619 meditabor.

1912 3653 2080 3711 Vens.
2138 3654 2322 3710 78-80.
2351 3654 2764 3723 Confundantur
2795 3655 3025 3721 superbi,
3071 3655 3194 3726 quia
3226 3655 3419 3723 injuste

1839 3748 2171 3818 iniquitatem
2199 3748 2431 3817 fecerunt
2461 3748 2515 3801 in
2565 3764 2667 3810 me,
2698 3762 2790 3816 ego
2838 3755 3012 3799 autem
3055 3746 3333 3801 exercebar
3361 3746 3416 3799 in

1840 3838 2109 3893 mandatis
2155 3840 2279 3893 tuis.
2313 3836 2700 3891 Convertuntur
2728 3836 2855 3889 mihi
2885 3839 3119 3891 timentes
3150 3846 3215 3901 te,
3255 3847 3304 3891 et
3327 3840 3417 3907 qui

1840 3940 2091 3985 noverunt
2122 3932 2426 3985 testimonia
2476 3939 2587 3983 tua.
2625 3928 2749 3982 Fiat
2780 3945 2873 3982 cor
2901 3947 3070 3982 meum
3101 3930 3416 3983 immacula-

1841 4030 1951 4074 tum
1982 4020 2522 4091 injustiﬁcationibus
2558 4023 2684 4083 tuis,
2719 4030 2775 4073 ut
2803 4037 2905 4074 non
2933 4020 3256 4089 confundar.
3288 4019 3418 4076 Οωέ

1838 4114 1932 4167 nia
1963 4128 2202 4184 namque
2231 4120 2456 4183 peccata
2496 4112 2820 4168 confusione
2849 4114 3010 4184 digna
3036 4123 3186 4170 sunt.
3229 4116 3414 4182 Quan-

1837 4205 1931 4259 diu
1976 4206 2120 4259 enim
2162 4220 2259 4259 cor
2300 4205 2680 4274 imperfectum
2725 4205 2964 4268 exsistit,
3006 4206 3177 4259 multa
3209 4206 3415 4262 sollici-

1838 4296 1970 4349 tudo
2010 4304 2063 4350 et
2116 4295 2398 4350 contentio
2446 4302 2552 4361 est,
2600 4311 2670 4351 ue
2699 4296 3004 4351 intirmetur
3056 4304 3110 4353 et
3167 4297 3411 4354 deterius

1835 4386 2030 4441 evadat
2064 4389 2324 4459 :quando
2358 4397 2541 4444 autem
2592 4389 2901 4459 pervenerit
2940 4388 3007 4442 ad
3044 4391 3251 4460 apicem
3286 4406 3411 4461 per-

159 4480 247 4533 ὅτε
281 4483 337 4535 δὲ
373 4484 452 4547 εἰς
505 4484 673 4555 ἄκρον
726 4485 909 4559 φθάσῃ
961 4486 1058 4555 τῆς
1105 4484 1461 4555 τελειότητος,
1513 4487 1571 4538 ἐν
1622 4485 1730 4553 ἕξει

1850 4478 2113 4545 Γεεῐίοηίσ,
2147 4481 2204 4534 in
2250 4479 2471 4534 virtutis
2516 4480 2704 4534 habitu
2743 4486 2797 4534 et
2829 4478 3229 4535 consuetudine
3282 4495 3411 4536 con-

158 4573 362 4645 ἀρετῆς
408 4576 747 4639 καταστᾶσα,
806 4575 909 4641 ἔξω
960 4579 1251 4649 γενήσεται
1303 4576 1502 4641 παντὸς
1546 4578 1733 4647 φόϐου,

158 4667 340 4720 οὐκέτι
368 4665 782 4739 ἀμφιδάλλουσα
819 4669 893 4739 μή
934 4686 1063 4723 ποτε
1096 4671 1203 4743 ἄρα
1235 4670 1625 4741 καταισχυνθῇ.

244 4760 541 4815 Ἐκλείπει
574 4761 662 4825 εὶς
706 4760 770 4812 τὸ
827 4761 1124 4829 σωτήριόν
1166 4780 1282 4816 σου
1316 4766 1355 4831 ἠ
1394 4763 1565 4832 ψυχή
1591 4782 1733 4833 μου,

156 4856 242 4920 εις
282 4854 425 4920 τοὺς
472 4855 693 4923 λόγους
726 4867 843 4906 σου
885 4852 1218 4920 ἐπήλπισα.
1256 4856 1468 4927 Σφόδρα
1509 4855 1734 4909 ἀκολού-

158 4943 263 5012 θως
294 4945 611 5018 ἑρμηνεύων
654 4947 708 4999 τί
743 4946 872 4999 ποτέ
919 4948 1035 4999 ἐστι
1080 4946 1141 4999 τὸ
1174 4948 1438 5019 σωτήριον
1488 4948 1728 5017 ἐπιλέγει

157 5036 285 5111 ἑξῆς
307 5058 320 5071 ·
364 5036 468 5107 Εἰς
490 5039 595 5094 τὸν
615 5040 800 5110 λόγον
821 5054 937 5093 σου
961 5038 1294 5108 ἐπήλπισα,
1317 5040 1618 5111 σημαίνων,
1648 5043 1731 5095 ὅτι

157 5131 217 5184 τὸ
233 5133 500 5205 σωτήριον
513 5132 540 5183 ὁ
555 5131 678 5196 Υἱὸς
694 5130 787 5185 τοῦ
806 5130 943 5185 Θεοῦ
961 5133 1096 5185 ἐστι.
1116 5132 1431 5197 Ἐξέλιπον
1446 5135 1501 5186 οι
1518 5134 1732 5202 ὀφθαλ-

154 5226 257 5289 μοί
288 5242 407 5294 μου
436 5226 523 5290 εις
536 5224 602 5278 τὸ
626 5224 833 5295 λόγιόν
853 5239 992 5289 σου,
1022 5224 1327 5294 λέγοντος·
1367 5227 1518 5280 Πότε
1546 5243 1732 5294 παρα-

158 5314 438 5383 καλέσεις
457 5333 568 5386 με;
607 5316 693 5369 ὅτι
730 5316 1023 5386 ἐγενήθην
1058 5317 1137 5383 ὠς
1174 5316 1366 5384 ἀσκὸς
1399 5316 1469 5372 έν
1501 5317 1725 5389 πάχνην

158 5407 229 5460 τὰ
275 5408 635 5479 δικαιώματά
676 5425 792 5465 σου
830 5413 941 5465 οὐκ
979 5412 1377 5482 ἐπελαθόμην.
1418 5414 1610 5468 Πόσαι
1653 5416 1731 5468 ει-

158 5500 266 5553 σὶν
296 5505 355 5555 at
386 5503 597 5573 ἡμέραι
648 5504 753 5558 τοῦ
791 5503 1015 5559 δούλου
1066 5520 1183 5559 σου
1199 5522 1220 5571 ;
1278 5508 1421 5560 πότε
1457 5508 1731 5575 ποιήσεις

155 5608 256 5661 μοι
307 5592 377 5647 ἐκ
434 5593 553 5648 τῶν
604 5595 1092 5650 καταδιωκόντων
1130 5615 1208 5667 με
1260 5601 1494 5669 κρίσιν;
1525 5601 1734 5672 Διητή-
1764 5676 1813 5688 4.

130 5772 133 5775 ’
233 5771 276 5804 ιδ
312 5770 446 5827 Gen.
482 5791 533 5839 I,
567 5772 655 5829 26.
735 5775 775 5807 ¹⁸
816 5773 919 5831 Job
949 5790 1013 5842 ι,
1047 5774 1099 5829 8.

1835 4571 2109 4634 stitutum,
2144 4571 2291 4623 omni
2336 4577 2483 4623 metu
2515 4584 2747 4623 vacuum
2786 4570 2913 4631 erit,
2938 4583 3117 4638 neque
3152 4568 3411 4626 haesitans

1832 4661 2113 4717 verebitur
2145 4676 2212 4715 ne
2237 4659 2631 4715 confundatur.

1905 4753 2071 4810 Vnus.
2106 4754 2195 4809 81.
2238 4753 2429 4823 Deﬁcit
2475 4755 2529 4807 in
2559 4757 2797 4807 salutare
2838 4764 2984 4805 tuum
3021 4753 3203 4807 anima
3237 4769 3349 4806 mea
3392 4771 3409 4807 :

1833 4847 1886 4900 in
1918 4846 2073 4900 verba
2110 4855 2201 4898 tua
2240 4846 2628 4915 supersperavi.
2665 4844 2975 4900 Admodum
3007 4825 3440 4915 consequenter.

1835 4938 2118 5009 explicans
2146 4939 2278 5009 quid
2303 4939 2375 4994 sit
2408 4939 2651 4994 salutare
2690 4939 2847 5002 illud,
2873 4938 3061 5008 adjicit
3082 4945 3273 5009 postea
3303 4957 3315 4993 :
3343 4938 3409 4993 In

1836 5032 2047 5086 verbum
2072 5042 2221 5087 tuum
2247 5033 2629 5102 supersperavi,
2670 5031 2987 5103 signiﬁcans
3011 5031 3249 5086 salutare
3274 5029 3410 5084 illud

1834 5142 1957 5184 esse
1990 5125 2187 5182 Filium
2223 5125 2338 5183 Dei.
2372 5155 2444 5168 ——
2475 5125 2640 5182 Vens.
2675 5125 2863 5181 82-88.
2906 5125 3219 5195 Defecerunt
3268 5122 3411 5176 oculi

1835 5221 1937 5276 mei
1964 5221 2021 5275 in
2046 5220 2309 5291 eloquium
2349 5230 2517 5287 tuum,
2542 5219 2767 5275 dicentes
2799 5236 2815 5273 :
2846 5218 3073 5286 Quando
3104 5213 3410 5271 consolabe-

1833 5314 1907 5368 ris
1945 5316 2071 5369 me?
2102 5313 2241 5381 Quia
2277 5314 2449 5383 factus
2479 5330 2595 5367 sum
2627 5314 2763 5367 sicut
2793 5323 2908 5365 uter
2941 5312 2992 5364 in
3011 5310 3221 5379 pruina,
3243 5308 3409 5378 justi-

1837 5409 2111 5478 ﬁcationes
2146 5419 2263 5462 tuas
2286 5425 2389 5463 non
2418 5425 2536 5463 sum
2575 5406 2789 5463 oblitus.
2816 5405 2956 5471 Quot
2981 5412 3103 5458 sunt
3130 5402 3241 5457 dies
3275 5400 3409 5455 servi

1842 5502 1965 5558 tui?
1989 5504 2198 5572 quando
2229 5504 2389 5568 facies
2424 5503 2554 5557 mihi
2581 5503 2645 5556 de
2682 5498 3105 5571 persequentibus
3138 5514 3224 5551 .me
3254 5494 3406 5565 judi-

1842 5598 1980 5653 cium
2005 5602 2029 5655 ?
2055 5598 2422 5656 Narraverunt
2444 5597 2571 5653 mihi
2599 5596 2763 5666 iniqui
2791 5592 3163 5665 [abutationes,
3192 5592 3281 5646 sed
3305 5604 3407 5644 non
