3964 6522
530 325 662 379 1579

1231 324 1495 381 EUSEBll
1527 322 2005 379 CIESARIENSIS
2043 320 2192 378 OPP.
2235 322 2414 377 PARS
2450 322 2537 379 Ill.
2578 354 2646 365 —
2683 324 3085 382 EXEGETICA.

3637 327 3763 381 i330

529 454 585 497 ut
624 445 707 498 lea:
764 453 874 510 tua,
916 444 1157 499 Domine.
1194 444 1386 499 Omnia
1423 446 1677 499 mandata
1740 456 1828 498 tua
1854 447 2043 499 veritas
2077 486 2082 499 .

2199 460 2386 499 σαντο
2411 464 2511 515 μοι
2544 446 2870 517 παράνομοι
2912 448 3273 517 ἀδολεσχίας
3294 487 3309 511 ,
3360 448 3498 503 ἀλλ’
3536 449 3653 515 οὐχ
3689 448 3763 511 ὡς

527 537 698 604 inique
726 538 984 604 persecuti
1038 546 1159 590 sunt
1212 553 1313 595 me.
1343 537 1539 606 adjuva
1577 555 1675 591 me.
1714 536 1887 590 Paulo
1922 538 2093 591 minus

527 638 1017 682 consummaverunt
1051 646 1131 683 me
1155 631 1206 682 in
1242 640 1401 683 terra.
1454 629 1564 700 Ego
1601 638 1777 683 autem
1817 647 1917 684 non
1948 629 2095 683 dere—

528 718 655 785 liqui
690 717 943 770 mandata
975 726 1087 771 tua.
1136 717 1431 772 Secundum
1484 720 1898 773 misericordiam
1948 731 2095 773 tuam

526 810 731 877 vivi/ica
773 827 872 875 me,
895 818 945 863 et
982 812 1277 863 custodiam
1304 811 1604 865 testimonia
1633 813 1739 865 oris
1765 814 1861 866 tui.
1896 810 2095 865 Secun-

525 903 653 957 dum
712 903 984 971 eloquium
1030 903 1121 957 Dei
1156 903 1355 967 vivere,
1389 912 1471 958 est
1510 920 1633 959 cum
1681 906 1879 975 pietate
1925 907 2090 959 vitam

525 1009 703 1064 agere,
735 1010 911 1064 neque
957 995 1212 1050 sensilem
1254 998 1630 1051 tantummodo
1665 998 1831 1050 vitam
1869 997 2089 1054 ducere.

523 1084 657 1138 Nam
693 1087 945 1156 quisquis
976 1087 1031 1140 id
1060 1088 1451 1157 consequitur,
1486 1089 1682 1142 bonam
1718 1089 1982 1160 transiget
2011 1089 2093 1143 vi-

524 1186 666 1243 tam;
702 1179 773 1231 ita
824 1188 882 1232 ut
932 1178 1203 1233 custodiat
1256 1180 1565 1235 testimonia
1598 1179 1711 1233 oris
1743 1179 1837 1234 Dei
1874 1195 2031 1250 :qum
2060 1195 2091 1233 a

524 1267 703 1323 Verbo
733 1269 848 1333 Dei,
878 1272 1023 1340 quod
1051 1288 1113 1327 os
1142 1272 1262 1340 ejus
1290 1288 1413 1329 esse
1449 1272 1584 1337 dixi,
1616 1273 1929 1328 testimonio
1959 1289 2090 1327 con-

525 1362 734 1416 tirmata
763 1371 817 1417 et
850 1363 1127 1417 declarata
1152 1374 1301 1419 sunt.

595 1542 762 1598 Vnus.
795 1543 985 1598 89-91.
1008 1543 1075 1597 In
1103 1553 1379 1607 aeternum,
1415 1544 1656 1609 Domine,
1690 1548 1896 1599 verbum
1943 1557 2089 1600 tuum

519 1644 785 1703 permanet
817 1636 872 1688 in
902 1636 1049 1690 cwlo.
1093 1635 1156 1689 In
1183 1639 1569 1706 generationem
1613 1649 1659 1690 et
1704 1640 2087 1708 generationem

522 1729 713 1781 ueritas
746 1737 856 1792 tua,
883 1728 1120 1795 fundasti
1140 1722 1355 1792 terram,
1384 1740 1433 1783 et
1461 1740 1747 1799 permanet.
1778 1730 2088 1784 Ordinatio-

2200 541 2234 591 ὁ
2265 538 2447 605 νόμος
2473 556 2610 604 σου,
2654 541 2849 606 Κύριε.
2885 539 3078 595 Πᾶσαι
3117 543 3175 593 al
3212 539 3455 594 ἐντολαί
3488 554 3609 593 σου
3634 539 3765 607 d111-

2200 631 2343 690 θεια,
2372 629 2588 695 ἀδίκως
2614 629 2978 695 κατεδίωξάν
2997 648 3093 700 με,
3115 631 3435 699 ,βοήθησόν
3456 649 3577 698 μοι.
3606 634 3762 696 Παρὰ

2192 722 2392 790 ,βραχὺ
2419 722 2705 776 ἐτέλεσαν
2726 740 2802 792 με
2825 723 2894 777 ἐν
2919 722 2994 791 τῇ
3029 722 3137 791 γῇσ
3170 723 3283 793 ἐγὼ
3322 724 3390 776 δὲ
3419 726 3533 777 οὐκ
3566 723 3762 792 ἐγκατ-

2197 813 2411 868 έλιπον
2478 814 2583 880 τὰς
2636 813 2888 880 ἐντολάς
2935 831 3073 869 σου.
3129 815 3289 869 Κατὰ
3328 815 3389 868 τὸ
3434 816 3612 879 ἔλεός
3648 830 3757 868 σου

2200 902 2385 971 ζῆσόν
2433 921 2528 972 με,
2566 904 2664 957 καί
2709 904 2960 973 φυλάξω
3022 906 3093 960 τὰ
3132 907 3420 975 μαρτύρια
3469 905 3579 959 τοῦ
3626 907 3759 957 crdo

2192 998 2380 1064 ματός
2434 1013 2569 1050 σου.
2622 997 2694 1049 Τὸ
2739 996 2880 1049 κατὰ
2926 998 2987 1050 τὸ
3028 998 3205 1065 λόγιον
3243 998 3338 1050 τοῦ
3391 997 3528 1050 Θεοῦ
3564 996 3662 1067 ζῇν
3706 996 3762 1049 τὸ

2199 1090 2293 1141 σὺν
2320 1089 2571 1159 εὐσεϐείᾳ
2604 1090 2702 1159 ζῇν
2758 1091 2926 1155 ἐστιν,
2976 1091 3073 1161 οὐχ
3123 1090 3308 1153 ἁπλῶς
3356 1091 3454 1161 τὴν
3498 1088 3761 1158 αἰσθητὴν

2196 1179 2397 1251 ταύτην
2430 1179 2594 1252 ζωήν.
2648 1180 2849 1234 Τούτου
2883 1180 2992 1253 γὰρ
3027 1182 3226 1252 τυχὼν,
3267 1184 3324 1234 ὲν
3351 1181 3556 1251 εὐζωῗᾳ
3594 1180 3760 1241 ἔσται,

2193 1271 2269 1334 ὡς
2298 1273 2589 1341 φυλάσσειν
2623 1274 2691 1326 τὰ
2728 1273 3002 1345 μαρτύρια
3034 1274 3125 1327 τοῦ
3173 1274 3440 1343 στόματος
3476 1271 3575 1324 τοῦ
3609 1271 3759 1332 Θεοῦ,

2198 1365 2606 1436 μαρτυρηθέντα
2630 1367 2722 1420 καὶ
2746 1366 3131 1437 ἀποδειχθέντα
3156 1366 3260 1419 ὑπὸ
3285 1366 3457 1433 Λόγου
3484 1362 3582 1417 τοῦ
3608 1361 3759 1423 Θεοῦ,

2193 1446 2254 1508 οὗ
2286 1450 2439 1510 εἷπον
2473 1457 2633 1510 αὐτοῦ
2669 1458 2840 1527 στόμα
2868 1454 3024 1511 εἶναι.

2264 1548 2367 1609 Εἰς
2414 1544 2521 1598 τὸν
2544 1546 2750 1610 αἰῶνα,
2809 1548 3006 1615 Κύριε,
3051 1550 3084 1600 ὁ
3117 1548 3298 1616 λόγος
3348 1564 3466 1601 σου
3499 1542 3761 1613 διαμένει

2192 1635 2261 1688 ἐν
2272 1636 2349 1701 τῷ
2363 1637 2612 1705 οὐρανῷ.
2622 1639 2668 1688 Ε
2674 1639 2725 1703 ις
2740 1637 2950 1706 γενεὰν
2963 1638 3057 1690 καί
3077 1637 3289 1707 γενεὰν
3303 1638 3341 1704 ἡ
3353 1634 3612 1705 ἀλήθειά
3629 1650 3760 1697 σου,

2192 1727 2587 1796 ἐθεμελίωσας
2618 1730 2733 1797 τὴν
2765 1729 2901 1799 γῆν,
2927 1729 3023 1782 καὶ
3063 1728 3339 1798 διαμένει.
3383 1727 3462 1795 Τῇ
3497 1726 3761 1789 διατάξει

523 1835 585 1871 ne
616 1829 706 1871 tua
735 1828 1031 1887 perseverat
1065 1820 1198 1882 dies,
1233 1823 1483 1889 quoniam
1508 1823 1686 1876 omnia
1711 1824 1941 1876 serviunt
1972 1823 2082 1875 tibi.

2193 1832 2305 1873 σου
2341 1819 2597 1888 διαμένει
2625 1820 2833 1889 ἡμέρα,
2873 1819 2961 1872 ὅτι
2994 1819 3065 1873 τὰ
3087 1821 3407 1888 (rugam-ra
3428 1818 3628 1871 δοῦλα
3663 1815 3757 1868 σά.

521 1910 818 1967 Veritatem
852 1923 1033 1969 autem
1075 1924 1232 1967 vocat
1276 1915 1418 1968 hanc
1451 1916 1893 1985 promissionem,
1924 1932 2085 1985 quam

522 2006 731 2060 sciebat
759 2008 983 2061 omnino
1010 2006 1247 2061 futuram
1282 2008 1334 2061 in
1367 2010 1764 2076 generationem
1795 2017 1848 2063 et
1870 2024 2090 2079 genera-

522 2097 746 2153 tionem.
800 2096 860 2151 ln
904 2099 1136 2169 singulis
1170 2098 1373 2169 quippe
1420 2100 1866 2170 generationibus
1909 2108 2089 2169 partes

520 2191 785 2261 quasdam
844 2192 1090 2246 veritatis
1149 2192 1458 2246 hominibus
1514 2193 1726 2255 mittis,
1793 2205 2088 2260 omnesque

520 2284 709 2338 mundi
746 2291 950 2355 partes,
983 2291 1037 2339 et
1084 2300 1146 2340 ea
1196 2300 1317 2356 qua:
1371 2286 1475 2341 sub
1531 2294 1811 2355 aspectum
1858 2286 2083 2346 cadunt,

520 2377 866 2431 ordinatione
899 2384 993 2431 tua
1036 2385 1312 2441 constant,
1348 2393 1457 2431 non
1494 2377 1794 2433 aterminis
1829 2377 1942 2432 suis
1973 2393 2088 2430 mo-

522 2478 598 2531 ta,
661 2483 840 2538 neque
890 2469 997 2523 sibi
1050 2476 1312 2522 statutam
1366 2469 1537 2538 legem
1604 2468 2082 2538 transgredientia.

520 2560 697 2615 Causa
729 2575 858 2613 vero
883 2558 1078 2614 horum
1111 2558 1354 2613 omnium
1381 2557 1779 2629 permansionis
1816 2565 1917 2623 est,
1942 2559 2085 2626 quod

521 2660 579 2705 tu
608 2651 759 2706 solus
799 2650 1061 2705 Dominus
1098 2650 1172 2704 sis
1218 2650 1628 2715 universorum;
1663 2649 1872 2720 reliqua
1904 2658 2083 2703 autem

518 2744 701 2798 omnia
737 2744 834 2799 tibi
865 2743 1124 2811 serviant,
1149 2758 1211 2797 ac
1244 2750 1503 2814 tanquam
1536 2744 1804 2812 mancipia
1840 2742 2085 2811 subjecta

518 2836 649 2890 sint.

590 2926 755 2983 Vens.
793 2927 884 2982 99.
913 2925 1033 2981 Nisi
1064 2926 1201 2997 quod
1246 2926 1329 2981 lea:
1377 2936 1469 2979 tua
1518 2926 1792 2982 meditatio
1836 2947 1949 2984 mea
1981 2940 2079 2998 est,

517 3033 641 3082 tunc
681 3023 818 3089 forte
867 3020 1137 3090 periissem
1184 3020 1240 3072 in
1283 3019 1648 3073 humiliatione
1698 3037 1836 3077 mea.
1868 3021 2081 3078 Dictum

516 3122 623 3177 est,
656 3122 871 3183 tempus
903 3112 1265 3167 tentationum
1298 3126 1361 3164 ac
1406 3110 1779 3165 calamitatum
1828 3113 2081 3167 humilia-

519 3208 721 3259 tionem
748 3202 1072 3274 nuncupari.
1103 3200 1216 3254 Viri
1247 3201 1413 3269 igitur
1436 3201 1579 3255 beati
1602 3209 1685 3256 est
1706 3200 1874 3257 fuisse
1904 3202 1958 3255 in
1984 3202 2086 3254 hu-

516 3295 842 3357 miliatione,
877 3304 1070 3349 etnon
1120 3292 1351 3361 periisse
1393 3311 1405 3347 :
1440 3302 1501 3344 ut
1529 3292 1596 3356 si,
1639 3308 1692 3347 v.
1740 3308 1813 3362 3.,
1846 3292 2085 3347 venerim

515 3387 571 3439 in
606 3385 964 3440 tentationem
1010 3384 1280 3454 martyrii,
1324 3383 1371 3438 si
1423 3383 1641 3453 quidem
1703 3394 1992 3454 antequam
2029 3386 2086 3439 in

515 3492 634 3531 eam
673 3475 971 3531 inciderem
1004 3476 1085 3530 lex
1110 3482 1202 3529 tua
1242 3474 1520 3529 meditatio
1558 3475 1690 3528 mihi
1717 3490 1933 3545 semper
1966 3475 2085 3529 fue-

516 3569 609 3633 rit,
633 3576 687 3623 et
724 3584 845 3623 eam
875 3575 1171 3623 exsecutus
1212 3567 1348 3633 sim;
1379 3582 1502 3621 cum
1542 3568 1597 3621 in
1651 3568 2084 3623 humiliationem

514 3677 610 3730 per
642 3661 999 3715 tentationem
1038 3660 1286 3730 martyrii
1327 3674 1547 3724 venero,
1585 3674 1694 3713 non
1726 3661 1937 3729 peribo.
1990 3658 2085 3713 Sic

512 3752 570 3805 in
618 3751 768 3806 omni
816 3751 1120 3806 tentatione
1174 3750 1323 3819 loqui
1352 3765 1452 3820 par
1488 3749 1688 3805 fuerit:
1718 3758 1793 3814 at,
1830 3750 2086 3820 malignis

513 3842 938 3912 cogitationibus
979 3849 1028 3896 et
1075 3841 1408 3897 adversariis
1439 3843 1736 3898 virtutibus
1775 3858 1863 3898 me
1906 3844 2085 3913 impu-

514 3932 829 4001 gnantibus,
860 3930 1199 4000 pereundum
1242 3932 1374 3986 mihi
1405 3940 1544 3996 erat,
1578 3933 1685 3987 nisi
1717 3933 1802 3988 lex
1833 3941 1928 3988 tua
1975 3935 2083 3988 ful-

513 4038 609 4077 cro
633 4024 762 4076 mihi
787 4022 999 4077 fuisset.

584 4112 750 4168 Vens.
785 4114 874 4167 95.
908 4112 973 4166 In
1014 4125 1267 4167 reternum
1302 4131 1404 4167 non
1438 4114 1721 4169 obliviscar
1744 4116 2087 4186 justiﬁcatio-

2205 1908 2479 1978 Ἀλήθειαν
2509 1909 2563 1961 δὲ
2591 1909 2737 1978 λέγει
2771 1909 2867 1980 τὴν
2896 1908 3222 1977 ἐπαγγελίαν
3263 1909 3490 1979 ταύτην,
3548 1907 3619 1977 ἣν
3659 1903 3759 1958 οἶδε

2192 2002 2407 2064 πάντως
2440 2002 2809 2072 γενησομένην
2861 2004 2939 2062 είς
2989 2002 3179 2069 γενεὰν
3226 2002 3319 2055 καὶ
3360 2000 3585 2068 γενεάν.
3630 1999 3762 2051 Καθ’

2192 2093 2425 2164 ἑκάστην
2443 2094 2553 2164 γὰρ
2574 2093 2765 2161 γενεάν
2801 2095 2941 2165 μέρη
2968 2093 3087 2147 τινὰ
3118 2092 3217 2163 τῆς
3248 2092 3509 2163 ἀληθείας
3558 2089 3761 2160 ἀνθρώ-

2192 2202 2313 2247 ποις
2341 2184 2707 2249 ἀποστέλλεις,
2731 2186 2826 2239 καὶ
2850 2186 2917 2238 τὰ
2946 2184 3235 2256 σύμπαντα
3258 2184 3350 2236 τοῦ
3375 2183 3591 2253 κόσμου
3626 2182 3759 2253 μέρη

2191 2278 2259 2329 τά
2288 2294 2347 2329 τε
2375 2277 2547 2347 ὀρατὰ
2585 2280 2649 2347 τῇ
2685 2279 2748 2347 σῇ
2796 2277 3035 2343 διατάξει
3070 2276 3418 2345 συνέστηκεν,
3472 2275 3554 2344 μὴ
3588 2273 3760 2326 κινού-

2196 2386 2330 2440 μενα
2359 2369 2465 2421 τῶν
2495 2368 2654 2438 ὀρῶν,
2712 2368 2843 2439 μηδὲ
2876 2370 2964 2421 τὸν
3002 2368 3163 2439 νόμον
3207 2368 3295 2420 τὸν
3344 2366 3637 2438 ὁρισθέντα
3667 2366 3749 2418 αῦ-

2190 2464 2303 2524 soi;
2340 2461 2755 2533 παραϐαίνοντα.
2806 2462 2983 2514 Αἴτιον
3036 2460 3092 2514 δὲ
3128 2462 3224 2531 τῆς
3255 2459 3459 2512 τούτων
3504 2460 3753 2512 ἁπάντων

2189 2550 2449 2624 διαμονῆς
2481 2554 2539 2606 τὸ
2593 2554 2651 2605 σὲ
2688 2554 2843 2624 μόνον
2883 2552 3084 2625 Κύριον
3117 2549 3255 2606 εἶναι
3294 2553 3404 2605 τῶν
3453 2552 3597 2604 ὅλων
3634 2567 3649 2581 ·
3692 2550 3754 2602 τά

2188 2641 2245 2695 δὲ
2278 2643 2434 2696 λοιπὰ
2481 2642 2657 2697 πάντα
2700 2651 2768 2697 σὰ
2795 2643 2986 2707 δοῦλα,
3042 2646 3137 2696 καὶ
3178 2643 3253 2706 ὡς
3288 2641 3455 2696 δοῦλα
3491 2641 3752 2694 fama-{ta-

2190 2749 2335 2787 κται.

2262 2832 2329 2882 Et
2362 2829 2447 2897 μὴ
2479 2830 2567 2884 ὄτι
2607 2832 2639 2883 ό
2668 2831 2849 2899 νόμος
2879 2845 2995 2883 σου
3029 2829 3251 2899 μελέτη
3284 2847 3403 2899 μου
3431 2830 3595 2891 ἐστὶ,
3629 2830 3757 2881 τότε

2190 2924 2270 2977 ἂν
2294 2925 2618 2994 ἀπωλόμην
2656 2927 2725 2979 ἑνν
2750 2926 2825 2995 τῇ
2857 2925 3207 2980 ταπεινώσει
3241 2943 3380 2995 μου.
3410 2926 3649 2995 Εἴρηται
3685 2926 3755 2986 ὡς

2187 3017 2216 3069 ό
2248 3016 2436 3088 καιρὸς
2468 3016 2574 3070 τῶν
2621 3016 2938 3088 πειρασμῶν
2981 3017 3075 3071 καὶ
3117 3017 3223 3069 τῶν
3252 3015 3627 3087 περιστάσεων
3676 3033 3760 3069 tu.»

2188 3107 2445 3172 πείνωσις
2474 3109 2811 3179 ὀνομάζεται.
2849 3110 3133 3178 Μακαρίου
3163 3107 3340 3161 τοίνυν
3378 3108 3531 3161 ἐστὶν
3568 3108 3758 3178 ἀνδρὸς

2187 3202 2248 3254 τὸ
2275 3201 2522 3270 γενέσθαι
2554 3204 2610 3253 ὲν
2655 3204 2721 3272 τῇ
2774 3200 3121 3265 ταπεινώσει,
3164 3201 3257 3255 καὶ
3295 3200 3367 3272 μὴ
3420 3200 3753 3254 ἀπολέσθαι·

2185 3293 2347 3345 οἱονεὶ
2376 3292 2608 3362 ἐλήλυθα
2638 3295 2717 3357 είς
2753 3292 3052 3368 πειρασμὸν
3105 3292 3437 3364 μαρτυρίου·
3487 3292 3541 3344 εί
3590 3294 3689 3362 μὲν
3730 3294 3758 3345 ὁ

2185 3382 2345 3454 νόμος
2373 3384 2465 3437 τοῦ
2500 3384 2634 3438 Θεοῦ
2672 3384 2868 3456 μελέτη
2921 3401 3019 3455 μου
3062 3379 3130 3454 ἧν
3171 3384 3255 3435 ἀεὶ
3299 3381 3408 3452 πρὸ
3450 3381 3550 3433 τοῦ
3586 3383 3755 3450 ἐμπε-

2186 3478 2320 3539 σεῖν,
2371 3475 2462 3534 καὶ
2496 3476 2698 3545 ἤσκουν
2729 3475 2910 3538 αὐτὸν,
2956 3473 3125 3527 ἐλθὼν
3170 3474 3260 3525 ἐπὶ
3292 3472 3389 3542 τὴν
3422 3472 3753 3524 ταπείνωσιν

2181 3564 2279 3636 τὴν
2314 3565 2453 3619 κατὰ
2479 3566 2571 3618 τὸν
2611 3566 2913 3637 πειρασμὸν
2959 3563 3052 3617 τοῦ
3096 3562 3415 3635 μαρτυρίου,
3454 3563 3561 3616 οὐκ
3589 3563 3753 3614 ἀπόλ-

2183 3656 2369 3728 λυμαι.
2408 3658 2592 3721 Οὕτως
2629 3658 2856 3730 ἁρμόζει
2902 3659 2995 3712 καὶ
3043 3657 3134 3709 ἐπὶ
3192 3654 3391 3717 παντὸς
3439 3652 3751 3725 πειρασμοῦ

2183 3751 2387 3802 εἰπεῖν·
2421 3750 2554 3803 ἀλλὰ
2601 3751 2695 3804 καὶ
2732 3750 2837 3804 τῶν
2884 3748 3135 3820 πονηρῶν
3166 3748 3439 3817 λογισμιῖιν
3496 3748 3592 3799 καὶ
3645 3748 3751 3799 τῶν

2182 3841 2572 3909 ἀντικειμένων
2620 3841 2896 3913 δυνάμεων
2933 3840 3282 3910 πολεμουσῶν
3314 3840 3456 3909 ἐμοί.
3495 3836 3660 3909 Εἶχον
3688 3838 3753 3891 ἂν

2183 3930 2523 3995 ἀπολεῖσθαι,
2572 3933 2621 3984 εί
2665 3931 2739 4004 μὴ
2783 3935 2812 3986 ό
2846 3932 2936 3995 σὸς
2981 3932 3142 4002 νόμος
3185 3932 3593 4001 ἁντιστήριγμά
3650 3948 3749 4001 μου

2182 4024 2422 4094 γένηται.

2242 4116 2345 4178 Εἰς
2380 4114 2487 4167 τὸν
2521 4112 2703 4166 αἰῶνα
2732 4115 2805 4167 οὐ
2830 4114 2916 4181 μὴ
2958 4112 3319 4181 ἐπιλάθωμαι
3356 4111 3475 4164 τῶν
3516 4111 3747 4163 δικαιω-

514 4222 603 4260 nes
630 4218 771 4267 tuas,
802 4206 928 4274 quia
957 4206 1010 4258 in
1034 4207 1160 4274 ipsis
1198 4206 1476 4276 viviﬁcasti
1512 4223 1613 4260 me.
1647 4205 1845 4261 Verum
1877 4222 2082 4261 memor

2193 4206 2377 4260 utith
2391 4220 2530 4269 σου,
2559 4206 2647 4258 ὅτι
2666 4207 2735 4259 ἐν
2752 4207 2954 4271 αὐτοῖς
2980 4203 3195 4273 ἐζησάς
3208 4221 3301 4273 με,
3334 4202 3499 4257 Ἀλλὰ
3537 4203 3749 4273 pastui;-

513 4313 610 4352 ero
659 4297 1073 4366 disciplinarum
1126 4307 1378 4361 tuarum,
1407 4313 1544 4367 quas
1582 4298 1637 4351 in
1676 4299 1784 4352 vita
1829 4298 2027 4353 edidici
2065 4319 2078 4354 :

516 4404 612 4458 per
635 4388 758 4443 illas
774 4388 917 4441 enim
942 4403 972 4440 a
996 4397 1142 4442 terra
1169 4387 1223 4442 in
1245 4388 1443 4442 caalum
1473 4389 1770 4452 transiens,
1805 4404 1928 4443 cum
1983 4405 2081 4443 an-

2183 4314 2345 4367 σομαι
2365 4297 2474 4350 τῶν
2497 4296 2831 4368 μαθημάτων
2856 4314 2968 4361 σου,
3006 4291 3081 4349 ὧν
3110 4296 3307 4367 ἔμαθον
3336 4297 3394 4347 ὲν
3424 4294 3505 4364 τῷ
3531 4294 3653 4364 βίῳ·
3685 4294 3749 4344 δι’

2183 4393 2363 4444 ἐκεῖνα
2388 4389 2496 4461 γὰρ
2526 4389 2633 4442 ἀπὸ
2657 4389 2759 4459 γῆς
2785 4389 2864 4452 εἰς
2898 4388 3125 4459 οὐρανὸν
3166 4385 3433 4457 μετελθὼν
3465 4385 3606 4438 οἰκῶ
3632 4385 3751 4453 μετ’

513 4482 646 4552 gelis
694 4480 899 4535 habito.
963 4479 1432 4545 Quemadmodum
1482 4482 1626 4534 enim
1673 4480 1764 4548 qui
1816 4496 1881 4534 ex
1926 4481 2076 4551 gravi

2193 4482 2444 4551 ὶγγέλων.
2479 4483 2691 4552 Ὥσπερ
2738 4480 2845 4551 γὰρ
2896 4483 2926 4534 ό
2976 4482 3040 4533 ἐκ
3085 4478 3326 4550 μεγάλης
3357 4479 3519 4531 νόσου
3552 4477 3644 4531 διά
3676 4493 3753 4528 tt-

512 4574 706 4628 morbo
739 4573 1074 4629 medicorum
1106 4573 1365 4629 subsidiis
1398 4574 1605 4627 lirmam
1634 4582 1687 4628 et
1720 4574 1965 4630 stabilem
1993 4590 2074 4630 sa-

514 4663 740 4718 nitatem
773 4664 991 4733 accipit,
1020 4663 1166 4734 quod
1196 4664 1487 4719 incolumis
1522 4672 1574 4717 et
1604 4664 1743 4718 bona
1773 4664 2080 4719 valetudine

458 4797 469 4810 .
514 4758 605 4823 sit,
644 4771 749 4809 non
793 4754 914 4809 ideo
941 4754 1284 4809 obliviscitur
1312 4753 1659 4817 medicinam,
1695 4769 1801 4824 qua
1847 4756 1963 4824 ipse
1992 4772 2083 4810 sa~

514 4847 736 4901 nitatem
761 4856 1089 4900 consecutus
1117 4852 1231 4911 est;
1258 4846 1331 4899 ita
1361 4846 1461 4900 iste
1489 4853 1711 4900 sanctus
1736 4861 1765 4899 a
1789 4845 1900 4902 Deo
1925 4847 2082 4913 justi-

514 4936 859 4991 licationibus
881 4950 1017 5006 quas
1051 4936 1261 5005 accepit
1295 4935 1624 5002 viviﬁcatus,
1656 4952 1751 5006 per
1785 4953 1946 4992 omne
1979 4954 2079 4992 sa:-

512 5029 696 5083 culum
730 5030 804 5081 ait
836 5044 895 5083 se
918 5044 1104 5083 earum
1142 5029 1365 5082 minime
1393 5029 1620 5082 oblitum
1658 5029 1759 5095 iri;
1791 5030 1931 5085 hanc
1957 5031 2082 5085 red-

512 5120 647 5176 dens
675 5122 973 5186 rationem,
1000 5136 1059 5175 se
1100 5120 1152 5172 in
1183 5120 1252 5175 iis
1281 5135 1311 5173 a
1353 5119 1461 5175 Dco
1493 5120 1823 5175 viviﬁcatum
1862 5136 2003 5177 esse.

548 5208 578 5236 ο

516 5282 559 5333 ⁸
582 5298 747 5357 Vsus.
771 5300 957 5357 94-96.
982 5300 1123 5354 Tuus
1154 5316 1267 5353 sum
1306 5317 1418 5369 ego,
1441 5302 1643 5355 saluum
1686 5318 1765 5355 me
1810 5302 1916 5371 fac,
1947 5322 2074 5374 quo-

512 5395 655 5447 niam
693 5395 1105 5464 justiﬁeationes
1147 5402 1265 5445 tuas
1309 5394 1582 5462 exquisivi.
1621 5393 1706 5448 Me
1748 5409 2076 5466 exspectave-

512 5495 634 5539 runt
661 5495 979 5553 peccatores,
1013 5493 1070 5538 ut
1107 5483 1380 5553 perderent
1407 5502 1506 5549 me,
1534 5488 1835 5541 testimonia
1869 5498 1957 5543 tua
1993 5491 2074 5543 in—

512 5580 708 5635 tellexi.
755 5578 939 5634 Omnis
999 5577 1468 5631 consummationis
1510 5578 1615 5631 vidi
1656 5580 1839 5647 ﬁnem.
1904 5582 2069 5634 latum

512 5659 815 5725 mandatum
842 5682 988 5723 tuum
1008 5672 1185 5724 nimis.

586 5763 748 5818 Vnus.
782 5763 996 5818 97-l00.
1042 5761 1316 5831 Quomodo
1355 5762 1519 5815 dilexi
1560 5762 1717 5832 legem
1760 5774 1924 5832 tuam,
1962 5766 2061 5822 Do-

2183 4591 2287 4627 νων
2323 4572 2579 4644 ἰατρικῶν
2613 4570 2972 4643 βοηθημάτων
2994 4570 3195 4638 παγίαν
3232 4569 3325 4621 καὶ
3354 4567 3583 4637 βεϐαίαν
3616 4568 3751 4619 ἁναο

2181 4663 2358 4718 λαϐὼν
2396 4664 2607 4733 ὑγίειαν
2634 4664 2700 4716 δι’
2734 4662 2898 4716 αὐτοῦ
2939 4661 3030 4715 τοῦ
3063 4660 3327 4728 ὑγιαίνειν
3372 4661 3467 4712 καὶ
3508 4660 3753 4711 ademi»:

2180 4756 2281 4809 οὐκ
2326 4756 2740 4809 ἐπιλανθάνεται
2776 4754 2885 4806 τῶν
2941 4753 3196 4824 ἰατρικῶν
3227 4752 3449 4803 ἐκείνων
3496 4746 3581 4813 οἷς
3619 4751 3755 4817 ἡκο-

2179 4847 2407 4917 λούθησε
2442 4847 2502 4899 τὸ
2534 4846 2704 4910 οὕτως
2736 4846 2897 4899 αὑτὸν
2932 4848 3046 4915 μετ’
3080 4843 3289 4907 εὐεξίας
3322 4842 3621 4910 ὑγιαίνεινο
3662 4840 3755 4894 οὓς

2142 4957 2285 5007 ,τως
2330 4942 2357 4993 ό
2403 4940 2556 5007 άγιος
2604 4932 2778 5003 οὗτος,
2821 4936 2926 4990 ὑπὸ
2975 4934 3109 4991 Θεοῦ
3157 4932 3520 5004 ζωοποιηθεὶς
3565 4935 3627 4987 ὲν
3673 4927 3755 4995 oi;

2179 5030 2302 5101 ἔσχε
2361 5032 2490 5101 παρ’
2540 5028 2703 5083 αὐτοῦ
2759 5029 3087 5099 δικαιώμασι
3134 5027 3278 5094 λέγει
3323 5026 3454 5097 παρ’
3490 5026 3615 5079 ’ὅλον
3660 5026 3755 5078 τον

2177 5123 2346 5177 αἰῶνα
2379 5122 2451 5194 μὴ
2486 5122 2937 5175 ἐπιλανθάνεσθαι
2989 5119 3186 5183 αὐτῶν,
3216 5118 3503 5180 ἀποδιδοὺς
3533 5118 3634 5187 τὴν
3670 5120 3753 5171 αἱ·

2177 5216 2318 5277 τίαν,
2348 5216 2407 5269 τὸ
2441 5216 2499 5267 ὲν
2527 5214 2709 5277 αὐτοῖς
2735 5214 2823 5267 τὸν
2851 5213 2983 5266 Θεὸν
3011 5212 3171 5267 αὑτὸν
3200 5209 3455 5282 ἐζηκέναι
3488 5210 3642 5280 (sic).

2246 5305 2360 5369 Σός
2408 5305 2523 5371 εἰμι
2573 5301 2708 5371 ἐγὼ,
2762 5301 2968 5356 σῶσόν
2993 5320 3089 5370 με,
3128 5300 3215 5354 ὅτι
3265 5299 3334 5353 τὰ
3378 5297 3751 5367 δικαιώματά

2175 5413 2290 5451 σου
2328 5394 2673 5462 ἑξεζήτησα.
2747 5394 2875 5464 Ἐμὲ
2917 5394 3241 5462 ὑπέμειναν
3296 5396 3347 5447 οι
3405 5391 3749 5462 ἁμαρτωλοὶ

2175 5488 2278 5543 τοῦ
2305 5488 2601 5543 ἀπολέσαι
2631 5505 2727 5557 με,
2752 5489 2823 5541 τὰ
2851 5486 3143 5557 μαρτύριά
3175 5503 3289 5540 σου
3327 5486 3593 5554 συνῆκα.
3636 5484 3745 5539 Hei-

2173 5597 2291 5648 σης
2320 5582 2672 5646 συντελείας
2704 5576 2866 5634 εἶδον
2900 5578 3104 5647 πέρας,
3157 5578 3408 5633 πλατεῖα
3439 5582 3477 5646 ἡ
3519 5577 3740 5643 ἐντολή

2173 5694 2287 5730 σου
2318 5676 2570 5744 σφόδρα.

2256 5769 2346 5834 Ὡς
2372 5766 2657 5838 ἠγάπησα
2694 5767 2799 5822 τὸν
2825 5770 3011 5837 νόμον
3042 5786 3177 5835 σου,
3208 5769 3403 5837 Κύριε,
3440 5769 3592 5837 ὅλην
3625 5763 3743 5834 τὴν
