3964 6520
136 344 260 403 158!

1275 337 1772 397 COMMENTARIA
1811 338 1875 393 IN
1916 338 2251 394 PSALMOS.

3217 343 3357 398 1⁸582

132 459 350 531 ἡμέραν
388 459 609 528 μελέτη
644 476 759 527 μου
796 458 987 511 ἐστίν.
1034 457 1213 526 ’Υπὲρ
1260 458 1400 524 τοὺς
1434 458 1683 528 ἐχθρούς

1800 457 1949 520 niue,
1970 465 2079 509 tota
2108 456 2192 509 die
2219 456 2488 511 meditatio
2510 474 2622 512 mea
2644 467 2741 514 est.
2769 458 2935 525 Super
2956 458 3196 511 inimicos
3222 474 3359 512 meos

127 569 241 623 μου
278 548 572 618 ἐσόφισάς
612 566 687 618 με
729 550 842 617 τὴν
880 547 1137 614 ἐντολήν
1182 564 1317 612 σου,
1354 549 1441 601 ὅτι
1468 551 1555 615 εις
1582 548 1687 601 τὸν

131 639 308 695 αἰῶνα
346 638 457 708 ἐμή
492 639 681 693 ἐστιν.
723 637 889 708 ’Υπὲρ
931 638 1160 704 πάντας
1205 638 1345 704 τοὺς
1379 637 1687 692 διδάσκον-

130 732 233 799 rd;-
255 749 330 801 με
361 730 622 799 συνῆκα,
655 730 745 785 ὅτι
770 731 843 785 τὰ
863 730 1153 801 μαρτύριά
1175 747 1292 786 σου
1314 732 1534 802 μελέτη
1568 750 1687 801 μου

130 824 316 878 ἐστίν.
371 822 539 891 Ὑπὲρ
565 822 1003 891 πρεσϐυτέρους
1022 823 1283 891 συνῆκα,
1324 824 1412 879 ὅτι
1449 826 1555 890 τὰς
1593 824 1689 878 ἐν·

129 912 304 979 τολάς
354 929 469 967 σου
514 911 860 982 ἐξεζήτησα.
900 915 963 967 Ei
991 914 1046 966 δὲ
1079 914 1225 982 λέγοι
1264 932 1366 968 που
1401 916 1429 967 ὁ
1476 915 1683 986 Σωτήρ*

132 1007 247 1057 Οὐκ
273 1003 404 1057 ἐστι
430 1004 703 1073 μαθητὴς
740 1004 890 1073 ὺπέρ
927 1004 1033 1058 τὸν
1061 1004 1454 1069 διδάσκαλον,
1489 1006 1581 1057 καὶ
1622 1004 1688 1057 τὰ

129 1094 271 1164 ἑξῆς,
323 1094 562 1160 λεκτέον,
617 1097 697 1148 ὃτι
753 1095 896 1149 τοῦτ’
928 1097 1136 1168 εἴρηται
1166 1097 1243 1167 τῷ
1270 1097 1481 1169 Σωτῆρι
1520 1114 1687 1169 προσο

127 1186 569 1257 διαστειλαμένῳ,
610 1187 704 1240 καὶ
736 1188 926 1255 φάντιο
956 1188 1053 1257 Μὴ
1086 1188 1379 1256 καλέσητε
1410 1188 1689 1241 διδάσκαρ-

126 1282 236 1330 λον
263 1278 362 1331 ἐπὶ
397 1277 507 1347 τῆς
543 1278 657 1349 γῆς
679 1298 692 1309 ·
730 1275 816 1346 εἷς
841 1282 950 1350 γάρ
970 1281 1140 1336 ἐστιν
1159 1282 1324 1351 ὑμῶν
1347 1284 1380 1335 ό
1401 1280 1688 1334 διδάσκα-

125 1373 231 1433 λος
259 1372 291 1423 ό
335 1370 405 1422 ἐν
432 1370 557 1438 τοῖς
598 1373 893 1439 οὐρανοῖς.
943 1372 1030 1435 Ὠς
1064 1371 1199 1443 πρὸς
1228 1373 1431 1425 ἐκεῖνον
1468 1368 1559 1426 οὖν
1598 1372 1688 1424 τὸν

124 1460 443 1514 διδάσκαλον
496 1463 595 1517 οὐκ
631 1463 745 1517 ἐστι
782 1464 1027 1536 μαθητὴς
1074 1464 1357 1535 κρείττων.
1417 1465 1479 1518 Οἱ
1507 1464 1563 1518 δὲ
1611 1466 1690 1517 ὲν-

127 1549 291 1603 ταῦθα
322 1551 640 1623 δηλούμενοι
691 1553 875 1606 πολλοὶ
926 1553 1237 1608 διδάσκαλοι
1278 1555 1452 1626 ἕτεροι
1499 1557 1692 1626 τυγχάο

125 1657 318 1706 νουσιν,
349 1635 426 1697 ὧν
456 1643 713 1707 πολλάκις
741 1646 769 1696 ὁ
804 1644 1049 1716 μαθητὴς
1082 1646 1361 1717 κρείττειιν.
1400 1646 1611 1699 Γίνεται
1632 1647 1689 1699 δὲ

127 1734 365 1799 πλείονος
396 1736 488 1790 καὶ
526 1736 780 1808 συνεχοῦς
812 1738 911 1808 τῆς
949 1738 1077 1808 περὶ
1120 1739 1245 1803 τοὺς
1283 1738 1459 1804 θείους
1500 1738 1689 1807 λόγους

124 1822 429 1894 ἀσκήσεως.

204 1915 297 1969 Ἐκ
326 1916 528 1985 πάσης
552 1918 694 1972 όδοῦ
727 1917 991 1988 πονηρᾶς
1016 1919 1291 1974 ἐκώλυσα
1322 1920 1463 1987 τοὺς
1502 1920 1691 1987 πόδας

117 2025 253 2076 μου,
279 2008 440 2076 ὅπως
469 2010 546 2063 ἂν
567 2011 815 2079 φυλάξω
842 2011 985 2078 τοὺς
1012 2012 1234 2082 λόγους
1264 2027 1399 2067 σου.
1420 2012 1550 2067 Ἀπὸ
1577 2011 1693 2066 τῶν

121 2101 422 2169 χριμάτων
450 2117 566 2155 σου
597 2103 707 2154 οὐκ
739 2100 1038 2165 ἐξέκλινα,
1084 2102 1173 2155 ὅτι
1221 2101 1301 2155 σὺ
1346 2101 1693 2171 ἐνομοθέτη-

123 2194 237 2262 σάς
252 2213 373 2265 μοι.
393 2194 486 2259 Ὡς
510 2191 733 2263 γλυκέα
763 2191 842 2258 τῷ
865 2192 1118 2263 λάρυγγι
1132 2211 1250 2262 μου
1271 2194 1342 2247 τὰ
1362 2192 1533 2261 λόγιά
1552 2207 1686 2246 σουο

121 2286 271 2354 ὑπὲρ
303 2284 443 2355 μέλι
468 2282 545 2349 τῷ
565 2283 815 2351 στόματί
826 2300 967 2352 μου.
986 2283 1115 2338 Ἀπὸ
1138 2284 1255 2337 τῶν
1280 2285 1542 2338 ἐντολῶν
1575 2298 1691 2338 σου

121 2376 394 2447 συνῆκα,
441 2375 537 2429 διὰ
585 2374 759 2428 τοῦτο
811 2374 1075 2443 ἐμίσησα
1118 2373 1325 2430 πᾶσαν
1374 2375 1517 2428 όδὸν
1564 2374 1690 2430 ἀδι-

124 2469 281 2534 κίας.

193 2559 432 2628 Λύχνος
482 2557 603 2625 τοῖς
646 2561 793 2615 ποσί
830 2577 951 2629 μου
997 2559 1030 2611 ό
1059 2560 1240 2627 νόμος
1268 2572 1403 2624 σου,
1440 2556 1538 2610 καὶ
1568 2556 1693 2625 φῶς

122 2648 253 2714 ταῖς
299 2649 518 2718 τρίϐοις
557 2652 934 2719 μου.Ὤμοοά
976 2650 1074 2704 καὶ
1104 2650 1337 2716 ἐστησα
1366 2648 1471 2702 τοῦ
1500 2648 1693 2717 φυλά-

124 2741 339 2803 ξασθαι
387 2742 457 2795 τὰ
506 2742 758 2810 κρίματα
798 2740 905 2808 τῆς
945 2740 1333 2807 δικαιοσύνης
1366 2756 1501 2793 σου.
1520 2739 1691 2806 Ἐπεὶ,

126 2831 353 2901 μηδενὸς
399 2832 818 2901 ὲκδιασαμένου,
850 2831 1026 2902 οἰκείᾳ
1055 2830 1395 2901 χρησάμενος
1425 2832 1566 2900 ὁρμῇ
1600 2830 1695 2883 καὶ

122 2923 440 2997 προαιρέσει
468 2923 667 2993 ἀγαθῇ,
697 2923 842 2993 ὅρκῳ
866 2922 1055 2975 ἑαυτὸν
1089 2921 1417 2992 κατεδήσατο
1442 2921 1533 2974 καὶ
1551 2918 1696 2990 ὦμο-

125 3029 182 3065 σε
210 3013 303 3065 τοῦ
336 3012 673 3083 φυλάξασθαι
716 3012 780 3065 τὰ
817 3014 1059 3083 κρίματα
1099 3014 1196 3083 τῆς
1226 3012 1568 3083 δικαιοσύνης
1599 3012 1694 3064 τοῦ

124 3104 279 3167 Θεοῦ,
317 3103 532 3173 εὔχεται
562 3105 653 3156 τὸν
682 3105 840 3174 ὅρκον
878 3104 1041 3157 αὑτοῦ
1075 3105 1343 3173 ἀποδοχῆς
1370 3102 1515 3167 ἄξιον
1546 3102 1694 3174 παρὰ

122 3196 198 3266 τῷ
231 3194 353 3265 Θεῷ
380 3196 656 3263 γενέσθαι»
696 3196 861 3248 δεῖται
886 3196 992 3267 γὰρ
1016 3194 1212 3264 πολλῆς
1238 3194 1582 3257 διδασκαλίας
1604 3196 1695 3248 καὶ

122 3290 154 3358 ἡ
183 3287 385 3357 γνῶσις
423 3287 529 3339 τῶν
556 3288 838 3360 χριμάτων
874 3288 966 3340 τοῦ
1001 3288 1155 3340 Θεοῦ.

203 3399 632 3467 Ἐταπεινώθην
675 3400 784 3466 ἓως
833 3400 1083 3468 σφόδρα,
1133 3402 1307 3467 Κύριε
1331 3416 1343 3429 ’
1392 3398 1577 3469 ζ’ἦσόν
1620 3418 1696 3468 με

122 3490 272 3553 κατὰ
320 3489 426 3542 τὸν
468 3490 654 3560 λόγον
690 3503 825 3541 σου.
866 3488 943 3540 Τὰ
972 3488 1219 3541 ἑκούσια
1264 3487 1368 3540 τοῦ
1401 3488 1697 3555 στόματός

116 3596 235 3647 μου
279 3577 621 3646 εὐδόκησον
675 3575 774 3644 δὴ,
809 3576 1004 3644 Κύριε,
1036 3575 1136 3628 καὶ
1181 3576 1252 3629 τὰ
1302 3574 1552 3645 κρίματα
1581 3590 1696 3628 σου

121 3667 372 3732 δίδαεόν
396 3684 489 3738 με.
509 3668 568 3722 Ἠ
598 3665 767 3734 ψυχή
797 3681 914 3730 μου
944 3664 1013 3717 ἐν
1038 3664 1166 3729 ταῖς
1210 3664 1381 3732 χερσί
1417 3680 1537 3731 μου
1571 3661 1696 3714 δια-

122 3759 370 3825 παντὸς,
410 3758 506 3812 καὶ
562 3755 669 3809 τοῦ
724 3758 912 3823 νόμου
973 3769 1088 3807 σου
1139 3756 1247 3807 οὐκ
1294 3754 1691 3822 ἐπελαθόμην.

128 3856 367 3907 Ἥθεντο
401 3848 727 3919 ἁμαρτωλοί
762 3846 981 3916 παγίδα
1008 3864 1130 3915 μοι,
1161 3845 1257 3898 καί
1284 3846 1351 3897 ἐκ
1385 3843 1499 3898 τῶν
1530 3844 1696 3897 ἐντο-

122 3942 248 3998 λῶν
280 3958 395 3996 σου
426 3941 536 3992 οὐκ
568 3934 1016 4003 ἐπλανήθην.Ἱί
1044 3934 1189 4004 ψυχή
1220 3950 1362 3996 τινος
1408 3933 1465 3985 ὲν
1512 3933 1696 4004 χερσὶν

123 4031 289 4085 αὑτοῦ
321 4031 487 4090 ἐστιν,
504 4026 700 4079 εἴποτε
727 4026 783 4077 ἐν
816 4022 1077 4086 κινδύνοις
1105 4022 1413 4093 γεγένηται,
1432 4021 1698 4075 καὶτοῦτο

122 4130 155 4197 ἡ
192 4122 452 4194 συνήθεια
489 4118 633 4186 λέγει
662 4119 775 4171 ὅτι·
812 4116 923 4187 Τὴν
943 4114 1119 4185 ψυχήν
1155 4131 1258 4186 μου
1291 4110 1432 4184 εἶχον
1472 4116 1551 4177 είς
1598 4114 1696 4177 τὰς

124 4215 315 4290 χεῖράς
366 4210 644 4284 μου.Ἐγὼ
692 4204 805 4272 οὖν,
841 4207 1002 4291 φησὶν
1046 4208 1075 4258 ὁ
1116 4206 1337 4269 δίκαιος,
1377 4203 1697 4277 καθημὲραν

126 4308 476 4377 ἀποθνήσκω,
504 4303 589 4357 ἀεὶ
616 4299 905 4355 κινδυνεύω
936 4299 1022 4354 διὰ
1047 4298 1136 4351 τὸν
1168 4298 1322 4365 λόγον
1350 4315 1464 4359 σου,
1489 4298 1575 4350 διὰ
1600 4297 1696 4368 τὴν

125 4400 403 4471 ἀλήθειαν,
434 4398 521 4450 διὰ
553 4395 643 4449 τὸν
680 4394 920 4463 ἔλεγχον,
950 4392 1038 4445 διὰ
1064 4391 1161 4462 τὴν
1192 4390 1465 4461 βασιλείαν
1502 4391 1567 4460 ἢν
1604 4390 1697 4460 βα-

1793 551 2075 619 sapientem
2115 565 2195 603 me
2228 549 2396 619 fecisti
2432 551 2680 607 mandato
2724 562 2831 618 tuo,
2871 554 2995 623 quia
3027 554 3078 605 in
3110 563 3362 606 a'teruum

1793 658 1963 695 meum
2002 650 2098 695 est.
2126 640 2294 709 Super
2327 658 2501 695 omnes
2536 640 2777 697 docentes
2820 660 2899 696 me
2948 642 3216 705 intellexi,
3239 643 3363 711 quia

1796 732 2096 786 testimonia
2126 742 2218 785 tua
2254 732 2525 788 meditatio
2553 750 2668 787 mea
2707 742 2804 789 est.
2845 732 3013 801 Super
3035 750 3177 787 senes
3202 733 3361 786 intel-

1796 823 1919 886 lexi,
1945 823 2069 891 quia
2118 822 2372 877 mandata
2403 834 2494 878 tua
2543 826 2777 894 quwsivi.
2814 824 2968 891 Quod
3016 826 3061 881 si
3114 826 3363 879 Salvator

1795 916 2157 971 alicuhidicat
2184 936 2195 969 :
2219 914 2341 969 Non
2372 916 2755 985 estdiscipulus
2786 933 2940 985 super
2968 918 3275 987 magistrum
3298 919 3362 975 ¹⁸ο

1796 1016 1849 1063 et
1878 1016 2091 1071 caetera,
2126 1008 2415 1062 dicendum
2455 1015 2539 1062 est.
2579 1008 2683 1063 hoc
2728 1010 3138 1078 pronuntiatum
3171 1024 3200 1061 a
3246 1007 3366 1061 Sal-

1795 1107 1981 1153 vatore
2012 1098 2199 1161 fuisse,
2240 1113 2363 1151 cum
2410 1098 2560 1167 prius
2604 1099 2946 1154 distinxisset
2985 1114 3049 1151 ac
3086 1098 3361 1153 dixisset:

1798 1188 1879 1244 Ne
1904 1191 2090 1244 vocetis
2123 1190 2435 1259 magistrum
2475 1205 2633 1257 super
2666 1199 2862 1242 terram
2896 1205 2913 1242 :
2944 1206 3077 1242 unus
3112 1190 3250 1242 enim
3288 1194 3368 1243 est

1795 1280 2052 1352 Magister
2081 1291 2246 1336 vester
2278 1280 2464 1351 quiest
2495 1280 2546 1332 in
2578 1281 2720 1335 caelis
2753 1281 2814 1333 ¹⁷.
2851 1280 2999 1335 Illius
3038 1281 3220 1350 itaque
3248 1294 3366 1332 ma-

1796 1374 1953 1443 gistri
1980 1375 2387 1443 comparatione
2412 1390 2519 1428 non
2550 1382 2634 1429 est
2662 1372 2965 1443 discipulus
2997 1372 3361 1443 prastantior.

1798 1466 2040 1536 Magistri
2062 1474 2267 1531 autem,
2304 1468 2397 1537 qui
2430 1466 2519 1520 hic
2547 1466 2700 1520 multi
2731 1481 2851 1520 esse
2882 1464 3248 1529 declarantur,
3271 1459 3363 1517 alii

1798 1566 1944 1622 sunt,
2007 1559 2207 1628 quibus
2257 1559 2575 1628 plerumque
2638 1558 2941 1628 discipulus
2995 1557 3209 1611 doctior
3256 1562 3363 1610 est.

1797 1651 1951 1717 Quod
2002 1652 2183 1706 evenit
2232 1667 2299 1705 ex
2350 1655 2556 1718 majore
2578 1660 2629 1705 et
2667 1650 3037 1720 frequentiore
3078 1649 3132 1703 in
3164 1646 3363 1701 divinis

1798 1742 2144 1799 sermonibus
2179 1741 2590 1795 exercitatione.

1864 1913 2028 1970 Vens.
2069 1914 2164 1967 101
2197 1914 2350 1967 -104,
2382 1913 2460 1965 Ab
2483 1912 2625 1967 omni
2652 1913 2733 1965 via
2764 1911 2906 1963 mala
2939 1910 3178 1979 prohibui
3211 1908 3363 1977 pedes

1794 2023 1953 2069 meos,
1995 2015 2051 2058 ut
2101 2005 2397 2058 custodiam
2442 2003 2593 2057 verba
2629 2012 2741 2054 tua.
2778 2002 2817 2053 Α
2857 2002 3080 2071 judiciis
3126 2002 3227 2053 tuis
3260 2017 3363 2053 non

1792 2095 2073 2159 declinavi,
2119 2094 2243 2164 quia
2279 2103 2332 2145 tu
2366 2094 2523 2163 legem
2556 2092 2781 2161 posuisti
2826 2092 2970 2144 milii.
3024 2090 3196 2155 Quam
3241 2090 3365 2143 dui-

1792 2188 1874 2239 cia
1906 2186 2149 2255 faucibus
2194 2187 2320 2240 meis
2352 2186 2559 2254 eloquia
2607 2184 2731 2237 tua!
2771 2200 2924 2252 super
2963 2184 3065 2238 mel
3101 2184 3191 2237 ori
3226 2200 3357 2235 meo.

1791 2280 1835 2333 Α
1893 2279 2159 2333 mandatis
2210 2279 2314 2332 tuis
2350 2278 2605 2341 intellexi,
2665 2290 2936 2345 propterea
2984 2276 3123 2329 adiri
3159 2292 3360 2329 omnem

1793 2375 1928 2427 viam
1962 2373 2276 2438 iniquitatis.

1868 2547 2034 2603 Vens.
2082 2546 2205 2609 105,
2251 2545 2373 2601 106.
2426 2542 2665 2596 Lucerna
2716 2542 2930 2609 pedibus
2973 2544 3100 2596 meis
3151 2542 3359 2597 verbum

1796 2652 1964 2707 tuum,
1993 2650 2041 2694 et
2078 2643 2251 2693 lumen
2282 2638 2482 2692 semitis
2522 2636 2669 2689 meis.
2695 2633 2885 2688 Juravi
2913 2644 2959 2687 et
2990 2635 3154 2687 statui
3179 2645 3359 2688 custo-

1794 2734 1907 2787 dire
1931 2733 2139 2801 judicia
2157 2732 2386 2799 justitiaz
2405 2739 2528 2783 tute.
2561 2728 2700 2794 Quia
2749 2729 2898 2781 nullo
2928 2728 3033 2781 vim
3075 2728 3361 2790 inferente.

1796 2824 1891 2878 sed
1920 2823 2140 2893 proprio
2163 2830 2297 2875 nutu
2322 2830 2375 2874 et
2408 2821 2549 2875 bono
2575 2821 2875 2890 proposito,
2912 2834 3031 2873 sese
3052 2820 3366 2889 jurejuran-

1796 2920 1866 2973 do
1897 2917 2171 2978 astrinxit.
2203 2924 2258 2971 et
2283 2915 2487 2985 juravit
2518 2930 2576 2970 se
2623 2923 2966 2970 servaturum
3012 2930 3132 2969 esse
3156 2915 3362 2983 judicia

1795 3008 2019 3077 iustitiae
2051 3006 2166 3069 Dei,
2194 3015 2349 3075 rogat
2378 3015 2437 3057 ut
2462 3005 2831 3072 juramentum
2861 3020 3022 3058 suum
3051 3006 3363 3074 acceptione

1798 3101 2018 3171 dignum
2052 3098 2190 3168 apud
2225 3097 2392 3152 Deum
2421 3096 2614 3152 evadat
2647 3117 2659 3151 :
2696 3113 2818 3150 nam
2858 3096 3097 3167 cognitio
3129 3097 3366 3167 judicio-

1722 3167 1763 3224 θ
1798 3167 1917 3248 ruin
1948 3193 2043 3247 Dei
2071 3167 2241 3247 multa
2273 3191 2520 3246 doctrina
2544 3201 2684 3262 eget.

1869 3391 2032 3447 Vens.
2078 3392 2375 3447 107-112.
2434 3390 2760 3443 llumiliatus
2812 3406 2928 3443 sum
2978 3407 3361 3463 usquequaque,

1799 3485 2018 3540 Domine
2054 3500 2071 3538 :
2112 3486 2317 3554 vivi/ica
2358 3501 2438 3538 me
2476 3483 2758 3537 secundum
2794 3482 3003 3536 verbum
3056 3492 3219 3536 tuum.
3264 3485 3367 3539 Vo-

1796 3578 2032 3632 luntaria
2073 3578 2181 3629 oris
2212 3577 2311 3628 mei
2342 3574 2665 3643 beneplacita
2700 3573 2807 3641 fac,
2847 3572 3093 3637 Domine,
3132 3583 3180 3627 et
3212 3575 3366 3643 judi-

1796 3670 1879 3721 cia
1911 3678 2004 3722 tua
2041 3666 2166 3720 doce
2197 3681 2297 3720 me.
2325 3666 2521 3718 Anima
2552 3680 2665 3716 mea
2693 3664 2746 3715 in
2777 3663 3020 3715 manibus
3068 3664 3196 3716 meis
3226 3681 3365 3718 sem-

1793 3778 1905 3831 per,
1937 3770 1984 3814 et
2017 3760 2177 3831 legem
2208 3770 2353 3811 tuam
2384 3774 2487 3811 non
2515 3772 2632 3809 sum
2671 3754 2884 3807 oblitus.
2920 3754 3219 3808 Posuerunt
3253 3771 3368 3822 pec-

1796 3864 1999 3906 catores
2024 3851 2266 3921 laqueum
2289 3848 2441 3911 mihi,
2464 3856 2512 3901 et
2537 3846 2599 3899 de
2618 3844 2882 3898 mandatis
2914 3843 3018 3897 tuis
3047 3862 3148 3898 non
3168 3847 3361 3899 erravi.

1795 3944 1992 3999 Anima
2032 3942 2275 4011 cujusvis
2308 3940 2363 3993 in
2392 3937 2646 3992 manibus
2675 3937 2794 4006 ejus
2839 3946 2945 4000 est,
2979 3936 3025 3992 si
3061 3938 3279 4006 quando
3309 3939 3365 3991 in

1795 4035 2055 4107 periculis
2081 4040 2349 4096 versetur,
2380 4038 2543 4102 atque
2571 4045 2636 4085 ex
2670 4030 3064 4085 consuetudine
3099 4032 3200 4083 hoc
3224 4030 3363 4084 dici-

1796 4134 1885 4181 tur
1918 4125 2207 4180 :Animam
2240 4137 2413 4178 meam
2446 4122 2501 4175 in
2546 4121 2801 4175 manibus
2834 4120 2970 4175 meis
3014 4121 3196 4175 habui.
3253 4120 3365 4191 Ego

1797 4217 2001 4287 itaque,
2026 4216 2101 4270 ait
2124 4216 2333 4286 justus,
2371 4212 2615 4284 quotidie
2645 4212 2870 4275 morior,
2909 4228 3120 4281 semper
3147 4212 3217 4266 ob
3241 4228 3359 4267 ser-

1799 4325 2012 4364 monem
2047 4317 2198 4363 tuum
2226 4309 2279 4363 in
2311 4307 2553 4378 periculo
2579 4323 2787 4371 versor,
2820 4318 3037 4376 propter
3061 4307 3362 4369 veritatem.

1800 4412 2021 4476 prepter
2048 4401 2549 4472 reprehensionem,
2572 4408 2796 4471 propter
2829 4415 3050 4469 regnum
3075 4399 3160 4453 cui
3190 4400 3363 4468 impe-

130 4495 351 4549 σιλεύωο
384 4492 479 4544 κοιλ¹
510 4490 597 4543 διὰ
628 4490 800 4543 ταῦτα
834 4490 873 4557 η
903 4485 1072 4555 ψυχή
1107 4502 1226 4555 μου
1264 4485 1333 4537 ἐν
1360 4483 1488 4549 ταῖς
1525 4483 1693 4552 χερσί

1801 4510 1862 4551 r0
1893 4514 1907 4561 ;
1936 4502 1990 4551 et
2010 4495 2131 4549 ideo
2155 4494 2336 4545 anima
2357 4508 2471 4544 mea
2496 4491 2551 4543 in
2573 4490 2815 4543 manibus
2843 4491 2971 4542 meis
3000 4504 3213 4556 semper.
3247 4489 3365 4543 Non

122 4606 238 4656 μου
260 4582 604 4645 διαπαντός.
621 4580 696 4632 Οὐ
716 4581 822 4650 γὰρ
842 4582 869 4632 ὁ
885 4578 1128 4640 κίνδυνος
1149 4574 1241 4629 τοῦ
1267 4574 1495 4628 θανάτου
1524 4574 1697 4626 ἐποίει

133 4673 584 4751 μειὲπιλαθέσθαι
612 4671 705 4725 τοῦ
754 4672 918 4742 νόμου
946 4689 1057 4726 σου.
1094 4670 1323 4725 Δύναται
1370 4668 1427 4721 δέ
1476 4685 1560 4731 τις
1605 4667 1699 4720 καὶ

130 4770 455 4840 ὑψηλότερον
490 4764 677 4835 νοῆσαι
708 4760 768 4814 τὸ
796 4761 976 4832 ῥητὸν,
1008 4764 1100 4815 καὶ
1134 4764 1325 4824 εἰπεῖν,
1347 4761 1426 4813 ὅτι
1462 4761 1499 4826 ἠ
1526 4755 1697 4827 ψυχή

125 4884 243 4936 μου
273 4865 344 4917 ἐν
373 4861 501 4927 ταῖς
535 4859 709 4929 χερσί
732 4873 851 4926 μου
886 4849 965 4924 ἦν
991 4852 1333 4918 διαπαντὸς,
1363 4853 1482 4905 ἀντὶ
1506 4849 1620 4914 τοῦ,
1642 4850 1699 4901 ἐν

131 4955 393 5027 πράξεσιν
417 4950 673 5019 ἀγαθαῖς·
704 4948 737 5018 ἡ
770 4944 886 5016 χεὶρ
909 4942 1017 5014 γὰρ
1046 4942 1135 4994 ἐπὶ
1160 4942 1266 4994 τῶν
1303 4940 1551 5010 πράξεων
1576 4939 1701 4992 πολ-

131 5047 288 5109 λάκις
322 5038 696 5113 παραδέδοται.
740 5036 801 5087 Εἰ
827 5034 881 5086 δὲ
910 5035 968 5085 ἐν
995 5034 1113 5094 ταῖς
1142 5030 1295 5102 χερσί
1327 5046 1418 5082 σου
1448 5029 1555 5099 εἴη,
1578 5032 1701 5099 νοή-

136 5156 315 5209 σωμεν
337 5137 523 5207 χεῖρας
546 5126 680 5184 εἶναι
702 5127 796 5182 τοῦ
824 5126 957 5179 Θεοῦ
972 5125 1070 5195 τὴν
1083 5122 1438 5194 δημιουργίαν
1460 5121 1644 5184 αὑτοῦ,

135 5231 417 5304 προσιτέον
458 5221 763 5285 διαπαντός.
782 5218 1267 5287 Ἐκληρονόμησα
1308 5215 1379 5268 τὰ
1409 5213 1703 5285 μαρτύριά

134 5341 249 5377 σου
280 5323 364 5387 εἰς
397 5319 505 5373 τὸν
534 5314 718 5369 αἰῶνα
739 5331 752 5343 ·
800 5313 891 5365 ὅτι
923 5308 1262 5379 ἀταλλίαμα
1305 5305 1415 5375 τῆς
1455 5304 1701 5374 καρδίας

128 5432 248 5485 μου
273 5410 705 5468 εῖσίν.Ἔκλινα
730 5404 843 5473 τὴν
874 5400 1121 5470 καρδίαν⁹
1157 5417 1275 5468 μου
1314 5398 1419 5453 τοῦ
1452 5396 1698 5465 ποιῆσαι

132 5508 209 5561 τὰ
235 5500 590 5575 δικαιώματά
615 5516 731 5556 σου
763 5500 849 5563 είς
874 5494 979 5549 τὸν
1006 5491 1190 5546 αὶῶνα
1208 5491 1282 5545 δι’
1313 5490 1691 5561 ἀντάμειψιν.

104 5780 120 5808 -'
210 5772 257 5807 “
295 5773 481 5831 llattb.
517 5789 585 5843 ι,
619 5777 708 5831 ει.
790 5782 830 5815 ια
876 5774 1063 5833 llattb.
1102 5787 1273 5839 nm,
1308 5771 1375 5840 9,
1416 5772 1502 5827 10.

1546 5899 1591 5932 \

1802 4587 1947 4642 enim
1979 4584 2279 4655 periculum
2314 4581 2507 4636 mortis
2536 4581 2670 4650 legis
2699 4592 2800 4633 tua:
2826 4581 3073 4635 oblivisci
3098 4596 3185 4635 me
3213 4580 3362 4637 fecit.

1796 4679 2065 4732 Caeterum
2097 4684 2279 4746 potest
2330 4674 2603 4744 quispiam
2661 4673 2951 4728 sublimius
3006 4672 3110 4727 hoc
3157 4674 3364 4728 dictum

1798 4769 2101 4837 intelligere
2130 4781 2195 4820 ac
2228 4766 2409 4821 dicere
2442 4784 2454 4819 :
2490 4766 2682 4817 Anima
2730 4782 2844 4819 mea
2874 4767 2927 4817 in
2969 4765 3207 4819 manibus
3238 4766 3364 4819 meis

1797 4869 1915 4916 erat
1949 4875 2186 4930 semper;
2225 4858 2277 4912 id
2307 4868 2412 4922 est,
2446 4860 2497 4912 in
2528 4858 2687 4911 bonis
2721 4858 2934 4913 actibus
2964 4875 2978 4912 :
3014 4872 3139 4911 nam
3168 4873 3364 4912 manus

1798 4964 1896 5019 pro
1928 4948 2139 5003 actibus
2172 4947 2482 5017 frequenter
2516 4946 2770 5001 traditur.
2806 4946 2861 5001 Si
2896 4957 3077 5002 autem
3106 4947 3161 5002 in
3188 4948 3364 5003 mani-

1802 5044 1903 5097 bus
1926 5041 2035 5096 tuis
2059 5040 2241 5104 fuerit,
2264 5041 2626 5110 intelligamus
2654 5054 2848 5094 manus
2877 5039 2969 5094 Dei
2995 5055 3117 5096 esse
3135 5040 3364 5095 creatio-

1800 5150 1924 5191 nem
1948 5134 2092 5204 ejus,
2118 5134 2205 5189 cui
2233 5148 2447 5203 semper
2480 5132 2696 5187 animus
2728 5141 2810 5187 est
2840 5131 3201 5186 adhibendus.
3230 5130 3363 5183 Ha?-

1800 5228 2025 5281 reditate
2071 5225 2324 5295 acquisiui
2363 5223 2662 5279 testimonia
2696 5233 2789 5275 tua
2824 5226 2877 5276 in
2922 5232 3197 5286 aeternum,
3238 5222 3367 5289 quia

1798 5322 2082 5376 exsultatio
2113 5318 2286 5374 cordis
2316 5319 2417 5373 mei
2456 5328 2596 5373 sunt.
2650 5315 2909 5373 Inclinavi
2944 5332 3035 5369 cor
3080 5328 3246 5369 meum
3295 5310 3399 5365 σόα

1802 5411 2072 5481 faciendas
2095 5410 2506 5481 justificationes
2557 5420 2674 5464 tuas
2734 5412 2786 5464 in
2833 5418 3104 5473 internum,
3155 5416 3366 5475 prapter

1802 5504 2211 5559 retributionem.
