3964 6516
581 299 724 357 1585

1321 297 1585 353 EUSEBII
1616 295 2090 353 CESARIENSIS
2128 296 2276 353 OPP.
2319 295 2498 352 PARS
2528 294 2617 352 111.
2657 329 2725 338 -
2757 295 3158 354 EXEGETICA.

3703 297 3823 353 1385

655 421 819 476 Vsus.
848 420 1118 476 115-116,
1155 418 1369 488 Iniquos
1400 419 1518 473 odio
1543 418 1722 484 habui,
1742 429 1792 473 et
1818 419 1977 489 legem
2005 430 2143 473 tuam

2321 421 2706 490 Παρανόμους
2751 421 3034 492 ἐμίσησα,
3060 421 3165 473 τὸν
3201 419 3269 473 δὲ
3304 422 3489 490 νόμον
3529 436 3649 474 σου
3700 420 3823 489 ἠγά-

580 514 768 568 dilexi.
801 513 1031 580 Adjutor
1059 519 1109 564 et
1138 520 1409 578 susceptor
1438 528 1581 565 meus
1605 528 1658 565 es
1687 525 1764 577 tu,
1789 512 1842 564 in
1874 511 2030 565 verba
2063 522 2156 565 tua

581 604 959 671 supersperavi.
1006 600 1272 655 Declinate
1310 619 1341 655 a
1371 619 1469 666 me,
1516 601 1755 672 maligni,
1783 612 1834 657 et
1878 603 2156 657 scrutabor

583 692 840 747 mandata
872 692 965 746 Dei
993 692 1114 746 mei.
1164 688 1381 760 Suscipe
1415 709 1496 747 me
1526 692 1810 747 secundum
1858 694 2157 748 misericor-

579 784 725 838 diam
762 796 929 847 tuam,
970 794 1019 838 et
1046 786 1249 854 viviﬁca
1292 801 1392 849 me,
1431 794 1481 838 et
1514 801 1617 839 non
1644 784 1940 853 confundas
1970 803 2051 840 me
2089 786 2154 840 ab

577 877 961 944 exspectatione
996 894 1129 931 mea.
1164 876 1455 947 Postquam
1490 877 1628 932 dixit
1664 894 1676 928 :
1709 877 1975 933 Declinate
1998 895 2151 945 ame,

580 964 821 1034 maligni,
855 974 1253 1035 consequenter
1298 965 1464 1020 Deum
1492 967 1561 1020 ad
1597 982 1715 1021 eam
1746 982 1859 1021 rem
1913 967 2152 1034 invocat,

578 1061 637 1105 ut
667 1053 786 1122 ejus
815 1054 1011 1109 virtute
1041 1056 1259 1125 maligni
1286 1056 1352 1110 ab
1379 1057 1559 1110 anima
1587 1072 1685 1112 sua
1720 1057 1992 1128 pellantur
2024 1076 2037 1112 :
2071 1067 2154 1111 at-

577 1160 684 1214 que
715 1145 885 1199 otium
938 1156 1152 1211 nactus,
1192 1149 1357 1203 vitam
1391 1156 1443 1204 et
1494 1150 1751 1215 salutem,
1785 1166 1908 1220 quae
1957 1165 2155 1206 secun-

577 1237 707 1291 dum
740 1237 907 1293 Deum
941 1247 1042 1304 est,
1079 1249 1469 1311 consequatur,
1502 1256 1680 1313 neque
1710 1243 1929 1297 excidat
1962 1243 2030 1297 ab
2060 1258 2155 1298 ex-

576 1328 912 1396 spectatione
943 1344 1041 1383 sua
1077 1349 1090 1383 :
1122 1345 1187 1384 ac
1217 1345 1433 1385 rursum
1460 1345 1615 1401 opem
1644 1324 1884 1403 postulat
1909 1332 1977 1387 ad
2008 1333 2154 1389 salu-

578 1426 707 1474 tem.
740 1450 810 1460 —
852 1421 1013 1477 Vens.
1052 1422 1155 1475 117
1177 1423 1345 1477 -120,
1374 1422 1583 1493 Adjuva
1619 1410 1717 1491 me,
1747 1435 1796 1478 et
1833 1425 2009 1479 salvus
2040 1442 2150 1489 ero,

574 1518 624 1563 et
656 1510 947 1566 meditabor
973 1514 1025 1565 in
1050 1513 1529 1582 justi/icationibus
1560 1517 1663 1569 tuis
1696 1533 1915 1585 semper.
1950 1516 2153 1586 Sprevi-

573 1605 645 1657 sti
702 1621 880 1659 omnes
930 1606 1309 1660 discedentesa
1351 1608 1572 1676 judiciis
1614 1609 1741 1673 tuis,
1773 1611 1898 1679 quia
1953 1610 2152 1679 injusta

574 1696 824 1767 cogitatio
868 1714 1070 1752 eorum.
1105 1697 1522 1754 Prwvaricantes
1553 1702 1788 1769 reputavi
1826 1717 2002 1755 omnes
2033 1717 2152 1770 pec-

2256 528 2442 580 πησα.
2476 514 2699 581 Βοηθός
2723 532 2842 583 μου
2872 514 2967 567 καὶ
2993 513 3370 592 ἀντιλήπτῳρ
3388 530 3511 582 μου
3541 509 3603 565 εἷ
3629 512 3733 575 σὺ,
3752 512 3823 576 εις

2254 605 2396 671 τοὺς
2418 607 2637 675 λόγους
2668 619 2784 661 σου
2804 605 3135 673 ἐπήλπισα.
3162 604 3511 657 Ἐκκλίνατε
3541 603 3648 656 ἀπ’
3673 599 3822 671 ἐμοῦ,

2255 698 2739 767 πονηρευόμενοι,
2762 699 2859 753 καὶ
2891 687 3264 775 ὲξερευόιῄσω
3294 695 3399 760 τὰς
3433 694 3699 758 ἐντολὰς
3736 693 3821 746 τοῦ

2259 791 2405 844 Θεοῦ
2430 809 2569 860 μου.
2588 788 2923 844 Ἀντιλαϐοῦ
2944 807 3063 859 μου
3093 787 3240 842 κατὰ
3276 788 3340 840 τὸ
3368 787 3547 851 ἔλεός
3584 800 3705 837 σου
3740 783 3819 835 καὶ

2255 880 2440 950 ζῆσόν
2465 899 2561 951 με,
2590 880 2689 935 καὶ
2709 879 2792 950 μὴ
2823 881 3233 949 καταισχύνῃς
3257 894 3332 947 με
3357 874 3629 943 ἀπὸ,τῆς
3655 888 3822 941 πρεσ-

2254 971 2459 1038 ὃοκίας
2496 989 2637 1041 μου.
2692 969 2896 1035 Εἰπὼν,
2929 970 3271 1024 Ἐκκλίνατε
3302 968 3404 1022 ἀπ’
3436 965 3588 1035 ἐμοῦ
3609 1004 3625 1028 ,
3660 980 3817 1029 ποη-

2246 1067 2577 1134 ρευόμενοι,
2610 1061 2915 1127 ἀκολούθως
2942 1062 3032 1115 τὸν
3063 1061 3193 1114 Θεὸν
3221 1061 3314 1113 καὶ
3345 1060 3425 1121 είς
3456 1056 3622 1110 τοῦτο
3649 1058 3824 1107 ἐπικαρ-

2254 1158 2443 1221 λεῖται,
2479 1157 2553 1222 ὡς
2589 1156 2654 1211 ἂν
2682 1158 2747 1226 τῇ
2773 1155 2936 1209 αὑτοῦ
2961 1153 3186 1224 δυνάμει
3218 1149 3547 1206 ἀπελαθεῖεν
3583 1147 3686 1217 τῆς
3710 1148 3824 1199 ἐαυ-

2252 1250 2344 1303 τοῦ
2373 1250 2548 1321 ψυχῆς
2574 1250 2623 1303 οἱ
2647 1247 3081 1321 πονηρευόμενοι,
3108 1244 3299 1316 σχολῆς
3323 1260 3382 1296 τε
3412 1238 3596 1315 τυχὼν
3624 1239 3723 1307 τῆς
3742 1254 3825 1290 κα·

2251 1341 2319 1394 τὰ
2350 1341 2480 1395 Θεὸν
2511 1341 2655 1411 ζωῆς
2684 1358 2742 1393 τε
2769 1341 2861 1393 καὶ
2894 1339 3166 1410 σωτηρίας
3188 1336 3364 1406 τύχοι,
3400 1332 3498 1388 καὶ
3528 1332 3605 1402 μὴ
3636 1328 3825 1382 dmod-

2254 1449 2336 1485 σοι
2362 1434 2459 1503 τῆς
2487 1431 2677 1486 ἑαυτοῦ
2710 1430 3060 1504 προσδοκίας
3096 1430 3189 1482 καὶ
3222 1426 3383 1479 πάλιν
3412 1425 3561 1489 ἀξιοῖ
3592 1419 3825 1490 βαι-,θείας

2250 1525 2429 1593 τυχεῖν
2454 1524 2532 1586 είς
2563 1522 2623 1576 τὸ
2651 1522 2997 1593 διασωθῆναι.
3018 1518 3337 1588 Βοήθησόν
3360 1533 3488 1585 μοι,
3522 1511 3625 1566 καὶ
3659 1510 3825 1571 σωθή-

2251 1630 2451 1683 σομαι,
2480 1616 2577 1668 καὶ
2601 1613 2912 1684 μελετήσω
2947 1614 3018 1667 ἐν
3050 1611 3171 1677 τοῖς
3194 1604 3558 1676 δικαιώμασι
3584 1619 3703 1656 σου
3726 1600 3827 1653 δια-

2251 1698 2494 1770 παντός.
2514 1703 2954 1769 Ἐξουδένωσας
2986 1702 3215 1766 πάντας
3250 1698 3392 1762 τοὺς
3420 1691 3825 1749 ἀποστατοῶ⁸

573 1798 777 1841 calores
818 1799 993 1852 terrae,
1028 1790 1143 1845 ideo
1194 1790 1359 1844 dilexi
1423 1792 1722 1847 testimonia
1786 1801 1895 1845 tua.
1934 1792 2143 1864 Conﬁge

2249 1810 2355 1859 τας
2388 1794 2503 1848 ἀπὸ
2530 1793 2648 1847 τῶν
2675 1792 3077 1864 δικαιωμάτων
3100 1807 3237 1855 σου,
3270 1790 3359 1843 ὅτι
3398 1787 3625 1840 ἄδικον
3654 1785 3715 1838 τὸ
3740 1784 3818 1836 ἐγ-

575 1879 758 1932 timore
807 1889 895 1932 tuo
949 1897 1130 1935 carnes
1190 1898 1354 1951 meas,
1409 1900 1442 1936 a
1477 1882 1698 1954 judiciis
1743 1885 1882 1938 enim
1925 1885 2029 1939 tuis
2082 1885 2146 1938 ti-

572 1983 704 2023 mut.

2250 1887 2487 1955 θύμημα
2510 1885 2727 1940 αὐτῶν.
2761 1886 3243 1954 Παραϐαἰνοντας
3270 1879 3663 1952 ἐλογισάμην
3692 1875 3817 1929 πάγ-

2248 1992 2353 2042 τας
2401 1975 2540 2041 τοὺς
2588 1975 2973 2046 ἁμαρτωλοὺς
3022 1973 3133 2042 τῆς
3163 1972 3296 2043 τῆς,
3335 1971 3435 2025 διὰ
3474 1969 3666 2025 τοῦτο
3703 1962 3823 2036 did”

570 2075 737 2128 πησα
763 2061 833 2115 τὰ
849 2062 1139 2131 μαρτύριά
1170 2080 1305 2118 σου.
1332 2064 1703 2133 Καθήλωσον
1726 2066 1795 2121 ἐκ
1823 2068 1930 2122 τοῦ
1954 2069 2144 2137 φόϐου
2180 2084 2296 2124 σου
2328 2069 2431 2135 τὰς
2464 2067 2695 2138 σάρκας
2719 2085 2869 2138 μου·
2893 2066 3011 2122 ἀπὸ
3036 2068 3145 2139 γὰρ
3193 2066 3312 2120 τῶν
3369 2063 3685 2134 χριμάτων
3722 2076 3820 2115 σου

568 2157 887 2225 ἐφοϐήθην.

644 2250 810 2306 Vsus.
842 2250 966 2304 121.
996 2248 1122 2304 Feci
1152 2248 1417 2319 judicium
1442 2261 1490 2304 et
1504 2250 1799 2320 justitiam,
1827 2268 1931 2306 non
1960 2252 2141 2308 tradas

568 2360 649 2397 me
678 2344 932 2412 injuriam
957 2342 1302 2411 inferentibus
1334 2342 1483 2398 mihi.
1512 2342 1618 2409 Qui
1664 2345 1718 2398 in
1749 2345 2019 2416 principio
2067 2347 2145 2401 in-

2321 2249 2607 2315 Ἐποίησα
2644 2246 2819 2315 κρίμα
2848 2247 2943 2299 καὶ
2978 2246 3398 2313 δικαιοσυνην,
3428 2242 3525 2313 μὴ
3557 2245 3821 2313 adp-adiﬁc-

2233 2358 2310 2412 με
2342 2339 2464 2404 τοῖς
2496 2337 2780 2392 ἀδικοῦσί
2803 2353 2899 2407 με.
2918 2337 2974 2390 '0
3004 2336 3144 2389 κατὰ
3174 2336 3268 2408 τὴν
3309 2336 3491 2407 ἀρχὴν
3536 2340 3819 2408 στοιχειοό-

568 2437 791 2490 stitutus
825 2434 1021 2498 fuerat,
1066 2442 1125 2488 ut
1155 2436 1268 2503 jam
1316 2436 1549 2489 multum
1584 2435 1883 2506 profectus,
1920 2453 1984 2493 ac
2024 2455 2142 2493 ma-

2249 2450 2423 2505 μενος,
2448 2431 2522 2494 ὼς
2554 2430 2617 2485 ἂν
2641 2430 2740 2501 ήδη
2773 2430 3049 2501 προκόψας
3078 2430 3169 2483 ἐπὶ
3198 2429 3353 2493 πολὺ,
3389 2430 3489 2482 καὶ
3512 2430 3587 2481 τὰ
3625 2431 3818 2500 μεγαλα

566 2540 670 2595 gna
704 2532 982 2593 operatus,
1030 2534 1187 2595 rogat
1242 2540 1313 2580 ne
1361 2541 1391 2579 a
1446 2526 1693 2596 profectu
1752 2544 1851 2583 suo
1899 2530 2134 2586 excidat.

2249 2522 2613 2596 κατορθώσας,
2634 2521 2849 2592 εὔχεται
2882 2522 2955 2592 μὴ
2984 2523 3231 2575 ἐκπεσεῖν
3254 2521 3353 2591 τῆς
3375 2518 3818 2592 «pensat-Egilia

567 2615 774 2670 Deinde
803 2616 1161 2671 considerans
1200 2616 1466 2685 plurimos
1506 2632 1627 2671 esse
1653 2619 1743 2687 qui
1784 2620 1967 2687 probis
1998 2620 2137 2675 invi-

2249 2615 2503 2688 συνορῶν,
2532 2615 2613 2667 ὅτι
2648 2616 2757 2676 τοῖς
2781 2612 2963 2676 καλοῖς
2993 2612 3179 2666 πολλοὶ
3204 2611 3592 2682 βασκαίνουσι,
3624 2614 3721 2666 καὶ
3749 2613 3821 2665 λέ-

567 2707 751 2772 deant,
790 2722 915 2761 cum
959 2706 1097 2761 nihil
1144 2708 1267 2759 mali
1308 2708 1376 2762 de
1407 2707 1539 2775 ipsis
1572 2707 1858 2763 dicendum
1888 2710 2142 2775 habeant,

564 2800 978 2871 calumniasque
1009 2809 1189 2855 tamen
1238 2810 1486 2867 struant;
1516 2801 1767 2856 obsecrat
1801 2811 1853 2857 et
1899 2815 2051 2873 rogat
2077 2807 2143 2860 ab

2249 2796 2498 2850 πλέκουσι
2522 2796 2578 2848 δὲ
2607 2796 2988 2864 συκοφαντίας,
3022 2794 3249 2847 ἱκετεύει
3282 2795 3375 2849 καὶ
3404 2795 3594 2849 δέεται
3634 2796 3821 2850 τούτων

566 2892 636 2948 iis
666 2893 912 2948 liberari.
954 2891 1062 2947 Pro
1102 2891 1195 2945 illo
1238 2898 1420 2945 autem
1458 2908 1471 2944 :
1506 2892 1761 2959 iniuriam
1801 2893 2143 2961 inferentibus

2249 2888 2528 2961 ρυσθῆναι.
2548 2888 2691 2943 Ἀντὶ
2714 2889 2791 2952 δὲ,
2818 2888 2944 2955 τοῖς
2970 2887 3249 2942 ἀδικοῦσί
3268 2905 3366 2957 με,
3385 2888 3633 2953 ’Δκύλας
3654 2888 3823 2954 ἐξέδω-

2241 2724 2358 2776 γειν
2396 2706 2492 2777 μὲν
2519 2722 2569 2758 τι
2608 2704 2809 2773 φαῦλον
2840 2703 2965 2774 περὶ
3004 2702 3180 2756 αὐτῶν
3213 2703 3363 2757 οὐδὲν
3395 2703 3650 2774 ἔχουσιν,
3685 2722 3822 2776 πρι-

565 2985 715 3049 milti,
765 2984 963 3056 Aquila
994 3002 1007 3039 :
1044 2982 1125 3037 Ne
1157 2982 1399 3036 dimittas
1440 2999 1519 3036 me
1556 2984 2004 3041 calumniantibus
2036 3002 2137 3052 me,

565 3074 757 3129 edidit.

640 3166 803 3221 Vens.
847 3165 969 3220 122.
1015 3164 1137 3219 Feci
1168 3165 1440 3234 judicium
1478 3176 1525 3218 et
1546 3165 1837 3234 justitiam,
1879 3183 1980 3221 non
2026 3138 2209 3223 ιναοο

563 3261 661 3314 dus
699 3276 777 3313 me
810 3259 1065 3328 injuriam
1088 3257 1431 3323 inferentibus
1468 3257 1616 3311 milii.
1672 3255 1886 3325 Suscipe
1930 3276 2137 3313 servum

563 3360 712 3403 tuum
739 3350 793 3402 in
829 3348 1044 3411 bonum,
1082 3364 1185 3401 non
1224 3348 1619 3400 calumnieutur
1647 3364 1726 3400 me
1774 3349 2000 3417 superbi.
2036 3349 2139 3416 Qui

565 3439 945 3510 paenitentiam
981 3438 1110 3508 egit,
1147 3452 1177 3491 a
1214 3437 1539 3493 vexantibus
1579 3453 1638 3495 se
1666 3447 1879 3503 erutus,
1916 3449 2079 3511 atque
2108 3458 2139 3497 a

563 3530 876 3600 captivitate
910 3528 1224 3599 redemptus
1252 3529 1327 3582 ait
1370 3544 1381 3579 :
1418 3527 1637 3598 Suscipe
1674 3547 1879 3584 servum
1910 3538 2053 3585 tuum
2085 3534 2140 3587 in

564 3622 793 3683 bonum;
821 3620 874 3673 hi
913 3634 1147 3689 namque
1184 3634 1270 3673 me
1301 3619 1355 3672 in
1382 3618 1586 3671 malum
1621 3629 1993 3689 susceperant.
2023 3620 2139 3675 Nisi

562 3716 707 3768 enim
750 3728 833 3766 me
860 3727 1078 3767 servum
1114 3718 1265 3763 tuum
1295 3709 1534 3764 inimicis
1564 3711 1847 3765 subactum
1883 3727 2140 3783 suscepe-

562 3808 678 3872 ris;
730 3805 785 3859 hi
833 3802 1078 3873 superbi,
1120 3802 1373 3857 videlicet
1436 3803 1766 3883 adversaria:
1814 3810 2136 3874 potestates,

561 3916 647 3956 me
674 3899 1085 3954 calumniaturse
1111 3903 1258 3950 sunt.
1282 3894 1567 3961 Quomodo
1588 3904 1769 3951 autem
1800 3896 2139 3952 calumnian-

562 3994 689 4047 tur?
720 3992 855 4063 Ipsa:
880 4007 964 4045 me
994 3990 1300 4044 incitarunt
1328 3987 1572 4057 mihique
1606 3995 1899 4044 suaserunt
1923 3996 1983 4042 ut
2014 4004 2138 4059 pec.

559 4093 714 4139 eator
746 4083 1030 4139 evaderem
1063 4102 1076 4137 :
1108 4098 1171 4137 ac
1205 4082 1337 4152 ipsa:
1364 4081 1476 4150 jam
1522 4095 1606 4134 me
1652 4088 1934 4143 accusant.
1967 4087 2136 4134 totam

563 4176 768 4246 peccati
803 4190 1028 4231 causam
1062 4175 1117 4228 in
1160 4189 1248 4228 me
1281 4171 1645 4228 conferentes.
1678 4170 2003 4228 Necessario
2048 4188 2139 4226 ro-

561 4279 652 4339 gat
702 4267 872 4322 Deum
928 4276 986 4322 ut
1035 4276 1319 4337 susceptor
1355 4266 1529 4335 ipsius
1562 4266 1652 4331 sit,
1680 4266 2137 4335 quemadmodum

560 4370 613 4416 et
643 4376 906 4431 sponsor;
957 4368 1014 4414 ut
1052 4360 1170 4429 ipse
1213 4365 1404 4413 custos
1440 4358 1611 4425 ipsius
1644 4356 1930 4421 elliciatur,
1973 4374 2137 4428 spon-

2245 2999 2335 3037 κε·
2369 2981 2465 3049 Μὴ
2498 2980 2657 3049 ἀφῇς
2680 2998 2756 3050 με
2792 2982 2914 3047 τοῖς
2942 2980 3395 3049 συκοφαντοῦσι
3413 2998 3519 3051 με.

2324 3164 2607 3231 Ἐποίησα
2637 3164 2815 3233 κρίμα
2847 3162 2943 3216 καὶ
2974 3163 3387 3231 δικαιοσύνην,
3424 3164 3519 3232 μὴ
3546 3162 3817 3233 παραδῷ(

2237 3271 2315 3325 με
2340 3255 2462 3320 τοῖς
2489 3256 2769 3309 ἀδικοῦσί
2790 3254 3177 3326 με.Ἐκδεξαι
3205 3254 3312 3307 τὸν
3335 3254 3571 3309 δοῦλόν
3594 3272 3715 3310 σου
3742 3260 3817 3321 εις

2241 3347 2485 3417 ἀγαθὸν,
2514 3346 2599 3416 μὴ
2637 3346 3269 3417 συκοφαντησάτωσάν
3299 3362 3377 3415 με
3418 3345 3808 3416 ὑπερήφανοι.

2252 3436 2311 3489 Ὀ
2350 3438 2683 3508 μετανοήσας
2709 3439 2802 3490 καὶ
2840 3438 2946 3490 ἀπὸ
2974 3437 3081 3489 τῶν
3108 3436 3521 3509 ἐνεργησάντων
3555 3441 3642 3500 είς
3668 3438 3812 3491 αὑτὸν

2240 3529 2471 3595 ἐξελθὼν
2502 3532 2596 3585 καὶ
2622 3531 2718 3602 τῆς
2751 3530 3121 3601 αἰχμαλωσίας
3144 3530 3434 3602 λυτρωθείς
3464 3549 3638 3602 φησιν
3658 3549 3671 3557 ⁸
3703 3533 3810 3582 'Ex-

2239 3621 2407 3687 δεξαι
2429 3623 2534 3676 τὸν
2559 3622 2784 3676 δοῦλόν
2809 3638 2925 3676 σου
2946 3625 3032 3688 εἰς
3057 3623 3279 3691 ἀγαθόν
3297 3640 3310 3652 ·
3344 3616 3497 3675 οὗτοι
3520 3623 3634 3693 γάρ
3663 3641 3728 3693 με
3748 3624 3815 3683 εἰς

2241 3714 2472 3785 πονηρὸν
2502 3713 2825 3778 ἐξεδέξαντο.
2843 3714 2965 3770 Ἐὰν
3000 3713 3104 3785 γὰρ
3138 3714 3211 3785 μὴ
3239 3714 3426 3784 ἐκδέξῃ
3466 3732 3539 3785 με
3580 3717 3677 3769 τὸν
3714 3715 3815 3767 δοῦ-

2240 3806 2329 3860 λόν
2358 3823 2450 3858 σου
2483 3806 2789 3877 ὑποχείριον
2817 3807 3105 3877 γενόμενον
3128 3809 3235 3870 τοῖς
3272 3807 3577 3876 πολεμίοις,
3612 3804 3752 3861 οὗτοι
3773 3810 3811 3859 οἱ

2240 3897 2598 3970 ὑπερήφανοι,
2628 3900 2682 3951 αἱ
2725 3900 3091 3969 ἀντικείμεναι
3133 3900 3405 3970 δυνάμεις,
3444 3900 3708 3970 μέλλουσί
3755 3919 3809 3971 με

2241 3993 2613 4060 συκοφαντεῖν.
2648 3991 2771 4054 Πῶς
2808 3992 2864 4044 δὲ
2899 3986 3352 4061 συκοφαντοῦσινς
3382 3988 3557 4047 Δῦται
3592 3996 3813 4066 ἐνήργη-

2241 4100 2339 4137 σαν
2379 4084 2473 4135 καὶ
2516 4083 2738 4137 ἔπεισαν
2775 4085 2839 4138 ἵν’
2872 4084 3193 4156 ἁμαρτωλὸς
3216 4085 3465 4155 γένωμαι
3486 4103 3500 4115 ·
3531 4089 3633 4140 καὶ.
3668 4082 3813 4140 αὗταί

2242 4191 2333 4245 μοι
2366 4176 2660 4247 κατήγοροι
2679 4176 3071 4248 γίνονται,δ>.ην
3098 4176 3194 4248 τὴν
3224 4177 3402 4231 αἰτίαν
3432 4177 3545 4231 τῶν
3573 4182 3815 4249 apam-

2242 4266 2427 4337 μάτων
2470 4268 2549 4329 εἰς
2595 4267 2693 4336 ἐμὲ
2738 4268 3477 4338 ἀναφέρουσαι.Ἀναγκαίως
3512 4272 3816 4341 παρακαλεῖ

2238 4359 2326 4412 τὸν
2357 4357 2487 4411 Θεὸν
2512 4358 2769 4428 ἁνάδοχον
2800 4360 2962 4411 αύτού
2984 4361 3253 4427 γενέσθαι,
3281 4362 3470 4434 ὥσπερ
3496 4365 3595 4415 καὶ
3626 4366 3813 4431 ἐγγυηο

562 4453 770 4508 sionem
805 4466 1032 4507 servans
1062 4466 1127 4505 ac
1168 4448 1507 4513 custodiens,
1540 4454 1598 4500 ut
1631 4462 1697 4501 ne
1729 4446 2010 4499 minimam
2046 4463 2136 4501 an-

2249 4451 2364 4519 τήν’
2402 4449 2467 4502 ἵν’
2497 4449 2657 4513 αὐτὸς
2701 4449 2872 4517 φύλαξ
2915 4449 3077 4502 αὑτοῦ
3126 4452 3365 4522 γένηται,
3404 4453 3597 4523 mpsim
3653 4452 3815 4518 ἐαυτῷ

560 4561 677 4602 sam
701 4545 937 4616 praebeat
966 4542 1355 4599 insidiantibus
1390 4541 1493 4595 sibi
1518 4538 2026 4594 calumniatoribus.

632 4726 796 4779 Vens.
832 4722 1111 4778 125-126.
1159 4720 1313 4776 Oculi
1351 4720 1451 4773 mei
1493 4718 1790 4788 defecerunt
1818 4721 1871 4773 in
1900 4720 2135 4773 salutare

562 4832 729 4886 tuum,
767 4828 815 4872 et
854 4820 908 4871 in
954 4816 1215 4884 eloquium
1239 4813 1470 4883 justitiaa
1507 4820 1629 4867 tute.
1672 4810 1787 4865 Fac
1829 4829 1946 4865 cum
1991 4830 2135 4866 servo

562 4924 651 4966 tuo
684 4910 968 4965 secundum
997 4906 1418 4962 misericordiam
1455 4916 1621 4971 tuam,
1651 4914 1700 4959 et
1724 4904 2132 4973 justificationes

563 5016 682 5059 tuas
725 5003 852 5058 doce
888 5019 987 5057 me.
1021 5000 1212 5057 Servus
1246 5010 1364 5053 tuus
1398 5015 1514 5053 sum
1547 5015 1639 5068 ego
1672 5012 1689 5049 :
1724 4996 1793 5049 da
1819 4997 1946 5049 mitti
1980 4997 2134 5049 intel-

564 5100 751 5151 lectum
777 5134 792 5159 ,
848 5105 896 5149 et
932 5094 1098 5146 sciam
1142 5091 1443 5145 testimonia
1494 5100 1605 5142 tua.
1652 5086 1872 5156 Tempus
1904 5087 2134 5155 faciendi

562 5192 811 5253 Domino,
828 5187 1210 5256 dissipaverunt
1234 5184 1391 5254 legem
1420 5192 1585 5236 tuam.
1611 5180 1840 5235 Sursum
1862 5180 2133 5251 aspiciens

558 5282 630 5336 ad
681 5282 918 5337 salutare
946 5289 1100 5334 tuum
1133 5283 1186 5332 et
1216 5277 1441 5331 verbum
1474 5282 1651 5340 tuum,
1698 5280 1887 5336 totam,
1934 5273 2128 5341 inquit,

563 5390 712 5444 spem
745 5389 918 5429 meam
970 5372 1098 5426 hinc
1131 5368 1368 5440 pendere
1411 5365 1536 5433 feci,
1568 5366 1685 5422 erui
1727 5379 1812 5421 me
1850 5365 2131 5436 postulans

562 5468 629 5522 ab
658 5466 1022 5522 invidentibus
1052 5461 1213 5519 saluti
1252 5474 1404 5515 meae.

632 5658 798 5714 Vens.
836 5657 960 5711 1⁸27.
1003 5654 1129 5708 Ideo
1160 5651 1321 5705 dilexi
1351 5648 1601 5702 mandata
1633 5656 1722 5699 tua
1750 5661 1903 5713 super
1937 5661 2128 5699 aurum

561 5758 613 5807 et
643 5752 904 5820 topazicn.
940 5747 1050 5819 Ego
1083 5743 1303 5815 quidem
1330 5740 1434 5798 feci
1461 5724 1727 5811 judicium
1759 5736 2121 5808 etjustitiam,

2241 4539 2335 4592 uoti.
2383 4539 2659 4608 φυλάττων
2688 4539 2784 4610 τὴν
2812 4539 3033 4610 ἐγγύην,
3072 4541 3206 4612 πρὸς
3248 4541 3308 4593 τὸ
3348 4542 3629 4613 μηδεμίαν
3657 4543 3814 4613 λαϐὴν

2238 4634 2536 4703 παρασχεῖν
2568 4634 2677 4695 τοῖς
2712 4631 3091 4702 ἐφεδρεύουσιν
3124 4632 3272 4703 αύτῷ
3299 4636 3698 4703 συκοφάνταις.

2309 4727 2372 4777 Ol
2406 4725 2699 4793 ὀφθαλμοί
2714 4742 2834 4793 μου
2857 4724 3138 4789 ἐξέλιπον
3154 4728 3237 4790 εις
3268 4726 3329 4778 τὸ
3355 4728 3665 4793 σωτήριόν
3684 4742 3811 4779 σου.

2234 4816 2331 4868 καὶ
2369 4818 2455 4881 εὶς
2493 4816 2558 4869 τὸ
2584 4819 2793 4885 λόγιον
2828 4815 2938 4885 τῆς
2963 4815 3347 4881 δικαιοσύνης
3368 4832 3509 4870 σου.
3547 4820 3815 4883 Ποίησον

2228 4909 2378 4976 μετὰ
2406 4908 2513 4962 τοῦ
2547 4908 2771 4962 δούλου
2799 4922 2914 4961 σου
2943 4908 3093 4962 κατὰ
3124 4906 3190 4960 τὸ
3224 4908 3396 4972 ἔλεός
3430 4924 3574 4972 σου,
3619 4911 3717 4961 καὶ
3752 4910 3815 4960 τὰ

2233 4998 2591 5069 δικαιώματά
2615 5018 2730 5055 σου
2758 4999 3005 5065 δίδαξόν
3020 5017 3113 5069 με.
3132 4998 3359 5064 Δοῦλός
3384 5016 3504 5053 σου
3530 5003 3655 5070 εἰμὶ
3686 5002 3809 5072 ἐγὼ,

2234 5093 2560 5146 συνέτισόν
2603 5110 2699 5162 με,
2731 5093 2826 5145 καὶ
2867 5091 3165 5161 γνώσομαι
3214 5091 3286 5145 τὰ
3330 5094 3638 5162 μαρτύριά
3681 5111 3806 5147 σον.

2233 5185 2448 5253 Καιρὸς
2480 5185 2585 5239 τοῦ
2616 5183 2862 5252 ποιῆσαι
2908 5183 2989 5249 τῷ
3024 5185 3236 5251 Κυρίῳ,
3267 5184 3684 5237 διεσκέδασαν
3712 5186 3809 5237 τότ

2232 5278 2417 5345 νόμον
2441 5278 2734 5331 σου.⁹Ανω
2757 5276 2966 5346 βλέπων
2994 5277 3086 5329 ἐπὶ
3116 5276 3175 5329 τὸ
3206 5276 3468 5347 σωτήριόν
3493 5296 3589 5330 σου
3609 5279 3704 5330 καὶ
3725 5277 3803 5329 τὶν

2232 5367 2387 5436 λόγον
2423 5386 2534 5433 σου,
2576 5371 2774 5433 πάσας,
2810 5370 2998 5439 φησὶν,
3034 5369 3310 5441 ἀνήρτησα
3358 5370 3450 5422 ἐπὶ
3496 5371 3678 5424 ταῦτα
3713 5371 3801 5428 τὰς

2232 5461 2468 5531 ἐμαυτοῦ
2503 5462 2739 5525 ἐλπίδας,
2770 5461 3028 5531 ρυσθῆναι
3054 5457 3427 5532 δεόμενος’ἁπὸ
3447 5463 3556 5514 τῶν
3588 5464 3799 5532 διαφευ-

2232 5553 2465 5608 νούντων
2502 5571 2602 5624 μου
2630 5557 2695 5623 τῇ
2733 5553 2991 5623 σωτηρίᾳ.

2302 5644 2404 5697 Διά
2430 5642 2601 5696 τοῦτο
2629 5641 2917 5710 ἠγάπησα
2953 5642 3057 5706 τὰς
3080 5640 3328 5705 ἐντολάς
3349 5657 3464 5693 σου
3488 5642 3644 5709 ὑπὲρ
3670 5656 3798 5708 Τίνα

2232 5737 2371 5791 ator
2400 5736 2498 5791 καὶ
2538 5734 2824 5797 τοπάζιον.
2848 5734 2987 5805 Ἐγὼ
3018 5736 3116 5807 μὲν
3139 5734 3367 5806 ἐποίησα
3401 5736 3575 5807 κρίμα
3606 5736 3697 5789 καὶ
3724 5732 3799 5788 8:-
