3964 6550
277 359 414 417 I585

1370 345 1867 410 COMMENTARIA
1906 352 1971 411 IN
2007 348 2340 409 PSALMOS.

3384 347 3515 411 I386

276 476 585 548 καιοσύνην,
617 476 710 530 καὶ
747 476 828 529 σοὶ
867 474 924 528 δὲ
951 473 1029 544 τῷ
1057 472 1176 543 Θεῷ
1216 473 1367 526 ἔσται
1406 475 1534 527 ποντέ
1564 474 1658 527 τοῦ
1700 473 1835 543 ποιῆ·

1957 479 2120 542 atque
2161 472 2275 535 tibi,
2312 458 2475 533 Deus,
2511 475 2724 541 tempus
2772 469 3065 540 aliquando
3098 469 3270 525 aderit
3320 485 3381 526 ea
3439 471 3521 525 fa.

276 586 365 620 σαι
399 568 607 638 καιρὸς,
634 567 874 636 δηλονότι
925 569 1094 652 κρῖμα
1140 566 1233 617 καὶ
1263 565 1604 636 δικαιοσύνην
1625 565 1713 619 διὰ
1741 564 1835 618 τῶι

1951 562 2152 625 ciendi,
2187 561 2435 616 videlicet
2464 561 2734 629 judicium
2761 572 2816 615 et
2841 563 3137 631 justitiam,
3174 571 3401 632 propter
3422 578 3519 618 eos

276 659 793 714 κατασκεδασόιντων
824 658 915 711 τὸν
946 658 1109 727 νόμον
1139 654 1429 709 σου.Τοῦτο
1446 653 1539 712 οὖν
1565 656 1719 720 είδὼς
1738 657 1848 724 ἐγὼ

276 754 369 806 καὶ
394 751 792 821 φυλαττόμενος
825 750 1141 820 περιπεσεῖν
1173 746 1250 816 τῷ
1268 748 1448 820 καιρῷ
1479 750 1690 820 ἐκείνῳ,
1708 750 1846 819 me-

276 858 426 911 πησα
468 841 564 905 τὰς
610 841 827 903 ἐντολάς
860 856 953 891 σου
987 836 1127 906 ὑπὲρ
1164 836 1339 889 πάντα
1387 838 1516 908 παρ’
1546 837 1849 909 ἀνθρώποις

274 932 429 1001 τίμια
456 931 839 1001 νενομισμένα.
989 931 997 939 ’
1746 922 1759 931 I

344 1043 449 1095 Διὰ
476 1043 651 1096 τοῦτο
687 1044 835 1111 πρὸς
884 1043 1085 1111 πάσας
1127 1046 1233 1113 τὰς
1266 1044 1515 1110 ἐντολάς
1563 1055 1680 1097 σου
1708 1055 1846 1096 κατ-

244 1133 603 1199 ’ωρθούμην,
650 1126 858 1187 πᾶσαν
908 1134 1051 1187 ὁδὸν
1088 1134 1297 1189 ἄδικον
1332 1136 1616 1204 ἐμίσησα.
1662 1131 1726 1185 Ἦ
1760 1133 1849 1185 ἁν-

276 1220 521 1291 θρωπίνη
559 1222 704 1293 ψυχὴ
735 1224 1182 1294 συμπληρώσασα
1210 1221 1299 1277 τὸν
1335 1226 1512 1293 λόγον,
1544 1225 1760 1286 πάντως
1789 1224 1848 1275 ἐν

275 1305 444 1381 κακίᾳ
492 1312 721 1379 γίνεται.
767 1313 1050 1369 Ἀδύνατον
1096 1315 1203 1386 γὰρ
1249 1316 1363 1387 ἅμα
1396 1314 1474 1385 τῷ
1519 1313 1849 1384 συμπληρω-

277 1400 433 1470 θῆναι
466 1403 557 1456 τὸν
602 1403 765 1473 νόμον
796 1403 885 1456 τὸν
915 1399 1147 1473 φυσικὸν
1177 1406 1236 1458 ἐν
1273 1403 1576 1474 ἀνθρώποις
1612 1404 1684 1474 μὴ
1725 1405 1849 1457 ὑπο-

278 1492 469 1561 στῆναι
515 1492 610 1563 τὴν
662 1495 950 1563 ἁμαρτίαν.
1006 1495 1174 1548 Ἐπὰν
1213 1492 1305 1549 οῦν
1330 1498 1557 1565 γένηται
1606 1496 1639 1565 ἡ
1683 1491 1848 1546 κακία

276 1582 372 1636 καὶ
402 1585 711 1655 στρεϐλωθῇ
755 1588 788 1656 ή
825 1586 992 1657 ψυχὴ,
1040 1586 1207 1640 δεῖται
1256 1586 1664 1657 κατορθώσεως.
1714 1584 1848 1638 Τίνα

276 1668 368 1725 ὤν
399 1677 513 1727 ἐστι
554 1674 625 1727 τὰ
655 1676 1055 1745 κατορθοῦντα;
1091 1676 1203 1729 Μία
1236 1677 1421 1748 ἐντολὴ
1467 1677 1688 1731 δύναταί
1729 1688 1847 1740 πως

274 1763 375 1844 τῂν
407 1764 670 1834 στρέϐλαν
721 1766 819 1844 τῆς
861 1767 1060 1836 ψυχῆς,
1112 1766 1209 1837 τὴν
1256 1768 1549 1838 γενομένην
1602 1767 1711 1820 ἀπὸ
1757 1785 1849 1821 κα-

1880 1814 1923 1869 Β

1948 653 2039 722 qui
2065 653 2232 721 legem
2265 658 2413 705 tuam
2448 652 2821 720 pessumdant.
2852 652 3030 722 Hujus
3064 654 3247 723 itaque
3286 655 3362 708 rei
3387 670 3521 724 gna-

1949 754 2041 794 rus
2073 754 2193 809 ego,
2230 755 2293 793 ac
2321 755 2521 795 cavens
2546 756 2615 794 ne
2647 741 2885 795 incidam
2926 744 2982 796 in
3012 752 3224 812 tempus
3249 744 3403 808 illud,
3434 744 3519 797 dia

1948 830 2056 885 lexi
2098 830 2354 884 mandata
2385 837 2480 885 tua
2525 846 2689 901 super
2724 832 2906 886 omnia
2936 848 3056 903 quae
3095 832 3239 902 apud
3272 833 3519 890 homines

1948 922 2182 992 pretiosa
2213 923 2610 977 existimamur.

2014 1034 2182 1089 Vens.
2243 1034 2363 1089 128.
2393 1030 2677 1103 Propterea
2709 1035 2777 1088 ad
2799 1036 2979 1090 omnia
3020 1036 3276 1090 mandata
3307 1047 3397 1090 tua
3433 1028 3517 1090 di-

1948 1125 2176 1195 rigebar,
2200 1142 2405 1179 omnem
2433 1127 2569 1179 viam
2602 1126 2838 1196 iniquam
2889 1127 3011 1181 odio
3057 1126 3235 1182 habui.
3270 1127 3519 1181 Humana

1948 1218 2128 1271 anima
2168 1226 2456 1287 postquam
2487 1232 2795 1271 sermonem
2831 1218 3203 1288 compleverit,
3234 1219 3287 1273 in
3312 1219 3518 1273 malitia

1949 1319 2173 1379 prorsus
2197 1316 2468 1363 versatur.
2503 1307 2648 1363 Fieri
2682 1307 2826 1363 enim
2873 1309 3083 1378 nequit,
3121 1319 3180 1364 ut
3228 1319 3513 1381 postquam

1950 1398 2034 1453 lex
2073 1398 2341 1453 naturalis
2377 1399 2432 1452 in
2464 1399 2778 1456 hominibus
2828 1400 3046 1469 impleta
3098 1410 3202 1465 est,
3232 1388 3515 1472 peccatum

1949 1501 2058 1541 non
2093 1487 2343 1542 exsistat.
2377 1485 2515 1541 Cum
2549 1487 2731 1556 itaque
2756 1489 2961 1542 malitia
2993 1489 3228 1543 accessit
3255 1497 3308 1543 et
3334 1490 3515 1545 anima

1947 1582 2196 1631 tortuosa
2219 1582 2325 1641 est,
2362 1574 2664 1633 directione
2691 1593 2829 1648 opus
2859 1578 3040 1633 habet.
3079 1578 3337 1644 Quaenam
3382 1594 3513 1634 vero

1949 1673 2076 1720 sunt
2098 1680 2220 1735 qua:
2263 1665 2507 1735 dirigunt
2564 1673 2617 1719 et
2678 1668 2995 1736 corrigunt?
3032 1666 3210 1721 Unum
3248 1668 3513 1724 duntaxat

1948 1756 2260 1810 mandatum
2295 1757 2491 1812 animae
2520 1760 2939 1823 tortuositatem,
2978 1774 3098 1829 qua:
3133 1774 3227 1828 per
3247 1760 3511 1813 malitiam

276 1841 421 1914 κίας,
466 1841 810 1907 κατευθῦναι.
860 1856 933 1907 Τὸ
985 1856 1166 1925 μέντοι
1217 1857 1402 1927 ἄκρως
1441 1857 1835 1929 κατορθωθῆναι

1948 1846 2173 1901 advecta
2195 1854 2301 1911 est,
2344 1855 2523 1917 potest
2580 1849 2876 1918 corrigere.
2909 1848 2975 1902 Et
3025 1850 3244 1918 quidem
3275 1851 3511 1903 animam

274 1939 371 2010 τὴν
407 1941 583 2012 ψυχὴν
618 1943 850 1997 ἐνταῦθα
877 1945 1155 2015 ἀμήχανόν
1179 1947 1293 1997 ἐστι
1317 1947 1483 2016 χωρὶς
1526 1947 1714 2000 πασῶν
1740 1945 1848 2001 τῶν

274 2029 522 2084 ἐντολῶν.
568 2033 630 2084 Εἰ
668 2033 848 2102 μέντοι
891 2050 953 2101 γε
1006 2033 1193 2087 σκολιὰ
1236 2034 1565 2106 παραληφθῇ
1607 2038 1641 2106 ή
1677 2035 1843 2106 ψυχὴ,

273 2124 454 2176 οὐκέτι
486 2125 722 2187 ἐντολαῖς
747 2125 1241 2198 κατορθωθήσεται,
1258 2127 1395 2180 ἀλλὰ
1425 2129 1559 2198 πυρὶ
1588 2129 1621 2199 ἢ
1648 2130 1842 2200 σκότῳ,

271 2214 306 2284 ἢ
340 2215 639 2293 διχοτομία,
668 2217 701 2287 ἡ
728 2234 831 2271 τινι
863 2216 969 2269 τῶν
1007 2219 1469 2289 σκυθρωποτέρων
1502 2221 1845 2291 προσαγομέ-

272 2323 377 2359 νων
406 2308 510 2360 ὑπὸ
538 2308 694 2360 Θεοῦ.
742 2309 864 2361 Ἐὰν
895 2310 1073 2362 τοίνυν
1109 2309 1182 2381 μὴ
1207 2313 1519 2381 ποιήσωμεν
1546 2311 1724 2375 πάσας
1747 2312 1846 2376 τὰς

270 2396 507 2459 ἐντολὰς,
529 2397 589 2450 οὐ
616 2398 1043 2470 κατορθούμεθα.
1078 2399 1238 2453 Ὅθεν
1265 2400 1581 2471 θαυμασίως
1603 2403 1839 2473 εἴρηται·

270 2488 374 2541 Διὰ
412 2488 588 2542 τοῦτο
616 2489 763 2555 πρὸς
807 2489 1008 2555 πάσας
1052 2490 1159 2556 τὰς
1185 2490 1439 2557 ἐντολάς
1478 2507 1595 2546 σου
1624 2510 1842 2561 κατωρ-

270 2580 540 2646 θούμεθα,
578 2578 784 2634 πᾶσαν
806 2580 950 2635 ὁδὸν
974 2580 1182 2634 ἄδικον
1205 2582 1600 2652 ἐμισήσαμεν.
1629 2584 1701 2637 Οὐ
1736 2583 1841 2654 γὰρ

268 2668 348 2720 ἔτι
380 2669 794 2741 περισπώμενος
824 2671 928 2723 ὑπὸ
971 2672 1069 2741 τῆς
1099 2673 1178 2733 εἰς
1209 2672 1270 2724 τὸ
1294 2672 1496 2725 ἀδικεῖν
1525 2673 1837 2742 ἐπιθυμίας,

270 2758 533 2829 ἀπέχεται
576 2761 675 2831 τῆς
717 2762 948 2826 ἀδικίας,
1000 2761 1113 2813 ἀλλ’
1152 2762 1413 2830 ἀπέχεται
1473 2764 1706 2832 μισήσας
1745 2762 1841 2832 τὴν

267 2851 480 2905 ἀδικίαν
531 2854 560 2905 ὁ
608 2851 1152 2923 κατορθωθεὶςπρὸς
1202 2852 1382 2915 πάσας
1423 2852 1522 2915 τὰς
1558 2851 1651 2904 τοῦ
1704 2851 1838 2906 Θεοῦ

268 2941 511 3004 ἐντολάς.

336 3054 658 3121 Θαυμαστὰ
692 3054 763 3107 τὰ
783 3055 1075 3125 μαρτύριά
1097 3072 1235 3122 σου,
1270 3056 1366 3111 διὰ
1396 3053 1570 3112 τοῦτο
1606 3055 1838 3125 ἐξερεύ-

1945 1939 2035 1993 hic
2094 1940 2162 1993 ad
2220 1954 2530 2010 supremam
2584 1940 2963 1995 rectitudinem
3010 1941 3341 2009 pertingere,
3375 1941 3512 1994 citra

1945 2033 2188 2084 omnium
2220 2031 2601 2085 mandatorum
2646 2030 3082 2086 observationem
3140 2031 3256 2085 lteri
3300 2032 3508 2101 nequit.

1946 2121 2003 2176 Si
2037 2124 2220 2192 itaque
2248 2123 2429 2177 anima
2475 2130 2722 2178 tortuosa
2766 2122 3226 2192 deprehendatur,
3262 2137 3370 2176 non
3394 2139 3511 2176 am-

1944 2212 2142 2281 pliusa
2174 2213 2446 2268 mandatis
2499 2214 2839 2283 corrigetur;
2889 2213 2985 2269 sed
3043 2214 3188 2284 igne,
3241 2214 3509 2277 tenebris.

1943 2303 2185 2358 sectione
2248 2303 2479 2372 aliisque
2512 2303 2845 2358 tristioribus
2902 2318 2933 2356 a
2987 2302 3097 2358 Deo
3154 2297 3416 2359 advectis.
3453 2303 3510 2357 Si

1943 2408 2072 2464 ergo
2104 2408 2213 2449 non
2234 2394 2415 2447 omnia
2432 2393 2687 2448 mandata
2724 2408 3026 2457 servemus,
3052 2407 3162 2447 non
3186 2393 3506 2463 dirigemur.

1942 2482 2067 2539 Ideo
2117 2484 2510 2538 admirabiliter
2565 2484 2766 2538 dicitur
2818 2503 2831 2537 :
2884 2483 3168 2553 Propterea
3212 2481 3281 2537 ad
3336 2482 3513 2537 omnia

1941 2574 2195 2628 mandata
2250 2584 2343 2627 tua
2404 2570 2781 2645 dirigebamur,
2818 2590 3023 2628 omnem
3082 2576 3219 2628 viam
3272 2572 3509 2646 iniquam

1941 2666 2060 2720 odio
2093 2667 2389 2719 habuimus.
2424 2665 2543 2720 Non
2575 2667 2720 2721 enim
2742 2664 2888 2719 ultra
2911 2664 3209 2721 distractus
3241 2681 3271 2720 a
3298 2681 3509 2720 concu-

1940 2755 2205 2825 piscentia
2238 2755 2423 2824 inique
2450 2756 2663 2824 agendi,
2695 2756 2762 2808 ab
2784 2756 3072 2824 iniquitate
3104 2753 3378 2821 abstinet,
3412 2749 3510 2811 sed

1939 2844 2179 2900 abstinet
2244 2845 2453 2913 utique,
2506 2845 2635 2914 quia
2702 2844 3046 2912 iniquitatem
3106 2844 3241 2909 odit,
3289 2844 3385 2915 qui
3440 2840 3509 2900 ad

1942 2938 2124 2991 omnia
2150 2935 2244 2993 Dei
2268 2935 2520 2991 mandata
2554 2937 2823 3007 dirigitur.

2012 3044 2177 3102 Vens.
2222 3046 2472 3102 129-151.
2538 3045 2815 3101 Mirabilia
2866 3047 3167 3101 testimonia
3226 3056 3337 3113 tua,
3391 3041 3507 3103 ideo

260 3156 452 3210 νησεν
486 3145 641 3198 αὐτὰ
679 3147 716 3214 ἡ
750 3146 918 3215 ψυχή
956 3164 1091 3215 μου.
1128 3148 1190 3205 Ἠ
1211 3138 1474 3214 δήλωσις
1504 3144 1622 3201 τῶν
1643 3142 1835 3218 λόγων

1940 3147 2182 3193 scrutata
2232 3145 2309 3192 est
2340 3153 2402 3190 ea
2441 3138 2622 3191 anima
2677 3153 2811 3191 mea.
2854 3136 3159 3191 Declaratio
3208 3153 3507 3191 sermonum

261 3247 380 3287 σου
425 3234 643 3302 ςρωτιεῖ,
676 3235 774 3288 καὶ
801 3237 1068 3291 συνετιεῖ
1088 3240 1360 3305 νηπίους.
1396 3239 1464 3293 Τὸ
1492 3242 1687 3308 στόμα
1717 3257 1837 3308 μου

260 3322 475 3391 ἧνοιξα
517 3325 613 3378 καὶ
660 3329 918 3382 εῖλκυσα
967 3328 1239 3397 πνεῦμα,
1286 3330 1375 3383 ὅτι
1426 3330 1531 3396 τὰς
1584 3329 1837 3396 ἐντολάς

260 3430 378 3469 σου
418 3416 771 3471 ἐπεπόθουν.
816 3418 881 3470 Ἠ
915 3417 1105 3488 πρώτη
1140 3418 1341 3486 γνῶσις
1379 3406 1474 3473 διαὶ
1514 3420 1549 3489 ἡ
1592 3421 1650 3471 έν
1689 3419 1832 3489 ἀρχῇ

260 3504 662 3575 παραδιδομένη
699 3506 1013 3559 διδασκαλία
1057 3506 1164 3559 τῶν
1195 3506 1369 3575 λόγων
1399 3525 1492 3559 σου
1524 3509 1716 3575 φωτιεί
1742 3508 1835 3560 καὶ

260 3597 495 3647 συνετιεί
538 3595 784 3665 νηπίους.
834 3595 913 3648 Τὰ
961 3594 1018 3649 δέ
1061 3594 1336 3667 μαρτύριά
1385 3610 1481 3649 σου
1517 3594 1826 3665 θαυμαστὰ,

258 3685 353 3738 καὶ
412 3686 727 3755 ἐκπλήξεως
789 3687 991 3758 πλήρη.
1058 3686 1296 3751 Εἰκότως
1350 3686 1411 3742 τὸ
1480 3686 1683 3759 δοχεῖον
1734 3686 1832 3758 τῆς

256 3774 498 3841 ἐμαυτοῦ
548 3775 725 3846 ψυχῆς
767 3777 1134 3843 ἀναπετάσας,
1188 3780 1282 3831 καὶ
1335 3778 1523 3852 ὥσπερ
1547 3780 1607 3834 τὸ
1660 3781 1832 3853 στόμα

254 3864 507 3930 ἀνοίξας,
557 3865 617 3920 τὸ
670 3869 819 3939 παρὰ
879 3869 973 3921 σοῦ
1027 3868 1167 3922 θεῖον
1216 3868 1438 3941 Πνεῦμα
1490 3870 1832 3945 ῦπεδεχόμην

254 3957 551 4021 πιστεύσας
585 3960 885 4031 ἐπαγγελίᾳ
925 3960 1154 4031 λεγούσῃ
1174 3977 1186 3989 ⁸
1239 3963 1518 4027 Ἀνοιξον
1546 3964 1609 4017 τὸ
1639 3966 1831 4035 στόμα

252 4058 370 4100 σου
396 4046 492 4099 καὶ
535 4048 831 4116 πληρώσω
859 4052 1025 4105 αὐτό.
1057 4052 1165 4106 Καὶ
1198 4052 1339 4107 τοῦτ’
1370 4054 1635 4126 ἔπραττον
1670 4055 1829 4124 ἐφελ-

253 4137 481 4209 κόμενος
514 4142 593 4203 εἰς
618 4139 804 4195 ἐαυτὸν
834 4139 892 4193 τὸ
916 4142 1066 4212 παρὰ
1103 4144 1197 4198 σοῦ
1236 4142 1473 4216 πνεῦμα,
1500 4146 1587 4200 ἵνα
1626 4147 1717 4200 καὶ
1759 4146 1829 4200 τὰ

255 4228 532 4301 μαρτύριά
578 4249 669 4284 σου
699 4233 766 4285 τὰ
789 4231 1074 4303 θαυμαστὰ
1106 4235 1238 4303 γνῶ,
1272 4236 1366 4290 καὶ
1394 4237 1501 4291 τῶν
1530 4234 1701 4305 λόγων
1734 4255 1826 4291 σου

251 4316 342 4374 τὸν
375 4322 651 4391 φωτισμὸν
668 4323 973 4394 κτήσωμαι,
999 4325 1085 4378 διὰ
1123 4324 1216 4378 τοῦ
1252 4324 1345 4380 σοῦ
1378 4327 1684 4399 πνεύματος
1727 4328 1827 4400 τὴν

250 4409 454 4464 τούτων
487 4410 722 4481 εἰληφὼς
754 4412 1073 4484 κατάληψιν.
1111 4415 1180 4468 Τὸ
1219 4418 1413 4483 στόμα
1451 4436 1571 4486 μου
1606 4417 1822 4486 ἧνοιξα

250 4499 347 4551 καὶ
374 4499 631 4551 εἶλκυσα
656 4497 908 4570 πνεῦμα,
936 4498 1024 4555 ὅτι
1048 4502 1153 4568 τὰς
1174 4500 1437 4570 ἐντολάς
1461 4520 1576 4559 σου
1601 4505 1819 4561 ἐπεπό-

249 4592 428 4643 θουιν
474 4588 643 4657 αὐτῆς
670 4588 770 4657 τῆς
806 4589 1111 4654 ὑποθέσεως
1154 4590 1261 4643 τῶν
1303 4592 1530 4645 ἐντολῶν
1569 4594 1818 4646 ἐπισπω-

250 4674 421 4750 μένης
468 4679 562 4732 καὶ
609 4679 972 4749 ἐφελκομένης
1014 4680 1074 4734 τὸ
1106 4680 1345 4752 πνεῦμα.
1389 4683 1524 4753 Περὶ
1563 4683 1657 4735 τοῦ
1693 4682 1819 4736 στόο

1940 3240 2147 3285 tuorum
2176 3229 2518 3292 illuminabit,
2546 3237 2597 3282 et
2623 3228 2940 3283 intellectum
2971 3227 3119 3280 dabit
3150 3228 3404 3297 parvulis.
3432 3227 3506 3282 0s

1938 3338 2107 3378 meum
2137 3322 2340 3390 aperui,
2365 3331 2413 3375 et
2452 3321 2656 3373 attraxi
2690 3320 2954 3387 spiritum,
2981 3318 3105 3387 quia
3135 3317 3390 3370 mandata
3413 3326 3504 3370 tua

1935 3410 2318 3466 desiderabam.
2354 3407 2535 3462 Prima
2585 3407 2845 3478 cognitio,
2878 3415 2933 3462 et
2975 3421 3096 3476 quae
3135 3406 3291 3459 initio
3335 3405 3505 3459 tradia

1936 3510 2026 3557 tur
2052 3500 2304 3556 doctrina
2334 3513 2649 3554 sermonum
2699 3506 2940 3561 tuorum,
2979 3496 3311 3550 illuminahit
3337 3503 3392 3550 et
3422 3497 3505 3549 in.

1936 3590 2210 3647 tellectum
2266 3588 2418 3644 dabit
2464 3587 2707 3658 parvulis
2740 3601 2752 3636 :
2783 3586 3096 3640 testimonia
3124 3599 3253 3639 vero
3284 3593 3377 3638 tua
3403 3584 3506 3637 mi~

1934 3680 2127 3736 rabilia
2161 3686 2290 3735 sunt
2318 3686 2372 3734 et
2403 3677 2691 3747 stupenda.
2726 3674 2921 3731 Merito
2949 3675 3117 3745 igitur
3147 3674 3344 3729 anima:
3372 3690 3503 3730 mea:

1880 3788 1897 3801 ο
1932 3770 2338 3840 receptaculum
2376 3766 2711 3836 expandens,
2749 3777 2803 3821 et
2829 3766 2987 3836 quasi
3016 3779 3081 3819 os
3113 3763 3386 3834 aperiens,
3416 3765 3502 3818 dia

1935 3861 2118 3916 vinum
2153 3876 2183 3913 a
2212 3867 2267 3914 te
2328 3857 2592 3928 Spiritum
2654 3857 2859 3926 accepi.
2887 3854 3116 3910 credens
3152 3856 3504 3924 promissioni

1931 3952 2137 4007 dicenti
2171 3966 2183 4002 :
2217 3951 2374 4018 Aperi
2401 3965 2459 4002 os
2484 3958 2653 4013 tuum,
2704 3956 2754 4001 et
2799 3945 3024 4015 implebo
3057 3944 3269 3999 illud“.
3301 3946 3366 4001 Et
3394 3947 3501 4002 hoc

1932 4041 2035 4098 ieci
2092 4040 2284 4111 spiritu
2311 4046 2407 4092 tuo
2430 4038 2483 4091 in
2508 4052 2593 4091 me
2619 4043 2916 4106 pertracto,
2949 4044 3007 4088 ut
3052 4034 3360 4089 testimonia
3406 4037 3498 4090 illa

1929 4142 2024 4189 tua
2062 4131 2331 4187 mirabilia
2355 4144 2767 4201 cognoscerem,
2805 4136 2859 4183 et
2910 4143 3225 4185 sermonum
3280 4142 3497 4186 tuorum

1932 4224 2354 4280 illastrationem
2404 4220 2729 4284 ohtinerem,
2784 4233 2880 4288 per
2926 4218 3180 4288 spiritum
3222 4230 3373 4275 tuum
3404 4236 3498 4275 eos

1928 4312 2177 4368 rumdem
2230 4312 2564 4366 intellectum
2623 4316 2677 4363 et
2736 4308 2985 4363 notitiam
3076 4308 3372 4379 accipiens.
3423 4307 3496 4364 0s

1930 4420 2100 4458 meum
2126 4401 2306 4472 aperui
2335 4412 2384 4455 et
2424 4400 2626 4453 attraxi
2655 4400 2923 4467 spiritum,
2956 4399 3081 4467 quia
3126 4404 3380 4452 mandata
3404 4406 3496 4449 tua

1853 4474 1896 4528 θ
1925 4494 2289 4550 desiderabam
2325 4507 2344 4544 :
2375 4492 2492 4560 ipsa
2514 4490 2897 4544 mandatorum
2927 4489 3198 4543 sententia
3238 4488 3491 4557 spiritum

1929 4587 2234 4642 attrahente
2264 4590 2316 4638 et
2355 4582 2683 4651 pelliciente.
2729 4579 2805 4633 De
2856 4594 2952 4633 ore
2984 4587 3164 4634 autem
3213 4579 3493 4635 interioris

1925 4676 2165 4733 hominis
2220 4673 2462 4742 loquitur
2497 4691 2511 4725 :
2544 4680 2829 4741 potestque
2876 4685 2940 4725 os
2996 4670 3188 4724 animae
3232 4670 3362 4736 dici,
3411 4672 3493 4726 vis

249 4786 416 4841 ματος
431 4769 524 4822 τοῦ
551 4769 793 4841 κρυπτοῦ
825 4769 1108 4839 ἀνθρώπου
1140 4773 1292 4843 φησι·
1314 4773 1408 4826 καὶ
1432 4772 1651 4825 δύναται
1681 4765 1821 4824 εἶναι

1940 4769 2043 4839 ejus
2073 4765 2391 4823 enuntiandi
2421 4779 2543 4835 qua:
2584 4762 2876 4833 cogitando
2919 4762 2974 4815 in
3032 4769 3213 4817 mente
3266 4761 3491 4817 verbum

244 4859 421 4930 ψυχῆς
449 4858 623 4931 στόμα
642 4862 675 4929 ἠ
702 4859 1013 4930 διαὸοητικὴ
1038 4860 1207 4930 αὐτῆς
1224 4861 1472 4932 δύναμις,
1515 4864 1548 4932 ἢ
1578 4862 1819 4915 διανοου-

1920 4858 2147 4930 profert.
2184 4856 2329 4912 Nihil
2357 4857 2560 4921 diﬂ'ert,
2596 4857 2642 4911 si
2665 4855 2818 4911 dicas
2855 4870 3132 4911 assumere
3161 4870 3488 4920 sermonem,

251 4946 385 5019 μένη
418 4948 677 5021 προφέρει
707 4947 796 5002 τὸν
828 4952 886 5002 ἐν
913 4949 1119 5019 διανοίᾳ
1150 4950 1322 5016 λόγον.
1363 4951 1529 5003 Οὐδὲν
1568 4951 1815 5021 διαφέρει

1940 4958 1975 5005 :t
2003 4948 2276 5004 attrahere
2302 4948 2558 5017 spiritum
2604 4965 2617 4999 :
2654 4946 2889 5011 idipsum
2928 4946 3074 4999 enim
3121 4953 3206 5001 est
3238 4945 3486 5016 spiritus,

245 5039 429 5093 λαϐεῖν
456 5040 613 5107 λόγον
665 5042 758 5094 καὶ
805 5038 1025 5092 ἐλκῦσαι
1084 5038 1297 5107 πνεῦμα
1352 5041 1525 5092 εἰπεῖν
1546 5054 1558 5069 ⁸
1611 5040 1808 5093 ταυτὸν

1940 5042 2061 5113 ιιιοά
2090 5040 2308 5095 divinus
2333 5053 2532 5093 sermo.
2570 5038 2934 5103 Quamobrem
2962 5035 3223 5092 Servator
3262 5038 3329 5093 de
3369 5054 3489 5093 ser-

242 5130 349 5199 γὰρ
384 5129 446 5182 τὺ
503 5130 718 5200 πνεῦμα
762 5130 839 5198 τῷ
874 5129 1001 5200 θείῳ
1045 5129 1207 5199 λόγῳ.
1256 5129 1349 5182 Διὸ
1383 5129 1477 5182 καὶ
1514 5132 1543 5181 ό
1601 5131 1808 5202 Σωτὴρ.

244 5220 372 5290 περὶ
411 5212 471 5272 οὗ
506 5219 656 5288 ἔλεγε
696 5220 853 5289 λόγου
893 5220 985 5273 καὶ
1031 5220 1290 5291 ῥημάτων
1322 5222 1511 5292 εἴρηκε
1536 5237 1548 5251 ο
1594 5223 1667 5276 Τὰ
1702 5221 1815 5291 ῥή-

1922 5146 2083 5186 mone
2110 5139 2164 5187 et
2192 5130 2374 5186 verbis
2399 5129 2474 5183 ait
2507 5145 2520 5182 :
2564 5127 2733 5182 Verba
2756 5143 2872 5198 qua:
2918 5127 3122 5180 locutus
3160 5142 3277 5180 sum
3318 5126 3481 5188 vobis,

1920 5221 2136 5289 spiritus
2159 5228 2208 5272 et
2237 5217 2345 5272 vita
2368 5227 2493 5271 sunt
2514 5216 2578 5268 ¹⁹.

236 5327 395 5377 ματα
440 5309 479 5363 ἆ
508 5311 817 5379 λελάληκα
840 5311 1013 5380 ὑμῖν,
1059 5311 1297 5381 πνεῦμά
1347 5313 1477 5366 ἐστι
1538 5312 1637 5368 καὶ
1700 5309 1811 5382 ἄυή
1843 5314 1996 5368 ἐστι.

322 5394 676 5487 Ἐπίϐλεψον
722 5420 814 5472 ἐπ’
838 5419 942 5489 ἐμὲ
993 5421 1089 5473 καὶ
1123 5420 1383 5487 ἐλέησόν
1405 5439 1501 5491 με,
1549 5422 1699 5476 κατὰ
1744 5423 1810 5476 τὸ

1995 5417 2159 5478 Vens.
2204 5412 2328 5476 I32.
2361 5412 2573 5488 Respice
2622 5416 2677 5473 in
2728 5430 2809 5472 me
2852 5419 2905 5472 et
2950 5414 3196 5470 miserere
3246 5409 3370 5479 mei,
3403 5430 3486 5468 se-

236 5507 416 5579 κρῖμα
456 5506 577 5561 τῶν
612 5508 974 5579 ἀγαπώντων
1004 5509 1072 5564 τὸ
1120 5509 1309 5582 ὄνομα
1344 5527 1496 5583 εσου.
1544 5511 1664 5567 Τῶν
1708 5512 1812 5567 ὑπὸ

1940 5511 2151 5569 :undum
2178 5511 2440 5584 judicium
2494 5510 2825 5582 diligentiam
2865 5524 3053 5565 nomen
3086 5515 3255 5563 tuum.
3306 5504 3384 5560 Ex
3417 5506 3485 5560 iis

317 5724 361 5757 ⁸⁸
397 5722 540 5780 Psal.
577 5737 751 5791 Lxxx,
786 5722 872 5779 II.
950 5724 993 5756 "
1030 5722 1187 5780 Ioan.
1223 5738 1278 5778 vr
1302 5764 1318 5791 ,
1352 5725 1440 5780 64.

557 5816 829 5879 Parnm.
886 5814 1004 5877 Gn.
1083 5816 1329 5898 XXIII.

3088 5804 3164 5871 ιι
