3964 6526
470 339 606 398 1587

1102 326 1369 395 EUSEBll
1405 335 1882 394 CASSARIENSIS
1920 334 2072 394 OPP.
2113 337 2294 396 PARS
2336 337 2426 394 Ill.
2465 371 2535 382 —
2566 338 2969 403 EXEGETICA.
3047 373 3060 384 κ

3573 347 3712 403 1388

465 456 616 526 quia
657 435 1258 526 Deo.'.misericordiam
1296 456 1727 523 "consequuntur,
1766 447 1855 506 alii
1905 467 2012 507 eam

2127 453 2263 507 Θεοῦ
2285 454 2638 526 ἑλεουμένων,
2669 458 2717 510 oi
2761 458 2862 529 μὲν
2899 459 3226 530 τυγχάνωσι
3256 459 3448 515 τούτου
3481 460 3576 514 διὰ
3612 479 3706 530 με-

467 564 563 618 per
591 547 963 618 paenitentiam
991 545 1255 612 obtinent,
1284 544 1394 615 jam
1429 560 1457 598 a
1492 545 1734 614 peccatis
1768 541 2025 599 receden-

464 648 546 693 tes
579 653 750 709 eaque
776 635 1134 703 confitentes;
1181 635 1272 690 alii
1313 636 1702 690 misericordia:
1734 634 1826 690 Dei
1861 651 2024 706 expc-

465 728 753 782 rimentum
792 733 1036 788 sumunt,
1073 725 1217 795 quod
1251 725 1499 796 profectu
1533 726 1678 780 aucti
1731 725 1798 779 ad
1851 727 2026 796 ipsum

463 818 682 874 virtutis
701 818 863 873 linem
897 825 1188 873 maturent.
1236 816 1336 871 Hic
1362 818 1548 888 itaque
1577 825 1834 888 precatur
1861 816 2027 872 mise-

465 913 756 968 ricordiam
782 911 1066 981 consequi,
1093 927 1199 964 non
1231 909 1528 966 secundum
1547 909 1812 979 judicium
1840 919 2029 962 eorum

465 1005 556 1072 qui
593 1001 968 1071 paenitentiam
1015 1009 1213 1068 agunt;
1259 999 1354 1054 scd
1410 1011 1599 1053 eorum
1655 999 1748 1068 qui
1797 997 2028 1068 diligunt

466 1107 663 1146 nomen
720 1089 933 1144 Domini
965 1107 978 1143 :
1009 1104 1133 1142 nam
1185 1103 1417 1157 persona
1467 1104 1587 1158 qua:
1642 1087 1886 1157 loquitur
1943 1091 2028 1140 est

463 1193 674 1244 eorum,
709 1180 802 1250 qui
826 1175 1055 1232 multum
1098 1178 1154 1232 in
1208 1179 1408 1233 virtute
1444 1187 1498 1233 et
1534 1177 1781 1232 veritatis
1831 1174 2025 1230 notitia

463 1269 829 1340 profecerunt.
882 1267 1250 1334 Quamobrem
1307 1268 1643 1322 confidenter
1675 1265 1914 1336 postulat
1969 1264 2022 1317 in

419 1363 422 1367 ’
460 1367 813 1431 conspectum
855 1358 948 1412 Dei
979 1373 1038 1413 se
1087 1359 1291 1414 venire.
1323 1357 1573 1428 Respice,
1604 1357 1800 1427 inquit,
1832 1357 1885 1410 in
1915 1370 2019 1417 me.

2132 543 2368 607 τανοίας,
2396 545 2520 616 ἄρτι
2561 547 2841 617 ἁμαρτιῶν
2880 549 3284 622 ἀναχωροῦντες
3321 552 3414 604 καὶ
3458 551 3706 621 ἐξομολοι

2133 635 2384 705 γούμενοι
2403 653 2416 666 ·
2451 639 2499 689 oi
2530 637 2588 690 δὲ
2628 643 2824 710 πεῖραν
2851 640 2999 695 ἐλέου
3027 641 3166 696 Θεοῦ
3189 643 3586 714 λαμϐάνουσιν,
3618 644 3711 695 ἐπὶ

2135 725 2212 795 τῷ
2262 726 2692 797 προκόπτοντας
2716 728 2947 786 σπεῦσαι
2981 735 3074 788 ἐπὶ
3124 735 3184 788 τὸ
3224 735 3396 799 τέλος,
3423 736 3562 788 αὐτὸ
3611 738 3712 806 τῆς

2134 812 2352 884 ἀρετῆς.
2402 813 2634 886 Εὔχεται
2675 813 2768 871 οῦν
2815 815 2969 884 οὗτος
3015 822 3300 894 ἐλεηθῆναι
3348 823 3411 876 ού
3459 825 3604 878 κατά
3647 826 3712 877 τὸ

2130 903 2304 974 κρῖμα
2329 904 2435 959 τῶν
2467 911 2889 977 μετανοούντων,
2917 910 3051 965 ἀλλά
3073 913 3182 966 τῶν
3210 914 3553 982 ἀγαπώντων
3589 916 3709 968 δνο-

2131 1011 2206 1064 μα
2253 997 2459 1067 Κυρίου
2488 1018 2497 1027 ·
2532 985 2641 1055 τῶν
2682 985 2814 1072 γὰρ’
2840 1005 2960 1057 κατ’
2993 1004 3190 1076 ἀρετὴν
3239 1007 3332 1058 καὶ
3364 1006 3568 1073 γνῶσιν
3605 1007 3708 1075 τῆς

2130 1085 2387 1156 ἀληθείας
2433 1089 2565 1142 πολὺ
2613 1092 2998 1161 προκοψάντων
3047 1094 3110 1146 τὸ
3161 1095 3318 1162 λέγον
3375 1096 3702 1166 πρόσωπον·

2129 1171 2209 1224 διὸ
2237 1175 2330 1228 καὶ
2356 1178 2787 1249 παῤῥησιάζεται
2817 1180 3048 1251 ὀφθῆναι
3073 1183 3153 1254 τῷ
3182 1183 3320 1254 Θεῷ.
3354 1184 3704 1253 Ἐπίὸλεψονι

2131 1261 2238 1333 γάρ
2267 1281 2431 1336 φησιν
2455 1309 2470 1332 ,
2497 1270 2582 1322 ἐπ’
2611 1271 2709 1341 ἐμὲ
2723 1271 2816 1324 καὶ
2842 1272 2898 1337 ἐξ
2924 1273 3167 1344 ἀνάγκης
3185 1274 3370 1342 ἕψεται
3395 1274 3456 1328 τὸ
3478 1274 3706 1345 ἐλεηθῆ-

2134 1352 2221 1404 ναί
2263 1371 2349 1424 με.

459 1460 510 1508 et
567 1453 695 1506 hinc
754 1451 1066 1506 necessario
1133 1458 1391 1521 sequetur
1458 1467 1546 1506 me
1587 1449 2019 1508 misericordiam
2056 1447 2342 1515 consequi.

533 1559 697 1617 Vens.
731 1562 852 1616 15⁵5.
883 1559 1106 1615 Crassus
1147 1578 1288 1616 meos
1337 1560 1506 1631 dirige
1562 1561 1849 1615 secundum
1909 1561 2020 1614 elo-

454 1654 634 1723 quium
660 1662 827 1717 tuum,
862 1662 912 1706 et
939 1669 1042 1706 non
1069 1651 1367 1706 dominetur
1389 1651 1516 1704 mihi
1545 1653 1712 1705 omnis
1735 1651 2019 1720 injustitia.

2204 1560 2285 1614 Τὰ
2325 1561 2652 1630 διαδήματα
2699 1581 2819 1632 μου
2861 1568 3231 1623 κατεύθυνσν
3277 1570 3429 1623 κατὰ
3469 1572 3540 1626 τὸ
3599 1577 3709 1630 ,ως

2129 1650 2262 1718 γιόν
2320 1665 2437 1705 σου
2456 1691 2470 1716 ,
2523 1651 2618 1704 καὶ
2663 1652 2751 1722 μὴ
2807 1658 3324 1724 κατακυριευσάτω
3364 1678 3485 1731 μου
3533 1663 3707 1720 πᾶσα

459 1743 767 1798 Secundum
790 1742 1066 1810 eloquium
1103 1741 1192 1796 Dei
1228 1741 1401 1810 dirigc
1443 1755 1666 1811 gressus
1722 1753 1898 1805 meos,
1931 1740 2012 1810 qui

2127 1740 2364 1810 ἀνομία.
2397 1742 2553 1797 Κατά
2594 1743 2656 1796 τὺ
2695 1744 2873 1813 λόγιον
2905 1747 2997 1801 τοῦ
3043 1747 3176 1802 Θεοῦ
3231 1753 3559 1808 κατευθύνει
3591 1758 3606 1776 ⁶
3631 1757 3706 1810 ea

453 1847 520 1886 ex
555 1831 759 1884 malitia
787 1830 1164 1899 etignorantia
1199 1829 1268 1884 ad
1299 1831 1555 1883 virtutem
1585 1838 1638 1884 et
1655 1830 2021 1900 cognitionem

453 1922 699 1978 veritatis
722 1920 1061 1992 proﬁciscor.
1095 1919 1229 1975 Nam
1265 1929 1450 1976 rectus
1492 1935 1673 1976 sermo
1700 1919 1937 1976 dircctor
1967 1930 2022 1974 et

453 2013 561 2068 dux
591 2011 776 2067 talium
808 2027 1090 2083 gressuum
1113 2019 1214 2068 est.

524 2207 690 2264 Vens.
758 2208 879 2265 154.
919 2207 1128 2264 Redime
1162 2222 1241 2261 me
1272 2224 1304 2261 a
1334 2208 1601 2261 calumnia
1650 2206 1940 2269 hominum,
1970 2214 2020 2259 et

451 2301 750 2355 custodiam
776 2301 1028 2354 mandata
1054 2310 1168 2356 tua.
1197 2300 1255 2355 In
1293 2299 1599 2356 mercedem
1631 2297 2022 2354 misericordiae

449 2407 557 2460 qua
598 2391 860 2447 liberatus
905 2398 988 2448 est
1031 2406 1062 2444 a
1101 2391 1390 2446 calumniis
1431 2389 1732 2452 hominum,
1773 2403 1834 2443 se
1866 2402 2022 2441 man-

449 2481 577 2532 data
626 2479 843 2534 Domini
895 2481 1314 2536 observaturum
1379 2480 1667 2550 pollicetur
1709 2498 1724 2532 :
1772 2480 1855 2533 vel
1907 2494 2017 2533 non

451 2576 564 2623 tam
593 2569 922 2636 mercedem,
967 2584 1130 2640 quam
1191 2568 1493 2640 gratiarum
1547 2567 1813 2622 actionem
1878 2583 2019 2638 prae-

454 2657 574 2720 beo,
607 2666 668 2711 ut
699 2656 937 2712 redimar
965 2672 995 2710 a
1028 2657 1297 2711 calumnia
1357 2655 1659 2711 hominum.
1704 2653 1858 2711 lianc
1887 2671 2018 2711 vero

451 2746 681 2814 gratiam
720 2745 1081 2816 impetrarunt
1109 2743 1310 2814 Josepb
1345 2752 1398 2799 et
1443 2742 1714 2800 Susanna.
1748 2744 2015 2800 Caeterum

451 2832 658 2901 tropice
691 2832 939 2888 homines
984 2832 1090 2887 dici
1126 2832 1341 2901 possint
1377 2832 1628 2887 diabolus
1655 2838 1710 2888 et
1759 2834 2016 2889 adversa-

451 2930 545 2982 riae
577 2928 697 2997 ejus
749 2927 911 2982 sociae
961 2934 1278 2997 potestates,
1310 2941 1339 2979 a
1372 2941 1602 2996 quarum
1658 2927 2013 2998 schpltantia

450 3015 715 3073 redimere
735 3017 905 3072 solius
930 3015 1022 3072 Dei
1051 3028 1153 3073 est.

2125 1829 2434 1902 διαδήματά
2465 1841 2587 1903 μου,
2637 1835 2702 1887 ὲκ
2747 1836 2944 1899 κακίας
2984 1839 3076 1891 καὶ
3107 1839 3330 1908 ἀγνοίας
3369 1845 3452 1907 εις
3497 1846 3706 1916 ἀρετὴν

2125 1921 2218 1974 καὶ
2267 1923 2468 1990 γνῶσιν
2515 1924 2615 1994 τῆς
2665 1926 2918 1996 ἀληθείας
2965 1929 3348 1996 διαϐαίνοντος.
3415 1934 3707 2006 Εύθυντὴρ

2124 2008 2230 2078 γάρ
2263 2011 2357 2063 καὶ
2409 2011 2630 2083 ἡγεμὼν
2661 2013 2768 2066 τῶν
2808 2015 3060 2070 τοιούτων
3100 2018 3452 2091 διαδημάτων
3474 2024 3504 2074 ό
3541 2025 3706 2094 ὀρθὸς

2123 2098 2296 2168 λόγος.
2460 2119 2468 2128 λ

2191 2193 2505 2259 Λύτρωσαί
2533 2211 2612 2264 με
2645 2195 2761 2249 ἀπὸ
2787 2200 3196 2267 συκοφαντίας
3224 2203 3571 2272 ἀνθρώπων,
3600 2209 3704 2262 και

2120 2284 2370 2352 φυλάξω
2398 2285 2506 2352 τὰς
2533 2287 2784 2353 ἐντολάς
2815 2305 2951 2343 σου.
2985 2292 3189 2345 Μισθὸν
3223 2293 3316 2346 τοῦ
3355 2296 3511 2349 ἐλέου
3548 2297 3705 2352 λελυ-

2119 2374 2361 2444 τρῶσθαι
2423 2377 2532 2431 ἀπὸ
2583 2380 2944 2446 συκοφαντίας
2997 2382 3296 2453 ἀνθρώπων
3352 2387 3699 2458 ὑπισχνεῖται

2119 2461 2312 2518 δώσειν
2349 2463 2446 2534 τὴν
2479 2465 2588 2517 τῶν
2632 2465 2862 2521 ἐντολῶν
2912 2469 3117 2540 Κυρίου
3156 2473 3406 2545 φυλακήν
3432 2494 3446 2506 ’
3480 2477 3518 2546 ἢ
3577 2479 3700 2532 οὐδὲ

2123 2551 2334 2620 μισθὸν,
2353 2553 2467 2606 ἀλλ’
2491 2555 2840 2626 εὐχαριστίαν
2883 2559 2962 2622 είς
2993 2559 3054 2611 τὸ
3084 2560 3423 2634 λυτρωθῆναί
3466 2583 3541 2635 με
3586 2568 3700 2622 ἀπὸ

2121 2644 2482 2709 συκοφαντίας
2521 2643 2843 2716 ἀνθρώπων.
2896 2647 3006 2700 Καὶ
3029 2652 3388 2721 τετυχήκασιν
3415 2654 3703 2727 αἰσθητῶς

2115 2731 2215 2802 τῆς
2244 2733 2509 2804 αίτήσεως
2551 2735 2744 2807 Ἰωσὴφ
2787 2739 2879 2790 καὶ
2907 2739 3201 2795 Σουσάννα.
3245 2744 3489 2814 Ῥηθεῖεν
3516 2747 3577 2800 δὲ
3605 2750 3703 2802 ἄν-

2119 2819 2323 2892 θρωποι
2350 2824 2622 2893 τροπικῶς
2666 2828 2694 2878 ό
2722 2825 2968 2891 διάϐολος
3017 2830 3111 2884 καὶ
3154 2834 3212 2884 αἱ
3253 2835 3372 2888 κατ’
3408 2838 3573 2890 αὑτὸν
3600 2857 3701 2892 πο-

2115 2911 2277 2980 νηραὶ
2318 2911 2592 2982 δυνάμεις,
2629 2915 2720 2984 ἀφ’
2749 2908 2824 2970 ὧν
2846 2919 2945 2988 τῆς
2986 2925 3348 2988 συκοφαντίας
3387 2928 3553 2996 μόνου
3599 2932 3699 2984 τοῦ

2115 2999 2250 3052 Θεοῦ
2279 3000 2620 3071 λυτροῦσθαι.

521 3107 684 3161 Vens.
718 3107 839 3168 155,
871 3107 991 3162 156.
1025 3106 1244 3162 Faciem
1265 3118 1412 3161 tuam
1442 3107 1685 3162 illumina
1717 3125 1874 3180 super
1904 3127 2012 3166 ser-

2191 3093 2260 3146 Τὸ
2310 3095 2633 3160 πρόσωπόν
2679 3112 2795 3154 σου
2846 3101 3143 3172 ἐπίφανον
3172 3108 3269 3161 ἐπὶ
3314 3110 3420 3162 τέν
3464 3110 3700 3167 δοῦλόν

447 3213 565 3252 vum
611 3206 776 3260 tuum,
809 3207 859 3252 et
899 3203 1026 3252 doce
1053 3215 1132 3252 me
1167 3200 1576 3268 justiﬁcationes
1623 3209 1761 3254 tuas.
1801 3201 2010 3257 Secun-

446 3291 576 3346 dum
629 3290 932 3347 Salvatoris
984 3293 1253 3347 illustrem
1306 3279 1600 3349 adventum
1650 3293 1836 3349 videre
1891 3309 2014 3364 per-

420 3390 662 3452 \optans,
722 3398 822 3452 pro
880 3397 946 3436 eo
988 3381 1136 3437 Patri
1187 3383 1457 3453 supplicat
1494 3385 1683 3442 dicens
1727 3403 1740 3440 :
1794 3385 2012 3442 Faciem

447 3484 612 3537 tuam,
649 3472 894 3537 Domine,
925 3472 1169 3526 illumina
1207 3487 1226 3526 :
1259 3489 1422 3544 quam
1476 3477 1568 3544 qui
1605 3477 1756 3541 vidit,
1787 3479 1920 3532 vidit
1957 3487 2013 3532 et

443 3564 682 3618 Patrem.
732 3562 865 3618 Nam
919 3564 1037 3634 ipse
1082 3564 1151 3619 de
1200 3565 1384 3635 seipso
1439 3566 1515 3620 ait
1550 3566 1699 3633 τρυε
1740 3569 1871 3622 vidit
1908 3586 2009 3633 me,

2115 3196 2251 3246 σου,
2278 3185 2374 3238 καί
2395 3185 2644 3253 δίδαξον
2668 3207 2745 3259 με
2773 3191 2846 3245 τὰ
2872 3191 3228 3265 δικαιώματά
3257 3214 3394 3254 σου.
3436 3203 3548 3272 Τὴν
3581 3205 3696 3257 δευ-

2113 3273 2276 3368 τέραν
2307 3274 2400 3368 τοῦ
2429 3279 2676 3368 ξωτῆρος
2709 3282 3002 3354 ὲπίλαμψιν
3031 3288 3157 3342 ἰδεῖν
3191 3291 3371 3345 ποθῶν
3389 3293 3535 3358 ἀξιοί
3567 3299 3698 3368 περὶ

2113 3365 2301 3455 αὐτῆς,
2329 3365 2406 3436 τῷ
2424 3367 2599 3440 Πατρὶ
2627 3372 2870 3440 φάσκων,
2891 3377 2962 3428 Τὸ
2982 3380 3305 3445 πρόσωπόν
3328 3399 3468 3446 σου,
3488 3365 3691 3455 Κύριε,

2111 3453 2407 3522 ἐπίφανον
2432 3473 2445 3486 ·
2475 3458 2614 3528 ὅπερ
2654 3459 2775 3514 ίδών
2813 3479 2896 3526 τις
2926 3464 3134 3536 ἑώρακε
3181 3471 3392 3523 καὶτὸν
3439 3453 3688 3544 Πατέρα.

2110 3543 2281 3607 Αὐτὸς
2325 3544 2432 3616 γὰρ
2469 3547 2596 3618 περὶ
2622 3549 2810 3602 ἑαυτοῦ
2839 3550 3014 3620 λέγει’
3045 3555 3098 3606 Ὁ
3129 3556 3396 3624 ἑωρακὼς
3424 3561 3554 3629 ἐμὲ,

445 3654 576 3708 vidit
635 3664 686 3709 et
743 3633 1047 3711 Patrem”.
1100 3633 1299 3724 Exitus
1358 3673 1617 3727 aquarum
1679 3659 2011 3715 deduxerunt

2121 3649 2251 3686 βακε
2278 3633 2385 3687 τὸν
2406 3639 2655 3706 Πατέρα.
2683 3641 2995 3709 Διεξόδους
3015 3643 3246 3699 ὑδάτων
3259 3650 3606 3706 κατέδυσαν
3631 3658 3691 3706 ei

440 3744 582 3798 oculi
623 3744 743 3809 mei,
767 3745 891 3813 quia
919 3761 1021 3799 non
1045 3745 1404 3801 custOdierunt
1437 3748 1596 3819 legem
1638 3758 1806 3804 tuam.

509 3833 674 3890 Vens.
707 3834 965 3889 157-145.
1012 3834 1202 3890 Justus
1243 3853 1318 3900 es,
1372 3837 1617 3904 Domine,
1648 3849 1698 3894 et
1746 3851 1890 3895 recta
1921 3842 2010 3910 ju-

439 3925 584 3978 dicia
610 3934 722 3979 tua.
760 3923 1036 3979 Mandasti
1061 3925 1333 3994 justitiam
1365 3930 1661 3982 testimonia
1703 3938 1816 3994 tua,
1848 3940 1897 3985 et
1926 3948 2008 3985 ve-

441 4012 650 4064 ritatem
678 4021 822 4066 tuam
873 4013 1044 4068 ualde.
1101 4013 1386 4069 Tabescere
1419 4032 1498 4069 me
1533 4016 1650 4084 fecit
1680 4018 1822 4072 zelus
1859 4028 2004 4086 tuus,

437 4100 565 4168 quia
590 4099 742 4153 obliti
773 4110 895 4154 sunt
931 4103 1084 4156 verba
1119 4112 1212 4157 tua
1238 4104 1436 4158 inimici
1461 4105 1580 4159 mei.
1621 4104 1852 4175 Ignitum
1892 4108 2003 4164 elo-

435 4191 616 4256 quium
644 4199 790 4242 tuum
826 4192 1166 4257 vehementer,
1199 4203 1247 4248 et
1268 4209 1446 4247 servus
1480 4204 1604 4249 tuus
1631 4195 1816 4252 dilexit
1845 4198 2000 4256 illud.

434 4278 872 4336 Adulescentulus
896 4299 1014 4336 sum
1042 4300 1134 4354 ego
1160 4295 1210 4337 et
1233 4295 1576 4352 contemptus,
1590 4286 2001 4356 iustiﬁcationes

2110 3723 2405 3793 ὀφθαλμοί
2419 3744 2558 3796 μου,
2583 3730 2716 3784 ἐπεὶ
2732 3734 2842 3786 οὐκ
2859 3734 3172 3802 ἐφύλαξαν
3187 3736 3294 3789 τὸν
3309 3743 3501 3808 νόμον
3543 3760 3685 3798 σου.

2178 3813 2411 3881 Δίκαιος
2447 3812 2519 3881 εἴ,
2554 3821 2752 3887 Κύριε,
2788 3821 2886 3874 καὶ
2930 3824 3123 3889 εὐθεῖς
3165 3828 3224 3901 αι
3260 3828 3494 3894 κρίσεις
3543 3840 3692 3886 σου.’

2121 3902 2428 3959 Ἑνετείλω
2473 3906 2871 3978 δικαιοσύνην
2914 3913 2986 3966 τὰ
3027 3917 3320 3984 μαρτύριά
3372 3935 3530 3986 σου,
3583 3923 3686 3976 και

2104 3992 2394 4062 ἀλήθειαν
2435 3998 2690 4066 σφόδρα.
2735 4000 3007 4068 Ἐξέτηξέ
3029 4020 3105 4071 με
3130 4007 3162 4057 ό
3191 4003 3367 4072 ζῆλος
3409 4025 3552 4074 σου,
3592 4013 3686 4065 ὅτι

2103 4083 2468 4142 ἐπελάθοντο
2501 4086 2619 4141 τῶν
2644 4091 2841 4159 λόγων
2863 4107 2979 4146 σου
3007 4097 3059 4147 οι
3087 4095 3290 4164 ἐχθροί
3311 4117 3454 4167 μου.
3493 4104 3685 4156 Heau-

2096 4175 2369 4243 ρωμένον
2409 4179 2476 4231 τὸ
2519 4180 2728 4249 λόγιόν
2769 4196 2886 4237 σου
2928 4185 3183 4253 σφόδρα,
3228 4189 3324 4242 καί
3373 4194 3409 4244 ό
3456 4192 3683 4260 δοῦλός

2103 4280 2222 4319 σου
2256 4267 2572 4336 ἠγάπησεν
2592 4273 2759 4328 αὐτό.
2785 4273 3076 4343 Νεώτερος
3103 4277 3217 4346 ἐγώ
3238 4282 3353 4349 εἰμι
3387 4283 3485 4335 καὶ
3517 4284 3680 4348 ἐξου-

438 4377 557 4423 tua:
576 4385 680 4424 non
710 4387 828 4425 sum
867 4370 1081 4427 oblitus.
1115 4371 1340 4427 Iustitia
1379 4382 1473 4429 tua
1503 4355 1735 4443 justitiai
1759 4379 1816 4432 in
1847 4389 2003 4434 ceter-

2121 4355 2452 4445 ἳενωμένος,
2469 4363 2540 4417 τὰ
2558 4363 2914 4435 δικαιώματά
2928 4383 3044 4422 σου
3058 4371 3168 4423 οὐκ
3183 4370 3582 4443 ἐπελαθόμην.
3612 4379 3679 4430 Ἡ

436 4475 584 4525 num,
613 4469 664 4515 et
702 4461 786 4516 lea;
817 4472 909 4518 tua
941 4465 1152 4520 veritas.
1184 4463 1576 4520 Tribulationee
1617 4477 1671 4521 et
1713 4471 2000 4524 necessita-

436 4561 510 4607 tes
561 4554 868 4611 invenerunt
918 4574 1000 4612 me
1029 4557 1328 4613 :mandata
1376 4567 1470 4612 tua
1528 4559 1802 4619 meditatio
1863 4579 2001 4618 mea.

437 4643 797 4716 Symmachus
821 4649 981 4704 aliam
1003 4649 1157 4706 effert
1188 4651 1512 4706 sententiam
1537 4649 1726 4708 dicens
1761 4671 1776 4709 :
1812 4653 2006 4708 Tribuo

434 4741 655 4798 lationes
693 4751 744 4799 et
790 4747 1091 4816 afﬂictione:
1137 4748 1637 4816 comprehenderunt
1680 4769 1760 4808 me
1792 4769 1810 4808 :
1851 4769 2005 4808 nian-

434 4831 564 4886 data
586 4849 703 4888 vero
727 4835 1056 4890 delectabant
1085 4854 1166 4892 me
1199 4851 1218 4890 :
1244 4853 1308 4894 ac
1363 4840 1408 4896 si
1447 4843 1627 4898 omnis
1671 4837 1764 4900 Dei
1821 4846 2004 4901 cultor

433 4921 671 4991 graviter
701 4931 754 4978 et
775 4939 917 4994 aegre
958 4924 1094 4980 ferat
1124 4926 1287 4997 hujus
1319 4929 1440 4984 vitae
1470 4933 1708 5000 negotia,
1739 4941 1902 5005 atque
1933 4951 1999 4992 ex

434 5013 716 5068 hominum
739 5015 949 5069 malitia
983 5025 1226 5081 vexetur,
1261 5019 1550 5092 solamque
1576 5025 1772 5080 habeat
1795 5040 2000 5083 conso-

432 5106 711 5168 lationem.
741 5109 1134 5164 recreationem
1160 5119 1230 5166 et
1275 5113 1690 5172 delectationem
1726 5117 1782 5172 in
1828 5132 1984 5174 man-

430 5195 681 5252 datorum
713 5197 803 5253 Dei
833 5199 1201 5254 meditatione.

502 5329 665 5386 Vens.
700 5332 818 5386 144.
877 5331 1101 5388 Iustitia
1134 5336 1430 5389 testimonia
1472 5345 1562 5390 tua
1613 5338 1666 5390 in
1715 5347 1995 5402 aeternum,

429 5420 747 5474 intellectum
775 5420 843 5474 da
867 5423 1015 5489 mihi,
1063 5433 1112 5477 et
1146 5424 1332 5479 vivam.
1373 5422 1498 5508 llaec,
1536 5425 1772 5494 justitia,
1826 5443 1992 5498 quam

499 5557 544 5588 "
579 5555 738 5612 Joan.
779 5574 890 5623 x1v,
925 5560 983 5616 9.

461 5664 475 5694 ⁸
506 5658 526 5680 ⁶
555 5654 821 5730 interpres
858 5659 982 5730 legit
1013 5660 1320 5734 κατεύθυνε,
1365 5662 1520 5717 Εοιτ.
1564 5661 1801 5719 ΡΑτιιοι..

2105 4447 2459 4522 δικαιοσύνη
2494 4469 2610 4509 σου
2647 4451 2999 4526 δικαιοσύνη
3033 4463 3120 4526 εἰς
3149 4461 3257 4516 τὸν
3284 4462 3491 4527 αἰῶνα,
3518 4466 3616 4519 καὶ
3647 4469 3680 4520 d

2103 4541 2286 4610 νόμος
2304 4557 2420 4597 σου
2434 4545 2701 4612 ἀλήθεια.
2722 4549 2966 4616 autem
2997 4550 3095 4604 καὶ
3135 4552 3390 4623 ἀνάγκαι
3411 4555 3680 4621 εὖροσάν

2099 4647 2175 4696 με
2193 4647 2205 4662 ·
2226 4633 2541 4688 altier
2556 4647 2671 4689 σου
2685 4636 2902 4706 μελέτη
2913 4656 3033 4707 μου
3056 4679 3070 4693 .
3087 4641 3143 4695 Ὀ
3165 4642 3457 4713 Σύμμαχος
3484 4646 3679 4714 ἑτέραν

2103 4720 2412 4792 παρέστησε
2457 4722 2692 4778 διάνοιαν
2744 4726 2943 4793 εἰπὼν,
2982 4729 3226 4798 Oilei-etc
3266 4732 3364 4784 καὶ
3414 4733 3676 4801 ἐνκακή-

2103 4823 2234 4876 σεις
2261 4811 2592 4868 κατέλαϐον
2610 4832 2688 4884 με
2707 4833 2720 4847 ·
2746 4819 2807 4870 al
2827 4816 2894 4870 δὲ
2920 4819 3156 4874 ἐντολαὶ
3188 4820 3443 4888 ἔτερπόν
3469 4840 3544 4890 με
3563 4841 3576 4852 ·
3599 4824 3677 4887 ὡς

2103 4897 2302 4962 παντὸς
2339 4897 2618 4966 θεοσεϐοῦς
2666 4903 3003 4976 βαρουμένου
3046 4909 3144 4978 μὲν
3173 4911 3265 4963 καὶ
3296 4910 3678 4981 δυσχεραίνον-

2099 5004 2192 5051 τος
2221 4989 2313 5043 ὲπὶ
2342 4993 2454 5054 τοῖς
2483 4993 2572 5046 τοῦ
2620 4993 2735 5063 βίου
2783 4997 3122 5068 πράγμασιν,
3163 5001 3573 5067 ἀποκακοῦντός
3614 5023 3674 5057 τε

2099 5079 2164 5131 ὲκ
2188 5080 2288 5151 τῆς
2316 5081 2422 5136 τῶν
2448 5083 2746 5150 ἀνθρώπων
2773 5089 2988 5152 κακίας,
3033 5091 3198 5161 μόνην
3229 5091 3285 5144 δὲ
3317 5093 3534 5162 ἔχοντος
3565 5113 3672 5148 πα-

2101 5171 2373 5240 ραμυθίαν
2395 5175 2489 5226 καὶ
2512 5175 2810 5249 ἀνάκτησιν
2838 5181 2928 5232 καὶ
2955 5181 3145 5251 τέρψιν
3170 5181 3266 5254 τὴν
3293 5183 3528 5254 μελέτην
3562 5186 3673 5237 τῶν

2099 5260 2326 5317 ἐντολῶν
2353 5265 2447 5317 τοῦ
2489 5265 2646 5320 Θεοῦ.

2168 5354 2521 5424 Δικαιοσύνη
2575 5357 2648 5410 τὰ
2690 5359 2983 5428 μαρτύριά
3031 5376 3147 5415 σου
3195 5364 3281 5428 εὶς
3328 5363 3435 5415 τὸν
3459 5363 3666 5427 αἰῶνα,

2097 5443 2423 5500 συνέτισόν
2440 5462 2538 5517 με,
2569 5447 2668 5502 καί
2695 5448 2963 5520 ζήσομαι.
2993 5450 3141 5522 Αὕτη
3173 5452 3205 5524 ἡ
3231 5453 3565 5525 δικαιοσύνη,
3601 5460 3667 5526 ἣν
