3964 6540
304 338 445 396 1589

1439 334 1942 393 COMMENTARIA
1983 334 2050 388 ΙΝ
2088 333 2418 391 PSALMOS.

3420 336 3561 393 1³590

276 453 580 523 ⁴ἀσκοῦμεν
620 450 713 505 ἐπὶ
758 449 852 503 τοῦ
887 450 1169 522 παρόντος,
1206 451 1305 505 οὐκ
1341 451 1649 506 ἀποδίδοται
1676 456 1806 525 ἡμῖν
1833 454 1872 507 ἔγ

1994 454 2047 507 in
2091 451 2343 523 praesenti
2381 466 2721 516 exercemus,
2759 464 2867 504 non
2922 450 3081 505 datur
3113 450 3270 505 nobis
3314 450 3378 502 ad
3427 464 3561 519 pau-

300 543 507 609 ὀλίγαις
549 540 803 612 ἡμέραις,
834 540 947 594 ἀλλ’
971 543 1050 603 εἰς
1078 540 1166 593 τὸν
1194 540 1383 594 αἰῶνα.
1404 540 1492 592 Ἐν
1533 541 1739 604 τούτοις
1774 542 1879 594 πᾶ-

302 650 387 686 σιν
422 635 559 686 αἰτεῖ
577 635 606 686 δ
630 633 918 702 Προφήτης
950 631 1058 684 ἀπὸ
1081 628 1174 685 τοῦ
1204 630 1340 683 Θεοῦ
1370 631 1605 691 σύνεσιν,
1634 633 1694 685 τὸ
1717 633 1882 701 ἀναγ-

302 724 587 777 καιότατον
608 722 716 776 τῶν
745 722 838 775 τοῦ
861 719 994 775 Θεοῦ
1023 720 1379 792 δωρημάτων,
1407 721 1502 774 καὶ
1520 722 1665 790 λέγει
1684 738 1696 750 ·
1728 725 1878 776 Συν-

298 814 506 867 ἐτισόν
522 830 621 881 με,
646 815 744 866 ἶνα
769 811 924 878 ζήσω
942 829 955 843 ⁸
990 813 1075 864 ἐπ’
1105 811 1318 880 εκείνην
1340 811 1446 880 γὰρ
1474 811 1571 880 τὴν
1604 811 1880 882 μακαρίαν

300 904 445 973 ζωὴν
476 904 700 975 ἀνόητος
727 904 827 956 οὐκ
858 902 1075 974 ἔρχεται
1105 902 1137 972 ἢ
1171 901 1446 964 ἀσύνετος.
1474 901 1609 955 ἀλλά
1630 901 1709 955 δεῖ
1728 904 1879 973 αἰτῆ-

300 1012 393 1047 σαι
426 995 578 1065 παρὰ
604 994 699 1048 τοῦ
724 994 857 1047 Θεοῦ
885 993 1119 1056 σύνεσιν,
1142 993 1235 1045 τοῦ
1264 993 1494 1055 διδόντος
1525 994 1659 1045 πᾶσι
1681 996 1792 1057 τοῖς
1818 994 1879 1061 ἐξ

297 1086 427 1156 ὅλης
449 1086 627 1155 ψυχῆς
649 1084 889 1139 αἰτοῦσιν
915 1084 1098 1147 αὐτὸν,
1126 1083 1212 1136 ἵνα
1242 1083 1498 1147 λαϐόντες
1532 1083 1767 1149 σύνεσιν,
1786 1085 1880 1138 δυ-

299 1177 554 1247 νηθῶμεν
590 1178 792 1230 εἰπεῖν·
832 1175 1163 1229 Συνέτισόν
1196 1191 1296 1243 με,
1329 1174 1431 1228 καί
1464 1173 1733 1244 ζήσομαι.

380 1263 705 1332 Ἐκέκραεα
734 1264 803 1318 ἐν
823 1263 936 1331 ὅλη
959 1262 1173 1331 καρδίᾳ
1192 1279 1332 1331 μου,
1359 1261 1711 1317 ἐπάκουσον
1731 1278 1876 1331 μου,

297 1355 495 1422 Κύριε,
534 1355 605 1407 τὰ
645 1352 1005 1422 δικαιώματὰ
1054 1367 1170 1408 σου
1218 1350 1879 1420 ἐκζητήσω.Ἐκέκραξά

298 1460 419 1508 σοι,
464 1443 673 1499 σῶσόν
707 1460 798 1511 ne,
842 1444 943 1497 καί
994 1442 1245 1513 φυλάξω
1295 1443 1369 1498 τὰ
1404 1441 1699 1513 μαρτύριά
1737 1459 1875 1498 σου.

296 1536 655 1604 Προέφθασα
676 1536 861 1603 dupla.
896 1536 993 1589 καὶ
1019 1534 1335 1603 ἐκέκραξα,
1362 1535 1450 1599 είς
1484 1532 1625 1598 τοὺς
1655 1534 1877 1603 λόγους

296 1612 414 1680 σου
436 1627 765 1694 ἐπήλπισα.
784 1628 1178 1695 Προέφθασαν
1198 1630 1251 1681 ol
1274 1627 1569 1695 ὀφθαλμοί
1590 1609 1709 1695 μου
1731 1626 1879 1695 πρὸς

297 1719 531 1786 ὄρθρον,
557 1720 662 1772 τοῦ
680 1716 942 1787 μελετᾶν
966 1719 1037 1771 τὰ
1062 1719 1237 1788 λόγια
1250 1735 1387 1773 σου.
1403 1718 1461 1770 Ὀ
1480 1720 1536 1769 ὲν
1554 1716 1727 1789 ὰωρίᾳ
1746 1733 1879 1787 προ-

1989 561 2086 599 cos
2119 546 2257 610 dies,
2282 544 2376 599 sed
2400 544 2455 599 in
2482 551 2768 598 aeternum.
2796 540 2963 595 ln'his
2999 541 3254 595 omnibus
3289 540 3558 609 Propheta

1990 636 2333 707 prudentiam
2367 649 2397 687 ιι
2447 632 2554 687 Deo
2588 634 2814 703 expetit,
2864 633 3007 702 quod
3049 641 3134 687 est
3168 633 3409 686 omnium
3466 631 3557 686 Dei

1988 727 2256 779 donorum
2280 724 2515 779 maxime
2567 724 2979 790 necessarium;
3042 738 3106 777 ac
3146 723 3277 777 dicit
3306 744 3316 777 :
3341 721 3557 776 Intelle-

1984 823 2128 868 ctum
2160 813 2236 867 da
2267 813 2415 876 mihi,
2442 821 2499 866 ut
2528 814 2714 867 vivant.
2743 811 2799 868 In
2828 812 2975 866 illam
3007 814 3205 883 quippe
3220 814 3432 868 beatam
3473 813 3556 867 vi-

1982 913 2096 960 tam
2132 920 2323 960 amens
2349 912 2405 961 et
2438 892 2709 973 insipiens
2739 918 2845 959 non
2883 903 3223 975 ingreditur;
3270 903 3364 958 sed
3395 902 3557 957 intel-

1984 997 2182 1051 lectum
2216 1010 2246 1049 a
2297 994 2408 1050 Deo
2442 1003 2691 1066 petamus
2741 1004 2977 1064 oportet,
3028 995 3121 1063 qui
3173 994 3265 1048 dat
3302 993 3556 1048 omnibus

1986 1093 2102 1141 toto
2133 1084 2298 1141 corde
2327 1085 2394 1139 ab
2436 1100 2495 1140 se
2533 1083 2843 1154 petentibus
2875 1100 2886 1135 :
2920 1091 2979 1136 ut
3010 1092 3234 1157 accepto
3279 1083 3555 1138 intellectu

1980 1178 2163 1232 dicere
2187 1176 2466 1233 valeamus
2494 1193 2507 1229 :
2540 1173 2873 1229 Intellectum
2897 1174 2968 1228 da
3001 1174 3149 1240 mihi,
3182 1184 3231 1228 et
3257 1175 3446 1229 vivam.

2053 1264 2222 1321 Vens.
2248 1264 2506 1319 145-148.
2544 1262 2787 1318 Clamavi
2815 1264 2867 1316 in
2889 1271 2999 1317 toto
3017 1261 3173 1316 corde
3198 1279 3330 1327 meo,
3362 1260 3555 1315 exaudi

1981 1374 2082 1420 me,
2119 1355 2358 1420 Domine,
2382 1354 2800 1426 justiﬁcationes
2844 1364 2961 1407 tuas
2994 1354 3274 1425 requiram.
3317 1351 3556 1408 Clamavi

1982 1445 2049 1500 ad
2083 1454 2150 1510 te,
2194 1445 2397 1501 salvum
2435 1461 2516 1500 me
2551 1444 2657 1513 fac,
2689 1453 2736 1498 et
2770 1444 3067 1498 custodiam
3113 1443 3411 1498 testimonia
3443 1452 3553 1496 tua.

1982 1533 2225 1589 Prwveni
2256 1534 2308 1587 in
2340 1533 2645 1600 crepusculo
2676 1542 2724 1587 et
2769 1533 3016 1597 clamavi,
3068 1534 3123 1587 in
3153 1532 3306 1587 verba
3342 1542 3433 1593 tuo
3462 1548 3554 1585 su-

1983 1626 2301 1693 persperavi.
2332 1623 2704 1678 Praevenerunt
2735 1624 2878 1679 oculi
2901 1625 3003 1678 mei
3026 1624 3259 1678 diluculo
3300 1624 3369 1676 ad
3391 1623 3557 1677 medi-

1992 1718 2209 1768 tandum
2239 1714 2448 1784 eloquia
2474 1724 2586 1769 tua.
2633 1713 2738 1779 Qui
2771 1714 2824 1767 in
2857 1715 3184 1784 crepusculo
3210 1714 3469 1784 praevenit
3502 1720 3556 1767 et

509 1811 603 1863 καὶ
638 1783 727 1864 τδν
755 1809 889 1861 Θεὸν
915 1783 1343 1879 ἐπικαλοῦμενος
1369 1783 1743 1879 ἐλευθεροῦται
1768 1783 1872 1861 τῶν

1986 1804 2155 1858 Deum
2205 1783 2444 1868 invocat,
2498 1818 2529 1856 a
2576 1803 2861 1861 nocturnis
2915 1783 3131 1859 insidiis
3165 1783 3451 1867 liberatur,
3501 1810 3557 1857 et

297 1901 622 1971 νυκτερινῶν
651 1900 973 1964 ἐπιϐουλῶν,
1006 1903 1099 1954 καὶ
1126 1904 1184 1954 ὲν
1204 1900 1283 1970 τῷ
1312 1900 1496 1971 ὄρθρῳ
1515 1899 1702 1963 αὑτοῦ,
1725 1917 1878 1953 τουτ-

296 1990 443 2043 έστιν
468 1992 526 2042 ὲν
558 1992 623 2059 τῇ
661 1989 891 2060 ἀνατολῇ
933 1988 1027 2041 τοῦ
1066 1988 1240 2056 φωτὸς
1280 1988 1676 2059 προφθάνοντος
1717 1986 1879 2057 δηλα-

294 2079 380 2149 δὴ,
407 2081 533 2143 τοὺς
583 2079 894 2149 ὀφθαλμοὺς
943 2077 1405 2149 προαπαντῶντας
1445 2076 1730 2146 κέκτηται,
1781 2074 1878 2127 καὶ

299 2171 497 2243 μελετᾷ
525 2169 619 2224 τοῦ
650 2170 785 2223 Θεοῦ
816 2170 913 2222 σὺν
944 2170 1223 2241 παρρησίᾳ
1248 2167 1317 2221 τὰ
1336 2169 1508 2237 λόγια.
1528 2167 1741 2237 Ἔκείνη
1769 2164 1878 2236 γὰρ

1981 1894 2242 1958 diluculo.
2288 1894 2339 1947 id
2367 1903 2449 1951 est
2482 1901 2605 1947 ortu
2633 1893 2796 1957 lucis,
2856 1893 2970 1963 jam
3006 1892 3321 1957 accedente,
3363 1892 3555 1947 oculos

1983 1983 2031 2038 ei
2062 1989 2419 2038 occurrentes
2458 1982 2643 2049 habet,
2690 1996 2756 2038 ac
2790 1997 2915 2036 cum
2966 1981 3162 2036 ﬁducia
3209 1980 3303 2036 Dei
3340 1979 3555 2050 eloquia

1984 2062 2299 2126 meditatur.
2336 2069 2432 2129 Illa
2466 2086 2703 2141 namque
2740 2070 2923 2124 anima
2954 2069 3300 2141 potissimum
3342 2070 3396 2123 in
3439 2068 3557 2138 lege

1988 2161 2207 2234 gaudet,
2241 2178 2363 2237 qua:
2396 2163 2500 2218 sibi
2535 2162 2905 2223 exsecutionis
2935 2161 3056 2232 ejus
3088 2160 3311 2217 conscia
3340 2167 3445 2216 est.

298 2262 532 2331 μάλιστα
573 2262 650 2333 τῷ
683 2263 831 2332 νόμῳ
871 2262 1048 2331 χαίρει
1086 2259 1254 2330 ψυχὴ,
1283 2260 1406 2329 ἥτις
1453 2259 1590 2329 αὑτὴ
1639 2258 1875 2312 σύνοιδεν
1906 2255 2074 2323 ἑαυτῇ
2106 2252 2202 2323 τὴν
2239 2252 2598 2322 κατόρθωσιν.

369 2370 484 2437 Τῆς
520 2369 724 2439 φωνῆς
738 2388 856 2439 μου
881 2370 1169 2431 ἄκουσον,
1192 2371 1387 2436 Κύριε,
1422 2370 1572 2424 κατὰ
1601 2370 1669 2423 τὸ
1701 2369 1876 2433 ἔλεός

248 2481 257 2489 λ
292 2478 431 2527 σου,
456 2462 605 2515 κατὰ
635 2462 700 2515 τὸ
721 2460 897 2531 κρῖμα
915 2477 1031 2515 σου
1054 2459 1237 2527 ζ’ἦσόν
1373 2460 1797 2530 Προσίήγγισαν
1818 2462 1874 2515 οί

294 2552 757 2619 καταδιώκοντές
780 2569 856 2621 με
894 2554 1138 2621 ἀνομίᾳ·
1172 2552 1291 2607 ἀπὸ
1316 2551 1384 2605 δὲ
1417 2552 1521 2606 τοῦ
1542 2553 1731 2620 νόμου
1758 2565 1874 2605 σου

294 2642 773 2709 ἐμακρύνθησαν.
792 2643 1000 2711 Ἐγγὺς
1021 2641 1078 2696 εἷ
1102 2642 1205 2707 σὺ,
1242 2644 1439 2710 Κύριε,
1468 2642 1563 2695 καί
1594 2640 1783 2696 πᾶσαι
1813 2642 1873 2695 al

293 2732 422 2787 ὁδοί
452 2750 569 2787 σου
600 2734 869 2799 ἀλήθεια.
909 2735 1221 2802 Καταρχὰς
1249 2733 1439 2801 ἔγνων
1467 2734 1536 2785 ἐκ
1568 2733 1687 2784 τῶν
1720 2749 1863 2799 μαρ-

293 2826 508 2893 τυρίων
538 2839 675 2889 σου,
692 2825 781 2877 ὅτι
807 2826 893 2889 είς
924 2826 1031 2877 τὸν
1054 2824 1242 2877 αιῶνα
1275 2822 1672 2891 ἐθεμελίωσας
1694 2822 1866 2875 αὐτά.

364 3017 477 3072 Ἴδε
519 3016 634 3085 τὴν
667 3015 1033 3070 ταπείνωσίν
1065 3032 1204 3083 μου,
1250 3013 1346 3067 καὶ
1372 3012 1587 3075 ἐξέλοι)
1629 3026 1727 3079 με,
1783 3009 1870 3061 δτι

293 3109 397 3162 τοῦ
425 3110 612 3177 νόμου
655 3122 770 3162 σου
796 3108 907 3161 οὐκ
939 3105 1341 3173 ἐπελαθόμην.
1367 3102 1587 3170 Κρῖνον
1615 3101 1727 3169 τὴν
1755 3100 1872 3166 κρί-

292 3217 396 3254 σιν
417 3218 536 3270 μου
577 3201 672 3253 καὶ
708 3200 1012 3267 λύτρωσαί
1049 3215 1139 3263 με,
1172 3197 1270 3251 διὰ
1292 3195 1398 3249 τὸν
1425 3195 1609 3265 λόγον
1637 3208 1754 3246 σου
1785 3189 1873 3259 ζῆ-

206 3355 211 3359 ,
292 3293 409 3345 σόν
425 3309 522 3359 με.
558 3292 602 3344 Κ
612 3290 827 3362 ριθῆναι
854 3290 988 3362 πρὸς
1018 3290 1145 3353 τοὺς
1172 3287 1399 3357 ἐχθροὺς
1421 3287 1563 3338 αἰτεῖ
1594 3284 1718 3347 τοὺς
1738 3285 1873 3353 ἀφα-

294 3383 397 3445 νῶς
429 3383 461 3452 ἢ
490 3382 745 3453 ἐμφανῶς
773 3381 1160 3451 πολεμοῦντας,
1184 3380 1278 3433 καὶ
1302 3376 1640 3449 λπρωθῆναι
1659 3392 1673 3406 ο
1712 3374 1872 3446 μόνος

293 3476 399 3544 γάρ
430 3475 575 3525 ἐστιν
602 3474 630 3524 ὁ
662 3472 791 3534 Θεὸς
816 3472 845 3522 ὁ
875 3472 933 3536 ἐξ
964 3469 1237 3538 ἑκατέρων
1261 3466 1643 3537 λυτρούμενος,
1672 3465 1771 3518 καὶ
1808 3464 1870 3516 οὐ

292 3566 522 3618 θανάτου
573 3563 731 3633 μόνον
774 3562 921 3632 ἡμᾶς
964 3558 1342 3622 ἀπαλλάττων,
1367 3556 1425 3608 ὃν
1452 3554 1735 3609 ἀπειλοῦσι
1777 3554 1871 3607 καὶ

291 3652 602 3723 ἐνεργοῦσιν
632 3652 681 3704 οἱ
708 3650 978 3720 δαίμονες,
1012 3649 1147 3701 ἀλλὰ
1192 3646 1283 3699 καὶ
1327 3644 1471 3715 ζωὴν
1500 3644 1755 3715 παρέχων
1784 3641 1873 3695 διὰ

292 3743 383 3796 τὸν
416 3742 575 3795 αὑτὸν
612 3743 789 3809 λόγον.
822 3740 1071 3807 Μακρὰν
1120 3737 1238 3793 ἀπὸ
1285 3733 1649 3804 ἁμαρτωλῶν
1681 3746 1872 3799 σωτη-

291 3838 408 3903 ρία,
446 3836 535 3888 ὅτι
568 3835 639 3889 τὰ
683 3830 1043 3901 δικαιώματά
1083 3846 1199 3883 σου
1232 3830 1343 3882 οὐκ
1382 3824 1770 3891 ἐξεζήτησαν.
1807 3824 1869 3875 Ol

291 3924 577 3992 οἰκτιρμοί
603 3939 718 3975 σου
745 3921 984 3983 πολλοὶ,
1014 3922 1207 3987 Κύριε,
1240 3916 1391 3972 κατὰ
1434 3915 1499 3968 τὸ
1545 3912 1721 3983 κρῖμά
1754 3928 1869 3967 σου

292 4012 478 4079 ζῆσόν
504 4012 795 4079 με.Ἔλεος
836 4008 1124 4080 ἀνθρώπου
1168 4008 1260 4059 ἐπὶ
1287 4007 1378 4060 τὸν
1406 4005 1631 4075 πλησίον
1659 4000 1825 4057 αὐτοῦ
1851 4017 1865 4031 ·

292 4101 440 4164 ἔλεος
478 4100 534 4152 δὲ
581 4101 783 4171 Κυρίου
819 4100 911 4152 ἐπὶ
959 4101 1137 4152 πᾶσαν
1165 4098 1363 4169 σάρκα,
1392 4096 1451 4158 δς
1498 4095 1592 4148 καὶ
1622 4092 1761 4147 πάνυ
1787 4091 1869 4144 δι·

292 4193 574 4254 καιότατος
617 4188 754 4245 εἶναι
794 4193 960 4245 δοκεῖ.
1007 4190 1297 4261 Συγκρίσει
1326 4187 1435 4256 γὰρ
1461 4184 1762 4256 ἀνθρώπων
1795 4182 1870 4244 ὡς

293 4283 429 4354 πρὸς
456 4284 553 4351 τὴν
586 4282 786 4353 ἀκριϐῆ
812 4282 993 4351 κρίσιν
1026 4280 1117 4333 τοῦ
1151 4278 1307 4341 Θεοῦ,
1338 4277 1487 4331 ἐλέου
1513 4277 1682 4329 δεῖται
1708 4273 1768 4325 τὸ
1795 4272 1869 4324 δί-

2056 2361 2223 2417 Vens.
2254 2362 2511 2418 149-152.
2554 2362 2743 2416 Vocem
2793 2377 2964 2417 meam
2995 2358 3147 2426 audi,
3191 2358 3434 2423 Domine,
3476 2375 3556 2413 se-

1980 2452 2209 2505 cundum
2260 2450 2680 2506 misericordiam
2733 2460 2877 2503 tuam
2905 2491 2920 2516 ,
2975 2449 3258 2503 secundum
3289 2447 3555 2517 judicium

1977 2549 2125 2592 tuum
2152 2539 2357 2607 vivi/ica
2381 2554 2480 2592 me.
2510 2538 3072 2607 Appropinquaverunt
3092 2545 3452 2605 persequentes
3476 2553 3556 2593 me

1974 2629 2293 2697 iniquitati:
2330 2645 2361 2682 a
2401 2628 2509 2697 lege
2535 2637 2709 2683 autem
2739 2640 2829 2681 tua
2859 2628 3012 2696 longe
3027 2626 3158 2690 [acti
3194 2633 3336 2680 sunt.
3386 2626 3556 2695 Prope

1974 2735 2028 2773 es
2060 2728 2138 2779 tu,
2196 2718 2451 2779 Domine,
2506 2728 2555 2773 et
2596 2734 2773 2773 omnes
2815 2719 2913 2771 vite
2965 2727 3068 2771 tua:
3113 2718 3327 2773 veritas.
3387 2715 3553 2772 Initio

1977 2807 2195 2875 cognoui
2241 2807 2305 2861 de
2351 2808 2666 2861 testimoniis
2700 2807 2826 2870 tuis,
2868 2808 2994 2876 quia
3033 2808 3089 2861 in
3120 2815 3375 2861 wteruum
3417 2806 3555 2874 fun—

1977 2894 2123 2949 dasti
2166 2912 2249 2952 ea.

2056 3004 2224 3061 Vens.
2251 3006 2512 3060 153-156.
2580 3004 2707 3060 Vide
2745 3005 3097 3060 humilitatem
3132 3022 3299 3061 meam
3335 3013 3387 3060 et
3415 3007 3553 3073 eripe

1982 3112 2083 3158 me,
2112 3098 2237 3165 quia
2267 3096 2425 3166 legem
2458 3106 2603 3150 tuam
2638 3113 2741 3151 non
2779 3113 2898 3150 sum
2927 3097 3145 3150 oblitus.
3179 3096 3375 3151 Judica
3400 3096 3553 3164 judi-

1976 3188 2115 3239 cium
2148 3203 2319 3240 meum
2346 3195 2395 3241 et
2426 3187 2621 3241 redime
2649 3203 2750 3252 me,
2802 3198 3012 3256 propter
3048 3187 3259 3242 verbum
3293 3196 3440 3255 tuum
3478 3190 3553 3241 vi-

1975 3278 2131 3344 vilica
2178 3293 2276 3331 me.
2314 3276 2519 3331 Contra
2552 3277 2804 3332 inimicos
2848 3277 2933 3332 vel
2969 3277 3109 3331 clam
3158 3278 3241 3332 vel
3278 3277 3457 3349 palam
3492 3292 3553 3334 se

1974 3374 2356 3443 oppugnantes
2377 3366 2648 3435 judicium
2683 3365 2835 3429 ferri,
2867 3373 2921 3421 et
2950 3366 3171 3421 liberari
3202 3382 3261 3422 se
3287 3367 3547 3437 postulat.

1980 3458 2144 3513 Solus
2176 3474 2413 3529 namque
2445 3458 2589 3513 Deus
2611 3466 2716 3523 est,
2748 3458 2844 3528 qui
2892 3456 2961 3512 ab
2998 3460 3245 3528 utrisque
3292 3459 3549 3527 redimit;

1974 3558 2029 3605 et
2059 3566 2169 3604 non
2199 3565 2231 3603 a
2264 3558 2439 3604 morte
2472 3550 2650 3605 solum
2695 3564 2797 3604 nos
2829 3549 3043 3612 liberat,
3083 3565 3245 3619 quam
3275 3552 3552 3607 daemones

1974 3637 2255 3692 minantur
2291 3646 2346 3691 et
2400 3637 2662 3703 inferunt,
2711 3651 2901 3691 verum
2930 3637 3117 3690 'etiam
3164 3637 3235 3691 ob
3302 3639 3549 3692 eamdem

1976 3728 2244 3781 rationem
2274 3724 2441 3778 vitam
2473 3726 2699 3795 praebet.
2726 3724 2898 3794 Longe
2925 3740 2958 3777 a
2987 3726 3351 3792 peccatoribus
3376 3728 3545 3790 salus,

1972 3819 2099 3888 quia
2136 3817 2547 3886 justiﬁcationes
2596 3823 2715 3868 tuas
2765 3832 2869 3869 non
2908 3816 3287 3885 exquisierunt.
3343 3815 3552 3869 Miseri-’-

1972 3908 2167 3961 cordia:
2221 3915 2329 3960 tua:
2379 3906 2582 3969 multae,
2643 3904 2893 3970 Domine,
2954 3906 3241 3960 secundum
3283 3906 3549 3975 judicium

1974 4006 2121 4049 tuum
2169 3995 2377 4063 rivi/ica
2414 4011 2515 4047 me.
2561 3992 2933 4063 Misericordia
2976 3994 3215 4048 hominis
3250 3994 3309 4047 in
3357 3993 3549 4062 prosi~

1973 4101 2121 4140 mum
2156 4100 2317 4141 suum
2352 4091 2475 4149 est;
2516 4082 2899 4138 misericordia
2939 4097 3072 4137 vero
3101 4081 3197 4136 Dei
3245 4083 3302 4138 in
3329 4097 3548 4137 omnem

1973 4190 2219 4241 carnem,
2248 4176 2341 4244 qui
2364 4175 2530 4229 etiam
2554 4174 2712 4243 longe
2738 4172 3082 4243 iustissimus
3102 4179 3208 4227 est.
3238 4171 3372 4226 Nam
3400 4187 3550 4226 com-

1977 4267 2261 4337 paratione
2293 4266 2576 4320 hominum
2624 4263 2766 4318 l‘acta
2802 4264 2870 4318 ad
2906 4270 3225 4317 accuratum
3267 4261 3363 4316 Dei
3400 4258 3549 4330 judi-

292 4350 462 4426 καιον.
498 4350 612 4425 Πᾶν
660 4350 784 4443 Ϋὰρή
812 4350 865 4424 ὃν
894 4371 1041 4424 δοκεῖ
1073 4369 1349 4437 γεγονέναι
1379 4365 1498 4419 κατ’
1528 4364 1692 4428 ἔλεον,
1730 4362 1868 4431 ἐλέῳ

1983 4354 2164 4415 cium,
2207 4353 2423 4421 justitia
2477 4352 2859 4407 misericordia
2904 4351 3131 4422 indiget.
3176 4350 3551 4437 Quodcunque

190 4506 193 4507 ν
291 4461 425 4515 Θεοῦ
456 4461 681 4529 γίνεται.
708 4462 772 4513 Τί
793 4462 901 4531 γάρ
928 4477 1011 4522 τις
1043 4459 1192 4525 ἄξιον
1220 4455 1481 4525 πεποίηκε
1514 4453 1729 4506 αἰωνίου
1761 4465 1866 4521 μα-

293 4552 612 4621 καριότητος
648 4550 741 4602 καὶ
773 4550 1044 4619 βασιλείας
1064 4546 1326 4618 οὐρανῶν,
1359 4546 1433 4615 μὴ
1464 4544 1567 4597 ὑπὸ
1590 4541 1725 4596 Θεοῦ
1751 4541 1869 4611 βοη-

292 4641 383 4694 Οού
392 4658 547 4711 μενος
563 4640 869 4705 ς-Πολλοί
889 4642 940 4692 ol
961 4636 1342 4701 ἐκόιώκοντές
1352 4652 1428 4704 με
1450 4634 1546 4687 καὶ
1563 4630 1867 4694 θλίϐοντές

182 4766 187 4769 -
288 4749 384 4799 με,
420 4732 488 4783 ἐκ
519 4730 636 4782 τῶν
664 4729 1003 4797 μαρτυρίων
1054 4744 1171 4781 σου
1206 4729 1318 4780 οὐκ
1356 4725 1657 4789 ἐξέκλινα.
1685 4718 1868 4774 Εἶδον

292 4816 738 4881 ἀσυνετοῦντας
794 4814 892 4867 καὶ
960 4815 1346 4883 ἐξετηκόμην,
1392 4814 1481 4865 ὅτι
1558 4812 1631 4864 τὰ
1694 4808 1869 4877 λόγια

294 4922 409 4961 σου
439 4909 551 4963 οὐκ
587 4902 1131 4975 ἐφυλάξαντο.’¹ιδε,
1176 4904 1267 4956 ὅτι
1312 4905 1419 4967 τὰς
1458 4900 1711 4965 ἐντολάς
1750 4914 1867 4952 σου

290 4990 596 5057 ἠγάπησα,
618 4989 815 5055 Κύριε,
841 4987 911 5039 ἐν
934 4985 1014 5051 τῷ
1042 4986 1197 5039 ἐλέει
1228 4999 1343 5037 σου
1377 4983 1561 5052 ζῆσόν
1582 4999 1678 5052 με.
1695 4980 1865 5051 Ἂρχὴ

293 5078 411 5132 τῶν
437 5081 635 5146 λόγων
662 5093 780 5131 σου
808 5075 1058 5141 ἀλήθεια
1076 5092 1088 5105 ο
1126 5074 1223 5128 καί
1252 5078 1337 5140 είς
1363 5076 1470 5129 τὸν
1498 5073 1684 5130 αἰῶνα
1720 5072 1869 5126 πάν-

297 5185 365 5221 τα
386 5168 459 5221 τὰ
488 5169 739 5239 κρίματα
767 5166 878 5235 τῆς
904 5166 1292 5233 δικαιοσύνης
1318 5182 1454 5221 σου.

366 5364 685 5432 Ἄρχοντες
716 5360 1081 5426 κατεδίωξαν
1096 5377 1172 5430 με
1200 5360 1446 5435 δωρεὰν,
1476 5361 1573 5414 καί
1603 5362 1719 5416 ἀπὸ
1751 5362 1869 5416 τῶν

294 5456 489 5523 λόγων
510 5469 625 5507 σου
650 5452 991 5507 ἐδειλίασεν
1026 5452 1066 5519 ή
1094 5452 1307 5520 καρδία
1326 5470 1465 5521 μου.
1484 5451 1865 5521 Ἀγαλλιάσο-

288 5560 395 5612 μαι
425 5538 658 5611 ὲγὼλέπι
692 5542 765 5596 τὰ
800 5541 974 5612 λόγοιά
995 5556 1133 5606 σου,
1160 5543 1240 5609 ὠς
1272 5544 1307 5596 ὁ
1340 5542 1638 5611 εὑρίσκων
1667 5544 1868 5599 σκῦλα

291 5632 511 5693 πολλὰ.
530 5632 778 5700 Ἀδικίας
801 5632 1065 5704 ἐμίσησα
1090 5634 1187 5689 καί
1213 5632 1643 5707 ἐϐδελινξὰμην,
1676 5635 1777 5692 τὸν
1800 5636 1867 5691 δὲ

1975 4444 2123 4499 enim
2156 4444 2459 4500 secundum
2494 4443 2929 4515 misericordiam
2972 4443 3160 4512 peragi
3185 4442 3421 4507 videtur,
3446 4441 3551 4494 mi-

1968 4535 2275 4590 sericordia
2321 4533 2412 4588 Dei
2449 4531 2703 4587 edicitur.
2760 4531 2903 4597 Quid
2936 4532 3082 4585 enim
3129 4531 3255 4599 quis
3305 4543 3546 4599 unquam

1973 4631 2178 4676 aeterna
2204 4621 2547 4676 beatitudine
2582 4626 2638 4675 et
2669 4634 2837 4691 regno
2881 4620 3145 4674 caelorum
3173 4620 3398 4690 dignum
3426 4634 3549 4690 ges-

1975 4712 2129 4773 serit,
2166 4710 2273 4764 nisi
2304 4709 2414 4764 Deo
2437 4710 2777 4779 opitulante?
2804 4739 2877 4750 —
2906 4706 3073 4764 Vsus.
3102 4708 3357 4764 157-160.
3384 4708 3548 4763 Multi

1970 4799 2062 4869 qui
2100 4808 2480 4867 persequuntur
2512 4813 2593 4851 me
2617 4806 2668 4852 et
2716 4797 2975 4851 tribulam
3007 4814 3111 4864 me,
3157 4814 3190 4851 a
3234 4798 3546 4852 testimoniis

1972 4890 2077 4942 tuis
2109 4904 2215 4941 non
2244 4888 2523 4942 declinavi.
2589 4887 2706 4941 Vidi
2743 4888 3070 4957 insipientes,
3112 4899 3162 4944 et
3194 4889 3541 4954 tabescebam,

1973 4974 2099 5043 quia
2131 4972 2341 5043 eloquia
2396 4984 2489 5026 tua
2534 4991 2639 5028 non
2684 4977 3065 5033 custodierunt.
3128 4977 3257 5033 Vide
3298 4981 3547 5047 quoniam

1973 5062 2233 5116 mandata
2264 5073 2357 5117 tua
2406 5064 2594 5129 dilexi,
2648 5066 2889 5131 Domine,
2940 5070 2995 5122 in
3041 5069 3407 5124 misericordia
3453 5079 3546 5123 tua

1971 5156 2179 5224 uisi/ica
2213 5172 2313 5211 me.
2348 5156 2681 5224 Principium
2715 5158 2987 5213 verborum
3016 5170 3226 5214 tuorum
3253 5161 3464 5225 ueritas,
3493 5170 3546 5215 et

1971 5247 2029 5299 in
2064 5256 2320 5302 ceternum
2342 5248 2524 5302 omnia
2542 5246 2753 5316 judicia
2776 5249 3003 5319 iustitia:
3026 5260 3152 5305 tute.

2043 5360 2209 5418 Vens.
2231 5360 2482 5417 161-164.
2505 5362 2775 5435 Principes
2788 5362 3046 5434 persecuti
3061 5370 3181 5418 sunt
3198 5378 3279 5417 me
3287 5362 3477 5432 gratis,
3495 5372 3545 5417 et

1974 5468 2006 5503 a
2039 5451 2208 5506 verbis
2239 5454 2344 5506 tuis
2374 5454 2681 5521 formidavit
2711 5471 2802 5509 eor
2833 5469 3025 5511 meum.
3060 5452 3305 5510 Leetabor
3329 5470 3422 5524 ego
3450 5470 3544 5508 su-

1972 5560 2063 5612 per
2088 5544 2299 5613 eloquia
2322 5556 2435 5611 tua,
2468 5549 2606 5601 sicut
2636 5548 2725 5616 qui
2753 5545 2944 5601 inuenit
2969 5546 3137 5615 spolia
3176 5546 3365 5601 multa.
3428 5544 3543 5599 Ini-

1969 5636 2201 5707 quitates
2256 5636 2375 5692 odio
2421 5638 2594 5691 habui
2613 5647 2662 5693 et
2695 5638 3030 5694 abominatus
3061 5654 3199 5705 sum,
3246 5638 3404 5709 legem
3444 5654 3542 5692 au-
