  <div class='ocr_page' id='page_1' title='image "/cluster/home/n/w/nwhite01/storage/ocr_20150623/23/hvd.32044019207711/725.png"; bbox 0 0 3964 6530; ppageno 0'>
   <div class='ocr_carea' id='block_1_1' title="bbox 1514 248 1557 311">
    <p class='ocr_par' dir='ltr' id='par_1_1' title="bbox 1514 248 1557 311">
     <span class='ocr_line' id='line_1_1' title="bbox 1514 248 1557 311; baseline 0 0"><span class='ocrx_word' id='word_1_1' title='bbox 1514 248 1557 311; x_wconf 64' lang='grc' dir='ltr'>ε</span> 
     </span>
    </p>
   </div>
   <div class='ocr_carea' id='block_1_2' title="bbox 463 336 599 397">
    <p class='ocr_par' dir='ltr' id='par_1_2' title="bbox 463 336 599 397">
     <span class='ocr_line' id='line_1_2' title="bbox 463 336 599 397; baseline -0.037 0"><span class='ocrx_word' id='word_1_2' title='bbox 463 336 599 397; x_wconf 64' lang='grc'><strong>1391</strong></span> 
     </span>
    </p>
   </div>
   <div class='ocr_carea' id='block_1_3' title="bbox 1205 332 3055 391">
    <p class='ocr_par' dir='ltr' id='par_1_3' title="bbox 1205 332 3055 391">
     <span class='ocr_line' id='line_1_3' title="bbox 1205 332 3055 391; baseline 0.001 -3"><span class='ocrx_word' id='word_1_3' title='bbox 1205 332 1469 389; x_wconf 82' lang='lat' dir='ltr'>EUSEBII</span> <span class='ocrx_word' id='word_1_4' title='bbox 1507 333 1981 389; x_wconf 56' lang='lat' dir='ltr'>CIESARIENSIS</span> <span class='ocrx_word' id='word_1_5' title='bbox 2018 334 2167 390; x_wconf 87' lang='lat' dir='ltr'>OPP.</span> <span class='ocrx_word' id='word_1_6' title='bbox 2198 334 2374 390; x_wconf 78' lang='lat' dir='ltr'>PARS</span> <span class='ocrx_word' id='word_1_7' title='bbox 2411 333 2500 389; x_wconf 85' lang='lat' dir='ltr'><strong>Ill.</strong></span> <span class='ocrx_word' id='word_1_8' title='bbox 2543 364 2613 373; x_wconf 91' lang='lat'>—</span> <span class='ocrx_word' id='word_1_9' title='bbox 2652 332 3055 391; x_wconf 79' lang='lat' dir='ltr'>EXEGETICA.</span> 
     </span>
    </p>
   </div>
   <div class='ocr_carea' id='block_1_4' title="bbox 3567 340 3708 393">
    <p class='ocr_par' dir='ltr' id='par_1_4' title="bbox 3567 340 3708 393">
     <span class='ocr_line' id='line_1_4' title="bbox 3567 340 3708 393; baseline 0 -1"><span class='ocrx_word' id='word_1_10' title='bbox 3567 340 3708 393; x_wconf 62' lang='lat'>159!</span> 
     </span>
    </p>
   </div>
   <div class='ocr_carea' id='block_1_5' title="bbox 467 448 2020 521">
    <p class='ocr_par' dir='ltr' id='par_1_5' title="bbox 467 449 2020 519">
     <span class='ocr_line' id='line_1_5' title="bbox 467 449 2020 519; baseline -0.002 -13"><span class='ocrx_word' id='word_1_11' title='bbox 467 464 569 511; x_wconf 76' lang='lat' dir='ltr'><strong><em>tem</em></strong></span> <span class='ocrx_word' id='word_1_12' title='bbox 613 462 759 505; x_wconf 83' lang='lat' dir='ltr'><strong><em>tuam</em></strong></span> <span class='ocrx_word' id='word_1_13' title='bbox 794 451 975 506; x_wconf 87' lang='lat' dir='ltr'><strong><em>dilexi.</em></strong></span> <span class='ocrx_word' id='word_1_14' title='bbox 1020 449 1218 519; x_wconf 81' lang='lat' dir='ltr'><strong><em>Septies</em></strong></span> <span class='ocrx_word' id='word_1_15' title='bbox 1266 451 1322 503; x_wconf 86' lang='lat' dir='ltr'><strong><em>in</em></strong></span> <span class='ocrx_word' id='word_1_16' title='bbox 1368 449 1453 504; x_wconf 83' lang='lat' dir='ltr'>die</span> <span class='ocrx_word' id='word_1_17' title='bbox 1504 450 1713 505; x_wconf 88' lang='lat' dir='ltr'><strong><em>laudem</em></strong></span> <span class='ocrx_word' id='word_1_18' title='bbox 1769 450 1882 503; x_wconf 81' lang='lat' dir='ltr'><strong><em>dixi</em></strong></span> <span class='ocrx_word' id='word_1_19' title='bbox 1937 450 2020 503; x_wconf 74' lang='grc' dir='ltr'>ιὶὺι</span> 
     </span>
    </p>
   </div>
   <div class='ocr_carea' id='block_1_6' title="bbox 2124 448 3709 521">
    <p class='ocr_par' dir='ltr' id='par_1_6' title="bbox 2133 448 3709 521">
     <span class='ocr_line' id='line_1_6' title="bbox 2133 448 3709 521; baseline 0.003 -19"><span class='ocrx_word' id='word_1_20' title='bbox 2133 452 2321 519; x_wconf 79' lang='grc' dir='ltr'>νόμον</span> <span class='ocrx_word' id='word_1_21' title='bbox 2341 465 2456 503; x_wconf 86' lang='grc' dir='ltr'>σου</span> <span class='ocrx_word' id='word_1_22' title='bbox 2484 448 2792 518; x_wconf 77' lang='grc' dir='ltr'>ἠγάπησα.</span> <span class='ocrx_word' id='word_1_23' title='bbox 2810 450 3080 517; x_wconf 78' lang='grc' dir='ltr'>Ἐπτὰκις</span> <span class='ocrx_word' id='word_1_24' title='bbox 3107 450 3217 518; x_wconf 83' lang='grc' dir='ltr'>τῆς</span> <span class='ocrx_word' id='word_1_25' title='bbox 3254 452 3481 521; x_wconf 75' lang='grc' dir='ltr'>ἡμέρας</span> <span class='ocrx_word' id='word_1_26' title='bbox 3520 455 3709 521; x_wconf 72' lang='grc' dir='ltr'>ᾔνεσὰ</span> 
     </span>
    </p>
   </div>
   <div class='ocr_carea' id='block_1_7' title="bbox 462 543 2030 617">
    <p class='ocr_par' dir='ltr' id='par_1_7' title="bbox 462 543 2030 617">
     <span class='ocr_line' id='line_1_7' title="bbox 462 543 2030 617; baseline 0 -16"><span class='ocrx_word' id='word_1_27' title='bbox 462 560 618 613; x_wconf 86' lang='lat' dir='ltr'><strong><em>super</em></strong></span> <span class='ocrx_word' id='word_1_28' title='bbox 638 545 845 617; x_wconf 83' lang='lat' dir='ltr'><strong><em>judicia</em></strong></span> <span class='ocrx_word' id='word_1_29' title='bbox 871 544 1101 613; x_wconf 77' lang='lat' dir='ltr'><strong><em>justitite</em></strong></span> <span class='ocrx_word' id='word_1_30' title='bbox 1125 553 1250 597; x_wconf 72' lang='lat' dir='ltr'><strong><em>tute.</em></strong></span> <span class='ocrx_word' id='word_1_31' title='bbox 1296 543 1409 599; x_wconf 81' lang='lat' dir='ltr'>Hoc</span> <span class='ocrx_word' id='word_1_32' title='bbox 1447 545 1574 599; x_wconf 96' lang='lat' dir='ltr'><strong>item</strong></span> <span class='ocrx_word' id='word_1_33' title='bbox 1615 545 1888 615; x_wconf 83' lang='lat' dir='ltr'><strong>intelligas</strong></span> <span class='ocrx_word' id='word_1_34' title='bbox 1927 546 2030 601; x_wconf 89' lang='lat' dir='ltr'>hac</span> 
     </span>
    </p>
   </div>
   <div class='ocr_carea' id='block_1_8' title="bbox 462 636 2028 707">
    <p class='ocr_par' dir='ltr' id='par_1_8' title="bbox 462 636 2028 707">
     <span class='ocr_line' id='line_1_8' title="bbox 462 636 2028 707; baseline -0.001 -15"><span class='ocrx_word' id='word_1_35' title='bbox 462 638 692 700; x_wconf 89' lang='lat' dir='ltr'><strong>ratione,</strong></span> <span class='ocrx_word' id='word_1_36' title='bbox 733 637 878 707; x_wconf 86' lang='lat' dir='ltr'><strong>quod</strong></span> <span class='ocrx_word' id='word_1_37' title='bbox 908 636 1166 690; x_wconf 87' lang='lat' dir='ltr'><strong>nimirum</strong></span> <span class='ocrx_word' id='word_1_38' title='bbox 1197 645 1322 688; x_wconf 89' lang='lat' dir='ltr'><strong>ante</strong></span> <span class='ocrx_word' id='word_1_39' title='bbox 1350 637 1519 690; x_wconf 92' lang='lat' dir='ltr'><strong>solem</strong></span> <span class='ocrx_word' id='word_1_40' title='bbox 1546 637 1738 691; x_wconf 87' lang='lat' dir='ltr'><strong>electo</strong></span> <span class='ocrx_word' id='word_1_41' title='bbox 1776 652 2028 706; x_wconf 89' lang='lat' dir='ltr'><strong><em>surgens,</em></strong></span> 
     </span>
    </p>
   </div>
   <div class='ocr_carea' id='block_1_9' title="bbox 462 728 2030 797">
    <p class='ocr_par' dir='ltr' id='par_1_9' title="bbox 462 728 2030 797">
     <span class='ocr_line' id='line_1_9' title="bbox 462 728 2030 797; baseline -0.001 -14"><span class='ocrx_word' id='word_1_42' title='bbox 462 728 761 785; x_wconf 79' lang='lat' dir='ltr'><strong>secundum</strong></span> <span class='ocrx_word' id='word_1_43' title='bbox 794 728 926 784; x_wconf 85' lang='lat' dir='ltr'><strong>illud</strong></span> <span class='ocrx_word' id='word_1_44' title='bbox 964 746 977 782; x_wconf 88' lang='lat'><strong>:</strong></span> <span class='ocrx_word' id='word_1_45' title='bbox 1016 728 1094 781; x_wconf 89' lang='lat' dir='ltr'>De</span> <span class='ocrx_word' id='word_1_46' title='bbox 1140 736 1287 781; x_wconf 87' lang='lat' dir='ltr'><strong><em>nocte</em></strong></span> <span class='ocrx_word' id='word_1_47' title='bbox 1316 744 1465 781; x_wconf 83' lang='lat' dir='ltr'><strong><em>mane</em></strong></span> <span class='ocrx_word' id='word_1_48' title='bbox 1499 729 1764 797; x_wconf 87' lang='lat' dir='ltr'><strong><em>consurgit</em></strong></span> <span class='ocrx_word' id='word_1_49' title='bbox 1812 729 2030 797; x_wconf 83' lang='lat' dir='ltr'><strong><em>spiritus</em></strong></span> 
     </span>
    </p>
   </div>
   <div class='ocr_carea' id='block_1_10' title="bbox 460 817 2030 885">
    <p class='ocr_par' dir='ltr' id='par_1_10' title="bbox 460 817 2030 885">
     <span class='ocr_line' id='line_1_10' title="bbox 460 817 2030 885; baseline -0.003 -10"><span class='ocrx_word' id='word_1_50' title='bbox 460 834 606 875; x_wconf 85' lang='lat' dir='ltr'><strong><em>meus</em></strong></span> <span class='ocrx_word' id='word_1_51' title='bbox 641 818 710 870; x_wconf 89' lang='lat' dir='ltr'>ad</span> <span class='ocrx_word' id='word_1_52' title='bbox 746 826 815 881; x_wconf 89' lang='lat' dir='ltr'><strong>te,</strong></span> <span class='ocrx_word' id='word_1_53' title='bbox 863 817 1003 873; x_wconf 89' lang='lat' dir='ltr'><strong><em>Deus</em></strong></span> <span class='ocrx_word' id='word_1_54' title='bbox 1031 820 1106 885; x_wconf 82' lang='lat'><strong>&quot;;</strong></span> <span class='ocrx_word' id='word_1_55' title='bbox 1138 825 1191 872; x_wconf 91' lang='lat' dir='ltr'><strong><em>et</em></strong></span> <span class='ocrx_word' id='word_1_56' title='bbox 1222 836 1234 870; x_wconf 89' lang='lat'><strong>:</strong></span> <span class='ocrx_word' id='word_1_57' title='bbox 1278 817 1450 883; x_wconf 88' lang='lat' dir='ltr'><strong><em>Deus,</em></strong></span> <span class='ocrx_word' id='word_1_58' title='bbox 1496 817 1633 870; x_wconf 90' lang='lat' dir='ltr'><strong><em>Deus</em></strong></span> <span class='ocrx_word' id='word_1_59' title='bbox 1671 834 1836 881; x_wconf 90' lang='lat' dir='ltr'><strong><em>meus,</em></strong></span> <span class='ocrx_word' id='word_1_60' title='bbox 1858 818 1949 869; x_wconf 63' lang='lat' dir='ltr'>~ad</span> <span class='ocrx_word' id='word_1_61' title='bbox 1982 827 2030 870; x_wconf 86' lang='lat' dir='ltr'>te</span> 
     </span>
    </p>
   </div>
   <div class='ocr_carea' id='block_1_11' title="bbox 458 910 2030 985">
    <p class='ocr_par' dir='ltr' id='par_1_11' title="bbox 458 910 2030 985">
     <span class='ocr_line' id='line_1_11' title="bbox 458 910 2030 985; baseline -0.001 -18"><span class='ocrx_word' id='word_1_62' title='bbox 458 918 523 972; x_wconf 83' lang='lat' dir='ltr'>de</span> <span class='ocrx_word' id='word_1_63' title='bbox 550 912 661 966; x_wconf 87' lang='lat' dir='ltr'><strong><em>luce</em></strong></span> <span class='ocrx_word' id='word_1_64' title='bbox 682 911 838 980; x_wconf 83' lang='lat' dir='ltr'><strong><em>vigilo</em></strong></span> <span class='ocrx_word' id='word_1_65' title='bbox 857 913 925 973; x_wconf 80' lang='lat'>&quot;,</span> <span class='ocrx_word' id='word_1_66' title='bbox 957 912 1192 985; x_wconf 89' lang='lat' dir='ltr'><strong>primum</strong></span> <span class='ocrx_word' id='word_1_67' title='bbox 1220 910 1490 965; x_wconf 88' lang='lat' dir='ltr'><strong><em>emitteret</em></strong></span> <span class='ocrx_word' id='word_1_68' title='bbox 1515 910 1807 980; x_wconf 87' lang='lat' dir='ltr'><strong>hymnum;</strong></span> <span class='ocrx_word' id='word_1_69' title='bbox 1834 910 2030 966; x_wconf 89' lang='lat' dir='ltr'><strong>deinde</strong></span> 
     </span>
    </p>
   </div>
   <div class='ocr_carea' id='block_1_12' title="bbox 457 1000 2025 1075">
    <p class='ocr_par' dir='ltr' id='par_1_12' title="bbox 457 1000 2025 1075">
     <span class='ocr_line' id='line_1_12' title="bbox 457 1000 2025 1075; baseline -0.001 -20"><span class='ocrx_word' id='word_1_70' title='bbox 457 1004 699 1063; x_wconf 83' lang='lat' dir='ltr'>instante</span> <span class='ocrx_word' id='word_1_71' title='bbox 730 1001 838 1065; x_wconf 90' lang='lat' dir='ltr'><strong><em>die,</em></strong></span> <span class='ocrx_word' id='word_1_72' title='bbox 898 1001 1070 1075; x_wconf 84' lang='lat' dir='ltr'><strong>prima</strong></span> <span class='ocrx_word' id='word_1_73' title='bbox 1120 1001 1251 1053; x_wconf 87' lang='lat' dir='ltr'><strong>hora</strong></span> <span class='ocrx_word' id='word_1_74' title='bbox 1297 1000 1427 1063; x_wconf 88' lang='lat' dir='ltr'><strong>diei,</strong></span> <span class='ocrx_word' id='word_1_75' title='bbox 1485 1000 1640 1069; x_wconf 84' lang='lat' dir='ltr'><strong>quasi</strong></span> <span class='ocrx_word' id='word_1_76' title='bbox 1697 1001 2025 1054; x_wconf 83' lang='lat' dir='ltr'><strong>sacriﬁcium</strong></span> 
     </span>
    </p>
   </div>
   <div class='ocr_carea' id='block_1_13' title="bbox 459 1089 2024 1164">
    <p class='ocr_par' dir='ltr' id='par_1_13' title="bbox 459 1089 2024 1164">
     <span class='ocr_line' id='line_1_13' title="bbox 459 1089 2024 1164; baseline 0 -21"><span class='ocrx_word' id='word_1_77' title='bbox 459 1090 812 1151; x_wconf 90' lang='lat' dir='ltr'><strong>matutinum,</strong></span> <span class='ocrx_word' id='word_1_78' title='bbox 869 1091 1170 1147; x_wconf 87' lang='lat' dir='ltr'><strong>secundum</strong></span> <span class='ocrx_word' id='word_1_79' title='bbox 1204 1089 1466 1164; x_wconf 86' lang='lat' dir='ltr'><strong>hymnum</strong></span> <span class='ocrx_word' id='word_1_80' title='bbox 1514 1089 1625 1145; x_wconf 87' lang='lat' dir='ltr'>Deo</span> <span class='ocrx_word' id='word_1_81' title='bbox 1654 1090 2024 1159; x_wconf 84' lang='lat' dir='ltr'>persolveret;</span> 
     </span>
    </p>
   </div>
   <div class='ocr_carea' id='block_1_14' title="bbox 457 1180 2024 1247">
    <p class='ocr_par' dir='ltr' id='par_1_14' title="bbox 457 1180 2024 1247">
     <span class='ocr_line' id='line_1_14' title="bbox 457 1180 2024 1247; baseline -0.001 -12"><span class='ocrx_word' id='word_1_82' title='bbox 457 1180 592 1237; x_wconf 74' lang='lat' dir='ltr'><strong>liora</strong></span> <span class='ocrx_word' id='word_1_83' title='bbox 648 1180 899 1235; x_wconf 85' lang='lat' dir='ltr'><strong>similiter</strong></span> <span class='ocrx_word' id='word_1_84' title='bbox 943 1180 1129 1243; x_wconf 91' lang='lat' dir='ltr'><strong>tertia,</strong></span> <span class='ocrx_word' id='word_1_85' title='bbox 1183 1180 1309 1235; x_wconf 90' lang='lat' dir='ltr'><strong><em>item</em></strong></span> <span class='ocrx_word' id='word_1_86' title='bbox 1370 1181 1622 1247; x_wconf 90' lang='lat' dir='ltr'><strong>tertium;</strong></span> <span class='ocrx_word' id='word_1_87' title='bbox 1669 1189 1822 1237; x_wconf 80' lang='lat' dir='ltr'><strong>sexta</strong></span> <span class='ocrx_word' id='word_1_88' title='bbox 1872 1181 2024 1245; x_wconf 90' lang='lat' dir='ltr'><strong><em>item,</em></strong></span> 
     </span>
    </p>
   </div>
   <div class='ocr_carea' id='block_1_15' title="bbox 455 1271 2027 1345">
    <p class='ocr_par' dir='ltr' id='par_1_15' title="bbox 455 1271 2027 1345">
     <span class='ocr_line' id='line_1_15' title="bbox 455 1271 2027 1345; baseline 0.001 -22"><span class='ocrx_word' id='word_1_89' title='bbox 455 1280 747 1345; x_wconf 86' lang='lat' dir='ltr'><strong>quartum;</strong></span> <span class='ocrx_word' id='word_1_90' title='bbox 795 1286 961 1335; x_wconf 89' lang='lat' dir='ltr'><strong>nona,</strong></span> <span class='ocrx_word' id='word_1_91' title='bbox 998 1271 1286 1340; x_wconf 89' lang='lat' dir='ltr'><strong>quintum;</strong></span> <span class='ocrx_word' id='word_1_92' title='bbox 1334 1271 1657 1325; x_wconf 87' lang='lat' dir='ltr'><strong>duodecima</strong></span> <span class='ocrx_word' id='word_1_93' title='bbox 1693 1272 1848 1336; x_wconf 90' lang='lat' dir='ltr'><strong>hora,</strong></span> <span class='ocrx_word' id='word_1_94' title='bbox 1902 1286 2027 1326; x_wconf 82' lang='lat' dir='ltr'><strong>sex-</strong></span> 
     </span>
    </p>
   </div>
   <div class='ocr_carea' id='block_1_16' title="bbox 458 1360 2028 1431">
    <p class='ocr_par' dir='ltr' id='par_1_16' title="bbox 458 1360 2028 1431">
     <span class='ocr_line' id='line_1_16' title="bbox 458 1360 2028 1431; baseline 0.002 -18"><span class='ocrx_word' id='word_1_95' title='bbox 458 1367 574 1413; x_wconf 92' lang='lat' dir='ltr'><strong>tum</strong></span> <span class='ocrx_word' id='word_1_96' title='bbox 602 1377 617 1425; x_wconf 90' lang='lat'><strong>;</strong></span> <span class='ocrx_word' id='word_1_97' title='bbox 652 1360 851 1416; x_wconf 91' lang='lat' dir='ltr'><strong>deinde</strong></span> <span class='ocrx_word' id='word_1_98' title='bbox 883 1376 1109 1431; x_wconf 86' lang='lat' dir='ltr'><strong>vespera</strong></span> <span class='ocrx_word' id='word_1_99' title='bbox 1138 1368 1261 1431; x_wconf 89' lang='lat' dir='ltr'><strong>post</strong></span> <span class='ocrx_word' id='word_1_100' title='bbox 1286 1361 1583 1416; x_wconf 83' lang='lat' dir='ltr'><strong>adhibitam</strong></span> <span class='ocrx_word' id='word_1_101' title='bbox 1618 1363 1833 1431; x_wconf 89' lang='lat' dir='ltr'><strong>corpori</strong></span> <span class='ocrx_word' id='word_1_102' title='bbox 1866 1377 2028 1416; x_wconf 87' lang='lat' dir='ltr'><strong>cura-</strong></span> 
     </span>
    </p>
   </div>
   <div class='ocr_carea' id='block_1_17' title="bbox 456 1447 2024 1520">
    <p class='ocr_par' dir='ltr' id='par_1_17' title="bbox 456 1447 2024 1520">
     <span class='ocr_line' id='line_1_17' title="bbox 456 1447 2024 1520; baseline 0.001 -19"><span class='ocrx_word' id='word_1_103' title='bbox 456 1447 685 1513; x_wconf 89' lang='lat' dir='ltr'><strong><em>tionem,</em></strong></span> <span class='ocrx_word' id='word_1_104' title='bbox 729 1448 1020 1503; x_wconf 85' lang='lat' dir='ltr'><strong>adlectum</strong></span> <span class='ocrx_word' id='word_1_105' title='bbox 1053 1462 1401 1512; x_wconf 86' lang='lat' dir='ltr'>accessurus,</span> <span class='ocrx_word' id='word_1_106' title='bbox 1445 1450 1732 1519; x_wconf 89' lang='lat' dir='ltr'><strong>septimum</strong></span> <span class='ocrx_word' id='word_1_107' title='bbox 1765 1450 2024 1520; x_wconf 83' lang='lat' dir='ltr'><strong>hymnum</strong></span> 
     </span>
    </p>
   </div>
   <div class='ocr_carea' id='block_1_18' title="bbox 456 1537 2027 1617">
    <p class='ocr_par' dir='ltr' id='par_1_18' title="bbox 456 1537 2027 1617">
     <span class='ocr_line' id='line_1_18' title="bbox 456 1537 2027 1617; baseline 0.002 -26"><span class='ocrx_word' id='word_1_108' title='bbox 456 1537 761 1594; x_wconf 83' lang='lat' dir='ltr'><strong>ell‘underet</strong></span> <span class='ocrx_word' id='word_1_109' title='bbox 786 1556 800 1603; x_wconf 90' lang='lat'><strong>;</strong></span> <span class='ocrx_word' id='word_1_110' title='bbox 834 1545 997 1610; x_wconf 90' lang='lat' dir='ltr'><strong>atque</strong></span> <span class='ocrx_word' id='word_1_111' title='bbox 1035 1539 1110 1592; x_wconf 92' lang='lat' dir='ltr'>ita</span> <span class='ocrx_word' id='word_1_112' title='bbox 1138 1539 1393 1617; x_wconf 84' lang='lat' dir='ltr'>implebat</span> <span class='ocrx_word' id='word_1_113' title='bbox 1423 1540 1553 1597; x_wconf 90' lang='lat' dir='ltr'><strong>illud</strong></span> <span class='ocrx_word' id='word_1_114' title='bbox 1582 1558 1594 1593; x_wconf 91' lang='lat'>:</span> <span class='ocrx_word' id='word_1_115' title='bbox 1634 1537 1830 1611; x_wconf 76' lang='lat' dir='ltr'><strong><em>Septies</em></strong></span> <span class='ocrx_word' id='word_1_116' title='bbox 1860 1541 1915 1594; x_wconf 88' lang='lat' dir='ltr'><strong><em>in</em></strong></span> <span class='ocrx_word' id='word_1_117' title='bbox 1941 1539 2027 1594; x_wconf 86' lang='lat' dir='ltr'>die</span> 
     </span>
    </p>
   </div>
   <div class='ocr_carea' id='block_1_19' title="bbox 455 1628 947 1691">
    <p class='ocr_par' dir='ltr' id='par_1_19' title="bbox 455 1628 947 1691">
     <span class='ocr_line' id='line_1_19' title="bbox 455 1628 947 1691; baseline 0.002 -8"><span class='ocrx_word' id='word_1_118' title='bbox 455 1628 664 1691; x_wconf 82' lang='lat' dir='ltr'><strong><em>laudem</em></strong></span> <span class='ocrx_word' id='word_1_119' title='bbox 696 1630 809 1683; x_wconf 93' lang='lat' dir='ltr'><strong><em>dixi</em></strong></span> <span class='ocrx_word' id='word_1_120' title='bbox 836 1630 947 1689; x_wconf 84' lang='lat' dir='ltr'><strong><em>tibi.</em></strong></span> 
     </span>
    </p>
   </div>
   <div class='ocr_carea' id='block_1_20' title="bbox 2084 538 3713 614">
    <p class='ocr_par' dir='ltr' id='par_1_20' title="bbox 2084 538 3713 614">
     <span class='ocr_line' id='line_1_20' title="bbox 2084 538 3713 614; baseline 0.002 -21"><span class='ocrx_word' id='word_1_121' title='bbox 2084 552 2099 557; x_wconf 73' lang='lat'><em>‘</em></span> <span class='ocrx_word' id='word_1_122' title='bbox 2138 557 2212 594; x_wconf 85' lang='grc' dir='ltr'>σε</span> <span class='ocrx_word' id='word_1_123' title='bbox 2233 541 2329 594; x_wconf 73' lang='grc' dir='ltr'>ἐπὶ</span> <span class='ocrx_word' id='word_1_124' title='bbox 2358 540 2429 593; x_wconf 84' lang='grc' dir='ltr'>τὰ</span> <span class='ocrx_word' id='word_1_125' title='bbox 2453 540 2704 608; x_wconf 79' lang='grc' dir='ltr'>κρίματα</span> <span class='ocrx_word' id='word_1_126' title='bbox 2741 538 2848 607; x_wconf 80' lang='grc' dir='ltr'>τῆς</span> <span class='ocrx_word' id='word_1_127' title='bbox 2888 540 3282 608; x_wconf 79' lang='grc' dir='ltr'>δικαιοσύνης</span> <span class='ocrx_word' id='word_1_128' title='bbox 3306 558 3444 596; x_wconf 84' lang='grc' dir='ltr'>σου.</span> <span class='ocrx_word' id='word_1_129' title='bbox 3479 544 3713 614; x_wconf 80' lang='grc' dir='ltr'>Νοήσεις</span> 
     </span>
    </p>
   </div>
   <div class='ocr_carea' id='block_1_21' title="bbox 2134 630 3713 702">
    <p class='ocr_par' dir='ltr' id='par_1_21' title="bbox 2134 630 3713 702">
     <span class='ocr_line' id='line_1_21' title="bbox 2134 630 3713 702; baseline -0.001 -19"><span class='ocrx_word' id='word_1_130' title='bbox 2134 631 2227 683; x_wconf 74' lang='grc' dir='ltr'>καὶ</span> <span class='ocrx_word' id='word_1_131' title='bbox 2257 631 2426 693; x_wconf 76' lang='grc' dir='ltr'>οὓτως</span> <span class='ocrx_word' id='word_1_132' title='bbox 2452 631 2750 701; x_wconf 75' lang='grc' dir='ltr'>ἐπιστήσας</span> <span class='ocrx_word' id='word_1_133' title='bbox 2767 630 2842 693; x_wconf 84' lang='grc' dir='ltr'>ὡς</span> <span class='ocrx_word' id='word_1_134' title='bbox 2864 632 2968 702; x_wconf 87' lang='grc' dir='ltr'>πρὸ</span> <span class='ocrx_word' id='word_1_135' title='bbox 2993 631 3142 701; x_wconf 83' lang='grc' dir='ltr'>ήλίου</span> <span class='ocrx_word' id='word_1_136' title='bbox 3175 632 3588 702; x_wconf 84' lang='grc' dir='ltr'>διανιστάμενος</span> <span class='ocrx_word' id='word_1_137' title='bbox 3616 634 3713 701; x_wconf 69' lang='grc' dir='ltr'>τῆς</span> 
     </span>
    </p>
   </div>
   <div class='ocr_carea' id='block_1_22' title="bbox 2133 721 3711 791">
    <p class='ocr_par' dir='ltr' id='par_1_22' title="bbox 2133 721 3711 791">
     <span class='ocr_line' id='line_1_22' title="bbox 2133 721 3711 791; baseline 0.002 -18"><span class='ocrx_word' id='word_1_138' title='bbox 2133 721 2315 791; x_wconf 71' lang='grc' dir='ltr'>κοίτης</span> <span class='ocrx_word' id='word_1_139' title='bbox 2339 721 2477 775; x_wconf 87' lang='grc' dir='ltr'>κατά</span> <span class='ocrx_word' id='word_1_140' title='bbox 2512 722 2606 774; x_wconf 82' lang='grc' dir='ltr'>τὸν</span> <span class='ocrx_word' id='word_1_141' title='bbox 2642 721 2869 789; x_wconf 83' lang='grc' dir='ltr'>λέγοντα</span> <span class='ocrx_word' id='word_1_142' title='bbox 2894 739 2907 751; x_wconf 71' lang='grc' dir='ltr'>ο</span> <span class='ocrx_word' id='word_1_143' title='bbox 2951 723 3043 773; x_wconf 83' lang='grc' dir='ltr'>Ἐκ</span> <span class='ocrx_word' id='word_1_144' title='bbox 3086 722 3307 788; x_wconf 76' lang='grc' dir='ltr'>νυκτὸς</span> <span class='ocrx_word' id='word_1_145' title='bbox 3352 724 3603 790; x_wconf 65' lang='grc' dir='ltr'>ὀρθρίᾰιι</span> <span class='ocrx_word' id='word_1_146' title='bbox 3649 726 3711 776; x_wconf 83' lang='grc' dir='ltr'>τὸ</span> 
     </span>
    </p>
   </div>
   <div class='ocr_carea' id='block_1_23' title="bbox 2130 812 3712 881">
    <p class='ocr_par' dir='ltr' id='par_1_23' title="bbox 2130 812 3712 881">
     <span class='ocr_line' id='line_1_23' title="bbox 2130 812 3712 881; baseline 0.003 -17"><span class='ocrx_word' id='word_1_147' title='bbox 2130 813 2367 881; x_wconf 81' lang='grc' dir='ltr'>πνεῦμά</span> <span class='ocrx_word' id='word_1_148' title='bbox 2383 830 2504 881; x_wconf 84' lang='grc' dir='ltr'>μου</span> <span class='ocrx_word' id='word_1_149' title='bbox 2528 813 2678 880; x_wconf 76' lang='grc' dir='ltr'>πρὸς</span> <span class='ocrx_word' id='word_1_150' title='bbox 2704 812 2799 875; x_wconf 84' lang='grc' dir='ltr'>σὲ,</span> <span class='ocrx_word' id='word_1_151' title='bbox 2831 816 2863 866; x_wconf 90' lang='grc' dir='ltr'><strong><em>ό</em></strong></span> <span class='ocrx_word' id='word_1_152' title='bbox 2897 814 3039 878; x_wconf 81' lang='grc' dir='ltr'>Θεός</span> <span class='ocrx_word' id='word_1_153' title='bbox 3057 830 3070 842; x_wconf 88' lang='grc'><strong>·</strong></span> <span class='ocrx_word' id='word_1_154' title='bbox 3104 815 3217 876; x_wconf 79' lang='grc' dir='ltr'>καὶ,</span> <span class='ocrx_word' id='word_1_155' title='bbox 3251 818 3284 867; x_wconf 89' lang='grc' dir='ltr'><em>ὀ</em></span> <span class='ocrx_word' id='word_1_156' title='bbox 3312 816 3481 880; x_wconf 84' lang='grc' dir='ltr'>Θεὸς,</span> <span class='ocrx_word' id='word_1_157' title='bbox 3510 820 3543 867; x_wconf 85' lang='grc' dir='ltr'><em>ὀ</em></span> <span class='ocrx_word' id='word_1_158' title='bbox 3565 817 3712 880; x_wconf 73' lang='grc' dir='ltr'>Θεός</span> 
     </span>
    </p>
   </div>
   <div class='ocr_carea' id='block_1_24' title="bbox 2124 904 3706 976">
    <p class='ocr_par' dir='ltr' id='par_1_24' title="bbox 2124 904 3706 976">
     <span class='ocr_line' id='line_1_24' title="bbox 2124 904 3706 976; baseline 0 -17"><span class='ocrx_word' id='word_1_159' title='bbox 2124 923 2264 973; x_wconf 84' lang='grc' dir='ltr'>μου,</span> <span class='ocrx_word' id='word_1_160' title='bbox 2282 904 2431 973; x_wconf 82' lang='grc' dir='ltr'>πρὸς</span> <span class='ocrx_word' id='word_1_161' title='bbox 2450 904 2525 958; x_wconf 66' lang='grc' dir='ltr'>σὲ·</span> <span class='ocrx_word' id='word_1_162' title='bbox 2543 905 2795 972; x_wconf 78' lang='grc' dir='ltr'>ὀρθρίζω,</span> <span class='ocrx_word' id='word_1_163' title='bbox 2826 906 2915 958; x_wconf 80' lang='grc' dir='ltr'>τὸν</span> <span class='ocrx_word' id='word_1_164' title='bbox 2940 905 3154 975; x_wconf 84' lang='grc' dir='ltr'>πρῶτον</span> <span class='ocrx_word' id='word_1_165' title='bbox 3179 906 3496 976; x_wconf 82' lang='grc' dir='ltr'>ἀνέπεμπεν</span> <span class='ocrx_word' id='word_1_166' title='bbox 3519 907 3706 975; x_wconf 71' lang='grc' dir='ltr'>ὕμνονο</span> 
     </span>
    </p>
   </div>
   <div class='ocr_carea' id='block_1_25' title="bbox 2130 991 3713 1067">
    <p class='ocr_par' dir='ltr' id='par_1_25' title="bbox 2130 991 3713 1067">
     <span class='ocr_line' id='line_1_25' title="bbox 2130 991 3713 1067; baseline 0.001 -20"><span class='ocrx_word' id='word_1_167' title='bbox 2130 991 2227 1047; x_wconf 80' lang='grc' dir='ltr'>εἰτ’</span> <span class='ocrx_word' id='word_1_168' title='bbox 2242 994 2538 1063; x_wconf 75' lang='grc' dir='ltr'>ἐπιστάσης</span> <span class='ocrx_word' id='word_1_169' title='bbox 2556 994 2659 1063; x_wconf 83' lang='grc' dir='ltr'>ήμέ</span> <span class='ocrx_word' id='word_1_170' title='bbox 2669 1011 2783 1064; x_wconf 87' lang='grc' dir='ltr'>ρας,</span> <span class='ocrx_word' id='word_1_171' title='bbox 2805 994 2945 1046; x_wconf 86' lang='grc' dir='ltr'>κατά</span> <span class='ocrx_word' id='word_1_172' title='bbox 2965 995 3063 1064; x_wconf 83' lang='grc' dir='ltr'>τὴν</span> <span class='ocrx_word' id='word_1_173' title='bbox 3085 993 3305 1066; x_wconf 83' lang='grc' dir='ltr'>πρώτην</span> <span class='ocrx_word' id='word_1_174' title='bbox 3325 994 3499 1065; x_wconf 83' lang='grc' dir='ltr'>ὥραν,</span> <span class='ocrx_word' id='word_1_175' title='bbox 3521 997 3713 1067; x_wconf 63' lang='grc' dir='ltr'>ὥσπερ</span> 
     </span>
    </p>
   </div>
   <div class='ocr_carea' id='block_1_26' title="bbox 2129 1084 3712 1157">
    <p class='ocr_par' dir='ltr' id='par_1_26' title="bbox 2129 1084 3712 1157">
     <span class='ocr_line' id='line_1_26' title="bbox 2129 1084 3712 1157; baseline 0.001 -20"><span class='ocrx_word' id='word_1_176' title='bbox 2129 1084 2295 1137; x_wconf 79' lang='grc' dir='ltr'>ἕωθεν</span> <span class='ocrx_word' id='word_1_177' title='bbox 2332 1084 2431 1154; x_wconf 83' lang='grc' dir='ltr'>τὴν</span> <span class='ocrx_word' id='word_1_178' title='bbox 2477 1085 2665 1137; x_wconf 83' lang='grc' dir='ltr'>θυσίαν</span> <span class='ocrx_word' id='word_1_179' title='bbox 2714 1085 3017 1155; x_wconf 75' lang='grc' dir='ltr'>προσέφερε</span> <span class='ocrx_word' id='word_1_180' title='bbox 3056 1084 3135 1153; x_wconf 82' lang='grc' dir='ltr'>τῷ</span> <span class='ocrx_word' id='word_1_181' title='bbox 3166 1085 3284 1155; x_wconf 87' lang='grc' dir='ltr'>Θεῷ</span> <span class='ocrx_word' id='word_1_182' title='bbox 3314 1087 3407 1137; x_wconf 83' lang='grc' dir='ltr'>τὸν</span> <span class='ocrx_word' id='word_1_183' title='bbox 3433 1087 3712 1157; x_wconf 78' lang='grc' dir='ltr'>δεύτερον,</span> 
     </span>
    </p>
   </div>
   <div class='ocr_carea' id='block_1_27' title="bbox 2129 1173 3713 1244">
    <p class='ocr_par' dir='ltr' id='par_1_27' title="bbox 2129 1173 3713 1244">
     <span class='ocr_line' id='line_1_27' title="bbox 2129 1173 3713 1244; baseline 0.002 -19"><span class='ocrx_word' id='word_1_184' title='bbox 2129 1174 2219 1225; x_wconf 74' lang='grc' dir='ltr'>καὶ</span> <span class='ocrx_word' id='word_1_185' title='bbox 2248 1174 2387 1226; x_wconf 83' lang='grc' dir='ltr'>κατὰ</span> <span class='ocrx_word' id='word_1_186' title='bbox 2408 1174 2505 1242; x_wconf 80' lang='grc' dir='ltr'>τὴν</span> <span class='ocrx_word' id='word_1_187' title='bbox 2537 1174 2726 1244; x_wconf 78' lang='grc' dir='ltr'>τρίτην</span> <span class='ocrx_word' id='word_1_188' title='bbox 2762 1173 3021 1237; x_wconf 80' lang='grc' dir='ltr'>ὡσαύτως</span> <span class='ocrx_word' id='word_1_189' title='bbox 3058 1174 3157 1243; x_wconf 78' lang='grc' dir='ltr'>τὴν</span> <span class='ocrx_word' id='word_1_190' title='bbox 3182 1175 3384 1244; x_wconf 80' lang='grc' dir='ltr'>τρίτον,</span> <span class='ocrx_word' id='word_1_191' title='bbox 3419 1178 3516 1228; x_wconf 70' lang='grc' dir='ltr'>καὶ</span> <span class='ocrx_word' id='word_1_192' title='bbox 3554 1176 3713 1228; x_wconf 78' lang='grc' dir='ltr'>πάλιν</span> 
     </span>
    </p>
   </div>
   <div class='ocr_carea' id='block_1_28' title="bbox 2128 1260 3711 1336">
    <p class='ocr_par' dir='ltr' id='par_1_28' title="bbox 2128 1260 3711 1336">
     <span class='ocr_line' id='line_1_28' title="bbox 2128 1260 3711 1336; baseline 0.004 -23"><span class='ocrx_word' id='word_1_193' title='bbox 2128 1260 2270 1327; x_wconf 83' lang='grc' dir='ltr'>κατά</span> <span class='ocrx_word' id='word_1_194' title='bbox 2312 1261 2410 1331; x_wconf 80' lang='grc' dir='ltr'>τὴν</span> <span class='ocrx_word' id='word_1_195' title='bbox 2456 1261 2621 1332; x_wconf 84' lang='grc' dir='ltr'>’ἐκτην</span> <span class='ocrx_word' id='word_1_196' title='bbox 2662 1262 2753 1314; x_wconf 82' lang='grc' dir='ltr'>τὸν</span> <span class='ocrx_word' id='word_1_197' title='bbox 2801 1262 3078 1333; x_wconf 81' lang='grc' dir='ltr'>τέταρτον,</span> <span class='ocrx_word' id='word_1_198' title='bbox 3112 1264 3250 1316; x_wconf 86' lang='grc' dir='ltr'>κατά</span> <span class='ocrx_word' id='word_1_199' title='bbox 3299 1263 3355 1315; x_wconf 82' lang='grc' dir='ltr'>δὲ</span> <span class='ocrx_word' id='word_1_200' title='bbox 3388 1264 3489 1334; x_wconf 79' lang='grc' dir='ltr'>τήν</span> <span class='ocrx_word' id='word_1_201' title='bbox 3516 1266 3711 1336; x_wconf 76' lang='grc' dir='ltr'>ἐνάτην</span> 
     </span>
    </p>
   </div>
   <div class='ocr_carea' id='block_1_29' title="bbox 2127 1349 3704 1422">
    <p class='ocr_par' dir='ltr' id='par_1_29' title="bbox 2127 1349 3704 1422">
     <span class='ocr_line' id='line_1_29' title="bbox 2127 1349 3704 1422; baseline 0.004 -22"><span class='ocrx_word' id='word_1_202' title='bbox 2127 1349 2275 1420; x_wconf 83' lang='grc' dir='ltr'>ὤραν</span> <span class='ocrx_word' id='word_1_203' title='bbox 2306 1350 2396 1402; x_wconf 82' lang='grc' dir='ltr'>τὸν</span> <span class='ocrx_word' id='word_1_204' title='bbox 2420 1350 2685 1420; x_wconf 83' lang='grc' dir='ltr'>πέμπτον,</span> <span class='ocrx_word' id='word_1_205' title='bbox 2717 1350 2857 1404; x_wconf 86' lang='grc' dir='ltr'>κατά</span> <span class='ocrx_word' id='word_1_206' title='bbox 2889 1350 2945 1403; x_wconf 81' lang='grc' dir='ltr'>δὲ</span> <span class='ocrx_word' id='word_1_207' title='bbox 2969 1351 3063 1420; x_wconf 85' lang='grc' dir='ltr'>τὴν</span> <span class='ocrx_word' id='word_1_208' title='bbox 3085 1351 3391 1422; x_wconf 82' lang='grc' dir='ltr'>δωδεκάτην</span> <span class='ocrx_word' id='word_1_209' title='bbox 3410 1355 3504 1407; x_wconf 76' lang='grc' dir='ltr'>τὸν</span> <span class='ocrx_word' id='word_1_210' title='bbox 3527 1356 3704 1419; x_wconf 73' lang='grc' dir='ltr'>ἕκτον,</span> 
     </span>
    </p>
   </div>
   <div class='ocr_carea' id='block_1_30' title="bbox 2128 1435 3705 1513">
    <p class='ocr_par' dir='ltr' id='par_1_30' title="bbox 2128 1435 3705 1513">
     <span class='ocr_line' id='line_1_30' title="bbox 2128 1435 3705 1513; baseline 0.003 -21"><span class='ocrx_word' id='word_1_211' title='bbox 2128 1435 2227 1492; x_wconf 79' lang='grc' dir='ltr'>εἶθ’</span> <span class='ocrx_word' id='word_1_212' title='bbox 2260 1440 2499 1511; x_wconf 75' lang='grc' dir='ltr'>ἑσπέρας</span> <span class='ocrx_word' id='word_1_213' title='bbox 2546 1441 2682 1509; x_wconf 86' lang='grc' dir='ltr'>μετά</span> <span class='ocrx_word' id='word_1_214' title='bbox 2726 1441 2824 1511; x_wconf 82' lang='grc' dir='ltr'>τὴν</span> <span class='ocrx_word' id='word_1_215' title='bbox 2851 1440 2945 1493; x_wconf 88' lang='grc' dir='ltr'>τοῦ</span> <span class='ocrx_word' id='word_1_216' title='bbox 2976 1441 3225 1511; x_wconf 86' lang='grc' dir='ltr'>σώματος</span> <span class='ocrx_word' id='word_1_217' title='bbox 3258 1443 3582 1513; x_wconf 86' lang='grc' dir='ltr'>θεραπείαν,</span> <span class='ocrx_word' id='word_1_218' title='bbox 3611 1446 3705 1497; x_wconf 74' lang='grc' dir='ltr'>ἐπὶ</span> 
     </span>
    </p>
   </div>
   <div class='ocr_carea' id='block_1_31' title="bbox 2128 1530 3700 1602">
    <p class='ocr_par' dir='ltr' id='par_1_31' title="bbox 2128 1530 3700 1602">
     <span class='ocr_line' id='line_1_31' title="bbox 2128 1530 3700 1602; baseline 0.003 -19"><span class='ocrx_word' id='word_1_219' title='bbox 2128 1530 2311 1601; x_wconf 84' lang='grc' dir='ltr'>κοίτην</span> <span class='ocrx_word' id='word_1_220' title='bbox 2341 1530 2546 1600; x_wconf 80' lang='grc' dir='ltr'>μέλλων</span> <span class='ocrx_word' id='word_1_221' title='bbox 2572 1531 2865 1601; x_wconf 85' lang='grc' dir='ltr'>τρέπεσθαι</span> <span class='ocrx_word' id='word_1_222' title='bbox 2910 1531 2999 1585; x_wconf 85' lang='grc' dir='ltr'>τὸν</span> <span class='ocrx_word' id='word_1_223' title='bbox 3044 1531 3270 1602; x_wconf 69' lang='grc' dir='ltr'>ἕϐδομον</span> <span class='ocrx_word' id='word_1_224' title='bbox 3316 1533 3487 1602; x_wconf 79' lang='grc' dir='ltr'>ὕμνον</span> <span class='ocrx_word' id='word_1_225' title='bbox 3516 1536 3700 1587; x_wconf 80' lang='grc' dir='ltr'>ἀπεδί-</span> 
     </span>
    </p>
   </div>
   <div class='ocr_carea' id='block_1_32' title="bbox 2126 1619 3703 1693">
    <p class='ocr_par' dir='ltr' id='par_1_32' title="bbox 2126 1619 3703 1693">
     <span class='ocr_line' id='line_1_32' title="bbox 2126 1619 3703 1693; baseline 0.003 -21"><span class='ocrx_word' id='word_1_226' title='bbox 2126 1621 2239 1685; x_wconf 83' lang='grc' dir='ltr'>δου,</span> <span class='ocrx_word' id='word_1_227' title='bbox 2278 1622 2371 1674; x_wconf 73' lang='grc' dir='ltr'>καὶ</span> <span class='ocrx_word' id='word_1_228' title='bbox 2420 1619 2592 1684; x_wconf 72' lang='grc' dir='ltr'>οὕτως</span> <span class='ocrx_word' id='word_1_229' title='bbox 2621 1620 2855 1691; x_wconf 74' lang='grc' dir='ltr'>ἐπλήρου</span> <span class='ocrx_word' id='word_1_230' title='bbox 2888 1622 2983 1673; x_wconf 85' lang='grc' dir='ltr'>τό·</span> <span class='ocrx_word' id='word_1_231' title='bbox 3027 1621 3299 1689; x_wconf 80' lang='grc' dir='ltr'>Ἑπτάκις</span> <span class='ocrx_word' id='word_1_232' title='bbox 3330 1623 3442 1691; x_wconf 82' lang='grc' dir='ltr'>τῆς</span> <span class='ocrx_word' id='word_1_233' title='bbox 3478 1625 3703 1693; x_wconf 76' lang='grc' dir='ltr'>ἡμέρας</span> 
     </span>
    </p>
   </div>
   <div class='ocr_carea' id='block_1_33' title="bbox 2128 1711 2448 1779">
    <p class='ocr_par' dir='ltr' id='par_1_33' title="bbox 2128 1711 2448 1779">
     <span class='ocr_line' id='line_1_33' title="bbox 2128 1711 2448 1779; baseline 0 -16"><span class='ocrx_word' id='word_1_234' title='bbox 2128 1711 2319 1779; x_wconf 76' lang='grc' dir='ltr'>ῇνεσά</span> <span class='ocrx_word' id='word_1_235' title='bbox 2356 1725 2448 1763; x_wconf 80' lang='grc' dir='ltr'>σε.</span> 
     </span>
    </p>
   </div>
   <div class='ocr_carea' id='block_1_34' title="bbox 527 1784 2020 1875">
    <p class='ocr_par' dir='ltr' id='par_1_34' title="bbox 527 1801 2020 1875">
     <span class='ocr_line' id='line_1_34' title="bbox 527 1801 2020 1875; baseline 0.002 -21"><span class='ocrx_word' id='word_1_236' title='bbox 527 1801 693 1857; x_wconf 72' lang='lat' dir='ltr'><strong><em>Vens.</em></strong></span> <span class='ocrx_word' id='word_1_237' title='bbox 729 1802 854 1857; x_wconf 79' lang='grc'>165.</span> <span class='ocrx_word' id='word_1_238' title='bbox 907 1802 1027 1856; x_wconf 88' lang='lat' dir='ltr'><strong><em>Pax</em></strong></span> <span class='ocrx_word' id='word_1_239' title='bbox 1064 1804 1232 1857; x_wconf 77' lang='lat' dir='ltr'><strong><em>ntulta</em></strong></span> <span class='ocrx_word' id='word_1_240' title='bbox 1264 1803 1597 1874; x_wconf 82' lang='lat' dir='ltr'><strong><em>diligentibus</em></strong></span> <span class='ocrx_word' id='word_1_241' title='bbox 1645 1806 1805 1875; x_wconf 86' lang='lat' dir='ltr'><strong><em>legem</em></strong></span> <span class='ocrx_word' id='word_1_242' title='bbox 1854 1813 2020 1870; x_wconf 86' lang='lat' dir='ltr'><strong><em>tuam,</em></strong></span> 
     </span>
    </p>
   </div>
   <div class='ocr_carea' id='block_1_35' title="bbox 2124 1784 3703 1875">
    <p class='ocr_par' dir='ltr' id='par_1_35' title="bbox 2194 1800 3703 1872">
     <span class='ocr_line' id='line_1_35' title="bbox 2194 1800 3703 1872; baseline 0.003 -18"><span class='ocrx_word' id='word_1_243' title='bbox 2194 1800 2419 1868; x_wconf 81' lang='grc' dir='ltr'>Εἰρήνη</span> <span class='ocrx_word' id='word_1_244' title='bbox 2447 1800 2645 1869; x_wconf 68' lang='grc' dir='ltr'>πολλὴ</span> <span class='ocrx_word' id='word_1_245' title='bbox 2672 1802 2795 1868; x_wconf 82' lang='grc' dir='ltr'>τοῖς</span> <span class='ocrx_word' id='word_1_246' title='bbox 2826 1802 3095 1871; x_wconf 75' lang='grc' dir='ltr'>ἀγαπῶσι</span> <span class='ocrx_word' id='word_1_247' title='bbox 3109 1803 3215 1856; x_wconf 78' lang='grc' dir='ltr'>τὸν</span> <span class='ocrx_word' id='word_1_248' title='bbox 3236 1804 3427 1872; x_wconf 78' lang='grc' dir='ltr'>νόμον</span> <span class='ocrx_word' id='word_1_249' title='bbox 3450 1805 3703 1870; x_wconf 79' lang='grc' dir='ltr'>σου,καί</span> 
     </span>
    </p>
   </div>
   <div class='ocr_carea' id='block_1_36' title="bbox 453 1894 2024 1968">
    <p class='ocr_par' dir='ltr' id='par_1_36' title="bbox 453 1894 2024 1968">
     <span class='ocr_line' id='line_1_36' title="bbox 453 1894 2024 1968; baseline -0.003 -16"><span class='ocrx_word' id='word_1_250' title='bbox 453 1902 504 1951; x_wconf 78' lang='lat' dir='ltr'><strong><em>et</em></strong></span> <span class='ocrx_word' id='word_1_251' title='bbox 535 1909 638 1947; x_wconf 82' lang='lat' dir='ltr'><strong>non</strong></span> <span class='ocrx_word' id='word_1_252' title='bbox 658 1901 736 1947; x_wconf 86' lang='lat' dir='ltr'>est</span> <span class='ocrx_word' id='word_1_253' title='bbox 767 1894 878 1948; x_wconf 88' lang='lat' dir='ltr'><strong><em>illis</em></strong></span> <span class='ocrx_word' id='word_1_254' title='bbox 904 1894 1238 1951; x_wconf 82' lang='lat' dir='ltr'><strong><em>scandalum.</em></strong></span> <span class='ocrx_word' id='word_1_255' title='bbox 1305 1894 1400 1950; x_wconf 88' lang='lat' dir='ltr'>Dei</span> <span class='ocrx_word' id='word_1_256' title='bbox 1439 1910 1635 1950; x_wconf 88' lang='lat' dir='ltr'><strong>nomen</strong></span> <span class='ocrx_word' id='word_1_257' title='bbox 1676 1894 1897 1968; x_wconf 79' lang='lat' dir='ltr'><strong>[legem]</strong></span> <span class='ocrx_word' id='word_1_258' title='bbox 1940 1895 2024 1948; x_wconf 88' lang='lat' dir='ltr'><strong>di-</strong></span> 
     </span>
    </p>
   </div>
   <div class='ocr_carea' id='block_1_37' title="bbox 457 1982 2023 2056">
    <p class='ocr_par' dir='ltr' id='par_1_37' title="bbox 457 1982 2023 2056">
     <span class='ocr_line' id='line_1_37' title="bbox 457 1982 2023 2056; baseline -0.002 -15"><span class='ocrx_word' id='word_1_259' title='bbox 457 1982 749 2055; x_wconf 83' lang='lat' dir='ltr'><strong>ligentibus</strong></span> <span class='ocrx_word' id='word_1_260' title='bbox 776 1998 878 2055; x_wconf 89' lang='lat' dir='ltr'>pax</span> <span class='ocrx_word' id='word_1_261' title='bbox 908 1985 1049 2039; x_wconf 85' lang='lat' dir='ltr'><strong>inest</strong></span> <span class='ocrx_word' id='word_1_262' title='bbox 1072 1984 1238 2037; x_wconf 90' lang='lat' dir='ltr'><strong>multa</strong></span> <span class='ocrx_word' id='word_1_263' title='bbox 1263 2003 1278 2051; x_wconf 89' lang='lat'><strong>;</strong></span> <span class='ocrx_word' id='word_1_264' title='bbox 1314 1999 1423 2039; x_wconf 93' lang='lat' dir='ltr'>non</span> <span class='ocrx_word' id='word_1_265' title='bbox 1450 1986 1629 2056; x_wconf 89' lang='lat' dir='ltr'><strong>qualis</strong></span> <span class='ocrx_word' id='word_1_266' title='bbox 1646 1992 1870 2040; x_wconf 85' lang='lat' dir='ltr'><strong>externa</strong></span> <span class='ocrx_word' id='word_1_267' title='bbox 1897 2001 1909 2035; x_wconf 89' lang='lat'><strong>:</strong></span> <span class='ocrx_word' id='word_1_268' title='bbox 1932 1984 2023 2038; x_wconf 88' lang='lat' dir='ltr'><strong>illa</strong></span> 
     </span>
    </p>
   </div>
   <div class='ocr_carea' id='block_1_38' title="bbox 454 2075 2023 2147">
    <p class='ocr_par' dir='ltr' id='par_1_38' title="bbox 454 2075 2023 2147">
     <span class='ocr_line' id='line_1_38' title="bbox 454 2075 2023 2147; baseline 0.003 -22"><span class='ocrx_word' id='word_1_269' title='bbox 454 2076 657 2147; x_wconf 83' lang='lat' dir='ltr'>quippe</span> <span class='ocrx_word' id='word_1_270' title='bbox 680 2088 789 2128; x_wconf 91' lang='lat' dir='ltr'>non</span> <span class='ocrx_word' id='word_1_271' title='bbox 821 2089 991 2145; x_wconf 90' lang='lat' dir='ltr'><strong>penes</strong></span> <span class='ocrx_word' id='word_1_272' title='bbox 1047 2090 1149 2131; x_wconf 91' lang='lat' dir='ltr'><strong>nos</strong></span> <span class='ocrx_word' id='word_1_273' title='bbox 1194 2084 1314 2143; x_wconf 91' lang='lat' dir='ltr'><strong><em>est;</em></strong></span> <span class='ocrx_word' id='word_1_274' title='bbox 1352 2077 1446 2131; x_wconf 92' lang='lat' dir='ltr'><strong>sed</strong></span> <span class='ocrx_word' id='word_1_275' title='bbox 1477 2091 1539 2131; x_wconf 87' lang='lat' dir='ltr'>ea</span> <span class='ocrx_word' id='word_1_276' title='bbox 1572 2092 1693 2147; x_wconf 62' lang='lat' dir='ltr'><strong>qua:</strong></span> <span class='ocrx_word' id='word_1_277' title='bbox 1724 2077 1777 2129; x_wconf 93' lang='lat' dir='ltr'>in</span> <span class='ocrx_word' id='word_1_278' title='bbox 1813 2075 2023 2146; x_wconf 83' lang='lat' dir='ltr'><strong>cogita-</strong></span> 
     </span>
    </p>
   </div>
   <div class='ocr_carea' id='block_1_39' title="bbox 454 2164 2020 2236">
    <p class='ocr_par' dir='ltr' id='par_1_39' title="bbox 454 2164 2020 2236">
     <span class='ocr_line' id='line_1_39' title="bbox 454 2164 2020 2236; baseline 0.001 -16"><span class='ocrx_word' id='word_1_279' title='bbox 454 2164 700 2220; x_wconf 79' lang='lat' dir='ltr'><strong>tionibus</strong></span> <span class='ocrx_word' id='word_1_280' title='bbox 729 2165 832 2219; x_wconf 90' lang='lat' dir='ltr'><strong>sila</strong></span> <span class='ocrx_word' id='word_1_281' title='bbox 867 2171 972 2229; x_wconf 89' lang='lat' dir='ltr'><strong>est,</strong></span> <span class='ocrx_word' id='word_1_282' title='bbox 1009 2181 1074 2220; x_wconf 86' lang='lat' dir='ltr'><strong>ex</strong></span> <span class='ocrx_word' id='word_1_283' title='bbox 1104 2181 1213 2236; x_wconf 90' lang='lat' dir='ltr'>qua</span> <span class='ocrx_word' id='word_1_284' title='bbox 1255 2166 1588 2222; x_wconf 88' lang='lat' dir='ltr'><strong>turbationis</strong></span> <span class='ocrx_word' id='word_1_285' title='bbox 1631 2174 1686 2222; x_wconf 92' lang='lat' dir='ltr'>et</span> <span class='ocrx_word' id='word_1_286' title='bbox 1733 2167 2020 2231; x_wconf 86' lang='lat' dir='ltr'><strong><em>tumultus,</em></strong></span> 
     </span>
    </p>
   </div>
   <div class='ocr_carea' id='block_1_40' title="bbox 452 2254 2023 2328">
    <p class='ocr_par' dir='ltr' id='par_1_40' title="bbox 452 2254 2023 2328">
     <span class='ocr_line' id='line_1_40' title="bbox 452 2254 2023 2328; baseline 0.003 -20"><span class='ocrx_word' id='word_1_287' title='bbox 452 2270 575 2324; x_wconf 77' lang='lat' dir='ltr'><strong>qua:</strong></span> <span class='ocrx_word' id='word_1_288' title='bbox 615 2270 681 2309; x_wconf 77' lang='lat' dir='ltr'>ex</span> <span class='ocrx_word' id='word_1_289' title='bbox 724 2254 1016 2311; x_wconf 64' lang='lat' dir='ltr'><strong>affectuum</strong></span> <span class='ocrx_word' id='word_1_290' title='bbox 1083 2257 1358 2312; x_wconf 86' lang='lat' dir='ltr'><strong>vacuitate</strong></span> <span class='ocrx_word' id='word_1_291' title='bbox 1409 2257 1650 2328; x_wconf 74' lang='lat' dir='ltr'><strong>gignitur</strong></span> <span class='ocrx_word' id='word_1_292' title='bbox 1704 2258 2023 2312; x_wconf 90' lang='lat' dir='ltr'><strong>immunitas</strong></span> 
     </span>
    </p>
   </div>
   <div class='ocr_carea' id='block_1_41' title="bbox 453 2341 2022 2415">
    <p class='ocr_par' dir='ltr' id='par_1_41' title="bbox 453 2341 2022 2415">
     <span class='ocr_line' id='line_1_41' title="bbox 453 2341 2022 2415; baseline 0.003 -20"><span class='ocrx_word' id='word_1_293' title='bbox 453 2342 693 2397; x_wconf 79' lang='lat' dir='ltr'><strong>exsistit.</strong></span> <span class='ocrx_word' id='word_1_294' title='bbox 727 2341 881 2397; x_wconf 82' lang='lat' dir='ltr'><strong>Hanc</strong></span> <span class='ocrx_word' id='word_1_295' title='bbox 907 2359 1016 2397; x_wconf 91' lang='lat' dir='ltr'>una</span> <span class='ocrx_word' id='word_1_296' title='bbox 1048 2357 1173 2397; x_wconf 90' lang='lat' dir='ltr'>cum</span> <span class='ocrx_word' id='word_1_297' title='bbox 1220 2346 1543 2415; x_wconf 79' lang='lat' dir='ltr'><strong>congruenti</strong></span> <span class='ocrx_word' id='word_1_298' title='bbox 1590 2346 1761 2415; x_wconf 88' lang='lat' dir='ltr'><strong>gratia</strong></span> <span class='ocrx_word' id='word_1_299' title='bbox 1793 2360 2022 2414; x_wconf 86' lang='lat' dir='ltr'><strong>accepe-</strong></span> 
     </span>
    </p>
   </div>
   <div class='ocr_carea' id='block_1_42' title="bbox 453 2432 2023 2502">
    <p class='ocr_par' dir='ltr' id='par_1_42' title="bbox 453 2432 2023 2502">
     <span class='ocr_line' id='line_1_42' title="bbox 453 2432 2023 2502; baseline 0.003 -15"><span class='ocrx_word' id='word_1_300' title='bbox 453 2440 605 2497; x_wconf 91' lang='lat' dir='ltr'><strong>runt,</strong></span> <span class='ocrx_word' id='word_1_301' title='bbox 631 2434 725 2502; x_wconf 90' lang='lat' dir='ltr'><strong>qui</strong></span> <span class='ocrx_word' id='word_1_302' title='bbox 759 2448 877 2487; x_wconf 91' lang='lat' dir='ltr'><strong>eam</strong></span> <span class='ocrx_word' id='word_1_303' title='bbox 903 2449 933 2487; x_wconf 87' lang='lat' dir='ltr'>a</span> <span class='ocrx_word' id='word_1_304' title='bbox 958 2432 1067 2487; x_wconf 91' lang='lat' dir='ltr'><strong>Deo</strong></span> <span class='ocrx_word' id='word_1_305' title='bbox 1100 2433 1259 2489; x_wconf 84' lang='lat' dir='ltr'><strong><em>Patre</em></strong></span> <span class='ocrx_word' id='word_1_306' title='bbox 1287 2444 1341 2489; x_wconf 93' lang='lat' dir='ltr'><strong><em>et</em></strong></span> <span class='ocrx_word' id='word_1_307' title='bbox 1378 2434 1606 2490; x_wconf 88' lang='lat' dir='ltr'><strong>Domino</strong></span> <span class='ocrx_word' id='word_1_308' title='bbox 1640 2435 1771 2491; x_wconf 87' lang='lat' dir='ltr'><strong>Jesu</strong></span> <span class='ocrx_word' id='word_1_309' title='bbox 1802 2438 2023 2491; x_wconf 80' lang='lat' dir='ltr'><strong>Christo</strong></span> 
     </span>
    </p>
   </div>
   <div class='ocr_carea' id='block_1_43' title="bbox 456 2521 2025 2594">
    <p class='ocr_par' dir='ltr' id='par_1_43' title="bbox 456 2521 2025 2594">
     <span class='ocr_line' id='line_1_43' title="bbox 456 2521 2025 2594; baseline 0.003 -19"><span class='ocrx_word' id='word_1_310' title='bbox 456 2522 605 2576; x_wconf 85' lang='lat' dir='ltr'><strong>nacti</strong></span> <span class='ocrx_word' id='word_1_311' title='bbox 641 2530 790 2576; x_wconf 92' lang='lat' dir='ltr'><strong>sunt.</strong></span> <span class='ocrx_word' id='word_1_312' title='bbox 823 2521 959 2576; x_wconf 86' lang='lat' dir='ltr'>Cum</span> <span class='ocrx_word' id='word_1_313' title='bbox 991 2524 1138 2577; x_wconf 92' lang='lat' dir='ltr'><strong><em>illam</em></strong></span> <span class='ocrx_word' id='word_1_314' title='bbox 1166 2524 1351 2592; x_wconf 88' lang='lat' dir='ltr'><strong>itaque</strong></span> <span class='ocrx_word' id='word_1_315' title='bbox 1389 2524 1443 2578; x_wconf 91' lang='lat' dir='ltr'><strong>in</strong></span> <span class='ocrx_word' id='word_1_316' title='bbox 1482 2525 1701 2578; x_wconf 89' lang='lat' dir='ltr'><strong>nomine</strong></span> <span class='ocrx_word' id='word_1_317' title='bbox 1725 2524 1816 2579; x_wconf 88' lang='lat' dir='ltr'><strong><em>Dei</em></strong></span> <span class='ocrx_word' id='word_1_318' title='bbox 1845 2526 2025 2594; x_wconf 84' lang='lat' dir='ltr'><strong>possi-</strong></span> 
     </span>
    </p>
   </div>
   <div class='ocr_carea' id='block_1_44' title="bbox 454 2609 2023 2679">
    <p class='ocr_par' dir='ltr' id='par_1_44' title="bbox 454 2609 2023 2679">
     <span class='ocr_line' id='line_1_44' title="bbox 454 2609 2023 2679; baseline 0.003 -16"><span class='ocrx_word' id='word_1_319' title='bbox 454 2610 646 2674; x_wconf 84' lang='lat' dir='ltr'><strong><em>deant,</em></strong></span> <span class='ocrx_word' id='word_1_320' title='bbox 672 2617 862 2679; x_wconf 82' lang='lat' dir='ltr'><strong>utpote</strong></span> <span class='ocrx_word' id='word_1_321' title='bbox 903 2611 1100 2665; x_wconf 80' lang='lat' dir='ltr'><strong>eximie</strong></span> <span class='ocrx_word' id='word_1_322' title='bbox 1133 2609 1382 2679; x_wconf 82' lang='lat' dir='ltr'><strong>perfecti.</strong></span> <span class='ocrx_word' id='word_1_323' title='bbox 1436 2610 1752 2666; x_wconf 87' lang='lat' dir='ltr'><strong>scandalum</strong></span> <span class='ocrx_word' id='word_1_324' title='bbox 1788 2628 1897 2667; x_wconf 94' lang='lat' dir='ltr'>non</span> <span class='ocrx_word' id='word_1_325' title='bbox 1924 2612 2023 2666; x_wconf 89' lang='lat' dir='ltr'><strong>ha-</strong></span> 
     </span>
    </p>
   </div>
   <div class='ocr_carea' id='block_1_45' title="bbox 453 2700 2021 2769">
    <p class='ocr_par' dir='ltr' id='par_1_45' title="bbox 453 2700 2021 2769">
     <span class='ocr_line' id='line_1_45' title="bbox 453 2700 2021 2769; baseline -0.001 -10"><span class='ocrx_word' id='word_1_326' title='bbox 453 2702 585 2759; x_wconf 85' lang='lat' dir='ltr'><strong>bent</strong></span> <span class='ocrx_word' id='word_1_327' title='bbox 616 2701 673 2755; x_wconf 92' lang='lat' dir='ltr'>in</span> <span class='ocrx_word' id='word_1_328' title='bbox 721 2700 1034 2769; x_wconf 90' lang='lat' dir='ltr'><strong>semetipsis</strong></span> <span class='ocrx_word' id='word_1_329' title='bbox 1086 2717 1099 2753; x_wconf 92' lang='lat'><strong>:</strong></span> <span class='ocrx_word' id='word_1_330' title='bbox 1153 2715 1279 2754; x_wconf 92' lang='lat' dir='ltr'>nam</span> <span class='ocrx_word' id='word_1_331' title='bbox 1341 2701 1661 2769; x_wconf 89' lang='lat' dir='ltr'><strong>pusillorum</strong></span> <span class='ocrx_word' id='word_1_332' title='bbox 1706 2702 1859 2766; x_wconf 90' lang='lat' dir='ltr'><strong>illud,</strong></span> <span class='ocrx_word' id='word_1_333' title='bbox 1912 2718 2021 2757; x_wconf 90' lang='lat' dir='ltr'>non</span> 
     </span>
    </p>
   </div>
   <div class='ocr_carea' id='block_1_46' title="bbox 451 2791 2023 2861">
    <p class='ocr_par' dir='ltr' id='par_1_46' title="bbox 451 2791 2023 2861">
     <span class='ocr_line' id='line_1_46' title="bbox 451 2791 2023 2861; baseline 0.001 -17"><span class='ocrx_word' id='word_1_334' title='bbox 451 2805 584 2845; x_wconf 85' lang='lat' dir='ltr'><strong>vero</strong></span> <span class='ocrx_word' id='word_1_335' title='bbox 617 2791 1057 2861; x_wconf 68' lang='lat' dir='ltr'><strong>prmstantiorum</strong></span> <span class='ocrx_word' id='word_1_336' title='bbox 1094 2798 1200 2853; x_wconf 89' lang='lat' dir='ltr'><strong>est,</strong></span> <span class='ocrx_word' id='word_1_337' title='bbox 1257 2791 1714 2861; x_wconf 87' lang='lat' dir='ltr'><strong>quemadmodum</strong></span> <span class='ocrx_word' id='word_1_338' title='bbox 1771 2793 1847 2845; x_wconf 89' lang='lat' dir='ltr'><strong>ait</strong></span> <span class='ocrx_word' id='word_1_339' title='bbox 1896 2792 2023 2847; x_wconf 86' lang='lat' dir='ltr'><strong>Scr-</strong></span> 
     </span>
    </p>
   </div>
   <div class='ocr_carea' id='block_1_47' title="bbox 453 2880 2022 2951">
    <p class='ocr_par' dir='ltr' id='par_1_47' title="bbox 453 2880 2022 2951">
     <span class='ocr_line' id='line_1_47' title="bbox 453 2880 2022 2951; baseline 0.001 -16"><span class='ocrx_word' id='word_1_340' title='bbox 453 2888 612 2935; x_wconf 83' lang='lat' dir='ltr'><strong>vatur</strong></span> <span class='ocrx_word' id='word_1_341' title='bbox 663 2897 679 2935; x_wconf 89' lang='lat'><strong>:</strong></span> <span class='ocrx_word' id='word_1_342' title='bbox 742 2880 924 2935; x_wconf 84' lang='lat' dir='ltr'><strong><em>Videte</em></strong></span> <span class='ocrx_word' id='word_1_343' title='bbox 973 2898 1036 2935; x_wconf 85' lang='lat' dir='ltr'><strong><em>ne</em></strong></span> <span class='ocrx_word' id='word_1_344' title='bbox 1066 2881 1443 2935; x_wconf 72' lang='lat' dir='ltr'><strong><em>scandalizetis</em></strong></span> <span class='ocrx_word' id='word_1_345' title='bbox 1494 2898 1653 2935; x_wconf 85' lang='lat' dir='ltr'><strong><em>unum</em></strong></span> <span class='ocrx_word' id='word_1_346' title='bbox 1702 2882 1765 2936; x_wconf 81' lang='lat' dir='ltr'>de</span> <span class='ocrx_word' id='word_1_347' title='bbox 1813 2884 2022 2951; x_wconf 83' lang='lat' dir='ltr'><strong><em>pusillis</em></strong></span> 
     </span>
    </p>
   </div>
   <div class='ocr_carea' id='block_1_48' title="bbox 452 2971 2022 3043">
    <p class='ocr_par' dir='ltr' id='par_1_48' title="bbox 452 2971 2022 3043">
     <span class='ocr_line' id='line_1_48' title="bbox 452 2971 2022 3043; baseline -0.001 -16"><span class='ocrx_word' id='word_1_348' title='bbox 452 2974 572 3027; x_wconf 84' lang='lat' dir='ltr'><strong><em>istis</em></strong></span> <span class='ocrx_word' id='word_1_349' title='bbox 601 2972 667 3027; x_wconf 54' lang='lat'>1’.</span> <span class='ocrx_word' id='word_1_350' title='bbox 710 2971 868 3038; x_wconf 83' lang='lat' dir='ltr'><strong><em>Quod</em></strong></span> <span class='ocrx_word' id='word_1_351' title='bbox 916 2973 963 3028; x_wconf 90' lang='lat' dir='ltr'>si</span> <span class='ocrx_word' id='word_1_352' title='bbox 1011 2973 1182 3027; x_wconf 86' lang='lat' dir='ltr'><strong>multa</strong></span> <span class='ocrx_word' id='word_1_353' title='bbox 1216 2987 1320 3040; x_wconf 79' lang='lat' dir='ltr'>pax</span> <span class='ocrx_word' id='word_1_354' title='bbox 1366 2973 1437 3026; x_wconf 93' lang='lat' dir='ltr'><strong>sit</strong></span> <span class='ocrx_word' id='word_1_355' title='bbox 1468 2972 1823 3043; x_wconf 85' lang='lat' dir='ltr'><strong>diligentibus</strong></span> <span class='ocrx_word' id='word_1_356' title='bbox 1852 2973 2022 3042; x_wconf 84' lang='lat' dir='ltr'><strong><em>legem</em></strong></span> 
     </span>
    </p>
   </div>
   <div class='ocr_carea' id='block_1_49' title="bbox 2124 1891 3704 1967">
    <p class='ocr_par' dir='ltr' id='par_1_49' title="bbox 2124 1891 3704 1967">
     <span class='ocr_line' id='line_1_49' title="bbox 2124 1891 3704 1967; baseline 0.004 -23"><span class='ocrx_word' id='word_1_357' title='bbox 2124 1894 2233 1946; x_wconf 81' lang='grc' dir='ltr'>οὐκ</span> <span class='ocrx_word' id='word_1_358' title='bbox 2261 1891 2431 1945; x_wconf 77' lang='grc' dir='ltr'>ἐστιν</span> <span class='ocrx_word' id='word_1_359' title='bbox 2456 1892 2659 1958; x_wconf 82' lang='grc' dir='ltr'>αὐτοῖς</span> <span class='ocrx_word' id='word_1_360' title='bbox 2685 1892 3053 1951; x_wconf 70' lang='grc' dir='ltr'>σκάνδαλον.</span> <span class='ocrx_word' id='word_1_361' title='bbox 3092 1896 3216 1958; x_wconf 85' lang='grc' dir='ltr'>Τοῖς</span> <span class='ocrx_word' id='word_1_362' title='bbox 3246 1894 3339 1949; x_wconf 86' lang='grc' dir='ltr'>τοῦ</span> <span class='ocrx_word' id='word_1_363' title='bbox 3364 1895 3503 1949; x_wconf 88' lang='grc' dir='ltr'>Θεοῦ</span> <span class='ocrx_word' id='word_1_364' title='bbox 3532 1897 3704 1967; x_wconf 72' lang='grc' dir='ltr'>ὄνομα</span> 
     </span>
    </p>
   </div>
   <div class='ocr_carea' id='block_1_50' title="bbox 2124 1982 3705 2057">
    <p class='ocr_par' dir='ltr' id='par_1_50' title="bbox 2124 1982 3705 2057">
     <span class='ocr_line' id='line_1_50' title="bbox 2124 1982 3705 2057; baseline 0.003 -22"><span class='ocrx_word' id='word_1_365' title='bbox 2124 1982 2377 2057; x_wconf 74' lang='grc' dir='ltr'>ποθοῦσιν</span> <span class='ocrx_word' id='word_1_366' title='bbox 2411 1984 2599 2055; x_wconf 77' lang='grc' dir='ltr'>εἰρήνη</span> <span class='ocrx_word' id='word_1_367' title='bbox 2632 1986 2885 2054; x_wconf 78' lang='grc' dir='ltr'>τυγχάνει</span> <span class='ocrx_word' id='word_1_368' title='bbox 2917 1986 3107 2056; x_wconf 82' lang='grc' dir='ltr'>πολλὴ,</span> <span class='ocrx_word' id='word_1_369' title='bbox 3141 1988 3201 2039; x_wconf 81' lang='grc' dir='ltr'>οὐ</span> <span class='ocrx_word' id='word_1_370' title='bbox 3230 1987 3488 2040; x_wconf 84' lang='grc' dir='ltr'>τοσοῦτον</span> <span class='ocrx_word' id='word_1_371' title='bbox 3512 1990 3546 2057; x_wconf 86' lang='grc' dir='ltr'>ή</span> <span class='ocrx_word' id='word_1_372' title='bbox 3573 1989 3705 2052; x_wconf 63' lang='grc' dir='ltr'>ἔξω.</span> 
     </span>
    </p>
   </div>
   <div class='ocr_carea' id='block_1_51' title="bbox 2125 2055 3701 2147">
    <p class='ocr_par' dir='ltr' id='par_1_51' title="bbox 2125 2055 3701 2147">
     <span class='ocr_line' id='line_1_51' title="bbox 2125 2055 3701 2147; baseline 0.003 -21"><span class='ocrx_word' id='word_1_373' title='bbox 2125 2055 2247 2127; x_wconf 50' lang='grc' dir='ltr'>θενλ</span> <span class='ocrx_word' id='word_1_374' title='bbox 2279 2074 2339 2127; x_wconf 81' lang='grc' dir='ltr'>οὐ</span> <span class='ocrx_word' id='word_1_375' title='bbox 2369 2074 2477 2145; x_wconf 80' lang='grc' dir='ltr'>γὰρ</span> <span class='ocrx_word' id='word_1_376' title='bbox 2505 2076 2587 2143; x_wconf 68' lang='grc' dir='ltr'>ἐφ’</span> <span class='ocrx_word' id='word_1_377' title='bbox 2612 2076 2746 2144; x_wconf 85' lang='grc' dir='ltr'>ήμίν</span> <span class='ocrx_word' id='word_1_378' title='bbox 2773 2075 2911 2144; x_wconf 79' lang='grc' dir='ltr'>αὓτη</span> <span class='ocrx_word' id='word_1_379' title='bbox 2932 2093 2945 2111; x_wconf 70' lang='grc' dir='ltr'><strong>ε</strong></span> <span class='ocrx_word' id='word_1_380' title='bbox 2974 2055 3089 2128; x_wconf 69' lang='grc' dir='ltr'>ἀλλί</span> <span class='ocrx_word' id='word_1_381' title='bbox 3120 2079 3153 2146; x_wconf 86' lang='grc' dir='ltr'>ή</span> <span class='ocrx_word' id='word_1_382' title='bbox 3180 2076 3238 2131; x_wconf 83' lang='grc' dir='ltr'>ὲν</span> <span class='ocrx_word' id='word_1_383' title='bbox 3261 2080 3371 2140; x_wconf 83' lang='grc' dir='ltr'>τοῖς</span> <span class='ocrx_word' id='word_1_384' title='bbox 3393 2055 3701 2147; x_wconf 79' lang='grc' dir='ltr'>λογισμοῖς,</span> 
     </span>
    </p>
   </div>
   <div class='ocr_carea' id='block_1_52' title="bbox 2124 2163 3706 2236">
    <p class='ocr_par' dir='ltr' id='par_1_52' title="bbox 2124 2163 3706 2236">
     <span class='ocr_line' id='line_1_52' title="bbox 2124 2163 3706 2236; baseline 0.002 -20"><span class='ocrx_word' id='word_1_385' title='bbox 2124 2163 2243 2216; x_wconf 86' lang='grc' dir='ltr'>καθ’</span> <span class='ocrx_word' id='word_1_386' title='bbox 2273 2166 2337 2233; x_wconf 80' lang='grc' dir='ltr'>ἢν</span> <span class='ocrx_word' id='word_1_387' title='bbox 2369 2163 2654 2234; x_wconf 70' lang='grc' dir='ltr'>ωμόαἰνει</span> <span class='ocrx_word' id='word_1_388' title='bbox 2676 2164 2973 2235; x_wconf 75' lang='grc' dir='ltr'>ἀταραξίαν</span> <span class='ocrx_word' id='word_1_389' title='bbox 2997 2165 3090 2217; x_wconf 80' lang='grc' dir='ltr'>καὶ</span> <span class='ocrx_word' id='word_1_390' title='bbox 3111 2166 3499 2236; x_wconf 83' lang='grc' dir='ltr'>ἀνενοχλησίαν</span> <span class='ocrx_word' id='word_1_391' title='bbox 3525 2166 3629 2235; x_wconf 80' lang='grc' dir='ltr'>τῆς</span> <span class='ocrx_word' id='word_1_392' title='bbox 3646 2166 3706 2231; x_wconf 76' lang='grc' dir='ltr'>ἐξ</span> 
     </span>
    </p>
   </div>
   <div class='ocr_carea' id='block_1_53' title="bbox 2123 2252 3705 2325">
    <p class='ocr_par' dir='ltr' id='par_1_53' title="bbox 2123 2252 3705 2325">
     <span class='ocr_line' id='line_1_53' title="bbox 2123 2252 3705 2325; baseline 0 -18"><span class='ocrx_word' id='word_1_393' title='bbox 2123 2253 2390 2317; x_wconf 85' lang='grc' dir='ltr'>ἀπαθείας</span> <span class='ocrx_word' id='word_1_394' title='bbox 2409 2254 2571 2323; x_wconf 77' lang='grc' dir='ltr'>ἔχειν.</span> <span class='ocrx_word' id='word_1_395' title='bbox 2597 2253 2809 2325; x_wconf 83' lang='grc' dir='ltr'>Ταύτην</span> <span class='ocrx_word' id='word_1_396' title='bbox 2836 2255 2953 2323; x_wconf 87' lang='grc' dir='ltr'>ἀμα</span> <span class='ocrx_word' id='word_1_397' title='bbox 2982 2256 3046 2325; x_wconf 82' lang='grc' dir='ltr'>τῇ</span> <span class='ocrx_word' id='word_1_398' title='bbox 3073 2252 3390 2325; x_wconf 84' lang='grc' dir='ltr'>καταλλήλῳ</span> <span class='ocrx_word' id='word_1_399' title='bbox 3416 2255 3606 2325; x_wconf 82' lang='grc' dir='ltr'>χάριτι</span> <span class='ocrx_word' id='word_1_400' title='bbox 3630 2258 3705 2307; x_wconf 65' lang='grc' dir='ltr'>εἰς</span> 
     </span>
    </p>
   </div>
   <div class='ocr_carea' id='block_1_54' title="bbox 2122 2342 3703 2415">
    <p class='ocr_par' dir='ltr' id='par_1_54' title="bbox 2122 2342 3703 2415">
     <span class='ocr_line' id='line_1_54' title="bbox 2122 2342 3703 2415; baseline 0.001 -20"><span class='ocrx_word' id='word_1_401' title='bbox 2122 2342 2354 2413; x_wconf 82' lang='grc' dir='ltr'>λήφασιν</span> <span class='ocrx_word' id='word_1_402' title='bbox 2380 2345 2427 2396; x_wconf 84' lang='grc' dir='ltr'>οἰ</span> <span class='ocrx_word' id='word_1_403' title='bbox 2458 2344 2671 2413; x_wconf 79' lang='grc' dir='ltr'>ἔχοντες</span> <span class='ocrx_word' id='word_1_404' title='bbox 2694 2344 2801 2396; x_wconf 82' lang='grc' dir='ltr'>ἀπὸ</span> <span class='ocrx_word' id='word_1_405' title='bbox 2834 2343 2967 2396; x_wconf 87' lang='grc' dir='ltr'>Θεοῦ</span> <span class='ocrx_word' id='word_1_406' title='bbox 2998 2345 3091 2397; x_wconf 78' lang='grc' dir='ltr'>καὶ</span> <span class='ocrx_word' id='word_1_407' title='bbox 3119 2344 3331 2414; x_wconf 83' lang='grc' dir='ltr'>Πατρὸς</span> <span class='ocrx_word' id='word_1_408' title='bbox 3363 2344 3461 2397; x_wconf 74' lang='grc' dir='ltr'>καὶ</span> <span class='ocrx_word' id='word_1_409' title='bbox 3496 2346 3703 2415; x_wconf 73' lang='grc' dir='ltr'>Κυρίου</span> 
     </span>
    </p>
   </div>
   <div class='ocr_carea' id='block_1_55' title="bbox 2135 2431 3702 2504">
    <p class='ocr_par' dir='ltr' id='par_1_55' title="bbox 2135 2431 3702 2504">
     <span class='ocr_line' id='line_1_55' title="bbox 2135 2431 3702 2504; baseline 0.001 -19"><span class='ocrx_word' id='word_1_410' title='bbox 2135 2431 2307 2501; x_wconf 85' lang='grc' dir='ltr'>Ἰησοῦ</span> <span class='ocrx_word' id='word_1_411' title='bbox 2341 2431 2595 2503; x_wconf 81' lang='grc' dir='ltr'>Χριστοῦ.</span> <span class='ocrx_word' id='word_1_412' title='bbox 2620 2433 2957 2503; x_wconf 79' lang='grc' dir='ltr'>Κεκτημένοι</span> <span class='ocrx_word' id='word_1_413' title='bbox 2990 2432 3120 2500; x_wconf 89' lang='grc' dir='ltr'>γοῦν</span> <span class='ocrx_word' id='word_1_414' title='bbox 3146 2433 3313 2504; x_wconf 77' lang='grc' dir='ltr'>αὐτὴν</span> <span class='ocrx_word' id='word_1_415' title='bbox 3334 2434 3421 2486; x_wconf 87' lang='grc' dir='ltr'>διά</span> <span class='ocrx_word' id='word_1_416' title='bbox 3449 2435 3513 2487; x_wconf 81' lang='grc' dir='ltr'>τὸ</span> <span class='ocrx_word' id='word_1_417' title='bbox 3533 2434 3702 2504; x_wconf 75' lang='grc' dir='ltr'>ὄνομα</span> 
     </span>
    </p>
   </div>
   <div class='ocr_carea' id='block_1_56' title="bbox 2121 2522 3703 2595">
    <p class='ocr_par' dir='ltr' id='par_1_56' title="bbox 2121 2522 3703 2595">
     <span class='ocr_line' id='line_1_56' title="bbox 2121 2522 3703 2595; baseline 0.003 -19"><span class='ocrx_word' id='word_1_418' title='bbox 2121 2524 2216 2577; x_wconf 90' lang='grc' dir='ltr'>τοῦ</span> <span class='ocrx_word' id='word_1_419' title='bbox 2250 2522 2406 2588; x_wconf 87' lang='grc' dir='ltr'>Θεοῦ,</span> <span class='ocrx_word' id='word_1_420' title='bbox 2436 2523 2878 2594; x_wconf 61' lang='grc' dir='ltr'>ὑπρὸαλλόντως</span> <span class='ocrx_word' id='word_1_421' title='bbox 2907 2524 3241 2595; x_wconf 82' lang='grc' dir='ltr'>ὑπάρχοντες</span> <span class='ocrx_word' id='word_1_422' title='bbox 3282 2526 3502 2591; x_wconf 78' lang='grc' dir='ltr'>τέλειοι,</span> <span class='ocrx_word' id='word_1_423' title='bbox 3540 2528 3703 2580; x_wconf 81' lang='grc' dir='ltr'>σκάν-</span> 
     </span>
    </p>
   </div>
   <div class='ocr_carea' id='block_1_57' title="bbox 2121 2612 3700 2685">
    <p class='ocr_par' dir='ltr' id='par_1_57' title="bbox 2121 2612 3700 2685">
     <span class='ocr_line' id='line_1_57' title="bbox 2121 2612 3700 2685; baseline 0 -17"><span class='ocrx_word' id='word_1_424' title='bbox 2121 2613 2277 2668; x_wconf 85' lang='grc' dir='ltr'>δαλον</span> <span class='ocrx_word' id='word_1_425' title='bbox 2318 2613 2418 2666; x_wconf 76' lang='grc' dir='ltr'>οὐκ</span> <span class='ocrx_word' id='word_1_426' title='bbox 2449 2612 2661 2681; x_wconf 66' lang='grc' dir='ltr'>ἔχουσιν</span> <span class='ocrx_word' id='word_1_427' title='bbox 2700 2614 2756 2669; x_wconf 78' lang='grc' dir='ltr'>ὲν</span> <span class='ocrx_word' id='word_1_428' title='bbox 2789 2614 2998 2676; x_wconf 79' lang='grc' dir='ltr'>ἑαυτοῖς</span> <span class='ocrx_word' id='word_1_429' title='bbox 3020 2630 3031 2644; x_wconf 91' lang='grc'><strong>·</strong></span> <span class='ocrx_word' id='word_1_430' title='bbox 3082 2613 3293 2684; x_wconf 84' lang='grc' dir='ltr'><strong>μικρῶν</strong></span> <span class='ocrx_word' id='word_1_431' title='bbox 3339 2614 3449 2685; x_wconf 77' lang='grc' dir='ltr'>γάρ</span> <span class='ocrx_word' id='word_1_432' title='bbox 3500 2616 3616 2668; x_wconf 84' lang='grc' dir='ltr'>ἀλλ’</span> <span class='ocrx_word' id='word_1_433' title='bbox 3642 2616 3700 2667; x_wconf 74' lang='grc' dir='ltr'>οὐ</span> 
     </span>
    </p>
   </div>
   <div class='ocr_carea' id='block_1_58' title="bbox 2126 2703 3701 2775">
    <p class='ocr_par' dir='ltr' id='par_1_58' title="bbox 2126 2703 3701 2775">
     <span class='ocr_line' id='line_1_58' title="bbox 2126 2703 3701 2775; baseline 0.001 -19"><span class='ocrx_word' id='word_1_434' title='bbox 2126 2704 2377 2773; x_wconf 81' lang='grc' dir='ltr'>μεγάλων</span> <span class='ocrx_word' id='word_1_435' title='bbox 2402 2703 2463 2755; x_wconf 81' lang='grc' dir='ltr'>τὸ</span> <span class='ocrx_word' id='word_1_436' title='bbox 2496 2703 2641 2772; x_wconf 82' lang='grc' dir='ltr'>ἐχειν</span> <span class='ocrx_word' id='word_1_437' title='bbox 2683 2704 2857 2767; x_wconf 83' lang='grc' dir='ltr'>τοῦτο,</span> <span class='ocrx_word' id='word_1_438' title='bbox 2886 2703 2959 2766; x_wconf 82' lang='grc' dir='ltr'>ὥς</span> <span class='ocrx_word' id='word_1_439' title='bbox 2995 2721 3157 2773; x_wconf 86' lang='grc' dir='ltr'>φησιν</span> <span class='ocrx_word' id='word_1_440' title='bbox 3186 2708 3214 2757; x_wconf 83' lang='grc' dir='ltr'>ὁ</span> <span class='ocrx_word' id='word_1_441' title='bbox 3243 2706 3458 2775; x_wconf 81' lang='grc' dir='ltr'>Σωτήρ·</span> <span class='ocrx_word' id='word_1_442' title='bbox 3506 2705 3701 2772; x_wconf 79' lang='grc' dir='ltr'>Ὁρᾶτε</span> 
     </span>
    </p>
   </div>
   <div class='ocr_carea' id='block_1_59' title="bbox 2116 2793 3699 2865">
    <p class='ocr_par' dir='ltr' id='par_1_59' title="bbox 2116 2793 3699 2865">
     <span class='ocr_line' id='line_1_59' title="bbox 2116 2793 3699 2865; baseline 0.004 -19"><span class='ocrx_word' id='word_1_443' title='bbox 2116 2793 2202 2861; x_wconf 79' lang='grc' dir='ltr'>μὴ</span> <span class='ocrx_word' id='word_1_444' title='bbox 2236 2793 2687 2861; x_wconf 71' lang='grc' dir='ltr'>σκανδαλίσητε</span> <span class='ocrx_word' id='word_1_445' title='bbox 2714 2794 2823 2855; x_wconf 79' lang='grc' dir='ltr'>ἕνα</span> <span class='ocrx_word' id='word_1_446' title='bbox 2849 2793 2967 2847; x_wconf 82' lang='grc' dir='ltr'>τῶν</span> <span class='ocrx_word' id='word_1_447' title='bbox 2984 2794 3214 2865; x_wconf 64' lang='grc' dir='ltr'>μικρῶν</span> <span class='ocrx_word' id='word_1_448' title='bbox 3246 2798 3490 2857; x_wconf 67' lang='grc' dir='ltr'>τούτων.</span> <span class='ocrx_word' id='word_1_449' title='bbox 3538 2798 3603 2849; x_wconf 81' lang='lat' dir='ltr'><strong><em>El</em></strong></span> <span class='ocrx_word' id='word_1_450' title='bbox 3643 2797 3699 2853; x_wconf 72' lang='grc' dir='ltr'>δὲ</span> 
     </span>
    </p>
   </div>
   <div class='ocr_carea' id='block_1_60' title="bbox 2122 2883 3696 2955">
    <p class='ocr_par' dir='ltr' id='par_1_60' title="bbox 2122 2883 3696 2955">
     <span class='ocr_line' id='line_1_60' title="bbox 2122 2883 3696 2955; baseline 0.001 -19"><span class='ocrx_word' id='word_1_451' title='bbox 2122 2884 2208 2954; x_wconf 77' lang='grc' dir='ltr'>εἴη</span> <span class='ocrx_word' id='word_1_452' title='bbox 2236 2885 2421 2955; x_wconf 79' lang='grc' dir='ltr'>εἰρήνη</span> <span class='ocrx_word' id='word_1_453' title='bbox 2457 2885 2625 2954; x_wconf 81' lang='grc' dir='ltr'>πολλὴ</span> <span class='ocrx_word' id='word_1_454' title='bbox 2654 2887 2765 2947; x_wconf 84' lang='grc' dir='ltr'>τοῖς</span> <span class='ocrx_word' id='word_1_455' title='bbox 2793 2883 3046 2952; x_wconf 84' lang='grc' dir='ltr'>ἀγαπῶσι</span> <span class='ocrx_word' id='word_1_456' title='bbox 3078 2886 3168 2937; x_wconf 80' lang='grc' dir='ltr'>τὸν</span> <span class='ocrx_word' id='word_1_457' title='bbox 3212 2886 3374 2955; x_wconf 84' lang='grc' dir='ltr'>νόμον</span> <span class='ocrx_word' id='word_1_458' title='bbox 3414 2886 3510 2938; x_wconf 87' lang='grc' dir='ltr'>τοῦ</span> <span class='ocrx_word' id='word_1_459' title='bbox 3534 2886 3696 2947; x_wconf 80' lang='grc' dir='ltr'>Θεοῦ,</span> 
     </span>
    </p>
   </div>
   <div class='ocr_carea' id='block_1_61' title="bbox 2122 2976 3701 3049">
    <p class='ocr_par' dir='ltr' id='par_1_61' title="bbox 2122 2976 3701 3049">
     <span class='ocr_line' id='line_1_61' title="bbox 2122 2976 3701 3049; baseline 0.003 -22"><span class='ocrx_word' id='word_1_460' title='bbox 2122 2977 2341 3046; x_wconf 78' lang='grc' dir='ltr'>εἰρήνην</span> <span class='ocrx_word' id='word_1_461' title='bbox 2362 2976 2473 3044; x_wconf 78' lang='grc' dir='ltr'>ἔχει</span> <span class='ocrx_word' id='word_1_462' title='bbox 2501 2976 2719 3046; x_wconf 80' lang='grc' dir='ltr'>πολλὴν,</span> <span class='ocrx_word' id='word_1_463' title='bbox 2747 2977 2980 3047; x_wconf 80' lang='grc' dir='ltr'>πόλεμος</span> <span class='ocrx_word' id='word_1_464' title='bbox 3005 2978 3101 3047; x_wconf 83' lang='grc' dir='ltr'>οὐχ</span> <span class='ocrx_word' id='word_1_465' title='bbox 3136 2978 3366 3036; x_wconf 70' lang='grc' dir='ltr'>ἅπτεται</span> <span class='ocrx_word' id='word_1_466' title='bbox 3390 2980 3489 3048; x_wconf 75' lang='grc' dir='ltr'>τῆς</span> <span class='ocrx_word' id='word_1_467' title='bbox 3520 2980 3701 3049; x_wconf 72' lang='grc' dir='ltr'>ψυχῆς</span> 
     </span>
    </p>
   </div>
   <div class='ocr_carea' id='block_1_62' title="bbox 454 3060 2020 3159">
    <p class='ocr_par' dir='ltr' id='par_1_62' title="bbox 454 3060 2018 3132">
     <span class='ocr_line' id='line_1_62' title="bbox 454 3060 2018 3132; baseline -0.002 -16"><span class='ocrx_word' id='word_1_468' title='bbox 454 3062 571 3125; x_wconf 82' lang='lat' dir='ltr'><strong>Dei,</strong></span> <span class='ocrx_word' id='word_1_469' title='bbox 608 3078 798 3132; x_wconf 84' lang='lat' dir='ltr'><strong>pacem</strong></span> <span class='ocrx_word' id='word_1_470' title='bbox 832 3062 922 3116; x_wconf 85' lang='lat' dir='ltr'><strong>ille</strong></span> <span class='ocrx_word' id='word_1_471' title='bbox 954 3062 1180 3114; x_wconf 83' lang='lat' dir='ltr'><strong>multam</strong></span> <span class='ocrx_word' id='word_1_472' title='bbox 1212 3061 1399 3123; x_wconf 90' lang='lat' dir='ltr'><strong>habet,</strong></span> <span class='ocrx_word' id='word_1_473' title='bbox 1442 3060 1754 3130; x_wconf 87' lang='lat' dir='ltr'><strong>bellumque</strong></span> <span class='ocrx_word' id='word_1_474' title='bbox 1785 3060 2018 3114; x_wconf 87' lang='lat' dir='ltr'><strong>animam</strong></span> 
     </span>
    </p>
   </div>
   <div class='ocr_carea' id='block_1_63' title="bbox 2124 3060 3703 3159">
    <p class='ocr_par' dir='ltr' id='par_1_63' title="bbox 2126 3064 3703 3140">
     <span class='ocr_line' id='line_1_63' title="bbox 2126 3064 3703 3140; baseline 0.001 -23"><span class='ocrx_word' id='word_1_475' title='bbox 2126 3064 2289 3118; x_wconf 82' lang='grc' dir='ltr'>αὑτοῦ</span> <span class='ocrx_word' id='word_1_476' title='bbox 2310 3082 2322 3095; x_wconf 75' lang='grc' dir='ltr'><strong>ο</strong></span> <span class='ocrx_word' id='word_1_477' title='bbox 2353 3066 2504 3118; x_wconf 82' lang='grc' dir='ltr'>οὐδὲν</span> <span class='ocrx_word' id='word_1_478' title='bbox 2530 3066 2634 3137; x_wconf 84' lang='grc' dir='ltr'>γὰρ</span> <span class='ocrx_word' id='word_1_479' title='bbox 2667 3066 2773 3119; x_wconf 86' lang='grc' dir='ltr'>τῶν</span> <span class='ocrx_word' id='word_1_480' title='bbox 2805 3067 3211 3137; x_wconf 82' lang='grc' dir='ltr'>ἁμαρτημάτων</span> <span class='ocrx_word' id='word_1_481' title='bbox 3239 3068 3452 3121; x_wconf 68' lang='grc' dir='ltr'>ἐκκαίει</span> <span class='ocrx_word' id='word_1_482' title='bbox 3476 3070 3574 3140; x_wconf 81' lang='grc' dir='ltr'>τὴν</span> <span class='ocrx_word' id='word_1_483' title='bbox 3608 3070 3703 3138; x_wconf 53' lang='lat' dir='ltr'><strong>do-</strong></span> 
     </span>
    </p>
   </div>
   <div class='ocr_carea' id='block_1_64' title="bbox 449 3149 2023 3221">
    <p class='ocr_par' dir='ltr' id='par_1_64' title="bbox 449 3149 2023 3221">
     <span class='ocr_line' id='line_1_64' title="bbox 449 3149 2023 3221; baseline -0.001 -15"><span class='ocrx_word' id='word_1_484' title='bbox 449 3152 571 3220; x_wconf 87' lang='lat' dir='ltr'><strong>cjus</strong></span> <span class='ocrx_word' id='word_1_485' title='bbox 590 3167 699 3206; x_wconf 90' lang='lat' dir='ltr'><strong>non</strong></span> <span class='ocrx_word' id='word_1_486' title='bbox 717 3151 930 3221; x_wconf 89' lang='lat' dir='ltr'><strong>attingit</strong></span> <span class='ocrx_word' id='word_1_487' title='bbox 950 3170 962 3205; x_wconf 91' lang='lat'><strong>:</strong></span> <span class='ocrx_word' id='word_1_488' title='bbox 982 3150 1191 3206; x_wconf 91' lang='lat' dir='ltr'><strong>nullum</strong></span> <span class='ocrx_word' id='word_1_489' title='bbox 1211 3150 1353 3204; x_wconf 91' lang='lat' dir='ltr'><strong>enim</strong></span> <span class='ocrx_word' id='word_1_490' title='bbox 1366 3157 1648 3218; x_wconf 88' lang='lat' dir='ltr'><strong>peccatum</strong></span> <span class='ocrx_word' id='word_1_491' title='bbox 1665 3149 1774 3203; x_wconf 91' lang='lat' dir='ltr'><strong><em>urit</em></strong></span> <span class='ocrx_word' id='word_1_492' title='bbox 1789 3150 2023 3205; x_wconf 80' lang='lat' dir='ltr'><strong>animam</strong></span> 
     </span>
    </p>
   </div>
   <div class='ocr_carea' id='block_1_65' title="bbox 451 3238 2025 3309">
    <p class='ocr_par' dir='ltr' id='par_1_65' title="bbox 451 3238 2025 3309">
     <span class='ocr_line' id='line_1_65' title="bbox 451 3238 2025 3309; baseline -0.001 -12"><span class='ocrx_word' id='word_1_493' title='bbox 451 3240 605 3308; x_wconf 81' lang='lat' dir='ltr'><strong>ejus:</strong></span> <span class='ocrx_word' id='word_1_494' title='bbox 638 3247 693 3294; x_wconf 89' lang='lat' dir='ltr'><strong>et</strong></span> <span class='ocrx_word' id='word_1_495' title='bbox 718 3239 845 3309; x_wconf 88' lang='lat' dir='ltr'><strong>quia</strong></span> <span class='ocrx_word' id='word_1_496' title='bbox 881 3254 1068 3309; x_wconf 87' lang='lat' dir='ltr'><strong>pacem</strong></span> <span class='ocrx_word' id='word_1_497' title='bbox 1097 3238 1282 3303; x_wconf 84' lang='lat' dir='ltr'><strong>habet,</strong></span> <span class='ocrx_word' id='word_1_498' title='bbox 1300 3239 1425 3293; x_wconf 89' lang='lat' dir='ltr'><strong>talis</strong></span> <span class='ocrx_word' id='word_1_499' title='bbox 1446 3238 1642 3303; x_wconf 83' lang='lat' dir='ltr'><strong>evasit,</strong></span> <span class='ocrx_word' id='word_1_500' title='bbox 1674 3246 1783 3294; x_wconf 89' lang='lat' dir='ltr'>uta</span> <span class='ocrx_word' id='word_1_501' title='bbox 1806 3238 2025 3297; x_wconf 86' lang='lat' dir='ltr'><strong>nemine</strong></span> 
     </span>
    </p>
   </div>
   <div class='ocr_carea' id='block_1_66' title="bbox 456 3328 2024 3397">
    <p class='ocr_par' dir='ltr' id='par_1_66' title="bbox 456 3328 2024 3397">
     <span class='ocr_line' id='line_1_66' title="bbox 456 3328 2024 3397; baseline 0 -12"><span class='ocrx_word' id='word_1_502' title='bbox 456 3329 597 3385; x_wconf 88' lang='lat' dir='ltr'><strong>ultra</strong></span> <span class='ocrx_word' id='word_1_503' title='bbox 641 3329 1065 3393; x_wconf 85' lang='lat' dir='ltr'><strong>scandalizetur,</strong></span> <span class='ocrx_word' id='word_1_504' title='bbox 1100 3328 1333 3382; x_wconf 87' lang='lat' dir='ltr'><strong>dicens:</strong></span> <span class='ocrx_word' id='word_1_505' title='bbox 1368 3328 1499 3393; x_wconf 84' lang='lat' dir='ltr'><strong><em>Quis</em></strong></span> <span class='ocrx_word' id='word_1_506' title='bbox 1551 3345 1645 3383; x_wconf 84' lang='lat' dir='ltr'><strong><em>nos</em></strong></span> <span class='ocrx_word' id='word_1_507' title='bbox 1686 3329 1951 3397; x_wconf 87' lang='lat' dir='ltr'><strong><em>separabit</em></strong></span> <span class='ocrx_word' id='word_1_508' title='bbox 1992 3347 2024 3385; x_wconf 90' lang='lat' dir='ltr'>a</span> 
     </span>
    </p>
   </div>
   <div class='ocr_carea' id='block_1_67' title="bbox 448 3416 1957 3487">
    <p class='ocr_par' dir='ltr' id='par_1_67' title="bbox 448 3416 1957 3487">
     <span class='ocr_line' id='line_1_67' title="bbox 448 3416 1957 3487; baseline 0.003 -18"><span class='ocrx_word' id='word_1_509' title='bbox 448 3420 710 3478; x_wconf 74' lang='lat' dir='ltr'><strong><em>suaritate</em></strong></span> <span class='ocrx_word' id='word_1_510' title='bbox 758 3418 1002 3472; x_wconf 85' lang='lat' dir='ltr'><strong><em>Christi?</em></strong></span> <span class='ocrx_word' id='word_1_511' title='bbox 1038 3416 1354 3481; x_wconf 88' lang='lat' dir='ltr'><strong><em>Tribulatio,</em></strong></span> <span class='ocrx_word' id='word_1_512' title='bbox 1394 3435 1463 3471; x_wconf 88' lang='lat' dir='ltr'><strong><em>an</em></strong></span> <span class='ocrx_word' id='word_1_513' title='bbox 1489 3420 1733 3487; x_wconf 82' lang='lat' dir='ltr'><strong><em>angustia</em></strong></span> <span class='ocrx_word' id='word_1_514' title='bbox 1753 3421 1819 3484; x_wconf 76' lang='grc'>⁸⁸,</span> <span class='ocrx_word' id='word_1_515' title='bbox 1851 3427 1957 3474; x_wconf 86' lang='lat' dir='ltr'><strong>etc.</strong></span> 
     </span>
    </p>
   </div>
   <div class='ocr_carea' id='block_1_68' title="bbox 527 3505 2020 3576">
    <p class='ocr_par' dir='ltr' id='par_1_68' title="bbox 527 3505 2020 3576">
     <span class='ocr_line' id='line_1_68' title="bbox 527 3505 2020 3576; baseline 0.001 -15"><span class='ocrx_word' id='word_1_516' title='bbox 527 3506 693 3569; x_wconf 73' lang='lat' dir='ltr'><strong>Vens.</strong></span> <span class='ocrx_word' id='word_1_517' title='bbox 723 3506 847 3561; x_wconf 80' lang='grc'>166.</span> <span class='ocrx_word' id='word_1_518' title='bbox 884 3505 1272 3575; x_wconf 77' lang='lat' dir='ltr'><strong><em>Exspectabam</em></strong></span> <span class='ocrx_word' id='word_1_519' title='bbox 1305 3508 1553 3563; x_wconf 75' lang='lat' dir='ltr'><strong><em>Salutare</em></strong></span> <span class='ocrx_word' id='word_1_520' title='bbox 1582 3520 1751 3576; x_wconf 90' lang='lat' dir='ltr'><strong><em>tuum,</em></strong></span> <span class='ocrx_word' id='word_1_521' title='bbox 1777 3509 2020 3571; x_wconf 85' lang='lat' dir='ltr'><strong><em>Domine,</em></strong></span> 
     </span>
    </p>
   </div>
   <div class='ocr_carea' id='block_1_69' title="bbox 452 3596 2021 3656">
    <p class='ocr_par' dir='ltr' id='par_1_69' title="bbox 452 3596 2021 3656">
     <span class='ocr_line' id='line_1_69' title="bbox 452 3596 2021 3656; baseline -0.001 -1"><span class='ocrx_word' id='word_1_522' title='bbox 452 3607 502 3655; x_wconf 81' lang='lat' dir='ltr'>st</span> <span class='ocrx_word' id='word_1_523' title='bbox 532 3596 789 3653; x_wconf 81' lang='lat' dir='ltr'><strong><em>mandata</em></strong></span> <span class='ocrx_word' id='word_1_524' title='bbox 833 3606 925 3656; x_wconf 83' lang='lat' dir='ltr'>tua</span> <span class='ocrx_word' id='word_1_525' title='bbox 980 3597 1166 3654; x_wconf 77' lang='lat' dir='ltr'><strong><em>dilexi.</em></strong></span> <span class='ocrx_word' id='word_1_526' title='bbox 1230 3597 1369 3654; x_wconf 87' lang='lat' dir='ltr'>Cum</span> <span class='ocrx_word' id='word_1_527' title='bbox 1418 3614 1447 3651; x_wconf 91' lang='lat' dir='ltr'>a</span> <span class='ocrx_word' id='word_1_528' title='bbox 1480 3606 1532 3653; x_wconf 91' lang='lat' dir='ltr'><strong>te</strong></span> <span class='ocrx_word' id='word_1_529' title='bbox 1567 3613 1754 3654; x_wconf 84' lang='lat' dir='ltr'><strong>veram</strong></span> <span class='ocrx_word' id='word_1_530' title='bbox 1791 3601 2021 3654; x_wconf 90' lang='lat' dir='ltr'><strong>salutem</strong></span> 
     </span>
    </p>
   </div>
   <div class='ocr_carea' id='block_1_70' title="bbox 451 3688 2021 3762">
    <p class='ocr_par' dir='ltr' id='par_1_70' title="bbox 451 3688 2021 3762">
     <span class='ocr_line' id='line_1_70' title="bbox 451 3688 2021 3762; baseline -0.003 -15"><span class='ocrx_word' id='word_1_531' title='bbox 451 3696 849 3762; x_wconf 67' lang='lat' dir='ltr'><strong>exspectarem,</strong></span> <span class='ocrx_word' id='word_1_532' title='bbox 898 3704 1005 3745; x_wconf 90' lang='lat' dir='ltr'>non</span> <span class='ocrx_word' id='word_1_533' title='bbox 1051 3688 1215 3745; x_wconf 85' lang='lat' dir='ltr'><strong>modo</strong></span> <span class='ocrx_word' id='word_1_534' title='bbox 1244 3689 1489 3753; x_wconf 85' lang='lat' dir='ltr'><strong>servavi,</strong></span> <span class='ocrx_word' id='word_1_535' title='bbox 1526 3688 1621 3743; x_wconf 88' lang='lat' dir='ltr'><strong>sed</strong></span> <span class='ocrx_word' id='word_1_536' title='bbox 1665 3690 1829 3743; x_wconf 89' lang='lat' dir='ltr'><strong>etiam</strong></span> <span class='ocrx_word' id='word_1_537' title='bbox 1861 3688 2021 3743; x_wconf 81' lang='lat' dir='ltr'><strong>dilexi</strong></span> 
     </span>
    </p>
   </div>
   <div class='ocr_carea' id='block_1_71' title="bbox 462 3777 2021 3849">
    <p class='ocr_par' dir='ltr' id='par_1_71' title="bbox 462 3777 2021 3849">
     <span class='ocr_line' id='line_1_71' title="bbox 462 3777 2021 3849; baseline 0 -14"><span class='ocrx_word' id='word_1_538' title='bbox 462 3779 723 3835; x_wconf 85' lang='lat' dir='ltr'><strong>mandata</strong></span> <span class='ocrx_word' id='word_1_539' title='bbox 770 3787 884 3834; x_wconf 89' lang='lat' dir='ltr'><strong>tua.</strong></span> <span class='ocrx_word' id='word_1_540' title='bbox 926 3777 1062 3831; x_wconf 88' lang='lat' dir='ltr'><strong>Nam</strong></span> <span class='ocrx_word' id='word_1_541' title='bbox 1098 3793 1222 3831; x_wconf 89' lang='lat' dir='ltr'><strong>cum</strong></span> <span class='ocrx_word' id='word_1_542' title='bbox 1264 3788 1420 3833; x_wconf 91' lang='lat' dir='ltr'><strong>actus</strong></span> <span class='ocrx_word' id='word_1_543' title='bbox 1464 3793 1572 3833; x_wconf 92' lang='lat' dir='ltr'>una</span> <span class='ocrx_word' id='word_1_544' title='bbox 1618 3794 1743 3834; x_wconf 88' lang='lat' dir='ltr'><strong>cum</strong></span> <span class='ocrx_word' id='word_1_545' title='bbox 1784 3779 2021 3849; x_wconf 84' lang='lat' dir='ltr'><strong>perfecta</strong></span> 
     </span>
    </p>
   </div>
   <div class='ocr_carea' id='block_1_72' title="bbox 450 3868 2020 3938">
    <p class='ocr_par' dir='ltr' id='par_1_72' title="bbox 450 3868 2020 3938">
     <span class='ocr_line' id='line_1_72' title="bbox 450 3868 2020 3938; baseline 0 -15"><span class='ocrx_word' id='word_1_546' title='bbox 450 3868 832 3924; x_wconf 88' lang='lat' dir='ltr'><strong>mandatorum</strong></span> <span class='ocrx_word' id='word_1_547' title='bbox 860 3868 1151 3922; x_wconf 91' lang='lat' dir='ltr'><strong>dilectione</strong></span> <span class='ocrx_word' id='word_1_548' title='bbox 1180 3868 1462 3938; x_wconf 80' lang='lat' dir='ltr'><strong>jungetur,</strong></span> <span class='ocrx_word' id='word_1_549' title='bbox 1505 3875 1877 3938; x_wconf 72' lang='lat' dir='ltr'><strong>exspectatum</strong></span> <span class='ocrx_word' id='word_1_550' title='bbox 1918 3868 2020 3923; x_wconf 91' lang='lat' dir='ltr'>Sa-</span> 
     </span>
    </p>
   </div>
   <div class='ocr_carea' id='block_1_73' title="bbox 450 3961 2017 4031">
    <p class='ocr_par' dir='ltr' id='par_1_73' title="bbox 450 3961 2017 4031">
     <span class='ocr_line' id='line_1_73' title="bbox 450 3961 2017 4031; baseline -0.001 -12"><span class='ocrx_word' id='word_1_551' title='bbox 450 3965 628 4019; x_wconf 79' lang='lat' dir='ltr'><strong>lutare</strong></span> <span class='ocrx_word' id='word_1_552' title='bbox 686 3962 975 4019; x_wconf 77' lang='lat' dir='ltr'><strong>confestim</strong></span> <span class='ocrx_word' id='word_1_553' title='bbox 1025 3970 1307 4031; x_wconf 87' lang='lat' dir='ltr'><strong>sequetur,</strong></span> <span class='ocrx_word' id='word_1_554' title='bbox 1356 3961 1499 4031; x_wconf 83' lang='lat' dir='ltr'><strong>quod</strong></span> <span class='ocrx_word' id='word_1_555' title='bbox 1557 3977 1666 4016; x_wconf 93' lang='lat' dir='ltr'>non</span> <span class='ocrx_word' id='word_1_556' title='bbox 1716 3962 1863 4016; x_wconf 90' lang='lat' dir='ltr'><strong>aliud</strong></span> <span class='ocrx_word' id='word_1_557' title='bbox 1914 3970 2017 4028; x_wconf 89' lang='lat' dir='ltr'><strong>est,</strong></span> 
     </span>
    </p>
   </div>
   <div class='ocr_carea' id='block_1_74' title="bbox 451 4054 2020 4125">
    <p class='ocr_par' dir='ltr' id='par_1_74' title="bbox 451 4054 2020 4125">
     <span class='ocr_line' id='line_1_74' title="bbox 451 4054 2020 4125; baseline 0.001 -16"><span class='ocrx_word' id='word_1_558' title='bbox 451 4071 619 4125; x_wconf 84' lang='lat' dir='ltr'><strong>quam</strong></span> <span class='ocrx_word' id='word_1_559' title='bbox 652 4056 802 4111; x_wconf 85' lang='lat' dir='ltr'><strong>salus</strong></span> <span class='ocrx_word' id='word_1_560' title='bbox 834 4069 1026 4109; x_wconf 92' lang='lat' dir='ltr'><strong>eorum</strong></span> <span class='ocrx_word' id='word_1_561' title='bbox 1071 4054 1163 4123; x_wconf 87' lang='lat' dir='ltr'>qui</span> <span class='ocrx_word' id='word_1_562' title='bbox 1210 4056 1383 4123; x_wconf 90' lang='lat' dir='ltr'><strong>ipsam</strong></span> <span class='ocrx_word' id='word_1_563' title='bbox 1426 4062 1814 4123; x_wconf 85' lang='lat' dir='ltr'><strong>assequuntur.</strong></span> <span class='ocrx_word' id='word_1_564' title='bbox 1864 4055 2020 4121; x_wconf 86' lang='lat' dir='ltr'><strong>Quod</strong></span> 
     </span>
    </p>
   </div>
   <div class='ocr_carea' id='block_1_75' title="bbox 452 4143 2017 4214">
    <p class='ocr_par' dir='ltr' id='par_1_75' title="bbox 452 4143 2017 4214">
     <span class='ocr_line' id='line_1_75' title="bbox 452 4143 2017 4214; baseline 0.003 -16"><span class='ocrx_word' id='word_1_565' title='bbox 452 4144 499 4198; x_wconf 82' lang='lat' dir='ltr'>si</span> <span class='ocrx_word' id='word_1_566' title='bbox 531 4144 697 4198; x_wconf 90' lang='lat' dir='ltr'><strong>etiam</strong></span> <span class='ocrx_word' id='word_1_567' title='bbox 730 4143 1066 4198; x_wconf 86' lang='lat' dir='ltr'><strong>Salvatorem</strong></span> <span class='ocrx_word' id='word_1_568' title='bbox 1098 4152 1398 4212; x_wconf 79' lang='lat' dir='ltr'><strong>exspectet,</strong></span> <span class='ocrx_word' id='word_1_569' title='bbox 1432 4145 1500 4199; x_wconf 93' lang='lat' dir='ltr'><strong>de</strong></span> <span class='ocrx_word' id='word_1_570' title='bbox 1529 4160 1637 4214; x_wconf 92' lang='lat' dir='ltr'><strong>quo</strong></span> <span class='ocrx_word' id='word_1_571' title='bbox 1653 4146 1859 4201; x_wconf 91' lang='lat' dir='ltr'><strong>dictum</strong></span> <span class='ocrx_word' id='word_1_572' title='bbox 1889 4155 1969 4201; x_wconf 86' lang='lat' dir='ltr'><strong>est</strong></span> <span class='ocrx_word' id='word_1_573' title='bbox 2003 4166 2017 4203; x_wconf 89' lang='lat'><strong>:</strong></span> 
     </span>
    </p>
   </div>
   <div class='ocr_carea' id='block_1_76' title="bbox 459 4229 2022 4300">
    <p class='ocr_par' dir='ltr' id='par_1_76' title="bbox 459 4229 2022 4300">
     <span class='ocr_line' id='line_1_76' title="bbox 459 4229 2022 4300; baseline 0.002 -17"><span class='ocrx_word' id='word_1_574' title='bbox 459 4230 666 4284; x_wconf 84' lang='lat' dir='ltr'><strong><em>Videbit</em></strong></span> <span class='ocrx_word' id='word_1_575' title='bbox 709 4232 879 4284; x_wconf 87' lang='lat' dir='ltr'><strong><em>omnis</em></strong></span> <span class='ocrx_word' id='word_1_576' title='bbox 928 4247 1053 4283; x_wconf 81' lang='lat' dir='ltr'><strong>caro</strong></span> <span class='ocrx_word' id='word_1_577' title='bbox 1086 4229 1335 4284; x_wconf 87' lang='lat' dir='ltr'><strong><em>Salutare</em></strong></span> <span class='ocrx_word' id='word_1_578' title='bbox 1374 4231 1471 4285; x_wconf 87' lang='lat' dir='ltr'>Dei</span> <span class='ocrx_word' id='word_1_579' title='bbox 1493 4232 1560 4298; x_wconf 77' lang='grc'>’⁸,</span> <span class='ocrx_word' id='word_1_580' title='bbox 1623 4239 2022 4300; x_wconf 84' lang='lat' dir='ltr'><strong>consequenter</strong></span> 
     </span>
    </p>
   </div>
   <div class='ocr_carea' id='block_1_77' title="bbox 447 4318 2019 4390">
    <p class='ocr_par' dir='ltr' id='par_1_77' title="bbox 447 4318 2019 4390">
     <span class='ocr_line' id='line_1_77' title="bbox 447 4318 2019 4390; baseline 0.001 -16"><span class='ocrx_word' id='word_1_581' title='bbox 447 4320 703 4374; x_wconf 87' lang='lat' dir='ltr'><strong>mandata</strong></span> <span class='ocrx_word' id='word_1_582' title='bbox 722 4318 815 4373; x_wconf 89' lang='lat' dir='ltr'><strong>Dei</strong></span> <span class='ocrx_word' id='word_1_583' title='bbox 843 4319 1039 4387; x_wconf 88' lang='lat' dir='ltr'><strong>diligit,</strong></span> <span class='ocrx_word' id='word_1_584' title='bbox 1062 4320 1220 4387; x_wconf 85' lang='lat' dir='ltr'><strong>cujus</strong></span> <span class='ocrx_word' id='word_1_585' title='bbox 1245 4320 1407 4373; x_wconf 90' lang='lat' dir='ltr'><strong>etiam</strong></span> <span class='ocrx_word' id='word_1_586' title='bbox 1442 4319 1692 4376; x_wconf 90' lang='lat' dir='ltr'><strong>Salutare</strong></span> <span class='ocrx_word' id='word_1_587' title='bbox 1733 4332 2019 4390; x_wconf 87' lang='lat' dir='ltr'><strong>exspecta-</strong></span> 
     </span>
    </p>
   </div>
   <div class='ocr_carea' id='block_1_78' title="bbox 2126 3153 3698 3232">
    <p class='ocr_par' dir='ltr' id='par_1_78' title="bbox 2126 3153 3698 3232">
     <span class='ocr_line' id='line_1_78' title="bbox 2126 3153 3698 3232; baseline 0.002 -25"><span class='ocrx_word' id='word_1_588' title='bbox 2126 3154 2223 3226; x_wconf 81' lang='grc' dir='ltr'>χὴν</span> <span class='ocrx_word' id='word_1_589' title='bbox 2249 3153 2436 3218; x_wconf 82' lang='grc' dir='ltr'>αὐτοῦ,</span> <span class='ocrx_word' id='word_1_590' title='bbox 2470 3155 2563 3207; x_wconf 70' lang='grc' dir='ltr'>καὶ</span> <span class='ocrx_word' id='word_1_591' title='bbox 2590 3155 2685 3207; x_wconf 85' lang='grc' dir='ltr'>ἀτε</span> <span class='ocrx_word' id='word_1_592' title='bbox 2722 3157 2909 3227; x_wconf 85' lang='grc' dir='ltr'>εἰρήνη</span> <span class='ocrx_word' id='word_1_593' title='bbox 2927 3173 2945 3207; x_wconf 74' lang='grc' dir='ltr'><em>ι</em></span> <span class='ocrx_word' id='word_1_594' title='bbox 2970 3155 3108 3232; x_wconf 74' lang='grc' dir='ltr'>ἔχων</span> <span class='ocrx_word' id='word_1_595' title='bbox 3144 3156 3381 3219; x_wconf 88' lang='grc' dir='ltr'>τοιοῦτος</span> <span class='ocrx_word' id='word_1_596' title='bbox 3408 3158 3698 3226; x_wconf 75' lang='grc' dir='ltr'>γεγένηται</span> 
     </span>
    </p>
   </div>
   <div class='ocr_carea' id='block_1_79' title="bbox 2124 3241 3702 3314">
    <p class='ocr_par' dir='ltr' id='par_1_79' title="bbox 2124 3241 3702 3314">
     <span class='ocr_line' id='line_1_79' title="bbox 2124 3241 3702 3314; baseline -0.006 -13"><span class='ocrx_word' id='word_1_597' title='bbox 2124 3244 2199 3308; x_wconf 77' lang='grc' dir='ltr'>ὡς</span> <span class='ocrx_word' id='word_1_598' title='bbox 2235 3243 2339 3295; x_wconf 84' lang='grc' dir='ltr'>ὑπὸ</span> <span class='ocrx_word' id='word_1_599' title='bbox 2384 3243 2611 3313; x_wconf 86' lang='grc' dir='ltr'>μηδενὸς</span> <span class='ocrx_word' id='word_1_600' title='bbox 2653 3241 2731 3301; x_wconf 74' lang='grc' dir='ltr'>ἔτι</span> <span class='ocrx_word' id='word_1_601' title='bbox 2770 3242 3129 3314; x_wconf 80' lang='grc' dir='ltr'>σκανδαλισθῇ</span> <span class='ocrx_word' id='word_1_602' title='bbox 3168 3244 3370 3312; x_wconf 74' lang='grc' dir='ltr'>λέγων·</span> <span class='ocrx_word' id='word_1_603' title='bbox 3408 3247 3503 3311; x_wconf 79' lang='grc' dir='ltr'>Τις</span> <span class='ocrx_word' id='word_1_604' title='bbox 3540 3244 3702 3312; x_wconf 77' lang='grc' dir='ltr'><em>ἡμᾶς</em></span> 
     </span>
    </p>
   </div>
   <div class='ocr_carea' id='block_1_80' title="bbox 2124 3333 3697 3406">
    <p class='ocr_par' dir='ltr' id='par_1_80' title="bbox 2124 3333 3697 3406">
     <span class='ocr_line' id='line_1_80' title="bbox 2124 3333 3697 3406; baseline 0.001 -20"><span class='ocrx_word' id='word_1_605' title='bbox 2124 3336 2361 3406; x_wconf 81' lang='grc' dir='ltr'>χωρίσει</span> <span class='ocrx_word' id='word_1_606' title='bbox 2391 3333 2509 3388; x_wconf 76' lang='grc' dir='ltr'>ἀπὸ</span> <span class='ocrx_word' id='word_1_607' title='bbox 2537 3334 2645 3403; x_wconf 81' lang='grc' dir='ltr'>τῆς</span> <span class='ocrx_word' id='word_1_608' title='bbox 2670 3334 2911 3402; x_wconf 77' lang='grc' dir='ltr'>ἀγάπης·</span> <span class='ocrx_word' id='word_1_609' title='bbox 2930 3334 3035 3388; x_wconf 86' lang='grc' dir='ltr'>τοῦ</span> <span class='ocrx_word' id='word_1_610' title='bbox 3069 3336 3362 3403; x_wconf 85' lang='grc' dir='ltr'>Χριστοῦ;</span> <span class='ocrx_word' id='word_1_611' title='bbox 3403 3338 3623 3404; x_wconf 53' lang='lat'>9.111,?“-</span> <span class='ocrx_word' id='word_1_612' title='bbox 3662 3337 3697 3403; x_wconf 77' lang='grc' dir='ltr'><em>ἢ</em></span> 
     </span>
    </p>
   </div>
   <div class='ocr_carea' id='block_1_81' title="bbox 2124 3424 2911 3495">
    <p class='ocr_par' dir='ltr' id='par_1_81' title="bbox 2124 3424 2911 3495">
     <span class='ocr_line' id='line_1_81' title="bbox 2124 3424 2911 3495; baseline 0.001 -18"><span class='ocrx_word' id='word_1_613' title='bbox 2124 3424 2508 3492; x_wconf 81' lang='grc' dir='ltr'>στενοχωρία,</span> <span class='ocrx_word' id='word_1_614' title='bbox 2544 3426 2639 3477; x_wconf 76' lang='grc' dir='ltr'>καὶ</span> <span class='ocrx_word' id='word_1_615' title='bbox 2669 3424 2735 3477; x_wconf 87' lang='grc' dir='ltr'>τά</span> <span class='ocrx_word' id='word_1_616' title='bbox 2766 3426 2911 3495; x_wconf 79' lang='grc' dir='ltr'>ἑξῆς.</span> 
     </span>
    </p>
   </div>
   <div class='ocr_carea' id='block_1_82' title="bbox 2191 3513 3697 3594">
    <p class='ocr_par' dir='ltr' id='par_1_82' title="bbox 2191 3513 3697 3594">
     <span class='ocr_line' id='line_1_82' title="bbox 2191 3513 3697 3594; baseline 0.003 -27"><span class='ocrx_word' id='word_1_617' title='bbox 2191 3513 2584 3581; x_wconf 78' lang='grc' dir='ltr'>Προσεδόκων</span> <span class='ocrx_word' id='word_1_618' title='bbox 2624 3515 2689 3568; x_wconf 80' lang='grc' dir='ltr'>τὸ</span> <span class='ocrx_word' id='word_1_619' title='bbox 2732 3515 3029 3594; x_wconf 78' lang='grc' dir='ltr'>Σωτήριόν</span> <span class='ocrx_word' id='word_1_620' title='bbox 3069 3530 3205 3581; x_wconf 88' lang='grc' dir='ltr'>σου,</span> <span class='ocrx_word' id='word_1_621' title='bbox 3236 3517 3429 3584; x_wconf 78' lang='grc' dir='ltr'>Κύριε,</span> <span class='ocrx_word' id='word_1_622' title='bbox 3462 3518 3559 3570; x_wconf 80' lang='grc' dir='ltr'>καί</span> <span class='ocrx_word' id='word_1_623' title='bbox 3592 3518 3697 3584; x_wconf 81' lang='grc' dir='ltr'>τὰς</span> 
     </span>
    </p>
   </div>
   <div class='ocr_carea' id='block_1_83' title="bbox 2120 3604 3697 3677">
    <p class='ocr_par' dir='ltr' id='par_1_83' title="bbox 2120 3604 3697 3677">
     <span class='ocr_line' id='line_1_83' title="bbox 2120 3604 3697 3677; baseline 0.003 -20"><span class='ocrx_word' id='word_1_624' title='bbox 2120 3604 2373 3671; x_wconf 76' lang='grc' dir='ltr'>ἐντολάς</span> <span class='ocrx_word' id='word_1_625' title='bbox 2396 3619 2511 3659; x_wconf 87' lang='grc' dir='ltr'>σου</span> <span class='ocrx_word' id='word_1_626' title='bbox 2532 3605 2837 3673; x_wconf 78' lang='grc' dir='ltr'>ἠγάπησα.</span> <span class='ocrx_word' id='word_1_627' title='bbox 2864 3606 3181 3676; x_wconf 62' lang='grc' dir='ltr'>Προσδοκιῖω</span> <span class='ocrx_word' id='word_1_628' title='bbox 3208 3606 3305 3677; x_wconf 85' lang='grc' dir='ltr'>τὴν</span> <span class='ocrx_word' id='word_1_629' title='bbox 3334 3606 3440 3663; x_wconf 74' lang='grc' dir='ltr'>ἀπὸ</span> <span class='ocrx_word' id='word_1_630' title='bbox 3472 3608 3566 3659; x_wconf 85' lang='grc' dir='ltr'>σοῦ</span> <span class='ocrx_word' id='word_1_631' title='bbox 3597 3626 3697 3661; x_wconf 84' lang='grc' dir='ltr'>σω-</span> 
     </span>
    </p>
   </div>
   <div class='ocr_carea' id='block_1_84' title="bbox 2122 3680 3699 3767">
    <p class='ocr_par' dir='ltr' id='par_1_84' title="bbox 2122 3680 3699 3767">
     <span class='ocr_line' id='line_1_84' title="bbox 2122 3680 3699 3767; baseline 0.001 -22"><span class='ocrx_word' id='word_1_632' title='bbox 2122 3695 2318 3765; x_wconf 89' lang='grc' dir='ltr'>τηρίαν</span> <span class='ocrx_word' id='word_1_633' title='bbox 2372 3694 2471 3765; x_wconf 83' lang='grc' dir='ltr'>τὴν</span> <span class='ocrx_word' id='word_1_634' title='bbox 2524 3695 2802 3767; x_wconf 83' lang='grc' dir='ltr'>ἀληθινὴν,</span> <span class='ocrx_word' id='word_1_635' title='bbox 2830 3697 2889 3749; x_wconf 83' lang='grc' dir='ltr'>οὐ</span> <span class='ocrx_word' id='word_1_636' title='bbox 2935 3680 3095 3764; x_wconf 85' lang='grc' dir='ltr'>μόνον</span> <span class='ocrx_word' id='word_1_637' title='bbox 3139 3697 3397 3766; x_wconf 78' lang='grc' dir='ltr'>ἐτήρησα,</span> <span class='ocrx_word' id='word_1_638' title='bbox 3428 3696 3565 3750; x_wconf 81' lang='grc' dir='ltr'>ἀλλά</span> <span class='ocrx_word' id='word_1_639' title='bbox 3604 3697 3699 3749; x_wconf 76' lang='grc' dir='ltr'>καὶ</span> 
     </span>
    </p>
   </div>
   <div class='ocr_carea' id='block_1_85' title="bbox 2122 3782 3695 3853">
    <p class='ocr_par' dir='ltr' id='par_1_85' title="bbox 2122 3782 3695 3853">
     <span class='ocr_line' id='line_1_85' title="bbox 2122 3782 3695 3853; baseline 0.001 -18"><span class='ocrx_word' id='word_1_640' title='bbox 2122 3783 2387 3853; x_wconf 61' lang='grc' dir='ltr'>⁴ἠγάπησά</span> <span class='ocrx_word' id='word_1_641' title='bbox 2414 3798 2506 3834; x_wconf 91' lang='grc' dir='ltr'>σου</span> <span class='ocrx_word' id='word_1_642' title='bbox 2545 3783 2641 3842; x_wconf 83' lang='grc' dir='ltr'>τὰς</span> <span class='ocrx_word' id='word_1_643' title='bbox 2673 3783 2910 3845; x_wconf 80' lang='grc' dir='ltr'>ἐντολάς.</span> <span class='ocrx_word' id='word_1_644' title='bbox 2936 3782 3047 3851; x_wconf 85' lang='grc' dir='ltr'>Τῆς</span> <span class='ocrx_word' id='word_1_645' title='bbox 3084 3783 3192 3853; x_wconf 78' lang='grc' dir='ltr'>γάρ</span> <span class='ocrx_word' id='word_1_646' title='bbox 3224 3783 3337 3852; x_wconf 78' lang='grc' dir='ltr'>μετ’</span> <span class='ocrx_word' id='word_1_647' title='bbox 3367 3785 3695 3853; x_wconf 76' lang='grc' dir='ltr'>ἀγαπήσεως</span> 
     </span>
    </p>
   </div>
   <div class='ocr_carea' id='block_1_86' title="bbox 2121 3872 3692 3943">
    <p class='ocr_par' dir='ltr' id='par_1_86' title="bbox 2121 3872 3692 3943">
     <span class='ocr_line' id='line_1_86' title="bbox 2121 3872 3692 3943; baseline -0.003 -15"><span class='ocrx_word' id='word_1_648' title='bbox 2121 3874 2230 3938; x_wconf 75' lang='grc' dir='ltr'>τῶν</span> <span class='ocrx_word' id='word_1_649' title='bbox 2272 3872 2500 3931; x_wconf 70' lang='grc' dir='ltr'>ἐντολῶν</span> <span class='ocrx_word' id='word_1_650' title='bbox 2546 3872 2982 3943; x_wconf 82' lang='grc' dir='ltr'>κατωρθωμένης</span> <span class='ocrx_word' id='word_1_651' title='bbox 3030 3872 3306 3942; x_wconf 77' lang='grc' dir='ltr'>ἐνεργείας</span> <span class='ocrx_word' id='word_1_652' title='bbox 3351 3872 3692 3942; x_wconf 76' lang='grc' dir='ltr'>ὑπαρξάσης,</span> 
     </span>
    </p>
   </div>
   <div class='ocr_carea' id='block_1_87' title="bbox 2123 3961 3693 4035">
    <p class='ocr_par' dir='ltr' id='par_1_87' title="bbox 2123 3961 3693 4035">
     <span class='ocr_line' id='line_1_87' title="bbox 2123 3961 3693 4035; baseline -0.003 -18"><span class='ocrx_word' id='word_1_653' title='bbox 2123 3965 2282 4028; x_wconf 80' lang='grc' dir='ltr'>εὐθὺς</span> <span class='ocrx_word' id='word_1_654' title='bbox 2306 3964 2657 4035; x_wconf 82' lang='grc' dir='ltr'>ἀκολουθήσει</span> <span class='ocrx_word' id='word_1_655' title='bbox 2690 3962 2749 4015; x_wconf 81' lang='grc' dir='ltr'>τὸ</span> <span class='ocrx_word' id='word_1_656' title='bbox 2778 3961 3219 4032; x_wconf 82' lang='grc' dir='ltr'>προσδοκώμενον</span> <span class='ocrx_word' id='word_1_657' title='bbox 3264 3963 3559 4031; x_wconf 80' lang='grc' dir='ltr'>Σωτήρων,</span> <span class='ocrx_word' id='word_1_658' title='bbox 3594 3964 3693 4035; x_wconf 76' lang='grc' dir='ltr'>οὐχ</span> 
     </span>
    </p>
   </div>
   <div class='ocr_carea' id='block_1_88' title="bbox 2122 4049 3693 4123">
    <p class='ocr_par' dir='ltr' id='par_1_88' title="bbox 2122 4049 3693 4123">
     <span class='ocr_line' id='line_1_88' title="bbox 2122 4049 3693 4123; baseline -0.001 -18"><span class='ocrx_word' id='word_1_659' title='bbox 2122 4052 2306 4123; x_wconf 73' lang='grc' dir='ltr'>ἕτερον</span> <span class='ocrx_word' id='word_1_660' title='bbox 2332 4051 2392 4107; x_wconf 78' lang='grc' dir='ltr'>ὃν</span> <span class='ocrx_word' id='word_1_661' title='bbox 2423 4052 2522 4123; x_wconf 84' lang='grc' dir='ltr'>τῆς</span> <span class='ocrx_word' id='word_1_662' title='bbox 2552 4051 2660 4107; x_wconf 80' lang='grc' dir='ltr'>τῶν</span> <span class='ocrx_word' id='word_1_663' title='bbox 2693 4049 3010 4120; x_wconf 78' lang='grc' dir='ltr'>σωζομένων</span> <span class='ocrx_word' id='word_1_664' title='bbox 3051 4050 3339 4120; x_wconf 86' lang='grc' dir='ltr'>σωτηρίας.</span> <span class='ocrx_word' id='word_1_665' title='bbox 3381 4052 3441 4103; x_wconf 87' lang='grc' dir='ltr'>Εἰ</span> <span class='ocrx_word' id='word_1_666' title='bbox 3492 4051 3550 4103; x_wconf 79' lang='grc' dir='ltr'>δὲ</span> <span class='ocrx_word' id='word_1_667' title='bbox 3599 4054 3693 4103; x_wconf 74' lang='grc' dir='ltr'>καὶ</span> 
     </span>
    </p>
   </div>
   <div class='ocr_carea' id='block_1_89' title="bbox 2120 4134 3691 4212">
    <p class='ocr_par' dir='ltr' id='par_1_89' title="bbox 2120 4134 3691 4212">
     <span class='ocr_line' id='line_1_89' title="bbox 2120 4134 3691 4212; baseline -0.001 -18"><span class='ocrx_word' id='word_1_668' title='bbox 2120 4143 2211 4194; x_wconf 85' lang='grc' dir='ltr'>τὸν</span> <span class='ocrx_word' id='word_1_669' title='bbox 2241 4142 2464 4212; x_wconf 82' lang='grc' dir='ltr'>Σωτῆρα</span> <span class='ocrx_word' id='word_1_670' title='bbox 2492 4140 2783 4211; x_wconf 77' lang='grc' dir='ltr'>προσδοκᾷ,</span> <span class='ocrx_word' id='word_1_671' title='bbox 2815 4139 2939 4211; x_wconf 77' lang='grc' dir='ltr'>περὶ</span> <span class='ocrx_word' id='word_1_672' title='bbox 2966 4134 3027 4192; x_wconf 76' lang='grc' dir='ltr'>οὗ</span> <span class='ocrx_word' id='word_1_673' title='bbox 3055 4138 3264 4210; x_wconf 75' lang='grc' dir='ltr'>εἴρηται</span> <span class='ocrx_word' id='word_1_674' title='bbox 3283 4158 3294 4169; x_wconf 91' lang='grc'><strong>·</strong></span> <span class='ocrx_word' id='word_1_675' title='bbox 3326 4138 3505 4192; x_wconf 84' lang='grc' dir='ltr'>Πᾶσα</span> <span class='ocrx_word' id='word_1_676' title='bbox 3534 4142 3691 4206; x_wconf 75' lang='grc' dir='ltr'>σὰρξ</span> 
     </span>
    </p>
   </div>
   <div class='ocr_carea' id='block_1_90' title="bbox 2124 4229 3692 4307">
    <p class='ocr_par' dir='ltr' id='par_1_90' title="bbox 2124 4229 3692 4307">
     <span class='ocr_line' id='line_1_90' title="bbox 2124 4229 3692 4307; baseline -0.003 -23"><span class='ocrx_word' id='word_1_677' title='bbox 2124 4234 2332 4300; x_wconf 74' lang='grc' dir='ltr'>ὄψεται</span> <span class='ocrx_word' id='word_1_678' title='bbox 2361 4233 2426 4290; x_wconf 82' lang='grc' dir='ltr'>τὸ</span> <span class='ocrx_word' id='word_1_679' title='bbox 2459 4230 2757 4307; x_wconf 81' lang='grc' dir='ltr'>Σωτήριον</span> <span class='ocrx_word' id='word_1_680' title='bbox 2802 4230 2907 4289; x_wconf 83' lang='grc' dir='ltr'>τοῦ</span> <span class='ocrx_word' id='word_1_681' title='bbox 2946 4230 3114 4293; x_wconf 88' lang='grc' dir='ltr'>Θεοῦ,</span> <span class='ocrx_word' id='word_1_682' title='bbox 3165 4229 3469 4292; x_wconf 81' lang='grc' dir='ltr'>ἀκολούθως</span> <span class='ocrx_word' id='word_1_683' title='bbox 3502 4231 3692 4299; x_wconf 75' lang='grc' dir='ltr'>ἀγαπᾷ</span> 
     </span>
    </p>
   </div>
   <div class='ocr_carea' id='block_1_91' title="bbox 2124 4316 3693 4394">
    <p class='ocr_par' dir='ltr' id='par_1_91' title="bbox 2124 4316 3693 4394">
     <span class='ocr_line' id='line_1_91' title="bbox 2124 4316 3693 4394; baseline -0.003 -18"><span class='ocrx_word' id='word_1_684' title='bbox 2124 4324 2223 4387; x_wconf 83' lang='grc' dir='ltr'>τάς</span> <span class='ocrx_word' id='word_1_685' title='bbox 2247 4321 2463 4385; x_wconf 74' lang='grc' dir='ltr'>ἐντολάς</span> <span class='ocrx_word' id='word_1_686' title='bbox 2492 4320 2585 4379; x_wconf 74' lang='grc' dir='ltr'>τοῦ</span> <span class='ocrx_word' id='word_1_687' title='bbox 2608 4320 2765 4383; x_wconf 88' lang='grc' dir='ltr'>Θεοῦ,</span> <span class='ocrx_word' id='word_1_688' title='bbox 2791 4316 2850 4374; x_wconf 73' lang='grc' dir='ltr'>οὗ</span> <span class='ocrx_word' id='word_1_689' title='bbox 2870 4322 2963 4383; x_wconf 75' lang='grc' dir='ltr'>καὶ</span> <span class='ocrx_word' id='word_1_690' title='bbox 2985 4320 3045 4379; x_wconf 72' lang='grc' dir='ltr'>τὸ</span> <span class='ocrx_word' id='word_1_691' title='bbox 3068 4322 3336 4394; x_wconf 80' lang='grc' dir='ltr'>Σωτήρων</span> <span class='ocrx_word' id='word_1_692' title='bbox 3361 4321 3693 4392; x_wconf 83' lang='grc' dir='ltr'>προσεδόκη-</span> 
     </span>
    </p>
   </div>
   <div class='ocr_carea' id='block_1_92' title="bbox 446 4409 2020 4485">
    <p class='ocr_par' dir='ltr' id='par_1_92' title="bbox 446 4412 2020 4483">
     <span class='ocr_line' id='line_1_92' title="bbox 446 4412 2020 4483; baseline -0.003 -14"><span class='ocrx_word' id='word_1_693' title='bbox 446 4418 546 4479; x_wconf 83' lang='lat' dir='ltr'><strong>vit,</strong></span> <span class='ocrx_word' id='word_1_694' title='bbox 579 4422 637 4468; x_wconf 93' lang='lat' dir='ltr'>ut</span> <span class='ocrx_word' id='word_1_695' title='bbox 666 4422 721 4468; x_wconf 94' lang='lat' dir='ltr'><strong><em>et</em></strong></span> <span class='ocrx_word' id='word_1_696' title='bbox 749 4414 962 4468; x_wconf 91' lang='lat' dir='ltr'><strong>actione</strong></span> <span class='ocrx_word' id='word_1_697' title='bbox 1002 4428 1173 4483; x_wconf 86' lang='lat' dir='ltr'><strong><em>purus</em></strong></span> <span class='ocrx_word' id='word_1_698' title='bbox 1220 4422 1274 4468; x_wconf 89' lang='lat' dir='ltr'>et</span> <span class='ocrx_word' id='word_1_699' title='bbox 1321 4412 1731 4482; x_wconf 77' lang='lat' dir='ltr'><strong>exspectatione</strong></span> <span class='ocrx_word' id='word_1_700' title='bbox 1775 4419 2020 4465; x_wconf 86' lang='lat' dir='ltr'><strong>contem-</strong></span> 
     </span>
    </p>
   </div>
   <div class='ocr_carea' id='block_1_93' title="bbox 2124 4409 3693 4485">
    <p class='ocr_par' dir='ltr' id='par_1_93' title="bbox 2126 4409 3693 4485">
     <span class='ocr_line' id='line_1_93' title="bbox 2126 4409 3693 4485; baseline -0.003 -18"><span class='ocrx_word' id='word_1_701' title='bbox 2126 4431 2236 4478; x_wconf 89' lang='grc' dir='ltr'>σεν,</span> <span class='ocrx_word' id='word_1_702' title='bbox 2269 4414 2354 4465; x_wconf 83' lang='grc' dir='ltr'>ἴνα</span> <span class='ocrx_word' id='word_1_703' title='bbox 2396 4412 2489 4465; x_wconf 74' lang='grc' dir='ltr'>καὶ</span> <span class='ocrx_word' id='word_1_704' title='bbox 2520 4412 2618 4482; x_wconf 84' lang='grc' dir='ltr'>τὴν</span> <span class='ocrx_word' id='word_1_705' title='bbox 2656 4412 2850 4482; x_wconf 79' lang='grc' dir='ltr'>πρᾶξιν</span> <span class='ocrx_word' id='word_1_706' title='bbox 2957 4412 3228 4483; x_wconf 84' lang='grc' dir='ltr'>καθαρῶς,</span> <span class='ocrx_word' id='word_1_707' title='bbox 3273 4413 3364 4465; x_wconf 81' lang='grc' dir='ltr'>καὶ</span> <span class='ocrx_word' id='word_1_708' title='bbox 3394 4412 3492 4483; x_wconf 82' lang='grc' dir='ltr'>τὴν</span> <span class='ocrx_word' id='word_1_709' title='bbox 3524 4430 3693 4481; x_wconf 77' lang='grc' dir='ltr'>προσ-</span> 
     </span>
    </p>
   </div>
   <div class='ocr_carea' id='block_1_94' title="bbox 448 4501 2019 4573">
    <p class='ocr_par' dir='ltr' id='par_1_94' title="bbox 448 4501 2019 4573">
     <span class='ocr_line' id='line_1_94' title="bbox 448 4501 2019 4573; baseline 0.001 -16"><span class='ocrx_word' id='word_1_710' title='bbox 448 4504 757 4573; x_wconf 81' lang='lat' dir='ltr'><strong>plabundus</strong></span> <span class='ocrx_word' id='word_1_711' title='bbox 805 4504 899 4568; x_wconf 90' lang='lat' dir='ltr'><strong>sit,</strong></span> <span class='ocrx_word' id='word_1_712' title='bbox 930 4511 1260 4573; x_wconf 85' lang='lat' dir='ltr'><strong>exspectans</strong></span> <span class='ocrx_word' id='word_1_713' title='bbox 1296 4516 1513 4572; x_wconf 86' lang='lat' dir='ltr'><strong>semper</strong></span> <span class='ocrx_word' id='word_1_714' title='bbox 1542 4510 1598 4557; x_wconf 87' lang='lat' dir='ltr'><strong><em>et</em></strong></span> <span class='ocrx_word' id='word_1_715' title='bbox 1643 4501 2019 4571; x_wconf 88' lang='lat' dir='ltr'><strong>contemplans</strong></span> 
     </span>
    </p>
   </div>
   <div class='ocr_carea' id='block_1_95' title="bbox 447 4592 2020 4663">
    <p class='ocr_par' dir='ltr' id='par_1_95' title="bbox 447 4592 2020 4663">
     <span class='ocr_line' id='line_1_95' title="bbox 447 4592 2020 4663; baseline 0.002 -16"><span class='ocrx_word' id='word_1_716' title='bbox 447 4593 617 4649; x_wconf 80' lang='lat' dir='ltr'><strong>Deum</strong></span> <span class='ocrx_word' id='word_1_717' title='bbox 654 4592 891 4649; x_wconf 80' lang='lat' dir='ltr'><strong>Verbum</strong></span> <span class='ocrx_word' id='word_1_718' title='bbox 926 4595 1232 4649; x_wconf 89' lang='lat' dir='ltr'><strong>venientem</strong></span> <span class='ocrx_word' id='word_1_719' title='bbox 1263 4608 1509 4663; x_wconf 64' lang='lat' dir='ltr'><strong>quaerere</strong></span> <span class='ocrx_word' id='word_1_720' title='bbox 1559 4600 1614 4649; x_wconf 91' lang='lat' dir='ltr'><strong>et</strong></span> <span class='ocrx_word' id='word_1_721' title='bbox 1672 4594 1883 4649; x_wconf 91' lang='lat' dir='ltr'><strong>salvum</strong></span> <span class='ocrx_word' id='word_1_722' title='bbox 1936 4592 2020 4651; x_wconf 79' lang='lat' dir='ltr'><strong>fa-</strong></span> 
     </span>
    </p>
   </div>
   <div class='ocr_carea' id='block_1_96' title="bbox 445 4682 1039 4754">
    <p class='ocr_par' dir='ltr' id='par_1_96' title="bbox 445 4682 1039 4754">
     <span class='ocr_line' id='line_1_96' title="bbox 445 4682 1039 4754; baseline 0 -15"><span class='ocrx_word' id='word_1_723' title='bbox 445 4700 571 4741; x_wconf 86' lang='lat' dir='ltr'><strong>cere</strong></span> <span class='ocrx_word' id='word_1_724' title='bbox 596 4682 742 4754; x_wconf 88' lang='lat' dir='ltr'><strong>quod</strong></span> <span class='ocrx_word' id='word_1_725' title='bbox 782 4684 1039 4754; x_wconf 88' lang='lat' dir='ltr'><strong>perierat.</strong></span> 
     </span>
    </p>
   </div>
   <div class='ocr_carea' id='block_1_97' title="bbox 519 4774 2019 4840">
    <p class='ocr_par' dir='ltr' id='par_1_97' title="bbox 519 4774 2019 4840">
     <span class='ocr_line' id='line_1_97' title="bbox 519 4774 2019 4840; baseline 0.001 -13"><span class='ocrx_word' id='word_1_726' title='bbox 519 4774 686 4830; x_wconf 76' lang='lat' dir='ltr'><strong><em>Vens.</em></strong></span> <span class='ocrx_word' id='word_1_727' title='bbox 729 4775 852 4840; x_wconf 69' lang='lat'>167,</span> <span class='ocrx_word' id='word_1_728' title='bbox 887 4776 1010 4830; x_wconf 73' lang='lat'>168.</span> <span class='ocrx_word' id='word_1_729' title='bbox 1031 4774 1328 4830; x_wconf 83' lang='lat' dir='ltr'><strong><em>Custodivit</em></strong></span> <span class='ocrx_word' id='word_1_730' title='bbox 1358 4777 1539 4829; x_wconf 76' lang='lat' dir='ltr'><strong><em>anima</em></strong></span> <span class='ocrx_word' id='word_1_731' title='bbox 1571 4791 1685 4829; x_wconf 75' lang='lat' dir='ltr'>mea</span> <span class='ocrx_word' id='word_1_732' title='bbox 1716 4776 2019 4829; x_wconf 82' lang='lat' dir='ltr'><strong><em>testimonia</em></strong></span> 
     </span>
    </p>
   </div>
   <div class='ocr_carea' id='block_1_98' title="bbox 446 4862 2014 4926">
    <p class='ocr_par' dir='ltr' id='par_1_98' title="bbox 446 4862 2014 4926">
     <span class='ocr_line' id='line_1_98' title="bbox 446 4862 2014 4926; baseline 0.002 -10"><span class='ocrx_word' id='word_1_733' title='bbox 446 4874 573 4926; x_wconf 77' lang='lat' dir='ltr'><strong><em>tua,</em></strong></span> <span class='ocrx_word' id='word_1_734' title='bbox 607 4871 656 4915; x_wconf 85' lang='lat' dir='ltr'><strong>et</strong></span> <span class='ocrx_word' id='word_1_735' title='bbox 687 4862 873 4916; x_wconf 77' lang='lat' dir='ltr'><strong><em>dilexit</em></strong></span> <span class='ocrx_word' id='word_1_736' title='bbox 911 4879 974 4917; x_wconf 88' lang='lat' dir='ltr'>ea</span> <span class='ocrx_word' id='word_1_737' title='bbox 1006 4864 1353 4917; x_wconf 77' lang='lat' dir='ltr'><strong><em>uehementer.</em></strong></span> <span class='ocrx_word' id='word_1_738' title='bbox 1387 4862 1505 4916; x_wconf 82' lang='lat' dir='ltr'>Non</span> <span class='ocrx_word' id='word_1_739' title='bbox 1543 4864 1719 4919; x_wconf 90' lang='lat' dir='ltr'><strong>solum</strong></span> <span class='ocrx_word' id='word_1_740' title='bbox 1757 4864 2014 4919; x_wconf 88' lang='lat' dir='ltr'><strong>mandata</strong></span> 
     </span>
    </p>
   </div>
   <div class='ocr_carea' id='block_1_99' title="bbox 448 4951 2017 5015">
    <p class='ocr_par' dir='ltr' id='par_1_99' title="bbox 448 4951 2017 5015">
     <span class='ocr_line' id='line_1_99' title="bbox 448 4951 2017 5015; baseline 0.001 -10"><span class='ocrx_word' id='word_1_741' title='bbox 448 4963 541 5005; x_wconf 80' lang='lat' dir='ltr'>tua</span> <span class='ocrx_word' id='word_1_742' title='bbox 567 4951 769 5015; x_wconf 86' lang='lat' dir='ltr'><strong>dilexi,</strong></span> <span class='ocrx_word' id='word_1_743' title='bbox 799 4966 986 5006; x_wconf 88' lang='lat' dir='ltr'><strong>verum</strong></span> <span class='ocrx_word' id='word_1_744' title='bbox 1015 4951 1180 5006; x_wconf 89' lang='lat' dir='ltr'><strong>etiam</strong></span> <span class='ocrx_word' id='word_1_745' title='bbox 1215 4952 1529 5006; x_wconf 90' lang='lat' dir='ltr'><strong>testimonia</strong></span> <span class='ocrx_word' id='word_1_746' title='bbox 1561 4959 1655 5005; x_wconf 90' lang='lat' dir='ltr'>tua</span> <span class='ocrx_word' id='word_1_747' title='bbox 1690 4952 1846 5013; x_wconf 86' lang='lat' dir='ltr'><strong>valde</strong></span> <span class='ocrx_word' id='word_1_748' title='bbox 1878 4951 2017 5006; x_wconf 89' lang='lat' dir='ltr'><strong>dile-</strong></span> 
     </span>
    </p>
   </div>
   <div class='ocr_carea' id='block_1_100' title="bbox 446 5040 2015 5111">
    <p class='ocr_par' dir='ltr' id='par_1_100' title="bbox 446 5040 2015 5111">
     <span class='ocr_line' id='line_1_100' title="bbox 446 5040 2015 5111; baseline -0.001 -16"><span class='ocrx_word' id='word_1_749' title='bbox 446 5042 528 5095; x_wconf 81' lang='lat' dir='ltr'><strong>xit</strong></span> <span class='ocrx_word' id='word_1_750' title='bbox 578 5040 761 5094; x_wconf 92' lang='lat' dir='ltr'><strong>anima</strong></span> <span class='ocrx_word' id='word_1_751' title='bbox 808 5056 960 5106; x_wconf 90' lang='lat' dir='ltr'><strong>mea,</strong></span> <span class='ocrx_word' id='word_1_752' title='bbox 1006 5048 1061 5096; x_wconf 88' lang='lat' dir='ltr'><strong><em>et</em></strong></span> <span class='ocrx_word' id='word_1_753' title='bbox 1099 5041 1398 5095; x_wconf 82' lang='lat' dir='ltr'><strong>custodivit</strong></span> <span class='ocrx_word' id='word_1_754' title='bbox 1436 5056 1519 5096; x_wconf 88' lang='lat' dir='ltr'><strong>ea.</strong></span> <span class='ocrx_word' id='word_1_755' title='bbox 1564 5041 1748 5095; x_wconf 86' lang='lat' dir='ltr'><strong>Primo</strong></span> <span class='ocrx_word' id='word_1_756' title='bbox 1795 5042 2015 5111; x_wconf 90' lang='lat' dir='ltr'><strong>quidem</strong></span> 
     </span>
    </p>
   </div>
   <div class='ocr_carea' id='block_1_101' title="bbox 398 5120 2018 5201">
    <p class='ocr_par' dir='ltr' id='par_1_101' title="bbox 398 5120 2018 5201">
     <span class='ocr_line' id='line_1_101' title="bbox 398 5120 2018 5201; baseline -0.001 -17"><span class='ocrx_word' id='word_1_757' title='bbox 398 5120 401 5123; x_wconf 8' lang='grc' dir='ltr'>ἰ</span> <span class='ocrx_word' id='word_1_758' title='bbox 450 5130 764 5200; x_wconf 76' lang='lat' dir='ltr'><strong>singulatim</strong></span> <span class='ocrx_word' id='word_1_759' title='bbox 804 5130 1055 5193; x_wconf 82' lang='lat' dir='ltr'><strong>dicebat,</strong></span> <span class='ocrx_word' id='word_1_760' title='bbox 1085 5130 1390 5201; x_wconf 88' lang='lat' dir='ltr'><strong><em>diligebam,</em></strong></span> <span class='ocrx_word' id='word_1_761' title='bbox 1415 5139 1505 5196; x_wconf 89' lang='lat' dir='ltr'><strong>et,</strong></span> <span class='ocrx_word' id='word_1_762' title='bbox 1552 5130 1716 5184; x_wconf 87' lang='lat' dir='ltr'><strong><em>dilexi</em></strong></span> <span class='ocrx_word' id='word_1_763' title='bbox 1762 5130 2018 5184; x_wconf 85' lang='lat' dir='ltr'><strong><em>mandata</em></strong></span> 
     </span>
    </p>
   </div>
   <div class='ocr_carea' id='block_1_102' title="bbox 454 5221 2016 5284">
    <p class='ocr_par' dir='ltr' id='par_1_102' title="bbox 454 5221 2016 5284">
     <span class='ocr_line' id='line_1_102' title="bbox 454 5221 2016 5284; baseline 0 -11"><span class='ocrx_word' id='word_1_764' title='bbox 454 5230 587 5282; x_wconf 88' lang='lat' dir='ltr'><strong><em>tua;</em></strong></span> <span class='ocrx_word' id='word_1_765' title='bbox 620 5222 862 5277; x_wconf 86' lang='lat' dir='ltr'><strong>secundo</strong></span> <span class='ocrx_word' id='word_1_766' title='bbox 897 5232 1109 5284; x_wconf 87' lang='lat' dir='ltr'><strong>autem,</strong></span> <span class='ocrx_word' id='word_1_767' title='bbox 1154 5222 1450 5277; x_wconf 85' lang='lat' dir='ltr'><strong><em>Custodivit</em></strong></span> <span class='ocrx_word' id='word_1_768' title='bbox 1495 5221 1675 5277; x_wconf 87' lang='lat' dir='ltr'><strong><em>anima</em></strong></span> <span class='ocrx_word' id='word_1_769' title='bbox 1714 5238 1829 5277; x_wconf 85' lang='lat' dir='ltr'>mea</span> <span class='ocrx_word' id='word_1_770' title='bbox 1871 5222 2016 5274; x_wconf 87' lang='lat' dir='ltr'><strong><em>testi-</em></strong></span> 
     </span>
    </p>
   </div>
   <div class='ocr_carea' id='block_1_103' title="bbox 448 5315 2011 5387">
    <p class='ocr_par' dir='ltr' id='par_1_103' title="bbox 448 5315 2011 5387">
     <span class='ocr_line' id='line_1_103' title="bbox 448 5315 2011 5387; baseline 0.001 -20"><span class='ocrx_word' id='word_1_771' title='bbox 448 5315 626 5375; x_wconf 77' lang='lat' dir='ltr'><strong><em>monia</em></strong></span> <span class='ocrx_word' id='word_1_772' title='bbox 678 5324 808 5379; x_wconf 86' lang='lat' dir='ltr'><strong><em>tua;</em></strong></span> <span class='ocrx_word' id='word_1_773' title='bbox 860 5316 1023 5370; x_wconf 91' lang='lat' dir='ltr'><strong>tertio</strong></span> <span class='ocrx_word' id='word_1_774' title='bbox 1073 5316 1200 5371; x_wconf 89' lang='lat' dir='ltr'><strong>item</strong></span> <span class='ocrx_word' id='word_1_775' title='bbox 1252 5325 1485 5387; x_wconf 84' lang='lat' dir='ltr'><strong>utraque</strong></span> <span class='ocrx_word' id='word_1_776' title='bbox 1531 5316 1868 5387; x_wconf 89' lang='lat' dir='ltr'><strong>conjungens</strong></span> <span class='ocrx_word' id='word_1_777' title='bbox 1903 5316 2011 5369; x_wconf 87' lang='lat' dir='ltr'><strong>ait:</strong></span> 
     </span>
    </p>
   </div>
   <div class='ocr_carea' id='block_1_104' title="bbox 449 5401 2013 5478">
    <p class='ocr_par' dir='ltr' id='par_1_104' title="bbox 449 5401 2013 5478">
     <span class='ocr_line' id='line_1_104' title="bbox 449 5401 2013 5478; baseline -0.001 -17"><span class='ocrx_word' id='word_1_778' title='bbox 449 5401 664 5461; x_wconf 74' lang='lat' dir='ltr'><strong><em>Servavi</em></strong></span> <span class='ocrx_word' id='word_1_779' title='bbox 699 5404 951 5458; x_wconf 87' lang='lat' dir='ltr'><strong><em>mandata</em></strong></span> <span class='ocrx_word' id='word_1_780' title='bbox 981 5415 1073 5459; x_wconf 88' lang='lat' dir='ltr'><strong><em>tua</em></strong></span> <span class='ocrx_word' id='word_1_781' title='bbox 1100 5415 1149 5461; x_wconf 83' lang='lat' dir='ltr'><strong><em>et</em></strong></span> <span class='ocrx_word' id='word_1_782' title='bbox 1182 5407 1485 5462; x_wconf 85' lang='lat' dir='ltr'><strong><em>testimonia</em></strong></span> <span class='ocrx_word' id='word_1_783' title='bbox 1522 5417 1654 5470; x_wconf 87' lang='lat' dir='ltr'><strong><em>tua;</em></strong></span> <span class='ocrx_word' id='word_1_784' title='bbox 1683 5408 1809 5478; x_wconf 84' lang='lat' dir='ltr'><strong><em>quia</em></strong></span> <span class='ocrx_word' id='word_1_785' title='bbox 1838 5422 2013 5460; x_wconf 85' lang='lat' dir='ltr'><strong><em>omnes</em></strong></span> 
     </span>
    </p>
   </div>
   <div class='ocr_carea' id='block_1_105' title="bbox 448 5484 2017 5565">
    <p class='ocr_par' dir='ltr' id='par_1_105' title="bbox 448 5484 2017 5565">
     <span class='ocr_line' id='line_1_105' title="bbox 448 5484 2017 5565; baseline 0.001 -15"><span class='ocrx_word' id='word_1_786' title='bbox 448 5495 545 5557; x_wconf 69' lang='lat' dir='ltr'>vix</span> <span class='ocrx_word' id='word_1_787' title='bbox 574 5512 701 5554; x_wconf 73' lang='lat' dir='ltr'><strong><em>metr:</em></strong></span> <span class='ocrx_word' id='word_1_788' title='bbox 726 5497 780 5557; x_wconf 81' lang='lat' dir='ltr'>in</span> <span class='ocrx_word' id='word_1_789' title='bbox 804 5506 1079 5565; x_wconf 74' lang='lat' dir='ltr'><strong><em>conspectu</em></strong></span> <span class='ocrx_word' id='word_1_790' title='bbox 1103 5507 1212 5563; x_wconf 85' lang='lat' dir='ltr'><strong><em>tuo,</em></strong></span> <span class='ocrx_word' id='word_1_791' title='bbox 1246 5484 1483 5562; x_wconf 80' lang='lat' dir='ltr'><strong><em>Domine.</em></strong></span> <span class='ocrx_word' id='word_1_792' title='bbox 1508 5497 1770 5555; x_wconf 86' lang='lat' dir='ltr'><strong>Peccator</strong></span> <span class='ocrx_word' id='word_1_793' title='bbox 1794 5512 1903 5552; x_wconf 90' lang='lat' dir='ltr'>non</span> <span class='ocrx_word' id='word_1_794' title='bbox 1935 5496 2017 5560; x_wconf 84' lang='lat' dir='ltr'><strong>di-</strong></span> 
     </span>
    </p>
   </div>
   <div class='ocr_carea' id='block_1_106' title="bbox 2124 4502 3693 4575">
    <p class='ocr_par' dir='ltr' id='par_1_106' title="bbox 2124 4502 3693 4575">
     <span class='ocr_line' id='line_1_106' title="bbox 2124 4502 3693 4575; baseline -0.002 -17"><span class='ocrx_word' id='word_1_795' title='bbox 2124 4505 2308 4558; x_wconf 91' lang='grc' dir='ltr'>δοκίαν</span> <span class='ocrx_word' id='word_1_796' title='bbox 2341 4502 2708 4573; x_wconf 84' lang='grc' dir='ltr'>θεωρητικῶς.</span> <span class='ocrx_word' id='word_1_797' title='bbox 2739 4502 3050 4573; x_wconf 84' lang='grc' dir='ltr'>προσδοκῶν</span> <span class='ocrx_word' id='word_1_798' title='bbox 3078 4504 3163 4555; x_wconf 74' lang='grc' dir='ltr'>ἀεὶ</span> <span class='ocrx_word' id='word_1_799' title='bbox 3201 4505 3293 4568; x_wconf 73' lang='grc' dir='ltr'>καὶ</span> <span class='ocrx_word' id='word_1_800' title='bbox 3323 4503 3542 4575; x_wconf 82' lang='grc' dir='ltr'>θεωρῶν</span> <span class='ocrx_word' id='word_1_801' title='bbox 3565 4505 3693 4572; x_wconf 81' lang='grc' dir='ltr'>ὲλη-</span> 
     </span>
    </p>
   </div>
   <div class='ocr_carea' id='block_1_107' title="bbox 2123 4592 3689 4664">
    <p class='ocr_par' dir='ltr' id='par_1_107' title="bbox 2123 4592 3689 4664">
     <span class='ocr_line' id='line_1_107' title="bbox 2123 4592 3689 4664; baseline 0.001 -18"><span class='ocrx_word' id='word_1_802' title='bbox 2123 4593 2321 4648; x_wconf 83' lang='grc' dir='ltr'>λυθότα</span> <span class='ocrx_word' id='word_1_803' title='bbox 2346 4593 2436 4646; x_wconf 83' lang='grc' dir='ltr'>τὸν</span> <span class='ocrx_word' id='word_1_804' title='bbox 2456 4592 2587 4649; x_wconf 83' lang='grc' dir='ltr'>Θεδν</span> <span class='ocrx_word' id='word_1_805' title='bbox 2616 4593 2790 4659; x_wconf 87' lang='grc' dir='ltr'>Λόγον</span> <span class='ocrx_word' id='word_1_806' title='bbox 2820 4592 3050 4664; x_wconf 77' lang='grc' dir='ltr'>ζητῆσαι</span> <span class='ocrx_word' id='word_1_807' title='bbox 3075 4593 3171 4647; x_wconf 76' lang='grc' dir='ltr'>καὶ</span> <span class='ocrx_word' id='word_1_808' title='bbox 3200 4594 3369 4651; x_wconf 80' lang='grc' dir='ltr'>σῶσαι</span> <span class='ocrx_word' id='word_1_809' title='bbox 3394 4596 3453 4645; x_wconf 83' lang='grc' dir='ltr'>τδ</span> <span class='ocrx_word' id='word_1_810' title='bbox 3480 4594 3689 4647; x_wconf 82' lang='grc' dir='ltr'>ἀπολω-</span> 
     </span>
    </p>
   </div>
   <div class='ocr_carea' id='block_1_108' title="bbox 2120 4686 2227 4749">
    <p class='ocr_par' dir='ltr' id='par_1_108' title="bbox 2120 4686 2227 4749">
     <span class='ocr_line' id='line_1_108' title="bbox 2120 4686 2227 4749; baseline 0 -10"><span class='ocrx_word' id='word_1_811' title='bbox 2120 4686 2227 4749; x_wconf 88' lang='grc' dir='ltr'>λὸς.</span> 
     </span>
    </p>
   </div>
   <div class='ocr_carea' id='block_1_109' title="bbox 2206 4771 3691 4844">
    <p class='ocr_par' dir='ltr' id='par_1_109' title="bbox 2206 4771 3691 4844">
     <span class='ocr_line' id='line_1_109' title="bbox 2206 4771 3691 4844; baseline -0.002 -17"><span class='ocrx_word' id='word_1_812' title='bbox 2206 4774 2533 4844; x_wconf 71' lang='grc' dir='ltr'>Ἐφύλαξεν</span> <span class='ocrx_word' id='word_1_813' title='bbox 2563 4775 2602 4840; x_wconf 80' lang='grc' dir='ltr'><strong><em>ἠ</em></strong></span> <span class='ocrx_word' id='word_1_814' title='bbox 2636 4772 2805 4840; x_wconf 67' lang='grc' dir='ltr'>ψυχή</span> <span class='ocrx_word' id='word_1_815' title='bbox 2828 4791 2946 4841; x_wconf 83' lang='grc' dir='ltr'>μου</span> <span class='ocrx_word' id='word_1_816' title='bbox 2989 4771 3060 4825; x_wconf 82' lang='grc' dir='ltr'>τὰ</span> <span class='ocrx_word' id='word_1_817' title='bbox 3096 4771 3384 4843; x_wconf 80' lang='grc' dir='ltr'>μαρτύριά</span> <span class='ocrx_word' id='word_1_818' title='bbox 3422 4789 3560 4837; x_wconf 82' lang='grc' dir='ltr'>σου,</span> <span class='ocrx_word' id='word_1_819' title='bbox 3593 4776 3691 4825; x_wconf 76' lang='grc' dir='ltr'>καὶ</span> 
     </span>
    </p>
   </div>
   <div class='ocr_carea' id='block_1_110' title="bbox 2119 4863 3691 4935">
    <p class='ocr_par' dir='ltr' id='par_1_110' title="bbox 2119 4863 3691 4935">
     <span class='ocr_line' id='line_1_110' title="bbox 2119 4863 3691 4935; baseline -0.003 -16"><span class='ocrx_word' id='word_1_820' title='bbox 2119 4867 2436 4935; x_wconf 78' lang='grc' dir='ltr'>ἠγάπησεν</span> <span class='ocrx_word' id='word_1_821' title='bbox 2462 4864 2616 4918; x_wconf 87' lang='grc' dir='ltr'>αὐτὰ</span> <span class='ocrx_word' id='word_1_822' title='bbox 2648 4864 2902 4932; x_wconf 65' lang='grc' dir='ltr'>σφόδρα.</span> <span class='ocrx_word' id='word_1_823' title='bbox 2937 4864 3011 4915; x_wconf 83' lang='grc' dir='ltr'>Οὐ</span> <span class='ocrx_word' id='word_1_824' title='bbox 3041 4863 3197 4933; x_wconf 89' lang='grc' dir='ltr'>μόνον</span> <span class='ocrx_word' id='word_1_825' title='bbox 3220 4863 3317 4925; x_wconf 81' lang='grc' dir='ltr'>τὰς</span> <span class='ocrx_word' id='word_1_826' title='bbox 3346 4863 3562 4925; x_wconf 76' lang='grc' dir='ltr'>ἐντολάς</span> <span class='ocrx_word' id='word_1_827' title='bbox 3596 4881 3691 4916; x_wconf 88' lang='grc' dir='ltr'>σου</span> 
     </span>
    </p>
   </div>
   <div class='ocr_carea' id='block_1_111' title="bbox 2119 4951 3691 5026">
    <p class='ocr_par' dir='ltr' id='par_1_111' title="bbox 2119 4951 3691 5026">
     <span class='ocr_line' id='line_1_111' title="bbox 2119 4951 3691 5026; baseline -0.003 -17"><span class='ocrx_word' id='word_1_828' title='bbox 2119 4956 2399 5026; x_wconf 76' lang='grc' dir='ltr'>ἠγάπησα,</span> <span class='ocrx_word' id='word_1_829' title='bbox 2427 4953 2563 5012; x_wconf 89' lang='grc' dir='ltr'>ἀλλά</span> <span class='ocrx_word' id='word_1_830' title='bbox 2591 4955 2688 5007; x_wconf 79' lang='grc' dir='ltr'>καὶ</span> <span class='ocrx_word' id='word_1_831' title='bbox 2714 4953 2781 5006; x_wconf 85' lang='grc' dir='ltr'>τά</span> <span class='ocrx_word' id='word_1_832' title='bbox 2811 4951 3084 5024; x_wconf 85' lang='grc' dir='ltr'>μαρτύριά</span> <span class='ocrx_word' id='word_1_833' title='bbox 3115 4969 3208 5004; x_wconf 89' lang='grc' dir='ltr'>σου</span> <span class='ocrx_word' id='word_1_834' title='bbox 3243 4952 3445 5023; x_wconf 85' lang='grc' dir='ltr'>σφόδρα</span> <span class='ocrx_word' id='word_1_835' title='bbox 3466 4954 3691 5023; x_wconf 74' lang='grc' dir='ltr'>ἠγάπη-</span> 
     </span>
    </p>
   </div>
   <div class='ocr_carea' id='block_1_112' title="bbox 2120 5043 3693 5116">
    <p class='ocr_par' dir='ltr' id='par_1_112' title="bbox 2120 5043 3693 5116">
     <span class='ocr_line' id='line_1_112' title="bbox 2120 5043 3693 5116; baseline -0.002 -16"><span class='ocrx_word' id='word_1_836' title='bbox 2120 5065 2210 5105; x_wconf 86' lang='grc' dir='ltr'>σεν</span> <span class='ocrx_word' id='word_1_837' title='bbox 2241 5047 2274 5116; x_wconf 84' lang='grc' dir='ltr'>ὴ</span> <span class='ocrx_word' id='word_1_838' title='bbox 2304 5045 2448 5116; x_wconf 78' lang='grc' dir='ltr'>ψυχή</span> <span class='ocrx_word' id='word_1_839' title='bbox 2479 5062 2603 5115; x_wconf 84' lang='grc' dir='ltr'>μου,</span> <span class='ocrx_word' id='word_1_840' title='bbox 2644 5046 2739 5098; x_wconf 72' lang='grc' dir='ltr'>καὶ</span> <span class='ocrx_word' id='word_1_841' title='bbox 2786 5043 3045 5111; x_wconf 72' lang='grc' dir='ltr'>ἐφύλαξεν</span> <span class='ocrx_word' id='word_1_842' title='bbox 3093 5043 3247 5103; x_wconf 73' lang='grc' dir='ltr'>αὑτά.</span> <span class='ocrx_word' id='word_1_843' title='bbox 3282 5043 3548 5114; x_wconf 81' lang='grc' dir='ltr'>Πρότερον</span> <span class='ocrx_word' id='word_1_844' title='bbox 3595 5046 3693 5113; x_wconf 82' lang='grc' dir='ltr'>μὲν</span> 
     </span>
    </p>
   </div>
   <div class='ocr_carea' id='block_1_113' title="bbox 2120 5134 3687 5205">
    <p class='ocr_par' dir='ltr' id='par_1_113' title="bbox 2120 5134 3687 5205">
     <span class='ocr_line' id='line_1_113' title="bbox 2120 5134 3687 5205; baseline -0.001 -16"><span class='ocrx_word' id='word_1_845' title='bbox 2120 5136 2261 5189; x_wconf 87' lang='grc' dir='ltr'>κατά</span> <span class='ocrx_word' id='word_1_846' title='bbox 2284 5135 2362 5199; x_wconf 86' lang='grc' dir='ltr'>ἒν,</span> <span class='ocrx_word' id='word_1_847' title='bbox 2392 5136 2661 5205; x_wconf 79' lang='grc' dir='ltr'>ἠγάπων,</span> <span class='ocrx_word' id='word_1_848' title='bbox 2690 5136 2803 5196; x_wconf 78' lang='grc' dir='ltr'>καὶ,</span> <span class='ocrx_word' id='word_1_849' title='bbox 2832 5134 3117 5202; x_wconf 76' lang='grc' dir='ltr'>ἠγάπησα</span> <span class='ocrx_word' id='word_1_850' title='bbox 3142 5134 3245 5199; x_wconf 81' lang='grc' dir='ltr'>τὰς</span> <span class='ocrx_word' id='word_1_851' title='bbox 3266 5134 3521 5200; x_wconf 71' lang='grc' dir='ltr'>ἐντολάς</span> <span class='ocrx_word' id='word_1_852' title='bbox 3548 5150 3687 5188; x_wconf 66' lang='grc' dir='ltr'>σοιν</span> 
     </span>
    </p>
   </div>
   <div class='ocr_carea' id='block_1_114' title="bbox 2116 5224 3692 5298">
    <p class='ocr_par' dir='ltr' id='par_1_114' title="bbox 2116 5224 3692 5298">
     <span class='ocr_line' id='line_1_114' title="bbox 2116 5224 3692 5298; baseline -0.001 -19"><span class='ocrx_word' id='word_1_853' title='bbox 2116 5227 2365 5298; x_wconf 82' lang='grc' dir='ltr'>δεύτερον</span> <span class='ocrx_word' id='word_1_854' title='bbox 2389 5244 2401 5257; x_wconf 92' lang='grc'><strong>·</strong></span> <span class='ocrx_word' id='word_1_855' title='bbox 2465 5226 2797 5294; x_wconf 72' lang='grc' dir='ltr'>Ἐφύλαξεν</span> <span class='ocrx_word' id='word_1_856' title='bbox 2834 5226 2872 5291; x_wconf 80' lang='grc' dir='ltr'>ή</span> <span class='ocrx_word' id='word_1_857' title='bbox 2908 5224 3076 5293; x_wconf 73' lang='grc' dir='ltr'>ψυχή</span> <span class='ocrx_word' id='word_1_858' title='bbox 3123 5242 3242 5293; x_wconf 83' lang='grc' dir='ltr'>μου</span> <span class='ocrx_word' id='word_1_859' title='bbox 3291 5227 3363 5277; x_wconf 81' lang='grc' dir='ltr'>τὰ</span> <span class='ocrx_word' id='word_1_860' title='bbox 3396 5224 3692 5293; x_wconf 73' lang='grc' dir='ltr'>μαρτύριά</span> 
     </span>
    </p>
   </div>
   <div class='ocr_carea' id='block_1_115' title="bbox 2117 5313 3689 5383">
    <p class='ocr_par' dir='ltr' id='par_1_115' title="bbox 2117 5313 3689 5383">
     <span class='ocr_line' id='line_1_115' title="bbox 2117 5313 3689 5383; baseline 0 -16"><span class='ocrx_word' id='word_1_861' title='bbox 2117 5332 2233 5375; x_wconf 85' lang='grc' dir='ltr'>σου</span> <span class='ocrx_word' id='word_1_862' title='bbox 2254 5333 2266 5345; x_wconf 76' lang='grc'><strong><em>⁸</em></strong></span> <span class='ocrx_word' id='word_1_863' title='bbox 2289 5315 2428 5370; x_wconf 82' lang='grc' dir='ltr'>κατά</span> <span class='ocrx_word' id='word_1_864' title='bbox 2463 5315 2521 5367; x_wconf 80' lang='grc' dir='ltr'>δὲ</span> <span class='ocrx_word' id='word_1_865' title='bbox 2546 5315 2607 5371; x_wconf 83' lang='grc' dir='ltr'>τὸ</span> <span class='ocrx_word' id='word_1_866' title='bbox 2639 5314 2818 5383; x_wconf 89' lang='grc' dir='ltr'>τρίτον</span> <span class='ocrx_word' id='word_1_867' title='bbox 2851 5313 3166 5381; x_wconf 87' lang='grc' dir='ltr'>συναγαγὼν</span> <span class='ocrx_word' id='word_1_868' title='bbox 3192 5313 3475 5383; x_wconf 79' lang='grc' dir='ltr'>ἀμφότερα</span> <span class='ocrx_word' id='word_1_869' title='bbox 3500 5316 3580 5375; x_wconf 85' lang='grc' dir='ltr'>εἰς</span> <span class='ocrx_word' id='word_1_870' title='bbox 3608 5315 3689 5375; x_wconf 72' lang='grc' dir='ltr'>ἓν,</span> 
     </span>
    </p>
   </div>
   <div class='ocr_carea' id='block_1_116' title="bbox 2121 5400 3689 5475">
    <p class='ocr_par' dir='ltr' id='par_1_116' title="bbox 2121 5400 3689 5475">
     <span class='ocr_line' id='line_1_116' title="bbox 2121 5400 3689 5475; baseline -0.004 -19"><span class='ocrx_word' id='word_1_871' title='bbox 2121 5404 2284 5475; x_wconf 81' lang='grc' dir='ltr'>φησιν</span> <span class='ocrx_word' id='word_1_872' title='bbox 2303 5420 2315 5433; x_wconf 89' lang='grc'><strong>·</strong></span> <span class='ocrx_word' id='word_1_873' title='bbox 2361 5402 2661 5471; x_wconf 70' lang='grc' dir='ltr'>Ἐφύλαξα</span> <span class='ocrx_word' id='word_1_874' title='bbox 2689 5402 2794 5467; x_wconf 84' lang='grc' dir='ltr'>τὰς</span> <span class='ocrx_word' id='word_1_875' title='bbox 2818 5400 3066 5466; x_wconf 77' lang='grc' dir='ltr'>ἐντολάς</span> <span class='ocrx_word' id='word_1_876' title='bbox 3093 5416 3207 5453; x_wconf 90' lang='grc' dir='ltr'>σου</span> <span class='ocrx_word' id='word_1_877' title='bbox 3248 5400 3345 5452; x_wconf 77' lang='grc' dir='ltr'>καὶ</span> <span class='ocrx_word' id='word_1_878' title='bbox 3372 5401 3441 5452; x_wconf 77' lang='grc' dir='ltr'>τὰ</span> <span class='ocrx_word' id='word_1_879' title='bbox 3467 5400 3689 5467; x_wconf 80' lang='grc' dir='ltr'>μαρτύ-</span> 
     </span>
    </p>
   </div>
   <div class='ocr_carea' id='block_1_117' title="bbox 2117 5492 3688 5567">
    <p class='ocr_par' dir='ltr' id='par_1_117' title="bbox 2117 5492 3688 5567">
     <span class='ocr_line' id='line_1_117' title="bbox 2117 5492 3688 5567; baseline -0.003 -17"><span class='ocrx_word' id='word_1_880' title='bbox 2117 5496 2220 5567; x_wconf 83' lang='grc' dir='ltr'>ριά</span> <span class='ocrx_word' id='word_1_881' title='bbox 2246 5512 2383 5561; x_wconf 87' lang='grc' dir='ltr'>σου,</span> <span class='ocrx_word' id='word_1_882' title='bbox 2414 5496 2502 5550; x_wconf 84' lang='grc' dir='ltr'>ὅτι</span> <span class='ocrx_word' id='word_1_883' title='bbox 2529 5495 2715 5550; x_wconf 79' lang='grc' dir='ltr'>πᾶσαι</span> <span class='ocrx_word' id='word_1_884' title='bbox 2738 5499 2796 5549; x_wconf 81' lang='lat' dir='ltr'>ai</span> <span class='ocrx_word' id='word_1_885' title='bbox 2826 5495 2955 5550; x_wconf 83' lang='grc' dir='ltr'>ὁδοί</span> <span class='ocrx_word' id='word_1_886' title='bbox 2975 5510 3094 5562; x_wconf 84' lang='grc' dir='ltr'>μου</span> <span class='ocrx_word' id='word_1_887' title='bbox 3122 5492 3396 5546; x_wconf 77' lang='grc' dir='ltr'>ἐναντίον</span> <span class='ocrx_word' id='word_1_888' title='bbox 3419 5506 3557 5557; x_wconf 87' lang='grc' dir='ltr'>σου,</span> <span class='ocrx_word' id='word_1_889' title='bbox 3575 5493 3688 5546; x_wconf 69' lang='lat' dir='ltr'>Kri-</span> 
     </span>
    </p>
   </div>
   <div class='ocr_carea' id='block_1_118' title="bbox 532 5646 3401 5725">
    <p class='ocr_par' dir='ltr' id='par_1_118' title="bbox 532 5646 3401 5725">
     <span class='ocr_line' id='line_1_118' title="bbox 532 5646 3401 5725; baseline -0.002 -21"><span class='ocrx_word' id='word_1_890' title='bbox 532 5650 573 5691; x_wconf 77' lang='lat'>&quot;</span> <span class='ocrx_word' id='word_1_891' title='bbox 616 5650 734 5715; x_wconf 73' lang='lat' dir='ltr'><strong>lsa.</strong></span> <span class='ocrx_word' id='word_1_892' title='bbox 779 5666 905 5713; x_wconf 74' lang='lat' dir='ltr'><strong>xxv!</strong></span> <span class='ocrx_word' id='word_1_893' title='bbox 931 5693 946 5721; x_wconf 89' lang='lat'><strong><em>,</em></strong></span> <span class='ocrx_word' id='word_1_894' title='bbox 984 5652 1036 5707; x_wconf 89' lang='lat'><strong><em>9.</em></strong></span> <span class='ocrx_word' id='word_1_895' title='bbox 1115 5653 1157 5683; x_wconf 85' lang='lat'><strong>&quot;</strong></span> <span class='ocrx_word' id='word_1_896' title='bbox 1198 5650 1343 5715; x_wconf 81' lang='lat' dir='ltr'><strong>Psal.</strong></span> <span class='ocrx_word' id='word_1_897' title='bbox 1380 5667 1527 5725; x_wconf 73' lang='lat' dir='ltr'><strong>mu,</strong></span> <span class='ocrx_word' id='word_1_898' title='bbox 1562 5651 1615 5705; x_wconf 75' lang='lat'>2.</span> <span class='ocrx_word' id='word_1_899' title='bbox 1694 5652 1739 5683; x_wconf 84' lang='lat'>&quot;</span> <span class='ocrx_word' id='word_1_900' title='bbox 1777 5648 1966 5713; x_wconf 79' lang='lat' dir='ltr'><strong>Matth.</strong></span> <span class='ocrx_word' id='word_1_901' title='bbox 2004 5663 2135 5711; x_wconf 78' lang='lat' dir='ltr'><strong>xvlu</strong></span> <span class='ocrx_word' id='word_1_902' title='bbox 2159 5687 2173 5715; x_wconf 81' lang='lat'><strong>,</strong></span> <span class='ocrx_word' id='word_1_903' title='bbox 2210 5649 2293 5705; x_wconf 78' lang='grc' dir='ltr'>ιο.</span> <span class='ocrx_word' id='word_1_904' title='bbox 2370 5647 2612 5724; x_wconf 55' lang='grc' dir='ltr'>’χείοιιλ</span> <span class='ocrx_word' id='word_1_905' title='bbox 2650 5662 2780 5714; x_wconf 80' lang='lat' dir='ltr'><strong><em>ml,</em></strong></span> <span class='ocrx_word' id='word_1_906' title='bbox 2816 5649 2904 5703; x_wconf 81' lang='lat'>35.</span> <span class='ocrx_word' id='word_1_907' title='bbox 2985 5648 3028 5680; x_wconf 80' lang='lat'>&quot;</span> <span class='ocrx_word' id='word_1_908' title='bbox 3067 5649 3172 5702; x_wconf 86' lang='lat' dir='ltr'><strong>Isa.</strong></span> <span class='ocrx_word' id='word_1_909' title='bbox 3211 5659 3311 5712; x_wconf 69' lang='grc' dir='ltr'>ιι..</span> <span class='ocrx_word' id='word_1_910' title='bbox 3347 5646 3401 5705; x_wconf 75' lang='lat'>5.</span> 
     </span>
    </p>
   </div>
  </div>
