3964 6540
219 380 355 438 1393
1367 364 1784 427 ΟΟΜΜΕΝΤΑΗ

1911 365 1973 420 ΙΝ
2012 365 2349 423 ρελιιιοε.
3340 371 3476 429 1391

207 516 320 568 με.
336 498 397 550 '0
414 494 735 567 ἁμαρτωλὸς
766 494 866 547 οὐκ
889 493 1004 563 ἐρεῖ
1020 509 1033 522 ·
1053 490 1245 547 Πᾶσαι
1271 493 1333 543 al
1361 489 1490 543 ὁδοί
1503 507 1621 558 μου
1641 490 1772 542 erat

1913 496 2024 552 cet,
2063 486 2255 542 Omnes
2296 488 2396 541 viae
2445 501 2574 540 mea:
2614 485 2667 539 in
2709 493 2987 555 conspectu
3030 494 3118 541 tuo
3146 504 3165 541 :
3206 502 3333 542 nam
3380 490 3478 543 via:

213 588 348 640 τίον
377 600 492 638 σου
512 602 525 615 ο
553 585 607 637 αἱ
640 584 748 652 γὰρ
780 581 889 635 ὁδοὶ
930 579 1026 633 τοῦ
1072 576 1398 649 ἁμαρτωλοῦ
1431 576 1529 628 οὐκ
1575 576 1712 627 εἰσιν
1742 576 1778 626 ὲπ

1910 578 2209 648 peccatoris
2243 593 2353 633 non
2399 585 2525 633 sunt
2557 577 2612 631 in
2653 587 2949 647 conspectu
2991 578 3121 645 Dei,
3165 579 3260 635 sed
3301 580 3475 636 solum

214 676 514 746 ὀφθαλμοῖς
551 648 840 734 τοῦ-Θεοῦ,
874 671 1009 724 ἀλλὰ
1040 648 1201 741 μόνον
1239 670 1293 720 al
1331 665 1425 719 τοῦ
1459 666 1692 718 δικαίου·
1731 665 1779 717 ιν

1910 671 1997 722 viae
2018 668 2173 737 justi.
2206 666 2276 722 Ut
2305 668 2471 738 igitur
2494 682 2685 723 omnes
2733 669 2833 722 via:
2861 677 3063 723 nostra:
3094 670 3147 722 in
3180 679 3475 740 conspectu

214 762 309 819 οὖν
344 768 436 818 καὶ
466 768 521 817 αἱ
553 764 814 835 ήμέτεραι
842 763 1106 830 γένωνται
1136 761 1306 812 πᾶσαι
1332 760 1387 809 αἱ
1420 756 1528 809 ὁδοὶ
1561 754 1779 809 ἐναντίω

1908 760 1987 815 Dei
2024 761 2174 823 sint;
2217 759 2473 815 videlicet
2499 760 2681 830 leges,
2720 760 3026 830 prophetae,
3063 759 3303 829 perlecta
3344 761 3473 816 item

214 854 308 907 τοῦ
338 854 494 917 Θεοῦ,
518 857 566 908 οί
595 854 768 923 νόμοι,
801 853 850 905 οί
878 852 1176 923 προφῆται,
1214 852 1247 919 ή
1277 849 1369 901 ἐπὶ
1414 849 1549 901 πᾶσι
1590 846 1779 909 τελείαΤ

1909 865 2021 905 vera
2062 856 2118 904 et
2160 850 2301 904 bona
2341 849 2430 903 illa
2462 852 2582 915 via,
2625 865 2823 920 nempe
2876 849 2973 919 qui
3003 847 3177 914 dixit,
3215 847 3328 919 Ego
3356 865 3474 902 sum

213 944 440 1015 ἀληθινὴ
473 944 564 995 καὶ
593 944 770 1014 ἀγαθή
792 943 928 1008 ὁδὸς,
953 946 981 996 ὁ
1006 941 1173 995 εἰπών
1193 959 1207 972 ’
1252 938 1391 1008 Ἐγώ
1414 941 1528 1007 ειμι
1556 938 1595 1003 ἡ
1630 937 1778 1002 ὁδὸς1

1906 941 1977 994 ria
2005 942 2075 1004 “,
2105 938 2364 996 Christus
2394 938 2588 1008 Jesus,
2636 955 2927 1012 precemur
2962 940 3019 994 in
3065 940 3154 994 via
3199 954 3374 1009 usque
3416 939 3471 993 in

213 1034 449 1104 Χριστὸς
484 1032 710 1104 Ἰησοῦς,
745 1031 1029 1101 εὐξώμεθα
1067 1033 1126 1083 ὲν
1167 1032 1233 1100 τῇ
1279 1028 1383 1099 ὁδῷ
1414 1028 1573 1098 μέχρι
1604 1026 1778 1089 τέλους

1908 1025 2096 1091 inem;
2151 1035 2212 1082 ut
2256 1027 2360 1083 iter
2400 1038 2623 1098 agentes
2668 1028 3054 1097 perveniamus
3100 1029 3168 1083 ad
3211 1027 3381 1083 Deum
3419 1035 3473 1083 et

211 1124 495 1187 ὁδεύοντας
519 1124 718 1192 φθάσαι
744 1124 879 1194 πρὸς
901 1122 992 1176 τὸν
1013 1122 1143 1175 Θεὸν
1168 1121 1263 1174 καὶ
1285 1120 1503 1191 Πατέρα
1525 1118 1632 1171 τῶν
1652 1118 1776 1170 ὅλωι

1623 1118 1789 1170 οὸλων
1889 1115 2107 1172 Patrem
2139 1118 2524 1173 universorum
2556 1133 2653 1188 per
2670 1117 2955 1174 Christum
2978 1116 3188 1173 Jesum.

210 1212 302 1265 διὰ
329 1212 564 1268 Χριστοῦ
608 1213 802 1268 Ἰησοῦ.

298 1230 564 1280 ιλριστου
612 1230 802 1283 νιησου.

298 1302 614 1372 Έγγισάτω
661 1304 700 1370 ἡ
746 1302 956 1369 δέησίς
982 1319 1101 1371 μου
1137 1299 1390 1353 ἐνώπιόν
1420 1313 1556 1363 σου,
1586 1298 1782 1365 Κύριε,

1910 1320 1914 1343 ι
1961 1292 2132 1349 Vsus.
2174 1294 2435 1350 169-172.
2480 1294 2874 1363 Appropinquet
2919 1291 3220 1362 deprecatio
3263 1306 3380 1343 mea
3418 1289 3475 1372 in

210 1370 369 1443 κατὰ
402 1370 477 1444 τὸ
528 1391 736 1459 λόγιόν
772 1406 889 1444 σου
935 1370 1260 1443 σονέτισόν
1284 1404 1379 1457 με.
1410 1386 1686 1440 Εὶσέλθοι
1718 1386 1775 1438 τὲ

1911 1397 2164 1454 ὀηεροοιιι
2186 1395 2275 1439 tuo
2294 1426 2310 1450 ,
2335 1385 2558 1439 Domine
2574 1425 2591 1451 ,
2608 1384 2771 1453 juxta
2793 1384 3057 1452 eloquium
3079 1392 3227 1435 tuum
3250 1382 3322 1435 da
3344 1370 3476 1435 mihi

208 1477 440 1547 ἀξίωμά
469 1496 589 1547 μου
612 1477 869 1531 ἐνώπιόν
894 1496 1030 1543 σου,
1060 1480 1254 1546 Κύριε,
1294 1475 1444 1529 κατὰ
1480 1475 1545 1528 τὸ
1579 1476 1773 1544 λόγιόν

1904 1476 2234 1529 'ntellectum.
2274 1474 2444 1528 Intret
2474 1474 2766 1543 postulatio
2799 1490 2915 1527 mea
2944 1475 2999 1525 in
3023 1482 3300 1538 conspectu
3344 1480 3432 1525 tuo
3452 1510 3469 1535 ,

208 1584 328 1621 σου
351 1569 541 1635 ῥῦσαί
556 1585 654 1637 με.
672 1568 1099 1636 Ἐξηρεύξαντο
1125 1568 1195 1621 τὰ
1215 1568 1383 1636 χείλη
1416 1584 1536 1635 μου
1568 1567 1773 1635 ὕμνον,

1907 1566 2115 1621 Domine
2132 1608 2146 1632 ,
2179 1565 2467 1620 secundum
2493 1565 2757 1634 eloquium
2784 1572 2932 1616 tuum
2953 1564 3093 1631 eripe
3122 1580 3220 1617 me.
3251 1559 3472 1615 Eructa-

207 1658 357 1712 ὅταν
378 1658 625 1727 διδάξῃς
646 1676 724 1727 με
750 1660 822 1712 τὰ
846 1657 1206 1727 δικαιώματὰ
1226 1674 1340 1712 σου
1356 1675 1369 1691 ο
1406 1657 1721 1726 φθέγξαιτο
1743 1658 1772 1723 ἡ

1905 1667 2074 1711 verunt
2107 1657 2253 1711 labia
2279 1674 2392 1710 mea
2418 1657 2665 1725 hymnum
2686 1693 2701 1718 ,
2730 1670 2849 1708 cum
2887 1654 3127 1708 docueris
3165 1670 3246 1707 me
3273 1653 3470 1721 iustiﬁ-

206 1748 460 1817 γλῶσσά
480 1766 600 1819 μου
628 1750 700 1802 τὰ
723 1750 897 1818 λόγια
925 1766 1062 1813 σου,
1091 1750 1178 1802 ὅτι
1215 1748 1403 1803 πᾶσαι
1441 1750 1501 1801 al
1539 1748 1771 1801 ὲντολαι

1901 1748 2130 1801 sationes
2162 1756 2304 1804 tuas.
2350 1746 2665 1800 Pronuntiet
2708 1745 2889 1815 lingua
2933 1761 3049 1799 mea
3090 1745 3299 1813 eloquia
3343 1754 3466 1808 tua,

205 1855 326 1893 σου
348 1842 722 1907 δικαιοσύνη.
755 1841 968 1911 Σφόδρα
995 1840 1303 1903 ἀκολούθως
1338 1840 1477 1910 μετά
1508 1839 1605 1893 τοῦ
1631 1838 1770 1904 εῦξα

1905 1838 2016 1907 guia
2044 1838 2221 1890 omnia
2254 1838 2508 1890 mandata
2528 1846 2642 1898 tua,
2664 1835 2903 1903 justitia.
2938 1835 3244 1889 Admodum
3279 1849 3470 1890 conse—

207 1929 333 1983 σθαι
362 1932 490 1985 περὶ
535 1932 635 2001 τῆς
677 1931 948 1996 διανοίας·
977 1934 1038 1985 τὸ
1070 1933 1178 2004 γὰρ
1211 1933 1592 2001 συνετισθῆναι
1626 1933 1692 1985 τὰ
1716 1932 1772 1985 λό

1899 1936 2127 1999 quenter
2173 1937 2461 1998 postquam
2509 1944 2609 1999 pro
2655 1936 2835 1985 mente
2864 1943 2963 1984 sua
2993 1935 3247 1997 precatus
3280 1933 3464 1989 esset;

202 2033 301 2085 για
328 2017 422 2071 τοῦ
450 2019 584 2073 Θεοῦ
612 2020 713 2072 οὐκ
746 2016 815 2090 ἦν
841 2022 1063 2090 χειλέων
1088 2023 1210 2075 οὐδὲ
1240 2021 1513 2093 γλώσσης,
1539 2022 1672 2078 ἀλλὰ
1698 2025 1767 2075 τοί

1900 2034 2003 2074 non
2033 2021 2176 2075 enim
2210 2021 2477 2075 labiorum
2521 2028 2575 2076 et
2606 2020 2807 2091 linguae
2858 2027 2943 2075 est
2985 2018 3324 2087 eloquiorum
3371 2015 3465 2071 Dei

202 2111 346 2163 κατὰ
365 2111 541 2183 ψυχὴν
564 2112 906 2184 διανοητικοῦ
923 2131 936 2144 ·
961 2113 1030 2166 τὰ
1055 2114 1332 2185 ἡγούμενα
1357 2115 1536 2167 τοίνυν
1566 2114 1767 2184 αἰτήσαι

1902 2109 2311 2180 intelligentiam
2344 2110 2623 2179 accipere,
2671 2110 2763 2165 sed
2794 2110 2969 2164 solius
3016 2124 3139 2178 quae
3186 2108 3241 2161 in
3285 2106 3467 2161 anima

200 2197 298 2250 ἐπὶ
328 2198 397 2251 τὰ
423 2198 651 2269 δεύτερα
686 2202 915 2270 μέτεισι,
942 2204 1036 2255 καὶ
1061 2202 1201 2268 ἀξιοί
1228 2202 1296 2255 τὰ
1332 2201 1427 2254 τοῦ
1454 2204 1511 2256 ὲν
1537 2201 1685 2271 αὺτῷ
1712 2201 1765 2254 λά

1897 2206 1976 2254 est
2003 2198 2338 2272 intelligendi
2373 2200 2691 2265 facultatis;
2726 2214 2851 2254 cum
2877 2200 3059 2270 priora
3095 2199 3427 2270 postulasset
3448 2236 3462 2260 ,

200 2302 301 2355 γου
328 2287 532 2358 ὄργανα
576 2289 647 2344 τὰ
670 2290 823 2361 χείλη
853 2292 948 2347 καὶ
991 2292 1091 2364 τὴν
1120 2291 1365 2360 γλῶτταν
1396 2291 1765 2363 ἀφιερωθῆναι

1901 2291 1957 2345 ad
1988 2293 2229 2347 secunda
2260 2300 2450 2363 postea
2480 2293 2715 2357 transit,
2746 2308 2811 2348 ac
2856 2300 3012 2363 rogat
3053 2300 3111 2345 ut
3161 2292 3313 2346 verbi
3342 2307 3466 2361 quae

198 2376 275 2440 ὡς
310 2377 376 2431 ἂν
403 2379 696 2444 διαπαντὸς
721 2380 790 2434 τὰ
822 2383 921 2452 μὲν
949 2382 1098 2454 χείλη
1134 2382 1301 2453 ὕμνον
1326 2383 1705 2453 διερεύγοιντο,
1722 2382 1763 2436 δι

1896 2381 1945 2435 in
1977 2397 2036 2437 se
2063 2382 2299 2437 habebat
2326 2385 2690 2439 instrumenta
2711 2423 2727 2448 ,
2761 2398 2955 2453 nempe
2990 2382 3133 2436 labia
3161 2391 3216 2437 et
3244 2382 3426 2452 lingua
3446 2422 3461 2448 ,

200 2468 533 2539 δασκομένου
582 2472 675 2525 τοῦ
729 2474 818 2527 νοῦ
869 2476 959 2528 ὑπ’
999 2475 1165 2528 αὑτοῦ
1195 2475 1291 2529 τοῦ
1319 2475 1454 2528 Θεοῦ
1480 2475 1549 2530 τὰ
1569 2475 1765 2531 δικαιώ

1898 2480 2384 2538 consecrarentur;
2418 2480 2477 2526 ut
2504 2473 2646 2527 labia
2693 2473 2912 2542 quidem
2945 2471 3207 2541 hymnum
3249 2486 3463 2539 semper

200 2577 349 2635 ματα
380 2562 544 2615 αὑτοῦ
564 2580 578 2593 ο
611 2567 643 2634 ή
676 2565 732 2617 δὲ
755 2564 969 2632 γλῶττα
1006 2565 1296 2635 φθέγγοιτο
1334 2566 1498 2637 μηδὲν
1523 2567 1708 2637 ἕτερον
1749 2568 1765 2617 i

1897 2569 2235 2626 aructarent,
2269 2569 2558 2632 postquam
2608 2562 2717 2618 Deo
2771 2564 2999 2617 doctore
3037 2562 3462 2630 iustiﬁcationes

203 2650 267 2705 τὰ
294 2650 448 2719 λόγια
470 2652 563 2705 τοῦ
588 2653 745 2720 Θεοῦ,
782 2656 876 2707 καὶ
902 2654 1060 2708 τοῦτο
1088 2656 1346 2726 πράσσοι,
1378 2656 1469 2709 ὅτι
1506 2654 1694 2711 πᾶσαι
1725 2672 1768 2709 α.

1896 2652 2003 2720 ejus
2031 2668 2185 2707 mens
2217 2653 2577 2717 edidicisset;
2614 2652 2801 2719 lingua
2838 2665 2970 2706 vero
3008 2650 3146 2704 nihil
3179 2650 3327 2703 aliud
3378 2651 3461 2704 lo-

197 2740 327 2799 όδοὶ
350 2744 536 2799 αὐτοῦ
566 2745 962 2800 δικαιοσύναι.

1897 2749 2143 2809 queretur
2187 2758 2349 2811 quam
2373 2742 2591 2833 eloquia
2624 2741 2719 2796 Dei
2746 2761 2758 2795 :
2784 2750 2948 2811 atque
2979 2741 3032 2794 id
3069 2745 3293 2809 ageret,
3339 2739 3462 2807 quia

1882 2845 2058 2883 omnes
2085 2831 2180 2883 vite
2208 2830 2321 2898 ejus
2343 2830 2594 2898 justitiaa.
2980 2832 2987 2833 7

268 2915 545 2971 Γενέσθω
570 2919 609 2984 ἠ
636 2919 764 2985 χείρ
793 2934 909 2972 σου
931 2918 1036 2972 τοῦ
1062 2917 1259 2972 σῶσαί
1279 2936 1376 2989 με,
1420 2919 1509 2973 ὅτι
1554 2920 1660 2985 τὰς
1686 2922 1781 2974 ἐν·

1951 2918 2120 2973 Vsns.
2164 2920 2287 2973 175.
2328 2919 2460 2973 Fiat
2492 2935 2680 2973 manus
2724 2929 2850 2987 tua,
2896 2930 2954 2974 ut
2986 2924 3152 2978 salve:
3184 2941 3264 2979 me
3284 2966 3300 2992 ,
3330 2942 3462 2996 quo-

194 3005 382 3072 εολὰς
416 3022 533 3061 σου
589 3008 975 3076 ῄρετισάμην.
1023 3008 1254 3061 Συνιδὼν
1300 3008 1361 3061 τὸ
1408 3010 1634 3080 μέγεθος
1684 3011 1759 3063 τοί

1893 3013 2026 3066 tiam
2056 3011 2317 3064 mandata
2352 3022 2445 3066 tua
2478 3014 2631 3082 elegi.
2662 3011 2869 3068 Videns
2920 3016 3351 3085 magnitudinem
3396 3020 3458 3072 il-

193 3095 435 3164 ιτοίμου,
472 3096 721 3168 βοηθείας
751 3099 919 3153 δεῖται
966 3102 1065 3171 τῆς
1104 3100 1257 3171 παρὰ
1301 3101 1393 3153 τοῦ
1427 3100 1563 3153 Θεοῦ
1604 3104 1685 3165 είς
1718 3103 1758 3155 τὲ

1891 3101 1988 3155 lius
2020 3100 2164 3170 quod
2200 3101 2253 3154 in
2287 3110 2539 3172 promptu
2570 3109 2717 3165 erat,
2750 3116 2907 3172 opem
2959 3119 2989 3156 a
3040 3104 3151 3159 Deo
3182 3108 3456 3176 postulat,

191 3187 537 3256 κατορθῶσαι
562 3188 631 3241 τὰ
659 3189 1064 3261 προλελεγμένα
1083 3208 1095 3221 ·
1127 3191 1338 3261 μεγάλα
1363 3191 1419 3243 δὲ
1442 3193 1606 3244 αίτῶν
1629 3193 1756 3264 παρέ

1889 3199 1943 3245 ut
1972 3190 2230 3261 praedicta
2262 3192 2529 3261 perﬁciat.
2560 3192 2697 3245 Cum
2731 3208 2895 3261 porro
2929 3209 3124 3265 magna
3155 3199 3395 3265 postulet
3424 3214 3454 3253 a

191 3275 288 3331 τοῦ
311 3278 464 3342 Θεοῦ,
489 3278 663 3331 καὶτὸ
683 3282 813 3350 παρ’
830 3272 1022 3334 εαυτοῦ
1053 3281 1398 3354 συνεισφέρει
1418 3281 1592 3350 λέγων
1612 3300 1625 3313 ·
1661 3284 1756 3337 Ὄτ

1891 3281 2011 3345 Deo,
2044 3283 2203 3337 etiam
2233 3283 2375 3351 quod
2411 3298 2440 3335 a
2471 3297 2530 3338 se
2561 3289 2646 3337 est
2676 3283 2884 3353 profert
2914 3284 3105 3341 dicens
3140 3301 3156 3339 :
3191 3287 3456 3353 Quoniam

189 3366 301 3433 τὰς
322 3367 576 3433 ἐντολάς
598 3383 715 3421 σου
752 3369 1327 3439 ᾑρετισάμην.”υπερ
1355 3370 1463 3441 γὰρ
1497 3367 1565 3440 ἦν
1590 3372 1683 3424 ἐπὶ
1710 3375 1754 3441 τῇ

1888 3372 2134 3425 mandata
2161 3381 2254 3424 tua
2281 3371 2433 3441 elegi.
2459 3370 2594 3424 Nam
2620 3370 2765 3441 quod
2789 3371 2842 3427 in
2866 3388 2985 3427 mea
3011 3382 3277 3443 potestate
3302 3382 3453 3440 erat,

188 3458 302 3531 ιμῄ
336 3459 575 3529 ἐξουσίᾳ,
594 3460 738 3519 τοῦτ’
764 3461 825 3524 ἐξ
862 3462 995 3531 ἐμοῦ
1023 3461 1396 3533 πεπλήρωται.
1424 3464 1534 3525 Τὰς
1561 3460 1753 3517 ὲντολά

1887 3463 1930 3515 id
1964 3478 1994 3515 a
2026 3478 2113 3517 me
2141 3463 2422 3531 impletum
2454 3471 2556 3518 est.
2591 3460 2842 3516 Mandata
2874 3475 2967 3518 tua
3000 3464 3173 3536 elegi,
3206 3465 3333 3536 quia
3367 3466 3452 3520 di-

190 3566 286 3602 σου
314 3550 672 3620 ᾐρετισάμην,
708 3550 1003 3621 ἀγαπήσας
1050 3552 1221 3615 αὑτὰς
1254 3553 1396 3606 κατὰ
1430 3552 1499 3605 τὰ
1544 3554 1755 3624 πρόσθεε

1430 3552 1499 3605 τὰ
1544 3554 1777 3624 πρόσθεν
1876 3552 2105 3624 ligebam
2134 3568 2198 3608 ea
2217 3594 2233 3620 ,
2264 3563 2325 3606 ut
2354 3554 2611 3622 superius
2644 3554 2853 3608 dictum
2884 3562 2990 3610 est.

224 3640 311 3693 ίοη
321 3639 478 3693 μένα.

224 3655 239 3690 ι
361 3655 478 3693 ενα.

186 3656 215 3695 ⁸
244 3655 651 3795 ρἓὲῗτιτεειτόθησα
673 3727 739 3781 τὸ
770 3729 1069 3796 Σωτήριόν
1100 3744 1239 3795 σου,
1266 3730 1363 3784 καί
1395 3730 1635 3799 δ’νόμος
1660 3744 1751 3784 σοι

1946 3726 2111 3781 Vsus.
2157 3727 2279 3782 l'M.
2320 3726 2606 3795 Concupivi
2651 3727 2905 3783 Salutare
2945 3739 3125 3795 tuum,
3155 3740 3205 3784 et
3229 3731 3313 3785 lea:
3358 3740 3450 3786 tua

183 3818 403 3887 μελέτη
432 3837 550 3887 μου
577 3810 730 3871 ἐστι.
776 3820 837 3871 Oi
880 3819 1064 3872 πολλοὶ
1095 3820 1202 3873 τῶν
1243 3820 1544 3891 ἀνθρώπων
1587 3823 1748 3874 ὲπιπο

1883 3818 2149 3871 meditatio
2177 3835 2292 3872 mea
2325 3828 2425 3872 est.
2455 3818 2608 3872 Multi
2645 3820 2927 3874 hominum
2969 3822 3199 3876 salutem
3241 3838 3448 3877 concu«

188 3907 341 3963 θοῦσι
377 3909 671 3978 σωτηρίαν,
695 3908 808 3961 ἀλλ’
833 3908 894 3960 οὐ
921 3908 983 3961 τὸ
1010 3909 1105 3962 τοῦ
1135 3908 1292 3972 Θεοῦ,
1315 3910 1451 3963 ἀλλὰ
1481 3911 1542 3963 τὸ
1574 3913 1753 3983 σαρκὸς

1881 3906 2129 3977 piscunt;
2162 3908 2255 3962 sed
2282 3923 2391 3961 non
2418 3910 2660 3964 salutare
2687 3908 2816 3973 Dei,
2846 3911 2943 3965 sed
2974 3912 3157 3967 carnis
3186 3912 3446 3976 salutare,

190 3998 455 4069 σωτήριον
481 3996 542 4050 τὸ
573 3998 629 4049 ὲν
663 3998 1083 4067 κόσμῳ.Ἔργον
1106 3999 1162 4051 δέ
1183 4000 1331 4051 ἐστιν
1362 3999 1694 4070 ὲπιποθῆσαι
1713 4001 1755 4052 τὲ

1885 3997 2018 4067 quod
2054 3999 2106 4051 in
2141 3998 2346 4052 mundo
2378 4008 2481 4054 est.
2535 3997 2686 4069 Opus
2728 4007 2914 4054 autem
2942 4009 3025 4055 est
3056 4004 3450 4072 concupiscere

186 4087 283 4144 τοῦ
315 4087 449 4139 Θεοῦ
483 4088 777 4158 Σωτήρων,
812 4085 951 4140 ὥστε
993 4088 1050 4141 ὲν
1086 4088 1206 4157 Θεῷ
1252 4088 1510 4159 σωθῆναι,
1538 4091 1595 4141 ὲν
1623 4090 1751 4159 αὑτᾷ

1881 4089 2126 4143 Salutare
2155 4088 2246 4143 Dei
2274 4106 2288 4153 ;
2321 4096 2382 4142 ut
2420 4090 2475 4142 in
2506 4089 2618 4144 Deo
2644 4091 2889 4145 salutem
2939 4094 3346 4157 nanciscamur,
3394 4094 3446 4147 in

188 4177 583 4241 ἀναπαύεσθαι,
610 4178 1023 4249 κληρονομῆσαι
1057 4180 1125 4233 τὰ
1154 4180 1316 4247 ἆγιαο
1360 4180 1420 4232 τὸ
1450 4180 1557 4251 γὰρ
1590 4181 1753 4251 Σωτή-

1880 4179 1991 4249 ipso
2036 4179 2420 4249 quiescamus,
2468 4188 2657 4234 sancta
2700 4180 2754 4234 in
2796 4180 3164 4237 liaareditatem
3210 4184 3445 4253 accipia-

154 4276 159 4279 ’
192 4287 305 4341 ριον
327 4268 420 4321 τοῦ
452 4268 587 4322 Θεοῦ
617 4269 773 4322 τοῦτό
802 4270 951 4325 ἐστιν
990 4271 1024 4340 ἠ
1060 4269 1275 4333 αίώνιος
1302 4270 1435 4341 ζωή.
1456 4272 1580 4325 Ἐὰν
1610 4272 1719 4344 θέλῃ

1879 4284 2034 4323 mus:
2086 4283 2212 4322 nam
2242 4270 2496 4324 Salutare
2545 4269 2638 4325 Dei
2680 4277 2766 4326 est
2788 4280 2991 4325 aeterna
3012 4272 3142 4326 vita.
3188 4272 3344 4339 Quod
3399 4276 3444 4329 si

189 4357 523 4429 ἐπαναϐῆναι
553 4356 630 4427 τῷ
665 4358 827 4429 λόγῳ,
858 4359 920 4412 τὸ
950 4360 1223 4429 Σωτήριον
1252 4358 1346 4412 τοῦ
1389 4358 1522 4413 Θεοῦ
1567 4363 1596 4414 ὀ
1637 4363 1754 4432 Χρι·

1882 4357 2014 4413 velis
2047 4358 2215 4412 verbo
2245 4359 2536 4414 sublimius
2563 4361 2842 4431 progredi,
2881 4360 3132 4416 Salutare
3164 4361 3257 4417 Dei
3288 4363 3447 4417 Chri-

192 4449 313 4512 στος
336 4450 481 4501 ἐστιν
504 4466 517 4479 ·
566 4449 769 4518 Ἰησοῦς
792 4452 901 4521 γὰρ
930 4449 1314 4521 ἑρμηνεύεται,
1341 4450 1477 4506 Θεοῦ
1502 4452 1757 4523 σωτηρία.

1881 4456 1992 4503 stus
2020 4455 2103 4501 est
2136 4466 2150 4503 :
2198 4446 2360 4503 Jesus
2390 4464 2629 4519 namque
2656 4451 2984 4519 explicatur,
3014 4450 3110 4505 Dei
3142 4452 3312 4505 salus.
3348 4452 3446 4508 Hic

190 4534 356 4601 Οὗτος
387 4540 517 4608 ἡμῖν
545 4536 985 4608 ὲπέμφθη.⁹Οδδς
1018 4538 1110 4591 τοῦ
1140 4538 1530 4603 ἐπιποθοῦντος
1567 4540 1629 4592 τὸ
1658 4542 1755 4594 Σω-

1878 4547 1956 4592 est
1982 4539 2075 4607 qui
2108 4537 2271 4591 nobis
2323 4537 2528 4591 missus
2570 4545 2674 4591 est.
2718 4537 2814 4591 Via
2860 4539 3306 4606 concupiscentis
3341 4538 3443 4605 sa-

188 4630 372 4699 τήριον
396 4627 488 4681 τοῦ
519 4627 674 4690 Θεοῦ,
703 4627 764 4680 τὸ
799 4628 891 4680 τὸν
918 4630 1079 4700 νόμον
1121 4625 1259 4683 εἶναι
1285 4630 1514 4700 μελέτην
1544 4630 1621 4701 τῷ
1646 4633 1753 4684 ὲπι-

1879 4632 2049 4684 lutare
2086 4628 2180 4683 Dei
2208 4636 2293 4682 est
2315 4668 2330 4693 ,
2368 4636 2427 4682 ut
2456 4627 2560 4683 sibi
2605 4629 3017 4699 concupiscenti
3059 4629 3338 4685 meditatio
3370 4632 3444 4686 sit

192 4715 463 4779 ποθοῦντι,
492 4716 982 4787 προαναφωνοῦντα
1023 4721 1121 4790 τὴν
1164 4719 1321 4791 δεῦρο
1355 4721 1520 4775 αὑτοῦ
1563 4722 1757 4789 ἄφιξιν.

1875 4721 1953 4776 lex
1975 4760 1991 4785 ,
2024 4735 2146 4789 qua:
2174 4719 2294 4788 ejus
2319 4718 2386 4772 ad
2417 4734 2520 4773 nos
2552 4719 2845 4774 adventum
2867 4721 3213 4790 praenuntiat.
3246 4720 3440 4791 Legem

192 4808 373 4877 Νόμον
394 4808 451 4860 δὲ
476 4807 711 4862 ἐνταῦθα
730 4808 883 4861 καλεῖ
911 4811 1091 4863 πᾶσαν
1116 4811 1215 4881 τὴν
1239 4812 1471 4867 παλαιὰν
1491 4815 1586 4868 καὶ
1618 4813 1757 4869 θείω

1876 4818 2050 4865 autem
2078 4810 2166 4864 hic
2196 4816 2357 4864 vocat
2398 4816 2566 4864 totam
2616 4819 2853 4865 veterem
2897 4825 2961 4865 ac
3009 4810 3251 4866 divinam
3290 4811 3441 4867 Scri-

190 4900 229 4952 Γ
234 4901 431 4970 ραφήν.

1868 4910 2103 4970 pturam.

258 4988 513 5055 Ζήσεται
538 4990 576 5056 ἡ
596 4988 766 5057 ψυχή
784 5006 926 5057 μου,
944 4989 1039 5043 καί
1066 4990 1291 5043 αἰνέσει
1315 5007 1408 5056 σε,
1432 4991 1531 5045 καί
1555 4993 1626 5047 τὰ
1644 4994 1767 5062 κρί-

1939 4995 2111 5049 Vens.
2150 4995 2284 5059 175,
2328 4994 2451 5049 l76.
2503 4994 2649 5048 Vivet
2688 4996 2869 5049 anima
2908 5013 3060 5062 mea,
3108 5006 3158 5051 et
3195 4998 3440 5053 laudabit

186 5076 341 5145 ματά
384 5092 501 5130 σου
539 5077 837 5145 βοηθήσει
874 5094 996 5147 μοι.
1037 5080 1132 5141 Εἰς
1158 5079 1249 5131 τὸν
1285 5080 1543 5149 μέλλοντα
1575 5084 1751 5153 χρόνοι

1875 5096 1947 5149 te,
1979 5096 2029 5141 et
2057 5086 2262 5156 judicia
2288 5096 2379 5139 tua
2408 5086 2734 5154 adjuvabunt
2768 5104 2866 5140 me.
2899 5086 2955 5141 In
2988 5088 3171 5142 futuro
3194 5097 3440 5159 tempore

190 5167 455 5219 ἐνέκλειεν
480 5168 580 5239 τὴν
604 5164 749 5238 ζωὴν
774 5168 876 5238 τῆς
896 5168 1095 5238 ψυχῆς.
1114 5169 1174 5225 Ἠ
1198 5170 1307 5241 γὰρ
1344 5169 1457 5238 ζωὴ
1479 5173 1647 5241 ἡμῶν
1675 5174 1755 5229 κέ·

1873 5178 2028 5231 vitam
2055 5176 2250 5230 anima:
2280 5176 2533 5231 includit.
2582 5176 2702 5230 Vita
2732 5179 2876 5232 enim
2911 5188 3094 5232 nostra
3125 5179 3438 5233 abscondita

191 5274 439 5327 κρυπται
466 5259 589 5313 σὺν
616 5259 847 5327 Χριστῷ
871 5262 941 5313 ἐν
969 5260 1049 5325 τῷ
1079 5260 1219 5326 Θεῷ.
1240 5262 1372 5315 Τότε
1405 5263 1637 5335 ὑμνήσει
1660 5284 1756 5320 κυ-

1871 5279 1940 5323 est
1970 5285 2089 5321 cum
2118 5268 2329 5323 Christo
2359 5269 2414 5321 in
2447 5268 2553 5322 Deo
2591 5269 2658 5322 ⁸⁷.
2691 5267 2846 5323 Tunc
2877 5269 3043 5324 Deum
3077 5272 3294 5339 proprie
3322 5272 3436 5325 lau-

191 5350 318 5420 ρίως
344 5349 435 5402 τὸν
464 5349 616 5403 Θεόν.
651 5351 760 5405 Kal
790 5352 863 5405 τὰ
900 5352 1153 5421 κρίματα
1179 5368 1296 5406 σου
1317 5354 1613 5423 βοηθήσει
1635 5376 1756 5426 μοι.

1871 5359 2039 5414 dabit.
2076 5358 2145 5412 Et
2192 5358 2403 5428 judicia
2436 5370 2528 5412 tua
2573 5360 2896 5428 adjuvabunt
2930 5378 3029 5414 me.
3065 5361 3145 5414 Ad
3176 5364 3436 5417 auxilium

202 5438 321 5490 Ἐπὶ
354 5438 574 5509 βοηθείᾳ
600 5440 708 5493 τῶν
743 5444 1075 5513 κρινομένων
1107 5444 1175 5496 τὰ
1209 5444 1446 5514 κρίματα
1488 5446 1581 5499 τοῦ
1624 5448 1759 5501 Θεοῦ

1865 5457 2049 5505 eorum
2071 5492 2085 5515 ,
2115 5451 2183 5505 de
2208 5452 2408 5521 quibus
2436 5451 2739 5521 judicatur,
2762 5454 2970 5522 judicia
3013 5454 3105 5509 Dei
3134 5453 3286 5508 liunt.
3325 5453 3430 5509 Ve-

189 5526 413 5598 γίνεται.
460 5528 617 5583 Ἀλλὰ
661 5530 793 5603 ἄλλη
844 5532 1123 5604 παρρησία
1174 5533 1424 5604 βοηθείας
1476 5538 1754 5608 χριμάτων

1864 5557 1979 5597 rum
2033 5542 2139 5597 alia
2188 5544 2374 5599 auxilii
2430 5544 2485 5599 in
2520 5544 2744 5615 judiciis
2772 5543 2977 5601 ferendi
3021 5546 3219 5602 llducia
3263 5559 3429 5615 penes

264 5697 312 5731 "
346 5694 505 5756 Joan.
543 5715 655 5767 xiv,
690 5701 745 5758 6.
817 5705 873 5737 '7'
903 5704 1114 5763 Coloss.
1150 5722 1241 5775 ιιι,
1270 5708 1324 5765 5.
