2055 3214
669 177 1232 360 ΕΥΣΕΕΙΟ

778 409 892 452 ΤΟΥ
923 409 1225 453 ΠΑΜΦΙΛΟΥ

225 504 834 576 ΥΠΟΜΝΗΜΑΤΑ
879 509 1009 572 ΕΙΣ
1056 506 1284 575 ΤΟΥΣ
1322 507 1768 577 ΨΑΛΜΟΥΣ.

358 728 884 835 EUSEBII
979 725 1641 833 PAMPHILI

555 907 969 986 ῦθΜΜΕΝΤΑΒΙᾹ
1022 908 1088 984 ΙΝ
1145 907 1431 987 ΡδΜλΜθδ.

186 1045 238 1076 Ex
260 1054 332 1074 mss.
348 1043 508 1075 codicibus
533 1048 633 1079 eruta,
656 1043 767 1073 Latine
782 1052 883 1077 versa,
903 1052 938 1073 ac
952 1043 1043 1083 notis
1062 1042 1235 1078 illustrata,
1251 1043 1357 1074 studio
1377 1048 1406 1073 et
1422 1053 1518 1083 opera
1534 1045 1572 1074 D.
1592 1045 1749 1076 Bernardi
1766 1047 1812 1077 Dx

247 1086 481 1120 Mounwcou,
497 1083 676 1123 presbyteri
694 1088 723 1113 et
738 1083 882 1113 monachi
903 1082 1025 1113 ordinis
1043 1082 1075 1113 S.
1099 1083 1274 1120 Benedicti,
1291 1093 1304 1112 e
1320 1082 1560 1123 congregatione
1575 1084 1606 1115 S.
1629 1086 1748 1116 Mauri.

458 1164 582 1198 (Colleelio
592 1171 652 1190 nova
663 1166 767 1189 Patrum
781 1168 803 1190 et
814 1163 958 1196 scriptorum
971 1165 1117 1194 Grecorum,
1133 1164 1242 1195 Parisiis,
1257 1164 1326 1195 1707,
1339 1164 1430 1195 in-f01.,
1444 1169 1501 1190 tom.
1521 1166 1551 1197 Ι.)

987 1264 1022 1271 ..-

536 1306 813 1338 CLEMENTI
847 1307 903 1338 XI
927 1307 1209 1340 PONTIFICI
1237 1308 1454 1342 MAXIMO.

225 1370 302 1401 Cum
318 1377 377 1408 per
391 1368 562 1398 Romanum
578 1367 675 1397 otium
689 1366 844 1406 colloquio
859 1376 923 1397 non
936 1368 1029 1398 semel
1043 1367 1191 1407 dignatus
1203 1373 1268 1405 tuo,
1282 1369 1484 1401 Sanctissime
1499 1373 1612 1410 Pater,
1629 1375 1809 1406 Grazcarum

183 1429 260 1460 quas
275 1420 416 1458 apprime
437 1418 541 1453 calles,
558 1417 800 1456 disciplinarum
812 1419 979 1448 maximam
994 1419 1027 1448 in
1043 1423 1070 1448 te
1086 1428 1194 1448 curam
1210 1420 1494 1458 animadverterim,
1518 1433 1553 1453 ea
1570 1426 1646 1456 mihi
1668 1436 1736 1456 cum
1752 1428 1809 1456 sti-

183 1471 285 1501 mulos
307 1470 440 1505 addidit,
458 1474 491 1500 ut
504 1471 572 1510 jam
593 1469 700 1500 multis
722 1470 814 1500 annis
840 1470 954 1500 initum
971 1469 1151 1499 Grecorum
1173 1472 1339 1501 Musarum
1361 1475 1557 1504 curriculum
1577 1485 1806 1515 prosequerer.-

185 1527 250 1551 tum
264 1522 384 1551 animos
401 1521 486 1560 fecit,
502 1524 536 1550 ut
550 1520 640 1549 hasce
656 1519 891 1549 lucubrationes
906 1528 987 1547 meas
1001 1519 1172 1549 Sanctitati
1192 1521 1265 1549 Tute
1281 1530 1507 1560 nuncuparem.
1521 1523 1580 1553 Est
1595 1526 1710 1564 quippe
1726 1527 1809 1557 illud

185 1573 226 1603 iis
244 1573 297 1611 qui
319 1576 456 1601 veterum
471 1572 676 1601 monumentis
695 1569 838 1600 eruendis
854 1575 973 1600 mtatem
989 1574 1166 1605 conterunt,
1183 1579 1238 1600 nec
1257 1570 1410 1601 modicum
1425 1572 1466 1602 ad
1488 1582 1613 1612 operam
1633 1576 1808 1607 navandum

185 1623 430 1657 incitamentum,
447 1631 515 1651 cum
530 1622 554 1651 ii
570 1622 624 1660 qui
640 1620 793 1659 dignitate
809 1625 837 1650 et
853 1619 1058 1659 amplitudine
1077 1621 1196 1650 eateris
1208 1625 1374 1659 praestant,
1399 1631 1507 1661 parem
1533 1624 1567 1653 in
1589 1633 1623 1654 re
1647 1625 1806 1658 litterariae

187 1672 318 1713 gradum
340 1677 433 1711 gustu
449 1676 477 1701 et
489 1672 610 1710 peritia
627 1680 732 1701 rerum
747 1671 882 1701 assecuti
903 1675 988 1701 sunt.
1006 1671 1083 1701 Cum
1103 1676 1218 1707 autem,
1235 1672 1438 1702 Sanetissime
1454 1673 1568 1710 Pater,
1587 1675 1636 1705 rei
1661 1677 1806 1708 ecclesia-

187 1723 378 1762 stica'juxta
392 1732 427 1752 ac
443 1723 608 1752 litterario?
616 1720 719 1762 judez
733 1721 911 1760 arbiterque
935 1720 1052 1757 sedeas,
1070 1730 1202 1760 quorum
1222 1721 1311 1752 aliud
1327 1722 1386 1752 tibi
1410 1732 1529 1753 summa
1550 1725 1652 1754 virtus
1669 1728 1806 1757 omnium

186 1774 354 1813 conjuncta
367 1773 448 1803 cotis
465 1771 588 1808 detulit,
603 1771 691 1802 aliud
711 1772 827 1802 eximia
841 1771 1084 1810 disciplinarum
1101 1772 1237 1801 omnium
1251 1772 1368 1802 notitia
1384 1782 1448 1802 una
1462 1774 1662 1809 conciliavit;
1678 1777 1730 1807 cui
1738 1786 1800 1816 po-

185 1825 250 1855 tius
265 1823 369 1853 labore
386 1827 413 1852 ct
429 1821 542 1851 sudore
558 1826 666 1851 nostro
680 1825 777 1861 parta
792 1821 970 1861 offeramus,
988 1829 1079 1860 quam
1096 1822 1123 1852 ei
1139 1822 1192 1861 qui
1205 1831 1267 1852 non
1282 1822 1458 1853 eruditio-ne
1472 1824 1574 1854 minus
1591 1834 1682 1864 quam
1697 1826 1804 1866 digni-

185 1879 248 1904 tate
263 1873 383 1904 cteteris
401 1873 592 1903 antecellat?

224 1924 354 1955 Eusebii
373 1925 476 1963 itaque
493 1924 597 1953 nostri
613 1924 842 1954 Commentaria
857 1925 891 1954 in
916 1925 1051 1963 psalmos
1068 1925 1240 1956 Sanctitati
1259 1927 1331 1956 Tua:
1345 1926 1498 1957 sistimus.
1517 1925 1602 1965 Opus
1624 1936 1698 1957 sane
1720 1937 1807 1967 egre-

185 1977 281 2015 gium,
306 1975 335 2005 si
354 1975 530 2013 Scripturw
544 1982 641 2004 sacrte
656 1975 814 2010 notitiam,
830 1979 969 2004 veterum
987 1975 1197 2014 interpretum
1211 1977 1370 2015 copiosam
1388 1976 1625 2015 supellectilem,
1644 1977 1751 2007 doctas
1768 1979 1806 2008 de

185 2026 335 2065 cujusque
347 2026 465 2065 psalmi
479 2029 607 2054 auctore
624 2028 654 2054 et
668 2029 805 2063 tempore
821 2025 1054 2056 observationes
1068 2027 1271 2065 spectaveris.
1289 2027 1360 2057 Huc
1375 2026 1526 2057 accedunt
1540 2028 1716 2067 frequentes
1732 2038 1805 2059 con-

185 2081 236 2105 tra
251 2077 357 2107 atheos
371 2085 407 2105 ac
423 2076 535 2114 impios
551 2076 760 2106 velitationes.
781 2085 816 2106 ac
842 2075 878 2105 de
900 2075 1099 2105 Psalmorum
1121 2077 1286 2112 sententia,
1306 2081 1370 2107 tum
1394 2076 1540 2112 litterali,
1569 2082 1633 2107 tum
1649 2073 1806 2117 mystago-

185 2127 254 2165 gica
268 2125 514 2168 accuratissima:
529 2123 757 2160 meditationes,
773 2129 800 2154 et
818 2125 884 2155 alia
899 2124 997 2155 multa
1021 2125 1107 2163 queis
1124 2125 1270 2156 rudiores
1285 2127 1383 2157 animi
1397 2125 1438 2155 ad
1456 2126 1624 2165 pietatem,
1641 2129 1806 2167 perfectio-

184 2185 234 2206 res
249 2182 361 2211 autem,
376 2175 416 2205 ad
433 2176 593 2206 sublimem
607 2175 781 2214 Scriptura
796 2184 892 2205 sacrce
906 2176 1053 2205 notitiam
1067 2175 1236 2216 informari
1250 2176 1362 2207 solent.
1377 2176 1448 2206 Haec
1462 2185 1501 2206 ex
1515 2175 1670 2206 diuturna
1687 2182 1803 2207 tracta~

185 2228 268 2257 tione
295 2226 470 2262 Eusebius,
502 2226 661 2265 Pamphili
683 2225 833 2264 martyris
857 2225 1098 2264 Scripta-rarum
1133 2226 1336 2256 scientissimi
1362 2226 1567 2256 contubernio
1593 2226 1800 2260 nobilitatus,

180 2277 327 2316 apprime
340 2276 460 2312 calluit,
477 2276 539 2306 hac
554 2277 641 2305 docte
656 2274 808 2305 disseruit
824 2279 853 2304 et
867 2276 1069 2314 explanavit;
1088 2274 1170 2304 unde
1185 2277 1296 2306 merito
1313 2286 1386 2305 sane
1400 2277 1611 2315 Hieronymus
1627 2275 1805 2307 eruditissi-

184 2338 248 2358 mos
272 2329 362 2359 hosce
384 2328 627 2358 Commentarios
653 2336 716 2357 esse
738 2327 939 2365 pronuntiat.
957 2326 1098 2363 Quorum
1115 2332 1203 2358 tanta
1220 2328 1288 2367 fuit
1301 2327 1388 2367 apud
1409 2332 1526 2358 veteres
1546 2328 1750 2363 existimatio,
1766 2333 1803 2358 ut

182 2379 394 2410 Occidentalis
420 2380 571 2410 Ecclesiae
593 2381 696 2409 lumen
719 2377 800 2408 illud
815 2378 970 2409 Eusebius
990 2379 1194 2409 Fercellensis
1215 2379 1252 2409 in
1266 2379 1453 2409 Latinorum
1474 2388 1563 2409 usum
1587 2383 1685 2408 totum
1710 2388 1800 2419 opus,

179 2430 333 2461 submotis
350 2432 452 2460 tamen
474 2431 515 2460 iis
531 2439 596 2469 qua:
616 2429 829 2459 Arianismum
852 2429 981 2464 olerent,
1007 2429 1118 2459 Latine
1134 2431 1256 2469 fecerit.
1284 2429 1386 2470 Hujus
1403 2438 1459 2458 nos
1491 2428 1684 2467 diligentiam
1710 2439 1800 2458 a'mu—

183 2481 293 2516 lantes,
310 2490 360 2517 ne,
376 2481 502 2520 jamdiu
527 2481 609 2511 tanti
624 2481 686 2511 viri
709 2480 970 2518 interpretatione
986 2480 1110 2515 amissa,
1127 2485 1238 2509 nostra
1253 2485 1326 2510 tetas
1341 2481 1398 2510 hoc
1421 2480 1539 2519 insigni
1561 2488 1654 2518 opere
1676 2479 1798 2515 orbata,

181 2531 325 2569 segnitiei
339 2530 428 2562 nobis
443 2535 549 2560 notam
563 2532 717 2566 inureret,
739 2539 778 2560 ea:
793 2529 990 2559 bibliothecis
1008 2535 1132 2559 erutum
1148 2534 1176 2560 et
1190 2530 1299 2560 Latine
1315 2539 1438 2560 versum
1454 2529 1665 2569 publicamus,
1682 2529 1799 2568 tibique

184 2580 355 2620 offerimus,
371 2586 407 2611 ut
424 2582 500 2618 tuis,
513 2581 715 2612 Sanctissime
730 2581 838 2616 Pater,
857 2579 1010 2618 auspiciis
1026 2580 1150 2619 felicius
1167 2581 1201 2610 in
1217 2581 1315 2610 lucem
1333 2580 1578 2620 prodeat,yteque
1599 2578 1674 2609 duce
1690 2579 1799 2618 faciles

182 2630 243 2661 sibi
256 2636 346 2670 paret
360 2631 401 2660 ad
415 2631 638 2670 rempublicam
654 2630 842 2661 litterariam
855 2629 972 2660 aditus.

224 2683 332 2713 Verum
354 2692 419 2712 non
443 2682 577 2722 perinde
594 2682 769 2712 laudandus
785 2682 916 2712 Eusebii
932 2686 1062 2712 conatus
1078 2682 1247 2712 Sanctitati
1266 2683 1338 2712 Tuae
1353 2681 1508 2717 videatur,
1525 2681 1553 2710 si
1567 2679 1608 2710 ad
1622 2679 1801 2711 doctrinam

180 2730 216 2761 tle
234 2733 400 2769 Trinitate,
419 2734 448 2764 si
470 2733 510 2763 ad
531 2734 673 2764 vitiatam
694 2733 732 2763 de
763 2733 856 2763 Verbo
877 2733 935 2763 Dei
959 2733 1144 2763 sententiam
1161 2733 1298 2762 animum
1312 2732 1493 2763 attenderis.
1511 2732 1569 2762 Est
1584 2733 1666 2762 enim
1681 2740 1799 2766 eorum,

179 2793 233 2823 qui
248 2785 341 2815 nimis
353 2785 479 2824 ingenio
495 2785 705 2825 doctrinaque
717 2796 781 2816 suae
790 2785 902 2825 ﬁdunt,
915 2789 1090 2824 perpetuus
1105 2784 1158 2814 ille
1175 2784 1335 2823 scopulus,
1349 2789 1384 2813 ut
1399 2792 1468 2814 cum
1483 2793 1539 2813 suo
1555 2788 1652 2813 marte
1669 2783 1800 2821 religio-

181 2835 228 2866 nis
254 2835 358 2874 capita
383 2834 511 2873 deﬁnire
527 2835 674 2869 audeant.
701 2847 720 2866 α
745 2845 824 2867 certe
851 2835 923 2874 ﬁdei
944 2835 1067 2866 tramite
1088 2835 1207 2874 passim
1226 2834 1382 2865 aberrent.
1406 2835 1529 2864 Possem
1554 2834 1796 2866 innumerabiles

340 2885 477 2914 PATHOL.
495 2886 552 2915 GR.
582 2884 700 2918 ΧΧΗῙ,

1583 2887 1597 2915 1

982 3076 1234 3139 48604
