2055 3214
269 209 279 235 ι
290 209 299 234 ι
572 199 576 202 ’
601 205 734 233 ausam
753 199 993 231 CESARIENSIS
1012 197 1059 226 or.

1109 196 1199 224 PARS
1219 195 1263 223 ιιι.
1285 210 1321 216 -
1338 193 1543 222 EXEGETICA.
1851 189 1886 217 ις

268 269 425 308 proferre,
446 267 498 306 qui
518 276 597 296 nova
613 270 731 296 tentata
747 265 812 304 ejus
829 258 1034 300 explananda:
1048 258 1110 293 via,
1126 255 1328 294 naufragium
1343 255 1503 293 fecerunt;
1519 261 1626 282 verum
1639 259 1720 280 unus
1738 254 1801 278 esto
1815 247 1884 278 Eu-

268 301 371 350 sebius
387 301 464 348 satio
481 329 490 348 :
507 319 534 348 is
551 319 585 348 in
603 301 776 356 exemplum
804 313 925 344 cunctis
946 311 1109 350 offeratur.
1132 308 1209 338 Nam
1230 308 1258 337 si
1281 307 1332 336 vir
1348 305 1401 335 ille
1420 309 1538 340 tantus,
1560 308 1605 334 tot
1628 301 1807 341 disciplinis
1824 309 1881 331 ea:-

268 371 384 404 cultus,
402 369 457 400 ubi
479 378 544 398 sese
567 351 700 407 ﬁdenter
719 373 881 395 sacrorum
897 363 1099 400 interpretem
1120 358 1285 398 prwstitit,
1306 360 1426 386 tantum
1441 364 1461 384 a
1484 363 1563 385 cera:
1585 353 1716 392 pietatis
1732 351 1886 381 sententia

268 402 444 460 deflexerit,
461 418 536 459 quid
548 402 621 448 aliis
633 414 833 456 sperandum,
848 414 902 453 qui
921 421 985 442 non
998 410 1132 450 paribus
1149 408 1268 446 ingenii
1283 407 1491 444 doctrinaque
1508 404 1633 434 dotibus
1648 402 1809 437 instructi,
1824 410 1884 441 pa-

268 480 333 500 rem
347 476 447 501 tamen
461 470 558 499 aleam
574 469 680 499 subire
696 477 759 497 non
770 464 964 496 vereantur?
983 463 1058 498 Una,
1073 470 1136 490 una
1152 464 1196 489 est
1210 467 1289 488 vera:
1303 457 1375 496 ﬁdei
1387 456 1535 491 anchora,
1553 458 1672 484 statuta
1686 453 1806 482 scilicet
1822 451 1886 481 Ec-

270 522 370 552 clesiae
386 532 395 550 .'
411 521 504 560 hujus
532 524 577 555 tu,
595 519 714 549 Summe
734 516 893 555 Pontifex,
911 517 1016 551 caput,
1033 511 1224 548 antistesque
1249 515 1423 541 sacrorum,
1441 506 1494 535 cui
1510 503 1677 542 religionis
1687 502 1769 542 jura
1784 499 1888 530 dicere

269 574 303 603 in
318 571 420 610 ofﬁcio
436 552 492 601 est.
510 570 554 600 Ab
569 571 624 600 hac
645 577 716 598 vero
739 575 849 596 norma
874 564 1014 604 quisquis
1029 560 1235 594 aberraverit,
1253 559 1325 589 huic
1348 562 1487 587 extrema
1506 559 1534 585 et
1552 558 1639 593 certa
1665 552 1822 592 pernicies
1843 555 1888 581 est

356 631 524 650 mescenaa.

269 620 556 708 pegtbzetisicteijilur
572 668 612 698 ad
626 668 717 707 pedes
732 665 916 697 Sanctitatis
935 664 1009 694 Tum
1029 661 1185 691 Eusebius
1200 660 1253 690 ille
1270 657 1438 697 Pamphili,
1455 661 1490 687 ut
1506 657 1572 696 ejus
1587 657 1624 688 de
1649 654 1743 684 Verbo
1760 652 1818 683 Dei
1832 650 1886 682 do-

269 724 383 758 ctrina,
402 730 492 761 quam
509 730 577 750 cum
596 729 635 750 ea:
654 719 878 759 pestiferorum
901 715 1058 747 hominum
1074 711 1200 751 afﬂatu.
1218 716 1282 740 tum
1301 719 1340 739 ea:
1364 707 1486 746 ingenii
1506 707 1557 737 sui
1580 705 1714 736 arbitrio
1737 703 1884 745 protulit,

266 753 419 814 judicium
440 770 550 801 subeat
578 753 673 800 tuum.
696 770 804 799 terum
827 765 942 796 talibus
965 767 1096 793 onustus
1117 760 1271 791 mercibus
1287 760 1343 789 cia:
1366 763 1564 798 conspectum
1585 755 1675 787 illum
1699 756 1810 794 ferret,
1826 753 1883 784 vix

270 803 355 853 illam
380 822 540 852 oculorum
565 821 688 858 orisque
712 818 896 857 dignitatem
918 815 1112 849 sustineret,
1143 812 1207 842 nisi
1227 811 1379 850 permixta
1403 809 1493 839 malis
1515 808 1595 838 bona
1620 807 1805 840 innumera,
1821 803 1886 834 nisi

270 872 367 902 multa
383 871 521 911 offerret,
538 879 603 909 quia
612 869 731 908 passim
745 868 780 897 in
795 875 889 906 opere
903 864 1030 902 decerpi
1042 862 1168 902 possint
1185 861 1387 891 emolumenta
1401 870 1409 889 :
1425 864 1458 888 ut
1474 859 1530 889 hac
1547 859 1581 888 in
1595 866 1628 886 re
1642 855 1731 886 nobis
1759 853 1888 884 Eusebii

271 922 465 960 diligentiam
487 919 619 950 laudare
637 919 738 953 liceat,
756 918 783 947 si
798 917 900 946 minus
918 915 1012 945 liceat
1031 915 1065 944 in
1081 912 1153 942 aliis
1169 911 1319 941 doctrina:
1336 909 1557 939 sinceritatem.
1575 907 1638 937 Nos
1658 914 1742 940 vero,
1756 904 1812 933 etsi
1825 912 1885 943 pro

271 981 354 1002 more
370 975 479 1001 nostro
494 970 555 1000 hac
571 968 611 997 ad
627 967 767 997 codicum
782 965 882 1005 ﬁdem,
899 964 947 994 uti
965 972 994 992 se
1017 961 1142 996 dabant,
1157 959 1286 999 publica
1301 959 1476 999 fecerimus,
1497 955 1628 987 Eusebii
1645 959 1747 984 tamen
1765 952 1882 982 Vercel-

271 1020 365 1050 lensis
382 1020 555 1050 cautionem
573 1018 637 1047 alia
658 1016 801 1045 cautione
821 1021 987 1053 pensamus
1001 1022 1010 1041 :
1023 1012 1056 1041 in
1068 1009 1338 1050 prteliminaribus
1354 1009 1480 1047 quippe,
1502 1005 1633 1036 Eusebii
1650 1003 1686 1034 de
1710 1003 1804 1033 Verbo
1827 1001 1883 1032 Dei

271 1071 459 1110 opinionem,
476 1078 539 1099 non
558 1077 597 1098 ea:
616 1068 663 1098 his
686 1065 772 1095 modo
798 1062 1055 1096 Commentariis,
1081 1063 1134 1091 sed
1150 1070 1190 1091 ea:
1212 1060 1284 1090 aliis
1307 1061 1379 1089 item
1402 1058 1530 1096 scriptis
1553 1054 1688 1096 ejusdem
1711 1053 1882 1092 aperimus.

272 1121 468 1160 confutamus
484 1128 493 1148 :
509 1127 545 1147 ac
559 1126 597 1146 ne
618 1115 732 1146 malum
750 1113 881 1144 occultis
898 1111 1028 1142 subinde
1045 1111 1148 1140 verbis
1169 1109 1347 1139 obvolutum
1363 1107 1458 1137 latius
1480 1110 1597 1145 serpat,
1614 1114 1633 1134 a
1647 1104 1759 1143 quibus
1778 1111 1887 1133 caven-

271 1157 343 1200 dum
356 1170 396 1199 sit
412 1168 597 1202 indicamus,
614 1171 642 1196 et
655 1169 838 1204 argumenta
853 1168 964 1193 contra
979 1162 1069 1200 ﬁdem
1085 1161 1188 1191 oblata
1205 1169 1265 1199 pro
1281 1159 1369 1189 virili
1385 1157 1584 1196 depellimus.

311 1222 394 1252 Huic
418 1225 535 1251 nostra?
566 1227 678 1257 operte,
701 1215 902 1246 Sanctissime
918 1214 1023 1249 Pater,
1041 1214 1068 1242 si
1092 1212 1245 1242 calculum
1267 1209 1438 1244 addideris,
1460 1209 1487 1239 si
1509 1209 1570 1238 haec
1592 1206 1695 1237 studio
1708 1205 1885 1245 vigiliisque

271 1272 389 1302 nostris
405 1275 502 1310 parta
517 1269 635 1300 lubenti
650 1268 752 1297 animo
769 1265 940 1304 acceperis,
957 1273 1037 1294 unus
1050 1263 1140 1294 nobis
1155 1265 1260 1293 instar
1274 1261 1409 1291 omnium
1425 1265 1536 1290 auctor
1551 1260 1625 1294 eris,
1636 1264 1669 1288 ut
1687 1257 1805 1289 cateris
1820 1265 1887 1295 qum

273 1329 330 1360 per
345 1322 442 1351 otium
456 1324 625 1361 parantur,
641 1318 781 1348 alacrius
804 1325 928 1345 manum
948 1315 1174 1344 admoneamus.
1196 1314 1236 1343 Te
1254 1313 1369 1352 quippe
1390 1312 1446 1342 hoc
1463 1311 1497 1341 in
1517 1311 1647 1341 honoris
1664 1310 1809 1344 culmine,
1830 1308 1887 1338 hac

273 1374 307 1404 in
330 1371 457 1411 specula
474 1370 608 1406 sedente,
625 1369 665 1399 ad
678 1369 809 1399 virtutis
830 1366 979 1402 studium,
998 1371 1027 1396 et
1043 1365 1083 1395 ad
1102 1366 1280 1395 litterarum
1301 1364 1420 1393 cultum
1442 1368 1601 1393 acuuntur
1615 1362 1734 1395 animi:
1757 1364 1791 1390 ut
1818 1369 1888 1399 spe:

272 1423 316 1454 sit
333 1423 529 1462 afﬂictam‘et
545 1420 697 1450 labantem
710 1420 744 1449 in
755 1418 820 1448 dies
837 1427 900 1447 rem
916 1417 1106 1447 litterariam
1120 1425 1176 1455 ope
1191 1420 1220 1445 et
1235 1414 1413 1454 patrocinio
1428 1418 1479 1443 tuo
1496 1417 1708 1444 restauratum
1726 1411 1780 1442 iri.
1796 1411 1888 1448 Quod

274 1474 357 1503 omni
371 1472 601 1511 exspectatione
617 1470 772 1500 maturius
791 1467 922 1503 accidet,
934 1468 962 1498 si
976 1466 1065 1497 nobis
1081 1467 1186 1506 fausta
1209 1464 1411 1504 precantibus
1425 1464 1538 1504 farerit
1555 1463 1690 1493 omnium
1712 1461 1889 1492 moderator

275 1523 337 1555 ille,
353 1521 406 1560 qui
420 1520 510 1550 rebus
521 1519 678 1559 prospicit
692 1518 847 1552 humanis,
864 1525 919 1546 nec
935 1521 963 1546 te
986 1515 1074 1545 modo
1092 1515 1278 1546 incolumem
1293 1513 1414 1544 diutius
1429 1513 1610 1548 servaverit,
1627 1511 1680 1541 sed
1696 1512 1787 1541 etiam
1803 1516 1889 1541 tran-

275 1571 373 1610 quilla
389 1574 561 1609 pacataque
581 1573 721 1608 tempora
736 1567 820 1608 plebi
835 1565 1099 1606 suaproviderit,
1117 1564 1200 1605 quod
1215 1565 1409 1604 cumprimis
1426 1564 1591 1603 efﬂagitat,

924 1617 1109 1647 Sanetitatis
1127 1617 1209 1652 Tute,

1322 1696 1645 1740 Obsequentissitnus
1665 1700 1696 1727 et
1714 1696 1811 1727 addi-

1365 1737 1526 1766 ctissimus
1535 1736 1619 1765 [ilius
1638 1739 1668 1765 et.
1684 1744 1809 1769 servus.

1323 1786 1357 1816 F.
1389 1786 1482 1815 Bern.
1499 1785 1552 1814 ιυις
1574 1786 1807 1816 Monrmucox.

1729 1868 1803 1880 εφη-..επ
1806 1867 1880 1880 επ

280 1868 1741 1891 Mm

782 1953 1380 2021 PRZELIMINARIA

464 2091 526 2136 IN
565 2087 804 2134 EUSEBII
842 2079 1280 2130 COMMENTARIA
1320 2079 1380 2124 IN
1421 2080 1703 2126 PSALMOS.

568 2243 773 2272 ΡιιουΕΜιυΜ.

1108 2239 1196 2273 prodit
1209 2237 1341 2265 Eusebius
1359 2238 1424 2273 :qui
1441 2238 1463 2265 si
1485 2242 1613 2273 quantam
1641 2239 1812 2272 erndit‘onis,
1828 2244 1888 2267 tan-

312 2292 429 2319 Tantnm
444 2290 493 2319 sibi
511 2297 610 2317 nomen
626 2290 654 2316 in
666 2297 695 2316 re
710 2290 841 2316 [iuerat-ia
852 2289 956 2324 peperit
970 2287 1056 2314 Euse-

277 2338 340 2365 bius
351 2336 537 2367 Ca'sariensis,
550 2339 648 2362 utcum
665 2335 691 2361 in
700 2336 760 2369 ejus
777 2335 887 2369 εονὶριίδ
901 2339 1057 2361 restauran-

278 2384 331 2414 dis.
349 2384 371 2410 si
391 2387 526 2418 ptostent,
544 2382 681 2411 emendis.
696 2383 720 2409 si
739 2382 849 2412 lateant,
867 2388 949 2415 opera
975 2387 1058 2406 nava-

278 2434 334 2461 tur,
347 2429 373 2456 id
394 2430 420 2455 in
438 2429 574 2463 praecipua
590 2428 668 2455 cilicii
684 2432 760 2462 parte
779 2431 880 2461 ponant
901 2426 1009 2453 eruditi.
1035 2425 1058 2452 ιε

279 2475 351 2502 enim
367 2477 406 2500 tot
423 2474 448 2499 in
463 2473 586 2505 historia,
601 2474 628 2498 in
639 2472 825 2504 chronologia,
843 2471 869 2497 in
889 2471 1058 2505 antiquitatis

281 2521 386 2551 notitia,
404 2520 503 2554 ingenii
525 2519 566 2546 sui
584 2517 732 2553 specimina
745 2517 830 2548 dedit,
849 2521 949 2543 uteum
965 2516 1059 2552 primis

281 2568 409 2595 Ecdesize
426 2566 606 2601 Scriptoribus
625 2565 730 2592 censeri
752 2568 898 2591 mereatur.
914 2562 1002 2590 Unum
1021 2571 1060 2590 re-

281 2614 370 2641 stabat
381 2614 406 2639 in
417 2620 471 2647 quo
481 2611 613 2638 nullidum
624 2610 730 2637 Eusebii
739 2609 863 2644 peritiam
872 2610 1059 2635 internoscen-

281 2658 309 2685 εἰ
328 2662 446 2694 potestas
459 2658 556 2688 fuerat,
571 2656 757 2690 interpretatio
770 2655 894 2682 videlicet
909 2653 1061 2688 Scriptura-

282 2712 353 2732 rum.
369 2703 427 2736 Qua
442 2705 470 2729 in
487 2711 514 2729 re
524 2709 586 2729 cum
602 2709 656 2728 non
669 2701 781 2728 minoris
797 2699 867 2735 apud
880 2704 983 2727 veteres
999 2707 1060 2735 pre-

282 2750 312 2776 tii
330 2749 420 2779 fuerit,
437 2752 590 2782 temporum
604 2751 694 2773 tamen
710 2747 809 2781 injuria
827 2747 936 2780 ignotus
947 2753 1014 2779 pene
1027 2746 1060 2772 ad

283 2799 407 2822 nostrum
432 2801 518 2820 terum
533 2793 644 2820 mansit.
664 2791 723 2818 Jam
749 2799 812 2819 vero
827 2791 873 2818 ubi
892 2791 1059 2818 celeberrimi

282 2839 320 2865 illi
332 2839 359 2865 in
380 2837 501 2864 Psalmos
514 2837 712 2867 commentarii,
729 2836 782 2863 situ
803 2840 830 2863 et
843 2840 976 2864 vetustate
994 2843 1061 2871 pene

281 2884 382 2915 obruti,
398 2883 423 2909 in
439 2883 525 2909 lucem
539 2883 657 2916 veniunt,
668 2882 694 2908 in
709 2882 835 2910 omnibus
846 2882 888 2910 sui
902 2890 930 2909 se
944 2883 1058 2910 similem

1109 2289 1163 2311 tam
1179 2285 1292 2312 sincera:
1303 2283 1364 2310 ﬁdei
1378 2284 1484 2310 laudem
1497 2285 1613 2315 tulisset,
1626 2285 1669 2312 vix
1683 2292 1774 2319 parem
1787 2283 1887 2311 admit-

1111 2334 1190 2357 teret.
1208 2329 1262 2357 Hos
1276 2330 1368 2363 itaque
1381 2331 1601 2363 commentarius,
1614 2331 1661 2358 diu
1683 2333 1829 2366 expetitos,
1847 2331 1893 2359 scd

1110 2383 1248 2411 nunquam
1270 2379 1400 2411 tentatas,
1428 2377 1487 2408 tibi,
1506 2377 1591 2404 lector
1619 2378 1735 2410 erudite,
1765 2378 1894 2412 legendos

1110 2422 1243 2448 sistimus.
1258 2420 1417 2448 Versionem
1440 2430 1522 2456 porro
1538 2422 1661 2450 Latinam
1686 2431 1736 2458 pro
1753 2431 1829 2450 more
1844 2431 1893 2449 no-

1109 2474 1167 2496 stro
1192 2469 1229 2495 ita
1254 2469 1463 2503 adornavimus,
1486 2474 1524 2501 ut,
1543 2470 1593 2497 etsi
1624 2470 1838 2505 compendiaria,
1864 2475 1893 2496 ut

1110 2514 1268 2549 plurimum,
1284 2515 1326 2541 via
1343 2514 1416 2541 dicta
1430 2514 1539 2542 Eusebii
1565 2516 1783 2552 interpretemur,
1800 2514 1893 2542 Graeca

1110 2566 1199 2588 tamen
1212 2570 1266 2590 non
1279 2563 1386 2596 penitus
1402 2571 1417 2590 e
1427 2563 1540 2598 vestigio
1551 2567 1686 2590 sectemur
1699 2573 1706 2590 :
1720 2570 1808 2598 neque
1820 2563 1892 2590 enim

1111 2610 1265 2644 importuno
1280 2611 1409 2645 scrupulo
1423 2611 1459 2637 ita
1472 2612 1566 2638 litterae
1584 2611 1727 2643 haeremus,
1745 2615 1773 2637 ut
1783 2610 1894 2638 conciw

1111 2662 1173 2681 nam
1200 2656 1342 2682 sententia:
1362 2657 1545 2690 exprimendae
1572 2657 1704 2683 rationem
1722 2656 1892 2687 deseramus,

1112 2707 1166 2726 non
1181 2700 1278 2731 nescii,
1296 2700 1330 2727 iis
1345 2701 1392 2735 qui
1414 2701 1494 2728 talem
1511 2702 1632 2728 vertendi
1649 2702 1759 2728 modum
1773 2702 1892 2736 aggressi

1112 2749 1186 2776 sunt,
1214 2754 1267 2772 non
1289 2746 1404 2773 feliciter
1419 2748 1537 2774 cessisse
1559 2753 1697 2774 conatum.
1718 2748 1805 2780 Quam
1832 2754 1894 2773 vero

1111 2789 1216 2817 Latinae
1232 2791 1330 2826 lingua:
1351 2793 1570 2826 peregrinitatem
1599 2794 1750 2820 intulerunt
1767 2793 1894 2820 Ecclesiae

1107 2838 1281 2870 Patres,eam
1296 2846 1349 2865 non
1364 2840 1474 2866 omnino
1487 2848 1587 2868 emere
1601 2841 1704 2868 licitum
1723 2841 1792 2868 fuit:
1807 2847 1894 2875 Itaque

1090 2919 1093 2920 ν
1111 2883 1182 2911 enim
1211 2885 1351 2924 abstineer
1369 2890 1457 2920 potest
1474 2894 1488 2913 a
1507 2888 1618 2915 vocibus
1632 2888 1761 2915 diuturno
1775 2887 1893 2921 scripto-
