2055 3214
205 211 236 239 Ιιδ
592 207 847 239 COMMENTARIA
867 206 900 233 IN
922 204 1091 234 PSALMOS.
1112 220 1145 225 —-
1164 204 1438 233 PRA-ZLlMlNARlA.
1799 206 1834 234 ιι

202 278 261 299 rum
274 269 405 298 Ecclesia:
425 278 476 298 usu
489 270 573 301 tritis,
587 274 616 297 ut
632 269 707 302 sunt,
727 269 901 303 morti/icore,
913 267 998 302 oiviﬁ-
1012 270 1033 298 Α
1050 265 1156 295 haberi.
1171 273 1203 292 ac
1213 265 1383 293 maturandae
1399 267 1526 294 editionis
1543 270 1640 293 auctor
1655 265 1716 292 fuit.
1734 263 1835 292 Accer-

202 325 271 349 mre,
287 317 445 351 persecutio,
463 316 646 347 lribulatio,et
657 317 771 346 similes,
784 323 844 351 qum
856 314 987 350 quodam-

202 364 283 392 modo
298 368 477 395 consecratae,
497 369 523 392 et
539 364 565 390 in
591 364 668 391 libris
686 363 821 398 frequenti
842 362 989 397 Scriptura:

202 410 319 437 lectione
340 410 503 437 iutermistis
527 417 639 444 prorsus
666 411 828 437 necessaria:
847 413 919 435 sunt.
940 407 988 434 libi

202 461 353 484 occurrunt
373 456 523 491 Scriptum
535 464 620 483 sacrm
635 457 718 488 dicta,
736 456 889 491 Vulgatam.
907 456 929 484 si
947 464 990 483 res

202 504 239 531 ita
254 503 335 535 ferat,
352 504 495 537 sequimur
513 512 519 529 :
537 503 585 530 sed
609 502 720 537 quando
736 510 767 529 ex
790 502 882 529 Veteri
896 501 992 529 Testa-

202 553 296 575 mento
309 548 453 575 sententiae
468 547 630 577 afl'eruntur,
643 549 705 581 quia
719 548 879 582 plerumque
892 547 991 582 Vulga—

203 599 248 625 ta,
264 602 297 622 ex
319 594 433 621 Hebraeo
444 601 586 628 expressa,
607 602 668 620 cum
683 593 776 621 Cra-ca
797 594 922 621 rexsione
937 602 990 621 non

204 640 331 675 quadrat,
348 644 406 666 tum
422 647 536 666 necesse
558 646 672 673 prorsus
686 643 728 666 est
757 640 852 667 littera
866 641 990 675 obsequi,

203 685 341 719 aliamque
362 685 615 719 interpretationem
631 692 728 719 parare
745 695 752 711 :
773 686 844 720 quod
863 687 927 713 item
945 694 993 713 ne-

201 732 325 760 cessario
340 731 526 766 praestandum
550 731 638 758 sicubi
655 731 696 758 vel
719 732 801 759 lectio
815 732 933 763 diversa,
950 733 993 759 vel

203 777 316 806 Eusebii
331 778 467 804 sententia
487 777 568 804 aliam
587 778 740 805 versionem
754 780 882 812 postulat.
904 779 933 806 In
946 779 991 806 de-

203 830 288 850 cursu
311 828 401 850 autem
422 823 513 857 operis
541 823 636 850 breves
664 831 796 857 rarasque
814 828 895 851 notas
919 824 994 851 dedi-

204 869 369 903 mus:quia
397 876 436 896 ea:
460 869 483 895 si
514 868 568 895 huc
596 869 661 896 illuc
688 870 882 903 conjiciantur,
913 872 994 905 vulgo

204 919 319 948 pereunt
337 914 528 945 inobservata,
550 914 669 942 intactae.
685 914 774 947 Quare
786 915 809 942 si
822 915 888 949 quid
908 915 935 945 in
952 915 994 942 his

204 961 410 987 commentariis
426 963 522 987 notatn
538 960 650 994 dignum
669 962 800 993 occurrit,
816 962 841 988 id
860 962 887 988 in
904 963 992 996 praeli-

204 1007 321 1033 minaria
335 1006 514 1038 contulimus,
534 1006 580 1033 tibi
593 1007 627 1034 de
642 1007 724 1041 stylo,
745 1007 778 1034 dc
793 1015 892 1042 genere
907 1008 992 1035 inter-

204 1052 341 1087 pretandi,
357 1052 391 1079 de
417 1052 552 1085 doctrina,
573 1052 606 1079 de
632 1053 775 1087 disciplina
807 1054 894 1088 deque
920 1054 992 1085 aliis,

203 1106 265 1134 quae
279 1099 371 1125 omnia
385 1106 468 1125 unum
481 1098 533 1125 sub
544 1103 684 1133 aspectum
701 1099 838 1133 coniicere
854 1107 868 1126 e
891 1107 920 1126 re
937 1100 994 1126 fore

205 1143 293 1172 visum
309 1148 350 1172 est
368 1153 374 1171 :
393 1152 480 1178 neque
509 1148 636 1178 putamus
657 1145 772 1172 eruditis
800 1149 826 1172 et
849 1146 993 1180 sagacibus

204 1190 350 1218 σοηεὶιὶοω
371 1189 585 1224 displiciturum.

461 1245 576 1273 CAPUT
593 1246 739 1274 PBlMUll.

203 1310 388 1332 COIIEN'I’ARII
403 1311 506 1331 EUSEBH
523 1312 556 1331 EX
573 1312 666 1336 QUIBUS
681 1313 819 1333 CODlClBUS
835 1313 988 1333 PRODEANT.

209 1350 234 1377 1.
246 1349 284 1376 De
297 1350 387 1376 codice
402 1350 560 1377 Taurinensi
576 1351 723 1378 cardiitnlis
744 1351 874 1378 Perronii.
894 1351 936 1378 11.
955 1351 993 1378 De

241 1385 328 1412 codice
343 1385 488 1412 cardinali:
514 1385 636 1412 Coislinii
664 1386 721 1413 III.
742 1386 780 1414 De
795 1387 944 1414 Colbcrlino
967 1393 992 1413 et

242 1422 342 1457 catenis
359 1421 454 1455 Regiis.
467 1419 518 1446 IV.
529 1420 614 1448 Gra'ci
630 1421 741 1457 Eusebio
751 1427 777 1448 et
791 1423 853 1448 aliis
866 1427 992 1457 suspecta

243 1456 305 1490 ﬁdei
331 1456 504 1489 scriptoribus
528 1457 634 1490 infensi.
658 1457 687 1483 l’.
704 1456 812 1484 Calenw
831 1463 992 1485 commenta-

243 1491 297 1517 rios
324 1491 569 1525 pessumdellerunl.
592 1491 640 1518 Vl.
659 1491 695 1518 De
716 1493 918 1526 prtefalianibus
936 1492 992 1519 Eu-

243 1526 317 1552 sebii.

300 1582 319 1607 Ι.
338 1583 374 1608 De
385 1582 469 1607 codice
479 1583 625 1608 Taurinensi
636 1583 766 1608 rardinalis
778 1583 897 1609 Perronii.

243 1635 462 1663 Commentarios
480 1636 589 1664 Eusebii
605 1638 632 1664 in
659 1637 783 1664 Psalmos
801 1638 827 1664 in
845 1637 990 1664 bibliothe-

207 1679 250 1706 cis
262 1680 344 1707 latere
352 1681 497 1708 multorum
508 1688 617 1710 narratu
631 1683 687 1717 jam
701 1683 804 1717 pridem
816 1691 988 1718 acceperam:

212 1729 305 1751 verum
320 1725 390 1753 baud
405 1728 487 1754 certis
502 1729 574 1756 notis
589 1729 768 1764 iudiciisque;
782 1729 826 1756 alii
838 1730 910 1757 enim
919 1730 990 1764 quod

211 1776 320 1797 rumore
343 1772 450 1803 nuntio,
469 1774 664 1808 nor-nullisque
689 1773 869 1802 referentibus
898 1774 992 1801 audie-

210 1820 280 1849 rant,
298 1818 373 1844 nulla
389 1818 452 1845 data
467 1820 627 1854 experiundi
650 1819 789 1851 facultate,
811 1819 990 1852 dictitabant;

211 1862 258 1890 alii
284 1863 423 1891 indicibus
440 1865 564 1892 codicum
593 1865 709 1900 decepti,
728 1866 851 1900 quaedam
867 1867 895 1893 in
916 1865 992 1893 Psal-

208 1914 268 1935 mos
283 1908 508 1944 ἁποσπασμὰτια,
525 1909 634 1937 Eusebii
659 1911 769 1938 nomine
786 1911 926 1946 insignita,
943 1919 991 1946 pro

208 1955 280 1981 veris
296 1954 406 1982 Eusebii
423 1956 628 1983 commentariis
651 1956 812 1984 habuerant.
829 1956 915 1985 Annis
928 1965 992 1984 vero

208 1999 243 2026 ab
257 2000 321 2027 hinc
333 2001 444 2028 circiter
459 2002 552 2028 decem
567 2003 758 2029 renuntiarunt
772 2003 879 2030 sodales
904 2004 990 2030 nostri

211 2044 304 2072 Sancti
320 2045 432 2073 Taurini
451 2046 625 2074 Ebroicensis
637 2048 773 2079 monachi,
788 2052 896 2075 exstare
909 2048 935 2074 in
952 2049 990 2075 bi-

210 2090 344 2118 bliotheca
358 2100 419 2124 sua,
437 2101 497 2128 qum
511 2094 576 2120 olim
591 2094 739 2121 cardinalis
757 2094 877 2121 Perronii
892 2094 989 2125 fuerat,

209 2138 430 2172 antiquissimum
447 2139 568 2167 codicem
595 2141 854 2168 commentariorum
882 2141 990 2169 Eusebii

210 2183 385 2212 Caesariensis
401 2185 427 2211 in
443 2186 600 2220 Evangelia,
613 2194 645 2213 ac
666 2187 843 2214 recentiorem
867 2183 949 2215 alium
965 2188 990 2214 in

211 2237 264 2263 quo
279 2231 465 2258 commentarii
484 2232 606 2266 ejusdem
623 2233 650 2259 in
667 2233 799 2261 Psalmos.
816 2231 885 2260 Tum
900 2234 991 2260 animo

211 2275 354 2311 utriusque
371 2277 461 2311 operis
476 2278 645 2312 publicandi,
662 2279 754 2313 rogavi
783 2285 811 2306 ut
836 2280 900 2307 mihi
919 2281 991 2307 anti—

1044 312 1129 338 situm
1147 311 1238 345 itaque
1263 312 1385 339 codicem
1411 311 1576 347 deprehendi
1592 311 1761 346 ipsissimum
1773 318 1836 338 esse

1040 357 1268 383 commentarium
1286 356 1409 388 Eusebii,
1425 364 1505 391 quem
1516 356 1665 383 cardinalis
1683 354 1837 383 Perroniun

1040 403 1067 430 in
1082 402 1158 429 Italia
1174 403 1275 436 degens
1287 411 1320 429 ex
1338 402 1540 437 antiquioribus
1557 402 1699 429 codicibus
1715 401 1836 429 exscribi

1041 454 1195 475 curaverat.
1210 449 1234 476 ls
1251 449 1302 476 etsi
1319 448 1352 475 ad
1368 448 1547 475 centesimum
1560 454 1647 481 usque
1661 450 1688 474 et
1704 447 1837 475 duodecu-

1042 502 1116 520 mum
1133 495 1268 529 psalmum
1285 494 1460 529 pertingeret,
1479 494 1505 519 in
1520 493 1612 520 multis
1624 493 1785 523 deﬁciebat:
1798 493 1836 519 ita

1043 544 1074 567 ut
1090 541 1172 567 etiam
1190 541 1287 575 psalmi
1305 548 1319 567 a
1336 540 1548 575 quadragesimo
1559 544 1657 566 octavo
1675 539 1708 566 ad
1723 544 1836 576 octoge-

1043 586 1143 613 simum
1165 587 1303 618 abessent,
1318 587 1344 613 in
1366 586 1526 620 exterisque
1542 594 1596 613 non
1614 593 1703 620 pauca
1727 586 1836 613 deside-

1042 636 1181 660 rarenter.

1210 689 1243 714 ll.
1262 690 1301 714 De
1311 690 1395 715 codice
1406 690 1537 714 cardinalis
1549 690 1669 715 Coislinil.

1078 742 1158 771 Tunc
1173 743 1299 770 iteranda
1315 743 1380 770 mihi
1395 743 1536 778 diligentia
1546 742 1606 774 fuit,
1619 746 1649 769 ut
1672 743 1695 770 si
1714 741 1778 777 quid
1807 743 1834 769 in

1045 791 1091 817 illo
1105 790 1222 821 deesset,
1233 789 1348 816 aliorum
1364 788 1485 815 subsidio
1498 788 1602 815 sarcire
1617 796 1734 823 possem.
1754 787 1835 814 Forte

1045 836 1153 863 fortuna
1178 835 1278 862 accidit
1299 835 1370 861 utin
1388 834 1555 861 bibliotheca
1579 833 1745 869 Srgm-riana
1767 834 1836 860 alter

1045 882 1130 909 codex
1144 881 1252 908 Eusebii
1269 881 1296 908 in
1312 880 1435 907 Psalmos
1444 880 1560 907 adesset.
1574 880 1651 907 Hunc
1661 881 1695 908 ab
1711 880 1834 908 eminen-

1045 927 1152 954 tissimo
1167 927 1300 954 cardinali
1327 927 1459 954 Coislinio
1474 927 1628 961 impetravi,
1640 927 1686 961 qui
1704 934 1758 962 qua
1774 926 1835 961 pol-

1047 973 1081 1000 let
1094 973 1263 999 humanitate.
1281 977 1307 1000 et
1324 972 1511 1004 beneficentia,
1529 972 1661 1000 suadente
1673 979 1705 998 ac
1721 979 1836 998 monent

1045 1023 1072 1046 te
1094 1019 1204 1046 domino
1224 1019 1259 1045 de
1283 1019 1306 1045 la
1325 1018 1441 1053 \‘ergne,
1457 1019 1482 1044 in
1502 1018 1641 1052 publicum
1659 1025 1739 1044 usum
1757 1017 1826 1044 cod'r

1045 1072 1104 1092 cem
1130 1065 1287 1099 hujusmodi
1303 1064 1479 1091 commodare
1505 1064 1584 1090 nobis
1605 1063 1767 1098 dedignatus
1779 1070 1833 1090 non

1045 1115 1097 1137 est.
1116 1109 1202 1137 [labet
1217 1111 1240 1137 is
1252 1109 1376 1137 Psalmos
1393 1118 1455 1136 cum
1469 1110 1672 1137 commentariis
1692 1110 1780 1144 plenis
1792 1110 1834 1136 in-

1044 1156 1184 1190 tegrisque
1197 1163 1211 1182 a
1227 1156 1455 1190 quinquagesimo
1471 1155 1503 1182 ad
1522 1156 1731 1189 nonagesimum
1751 1156 1834 1190 quin-

1045 1207 1118 1234 tum;
1135 1203 1172 1228 ita
1188 1207 1217 1228 ut
1231 1202 1313 1234 hujus
1325 1202 1492 1229 adminiculo
1508 1202 1634 1228 lacunam
1647 1202 1720 1228 illam
1738 1202 1834 1237 ingen-

1044 1251 1098 1273 tem
1115 1247 1241 1282 explendi
1260 1246 1375 1274 facultas
1389 1251 1472 1274 esset.
1490 1245 1567 1278 Quod
1585 1253 1651 1273 sane
1665 1247 1732 1273 mihi
1744 1248 1834 1282 inopi~

1044 1295 1138 1319 natum
1153 1296 1179 1319 et
1195 1296 1302 1327 gratum
1317 1292 1434 1319 accidit:
1447 1300 1509 1319 nam
1529 1291 1617 1319 solent
1629 1299 1692 1319 esse
1706 1300 1766 1327 qua:
1783 1293 1831 1319 mi-

1043 1346 1096 1365 nus
1111 1342 1305 1372 exspectantur
1315 1338 1429 1365 laetiora.
1444 1338 1490 1365 Est
1506 1346 1587 1374 porro
1601 1338 1687 1366 codex
1702 1339 1748 1365 ille
1761 1338 1834 1366 deci-

1043 1385 1107 1412 cimi
1133 1384 1236 1416 saeculi,
1251 1385 1367 1419 egregia)
1383 1390 1464 1417 noue,
1482 1386 1526 1412 cui
1555 1385 1652 1412 titulus
1675 1385 1832 1419 hujusmodi

1043 1431 1163 1459 secunda
1189 1438 1271 1457 manu
1295 1438 1342 1457 xui
1369 1431 1460 1458 saeculi
1483 1431 1609 1466 przefixus
1623 1435 1685 1458 est:
1703 1431 1832 1458 Εὐσεῦίυυ

1040 1476 1089 1504 ἱιπιῦ
1107 1477 1248 1512 Παμφῐὶου
1274 1476 1411 1512 Ἀρείοινοῦ
1435 1477 1565 1512 ἐξήγησις
1588 1478 1627 1508 εὶς
1650 1477 1712 1508 τοὺς
1732 1476 1832 1511 vitax—

1044 1523 1110 1557 μθὺς
1124 1521 1170 1547 τοῦ
1185 1521 1274 1552 Δαυῖδ,
1294 1522 1355 1552 τοὺς
1364 1522 1418 1547 ἀπὸ
1437 1524 1476 1547 va.’
1495 1522 1547 1552 Eo);
1563 1525 1596 1556 ρ’,
1614 1522 1638 1548 id
1651 1526 1704 1554 est.
1726 1521 1833 1548 Eusebii

1043 1567 1177 1602 Pamphili
1192 1567 1286 1593 Ariani
1301 1568 1431 1601 expositio
1456 1567 1484 1593 in
1511 1568 1703 1602 quinquaginta
1715 1567 1833 1601 psalmos

1007 1614 1027 1642 C
1044 1612 1166 1644 Davidis,
1195 1621 1211 1638 α
1237 1612 1453 1647 quinquagesimo
1481 1613 1565 1646 prima
1587 1612 1621 1639 ad
1651 1613 1831 1641 centesimum.

1045 1658 1112 1685 Nam
1138 1658 1261 1693 plerique
1274 1665 1369 1686 omnes
1391 1658 1477 1685 Grzeci
1500 1658 1658 1691 Eusebium,
1675 1667 1724 1687 nec
1739 1661 1834 1687 imme-

1045 1710 1162 1735 rentem,
1173 1711 1222 1738 pro
1232 1703 1333 1730 Ariano
1346 1705 1446 1738 passim
1461 1704 1624 1732 habuerunt.
1635 1704 1726 1732 Codex
1743 1710 1833 1732 autem

1045 1751 1090 1778 ille
1104 1754 1258 1785 temporum
1284 1750 1385 1784 injuria
1411 1750 1558 1785 postremis
1579 1751 1701 1785 quinque
1720 1751 1833 1785 psalmis

1045 1797 1176 1823 multatus
1205 1801 1264 1823 est.
1286 1805 1347 1823 nam
1369 1797 1396 1822 in
1419 1797 1625 1831 nonagesimum
1646 1797 1771 1833 quintutn
1785 1797 1834 1823 de-

1044 1843 1121 1869 sinit.

1119 1910 1160 1935 lll.
1181 1911 1217 1936 De
1229 1911 1313 1935 codice
1326 1910 1468 1936 Colhertino
1482 1913 1508 1934 et
1523 1910 1554 1934 de
1570 1911 1665 1935 catenis
1676 1911 1772 1942 Regiis.

1079 1962 1181 1990 Caetera
1195 1972 1253 1998 qure
1263 1963 1427 1991 deﬁciebant
1441 1972 1475 1991 ex
1487 1964 1581 1991 codice
1593 1964 1752 1991 Colbertino
1767 1964 1831 1997 666,

1045 2009 1190 2036 admodum
1206 2010 1307 2036 recenti
1318 2014 1345 2036 et
1355 2018 1386 2037 ex
1400 2010 1504 2037 catenis
1521 2009 1613 2045 Regiis
1630 2008 1700 2037 1807
1710 2014 1737 2037 et
1752 2010 1831 2043 {875,

1045 2055 1174 2081 nonnulla
1197 2054 1260 2081 item
1282 2062 1316 2081 ex
1330 2059 1426 2081 catena
1441 2054 1577 2086 Corderii,
1589 2054 1705 2081 mutuati
1719 2061 1832 2088 sumus;

1045 2105 1109 2126 sunt
1128 2103 1217 2126 autem
1235 2105 1337 2126 catena:
1351 2099 1402 2126 illa:
1418 2107 1483 2127 mss.
1499 2101 1607 2134 optima:
1628 2103 1699 2126 nota:
1710 2104 1735 2126 et
1749 2108 1765 2127 κ
1779 2107 1831 2127 sa:-

1045 2145 1111 2173 ruli.
1129 2145 1222 2180 Neque
1235 2149 1325 2172 tamen
1351 2145 1376 2172 id
1393 2147 1523 2180 consequi
1550 2146 1687 2180 potuimus
1699 2149 1728 2172 ut
1744 2149 1831 2173 totum

1045 2191 1271 2218 commentarium
1288 2191 1321 2217 ad
1346 2192 1470 2218 ultimum
1492 2199 1578 2226 usque
1592 2191 1726 2225 psalmum
1744 2191 1772 2217 in
1790 2192 1833 2217 lu—

1045 2244 1104 2263 cem
1120 2236 1242 2270 proicrre
1257 2236 1370 2262 liceret:
1388 2237 1413 2262 in
1431 2237 1505 2263 nullo
1526 2237 1597 2263 enim
1624 2244 1657 2263 ex
1674 2238 1831 2264 memoratis

1046 2282 1189 2309 codicibus
1217 2282 1288 2308 ultra
1321 2284 1500 2309 centesimum
1535 2283 1670 2310 decimum
1704 2288 1830 2311 octavum

208 2321 313 2356 quioris
338 2322 411 2350 illius
433 2324 538 2357 copiam
559 2324 688 2351 facerent.
707 2325 832 2358 Mittitur,
847 2327 953 2358 evolvo,
969 2331 994 2353 et
1011 2328 1033 2355 Ι)
1047 2327 1194 2361 psalmum,
1210 2327 1348 2362 quidpiam
1364 2327 1476 2355 offertur
1493 2327 1540 2362 (ai.
1557 2327 1689 2362 Quodque
1704 2336 1751 2362 per
1765 2329 1831 2356 mihi

209 2369 301 2395 statim
319 2367 409 2395 fucum
419 2369 527 2396 olfacio.
542 2369 609 2403 Quia
626 2373 698 2398 enim
716 2371 758 2398 his
776 2373 991 2403 commentariis.

209 2420 241 2440 ea
257 2414 396 2440 variorum
413 2415 684 2450 interpretationibus
705 2417 915 2449 consarcinatis,
934 2419 993 2445 vul-

191 2452 198 2458 ”
209 2459 262 2493 gati
277 2460 314 2486 illi
329 2460 438 2488 Eusebii
452 2468 572 2488 canones
583 2467 660 2490 erant
673 2464 786 2498 praefixi,
801 2464 864 2491 hinc
875 2463 992 2492 Eusebio

209 2509 293 2533 totum
320 2506 474 2540 ascriptum
499 2507 599 2535 fuerat.
625 2507 687 2535 Pari
714 2509 796 2544 igitur
819 2517 861 2537 me
883 2511 990 2537 fortuna

209 2556 321 2578 usurum
334 2552 360 2579 in
377 2551 476 2579 codice
491 2553 554 2584 alio,
572 2561 651 2588 quem
667 2556 846 2583 recentiorem
858 2555 992 2591 praedica-

209 2596 282 2628 bant,
298 2601 385 2628 ratus,
400 2597 546 2625 consilium
567 2599 701 2627 intermisi
721 2609 727 2626 :
757 2607 789 2627 ac
806 2606 836 2627 ut
858 2601 990 2636 principia

211 2649 268 2668 sese
282 2642 394 2676 dabant,
413 2644 446 2672 de
460 2645 637 2672 restituendis
655 2644 762 2674 Eusebii
786 2648 991 2675 commentariis

210 2695 290 2722 prope
305 2688 508 2724 despondebam
526 2691 656 2718 animum.
674 2690 731 2718 Sub
742 2692 799 2719 hmo
814 2700 876 2719 cum
900 2693 941 2719 Vir
956 2693 988 2719 cl.

210 2731 359 2765 lioivinius,
371 2734 463 2763 Crmce
489 2735 684 2771 peritissimus,
702 2737 770 2764 istac
788 2738 899 2765 haberet
930 2739 990 2769 iter.

209 2780 375 2807 renuntiavit
392 2789 445 2809 non
469 2790 501 2809 ex
530 2781 614 2810 variis
638 2784 828 2818 scriptoribus,
852 2792 942 2819 neque
957 2793 988 2811 ex

208 2825 311 2852 catenis
325 2826 481 2859 collectum,
498 2828 543 2856 sed
559 2835 654 2855 verum
673 2829 897 2856 commentarium
910 2830 992 2857 isthic

1048 2373 1147 2399 mirum
1159 2373 1247 2400 visum
1261 2378 1312 2404 est.
1329 2378 1433 2401 catenae
1450 2374 1502 2401 illze
1514 2373 1604 2406 Regia:
1618 2382 1679 2409 qua:
1692 2383 1779 2410 usque
1799 2377 1831 2402 ad

1048 2418 1227 2445 centesimum
1243 2418 1378 2446 decimum
1395 2425 1521 2447 octavum
1541 2419 1674 2454 psalmum
1696 2421 1832 2457 interpre-

1050 2463 1201 2491 tationibus
1225 2463 1332 2492 Eusebii
1357 2469 1481 2497 utuntur,
1498 2469 1534 2491 ita
1556 2469 1586 2490 ut
1604 2465 1695 2493 nullus
1710 2471 1831 2494 veterum

1046 2513 1225 2547 interpretum
1237 2512 1304 2538 adeo
1321 2512 1507 2546 frequentatus
1521 2516 1659 2545 occurrat,
1675 2512 1703 2539 in
1715 2514 1833 2540 centesi-

1047 2565 1091 2584 mo
1106 2558 1212 2586 decimo
1227 2563 1324 2586 octavo
1340 2559 1446 2593 psalmo
1458 2558 1494 2584 ita
1515 2557 1597 2586 finem
1622 2558 1728 2586 faciunt
1745 2559 1831 2587 Ense-

1045 2602 1121 2630 bium
1148 2603 1175 2630 in
1191 2603 1310 2631 medium
1330 2602 1471 2635 afferendi,
1487 2607 1517 2629 ut
1532 2611 1566 2630 ne
1592 2605 1704 2631 verbum
1721 2605 1829 2640 quidem

1046 2648 1161 2676 ulterius
1179 2649 1288 2677 Eusebii
1311 2654 1476 2684 compareat.

1045 2703 1086 2729 ιν.
1100 2705 1177 2730 Graeci
1192 2705 1298 2730 Eusebio
1310 2709 1337 2730 et
1347 2706 1535 2762 alilsfggzpecue
1545 2708 1604 2733 ﬁdei
1617 2708 1778 2739 scriptoribus
1793 2710 1832 2734 in-

1083 2785 1162 2814 Unde
1178 2788 1333 2822 conjectare
1347 2788 1418 2818 forte
1429 2789 1509 2817 liceat
1519 2798 1532 2817 a
1549 2792 1644 2819 multis
1653 2791 1710 2827 jam
1721 2793 1831 2820 sreculis

1046 2831 1156 2861 Eusebii
1185 2835 1398 2863 commentarios
1425 2836 1476 2866 hac
1509 2838 1659 2872 posteriore
1684 2839 1726 2865 sui
1754 2844 1832 2873 parte

245 2902 534 2949 (galliae-lacunam
558 2906 694 2942 supplerit
720 2907 866 2936 cardinalis
892 2909 993 2943 Angelo
1013 2909 1074 2938 Mai.
1111 2911 1175 2945 Ejus
1195 2912 1381 2944 praefationem
1410 2913 1457 2944 his
1475 2911 1710 2949 prteliminaribus
1730 2917 1822 2944 sulme

212 2938 316 2966 eximus.
334 2939 411 2968 Enn.
429 2940 515 2967 Pun.
