  <div class='ocr_page' id='page_1' title='image "/cluster/home/n/w/nwhite01/storage/ocr_20150623/23/njp.32101077772505/016.png"; bbox 0 0 2055 3214; ppageno 0'>
   <div class='ocr_carea' id='block_1_1' title="bbox 205 188 1828 228">
    <p class='ocr_par' dir='ltr' id='par_1_1' title="bbox 205 188 1828 228">
     <span class='ocr_line' id='line_1_1' title="bbox 205 188 1828 228; baseline 0.01 -15"><span class='ocrx_word' id='word_1_1' title='bbox 205 188 235 213; x_wconf 76' lang='grc'><strong>17</strong></span> <span class='ocrx_word' id='word_1_2' title='bbox 388 213 390 215; x_wconf 92' lang='grc'>.</span> <span class='ocrx_word' id='word_1_3' title='bbox 593 189 850 218; x_wconf 69' lang='lat' dir='ltr'><strong>COMMENTARIA‘</strong></span> <span class='ocrx_word' id='word_1_4' title='bbox 866 193 898 219; x_wconf 73' lang='lat' dir='ltr'><strong>IN</strong></span> <span class='ocrx_word' id='word_1_5' title='bbox 919 193 1088 223; x_wconf 75' lang='lat' dir='ltr'><strong>PSALMOS.</strong></span> <span class='ocrx_word' id='word_1_6' title='bbox 1111 212 1143 217; x_wconf 90' lang='lat'><strong>-—</strong></span> <span class='ocrx_word' id='word_1_7' title='bbox 1164 197 1433 228; x_wconf 68' lang='lat' dir='ltr'><strong>FIl/ELIallNARIA.</strong></span> <span class='ocrx_word' id='word_1_8' title='bbox 1798 203 1828 228; x_wconf 69' lang='grc'>18</span> 
     </span>
    </p>
   </div>
   <div class='ocr_carea' id='block_1_2' title="bbox 208 244 1828 296">
    <p class='ocr_par' dir='ltr' id='par_1_2' title="bbox 208 244 1828 296">
     <span class='ocr_line' id='line_1_2' title="bbox 208 244 1828 296; baseline 0.012 -25"><span class='ocrx_word' id='word_1_9' title='bbox 208 244 386 278; x_wconf 71' lang='lat' dir='ltr'><strong>l’erallensis,</strong></span> <span class='ocrx_word' id='word_1_10' title='bbox 399 248 443 282; x_wconf 87' lang='lat' dir='ltr'><strong>qui</strong></span> <span class='ocrx_word' id='word_1_11' title='bbox 457 249 574 275; x_wconf 76' lang='lat' dir='ltr'><strong>aninium</strong></span> <span class='ocrx_word' id='word_1_12' title='bbox 594 248 764 277; x_wconf 86' lang='lat' dir='ltr'><strong>Psalmorum</strong></span> <span class='ocrx_word' id='word_1_13' title='bbox 785 255 988 281; x_wconf 74' lang='lat' dir='ltr'><strong>conmentarios</strong></span> <span class='ocrx_word' id='word_1_14' title='bbox 1003 265 1025 292; x_wconf 80' lang='grc' dir='ltr'>Α</span> <span class='ocrx_word' id='word_1_15' title='bbox 1042 257 1121 292; x_wconf 74' lang='lat' dir='ltr'><strong>vulgo</strong></span> <span class='ocrx_word' id='word_1_16' title='bbox 1137 258 1163 284; x_wconf 91' lang='lat' dir='ltr'><strong>in</strong></span> <span class='ocrx_word' id='word_1_17' title='bbox 1180 259 1337 287; x_wconf 86' lang='lat' dir='ltr'><strong>recensione</strong></span> <span class='ocrx_word' id='word_1_18' title='bbox 1354 268 1436 295; x_wconf 81' lang='lat' dir='ltr'><strong>opera</strong></span> <span class='ocrx_word' id='word_1_19' title='bbox 1452 268 1506 287; x_wconf 91' lang='lat' dir='ltr'><strong>non</strong></span> <span class='ocrx_word' id='word_1_20' title='bbox 1533 268 1618 296; x_wconf 86' lang='lat' dir='ltr'><strong>pauca</strong></span> <span class='ocrx_word' id='word_1_21' title='bbox 1634 261 1691 296; x_wconf 83' lang='lat' dir='ltr'><strong>ipse</strong></span> <span class='ocrx_word' id='word_1_22' title='bbox 1706 260 1746 288; x_wconf 83' lang='lat' dir='ltr'><strong>vel</strong></span> <span class='ocrx_word' id='word_1_23' title='bbox 1762 269 1828 288; x_wconf 84' lang='lat' dir='ltr'><strong>cou-</strong></span> 
     </span>
    </p>
   </div>
   <div class='ocr_carea' id='block_1_3' title="bbox 201 291 986 334">
    <p class='ocr_par' dir='ltr' id='par_1_3' title="bbox 201 291 986 334">
     <span class='ocr_line' id='line_1_3' title="bbox 201 291 986 334; baseline 0.015 -18"><span class='ocrx_word' id='word_1_24' title='bbox 201 291 312 318; x_wconf 77' lang='lat' dir='ltr'><strong>hreretici</strong></span> <span class='ocrx_word' id='word_1_25' title='bbox 332 292 444 320; x_wconf 81' lang='lat' dir='ltr'><strong>hominis</strong></span> <span class='ocrx_word' id='word_1_26' title='bbox 469 296 544 322; x_wconf 80' lang='lat' dir='ltr'><strong>vertit</strong></span> <span class='ocrx_word' id='word_1_27' title='bbox 567 295 594 322; x_wconf 86' lang='lat' dir='ltr'><strong>in</strong></span> <span class='ocrx_word' id='word_1_28' title='bbox 621 301 738 323; x_wconf 88' lang='lat' dir='ltr'><strong>nostrum</strong></span> <span class='ocrx_word' id='word_1_29' title='bbox 754 298 902 334; x_wconf 73' lang='lat' dir='ltr'><strong>eloquium;</strong></span> <span class='ocrx_word' id='word_1_30' title='bbox 927 301 986 328; x_wconf 80' lang='lat' dir='ltr'><strong>licet</strong></span> 
     </span>
    </p>
   </div>
   <div class='ocr_carea' id='block_1_4' title="bbox 199 337 983 378">
    <p class='ocr_par' dir='ltr' id='par_1_4' title="bbox 199 337 983 378">
     <span class='ocr_line' id='line_1_4' title="bbox 199 337 983 378; baseline 0.013 -15"><span class='ocrx_word' id='word_1_31' title='bbox 199 337 322 365; x_wconf 63' lang='lat' dir='ltr'><strong>heretica</strong></span> <span class='ocrx_word' id='word_1_32' title='bbox 338 342 551 374; x_wconf 68' lang='lat' dir='ltr'><strong>pratermittens,</strong></span> <span class='ocrx_word' id='word_1_33' title='bbox 563 342 662 376; x_wconf 84' lang='lat' dir='ltr'><strong>optima</strong></span> <span class='ocrx_word' id='word_1_34' title='bbox 676 351 783 378; x_wconf 73' lang='lat' dir='ltr'><strong>quicque</strong></span> <span class='ocrx_word' id='word_1_35' title='bbox 806 347 983 374; x_wconf 72' lang='lat' dir='ltr'><strong>transtulerit.</strong></span> 
     </span>
    </p>
   </div>
   <div class='ocr_carea' id='block_1_5' title="bbox 198 383 985 428">
    <p class='ocr_par' dir='ltr' id='par_1_5' title="bbox 198 383 985 428">
     <span class='ocr_line' id='line_1_5' title="bbox 198 383 985 428; baseline 0.013 -18"><span class='ocrx_word' id='word_1_36' title='bbox 198 383 260 412; x_wconf 65' lang='lat' dir='ltr'><strong>Haec</strong></span> <span class='ocrx_word' id='word_1_37' title='bbox 282 392 365 419; x_wconf 91' lang='lat' dir='ltr'><strong>porro</strong></span> <span class='ocrx_word' id='word_1_38' title='bbox 380 385 490 414; x_wconf 79' lang='lat' dir='ltr'><strong>Eusebii</strong></span> <span class='ocrx_word' id='word_1_39' title='bbox 508 386 688 416; x_wconf 83' lang='lat' dir='ltr'><strong>Vercellensis</strong></span> <span class='ocrx_word' id='word_1_40' title='bbox 704 389 893 425; x_wconf 84' lang='lat' dir='ltr'><strong>interpretatio</strong></span> <span class='ocrx_word' id='word_1_41' title='bbox 915 393 985 428; x_wconf 88' lang='lat' dir='ltr'><strong>jam-</strong></span> 
     </span>
    </p>
   </div>
   <div class='ocr_carea' id='block_1_6' title="bbox 197 428 986 470">
    <p class='ocr_par' dir='ltr' id='par_1_6' title="bbox 197 428 986 470">
     <span class='ocr_line' id='line_1_6' title="bbox 197 428 986 470; baseline 0.014 -15"><span class='ocrx_word' id='word_1_42' title='bbox 197 428 243 456; x_wconf 87' lang='lat' dir='ltr'><strong>diu</strong></span> <span class='ocrx_word' id='word_1_43' title='bbox 262 429 365 457; x_wconf 90' lang='lat' dir='ltr'><strong>interiit</strong></span> <span class='ocrx_word' id='word_1_44' title='bbox 380 440 387 459; x_wconf 91' lang='lat'><strong>:</strong></span> <span class='ocrx_word' id='word_1_45' title='bbox 403 439 453 458; x_wconf 89' lang='lat' dir='ltr'><strong>nec</strong></span> <span class='ocrx_word' id='word_1_46' title='bbox 468 432 578 460; x_wconf 91' lang='lat' dir='ltr'><strong>memini</strong></span> <span class='ocrx_word' id='word_1_47' title='bbox 595 441 638 460; x_wconf 88' lang='lat' dir='ltr'><strong>me</strong></span> <span class='ocrx_word' id='word_1_48' title='bbox 653 435 759 468; x_wconf 91' lang='lat' dir='ltr'><strong>uspiam</strong></span> <span class='ocrx_word' id='word_1_49' title='bbox 775 436 835 470; x_wconf 85' lang='lat' dir='ltr'><strong>ejus</strong></span> <span class='ocrx_word' id='word_1_50' title='bbox 851 437 892 464; x_wconf 85' lang='lat' dir='ltr'><strong>vel</strong></span> <span class='ocrx_word' id='word_1_51' title='bbox 909 438 986 465; x_wconf 86' lang='lat' dir='ltr'><strong>codi-</strong></span> 
     </span>
    </p>
   </div>
   <div class='ocr_carea' id='block_1_7' title="bbox 195 476 878 515">
    <p class='ocr_par' dir='ltr' id='par_1_7' title="bbox 195 476 878 515">
     <span class='ocr_line' id='line_1_7' title="bbox 195 476 878 515; baseline 0.012 -13"><span class='ocrx_word' id='word_1_52' title='bbox 195 482 253 507; x_wconf 81' lang='lat' dir='ltr'><strong>ces,</strong></span> <span class='ocrx_word' id='word_1_53' title='bbox 271 477 313 503; x_wconf 88' lang='lat' dir='ltr'><strong>vel</strong></span> <span class='ocrx_word' id='word_1_54' title='bbox 327 476 477 512; x_wconf 75' lang='lat' dir='ltr'><strong>fragmenta</strong></span> <span class='ocrx_word' id='word_1_55' title='bbox 494 484 642 506; x_wconf 87' lang='lat' dir='ltr'><strong>memorata</strong></span> <span class='ocrx_word' id='word_1_56' title='bbox 657 481 878 515; x_wconf 84' lang='lat' dir='ltr'><strong>deprehendisse.</strong></span> 
     </span>
    </p>
   </div>
   <div class='ocr_carea' id='block_1_8' title="bbox 362 533 820 562">
    <p class='ocr_par' dir='ltr' id='par_1_8' title="bbox 362 533 820 562">
     <span class='ocr_line' id='line_1_8' title="bbox 362 533 820 562; baseline 0.009 -4"><span class='ocrx_word' id='word_1_57' title='bbox 362 533 404 558; x_wconf 84' lang='lat' dir='ltr'><strong>IV.</strong></span> <span class='ocrx_word' id='word_1_58' title='bbox 416 534 588 560; x_wconf 87' lang='lat' dir='ltr'><strong>Theodorctus</strong></span> <span class='ocrx_word' id='word_1_59' title='bbox 600 542 686 560; x_wconf 90' lang='lat' dir='ltr'><strong>eorum</strong></span> <span class='ocrx_word' id='word_1_60' title='bbox 699 536 820 562; x_wconf 90' lang='lat' dir='ltr'><strong>meminit.</strong></span> 
     </span>
    </p>
   </div>
   <div class='ocr_carea' id='block_1_9' title="bbox 232 583 982 622">
    <p class='ocr_par' dir='ltr' id='par_1_9' title="bbox 232 583 982 622">
     <span class='ocr_line' id='line_1_9' title="bbox 232 583 982 622; baseline 0.011 -11"><span class='ocrx_word' id='word_1_61' title='bbox 232 583 430 618; x_wconf 77' lang='lat' dir='ltr'><strong>Theodoretus,</strong></span> <span class='ocrx_word' id='word_1_62' title='bbox 446 595 499 614; x_wconf 89' lang='lat' dir='ltr'><strong>non</strong></span> <span class='ocrx_word' id='word_1_63' title='bbox 512 588 621 622; x_wconf 86' lang='lat' dir='ltr'><strong>quidem</strong></span> <span class='ocrx_word' id='word_1_64' title='bbox 637 594 665 615; x_wconf 86' lang='lat' dir='ltr'><strong>ut</strong></span> <span class='ocrx_word' id='word_1_65' title='bbox 677 589 756 617; x_wconf 84' lang='lat' dir='ltr'><strong>hodie</strong></span> <span class='ocrx_word' id='word_1_66' title='bbox 767 591 794 617; x_wconf 90' lang='lat' dir='ltr'><strong>in</strong></span> <span class='ocrx_word' id='word_1_67' title='bbox 815 590 982 619; x_wconf 84' lang='lat' dir='ltr'><strong>Psalmorum</strong></span> 
     </span>
    </p>
   </div>
   <div class='ocr_carea' id='block_1_10' title="bbox 197 629 982 670">
    <p class='ocr_par' dir='ltr' id='par_1_10' title="bbox 197 629 982 670">
     <span class='ocr_line' id='line_1_10' title="bbox 197 629 982 670; baseline 0.011 -13"><span class='ocrx_word' id='word_1_68' title='bbox 197 629 412 666; x_wconf 69' lang='lat' dir='ltr'><strong>Expositionibus</strong></span> <span class='ocrx_word' id='word_1_69' title='bbox 431 633 538 667; x_wconf 68' lang='lat' dir='ltr'><strong>legitur,</strong></span> <span class='ocrx_word' id='word_1_70' title='bbox 557 643 617 669; x_wconf 69' lang='lat' dir='ltr'><strong>quin</strong></span> <span class='ocrx_word' id='word_1_71' title='bbox 642 636 741 670; x_wconf 87' lang='lat' dir='ltr'><strong>passim</strong></span> <span class='ocrx_word' id='word_1_72' title='bbox 763 641 894 665; x_wconf 71' lang='lat' dir='ltr'><strong>truncata:</strong></span> <span class='ocrx_word' id='word_1_73' title='bbox 913 643 940 665; x_wconf 81' lang='lat' dir='ltr'><strong>ct</strong></span> <span class='ocrx_word' id='word_1_74' title='bbox 956 640 982 667; x_wconf 93' lang='lat' dir='ltr'><strong>in</strong></span> 
     </span>
    </p>
   </div>
   <div class='ocr_carea' id='block_1_11' title="bbox 194 678 982 720">
    <p class='ocr_par' dir='ltr' id='par_1_11' title="bbox 194 678 982 720">
     <span class='ocr_line' id='line_1_11' title="bbox 194 678 982 720; baseline 0.013 -17"><span class='ocrx_word' id='word_1_75' title='bbox 194 678 384 712; x_wconf 81' lang='lat' dir='ltr'><strong>compendium</strong></span> <span class='ocrx_word' id='word_1_76' title='bbox 413 679 529 706; x_wconf 60' lang='lat' dir='ltr'><strong>redactae</strong></span> <span class='ocrx_word' id='word_1_77' title='bbox 556 685 636 713; x_wconf 88' lang='lat' dir='ltr'><strong>sunt,</strong></span> <span class='ocrx_word' id='word_1_78' title='bbox 657 686 684 710; x_wconf 85' lang='lat' dir='ltr'><strong>et</strong></span> <span class='ocrx_word' id='word_1_79' title='bbox 710 683 829 718; x_wconf 88' lang='lat' dir='ltr'><strong>quidem,</strong></span> <span class='ocrx_word' id='word_1_80' title='bbox 847 689 875 711; x_wconf 85' lang='lat' dir='ltr'><strong>ut</strong></span> <span class='ocrx_word' id='word_1_81' title='bbox 889 687 982 720; x_wconf 86' lang='lat' dir='ltr'><strong>conje-</strong></span> 
     </span>
    </p>
   </div>
   <div class='ocr_carea' id='block_1_12' title="bbox 193 724 981 764">
    <p class='ocr_par' dir='ltr' id='par_1_12' title="bbox 193 724 981 764">
     <span class='ocr_line' id='line_1_12' title="bbox 193 724 981 764; baseline 0.013 -15"><span class='ocrx_word' id='word_1_82' title='bbox 193 727 269 750; x_wconf 86' lang='lat' dir='ltr'><strong>ctare</strong></span> <span class='ocrx_word' id='word_1_83' title='bbox 286 724 347 751; x_wconf 90' lang='lat' dir='ltr'><strong>licet</strong></span> <span class='ocrx_word' id='word_1_84' title='bbox 359 744 366 755; x_wconf 86' lang='lat'><strong>.</strong></span> <span class='ocrx_word' id='word_1_85' title='bbox 391 733 405 752; x_wconf 87' lang='lat' dir='ltr'><strong>a</strong></span> <span class='ocrx_word' id='word_1_86' title='bbox 423 725 554 754; x_wconf 66' lang='lat' dir='ltr'><strong>Graeculis</strong></span> <span class='ocrx_word' id='word_1_87' title='bbox 568 732 726 756; x_wconf 80' lang='lat' dir='ltr'><strong>catenarum</strong></span> <span class='ocrx_word' id='word_1_88' title='bbox 743 731 914 764; x_wconf 80' lang='lat' dir='ltr'><strong>auctoribus;</strong></span> <span class='ocrx_word' id='word_1_89' title='bbox 934 733 981 759; x_wconf 86' lang='lat' dir='ltr'><strong>sed</strong></span> 
     </span>
    </p>
   </div>
   <div class='ocr_carea' id='block_1_13' title="bbox 194 769 980 812">
    <p class='ocr_par' dir='ltr' id='par_1_13' title="bbox 194 769 980 812">
     <span class='ocr_line' id='line_1_13' title="bbox 194 769 980 812; baseline 0.014 -18"><span class='ocrx_word' id='word_1_90' title='bbox 194 773 225 795; x_wconf 84' lang='lat' dir='ltr'><strong>ut</strong></span> <span class='ocrx_word' id='word_1_91' title='bbox 243 769 276 795; x_wconf 86' lang='lat' dir='ltr'><strong>ab</strong></span> <span class='ocrx_word' id='word_1_92' title='bbox 301 770 405 804; x_wconf 78' lang='lat' dir='ltr'><strong>Agellio</strong></span> <span class='ocrx_word' id='word_1_93' title='bbox 433 771 577 805; x_wconf 87' lang='lat' dir='ltr'><strong>laudatur,</strong></span> <span class='ocrx_word' id='word_1_94' title='bbox 605 782 630 808; x_wconf 92' lang='lat' dir='ltr'><strong>p.</strong></span> <span class='ocrx_word' id='word_1_95' title='bbox 656 774 724 806; x_wconf 71' lang='grc'><strong>486.</strong></span> <span class='ocrx_word' id='word_1_96' title='bbox 751 777 777 802; x_wconf 92' lang='lat' dir='ltr'><strong>in</strong></span> <span class='ocrx_word' id='word_1_97' title='bbox 804 777 860 804; x_wconf 82' lang='lat' dir='ltr'><strong>haec</strong></span> <span class='ocrx_word' id='word_1_98' title='bbox 885 779 980 812; x_wconf 84' lang='lat' dir='ltr'><strong>psalmi</strong></span> 
     </span>
    </p>
   </div>
   <div class='ocr_carea' id='block_1_14' title="bbox 195 817 980 856">
    <p class='ocr_par' dir='ltr' id='par_1_14' title="bbox 195 817 980 856">
     <span class='ocr_line' id='line_1_14' title="bbox 195 817 980 856; baseline 0.013 -15"><span class='ocrx_word' id='word_1_99' title='bbox 195 821 315 842; x_wconf 71' lang='lat' dir='ltr'><strong>Lusvttt</strong></span> <span class='ocrx_word' id='word_1_100' title='bbox 331 817 429 844; x_wconf 89' lang='lat' dir='ltr'><strong>verba:</strong></span> <span class='ocrx_word' id='word_1_101' title='bbox 448 818 486 844; x_wconf 89' lang='lat' dir='ltr'><strong>Tu</strong></span> <span class='ocrx_word' id='word_1_102' title='bbox 498 827 555 846; x_wconf 81' lang='lat' dir='ltr'><strong>vero</strong></span> <span class='ocrx_word' id='word_1_103' title='bbox 570 821 690 853; x_wconf 86' lang='lat' dir='ltr'><strong>repulisti</strong></span> <span class='ocrx_word' id='word_1_104' title='bbox 699 821 880 856; x_wconf 73' lang='lat' dir='ltr'><strong>etdesperisti,</strong></span> <span class='ocrx_word' id='word_1_105' title='bbox 893 824 980 850; x_wconf 64' lang='lat' dir='ltr'><strong>distu«</strong></span> 
     </span>
    </p>
   </div>
   <div class='ocr_carea' id='block_1_15' title="bbox 191 860 978 903">
    <p class='ocr_par' dir='ltr' id='par_1_15' title="bbox 191 860 978 903">
     <span class='ocr_line' id='line_1_15' title="bbox 191 860 978 903; baseline 0.014 -17"><span class='ocrx_word' id='word_1_106' title='bbox 191 860 250 887; x_wconf 73' lang='lat' dir='ltr'><strong>iisti</strong></span> <span class='ocrx_word' id='word_1_107' title='bbox 263 860 397 890; x_wconf 79' lang='lat' dir='ltr'><strong>Christum</strong></span> <span class='ocrx_word' id='word_1_108' title='bbox 413 869 486 891; x_wconf 88' lang='lat' dir='ltr'><strong>tuum</strong></span> <span class='ocrx_word' id='word_1_109' title='bbox 499 873 508 891; x_wconf 92' lang='lat'><em>:</em></span> <span class='ocrx_word' id='word_1_110' title='bbox 522 867 638 893; x_wconf 71' lang='lat' dir='ltr'><strong>cvertisti</strong></span> <span class='ocrx_word' id='word_1_111' title='bbox 657 872 839 896; x_wconf 75' lang='lat' dir='ltr'><strong>testamentum</strong></span> <span class='ocrx_word' id='word_1_112' title='bbox 852 872 917 897; x_wconf 74' lang='lat' dir='ltr'><strong>servi</strong></span> <span class='ocrx_word' id='word_1_113' title='bbox 931 872 978 903; x_wconf 81' lang='lat' dir='ltr'><strong>tui,</strong></span> 
     </span>
    </p>
   </div>
   <div class='ocr_carea' id='block_1_16' title="bbox 191 907 977 949">
    <p class='ocr_par' dir='ltr' id='par_1_16' title="bbox 191 907 977 949">
     <span class='ocr_line' id='line_1_16' title="bbox 191 907 977 949; baseline 0.015 -16"><span class='ocrx_word' id='word_1_114' title='bbox 191 907 341 941; x_wconf 74' lang='lat' dir='ltr'><strong>profanasti</strong></span> <span class='ocrx_word' id='word_1_115' title='bbox 364 910 391 936; x_wconf 85' lang='lat' dir='ltr'><strong>in</strong></span> <span class='ocrx_word' id='word_1_116' title='bbox 415 915 484 937; x_wconf 86' lang='lat' dir='ltr'><strong>terra</strong></span> <span class='ocrx_word' id='word_1_117' title='bbox 500 913 682 940; x_wconf 83' lang='lat' dir='ltr'><strong>sanctuarium</strong></span> <span class='ocrx_word' id='word_1_118' title='bbox 698 914 772 949; x_wconf 80' lang='lat' dir='ltr'><strong>ejus,</strong></span> <span class='ocrx_word' id='word_1_119' title='bbox 795 915 851 942; x_wconf 74' lang='lat' dir='ltr'><strong>inec</strong></span> <span class='ocrx_word' id='word_1_120' title='bbox 876 916 977 945; x_wconf 84' lang='lat' dir='ltr'><strong>habet:</strong></span> 
     </span>
    </p>
   </div>
   <div class='ocr_carea' id='block_1_17' title="bbox 191 953 979 999">
    <p class='ocr_par' dir='ltr' id='par_1_17' title="bbox 191 953 979 999">
     <span class='ocr_line' id='line_1_17' title="bbox 191 953 979 999; baseline 0.014 -20"><span class='ocrx_word' id='word_1_121' title='bbox 191 953 320 987; x_wconf 71' lang='grc' dir='ltr'><strong>Εὐσέϐιος</strong></span> <span class='ocrx_word' id='word_1_122' title='bbox 337 956 365 982; x_wconf 78' lang='grc' dir='ltr'><strong>δὲ</strong></span> <span class='ocrx_word' id='word_1_123' title='bbox 383 957 423 989; x_wconf 67' lang='grc' dir='ltr'><strong>εἰς</strong></span> <span class='ocrx_word' id='word_1_124' title='bbox 435 957 465 984; x_wconf 66' lang='grc' dir='ltr'>τὸ</span> <span class='ocrx_word' id='word_1_125' title='bbox 485 958 570 990; x_wconf 78' lang='grc' dir='ltr'>πάθος</span> <span class='ocrx_word' id='word_1_126' title='bbox 586 960 632 986; x_wconf 77' lang='grc' dir='ltr'><strong>τοῦ</strong></span> <span class='ocrx_word' id='word_1_127' title='bbox 645 961 763 996; x_wconf 78' lang='grc' dir='ltr'><strong>Χριστοῦ</strong></span> <span class='ocrx_word' id='word_1_128' title='bbox 781 962 866 989; x_wconf 72' lang='grc' dir='ltr'><strong>ταῦτα</strong></span> <span class='ocrx_word' id='word_1_129' title='bbox 882 972 979 999; x_wconf 66' lang='grc' dir='ltr'>πειραο</span> 
     </span>
    </p>
   </div>
   <div class='ocr_carea' id='block_1_18' title="bbox 189 999 978 1046">
    <p class='ocr_par' dir='ltr' id='par_1_18' title="bbox 189 999 978 1046">
     <span class='ocr_line' id='line_1_18' title="bbox 189 999 978 1046; baseline 0.014 -20"><span class='ocrx_word' id='word_1_130' title='bbox 189 999 247 1032; x_wconf 72' lang='grc' dir='ltr'>θεὶς</span> <span class='ocrx_word' id='word_1_131' title='bbox 270 1001 373 1034; x_wconf 75' lang='grc' dir='ltr'><strong>λαϐεῖν,</strong></span> <span class='ocrx_word' id='word_1_132' title='bbox 398 1002 460 1030; x_wconf 72' lang='grc' dir='ltr'>οὔτε</span> <span class='ocrx_word' id='word_1_133' title='bbox 481 1004 611 1032; x_wconf 74' lang='grc' dir='ltr'><strong>διασῶσαι</strong></span> <span class='ocrx_word' id='word_1_134' title='bbox 634 1006 679 1032; x_wconf 76' lang='grc' dir='ltr'><strong>τὸν</strong></span> <span class='ocrx_word' id='word_1_135' title='bbox 702 1008 795 1043; x_wconf 75' lang='grc' dir='ltr'>εἱρμὸν</span> <span class='ocrx_word' id='word_1_136' title='bbox 818 1009 869 1043; x_wconf 77' lang='grc' dir='ltr'><strong>τῆς</strong></span> <span class='ocrx_word' id='word_1_137' title='bbox 891 1010 978 1046; x_wconf 81' lang='grc' dir='ltr'><strong>ἑρμη-</strong></span> 
     </span>
    </p>
   </div>
   <div class='ocr_carea' id='block_1_19' title="bbox 188 1045 976 1086">
    <p class='ocr_par' dir='ltr' id='par_1_19' title="bbox 188 1045 976 1086">
     <span class='ocr_line' id='line_1_19' title="bbox 188 1045 976 1086; baseline 0.015 -15"><span class='ocrx_word' id='word_1_138' title='bbox 188 1045 262 1078; x_wconf 69' lang='grc' dir='ltr'>νείας</span> <span class='ocrx_word' id='word_1_139' title='bbox 276 1047 405 1084; x_wconf 76' lang='grc' dir='ltr'><strong>ἠδυνήθη,</strong></span> <span class='ocrx_word' id='word_1_140' title='bbox 429 1049 489 1076; x_wconf 72' lang='grc' dir='ltr'>οὔτε</span> <span class='ocrx_word' id='word_1_141' title='bbox 512 1050 667 1086; x_wconf 71' lang='grc' dir='ltr'><strong>δυσφημίας</strong></span> <span class='ocrx_word' id='word_1_142' title='bbox 691 1054 828 1085; x_wconf 67' lang='grc' dir='ltr'><strong>παντελῶς</strong></span> <span class='ocrx_word' id='word_1_143' title='bbox 854 1045 976 1082; x_wconf 69' lang='grc' dir='ltr'>ἀπαλλά-</span> 
     </span>
    </p>
   </div>
   <div class='ocr_carea' id='block_1_20' title="bbox 187 1093 977 1136">
    <p class='ocr_par' dir='ltr' id='par_1_20' title="bbox 187 1093 977 1136">
     <span class='ocr_line' id='line_1_20' title="bbox 187 1093 977 1136; baseline 0.013 -18"><span class='ocrx_word' id='word_1_144' title='bbox 187 1093 283 1128; x_wconf 77' lang='grc' dir='ltr'><strong>γῆναι,</strong></span> <span class='ocrx_word' id='word_1_145' title='bbox 306 1094 330 1121; x_wconf 93' lang='lat' dir='ltr'><strong>id</strong></span> <span class='ocrx_word' id='word_1_146' title='bbox 344 1099 396 1128; x_wconf 82' lang='lat' dir='ltr'><strong>est,</strong></span> <span class='ocrx_word' id='word_1_147' title='bbox 414 1095 542 1123; x_wconf 78' lang='lat' dir='ltr'><strong>Eusebius</strong></span> <span class='ocrx_word' id='word_1_148' title='bbox 566 1103 671 1130; x_wconf 83' lang='lat' dir='ltr'><strong>autem,</strong></span> <span class='ocrx_word' id='word_1_149' title='bbox 702 1107 760 1126; x_wconf 76' lang='lat' dir='ltr'><strong>cum</strong></span> <span class='ocrx_word' id='word_1_150' title='bbox 786 1100 841 1127; x_wconf 64' lang='lat' dir='ltr'><strong>lucc</strong></span> <span class='ocrx_word' id='word_1_151' title='bbox 867 1101 898 1127; x_wconf 79' lang='lat' dir='ltr'><strong>da</strong></span> <span class='ocrx_word' id='word_1_152' title='bbox 918 1110 977 1136; x_wconf 79' lang='lat' dir='ltr'><strong>pas-</strong></span> 
     </span>
    </p>
   </div>
   <div class='ocr_carea' id='block_1_21' title="bbox 187 1138 974 1180">
    <p class='ocr_par' dir='ltr' id='par_1_21' title="bbox 187 1138 974 1180">
     <span class='ocr_line' id='line_1_21' title="bbox 187 1138 974 1180; baseline 0.011 -15"><span class='ocrx_word' id='word_1_153' title='bbox 187 1138 261 1166; x_wconf 74' lang='lat' dir='ltr'><strong>sione</strong></span> <span class='ocrx_word' id='word_1_154' title='bbox 276 1139 376 1167; x_wconf 87' lang='lat' dir='ltr'><strong>Christi</strong></span> <span class='ocrx_word' id='word_1_155' title='bbox 389 1142 520 1176; x_wconf 73' lang='lat' dir='ltr'><strong>explicare</strong></span> <span class='ocrx_word' id='word_1_156' title='bbox 535 1145 673 1170; x_wconf 78' lang='lat' dir='ltr'><strong>tentaverit</strong></span> <span class='ocrx_word' id='word_1_157' title='bbox 683 1165 690 1175; x_wconf 90' lang='lat'><strong>,</strong></span> <span class='ocrx_word' id='word_1_158' title='bbox 707 1153 786 1180; x_wconf 85' lang='lat' dir='ltr'><strong>neque</strong></span> <span class='ocrx_word' id='word_1_159' title='bbox 799 1147 893 1173; x_wconf 86' lang='lat' dir='ltr'><strong>seriem</strong></span> <span class='ocrx_word' id='word_1_160' title='bbox 910 1157 974 1174; x_wconf 88' lang='lat' dir='ltr'><strong>nar-</strong></span> 
     </span>
    </p>
   </div>
   <div class='ocr_carea' id='block_1_22' title="bbox 187 1185 976 1224">
    <p class='ocr_par' dir='ltr' id='par_1_22' title="bbox 187 1185 976 1224">
     <span class='ocr_line' id='line_1_22' title="bbox 187 1185 976 1224; baseline 0.013 -13"><span class='ocrx_word' id='word_1_161' title='bbox 187 1185 298 1213; x_wconf 63' lang='lat' dir='ltr'><strong>rationis</strong></span> <span class='ocrx_word' id='word_1_162' title='bbox 317 1195 437 1220; x_wconf 80' lang='lat' dir='ltr'><strong>seruare,</strong></span> <span class='ocrx_word' id='word_1_163' title='bbox 468 1197 550 1224; x_wconf 85' lang='lat' dir='ltr'><strong>neque</strong></span> <span class='ocrx_word' id='word_1_164' title='bbox 570 1189 732 1223; x_wconf 83' lang='lat' dir='ltr'><strong>blasphemia</strong></span> <span class='ocrx_word' id='word_1_165' title='bbox 753 1193 856 1224; x_wconf 78' lang='lat' dir='ltr'><strong>penitus</strong></span> <span class='ocrx_word' id='word_1_166' title='bbox 879 1201 976 1222; x_wconf 70' lang='lat' dir='ltr'><strong>vacuus</strong></span> 
     </span>
    </p>
   </div>
   <div class='ocr_carea' id='block_1_23' title="bbox 185 1232 974 1272">
    <p class='ocr_par' dir='ltr' id='par_1_23' title="bbox 185 1232 974 1272">
     <span class='ocr_line' id='line_1_23' title="bbox 185 1232 974 1272; baseline 0.013 -15"><span class='ocrx_word' id='word_1_167' title='bbox 185 1237 243 1257; x_wconf 77' lang='lat' dir='ltr'><strong>esse</strong></span> <span class='ocrx_word' id='word_1_168' title='bbox 263 1232 360 1266; x_wconf 81' lang='lat' dir='ltr'><strong>patuit.</strong></span> <span class='ocrx_word' id='word_1_169' title='bbox 386 1232 461 1260; x_wconf 84' lang='lat' dir='ltr'><strong>Hanc</strong></span> <span class='ocrx_word' id='word_1_170' title='bbox 480 1238 570 1261; x_wconf 83' lang='lat' dir='ltr'><strong>autem</strong></span> <span class='ocrx_word' id='word_1_171' title='bbox 588 1235 698 1263; x_wconf 82' lang='lat' dir='ltr'><strong>Eusebii</strong></span> <span class='ocrx_word' id='word_1_172' title='bbox 723 1236 974 1272; x_wconf 78' lang='lat' dir='ltr'><strong>interpretationem</strong></span> 
     </span>
    </p>
   </div>
   <div class='ocr_carea' id='block_1_24' title="bbox 185 1274 974 1317">
    <p class='ocr_par' dir='ltr' id='par_1_24' title="bbox 185 1274 974 1317">
     <span class='ocr_line' id='line_1_24' title="bbox 185 1274 974 1317; baseline 0.014 -15"><span class='ocrx_word' id='word_1_173' title='bbox 185 1274 324 1306; x_wconf 75' lang='lat' dir='ltr'><strong>liisissime</strong></span> <span class='ocrx_word' id='word_1_174' title='bbox 333 1283 487 1307; x_wconf 76' lang='lat' dir='ltr'><strong>enarratum</strong></span> <span class='ocrx_word' id='word_1_175' title='bbox 503 1280 598 1314; x_wconf 84' lang='lat' dir='ltr'><strong>habes,</strong></span> <span class='ocrx_word' id='word_1_176' title='bbox 618 1283 686 1317; x_wconf 87' lang='lat' dir='ltr'><strong>psal.</strong></span> <span class='ocrx_word' id='word_1_177' title='bbox 703 1291 834 1312; x_wconf 80' lang='lat' dir='ltr'><strong>Lxxxvm.</strong></span> <span class='ocrx_word' id='word_1_178' title='bbox 850 1285 891 1312; x_wconf 74' lang='lat' dir='ltr'><strong>An</strong></span> <span class='ocrx_word' id='word_1_179' title='bbox 909 1293 974 1313; x_wconf 86' lang='lat' dir='ltr'><strong>vero</strong></span> 
     </span>
    </p>
   </div>
   <div class='ocr_carea' id='block_1_25' title="bbox 185 1319 972 1366">
    <p class='ocr_par' dir='ltr' id='par_1_25' title="bbox 185 1319 972 1366">
     <span class='ocr_line' id='line_1_25' title="bbox 185 1319 972 1366; baseline 0.015 -18"><span class='ocrx_word' id='word_1_180' title='bbox 185 1320 229 1348; x_wconf 78' lang='lat' dir='ltr'><strong>hic</strong></span> <span class='ocrx_word' id='word_1_181' title='bbox 244 1319 362 1350; x_wconf 83' lang='lat' dir='ltr'><strong>Eusebio</strong></span> <span class='ocrx_word' id='word_1_182' title='bbox 382 1323 528 1359; x_wconf 70' lang='lat' dir='ltr'><strong>impietatis</strong></span> <span class='ocrx_word' id='word_1_183' title='bbox 544 1332 608 1354; x_wconf 88' lang='lat' dir='ltr'><strong>nota</strong></span> <span class='ocrx_word' id='word_1_184' title='bbox 630 1328 693 1362; x_wconf 87' lang='lat' dir='ltr'><strong>jure</strong></span> <span class='ocrx_word' id='word_1_185' title='bbox 711 1329 852 1363; x_wconf 83' lang='lat' dir='ltr'><strong>inuratur,</strong></span> <span class='ocrx_word' id='word_1_186' title='bbox 871 1339 972 1366; x_wconf 83' lang='lat' dir='ltr'><strong>necne,</strong></span> 
     </span>
    </p>
   </div>
   <div class='ocr_carea' id='block_1_26' title="bbox 184 1367 973 1409">
    <p class='ocr_par' dir='ltr' id='par_1_26' title="bbox 184 1367 973 1409">
     <span class='ocr_line' id='line_1_26' title="bbox 184 1367 973 1409; baseline 0.016 -16"><span class='ocrx_word' id='word_1_187' title='bbox 184 1367 336 1401; x_wconf 72' lang='lat' dir='ltr'><strong>expendere</strong></span> <span class='ocrx_word' id='word_1_188' title='bbox 357 1369 453 1398; x_wconf 86' lang='lat' dir='ltr'><strong>inutile</strong></span> <span class='ocrx_word' id='word_1_189' title='bbox 468 1371 568 1406; x_wconf 85' lang='lat' dir='ltr'><strong>fuerit;</strong></span> <span class='ocrx_word' id='word_1_190' title='bbox 587 1380 649 1400; x_wconf 88' lang='lat' dir='ltr'><strong>cum</strong></span> <span class='ocrx_word' id='word_1_191' title='bbox 667 1375 724 1409; x_wconf 86' lang='lat' dir='ltr'><strong>ipse</strong></span> <span class='ocrx_word' id='word_1_192' title='bbox 736 1379 874 1404; x_wconf 69' lang='lat' dir='ltr'><strong>temeratm</strong></span> <span class='ocrx_word' id='word_1_193' title='bbox 889 1378 973 1406; x_wconf 81' lang='lat' dir='ltr'><strong>divini</strong></span> 
     </span>
    </p>
   </div>
   <div class='ocr_carea' id='block_1_27' title="bbox 185 1410 973 1457">
    <p class='ocr_par' dir='ltr' id='par_1_27' title="bbox 185 1410 973 1457">
     <span class='ocr_line' id='line_1_27' title="bbox 185 1410 973 1457; baseline 0.018 -19"><span class='ocrx_word' id='word_1_194' title='bbox 185 1410 265 1439; x_wconf 80' lang='lat' dir='ltr'><strong>Verbi</strong></span> <span class='ocrx_word' id='word_1_195' title='bbox 279 1414 410 1442; x_wconf 74' lang='lat' dir='ltr'><strong>doctrinae</strong></span> <span class='ocrx_word' id='word_1_196' title='bbox 425 1420 518 1444; x_wconf 81' lang='lat' dir='ltr'><strong>notam</strong></span> <span class='ocrx_word' id='word_1_197' title='bbox 537 1418 562 1444; x_wconf 92' lang='lat' dir='ltr'><strong>in</strong></span> <span class='ocrx_word' id='word_1_198' title='bbox 590 1419 650 1447; x_wconf 89' lang='lat' dir='ltr'><strong>aliis</strong></span> <span class='ocrx_word' id='word_1_199' title='bbox 670 1421 758 1449; x_wconf 87' lang='lat' dir='ltr'><strong>multo</strong></span> <span class='ocrx_word' id='word_1_200' title='bbox 773 1422 902 1457; x_wconf 77' lang='lat' dir='ltr'><strong>liquidius</strong></span> <span class='ocrx_word' id='word_1_201' title='bbox 931 1425 973 1451; x_wconf 89' lang='lat' dir='ltr'><strong>in-</strong></span> 
     </span>
    </p>
   </div>
   <div class='ocr_carea' id='block_1_28' title="bbox 183 1461 687 1497">
    <p class='ocr_par' dir='ltr' id='par_1_28' title="bbox 183 1461 687 1497">
     <span class='ocr_line' id='line_1_28' title="bbox 183 1461 687 1497; baseline 0.018 -14"><span class='ocrx_word' id='word_1_202' title='bbox 183 1462 285 1491; x_wconf 78' lang='lat' dir='ltr'><strong>currat,</strong></span> <span class='ocrx_word' id='word_1_203' title='bbox 304 1463 332 1486; x_wconf 91' lang='lat' dir='ltr'><strong>ut</strong></span> <span class='ocrx_word' id='word_1_204' title='bbox 345 1467 395 1487; x_wconf 90' lang='lat' dir='ltr'><strong>suo</strong></span> <span class='ocrx_word' id='word_1_205' title='bbox 411 1461 472 1488; x_wconf 87' lang='lat' dir='ltr'><strong>loco</strong></span> <span class='ocrx_word' id='word_1_206' title='bbox 488 1464 687 1497; x_wconf 87' lang='lat' dir='ltr'><strong>comprobatur.</strong></span> 
     </span>
    </p>
   </div>
   <div class='ocr_carea' id='block_1_29' title="bbox 390 1516 758 1546">
    <p class='ocr_par' dir='ltr' id='par_1_29' title="bbox 390 1516 758 1546">
     <span class='ocr_line' id='line_1_29' title="bbox 390 1516 758 1546; baseline 0.016 -6"><span class='ocrx_word' id='word_1_207' title='bbox 390 1516 419 1540; x_wconf 86' lang='lat' dir='ltr'><strong>V.</strong></span> <span class='ocrx_word' id='word_1_208' title='bbox 444 1517 556 1542; x_wconf 81' lang='lat' dir='ltr'><strong>Gelasius</strong></span> <span class='ocrx_word' id='word_1_209' title='bbox 576 1525 620 1543; x_wconf 87' lang='lat' dir='ltr'><strong>eos</strong></span> <span class='ocrx_word' id='word_1_210' title='bbox 631 1524 758 1546; x_wconf 80' lang='lat' dir='ltr'><strong>memorat.</strong></span> 
     </span>
    </p>
   </div>
   <div class='ocr_carea' id='block_1_30' title="bbox 217 1575 972 1616">
    <p class='ocr_par' dir='ltr' id='par_1_30' title="bbox 217 1575 972 1616">
     <span class='ocr_line' id='line_1_30' title="bbox 217 1575 972 1616; baseline 0.013 -12"><span class='ocrx_word' id='word_1_211' title='bbox 217 1575 340 1605; x_wconf 80' lang='lat' dir='ltr'><strong>Gelasius</strong></span> <span class='ocrx_word' id='word_1_212' title='bbox 354 1579 387 1606; x_wconf 90' lang='lat' dir='ltr'><strong>de</strong></span> <span class='ocrx_word' id='word_1_213' title='bbox 402 1579 507 1608; x_wconf 89' lang='lat' dir='ltr'><strong>duabus</strong></span> <span class='ocrx_word' id='word_1_214' title='bbox 521 1583 625 1610; x_wconf 89' lang='lat' dir='ltr'><strong>naturis</strong></span> <span class='ocrx_word' id='word_1_215' title='bbox 649 1583 676 1610; x_wconf 94' lang='lat' dir='ltr'><strong>in</strong></span> <span class='ocrx_word' id='word_1_216' title='bbox 690 1583 808 1616; x_wconf 79' lang='lat' dir='ltr'><strong>Christo.</strong></span> <span class='ocrx_word' id='word_1_217' title='bbox 825 1585 896 1613; x_wconf 89' lang='lat' dir='ltr'><strong>inter</strong></span> <span class='ocrx_word' id='word_1_218' title='bbox 921 1585 972 1613; x_wconf 84' lang='lat' dir='ltr'><strong>Pa-</strong></span> 
     </span>
    </p>
   </div>
   <div class='ocr_carea' id='block_1_31' title="bbox 182 1612 1005 1660">
    <p class='ocr_par' dir='ltr' id='par_1_31' title="bbox 182 1612 1005 1660">
     <span class='ocr_line' id='line_1_31' title="bbox 182 1612 1005 1660; baseline 0.015 -11"><span class='ocrx_word' id='word_1_219' title='bbox 182 1627 252 1650; x_wconf 85' lang='lat' dir='ltr'><strong>trum</strong></span> <span class='ocrx_word' id='word_1_220' title='bbox 279 1625 455 1659; x_wconf 87' lang='lat' dir='ltr'><strong>testimonia,</strong></span> <span class='ocrx_word' id='word_1_221' title='bbox 483 1626 593 1655; x_wconf 86' lang='lat' dir='ltr'><strong>Eusebii</strong></span> <span class='ocrx_word' id='word_1_222' title='bbox 621 1629 800 1660; x_wconf 73' lang='lat' dir='ltr'><strong>Caesariensis</strong></span> <span class='ocrx_word' id='word_1_223' title='bbox 825 1632 914 1660; x_wconf 89' lang='lat' dir='ltr'><strong>locum</strong></span> <span class='ocrx_word' id='word_1_224' title='bbox 941 1612 1005 1660; x_wconf 71' lang='lat' dir='ltr'><strong>inc</strong></span> 
     </span>
    </p>
   </div>
   <div class='ocr_carea' id='block_1_32' title="bbox 182 1669 966 1714">
    <p class='ocr_par' dir='ltr' id='par_1_32' title="bbox 182 1669 966 1714">
     <span class='ocr_line' id='line_1_32' title="bbox 182 1669 966 1714; baseline 0.017 -19"><span class='ocrx_word' id='word_1_225' title='bbox 182 1669 316 1703; x_wconf 81' lang='lat' dir='ltr'><strong>psalmum</strong></span> <span class='ocrx_word' id='word_1_226' title='bbox 333 1671 468 1700; x_wconf 89' lang='lat' dir='ltr'><strong>decimum</strong></span> <span class='ocrx_word' id='word_1_227' title='bbox 481 1675 626 1709; x_wconf 87' lang='lat' dir='ltr'><strong>septimum</strong></span> <span class='ocrx_word' id='word_1_228' title='bbox 646 1677 734 1709; x_wconf 77' lang='lat' dir='ltr'><strong>affert,</strong></span> <span class='ocrx_word' id='word_1_229' title='bbox 752 1679 798 1714; x_wconf 92' lang='lat' dir='ltr'><strong>qui</strong></span> <span class='ocrx_word' id='word_1_230' title='bbox 817 1680 856 1707; x_wconf 88' lang='lat' dir='ltr'><strong>sic</strong></span> <span class='ocrx_word' id='word_1_231' title='bbox 872 1680 966 1708; x_wconf 79' lang='lat' dir='ltr'><strong>habet:</strong></span> 
     </span>
    </p>
   </div>
   <div class='ocr_carea' id='block_1_33' title="bbox 183 1714 969 1757">
    <p class='ocr_par' dir='ltr' id='par_1_33' title="bbox 183 1714 969 1757">
     <span class='ocr_line' id='line_1_33' title="bbox 183 1714 969 1757; baseline 0.017 -16"><span class='ocrx_word' id='word_1_232' title='bbox 183 1714 254 1742; x_wconf 78' lang='lat' dir='ltr'><strong>Deus</strong></span> <span class='ocrx_word' id='word_1_233' title='bbox 265 1717 537 1750; x_wconf 70' lang='lat' dir='ltr'><strong>quiinclinavitewlos</strong></span> <span class='ocrx_word' id='word_1_234' title='bbox 556 1726 581 1748; x_wconf 77' lang='lat' dir='ltr'><strong>et</strong></span> <span class='ocrx_word' id='word_1_235' title='bbox 599 1722 749 1757; x_wconf 78' lang='lat' dir='ltr'><strong>descendit,</strong></span> <span class='ocrx_word' id='word_1_236' title='bbox 774 1726 915 1754; x_wconf 80' lang='lat' dir='ltr'><strong>ascendens</strong></span> <span class='ocrx_word' id='word_1_237' title='bbox 941 1728 969 1754; x_wconf 85' lang='lat' dir='ltr'><strong>in</strong></span> 
     </span>
    </p>
   </div>
   <div class='ocr_carea' id='block_1_34' title="bbox 181 1758 967 1801">
    <p class='ocr_par' dir='ltr' id='par_1_34' title="bbox 181 1758 967 1801">
     <span class='ocr_line' id='line_1_34' title="bbox 181 1758 967 1801; baseline 0.019 -16"><span class='ocrx_word' id='word_1_238' title='bbox 181 1758 311 1787; x_wconf 71' lang='lat' dir='ltr'><strong>hominem</strong></span> <span class='ocrx_word' id='word_1_239' title='bbox 321 1769 393 1796; x_wconf 78' lang='lat' dir='ltr'><strong>quem</strong></span> <span class='ocrx_word' id='word_1_240' title='bbox 407 1766 560 1799; x_wconf 76' lang='lat' dir='ltr'><strong>assumpsit,</strong></span> <span class='ocrx_word' id='word_1_241' title='bbox 571 1775 647 1801; x_wconf 84' lang='lat' dir='ltr'><strong>quem</strong></span> <span class='ocrx_word' id='word_1_242' title='bbox 661 1777 728 1795; x_wconf 85' lang='lat' dir='ltr'><strong>nunc</strong></span> <span class='ocrx_word' id='word_1_243' title='bbox 739 1770 872 1798; x_wconf 82' lang='lat' dir='ltr'><strong>cherubim</strong></span> <span class='ocrx_word' id='word_1_244' title='bbox 882 1780 967 1800; x_wconf 76' lang='lat' dir='ltr'><strong>sermo</strong></span> 
     </span>
    </p>
   </div>
   <div class='ocr_carea' id='block_1_35' title="bbox 181 1805 968 1848">
    <p class='ocr_par' dir='ltr' id='par_1_35' title="bbox 181 1805 968 1848">
     <span class='ocr_line' id='line_1_35' title="bbox 181 1805 968 1848; baseline 0.018 -18"><span class='ocrx_word' id='word_1_245' title='bbox 181 1805 308 1838; x_wconf 80' lang='lat' dir='ltr'><strong>nominat,</strong></span> <span class='ocrx_word' id='word_1_246' title='bbox 318 1807 427 1834; x_wconf 77' lang='lat' dir='ltr'><strong>evolavit</strong></span> <span class='ocrx_word' id='word_1_247' title='bbox 441 1817 501 1836; x_wconf 85' lang='lat' dir='ltr'><strong>cum</strong></span> <span class='ocrx_word' id='word_1_248' title='bbox 522 1819 562 1844; x_wconf 83' lang='lat' dir='ltr'><strong>eo,</strong></span> <span class='ocrx_word' id='word_1_249' title='bbox 575 1820 713 1840; x_wconf 77' lang='lat' dir='ltr'><strong>ascensum</strong></span> <span class='ocrx_word' id='word_1_250' title='bbox 738 1815 838 1848; x_wconf 78' lang='lat' dir='ltr'><strong>faciens</strong></span> <span class='ocrx_word' id='word_1_251' title='bbox 853 1825 911 1844; x_wconf 83' lang='lat' dir='ltr'><strong>cum</strong></span> <span class='ocrx_word' id='word_1_252' title='bbox 926 1818 968 1844; x_wconf 84' lang='lat' dir='ltr'><strong>di-</strong></span> 
     </span>
    </p>
   </div>
   <div class='ocr_carea' id='block_1_36' title="bbox 179 1850 966 1897">
    <p class='ocr_par' dir='ltr' id='par_1_36' title="bbox 179 1850 966 1897">
     <span class='ocr_line' id='line_1_36' title="bbox 179 1850 966 1897; baseline 0.019 -21"><span class='ocrx_word' id='word_1_253' title='bbox 179 1850 246 1877; x_wconf 73' lang='lat' dir='ltr'><strong>vinis</strong></span> <span class='ocrx_word' id='word_1_254' title='bbox 261 1871 268 1884; x_wconf 89' lang='lat'><strong>,</strong></span> <span class='ocrx_word' id='word_1_255' title='bbox 293 1853 494 1888; x_wconf 86' lang='lat' dir='ltr'><strong>spiritualibus,</strong></span> <span class='ocrx_word' id='word_1_256' title='bbox 520 1856 719 1893; x_wconf 85' lang='lat' dir='ltr'><strong>obsequentibus</strong></span> <span class='ocrx_word' id='word_1_257' title='bbox 746 1861 797 1888; x_wconf 87' lang='lat' dir='ltr'><strong>sibi</strong></span> <span class='ocrx_word' id='word_1_258' title='bbox 820 1870 966 1897; x_wconf 82' lang='lat' dir='ltr'><strong>pennarum</strong></span> 
     </span>
    </p>
   </div>
   <div class='ocr_carea' id='block_1_37' title="bbox 179 1898 966 1941">
    <p class='ocr_par' dir='ltr' id='par_1_37' title="bbox 179 1898 966 1941">
     <span class='ocr_line' id='line_1_37' title="bbox 179 1898 966 1941; baseline 0.019 -18"><span class='ocrx_word' id='word_1_259' title='bbox 179 1898 270 1930; x_wconf 77' lang='lat' dir='ltr'><strong>ventis,</strong></span> <span class='ocrx_word' id='word_1_260' title='bbox 285 1899 347 1933; x_wconf 85' lang='lat' dir='ltr'><strong>ipsis</strong></span> <span class='ocrx_word' id='word_1_261' title='bbox 359 1901 440 1927; x_wconf 89' lang='lat' dir='ltr'><strong>etiam</strong></span> <span class='ocrx_word' id='word_1_262' title='bbox 461 1903 610 1936; x_wconf 78' lang='lat' dir='ltr'><strong>appellatis.</strong></span> <span class='ocrx_word' id='word_1_263' title='bbox 636 1904 686 1932; x_wconf 63' lang='lat' dir='ltr'><strong>[Ibi</strong></span> <span class='ocrx_word' id='word_1_264' title='bbox 713 1908 888 1941; x_wconf 88' lang='lat' dir='ltr'><strong>paucioribus</strong></span> <span class='ocrx_word' id='word_1_265' title='bbox 903 1917 966 1938; x_wconf 83' lang='lat' dir='ltr'><strong>sen-</strong></span> 
     </span>
    </p>
   </div>
   <div class='ocr_carea' id='block_1_38' title="bbox 177 1942 965 1981">
    <p class='ocr_par' dir='ltr' id='par_1_38' title="bbox 177 1942 965 1981">
     <span class='ocr_line' id='line_1_38' title="bbox 177 1942 965 1981; baseline 0.018 -14"><span class='ocrx_word' id='word_1_266' title='bbox 177 1942 289 1969; x_wconf 90' lang='lat' dir='ltr'><strong>tentiam</strong></span> <span class='ocrx_word' id='word_1_267' title='bbox 314 1944 458 1979; x_wconf 78' lang='lat' dir='ltr'><strong>exprimit,</strong></span> <span class='ocrx_word' id='word_1_268' title='bbox 484 1954 565 1981; x_wconf 84' lang='lat' dir='ltr'><strong>quam</strong></span> <span class='ocrx_word' id='word_1_269' title='bbox 583 1948 682 1976; x_wconf 83' lang='lat' dir='ltr'><strong>ibidem</strong></span> <span class='ocrx_word' id='word_1_270' title='bbox 701 1950 735 1976; x_wconf 85' lang='lat' dir='ltr'><strong>ab</strong></span> <span class='ocrx_word' id='word_1_271' title='bbox 749 1949 865 1979; x_wconf 88' lang='lat' dir='ltr'><strong>Eusebio</strong></span> <span class='ocrx_word' id='word_1_272' title='bbox 879 1961 965 1981; x_wconf 92' lang='lat' dir='ltr'><strong>enun-</strong></span> 
     </span>
    </p>
   </div>
   <div class='ocr_carea' id='block_1_39' title="bbox 176 1986 962 2031">
    <p class='ocr_par' dir='ltr' id='par_1_39' title="bbox 176 1986 962 2031">
     <span class='ocr_line' id='line_1_39' title="bbox 176 1986 962 2031; baseline 0.018 -19"><span class='ocrx_word' id='word_1_273' title='bbox 176 1986 276 2022; x_wconf 84' lang='lat' dir='ltr'><strong>tiatur,</strong></span> <span class='ocrx_word' id='word_1_274' title='bbox 288 1990 339 2016; x_wconf 90' lang='lat' dir='ltr'><strong>etsi</strong></span> <span class='ocrx_word' id='word_1_275' title='bbox 353 1991 448 2018; x_wconf 87' lang='lat' dir='ltr'><strong>eadem</strong></span> <span class='ocrx_word' id='word_1_276' title='bbox 463 1999 672 2027; x_wconf 84' lang='lat' dir='ltr'><strong>prorsusmente</strong></span> <span class='ocrx_word' id='word_1_277' title='bbox 682 2000 708 2022; x_wconf 85' lang='lat' dir='ltr'><strong>et</strong></span> <span class='ocrx_word' id='word_1_278' title='bbox 718 1996 940 2031; x_wconf 85' lang='lat' dir='ltr'><strong>interpretatione</strong></span> <span class='ocrx_word' id='word_1_279' title='bbox 956 2009 962 2027; x_wconf 87' lang='lat'><strong>:</strong></span> 
     </span>
    </p>
   </div>
   <div class='ocr_carea' id='block_1_40' title="bbox 175 2033 963 2079">
    <p class='ocr_par' dir='ltr' id='par_1_40' title="bbox 175 2033 963 2079">
     <span class='ocr_line' id='line_1_40' title="bbox 175 2033 963 2079; baseline 0.018 -21"><span class='ocrx_word' id='word_1_280' title='bbox 175 2039 238 2060; x_wconf 84' lang='lat' dir='ltr'><strong>nam</strong></span> <span class='ocrx_word' id='word_1_281' title='bbox 259 2033 392 2064; x_wconf 84' lang='lat' dir='ltr'><strong>Eusebius</strong></span> <span class='ocrx_word' id='word_1_282' title='bbox 408 2037 507 2066; x_wconf 88' lang='lat' dir='ltr'><strong>ibidem</strong></span> <span class='ocrx_word' id='word_1_283' title='bbox 529 2039 708 2068; x_wconf 84' lang='lat' dir='ltr'><strong>cherubinum</strong></span> <span class='ocrx_word' id='word_1_284' title='bbox 725 2042 799 2070; x_wconf 91' lang='lat' dir='ltr'><strong>illum</strong></span> <span class='ocrx_word' id='word_1_285' title='bbox 816 2043 842 2070; x_wconf 89' lang='lat' dir='ltr'><strong>in</strong></span> <span class='ocrx_word' id='word_1_286' title='bbox 859 2045 963 2079; x_wconf 89' lang='lat' dir='ltr'><strong>psalmo</strong></span> 
     </span>
    </p>
   </div>
   <div class='ocr_carea' id='block_1_41' title="bbox 175 2084 962 2119">
    <p class='ocr_par' dir='ltr' id='par_1_41' title="bbox 175 2084 962 2119">
     <span class='ocr_line' id='line_1_41' title="bbox 175 2084 962 2119; baseline 0.017 -14"><span class='ocrx_word' id='word_1_287' title='bbox 175 2084 375 2114; x_wconf 87' lang='lat' dir='ltr'><strong>memoratum,</strong></span> <span class='ocrx_word' id='word_1_288' title='bbox 407 2092 456 2119; x_wconf 88' lang='lat' dir='ltr'><strong>pro</strong></span> <span class='ocrx_word' id='word_1_289' title='bbox 482 2085 652 2114; x_wconf 83' lang='lat' dir='ltr'><strong>humanitate</strong></span> <span class='ocrx_word' id='word_1_290' title='bbox 681 2087 782 2116; x_wconf 83' lang='lat' dir='ltr'><strong>Christi</strong></span> <span class='ocrx_word' id='word_1_291' title='bbox 810 2089 899 2118; x_wconf 85' lang='lat' dir='ltr'><strong>habet.</strong></span> <span class='ocrx_word' id='word_1_292' title='bbox 930 2091 962 2118; x_wconf 85' lang='lat' dir='ltr'><strong>Et</strong></span> 
     </span>
    </p>
   </div>
   <div class='ocr_carea' id='block_1_42' title="bbox 174 2125 964 2164">
    <p class='ocr_par' dir='ltr' id='par_1_42' title="bbox 174 2125 964 2164">
     <span class='ocr_line' id='line_1_42' title="bbox 174 2125 964 2164; baseline 0.018 -14"><span class='ocrx_word' id='word_1_293' title='bbox 174 2125 255 2159; x_wconf 88' lang='lat' dir='ltr'><strong>paulo</strong></span> <span class='ocrx_word' id='word_1_294' title='bbox 269 2131 332 2161; x_wconf 90' lang='lat' dir='ltr'><strong>post</strong></span> <span class='ocrx_word' id='word_1_295' title='bbox 348 2128 417 2156; x_wconf 88' lang='lat' dir='ltr'><strong>idem</strong></span> <span class='ocrx_word' id='word_1_296' title='bbox 432 2129 557 2159; x_wconf 86' lang='lat' dir='ltr'><strong>Gelasius</strong></span> <span class='ocrx_word' id='word_1_297' title='bbox 586 2140 618 2159; x_wconf 82' lang='lat' dir='ltr'><strong>ex</strong></span> <span class='ocrx_word' id='word_1_298' title='bbox 642 2133 737 2161; x_wconf 84' lang='lat' dir='ltr'><strong>eodem</strong></span> <span class='ocrx_word' id='word_1_299' title='bbox 766 2137 964 2164; x_wconf 83' lang='lat' dir='ltr'><strong>commentario</strong></span> 
     </span>
    </p>
   </div>
   <div class='ocr_carea' id='block_1_43' title="bbox 175 2171 961 2216">
    <p class='ocr_par' dir='ltr' id='par_1_43' title="bbox 175 2171 961 2216">
     <span class='ocr_line' id='line_1_43' title="bbox 175 2171 961 2216; baseline 0.014 -18"><span class='ocrx_word' id='word_1_300' title='bbox 175 2171 232 2199; x_wconf 55' lang='lat' dir='ltr'><strong>hac</strong></span> <span class='ocrx_word' id='word_1_301' title='bbox 245 2172 322 2200; x_wconf 67' lang='lat' dir='ltr'><strong>aﬂ‘ert</strong></span> <span class='ocrx_word' id='word_1_302' title='bbox 336 2183 343 2201; x_wconf 91' lang='lat'><strong>:</strong></span> <span class='ocrx_word' id='word_1_303' title='bbox 359 2174 389 2202; x_wconf 93' lang='lat' dir='ltr'><strong>Si</strong></span> <span class='ocrx_word' id='word_1_304' title='bbox 400 2184 459 2204; x_wconf 80' lang='lat' dir='ltr'><strong>vero</strong></span> <span class='ocrx_word' id='word_1_305' title='bbox 474 2177 610 2212; x_wconf 87' lang='lat' dir='ltr'><strong>jurantem</strong></span> <span class='ocrx_word' id='word_1_306' title='bbox 630 2187 689 2206; x_wconf 87' lang='lat' dir='ltr'><strong>eum</strong></span> <span class='ocrx_word' id='word_1_307' title='bbox 703 2180 819 2207; x_wconf 81' lang='lat' dir='ltr'><strong>audieris</strong></span> <span class='ocrx_word' id='word_1_308' title='bbox 836 2189 881 2216; x_wconf 83' lang='lat' dir='ltr'><strong>per</strong></span> <span class='ocrx_word' id='word_1_309' title='bbox 899 2191 961 2209; x_wconf 79' lang='lat' dir='ltr'><strong>san-</strong></span> 
     </span>
    </p>
   </div>
   <div class='ocr_carea' id='block_1_44' title="bbox 173 2219 960 2260">
    <p class='ocr_par' dir='ltr' id='par_1_44' title="bbox 173 2219 960 2260">
     <span class='ocr_line' id='line_1_44' title="bbox 173 2219 960 2260; baseline 0.015 -16"><span class='ocrx_word' id='word_1_310' title='bbox 173 2223 243 2245; x_wconf 85' lang='lat' dir='ltr'><strong>ctum</strong></span> <span class='ocrx_word' id='word_1_311' title='bbox 257 2224 281 2246; x_wconf 84' lang='lat' dir='ltr'><strong>et</strong></span> <span class='ocrx_word' id='word_1_312' title='bbox 296 2219 402 2248; x_wconf 79' lang='lat' dir='ltr'><strong>Patrem</strong></span> <span class='ocrx_word' id='word_1_313' title='bbox 415 2231 502 2256; x_wconf 89' lang='lat' dir='ltr'><strong>suum,</strong></span> <span class='ocrx_word' id='word_1_314' title='bbox 517 2224 726 2260; x_wconf 84' lang='lat' dir='ltr'><strong>audijurantam</strong></span> <span class='ocrx_word' id='word_1_315' title='bbox 739 2235 784 2260; x_wconf 86' lang='lat' dir='ltr'><strong>per</strong></span> <span class='ocrx_word' id='word_1_316' title='bbox 798 2227 880 2255; x_wconf 86' lang='lat' dir='ltr'><strong>Deum</strong></span> <span class='ocrx_word' id='word_1_317' title='bbox 896 2229 960 2256; x_wconf 83' lang='lat' dir='ltr'><strong>Ver-</strong></span> 
     </span>
    </p>
   </div>
   <div class='ocr_carea' id='block_1_45' title="bbox 1039 305 1825 342">
    <p class='ocr_par' dir='ltr' id='par_1_45' title="bbox 1039 305 1825 342">
     <span class='ocr_line' id='line_1_45' title="bbox 1039 305 1825 342; baseline 0.005 -12"><span class='ocrx_word' id='word_1_318' title='bbox 1039 305 1111 331; x_wconf 87' lang='lat' dir='ltr'><strong>sulto</strong></span> <span class='ocrx_word' id='word_1_319' title='bbox 1125 305 1224 338; x_wconf 86' lang='lat' dir='ltr'><strong>mittit;</strong></span> <span class='ocrx_word' id='word_1_320' title='bbox 1243 311 1298 332; x_wconf 88' lang='lat' dir='ltr'><strong>tum</strong></span> <span class='ocrx_word' id='word_1_321' title='bbox 1314 307 1376 341; x_wconf 88' lang='lat' dir='ltr'><strong>quia</strong></span> <span class='ocrx_word' id='word_1_322' title='bbox 1390 327 1398 338; x_wconf 91' lang='lat'><strong>,</strong></span> <span class='ocrx_word' id='word_1_323' title='bbox 1428 308 1465 334; x_wconf 86' lang='lat' dir='ltr'><strong>uti</strong></span> <span class='ocrx_word' id='word_1_324' title='bbox 1483 315 1565 342; x_wconf 83' lang='lat' dir='ltr'><strong>supra</strong></span> <span class='ocrx_word' id='word_1_325' title='bbox 1581 308 1683 335; x_wconf 89' lang='lat' dir='ltr'><strong>dictutn</strong></span> <span class='ocrx_word' id='word_1_326' title='bbox 1707 312 1749 336; x_wconf 85' lang='lat' dir='ltr'><strong>est</strong></span> <span class='ocrx_word' id='word_1_327' title='bbox 1764 328 1772 340; x_wconf 89' lang='lat'><strong>,</strong></span> <span class='ocrx_word' id='word_1_328' title='bbox 1793 316 1825 335; x_wconf 78' lang='lat' dir='ltr'><strong>ex</strong></span> 
     </span>
    </p>
   </div>
   <div class='ocr_carea' id='block_1_46' title="bbox 1037 352 1827 389">
    <p class='ocr_par' dir='ltr' id='par_1_46' title="bbox 1037 352 1827 389">
     <span class='ocr_line' id='line_1_46' title="bbox 1037 352 1827 389; baseline 0.005 -12"><span class='ocrx_word' id='word_1_329' title='bbox 1037 354 1195 378; x_wconf 82' lang='lat' dir='ltr'><strong>catenarum</strong></span> <span class='ocrx_word' id='word_1_330' title='bbox 1212 360 1262 379; x_wconf 87' lang='lat' dir='ltr'><strong>usu</strong></span> <span class='ocrx_word' id='word_1_331' title='bbox 1281 352 1349 380; x_wconf 87' lang='lat' dir='ltr'><strong>bene</strong></span> <span class='ocrx_word' id='word_1_332' title='bbox 1365 354 1450 380; x_wconf 87' lang='lat' dir='ltr'><strong>multa</strong></span> <span class='ocrx_word' id='word_1_333' title='bbox 1478 354 1505 380; x_wconf 95' lang='lat' dir='ltr'><strong>in</strong></span> <span class='ocrx_word' id='word_1_334' title='bbox 1527 353 1696 389; x_wconf 88' lang='lat' dir='ltr'><strong>Scripturam</strong></span> <span class='ocrx_word' id='word_1_335' title='bbox 1719 361 1827 382; x_wconf 83' lang='lat' dir='ltr'><strong>sacram</strong></span> 
     </span>
    </p>
   </div>
   <div class='ocr_carea' id='block_1_47' title="bbox 1037 397 1826 435">
    <p class='ocr_par' dir='ltr' id='par_1_47' title="bbox 1037 397 1826 435">
     <span class='ocr_line' id='line_1_47' title="bbox 1037 397 1826 435; baseline 0.003 -11"><span class='ocrx_word' id='word_1_336' title='bbox 1037 397 1233 424; x_wconf 85' lang='lat' dir='ltr'><strong>commentaria</strong></span> <span class='ocrx_word' id='word_1_337' title='bbox 1249 406 1317 432; x_wconf 84' lang='lat' dir='ltr'><strong>pene</strong></span> <span class='ocrx_word' id='word_1_338' title='bbox 1332 399 1532 427; x_wconf 81' lang='lat' dir='ltr'><strong>ohsoleverant.</strong></span> <span class='ocrx_word' id='word_1_339' title='bbox 1551 399 1669 435; x_wconf 82' lang='lat' dir='ltr'><strong>Indeque</strong></span> <span class='ocrx_word' id='word_1_340' title='bbox 1680 400 1750 427; x_wconf 88' lang='lat' dir='ltr'><strong>forte</strong></span> <span class='ocrx_word' id='word_1_341' title='bbox 1764 399 1826 427; x_wconf 81' lang='lat' dir='ltr'><strong>fue-</strong></span> 
     </span>
    </p>
   </div>
   <div class='ocr_carea' id='block_1_48' title="bbox 1037 443 1825 480">
    <p class='ocr_par' dir='ltr' id='par_1_48' title="bbox 1037 443 1825 480">
     <span class='ocr_line' id='line_1_48' title="bbox 1037 443 1825 480; baseline 0.005 -11"><span class='ocrx_word' id='word_1_342' title='bbox 1037 443 1072 469; x_wconf 88' lang='lat' dir='ltr'><strong>rit</strong></span> <span class='ocrx_word' id='word_1_343' title='bbox 1086 443 1157 477; x_wconf 91' lang='lat' dir='ltr'><strong>quod</strong></span> <span class='ocrx_word' id='word_1_344' title='bbox 1174 447 1227 469; x_wconf 86' lang='lat' dir='ltr'><strong>tam</strong></span> <span class='ocrx_word' id='word_1_345' title='bbox 1251 443 1410 479; x_wconf 82' lang='lat' dir='ltr'><strong>infrequens</strong></span> <span class='ocrx_word' id='word_1_346' title='bbox 1441 445 1513 480; x_wconf 89' lang='lat' dir='ltr'><strong>apud</strong></span> <span class='ocrx_word' id='word_1_347' title='bbox 1540 446 1689 480; x_wconf 83' lang='lat' dir='ltr'><strong>scriptores</strong></span> <span class='ocrx_word' id='word_1_348' title='bbox 1715 445 1825 473; x_wconf 75' lang='lat' dir='ltr'><strong>Graecos</strong></span> 
     </span>
    </p>
   </div>
   <div class='ocr_carea' id='block_1_49' title="bbox 1037 487 1402 516">
    <p class='ocr_par' dir='ltr' id='par_1_49' title="bbox 1037 487 1402 516">
     <span class='ocr_line' id='line_1_49' title="bbox 1037 487 1402 516; baseline 0.008 -3"><span class='ocrx_word' id='word_1_349' title='bbox 1037 487 1134 514; x_wconf 89' lang='lat' dir='ltr'><strong>horum</strong></span> <span class='ocrx_word' id='word_1_350' title='bbox 1151 488 1252 515; x_wconf 88' lang='lat' dir='ltr'><strong>mentio</strong></span> <span class='ocrx_word' id='word_1_351' title='bbox 1266 494 1402 516; x_wconf 82' lang='lat' dir='ltr'><strong>occurrat.</strong></span> 
     </span>
    </p>
   </div>
   <div class='ocr_carea' id='block_1_50' title="bbox 1336 545 1523 572">
    <p class='ocr_par' dir='ltr' id='par_1_50' title="bbox 1336 545 1523 572">
     <span class='ocr_line' id='line_1_50' title="bbox 1336 545 1523 572; baseline 0.005 -1"><span class='ocrx_word' id='word_1_352' title='bbox 1336 545 1451 572; x_wconf 69' lang='lat' dir='ltr'><strong>CAPUT</strong></span> <span class='ocrx_word' id='word_1_353' title='bbox 1480 545 1523 572; x_wconf 88' lang='lat' dir='ltr'><strong>lli.</strong></span> 
     </span>
    </p>
   </div>
   <div class='ocr_carea' id='block_1_51' title="bbox 1034 596 1820 621">
    <p class='ocr_par' dir='ltr' id='par_1_51' title="bbox 1034 596 1820 621">
     <span class='ocr_line' id='line_1_51' title="bbox 1034 596 1820 621; baseline 0.006 -6"><span class='ocrx_word' id='word_1_354' title='bbox 1034 596 1112 616; x_wconf 67' lang='grc' dir='ltr'><strong>Νοΐάέ</strong></span> <span class='ocrx_word' id='word_1_355' title='bbox 1131 598 1270 618; x_wconf 69' lang='lat' dir='ltr'><strong>EUSEBIANI</strong></span> <span class='ocrx_word' id='word_1_356' title='bbox 1292 599 1368 618; x_wconf 68' lang='lat' dir='ltr'><strong>STYLI</strong></span> <span class='ocrx_word' id='word_1_357' title='bbox 1388 600 1422 618; x_wconf 82' lang='grc' dir='ltr'><strong>Ετ</strong></span> <span class='ocrx_word' id='word_1_358' title='bbox 1439 600 1489 618; x_wconf 60' lang='grc' dir='ltr'><strong>ενι</strong></span> <span class='ocrx_word' id='word_1_359' title='bbox 1506 601 1531 619; x_wconf 78' lang='lat' dir='ltr'><strong>IN</strong></span> <span class='ocrx_word' id='word_1_360' title='bbox 1551 600 1594 620; x_wconf 87' lang='lat' dir='ltr'><strong>HIS</strong></span> <span class='ocrx_word' id='word_1_361' title='bbox 1613 601 1820 621; x_wconf 63' lang='grc' dir='ltr'><strong>(ΣΟΙΙΕΝΤΔΒΙΒ.</strong></span> 
     </span>
    </p>
   </div>
   <div class='ocr_carea' id='block_1_52' title="bbox 1036 646 1822 684">
    <p class='ocr_par' dir='ltr' id='par_1_52' title="bbox 1036 646 1822 684">
     <span class='ocr_line' id='line_1_52' title="bbox 1036 646 1822 684; baseline 0.005 -11"><span class='ocrx_word' id='word_1_362' title='bbox 1036 646 1060 674; x_wconf 87' lang='grc'><strong>1.</strong></span> <span class='ocrx_word' id='word_1_363' title='bbox 1083 647 1119 674; x_wconf 84' lang='lat' dir='ltr'><strong>Ili</strong></span> <span class='ocrx_word' id='word_1_364' title='bbox 1137 650 1319 676; x_wconf 82' lang='lat' dir='ltr'><strong>commentarii</strong></span> <span class='ocrx_word' id='word_1_365' title='bbox 1339 655 1426 684; x_wconf 82' lang='lat' dir='ltr'><strong>aperte</strong></span> <span class='ocrx_word' id='word_1_366' title='bbox 1451 649 1560 677; x_wconf 80' lang='lat' dir='ltr'><strong>Eusebii</strong></span> <span class='ocrx_word' id='word_1_367' title='bbox 1585 656 1655 677; x_wconf 83' lang='lat' dir='ltr'><strong>sunt.</strong></span> <span class='ocrx_word' id='word_1_368' title='bbox 1675 650 1718 677; x_wconf 88' lang='grc'><strong>11.</strong></span> <span class='ocrx_word' id='word_1_369' title='bbox 1739 661 1748 677; x_wconf 78' lang='grc' dir='ltr'><strong>ι</strong></span> <span class='ocrx_word' id='word_1_370' title='bbox 1772 651 1822 678; x_wconf 83' lang='lat' dir='ltr'><strong>De-</strong></span> 
     </span>
    </p>
   </div>
   <div class='ocr_carea' id='block_1_53' title="bbox 1070 685 1823 720">
    <p class='ocr_par' dir='ltr' id='par_1_53' title="bbox 1070 685 1823 720">
     <span class='ocr_line' id='line_1_53' title="bbox 1070 685 1823 720; baseline 0.007 -12"><span class='ocrx_word' id='word_1_371' title='bbox 1070 685 1254 720; x_wconf 54' lang='lat' dir='ltr'><strong>monsnzztiuni</strong></span> <span class='ocrx_word' id='word_1_372' title='bbox 1274 685 1431 720; x_wconf 66' lang='lat' dir='ltr'><strong>euangelica:</strong></span> <span class='ocrx_word' id='word_1_373' title='bbox 1449 695 1458 711; x_wconf 83' lang='grc'>›</span> <span class='ocrx_word' id='word_1_374' title='bbox 1481 686 1550 720; x_wconf 82' lang='lat' dir='ltr'><strong>stylo</strong></span> <span class='ocrx_word' id='word_1_375' title='bbox 1571 686 1680 713; x_wconf 76' lang='lat' dir='ltr'><strong>similes.</strong></span> <span class='ocrx_word' id='word_1_376' title='bbox 1701 686 1760 714; x_wconf 88' lang='lat' dir='ltr'><strong>Ill.</strong></span> <span class='ocrx_word' id='word_1_377' title='bbox 1783 687 1823 714; x_wconf 74' lang='lat' dir='ltr'><strong>De</strong></span> 
     </span>
    </p>
   </div>
   <div class='ocr_carea' id='block_1_54' title="bbox 1068 718 1822 756">
    <p class='ocr_par' dir='ltr' id='par_1_54' title="bbox 1068 718 1822 756">
     <span class='ocr_line' id='line_1_54' title="bbox 1068 718 1822 756; baseline 0.007 -12"><span class='ocrx_word' id='word_1_378' title='bbox 1068 718 1136 756; x_wconf 72' lang='lat' dir='ltr'><strong>stylo</strong></span> <span class='ocrx_word' id='word_1_379' title='bbox 1157 718 1272 746; x_wconf 77' lang='lat' dir='ltr'><strong>Eusebii.</strong></span> <span class='ocrx_word' id='word_1_380' title='bbox 1289 718 1349 747; x_wconf 65' lang='grc' dir='ltr'><strong>ινξ</strong></span> <span class='ocrx_word' id='word_1_381' title='bbox 1363 718 1702 756; x_wconf 47' lang='lat' dir='ltr'><strong>Maximini—carnificinam</strong></span> <span class='ocrx_word' id='word_1_382' title='bbox 1716 727 1745 749; x_wconf 91' lang='lat' dir='ltr'><strong>ut</strong></span> <span class='ocrx_word' id='word_1_383' title='bbox 1758 730 1822 749; x_wconf 84' lang='lat' dir='ltr'><strong>acu-</strong></span> 
     </span>
    </p>
   </div>
   <div class='ocr_carea' id='block_1_55' title="bbox 1068 753 1821 791">
    <p class='ocr_par' dir='ltr' id='par_1_55' title="bbox 1068 753 1821 791">
     <span class='ocr_line' id='line_1_55' title="bbox 1068 753 1821 791; baseline 0.008 -13"><span class='ocrx_word' id='word_1_384' title='bbox 1068 753 1137 780; x_wconf 85' lang='lat' dir='ltr'><strong>latus</strong></span> <span class='ocrx_word' id='word_1_385' title='bbox 1157 757 1230 791; x_wconf 77' lang='lat' dir='ltr'><strong>testis</strong></span> <span class='ocrx_word' id='word_1_386' title='bbox 1249 761 1376 782; x_wconf 79' lang='lat' dir='ltr'><strong>memorat</strong></span> <span class='ocrx_word' id='word_1_387' title='bbox 1402 756 1538 783; x_wconf 77' lang='lat' dir='ltr'><strong>Eusebius.</strong></span> <span class='ocrx_word' id='word_1_388' title='bbox 1566 753 1601 784; x_wconf 66' lang='grc' dir='ltr'><strong>νζ</strong></span> <span class='ocrx_word' id='word_1_389' title='bbox 1614 756 1730 791; x_wconf 82' lang='lat' dir='ltr'><strong>Itemque</strong></span> <span class='ocrx_word' id='word_1_390' title='bbox 1752 757 1821 784; x_wconf 83' lang='lat' dir='ltr'><strong>aliu-</strong></span> 
     </span>
    </p>
   </div>
   <div class='ocr_carea' id='block_1_56' title="bbox 1067 789 1818 825">
    <p class='ocr_par' dir='ltr' id='par_1_56' title="bbox 1067 789 1818 825">
     <span class='ocr_line' id='line_1_56' title="bbox 1067 789 1818 825; baseline 0.008 -11"><span class='ocrx_word' id='word_1_391' title='bbox 1067 797 1126 815; x_wconf 86' lang='lat' dir='ltr'><strong>rum</strong></span> <span class='ocrx_word' id='word_1_392' title='bbox 1151 789 1297 816; x_wconf 83' lang='lat' dir='ltr'><strong>Christiani</strong></span> <span class='ocrx_word' id='word_1_393' title='bbox 1323 790 1436 818; x_wconf 87' lang='lat' dir='ltr'><strong>nominis</strong></span> <span class='ocrx_word' id='word_1_394' title='bbox 1461 791 1588 819; x_wconf 86' lang='lat' dir='ltr'><strong>hostium.</strong></span> <span class='ocrx_word' id='word_1_395' title='bbox 1615 791 1661 819; x_wconf 80' lang='lat' dir='ltr'><strong>VI.</strong></span> <span class='ocrx_word' id='word_1_396' title='bbox 1676 789 1733 825; x_wconf 83' lang='lat' dir='ltr'><strong>Qua</strong></span> <span class='ocrx_word' id='word_1_397' title='bbox 1755 798 1818 820; x_wconf 72' lang='lat' dir='ltr'><strong>tern-</strong></span> 
     </span>
    </p>
   </div>
   <div class='ocr_carea' id='block_1_57' title="bbox 1066 825 1538 857">
    <p class='ocr_par' dir='ltr' id='par_1_57' title="bbox 1066 825 1538 857">
     <span class='ocr_line' id='line_1_57' title="bbox 1066 825 1538 857; baseline 0.008 -7"><span class='ocrx_word' id='word_1_398' title='bbox 1066 832 1128 857; x_wconf 82' lang='lat' dir='ltr'><strong>pore</strong></span> <span class='ocrx_word' id='word_1_399' title='bbox 1141 825 1187 852; x_wconf 88' lang='lat' dir='ltr'><strong>hos</strong></span> <span class='ocrx_word' id='word_1_400' title='bbox 1201 826 1402 852; x_wconf 80' lang='lat' dir='ltr'><strong>commentarios</strong></span> <span class='ocrx_word' id='word_1_401' title='bbox 1418 827 1538 854; x_wconf 77' lang='lat' dir='ltr'><strong>ediderit.</strong></span> 
     </span>
    </p>
   </div>
   <div class='ocr_carea' id='block_1_58' title="bbox 1157 880 1694 913">
    <p class='ocr_par' dir='ltr' id='par_1_58' title="bbox 1157 880 1694 913">
     <span class='ocr_line' id='line_1_58' title="bbox 1157 880 1694 913; baseline 0.006 -9"><span class='ocrx_word' id='word_1_402' title='bbox 1157 880 1176 904; x_wconf 83' lang='grc' dir='ltr'><strong>Ι.</strong></span> <span class='ocrx_word' id='word_1_403' title='bbox 1190 881 1221 905; x_wconf 87' lang='lat' dir='ltr'><strong>Hi</strong></span> <span class='ocrx_word' id='word_1_404' title='bbox 1232 881 1404 906; x_wconf 78' lang='lat' dir='ltr'><strong>Commentarii</strong></span> <span class='ocrx_word' id='word_1_405' title='bbox 1415 885 1501 913; x_wconf 83' lang='lat' dir='ltr'><strong>aperte</strong></span> <span class='ocrx_word' id='word_1_406' title='bbox 1517 882 1616 907; x_wconf 87' lang='lat' dir='ltr'><strong>Eusebil</strong></span> <span class='ocrx_word' id='word_1_407' title='bbox 1628 885 1694 907; x_wconf 87' lang='lat' dir='ltr'><strong>sunt.</strong></span> 
     </span>
    </p>
   </div>
   <div class='ocr_carea' id='block_1_59' title="bbox 1067 931 1818 970">
    <p class='ocr_par' dir='ltr' id='par_1_59' title="bbox 1067 931 1818 970">
     <span class='ocr_line' id='line_1_59' title="bbox 1067 931 1818 970; baseline 0.004 -12"><span class='ocrx_word' id='word_1_408' title='bbox 1067 931 1087 958; x_wconf 77' lang='grc' dir='ltr'>Α</span> <span class='ocrx_word' id='word_1_409' title='bbox 1105 931 1159 959; x_wconf 90' lang='lat' dir='ltr'><strong>Deo</strong></span> <span class='ocrx_word' id='word_1_410' title='bbox 1172 934 1315 960; x_wconf 70' lang='lat' dir='ltr'><strong>manifesta</strong></span> <span class='ocrx_word' id='word_1_411' title='bbox 1330 937 1356 961; x_wconf 88' lang='lat' dir='ltr'><strong>et</strong></span> <span class='ocrx_word' id='word_1_412' title='bbox 1377 941 1424 968; x_wconf 87' lang='lat' dir='ltr'><strong>per</strong></span> <span class='ocrx_word' id='word_1_413' title='bbox 1441 941 1470 961; x_wconf 86' lang='lat' dir='ltr'><strong>se</strong></span> <span class='ocrx_word' id='word_1_414' title='bbox 1486 934 1559 961; x_wconf 90' lang='lat' dir='ltr'><strong>clara</strong></span> <span class='ocrx_word' id='word_1_415' title='bbox 1575 942 1618 962; x_wconf 89' lang='lat' dir='ltr'><strong>res</strong></span> <span class='ocrx_word' id='word_1_416' title='bbox 1635 939 1685 965; x_wconf 84' lang='lat' dir='ltr'><strong>est.</strong></span> <span class='ocrx_word' id='word_1_417' title='bbox 1698 934 1749 962; x_wconf 85' lang='lat' dir='ltr'><strong>hos</strong></span> <span class='ocrx_word' id='word_1_418' title='bbox 1777 935 1818 970; x_wconf 74' lang='lat' dir='ltr'><strong>ip-</strong></span> 
     </span>
    </p>
   </div>
   <div class='ocr_carea' id='block_1_60' title="bbox 1029 979 1816 1012">
    <p class='ocr_par' dir='ltr' id='par_1_60' title="bbox 1029 979 1816 1012">
     <span class='ocr_line' id='line_1_60' title="bbox 1029 979 1816 1012; baseline 0.004 -6"><span class='ocrx_word' id='word_1_419' title='bbox 1029 979 1152 1007; x_wconf 88' lang='lat' dir='ltr'><strong>sissimos</strong></span> <span class='ocrx_word' id='word_1_420' title='bbox 1168 987 1228 1007; x_wconf 87' lang='lat' dir='ltr'><strong>esse</strong></span> <span class='ocrx_word' id='word_1_421' title='bbox 1243 979 1535 1008; x_wconf 67' lang='lat' dir='ltr'><strong>EusebiiCmsai-iensis</strong></span> <span class='ocrx_word' id='word_1_422' title='bbox 1546 982 1766 1012; x_wconf 82' lang='lat' dir='ltr'><strong>commentarios,</strong></span> <span class='ocrx_word' id='word_1_423' title='bbox 1787 986 1816 1009; x_wconf 91' lang='lat' dir='ltr'><strong>ut</strong></span> 
     </span>
    </p>
   </div>
   <div class='ocr_carea' id='block_1_61' title="bbox 1029 1025 1816 1060">
    <p class='ocr_par' dir='ltr' id='par_1_61' title="bbox 1029 1025 1816 1060">
     <span class='ocr_line' id='line_1_61' title="bbox 1029 1025 1816 1060; baseline 0.005 -10"><span class='ocrx_word' id='word_1_424' title='bbox 1029 1032 1061 1051; x_wconf 90' lang='lat' dir='ltr'><strong>ne</strong></span> <span class='ocrx_word' id='word_1_425' title='bbox 1080 1025 1121 1052; x_wconf 89' lang='lat' dir='ltr'><strong>vel</strong></span> <span class='ocrx_word' id='word_1_426' title='bbox 1142 1026 1283 1052; x_wconf 89' lang='lat' dir='ltr'><strong>minimum</strong></span> <span class='ocrx_word' id='word_1_427' title='bbox 1299 1025 1374 1053; x_wconf 89' lang='lat' dir='ltr'><strong>dubii</strong></span> <span class='ocrx_word' id='word_1_428' title='bbox 1389 1026 1505 1053; x_wconf 88' lang='lat' dir='ltr'><strong>eruditis</strong></span> <span class='ocrx_word' id='word_1_429' title='bbox 1515 1030 1541 1053; x_wconf 89' lang='lat' dir='ltr'><strong>et</strong></span> <span class='ocrx_word' id='word_1_430' title='bbox 1558 1026 1702 1060; x_wconf 83' lang='lat' dir='ltr'><strong>sagacibus</strong></span> <span class='ocrx_word' id='word_1_431' title='bbox 1719 1027 1816 1054; x_wconf 86' lang='lat' dir='ltr'><strong>adver-</strong></span> 
     </span>
    </p>
   </div>
   <div class='ocr_carea' id='block_1_62' title="bbox 1028 1070 1816 1107">
    <p class='ocr_par' dir='ltr' id='par_1_62' title="bbox 1028 1070 1816 1107">
     <span class='ocr_line' id='line_1_62' title="bbox 1028 1070 1816 1107; baseline 0.004 -10"><span class='ocrx_word' id='word_1_432' title='bbox 1028 1079 1087 1097; x_wconf 84' lang='lat' dir='ltr'><strong>sum</strong></span> <span class='ocrx_word' id='word_1_433' title='bbox 1116 1071 1235 1098; x_wconf 87' lang='lat' dir='ltr'><strong>suboriri</strong></span> <span class='ocrx_word' id='word_1_434' title='bbox 1263 1072 1358 1107; x_wconf 88' lang='lat' dir='ltr'><strong>possit.</strong></span> <span class='ocrx_word' id='word_1_435' title='bbox 1393 1070 1492 1099; x_wconf 86' lang='lat' dir='ltr'><strong>Verum</strong></span> <span class='ocrx_word' id='word_1_436' title='bbox 1519 1072 1583 1107; x_wconf 86' lang='lat' dir='ltr'><strong>quia</strong></span> <span class='ocrx_word' id='word_1_437' title='bbox 1608 1072 1660 1100; x_wconf 91' lang='lat' dir='ltr'><strong>hoc</strong></span> <span class='ocrx_word' id='word_1_438' title='bbox 1685 1080 1742 1100; x_wconf 71' lang='lat' dir='ltr'><strong>aevo</strong></span> <span class='ocrx_word' id='word_1_439' title='bbox 1760 1081 1816 1101; x_wconf 87' lang='lat' dir='ltr'><strong>non</strong></span> 
     </span>
    </p>
   </div>
   <div class='ocr_carea' id='block_1_63' title="bbox 1028 1118 1814 1153">
    <p class='ocr_par' dir='ltr' id='par_1_63' title="bbox 1028 1118 1814 1153">
     <span class='ocr_line' id='line_1_63' title="bbox 1028 1118 1814 1153; baseline 0.005 -9"><span class='ocrx_word' id='word_1_440' title='bbox 1028 1118 1117 1153; x_wconf 86' lang='lat' dir='ltr'><strong>pauci,</strong></span> <span class='ocrx_word' id='word_1_441' title='bbox 1134 1123 1163 1144; x_wconf 89' lang='lat' dir='ltr'><strong>ut</strong></span> <span class='ocrx_word' id='word_1_442' title='bbox 1178 1118 1337 1146; x_wconf 89' lang='lat' dir='ltr'><strong>criticorum</strong></span> <span class='ocrx_word' id='word_1_443' title='bbox 1363 1127 1460 1146; x_wconf 83' lang='lat' dir='ltr'><strong>nomen</strong></span> <span class='ocrx_word' id='word_1_444' title='bbox 1485 1119 1536 1146; x_wconf 89' lang='lat' dir='ltr'><strong>sibi</strong></span> <span class='ocrx_word' id='word_1_445' title='bbox 1553 1119 1672 1153; x_wconf 79' lang='lat' dir='ltr'><strong>pariant,</strong></span> <span class='ocrx_word' id='word_1_446' title='bbox 1688 1119 1722 1147; x_wconf 86' lang='lat' dir='ltr'><strong>de</strong></span> <span class='ocrx_word' id='word_1_447' title='bbox 1737 1119 1814 1148; x_wconf 82' lang='lat' dir='ltr'><strong>libris</strong></span> 
     </span>
    </p>
   </div>
   <div class='ocr_carea' id='block_1_64' title="bbox 1027 1163 1811 1200">
    <p class='ocr_par' dir='ltr' id='par_1_64' title="bbox 1027 1163 1811 1200">
     <span class='ocr_line' id='line_1_64' title="bbox 1027 1163 1811 1200; baseline 0.003 -10"><span class='ocrx_word' id='word_1_448' title='bbox 1027 1171 1095 1198; x_wconf 89' lang='lat' dir='ltr'><strong>quos</strong></span> <span class='ocrx_word' id='word_1_449' title='bbox 1115 1172 1150 1190; x_wconf 88' lang='lat' dir='ltr'><strong>ne</strong></span> <span class='ocrx_word' id='word_1_450' title='bbox 1174 1164 1214 1191; x_wconf 85' lang='lat' dir='ltr'><strong>vel</strong></span> <span class='ocrx_word' id='word_1_451' title='bbox 1232 1164 1397 1198; x_wconf 86' lang='lat' dir='ltr'><strong>primoribus</strong></span> <span class='ocrx_word' id='word_1_452' title='bbox 1412 1163 1519 1198; x_wconf 89' lang='lat' dir='ltr'><strong>quidem</strong></span> <span class='ocrx_word' id='word_1_453' title='bbox 1537 1164 1621 1192; x_wconf 83' lang='lat' dir='ltr'><strong>labris</strong></span> <span class='ocrx_word' id='word_1_454' title='bbox 1646 1166 1811 1200; x_wconf 82' lang='lat' dir='ltr'><strong>attigerunt,</strong></span> 
     </span>
    </p>
   </div>
   <div class='ocr_carea' id='block_1_65' title="bbox 1027 1209 1813 1248">
    <p class='ocr_par' dir='ltr' id='par_1_65' title="bbox 1027 1209 1813 1248">
     <span class='ocr_line' id='line_1_65' title="bbox 1027 1209 1813 1248; baseline 0.005 -12"><span class='ocrx_word' id='word_1_455' title='bbox 1027 1209 1189 1237; x_wconf 87' lang='lat' dir='ltr'><strong>sententiam</strong></span> <span class='ocrx_word' id='word_1_456' title='bbox 1205 1209 1275 1237; x_wconf 84' lang='lat' dir='ltr'><strong>ferre</strong></span> <span class='ocrx_word' id='word_1_457' title='bbox 1295 1209 1363 1236; x_wconf 90' lang='lat' dir='ltr'><strong>nihil</strong></span> <span class='ocrx_word' id='word_1_458' title='bbox 1379 1214 1526 1237; x_wconf 86' lang='lat' dir='ltr'><strong>verentur:</strong></span> <span class='ocrx_word' id='word_1_459' title='bbox 1549 1213 1574 1238; x_wconf 83' lang='lat' dir='ltr'><strong>et</strong></span> <span class='ocrx_word' id='word_1_460' title='bbox 1590 1211 1678 1245; x_wconf 88' lang='lat' dir='ltr'><strong>primo</strong></span> <span class='ocrx_word' id='word_1_461' title='bbox 1697 1220 1813 1248; x_wconf 83' lang='lat' dir='ltr'><strong>conspe-</strong></span> 
     </span>
    </p>
   </div>
   <div class='ocr_carea' id='block_1_66' title="bbox 1025 1255 1811 1294">
    <p class='ocr_par' dir='ltr' id='par_1_66' title="bbox 1025 1255 1811 1294">
     <span class='ocr_line' id='line_1_66' title="bbox 1025 1255 1811 1294; baseline 0.006 -13"><span class='ocrx_word' id='word_1_462' title='bbox 1025 1259 1070 1282; x_wconf 93' lang='lat' dir='ltr'><strong>ctu</strong></span> <span class='ocrx_word' id='word_1_463' title='bbox 1090 1255 1126 1282; x_wconf 90' lang='lat' dir='ltr'><strong>ita</strong></span> <span class='ocrx_word' id='word_1_464' title='bbox 1143 1256 1319 1290; x_wconf 85' lang='lat' dir='ltr'><strong>pronuntiant</strong></span> <span class='ocrx_word' id='word_1_465' title='bbox 1337 1264 1342 1281; x_wconf 96' lang='lat'>:</span> <span class='ocrx_word' id='word_1_466' title='bbox 1366 1256 1423 1282; x_wconf 82' lang='lat' dir='ltr'><strong>Non</strong></span> <span class='ocrx_word' id='word_1_467' title='bbox 1439 1255 1509 1290; x_wconf 86' lang='lat' dir='ltr'><strong>sapit</strong></span> <span class='ocrx_word' id='word_1_468' title='bbox 1535 1257 1634 1292; x_wconf 79' lang='lat' dir='ltr'><strong>stylum</strong></span> <span class='ocrx_word' id='word_1_469' title='bbox 1651 1258 1811 1294; x_wconf 83' lang='lat' dir='ltr'><strong>scriptoris,</strong></span> 
     </span>
    </p>
   </div>
   <div class='ocr_carea' id='block_1_67' title="bbox 1025 1301 1810 1340">
    <p class='ocr_par' dir='ltr' id='par_1_67' title="bbox 1025 1301 1810 1340">
     <span class='ocr_line' id='line_1_67' title="bbox 1025 1301 1810 1340; baseline 0.006 -13"><span class='ocrx_word' id='word_1_470' title='bbox 1025 1301 1166 1335; x_wconf 82' lang='lat' dir='ltr'><strong>indignum</strong></span> <span class='ocrx_word' id='word_1_471' title='bbox 1182 1305 1295 1329; x_wconf 86' lang='lat' dir='ltr'><strong>auctore</strong></span> <span class='ocrx_word' id='word_1_472' title='bbox 1311 1306 1404 1336; x_wconf 82' lang='lat' dir='ltr'><strong>tanto;</strong></span> <span class='ocrx_word' id='word_1_473' title='bbox 1428 1310 1460 1330; x_wconf 90' lang='lat' dir='ltr'><strong>ac</strong></span> <span class='ocrx_word' id='word_1_474' title='bbox 1473 1304 1634 1337; x_wconf 88' lang='lat' dir='ltr'><strong>plerumque</strong></span> <span class='ocrx_word' id='word_1_475' title='bbox 1654 1304 1681 1331; x_wconf 92' lang='lat' dir='ltr'><strong>in</strong></span> <span class='ocrx_word' id='word_1_476' title='bbox 1706 1309 1810 1340; x_wconf 87' lang='lat' dir='ltr'><strong>partem</strong></span> 
     </span>
    </p>
   </div>
   <div class='ocr_carea' id='block_1_68' title="bbox 1025 1347 1811 1383">
    <p class='ocr_par' dir='ltr' id='par_1_68' title="bbox 1025 1347 1811 1383">
     <span class='ocr_line' id='line_1_68' title="bbox 1025 1347 1811 1383; baseline 0.006 -10"><span class='ocrx_word' id='word_1_477' title='bbox 1025 1347 1141 1382; x_wconf 81' lang='lat' dir='ltr'><strong>negandi</strong></span> <span class='ocrx_word' id='word_1_478' title='bbox 1156 1348 1333 1383; x_wconf 86' lang='lat' dir='ltr'><strong>procliviores</strong></span> <span class='ocrx_word' id='word_1_479' title='bbox 1354 1354 1427 1380; x_wconf 86' lang='lat' dir='ltr'><strong>sunt.</strong></span> <span class='ocrx_word' id='word_1_480' title='bbox 1445 1349 1509 1377; x_wconf 87' lang='lat' dir='ltr'><strong>hinc</strong></span> <span class='ocrx_word' id='word_1_481' title='bbox 1527 1350 1579 1378; x_wconf 88' lang='lat' dir='ltr'><strong>sibi</strong></span> <span class='ocrx_word' id='word_1_482' title='bbox 1593 1355 1754 1378; x_wconf 88' lang='lat' dir='ltr'><strong>nasulorum</strong></span> <span class='ocrx_word' id='word_1_483' title='bbox 1772 1351 1811 1378; x_wconf 86' lang='lat' dir='ltr'><strong>fa-</strong></span> 
     </span>
    </p>
   </div>
   <div class='ocr_carea' id='block_1_69' title="bbox 1024 1393 1810 1431">
    <p class='ocr_par' dir='ltr' id='par_1_69' title="bbox 1024 1393 1810 1431">
     <span class='ocr_line' id='line_1_69' title="bbox 1024 1393 1810 1431; baseline 0.006 -12"><span class='ocrx_word' id='word_1_484' title='bbox 1024 1400 1096 1420; x_wconf 88' lang='lat' dir='ltr'><strong>mam</strong></span> <span class='ocrx_word' id='word_1_485' title='bbox 1108 1393 1302 1421; x_wconf 83' lang='lat' dir='ltr'><strong>conciliaturos</strong></span> <span class='ocrx_word' id='word_1_486' title='bbox 1314 1402 1376 1423; x_wconf 88' lang='lat' dir='ltr'><strong>esse</strong></span> <span class='ocrx_word' id='word_1_487' title='bbox 1394 1395 1465 1427; x_wconf 87' lang='lat' dir='ltr'><strong>rati,</strong></span> <span class='ocrx_word' id='word_1_488' title='bbox 1490 1396 1592 1431; x_wconf 90' lang='lat' dir='ltr'><strong>quibus</strong></span> <span class='ocrx_word' id='word_1_489' title='bbox 1605 1404 1659 1423; x_wconf 94' lang='lat' dir='ltr'><strong>non</strong></span> <span class='ocrx_word' id='word_1_490' title='bbox 1680 1396 1759 1424; x_wconf 82' lang='lat' dir='ltr'><strong>facile</strong></span> <span class='ocrx_word' id='word_1_491' title='bbox 1775 1398 1810 1425; x_wconf 82' lang='lat' dir='ltr'><strong>sit</strong></span> 
     </span>
    </p>
   </div>
   <div class='ocr_carea' id='block_1_70' title="bbox 1023 1439 1809 1477">
    <p class='ocr_par' dir='ltr' id='par_1_70' title="bbox 1023 1439 1809 1477">
     <span class='ocr_line' id='line_1_70' title="bbox 1023 1439 1809 1477; baseline 0.008 -13"><span class='ocrx_word' id='word_1_492' title='bbox 1023 1439 1105 1465; x_wconf 88' lang='lat' dir='ltr'><strong>verba</strong></span> <span class='ocrx_word' id='word_1_493' title='bbox 1125 1439 1208 1472; x_wconf 86' lang='lat' dir='ltr'><strong>dare;</strong></span> <span class='ocrx_word' id='word_1_494' title='bbox 1223 1439 1285 1467; x_wconf 87' lang='lat' dir='ltr'><strong>ideo</strong></span> <span class='ocrx_word' id='word_1_495' title='bbox 1301 1440 1380 1468; x_wconf 90' lang='lat' dir='ltr'><strong>nobis</strong></span> <span class='ocrx_word' id='word_1_496' title='bbox 1394 1440 1497 1476; x_wconf 86' lang='lat' dir='ltr'><strong>aliquid</strong></span> <span class='ocrx_word' id='word_1_497' title='bbox 1512 1441 1545 1468; x_wconf 86' lang='lat' dir='ltr'><strong>de</strong></span> <span class='ocrx_word' id='word_1_498' title='bbox 1559 1440 1714 1469; x_wconf 87' lang='lat' dir='ltr'><strong>Eusebiano</strong></span> <span class='ocrx_word' id='word_1_499' title='bbox 1740 1443 1809 1477; x_wconf 88' lang='lat' dir='ltr'><strong>stylo</strong></span> 
     </span>
    </p>
   </div>
   <div class='ocr_carea' id='block_1_71' title="bbox 1023 1484 1808 1522">
    <p class='ocr_par' dir='ltr' id='par_1_71' title="bbox 1023 1484 1808 1522">
     <span class='ocr_line' id='line_1_71' title="bbox 1023 1484 1808 1522; baseline 0.005 -11"><span class='ocrx_word' id='word_1_500' title='bbox 1023 1484 1065 1512; x_wconf 89' lang='lat' dir='ltr'><strong>his</strong></span> <span class='ocrx_word' id='word_1_501' title='bbox 1081 1485 1108 1511; x_wconf 89' lang='lat' dir='ltr'><strong>in</strong></span> <span class='ocrx_word' id='word_1_502' title='bbox 1123 1485 1329 1513; x_wconf 86' lang='lat' dir='ltr'><strong>commentariis</strong></span> <span class='ocrx_word' id='word_1_503' title='bbox 1350 1487 1510 1522; x_wconf 85' lang='lat' dir='ltr'><strong>conspicuo,</strong></span> <span class='ocrx_word' id='word_1_504' title='bbox 1528 1487 1615 1522; x_wconf 88' lang='lat' dir='ltr'><strong>deque</strong></span> <span class='ocrx_word' id='word_1_505' title='bbox 1642 1488 1808 1516; x_wconf 82' lang='lat' dir='ltr'><strong>manifestis-</strong></span> 
     </span>
    </p>
   </div>
   <div class='ocr_carea' id='block_1_72' title="bbox 1022 1530 1808 1564">
    <p class='ocr_par' dir='ltr' id='par_1_72' title="bbox 1022 1530 1808 1564">
     <span class='ocr_line' id='line_1_72' title="bbox 1022 1530 1808 1564; baseline 0.004 -7"><span class='ocrx_word' id='word_1_506' title='bbox 1022 1530 1099 1558; x_wconf 78' lang='lat' dir='ltr'><strong>simis</strong></span> <span class='ocrx_word' id='word_1_507' title='bbox 1116 1531 1215 1558; x_wconf 88' lang='lat' dir='ltr'><strong>ibidem</strong></span> <span class='ocrx_word' id='word_1_508' title='bbox 1233 1531 1376 1558; x_wconf 83' lang='lat' dir='ltr'><strong>Eusebiani</strong></span> <span class='ocrx_word' id='word_1_509' title='bbox 1394 1532 1443 1559; x_wconf 66' lang='lat' dir='ltr'><strong>aavi</strong></span> <span class='ocrx_word' id='word_1_510' title='bbox 1467 1533 1555 1564; x_wconf 88' lang='lat' dir='ltr'><strong>notis,</strong></span> <span class='ocrx_word' id='word_1_511' title='bbox 1572 1533 1723 1560; x_wconf 87' lang='lat' dir='ltr'><strong>cdisserere</strong></span> <span class='ocrx_word' id='word_1_512' title='bbox 1748 1534 1808 1561; x_wconf 81' lang='lat' dir='ltr'><strong>uui-</strong></span> 
     </span>
    </p>
   </div>
   <div class='ocr_carea' id='block_1_73' title="bbox 1021 1580 1148 1603">
    <p class='ocr_par' dir='ltr' id='par_1_73' title="bbox 1021 1580 1148 1603">
     <span class='ocr_line' id='line_1_73' title="bbox 1021 1580 1148 1603; baseline -0.008 0"><span class='ocrx_word' id='word_1_513' title='bbox 1021 1583 1083 1603; x_wconf 75' lang='lat' dir='ltr'><strong>mus</strong></span> <span class='ocrx_word' id='word_1_514' title='bbox 1097 1580 1148 1603; x_wconf 88' lang='lat' dir='ltr'><strong>est.</strong></span> 
     </span>
    </p>
   </div>
   <div class='ocr_carea' id='block_1_74' title="bbox 1111 1621 1718 1655">
    <p class='ocr_par' dir='ltr' id='par_1_74' title="bbox 1111 1621 1718 1655">
     <span class='ocr_line' id='line_1_74' title="bbox 1111 1621 1718 1655; baseline 0.007 -9"><span class='ocrx_word' id='word_1_515' title='bbox 1111 1621 1142 1647; x_wconf 85' lang='lat' dir='ltr'><strong>ll.</strong></span> <span class='ocrx_word' id='word_1_516' title='bbox 1155 1622 1362 1648; x_wconf 83' lang='lat' dir='ltr'><strong>Demonstralioni</strong></span> <span class='ocrx_word' id='word_1_517' title='bbox 1379 1624 1530 1655; x_wconf 72' lang='lat' dir='ltr'><strong>evangelica:</strong></span> <span class='ocrx_word' id='word_1_518' title='bbox 1540 1625 1604 1655; x_wconf 73' lang='lat' dir='ltr'><strong>style</strong></span> <span class='ocrx_word' id='word_1_519' title='bbox 1614 1625 1718 1650; x_wconf 83' lang='lat' dir='ltr'><strong>similes.</strong></span> 
     </span>
    </p>
   </div>
   <div class='ocr_carea' id='block_1_75' title="bbox 1055 1675 1807 1712">
    <p class='ocr_par' dir='ltr' id='par_1_75' title="bbox 1055 1675 1807 1712">
     <span class='ocr_line' id='line_1_75' title="bbox 1055 1675 1807 1712; baseline 0.005 -10"><span class='ocrx_word' id='word_1_520' title='bbox 1055 1675 1126 1703; x_wconf 85' lang='lat' dir='ltr'><strong>Nulli</strong></span> <span class='ocrx_word' id='word_1_521' title='bbox 1141 1683 1174 1703; x_wconf 77' lang='lat' dir='ltr'><strong>ex</strong></span> <span class='ocrx_word' id='word_1_522' title='bbox 1187 1675 1296 1704; x_wconf 86' lang='lat' dir='ltr'><strong>Eusebii</strong></span> <span class='ocrx_word' id='word_1_523' title='bbox 1310 1677 1438 1712; x_wconf 87' lang='lat' dir='ltr'><strong>operibus</strong></span> <span class='ocrx_word' id='word_1_524' title='bbox 1457 1677 1492 1704; x_wconf 87' lang='lat' dir='ltr'><strong>ita</strong></span> <span class='ocrx_word' id='word_1_525' title='bbox 1508 1678 1598 1706; x_wconf 83' lang='lat' dir='ltr'><strong>afﬁnis</strong></span> <span class='ocrx_word' id='word_1_526' title='bbox 1619 1678 1716 1706; x_wconf 85' lang='lat' dir='ltr'><strong>horum</strong></span> <span class='ocrx_word' id='word_1_527' title='bbox 1732 1686 1807 1706; x_wconf 83' lang='lat' dir='ltr'><strong>cont-</strong></span> 
     </span>
    </p>
   </div>
   <div class='ocr_carea' id='block_1_76' title="bbox 1020 1722 1804 1760">
    <p class='ocr_par' dir='ltr' id='par_1_76' title="bbox 1020 1722 1804 1760">
     <span class='ocr_line' id='line_1_76' title="bbox 1020 1722 1804 1760; baseline 0.005 -12"><span class='ocrx_word' id='word_1_528' title='bbox 1020 1722 1214 1749; x_wconf 89' lang='lat' dir='ltr'><strong>mentariorum</strong></span> <span class='ocrx_word' id='word_1_529' title='bbox 1240 1723 1328 1758; x_wconf 87' lang='lat' dir='ltr'><strong>stylus</strong></span> <span class='ocrx_word' id='word_1_530' title='bbox 1344 1727 1397 1754; x_wconf 86' lang='lat' dir='ltr'><strong>est,</strong></span> <span class='ocrx_word' id='word_1_531' title='bbox 1413 1728 1442 1750; x_wconf 86' lang='lat' dir='ltr'><strong>ut</strong></span> <span class='ocrx_word' id='word_1_532' title='bbox 1457 1725 1612 1760; x_wconf 68' lang='lat' dir='ltr'><strong>evangelicae</strong></span> <span class='ocrx_word' id='word_1_533' title='bbox 1634 1724 1804 1752; x_wconf 84' lang='lat' dir='ltr'><strong>Demonstra-</strong></span> 
     </span>
    </p>
   </div>
   <div class='ocr_carea' id='block_1_77' title="bbox 1019 1769 1805 1799">
    <p class='ocr_par' dir='ltr' id='par_1_77' title="bbox 1019 1769 1805 1799">
     <span class='ocr_line' id='line_1_77' title="bbox 1019 1769 1805 1799; baseline 0.006 -5"><span class='ocrx_word' id='word_1_534' title='bbox 1019 1769 1084 1795; x_wconf 84' lang='lat' dir='ltr'><strong>tioni</strong></span> <span class='ocrx_word' id='word_1_535' title='bbox 1098 1776 1108 1795; x_wconf 87' lang='lat'><strong><em>:</em></strong></span> <span class='ocrx_word' id='word_1_536' title='bbox 1130 1776 1184 1796; x_wconf 88' lang='lat' dir='ltr'><strong>non</strong></span> <span class='ocrx_word' id='word_1_537' title='bbox 1202 1770 1282 1797; x_wconf 81' lang='lat' dir='ltr'><strong>modo</strong></span> <span class='ocrx_word' id='word_1_538' title='bbox 1296 1771 1368 1797; x_wconf 93' lang='lat' dir='ltr'><strong>enim</strong></span> <span class='ocrx_word' id='word_1_539' title='bbox 1383 1771 1517 1799; x_wconf 82' lang='lat' dir='ltr'><strong>dictiones</strong></span> <span class='ocrx_word' id='word_1_540' title='bbox 1538 1776 1564 1798; x_wconf 90' lang='lat' dir='ltr'><strong>et</strong></span> <span class='ocrx_word' id='word_1_541' title='bbox 1583 1771 1718 1799; x_wconf 84' lang='lat' dir='ltr'><strong>tractandi</strong></span> <span class='ocrx_word' id='word_1_542' title='bbox 1736 1773 1805 1799; x_wconf 86' lang='lat' dir='ltr'><strong>ratio</strong></span> 
     </span>
    </p>
   </div>
   <div class='ocr_carea' id='block_1_78' title="bbox 1018 1815 1806 1853">
    <p class='ocr_par' dir='ltr' id='par_1_78' title="bbox 1018 1815 1806 1853">
     <span class='ocr_line' id='line_1_78' title="bbox 1018 1815 1806 1853; baseline 0.004 -12"><span class='ocrx_word' id='word_1_543' title='bbox 1018 1819 1185 1848; x_wconf 86' lang='lat' dir='ltr'><strong>consonant,</strong></span> <span class='ocrx_word' id='word_1_544' title='bbox 1210 1815 1257 1843; x_wconf 88' lang='lat' dir='ltr'><strong>sed</strong></span> <span class='ocrx_word' id='word_1_545' title='bbox 1276 1816 1356 1843; x_wconf 89' lang='lat' dir='ltr'><strong>etiam</strong></span> <span class='ocrx_word' id='word_1_546' title='bbox 1373 1815 1575 1852; x_wconf 84' lang='lat' dir='ltr'><strong>Scripturarum</strong></span> <span class='ocrx_word' id='word_1_547' title='bbox 1602 1817 1806 1853; x_wconf 82' lang='lat' dir='ltr'><strong>interpretatio-</strong></span> 
     </span>
    </p>
   </div>
   <div class='ocr_carea' id='block_1_79' title="bbox 1017 1861 1804 1898">
    <p class='ocr_par' dir='ltr' id='par_1_79' title="bbox 1017 1861 1804 1898">
     <span class='ocr_line' id='line_1_79' title="bbox 1017 1861 1804 1898; baseline 0.006 -12"><span class='ocrx_word' id='word_1_548' title='bbox 1017 1868 1077 1892; x_wconf 86' lang='lat' dir='ltr'><strong>nes,</strong></span> <span class='ocrx_word' id='word_1_549' title='bbox 1091 1861 1224 1888; x_wconf 86' lang='lat' dir='ltr'><strong>sententia</strong></span> <span class='ocrx_word' id='word_1_550' title='bbox 1249 1869 1366 1896; x_wconf 85' lang='lat' dir='ltr'><strong>semper,</strong></span> <span class='ocrx_word' id='word_1_551' title='bbox 1381 1862 1467 1890; x_wconf 85' lang='lat' dir='ltr'><strong>verbis</strong></span> <span class='ocrx_word' id='word_1_552' title='bbox 1482 1871 1535 1890; x_wconf 90' lang='lat' dir='ltr'><strong>non</strong></span> <span class='ocrx_word' id='word_1_553' title='bbox 1554 1863 1741 1898; x_wconf 86' lang='lat' dir='ltr'><strong>infrequenter</strong></span> <span class='ocrx_word' id='word_1_554' title='bbox 1767 1864 1804 1892; x_wconf 83' lang='lat' dir='ltr'><strong>si—</strong></span> 
     </span>
    </p>
   </div>
   <div class='ocr_carea' id='block_1_80' title="bbox 1018 1906 1802 1944">
    <p class='ocr_par' dir='ltr' id='par_1_80' title="bbox 1018 1906 1802 1944">
     <span class='ocr_line' id='line_1_80' title="bbox 1018 1906 1802 1944; baseline 0.004 -11"><span class='ocrx_word' id='word_1_555' title='bbox 1018 1906 1094 1934; x_wconf 84' lang='lat' dir='ltr'><strong>miles</strong></span> <span class='ocrx_word' id='word_1_556' title='bbox 1123 1911 1197 1934; x_wconf 86' lang='lat' dir='ltr'><strong>sunt.</strong></span> <span class='ocrx_word' id='word_1_557' title='bbox 1226 1908 1255 1934; x_wconf 91' lang='lat' dir='ltr'><strong>In</strong></span> <span class='ocrx_word' id='word_1_558' title='bbox 1280 1908 1509 1936; x_wconf 81' lang='lat' dir='ltr'><strong>Demonstratione</strong></span> <span class='ocrx_word' id='word_1_559' title='bbox 1538 1909 1603 1936; x_wconf 88' lang='lat' dir='ltr'><strong>item</strong></span> <span class='ocrx_word' id='word_1_560' title='bbox 1628 1909 1778 1944; x_wconf 80' lang='lat' dir='ltr'><strong>euangelica</strong></span> <span class='ocrx_word' id='word_1_561' title='bbox 1794 1929 1802 1942; x_wconf 84' lang='lat'><strong>,</strong></span> 
     </span>
    </p>
   </div>
   <div class='ocr_carea' id='block_1_81' title="bbox 1015 1952 1802 1988">
    <p class='ocr_par' dir='ltr' id='par_1_81' title="bbox 1015 1952 1802 1988">
     <span class='ocr_line' id='line_1_81' title="bbox 1015 1952 1802 1988; baseline 0.001 -8"><span class='ocrx_word' id='word_1_562' title='bbox 1015 1952 1128 1987; x_wconf 87' lang='lat' dir='ltr'><strong>perinde</strong></span> <span class='ocrx_word' id='word_1_563' title='bbox 1143 1957 1224 1987; x_wconf 87' lang='lat' dir='ltr'><strong>atque</strong></span> <span class='ocrx_word' id='word_1_564' title='bbox 1239 1953 1266 1979; x_wconf 91' lang='lat' dir='ltr'><strong>in</strong></span> <span class='ocrx_word' id='word_1_565' title='bbox 1284 1953 1336 1980; x_wconf 90' lang='lat' dir='ltr'><strong>hoc</strong></span> <span class='ocrx_word' id='word_1_566' title='bbox 1347 1954 1544 1982; x_wconf 87' lang='lat' dir='ltr'><strong>commentario</strong></span> <span class='ocrx_word' id='word_1_567' title='bbox 1560 1954 1661 1988; x_wconf 85' lang='lat' dir='ltr'><strong>passim</strong></span> <span class='ocrx_word' id='word_1_568' title='bbox 1679 1953 1802 1981; x_wconf 77' lang='lat' dir='ltr'><strong>offendas</strong></span> 
     </span>
    </p>
   </div>
   <div class='ocr_carea' id='block_1_82' title="bbox 1016 1997 1802 2035">
    <p class='ocr_par' dir='ltr' id='par_1_82' title="bbox 1016 1997 1802 2035">
     <span class='ocr_line' id='line_1_82' title="bbox 1016 1997 1802 2035; baseline 0.003 -10"><span class='ocrx_word' id='word_1_569' title='bbox 1016 1999 1043 2025; x_wconf 91' lang='lat' dir='ltr'><strong>iu</strong></span> <span class='ocrx_word' id='word_1_570' title='bbox 1070 1997 1147 2030; x_wconf 87' lang='lat' dir='ltr'><strong>illud,</strong></span> <span class='ocrx_word' id='word_1_571' title='bbox 1164 1999 1271 2034; x_wconf 79' lang='grc' dir='ltr'><strong>νοήσεις</strong></span> <span class='ocrx_word' id='word_1_572' title='bbox 1292 2000 1460 2034; x_wconf 71' lang='grc' dir='ltr'><strong>ἐπιστήσας,</strong></span> <span class='ocrx_word' id='word_1_573' title='bbox 1484 1999 1610 2035; x_wconf 79' lang='lat' dir='ltr'><strong>intelliges</strong></span> <span class='ocrx_word' id='word_1_574' title='bbox 1635 2000 1658 2027; x_wconf 83' lang='lat' dir='ltr'><strong>si</strong></span> <span class='ocrx_word' id='word_1_575' title='bbox 1683 2000 1802 2027; x_wconf 84' lang='lat' dir='ltr'><strong>animum</strong></span> 
     </span>
    </p>
   </div>
   <div class='ocr_carea' id='block_1_83' title="bbox 1014 2044 1802 2080">
    <p class='ocr_par' dir='ltr' id='par_1_83' title="bbox 1014 2044 1802 2080">
     <span class='ocr_line' id='line_1_83' title="bbox 1014 2044 1802 2080; baseline 0.005 -10"><span class='ocrx_word' id='word_1_576' title='bbox 1014 2044 1183 2076; x_wconf 80' lang='lat' dir='ltr'><strong>adhibueris,</strong></span> <span class='ocrx_word' id='word_1_577' title='bbox 1208 2045 1288 2080; x_wconf 89' lang='lat' dir='ltr'><strong>inque</strong></span> <span class='ocrx_word' id='word_1_578' title='bbox 1314 2050 1456 2074; x_wconf 69' lang='lat' dir='ltr'><strong>sescentas</strong></span> <span class='ocrx_word' id='word_1_579' title='bbox 1479 2047 1546 2074; x_wconf 87' lang='lat' dir='ltr'><strong>alias</strong></span> <span class='ocrx_word' id='word_1_580' title='bbox 1565 2046 1672 2074; x_wconf 88' lang='lat' dir='ltr'><strong>dicendi</strong></span> <span class='ocrx_word' id='word_1_581' title='bbox 1698 2046 1802 2074; x_wconf 82' lang='lat' dir='ltr'><strong>formu-</strong></span> 
     </span>
    </p>
   </div>
   <div class='ocr_carea' id='block_1_84' title="bbox 1013 2091 1801 2126">
    <p class='ocr_par' dir='ltr' id='par_1_84' title="bbox 1013 2091 1801 2126">
     <span class='ocr_line' id='line_1_84' title="bbox 1013 2091 1801 2126; baseline 0.005 -8"><span class='ocrx_word' id='word_1_582' title='bbox 1013 2091 1073 2122; x_wconf 87' lang='lat' dir='ltr'><strong>las,</strong></span> <span class='ocrx_word' id='word_1_583' title='bbox 1118 2092 1196 2126; x_wconf 76' lang='lat' dir='ltr'><strong>queis</strong></span> <span class='ocrx_word' id='word_1_584' title='bbox 1227 2093 1361 2120; x_wconf 85' lang='lat' dir='ltr'><strong>sermonis</strong></span> <span class='ocrx_word' id='word_1_585' title='bbox 1402 2093 1437 2120; x_wconf 84' lang='lat' dir='ltr'><strong>ab</strong></span> <span class='ocrx_word' id='word_1_586' title='bbox 1466 2094 1520 2121; x_wconf 88' lang='lat' dir='ltr'><strong>alio</strong></span> <span class='ocrx_word' id='word_1_587' title='bbox 1552 2093 1585 2120; x_wconf 89' lang='lat' dir='ltr'><strong>ad</strong></span> <span class='ocrx_word' id='word_1_588' title='bbox 1611 2094 1686 2121; x_wconf 88' lang='lat' dir='ltr'><strong>aliud</strong></span> <span class='ocrx_word' id='word_1_589' title='bbox 1714 2094 1801 2122; x_wconf 82' lang='lat' dir='ltr'><strong>series</strong></span> 
     </span>
    </p>
   </div>
   <div class='ocr_carea' id='block_1_85' title="bbox 1012 2138 1801 2176">
    <p class='ocr_par' dir='ltr' id='par_1_85' title="bbox 1012 2138 1801 2176">
     <span class='ocr_line' id='line_1_85' title="bbox 1012 2138 1801 2176; baseline 0.005 -12"><span class='ocrx_word' id='word_1_590' title='bbox 1012 2138 1197 2165; x_wconf 81' lang='lat' dir='ltr'><strong>transfertur:</strong></span> <span class='ocrx_word' id='word_1_591' title='bbox 1221 2146 1302 2166; x_wconf 87' lang='lat' dir='ltr'><strong>voces</strong></span> <span class='ocrx_word' id='word_1_592' title='bbox 1326 2138 1443 2167; x_wconf 88' lang='lat' dir='ltr'><strong>Eusebio</strong></span> <span class='ocrx_word' id='word_1_593' title='bbox 1472 2140 1667 2175; x_wconf 84' lang='lat' dir='ltr'><strong>frequentatas,</strong></span> <span class='ocrx_word' id='word_1_594' title='bbox 1684 2140 1801 2176; x_wconf 82' lang='lat' dir='ltr'><strong>aliisque</strong></span> 
     </span>
    </p>
   </div>
   <div class='ocr_carea' id='block_1_86' title="bbox 1013 2183 1800 2221">
    <p class='ocr_par' dir='ltr' id='par_1_86' title="bbox 1013 2183 1800 2221">
     <span class='ocr_line' id='line_1_86' title="bbox 1013 2183 1800 2221; baseline 0.006 -12"><span class='ocrx_word' id='word_1_595' title='bbox 1013 2183 1193 2218; x_wconf 81' lang='lat' dir='ltr'><strong>scriptoribus</strong></span> <span class='ocrx_word' id='word_1_596' title='bbox 1206 2184 1298 2212; x_wconf 88' lang='lat' dir='ltr'><strong>minus</strong></span> <span class='ocrx_word' id='word_1_597' title='bbox 1311 2185 1426 2213; x_wconf 87' lang='lat' dir='ltr'><strong>usitatas</strong></span> <span class='ocrx_word' id='word_1_598' title='bbox 1436 2205 1444 2217; x_wconf 89' lang='lat'><strong>.</strong></span> <span class='ocrx_word' id='word_1_599' title='bbox 1465 2186 1493 2213; x_wconf 91' lang='lat' dir='ltr'><strong>in</strong></span> <span class='ocrx_word' id='word_1_600' title='bbox 1510 2191 1626 2221; x_wconf 89' lang='lat' dir='ltr'><strong>utroque</strong></span> <span class='ocrx_word' id='word_1_601' title='bbox 1642 2193 1725 2221; x_wconf 87' lang='lat' dir='ltr'><strong>opere</strong></span> <span class='ocrx_word' id='word_1_602' title='bbox 1746 2187 1800 2213; x_wconf 87' lang='lat' dir='ltr'><strong>ritu</strong></span> 
     </span>
    </p>
   </div>
   <div class='ocr_carea' id='block_1_87' title="bbox 1012 2230 1798 2268">
    <p class='ocr_par' dir='ltr' id='par_1_87' title="bbox 1012 2230 1798 2268">
     <span class='ocr_line' id='line_1_87' title="bbox 1012 2230 1798 2268; baseline 0.004 -12"><span class='ocrx_word' id='word_1_603' title='bbox 1012 2230 1070 2265; x_wconf 83' lang='lat' dir='ltr'><strong>pari</strong></span> <span class='ocrx_word' id='word_1_604' title='bbox 1084 2230 1221 2258; x_wconf 81' lang='lat' dir='ltr'><strong>adhibitas</strong></span> <span class='ocrx_word' id='word_1_605' title='bbox 1231 2230 1437 2266; x_wconf 82' lang='lat' dir='ltr'><strong>deprehendas:</strong></span> <span class='ocrx_word' id='word_1_606' title='bbox 1453 2232 1650 2268; x_wconf 85' lang='lat' dir='ltr'><strong>explicationes</strong></span> <span class='ocrx_word' id='word_1_607' title='bbox 1667 2232 1700 2260; x_wconf 92' lang='lat' dir='ltr'><strong>de</strong></span> <span class='ocrx_word' id='word_1_608' title='bbox 1718 2231 1798 2260; x_wconf 81' lang='lat' dir='ltr'><strong>Verbi</strong></span> 
     </span>
    </p>
   </div>
   <div class='ocr_carea' id='block_1_88' title="bbox 173 2264 1797 2312">
    <p class='ocr_par' dir='ltr' id='par_1_88' title="bbox 173 2264 1797 2312">
     <span class='ocr_line' id='line_1_88' title="bbox 173 2264 1797 2312; baseline 0.009 -21"><span class='ocrx_word' id='word_1_609' title='bbox 173 2264 244 2297; x_wconf 85' lang='lat' dir='ltr'><strong>bum,</strong></span> <span class='ocrx_word' id='word_1_610' title='bbox 257 2267 326 2301; x_wconf 87' lang='lat' dir='ltr'><strong>quod</strong></span> <span class='ocrx_word' id='word_1_611' title='bbox 337 2269 456 2296; x_wconf 88' lang='lat' dir='ltr'><strong>omnibus</strong></span> <span class='ocrx_word' id='word_1_612' title='bbox 470 2271 573 2298; x_wconf 74' lang='lat' dir='ltr'><strong>swculis</strong></span> <span class='ocrx_word' id='word_1_613' title='bbox 588 2273 748 2306; x_wconf 67' lang='lat' dir='ltr'><strong>prwexsistit</strong></span> <span class='ocrx_word' id='word_1_614' title='bbox 762 2294 769 2305; x_wconf 86' lang='lat'><strong>,</strong></span> <span class='ocrx_word' id='word_1_615' title='bbox 792 2279 912 2302; x_wconf 81' lang='lat' dir='ltr'><strong>sanctum</strong></span> <span class='ocrx_word' id='word_1_616' title='bbox 935 2281 959 2304; x_wconf 87' lang='lat' dir='ltr'><strong>et</strong></span> <span class='ocrx_word' id='word_1_617' title='bbox 975 2284 997 2312; x_wconf 73' lang='grc' dir='ltr'>ι)</span> <span class='ocrx_word' id='word_1_618' title='bbox 1012 2264 1165 2303; x_wconf 80' lang='lat' dir='ltr'><strong>substantia</strong></span> <span class='ocrx_word' id='word_1_619' title='bbox 1179 2280 1206 2303; x_wconf 90' lang='lat' dir='ltr'><strong>et</strong></span> <span class='ocrx_word' id='word_1_620' title='bbox 1220 2264 1322 2304; x_wconf 83' lang='lat' dir='ltr'><strong>deitate</strong></span> <span class='ocrx_word' id='word_1_621' title='bbox 1339 2277 1375 2304; x_wconf 88' lang='lat' dir='ltr'><strong>ita</strong></span> <span class='ocrx_word' id='word_1_622' title='bbox 1398 2277 1565 2310; x_wconf 82' lang='lat' dir='ltr'><strong>consimiles,</strong></span> <span class='ocrx_word' id='word_1_623' title='bbox 1583 2281 1614 2305; x_wconf 88' lang='lat' dir='ltr'><strong>ut</strong></span> <span class='ocrx_word' id='word_1_624' title='bbox 1628 2278 1699 2305; x_wconf 86' lang='lat' dir='ltr'><strong>illico</strong></span> <span class='ocrx_word' id='word_1_625' title='bbox 1715 2285 1797 2304; x_wconf 89' lang='lat' dir='ltr'><strong>unam</strong></span> 
     </span>
    </p>
   </div>
   <div class='ocr_carea' id='block_1_89' title="bbox 173 2311 959 2353">
    <p class='ocr_par' dir='ltr' id='par_1_89' title="bbox 173 2311 959 2353">
     <span class='ocr_line' id='line_1_89' title="bbox 173 2311 959 2353; baseline 0.017 -17"><span class='ocrx_word' id='word_1_626' title='bbox 173 2311 337 2346; x_wconf 85' lang='lat' dir='ltr'><strong>unigenitum</strong></span> <span class='ocrx_word' id='word_1_627' title='bbox 351 2313 408 2348; x_wconf 80' lang='lat' dir='ltr'><strong>ejus</strong></span> <span class='ocrx_word' id='word_1_628' title='bbox 419 2313 521 2342; x_wconf 85' lang='lat' dir='ltr'><strong>Filium</strong></span> <span class='ocrx_word' id='word_1_629' title='bbox 533 2336 541 2348; x_wconf 92' lang='lat'><strong>,</strong></span> <span class='ocrx_word' id='word_1_630' title='bbox 566 2325 642 2353; x_wconf 83' lang='lat' dir='ltr'><strong>quem</strong></span> <span class='ocrx_word' id='word_1_631' title='bbox 667 2317 750 2345; x_wconf 86' lang='lat' dir='ltr'><strong>Deum</strong></span> <span class='ocrx_word' id='word_1_632' title='bbox 774 2321 845 2347; x_wconf 76' lang='lat' dir='ltr'><strong>varie</strong></span> <span class='ocrx_word' id='word_1_633' title='bbox 865 2321 959 2349; x_wconf 69' lang='lat' dir='ltr'><strong>locum</strong></span> 
     </span>
    </p>
   </div>
   <div class='ocr_carea' id='block_1_90' title="bbox 172 2357 959 2400">
    <p class='ocr_par' dir='ltr' id='par_1_90' title="bbox 172 2357 959 2400">
     <span class='ocr_line' id='line_1_90' title="bbox 172 2357 959 2400; baseline 0.014 -17"><span class='ocrx_word' id='word_1_634' title='bbox 172 2362 232 2384; x_wconf 69' lang='lat' dir='ltr'><strong>sunt</strong></span> <span class='ocrx_word' id='word_1_635' title='bbox 244 2357 344 2385; x_wconf 87' lang='lat' dir='ltr'><strong>dudum</strong></span> <span class='ocrx_word' id='word_1_636' title='bbox 357 2368 372 2386; x_wconf 88' lang='lat' dir='ltr'><strong>a</strong></span> <span class='ocrx_word' id='word_1_637' title='bbox 383 2360 457 2387; x_wconf 83' lang='lat' dir='ltr'><strong>nobis</strong></span> <span class='ocrx_word' id='word_1_638' title='bbox 467 2363 609 2396; x_wconf 69' lang='lat' dir='ltr'><strong>proposita:</strong></span> <span class='ocrx_word' id='word_1_639' title='bbox 618 2371 691 2391; x_wconf 84' lang='lat' dir='ltr'><strong>voces</strong></span> <span class='ocrx_word' id='word_1_640' title='bbox 704 2371 713 2390; x_wconf 91' lang='lat'><em>:</em></span> <span class='ocrx_word' id='word_1_641' title='bbox 728 2372 773 2398; x_wconf 84' lang='lat' dir='ltr'><strong>per</strong></span> <span class='ocrx_word' id='word_1_642' title='bbox 783 2373 862 2400; x_wconf 78' lang='lat' dir='ltr'><strong>quem</strong></span> <span class='ocrx_word' id='word_1_643' title='bbox 880 2367 959 2400; x_wconf 85' lang='lat' dir='ltr'><strong>jurat</strong></span> 
     </span>
    </p>
   </div>
   <div class='ocr_carea' id='block_1_91' title="bbox 170 2401 959 2446">
    <p class='ocr_par' dir='ltr' id='par_1_91' title="bbox 170 2401 959 2446">
     <span class='ocr_line' id='line_1_91' title="bbox 170 2401 959 2446; baseline 0.014 -17"><span class='ocrx_word' id='word_1_644' title='bbox 170 2401 240 2430; x_wconf 80' lang='lat' dir='ltr'><strong>Deus</strong></span> <span class='ocrx_word' id='word_1_645' title='bbox 253 2408 278 2430; x_wconf 86' lang='lat' dir='ltr'><strong>et</strong></span> <span class='ocrx_word' id='word_1_646' title='bbox 291 2403 370 2431; x_wconf 83' lang='lat' dir='ltr'><strong>Pater</strong></span> <span class='ocrx_word' id='word_1_647' title='bbox 380 2405 436 2440; x_wconf 78' lang='lat' dir='ltr'><strong>ejus</strong></span> <span class='ocrx_word' id='word_1_648' title='bbox 448 2410 573 2443; x_wconf 83' lang='lat' dir='ltr'><strong>tanquam</strong></span> <span class='ocrx_word' id='word_1_649' title='bbox 583 2408 706 2436; x_wconf 84' lang='lat' dir='ltr'><strong>dilectum</strong></span> <span class='ocrx_word' id='word_1_650' title='bbox 720 2418 790 2444; x_wconf 81' lang='lat' dir='ltr'><strong>eum,</strong></span> <span class='ocrx_word' id='word_1_651' title='bbox 809 2412 854 2446; x_wconf 86' lang='lat' dir='ltr'><strong>qui</strong></span> <span class='ocrx_word' id='word_1_652' title='bbox 865 2420 897 2439; x_wconf 72' lang='lat' dir='ltr'><strong>ex</strong></span> <span class='ocrx_word' id='word_1_653' title='bbox 917 2421 959 2440; x_wconf 87' lang='lat' dir='ltr'><strong>se-</strong></span> 
     </span>
    </p>
   </div>
   <div class='ocr_carea' id='block_1_92' title="bbox 171 2449 956 2492">
    <p class='ocr_par' dir='ltr' id='par_1_92' title="bbox 171 2449 956 2492">
     <span class='ocr_line' id='line_1_92' title="bbox 171 2449 956 2492; baseline 0.013 -17"><span class='ocrx_word' id='word_1_654' title='bbox 171 2449 239 2476; x_wconf 85' lang='lat' dir='ltr'><strong>mine</strong></span> <span class='ocrx_word' id='word_1_655' title='bbox 254 2449 338 2477; x_wconf 78' lang='lat' dir='ltr'><strong>Danid</strong></span> <span class='ocrx_word' id='word_1_656' title='bbox 350 2456 398 2483; x_wconf 76' lang='lat' dir='ltr'><strong>est,</strong></span> <span class='ocrx_word' id='word_1_657' title='bbox 414 2452 442 2478; x_wconf 81' lang='lat' dir='ltr'><strong>in</strong></span> <span class='ocrx_word' id='word_1_658' title='bbox 452 2453 586 2487; x_wconf 81' lang='lat' dir='ltr'><strong>inﬁnitum</strong></span> <span class='ocrx_word' id='word_1_659' title='bbox 597 2455 723 2482; x_wconf 66' lang='lat' dir='ltr'><strong>clnculum</strong></span> <span class='ocrx_word' id='word_1_660' title='bbox 738 2457 937 2492; x_wconf 80' lang='lat' dir='ltr'><strong>gloriﬁcaturus</strong></span> <span class='ocrx_word' id='word_1_661' title='bbox 948 2479 956 2491; x_wconf 83' lang='lat'><strong>,</strong></span> 
     </span>
    </p>
   </div>
   <div class='ocr_carea' id='block_1_93' title="bbox 170 2495 958 2535">
    <p class='ocr_par' dir='ltr' id='par_1_93' title="bbox 170 2495 958 2535">
     <span class='ocr_line' id='line_1_93' title="bbox 170 2495 958 2535; baseline 0.014 -15"><span class='ocrx_word' id='word_1_662' title='bbox 170 2495 238 2528; x_wconf 83' lang='lat' dir='ltr'><strong>quod</strong></span> <span class='ocrx_word' id='word_1_663' title='bbox 250 2496 330 2523; x_wconf 86' lang='lat' dir='ltr'><strong>etiam</strong></span> <span class='ocrx_word' id='word_1_664' title='bbox 349 2497 449 2531; x_wconf 69' lang='lat' dir='ltr'><strong>factum</strong></span> <span class='ocrx_word' id='word_1_665' title='bbox 459 2502 509 2531; x_wconf 83' lang='lat' dir='ltr'><strong>est,</strong></span> <span class='ocrx_word' id='word_1_666' title='bbox 521 2500 626 2535; x_wconf 84' lang='lat' dir='ltr'><strong>quando</strong></span> <span class='ocrx_word' id='word_1_667' title='bbox 655 2501 768 2529; x_wconf 86' lang='lat' dir='ltr'><strong>Verbum</strong></span> <span class='ocrx_word' id='word_1_668' title='bbox 787 2503 958 2532; x_wconf 83' lang='lat' dir='ltr'><strong>incarnatum</strong></span> 
     </span>
    </p>
   </div>
   <div class='ocr_carea' id='block_1_94' title="bbox 170 2541 957 2584">
    <p class='ocr_par' dir='ltr' id='par_1_94' title="bbox 170 2541 957 2584">
     <span class='ocr_line' id='line_1_94' title="bbox 170 2541 957 2584; baseline 0.014 -19"><span class='ocrx_word' id='word_1_669' title='bbox 170 2547 227 2565; x_wconf 79' lang='lat' dir='ltr'><strong>eum</strong></span> <span class='ocrx_word' id='word_1_670' title='bbox 240 2541 284 2576; x_wconf 89' lang='lat' dir='ltr'><strong>qui</strong></span> <span class='ocrx_word' id='word_1_671' title='bbox 295 2549 328 2568; x_wconf 74' lang='lat' dir='ltr'><strong>ea;</strong></span> <span class='ocrx_word' id='word_1_672' title='bbox 342 2543 440 2569; x_wconf 84' lang='lat' dir='ltr'><strong>semine</strong></span> <span class='ocrx_word' id='word_1_673' title='bbox 455 2543 539 2570; x_wconf 81' lang='lat' dir='ltr'><strong>David</strong></span> <span class='ocrx_word' id='word_1_674' title='bbox 550 2550 590 2572; x_wconf 88' lang='lat' dir='ltr'><strong>est</strong></span> <span class='ocrx_word' id='word_1_675' title='bbox 608 2548 751 2581; x_wconf 86' lang='lat' dir='ltr'><strong>assumpsit</strong></span> <span class='ocrx_word' id='word_1_676' title='bbox 762 2567 770 2580; x_wconf 82' lang='lat'><strong><em>.</em></strong></span> <span class='ocrx_word' id='word_1_677' title='bbox 792 2552 869 2583; x_wconf 87' lang='lat' dir='ltr'><strong>atque</strong></span> <span class='ocrx_word' id='word_1_678' title='bbox 881 2549 957 2584; x_wconf 79' lang='lat' dir='ltr'><strong>deiﬁ-</strong></span> 
     </span>
    </p>
   </div>
   <div class='ocr_carea' id='block_1_95' title="bbox 170 2586 957 2628">
    <p class='ocr_par' dir='ltr' id='par_1_95' title="bbox 170 2586 957 2628">
     <span class='ocr_line' id='line_1_95' title="bbox 170 2586 957 2628; baseline 0.015 -18"><span class='ocrx_word' id='word_1_679' title='bbox 170 2590 229 2614; x_wconf 86' lang='lat' dir='ltr'><strong>cat:</strong></span> <span class='ocrx_word' id='word_1_680' title='bbox 240 2586 306 2613; x_wconf 84' lang='lat' dir='ltr'><strong>unde</strong></span> <span class='ocrx_word' id='word_1_681' title='bbox 319 2591 344 2614; x_wconf 91' lang='lat' dir='ltr'><strong>et</strong></span> <span class='ocrx_word' id='word_1_682' title='bbox 355 2587 452 2615; x_wconf 75' lang='lat' dir='ltr'><strong>Filium</strong></span> <span class='ocrx_word' id='word_1_683' title='bbox 465 2597 525 2616; x_wconf 86' lang='lat' dir='ltr'><strong>eum</strong></span> <span class='ocrx_word' id='word_1_684' title='bbox 537 2591 651 2625; x_wconf 82' lang='lat' dir='ltr'><strong>appellat</strong></span> <span class='ocrx_word' id='word_1_685' title='bbox 661 2591 750 2620; x_wconf 81' lang='lat' dir='ltr'><strong>dicens</strong></span> <span class='ocrx_word' id='word_1_686' title='bbox 762 2601 770 2620; x_wconf 93' lang='lat'><em>:</em></span> <span class='ocrx_word' id='word_1_687' title='bbox 787 2603 796 2619; x_wconf 79' lang='grc' dir='ltr'><strong>ι</strong></span> <span class='ocrx_word' id='word_1_688' title='bbox 812 2593 867 2628; x_wconf 82' lang='lat' dir='ltr'><strong>Ego</strong></span> <span class='ocrx_word' id='word_1_689' title='bbox 878 2603 922 2622; x_wconf 88' lang='lat' dir='ltr'><strong>ero</strong></span> <span class='ocrx_word' id='word_1_690' title='bbox 933 2595 957 2622; x_wconf 83' lang='lat' dir='ltr'><strong>ei</strong></span> 
     </span>
    </p>
   </div>
   <div class='ocr_carea' id='block_1_96' title="bbox 170 2630 952 2675">
    <p class='ocr_par' dir='ltr' id='par_1_96' title="bbox 170 2630 952 2675">
     <span class='ocr_line' id='line_1_96' title="bbox 170 2630 952 2675; baseline 0.015 -20"><span class='ocrx_word' id='word_1_691' title='bbox 170 2630 196 2655; x_wconf 81' lang='lat' dir='ltr'><strong>in</strong></span> <span class='ocrx_word' id='word_1_692' title='bbox 207 2630 347 2664; x_wconf 84' lang='lat' dir='ltr'><strong>Patrem,et</strong></span> <span class='ocrx_word' id='word_1_693' title='bbox 355 2633 464 2667; x_wconf 85' lang='lat' dir='ltr'><strong>ipseerit</strong></span> <span class='ocrx_word' id='word_1_694' title='bbox 472 2635 537 2662; x_wconf 84' lang='lat' dir='ltr'><strong>mihi</strong></span> <span class='ocrx_word' id='word_1_695' title='bbox 549 2636 574 2662; x_wconf 90' lang='lat' dir='ltr'><strong>in</strong></span> <span class='ocrx_word' id='word_1_696' title='bbox 583 2636 735 2673; x_wconf 84' lang='lat' dir='ltr'><strong>Filium(ll</strong></span> <span class='ocrx_word' id='word_1_697' title='bbox 747 2637 808 2674; x_wconf 80' lang='lat' dir='ltr'><strong>Reg.</strong></span> <span class='ocrx_word' id='word_1_698' title='bbox 822 2640 929 2675; x_wconf 77' lang='lat' dir='ltr'><strong>vn,M);</strong></span> <span class='ocrx_word' id='word_1_699' title='bbox 943 2650 952 2666; x_wconf 77' lang='grc' dir='ltr'><strong>ι</strong></span> 
     </span>
    </p>
   </div>
   <div class='ocr_carea' id='block_1_97' title="bbox 168 2677 955 2721">
    <p class='ocr_par' dir='ltr' id='par_1_97' title="bbox 168 2677 955 2721">
     <span class='ocr_line' id='line_1_97' title="bbox 168 2677 955 2721; baseline 0.014 -19"><span class='ocrx_word' id='word_1_700' title='bbox 168 2681 193 2702; x_wconf 84' lang='lat' dir='ltr'><strong>et</strong></span> <span class='ocrx_word' id='word_1_701' title='bbox 207 2677 320 2706; x_wconf 83' lang='lat' dir='ltr'><strong>iterum:</strong></span> <span class='ocrx_word' id='word_1_702' title='bbox 334 2689 343 2705; x_wconf 76' lang='grc' dir='ltr'><strong>ι</strong></span> <span class='ocrx_word' id='word_1_703' title='bbox 362 2679 417 2716; x_wconf 83' lang='lat' dir='ltr'><strong>Ego</strong></span> <span class='ocrx_word' id='word_1_704' title='bbox 437 2682 637 2717; x_wconf 85' lang='lat' dir='ltr'><strong>primogenitum</strong></span> <span class='ocrx_word' id='word_1_705' title='bbox 649 2691 746 2717; x_wconf 88' lang='lat' dir='ltr'><strong>ponam</strong></span> <span class='ocrx_word' id='word_1_706' title='bbox 769 2685 846 2712; x_wconf 88' lang='lat' dir='ltr'><strong>illum</strong></span> <span class='ocrx_word' id='word_1_707' title='bbox 866 2685 955 2721; x_wconf 84' lang='lat' dir='ltr'><strong>(Psal.</strong></span> 
     </span>
    </p>
   </div>
   <div class='ocr_carea' id='block_1_98' title="bbox 169 2724 955 2766">
    <p class='ocr_par' dir='ltr' id='par_1_98' title="bbox 169 2724 955 2766">
     <span class='ocr_line' id='line_1_98' title="bbox 169 2724 955 2766; baseline 0.014 -18"><span class='ocrx_word' id='word_1_708' title='bbox 169 2730 299 2756; x_wconf 76' lang='lat' dir='ltr'><strong>unvnt,</strong></span> <span class='ocrx_word' id='word_1_709' title='bbox 317 2724 374 2759; x_wconf 72' lang='lat'><strong>28).</strong></span> <span class='ocrx_word' id='word_1_710' title='bbox 394 2735 404 2752; x_wconf 70' lang='grc' dir='ltr'><strong>ι</strong></span> <span class='ocrx_word' id='word_1_711' title='bbox 431 2726 494 2755; x_wconf 71' lang='lat' dir='ltr'><strong>Haec</strong></span> <span class='ocrx_word' id='word_1_712' title='bbox 511 2729 575 2756; x_wconf 79' lang='lat' dir='ltr'><strong>item</strong></span> <span class='ocrx_word' id='word_1_713' title='bbox 591 2730 751 2765; x_wconf 90' lang='lat' dir='ltr'><strong>compendio</strong></span> <span class='ocrx_word' id='word_1_714' title='bbox 765 2731 955 2766; x_wconf 71' lang='lat' dir='ltr'><strong>exprimuntur</strong></span> 
     </span>
    </p>
   </div>
   <div class='ocr_carea' id='block_1_99' title="bbox 168 2769 953 2814">
    <p class='ocr_par' dir='ltr' id='par_1_99' title="bbox 168 2769 953 2814">
     <span class='ocr_line' id='line_1_99' title="bbox 168 2769 953 2814; baseline 0.017 -20"><span class='ocrx_word' id='word_1_715' title='bbox 168 2776 200 2795; x_wconf 82' lang='lat' dir='ltr'><strong>ex</strong></span> <span class='ocrx_word' id='word_1_716' title='bbox 216 2769 437 2805; x_wconf 87' lang='lat' dir='ltr'><strong>interpretatione</strong></span> <span class='ocrx_word' id='word_1_717' title='bbox 451 2774 548 2809; x_wconf 86' lang='lat' dir='ltr'><strong>psalmi</strong></span> <span class='ocrx_word' id='word_1_718' title='bbox 566 2783 697 2808; x_wconf 78' lang='lat' dir='ltr'><strong>Lxxxvnt,</strong></span> <span class='ocrx_word' id='word_1_719' title='bbox 719 2778 891 2814; x_wconf 80' lang='lat' dir='ltr'><strong>maximeque</strong></span> <span class='ocrx_word' id='word_1_720' title='bbox 921 2788 953 2807; x_wconf 75' lang='lat' dir='ltr'><strong>ex</strong></span> 
     </span>
    </p>
   </div>
   <div class='ocr_carea' id='block_1_100' title="bbox 169 2816 534 2849">
    <p class='ocr_par' dir='ltr' id='par_1_100' title="bbox 169 2816 534 2849">
     <span class='ocr_line' id='line_1_100' title="bbox 169 2816 534 2849; baseline 0.022 -9"><span class='ocrx_word' id='word_1_721' title='bbox 169 2822 241 2842; x_wconf 84' lang='lat' dir='ltr'><strong>vers.</strong></span> <span class='ocrx_word' id='word_1_722' title='bbox 257 2816 284 2847; x_wconf 73' lang='grc' dir='ltr'>ι,</span> <span class='ocrx_word' id='word_1_723' title='bbox 298 2817 324 2849; x_wconf 84' lang='grc'><strong>5,</strong></span> <span class='ocrx_word' id='word_1_724' title='bbox 340 2817 384 2849; x_wconf 80' lang='grc'><strong>56,</strong></span> <span class='ocrx_word' id='word_1_725' title='bbox 399 2819 434 2846; x_wconf 81' lang='grc'><strong>57</strong></span> <span class='ocrx_word' id='word_1_726' title='bbox 447 2824 474 2847; x_wconf 82' lang='lat' dir='ltr'><strong>et</strong></span> <span class='ocrx_word' id='word_1_727' title='bbox 489 2821 534 2848; x_wconf 78' lang='lat' dir='ltr'><strong>5S.</strong></span> 
     </span>
    </p>
   </div>
   <div class='ocr_carea' id='block_1_101' title="bbox 203 2860 953 2905">
    <p class='ocr_par' dir='ltr' id='par_1_101' title="bbox 203 2860 953 2905">
     <span class='ocr_line' id='line_1_101' title="bbox 203 2860 953 2905; baseline 0.016 -18"><span class='ocrx_word' id='word_1_728' title='bbox 203 2860 260 2890; x_wconf 85' lang='lat' dir='ltr'><strong>Etsi</strong></span> <span class='ocrx_word' id='word_1_729' title='bbox 277 2871 342 2891; x_wconf 90' lang='lat' dir='ltr'><strong>vero</strong></span> <span class='ocrx_word' id='word_1_730' title='bbox 356 2864 470 2893; x_wconf 83' lang='lat' dir='ltr'><strong>Pbotius</strong></span> <span class='ocrx_word' id='word_1_731' title='bbox 486 2866 556 2895; x_wconf 82' lang='lat' dir='ltr'><strong>inter</strong></span> <span class='ocrx_word' id='word_1_732' title='bbox 573 2867 683 2896; x_wconf 86' lang='lat' dir='ltr'><strong>Eusebii</strong></span> <span class='ocrx_word' id='word_1_733' title='bbox 698 2877 779 2905; x_wconf 80' lang='lat' dir='ltr'><strong>opera</strong></span> <span class='ocrx_word' id='word_1_734' title='bbox 803 2871 853 2898; x_wconf 87' lang='lat' dir='ltr'><strong>bos</strong></span> <span class='ocrx_word' id='word_1_735' title='bbox 878 2879 953 2899; x_wconf 87' lang='lat' dir='ltr'><strong>com-</strong></span> 
     </span>
    </p>
   </div>
   <div class='ocr_carea' id='block_1_102' title="bbox 169 2909 951 2953">
    <p class='ocr_par' dir='ltr' id='par_1_102' title="bbox 169 2909 951 2953">
     <span class='ocr_line' id='line_1_102' title="bbox 169 2909 951 2953; baseline 0.014 -20"><span class='ocrx_word' id='word_1_736' title='bbox 169 2909 314 2937; x_wconf 84' lang='lat' dir='ltr'><strong>mentarios</strong></span> <span class='ocrx_word' id='word_1_737' title='bbox 330 2918 383 2938; x_wconf 92' lang='lat' dir='ltr'><strong>non</strong></span> <span class='ocrx_word' id='word_1_738' title='bbox 397 2917 554 2946; x_wconf 78' lang='lat' dir='ltr'><strong>recenseat.</strong></span> <span class='ocrx_word' id='word_1_739' title='bbox 583 2914 647 2942; x_wconf 89' lang='lat' dir='ltr'><strong>nihil</strong></span> <span class='ocrx_word' id='word_1_740' title='bbox 673 2916 787 2950; x_wconf 86' lang='lat' dir='ltr'><strong>mirum;</strong></span> <span class='ocrx_word' id='word_1_741' title='bbox 815 2921 872 2944; x_wconf 88' lang='lat' dir='ltr'><strong>tum</strong></span> <span class='ocrx_word' id='word_1_742' title='bbox 889 2918 951 2953; x_wconf 88' lang='lat' dir='ltr'><strong>quia</strong></span> 
     </span>
    </p>
   </div>
   <div class='ocr_carea' id='block_1_103' title="bbox 1010 2322 1794 2359">
    <p class='ocr_par' dir='ltr' id='par_1_103' title="bbox 1010 2322 1794 2359">
     <span class='ocr_line' id='line_1_103' title="bbox 1010 2322 1794 2359; baseline 0.001 -10"><span class='ocrx_word' id='word_1_743' title='bbox 1010 2322 1119 2351; x_wconf 87' lang='lat' dir='ltr'><strong>Eusebii</strong></span> <span class='ocrx_word' id='word_1_744' title='bbox 1137 2325 1266 2354; x_wconf 83' lang='lat' dir='ltr'><strong>mentem,</strong></span> <span class='ocrx_word' id='word_1_745' title='bbox 1279 2331 1361 2350; x_wconf 90' lang='lat' dir='ltr'><strong>unam</strong></span> <span class='ocrx_word' id='word_1_746' title='bbox 1385 2323 1529 2359; x_wconf 87' lang='lat' dir='ltr'><strong>utrobique</strong></span> <span class='ocrx_word' id='word_1_747' title='bbox 1546 2331 1656 2351; x_wconf 87' lang='lat' dir='ltr'><strong>manum</strong></span> <span class='ocrx_word' id='word_1_748' title='bbox 1672 2324 1794 2351; x_wconf 86' lang='lat' dir='ltr'><strong>olfacias.</strong></span> 
     </span>
    </p>
   </div>
   <div class='ocr_carea' id='block_1_104' title="bbox 1009 2367 1795 2405">
    <p class='ocr_par' dir='ltr' id='par_1_104' title="bbox 1009 2367 1795 2405">
     <span class='ocr_line' id='line_1_104' title="bbox 1009 2367 1795 2405; baseline 0.003 -9"><span class='ocrx_word' id='word_1_749' title='bbox 1009 2367 1110 2397; x_wconf 77' lang='lat' dir='ltr'><strong>Verum</strong></span> <span class='ocrx_word' id='word_1_750' title='bbox 1128 2369 1222 2397; x_wconf 69' lang='lat' dir='ltr'><strong>isthaec</strong></span> <span class='ocrx_word' id='word_1_751' title='bbox 1236 2369 1430 2398; x_wconf 82' lang='lat' dir='ltr'><strong>exercitatione</strong></span> <span class='ocrx_word' id='word_1_752' title='bbox 1442 2370 1528 2405; x_wconf 86' lang='lat' dir='ltr'><strong>prius,</strong></span> <span class='ocrx_word' id='word_1_753' title='bbox 1541 2377 1623 2405; x_wconf 90' lang='lat' dir='ltr'><strong>quam</strong></span> <span class='ocrx_word' id='word_1_754' title='bbox 1640 2370 1795 2401; x_wconf 85' lang='lat' dir='ltr'><strong>ratiocinio,</strong></span> 
     </span>
    </p>
   </div>
   <div class='ocr_carea' id='block_1_105' title="bbox 1010 2414 1796 2452">
    <p class='ocr_par' dir='ltr' id='par_1_105' title="bbox 1010 2414 1796 2452">
     <span class='ocr_line' id='line_1_105' title="bbox 1010 2414 1796 2452; baseline 0.004 -11"><span class='ocrx_word' id='word_1_755' title='bbox 1010 2415 1099 2450; x_wconf 86' lang='lat' dir='ltr'><strong>quivis</strong></span> <span class='ocrx_word' id='word_1_756' title='bbox 1116 2414 1235 2450; x_wconf 85' lang='lat' dir='ltr'><strong>experiri</strong></span> <span class='ocrx_word' id='word_1_757' title='bbox 1250 2416 1338 2443; x_wconf 80' lang='lat' dir='ltr'><strong>valeat</strong></span> <span class='ocrx_word' id='word_1_758' title='bbox 1356 2425 1363 2444; x_wconf 85' lang='lat'>:</span> <span class='ocrx_word' id='word_1_759' title='bbox 1383 2424 1472 2452; x_wconf 87' lang='lat' dir='ltr'><strong>neque</strong></span> <span class='ocrx_word' id='word_1_760' title='bbox 1492 2416 1536 2444; x_wconf 86' lang='lat' dir='ltr'><strong>his</strong></span> <span class='ocrx_word' id='word_1_761' title='bbox 1551 2416 1655 2443; x_wconf 89' lang='lat' dir='ltr'><strong>diutius</strong></span> <span class='ocrx_word' id='word_1_762' title='bbox 1670 2416 1796 2445; x_wconf 81' lang='lat' dir='ltr'><strong>insistere</strong></span> 
     </span>
    </p>
   </div>
   <div class='ocr_carea' id='block_1_106' title="bbox 1009 2461 1796 2498">
    <p class='ocr_par' dir='ltr' id='par_1_106' title="bbox 1009 2461 1796 2498">
     <span class='ocr_line' id='line_1_106' title="bbox 1009 2461 1796 2498; baseline 0.003 -11"><span class='ocrx_word' id='word_1_763' title='bbox 1009 2461 1084 2494; x_wconf 84' lang='lat' dir='ltr'><strong>libet,</strong></span> <span class='ocrx_word' id='word_1_764' title='bbox 1096 2461 1130 2488; x_wconf 88' lang='lat' dir='ltr'><strong>de</strong></span> <span class='ocrx_word' id='word_1_765' title='bbox 1143 2461 1242 2496; x_wconf 84' lang='lat' dir='ltr'><strong>quibus</strong></span> <span class='ocrx_word' id='word_1_766' title='bbox 1257 2461 1360 2489; x_wconf 87' lang='lat' dir='ltr'><strong>nullam</strong></span> <span class='ocrx_word' id='word_1_767' title='bbox 1386 2469 1468 2497; x_wconf 87' lang='lat' dir='ltr'><strong>spero</strong></span> <span class='ocrx_word' id='word_1_768' title='bbox 1478 2482 1486 2496; x_wconf 83' lang='lat'><strong>,</strong></span> <span class='ocrx_word' id='word_1_769' title='bbox 1504 2462 1574 2498; x_wconf 90' lang='lat' dir='ltr'><strong>apud</strong></span> <span class='ocrx_word' id='word_1_770' title='bbox 1589 2462 1716 2490; x_wconf 87' lang='lat' dir='ltr'><strong>cordatos</strong></span> <span class='ocrx_word' id='word_1_771' title='bbox 1742 2463 1796 2490; x_wconf 85' lang='lat' dir='ltr'><strong>sal-</strong></span> 
     </span>
    </p>
   </div>
   <div class='ocr_carea' id='block_1_107' title="bbox 1008 2508 1450 2540">
    <p class='ocr_par' dir='ltr' id='par_1_107' title="bbox 1008 2508 1450 2540">
     <span class='ocr_line' id='line_1_107' title="bbox 1008 2508 1450 2540; baseline 0.007 -6"><span class='ocrx_word' id='word_1_772' title='bbox 1008 2511 1073 2540; x_wconf 86' lang='lat' dir='ltr'><strong>tem,</strong></span> <span class='ocrx_word' id='word_1_773' title='bbox 1090 2509 1304 2536; x_wconf 85' lang='lat' dir='ltr'><strong>controversiam</strong></span> <span class='ocrx_word' id='word_1_774' title='bbox 1320 2508 1450 2537; x_wconf 87' lang='lat' dir='ltr'><strong>futuram.</strong></span> 
     </span>
    </p>
   </div>
   <div class='ocr_carea' id='block_1_108' title="bbox 1252 2553 1545 2586">
    <p class='ocr_par' dir='ltr' id='par_1_108' title="bbox 1252 2553 1545 2586">
     <span class='ocr_line' id='line_1_108' title="bbox 1252 2553 1545 2586; baseline 0.003 -8"><span class='ocrx_word' id='word_1_775' title='bbox 1252 2553 1295 2578; x_wconf 83' lang='lat' dir='ltr'><strong>Ill.</strong></span> <span class='ocrx_word' id='word_1_776' title='bbox 1313 2554 1351 2579; x_wconf 84' lang='lat' dir='ltr'><strong>De</strong></span> <span class='ocrx_word' id='word_1_777' title='bbox 1360 2555 1425 2586; x_wconf 76' lang='lat' dir='ltr'><strong>style</strong></span> <span class='ocrx_word' id='word_1_778' title='bbox 1436 2554 1545 2580; x_wconf 82' lang='lat' dir='ltr'><strong>Eusebii.</strong></span> 
     </span>
    </p>
   </div>
   <div class='ocr_carea' id='block_1_109' title="bbox 1042 2604 1793 2641">
    <p class='ocr_par' dir='ltr' id='par_1_109' title="bbox 1042 2604 1793 2641">
     <span class='ocr_line' id='line_1_109' title="bbox 1042 2604 1793 2641; baseline 0.001 -10"><span class='ocrx_word' id='word_1_779' title='bbox 1042 2604 1089 2632; x_wconf 87' lang='lat' dir='ltr'><strong>Est</strong></span> <span class='ocrx_word' id='word_1_780' title='bbox 1107 2612 1189 2640; x_wconf 84' lang='lat' dir='ltr'><strong>porro</strong></span> <span class='ocrx_word' id='word_1_781' title='bbox 1203 2606 1265 2640; x_wconf 85' lang='lat' dir='ltr'><strong>styli</strong></span> <span class='ocrx_word' id='word_1_782' title='bbox 1283 2613 1369 2641; x_wconf 81' lang='lat' dir='ltr'><strong>genus</strong></span> <span class='ocrx_word' id='word_1_783' title='bbox 1386 2605 1430 2632; x_wconf 89' lang='lat' dir='ltr'><strong>hic</strong></span> <span class='ocrx_word' id='word_1_784' title='bbox 1445 2609 1474 2632; x_wconf 90' lang='lat' dir='ltr'><strong>ut</strong></span> <span class='ocrx_word' id='word_1_785' title='bbox 1493 2606 1520 2632; x_wconf 91' lang='lat' dir='ltr'><strong>in</strong></span> <span class='ocrx_word' id='word_1_786' title='bbox 1541 2605 1603 2632; x_wconf 86' lang='lat' dir='ltr'><strong>aliis</strong></span> <span class='ocrx_word' id='word_1_787' title='bbox 1627 2606 1687 2641; x_wconf 85' lang='lat' dir='ltr'><strong>ejus</strong></span> <span class='ocrx_word' id='word_1_788' title='bbox 1702 2606 1793 2640; x_wconf 87' lang='lat' dir='ltr'><strong>operi-</strong></span> 
     </span>
    </p>
   </div>
   <div class='ocr_carea' id='block_1_110' title="bbox 1007 2650 1789 2685">
    <p class='ocr_par' dir='ltr' id='par_1_110' title="bbox 1007 2650 1789 2685">
     <span class='ocr_line' id='line_1_110' title="bbox 1007 2650 1789 2685; baseline 0.001 -8"><span class='ocrx_word' id='word_1_789' title='bbox 1007 2650 1069 2681; x_wconf 90' lang='lat' dir='ltr'><strong>bus,</strong></span> <span class='ocrx_word' id='word_1_790' title='bbox 1081 2651 1159 2685; x_wconf 88' lang='lat' dir='ltr'><strong>quale</strong></span> <span class='ocrx_word' id='word_1_791' title='bbox 1171 2651 1300 2678; x_wconf 84' lang='lat' dir='ltr'><strong>describit</strong></span> <span class='ocrx_word' id='word_1_792' title='bbox 1313 2651 1425 2678; x_wconf 83' lang='lat' dir='ltr'><strong>Photius</strong></span> <span class='ocrx_word' id='word_1_793' title='bbox 1437 2652 1464 2678; x_wconf 91' lang='lat' dir='ltr'><strong>in</strong></span> <span class='ocrx_word' id='word_1_794' title='bbox 1478 2651 1652 2682; x_wconf 82' lang='lat' dir='ltr'><strong>Bibliotheca,</strong></span> <span class='ocrx_word' id='word_1_795' title='bbox 1661 2660 1735 2678; x_wconf 88' lang='lat' dir='ltr'><strong>num.</strong></span> <span class='ocrx_word' id='word_1_796' title='bbox 1750 2652 1789 2680; x_wconf 68' lang='lat' dir='ltr'><strong>l5:</strong></span> 
     </span>
    </p>
   </div>
   <div class='ocr_carea' id='block_1_111' title="bbox 1006 2697 1791 2733">
    <p class='ocr_par' dir='ltr' id='par_1_111' title="bbox 1006 2697 1791 2733">
     <span class='ocr_line' id='line_1_111' title="bbox 1006 2697 1791 2733; baseline 0 -10"><span class='ocrx_word' id='word_1_797' title='bbox 1006 2697 1062 2733; x_wconf 87' lang='grc' dir='ltr'><strong>Τὴν</strong></span> <span class='ocrx_word' id='word_1_798' title='bbox 1082 2697 1110 2723; x_wconf 82' lang='grc' dir='ltr'><strong>δὲ</strong></span> <span class='ocrx_word' id='word_1_799' title='bbox 1128 2697 1227 2732; x_wconf 73' lang='grc' dir='ltr'><strong>φράσιν</strong></span> <span class='ocrx_word' id='word_1_800' title='bbox 1247 2699 1296 2725; x_wconf 82' lang='grc' dir='ltr'><strong>οὐκ</strong></span> <span class='ocrx_word' id='word_1_801' title='bbox 1311 2697 1385 2724; x_wconf 76' lang='grc' dir='ltr'><strong>ἔστιν</strong></span> <span class='ocrx_word' id='word_1_802' title='bbox 1406 2698 1542 2733; x_wconf 74' lang='grc' dir='ltr'><strong>οὐδαμοῦ,</strong></span> <span class='ocrx_word' id='word_1_803' title='bbox 1562 2697 1623 2724; x_wconf 77' lang='grc' dir='ltr'>οὔτε</span> <span class='ocrx_word' id='word_1_804' title='bbox 1641 2697 1715 2732; x_wconf 75' lang='grc' dir='ltr'><strong>ἡδὺς,</strong></span> <span class='ocrx_word' id='word_1_805' title='bbox 1730 2697 1791 2723; x_wconf 73' lang='grc' dir='ltr'>οὔτε</span> 
     </span>
    </p>
   </div>
   <div class='ocr_carea' id='block_1_112' title="bbox 1005 2740 1789 2778">
    <p class='ocr_par' dir='ltr' id='par_1_112' title="bbox 1005 2740 1789 2778">
     <span class='ocr_line' id='line_1_112' title="bbox 1005 2740 1789 2778; baseline 0 -10"><span class='ocrx_word' id='word_1_806' title='bbox 1005 2740 1176 2777; x_wconf 72' lang='grc' dir='ltr'><strong>λαμπρότητι</strong></span> <span class='ocrx_word' id='word_1_807' title='bbox 1206 2743 1318 2777; x_wconf 78' lang='grc' dir='ltr'>χαίρων.</span> <span class='ocrx_word' id='word_1_808' title='bbox 1348 2742 1509 2778; x_wconf 76' lang='grc' dir='ltr'>Πολυμαθὴς</span> <span class='ocrx_word' id='word_1_809' title='bbox 1534 2742 1562 2768; x_wconf 76' lang='grc' dir='ltr'><strong>δέ</strong></span> <span class='ocrx_word' id='word_1_810' title='bbox 1581 2743 1654 2769; x_wconf 81' lang='grc' dir='ltr'><strong>ἐστιν</strong></span> <span class='ocrx_word' id='word_1_811' title='bbox 1672 2744 1685 2769; x_wconf 81' lang='grc' dir='ltr'>ὁ</span> <span class='ocrx_word' id='word_1_812' title='bbox 1708 2743 1789 2777; x_wconf 78' lang='grc' dir='ltr'>ἁνήρ,</span> 
     </span>
    </p>
   </div>
   <div class='ocr_carea' id='block_1_113' title="bbox 1005 2787 1835 2824">
    <p class='ocr_par' dir='ltr' id='par_1_113' title="bbox 1005 2787 1835 2824">
     <span class='ocr_line' id='line_1_113' title="bbox 1005 2787 1835 2824; baseline 0 -10"><span class='ocrx_word' id='word_1_813' title='bbox 1005 2788 1056 2815; x_wconf 85' lang='lat' dir='ltr'><strong>hoc</strong></span> <span class='ocrx_word' id='word_1_814' title='bbox 1071 2793 1113 2815; x_wconf 89' lang='lat' dir='ltr'><strong>est</strong></span> <span class='ocrx_word' id='word_1_815' title='bbox 1127 2797 1132 2814; x_wconf 93' lang='lat'><strong>:</strong></span> <span class='ocrx_word' id='word_1_816' title='bbox 1149 2787 1271 2815; x_wconf 86' lang='lat' dir='ltr'><strong>Dictiane</strong></span> <span class='ocrx_word' id='word_1_817' title='bbox 1285 2793 1372 2814; x_wconf 90' lang='lat' dir='ltr'><strong>autem</strong></span> <span class='ocrx_word' id='word_1_818' title='bbox 1383 2797 1511 2824; x_wconf 86' lang='lat' dir='ltr'><strong>nusquam</strong></span> <span class='ocrx_word' id='word_1_819' title='bbox 1521 2789 1615 2818; x_wconf 74' lang='lat' dir='ltr'><strong>suavis</strong></span> <span class='ocrx_word' id='word_1_820' title='bbox 1628 2793 1666 2815; x_wconf 85' lang='lat' dir='ltr'><strong>est</strong></span> <span class='ocrx_word' id='word_1_821' title='bbox 1677 2807 1684 2819; x_wconf 85' lang='lat'><strong>,</strong></span> <span class='ocrx_word' id='word_1_822' title='bbox 1708 2796 1789 2823; x_wconf 79' lang='lat' dir='ltr'><strong>neque</strong></span> <span class='ocrx_word' id='word_1_823' title='bbox 1828 2817 1835 2824; x_wconf 81' lang='lat'>_</span> 
     </span>
    </p>
   </div>
   <div class='ocr_carea' id='block_1_114' title="bbox 1004 2833 1801 2870">
    <p class='ocr_par' dir='ltr' id='par_1_114' title="bbox 1004 2833 1801 2870">
     <span class='ocr_line' id='line_1_114' title="bbox 1004 2833 1801 2870; baseline -0.001 -9"><span class='ocrx_word' id='word_1_824' title='bbox 1004 2835 1133 2869; x_wconf 79' lang='lat' dir='ltr'><strong>elegantia</strong></span> <span class='ocrx_word' id='word_1_825' title='bbox 1146 2840 1266 2862; x_wconf 87' lang='lat' dir='ltr'><strong>ornatus.</strong></span> <span class='ocrx_word' id='word_1_826' title='bbox 1282 2834 1486 2862; x_wconf 70' lang='lat' dir='ltr'><strong>Eruditissimus</strong></span> <span class='ocrx_word' id='word_1_827' title='bbox 1503 2840 1589 2862; x_wconf 85' lang='lat' dir='ltr'><strong>tamen</strong></span> <span class='ocrx_word' id='word_1_828' title='bbox 1603 2834 1642 2861; x_wconf 80' lang='lat' dir='ltr'><strong>vir</strong></span> <span class='ocrx_word' id='word_1_829' title='bbox 1656 2839 1704 2861; x_wconf 86' lang='lat' dir='ltr'><strong>est.</strong></span> <span class='ocrx_word' id='word_1_830' title='bbox 1727 2833 1801 2870; x_wconf 81' lang='lat' dir='ltr'><strong>Sty—-</strong></span> 
     </span>
    </p>
   </div>
   <div class='ocr_carea' id='block_1_115' title="bbox 1003 2882 1784 2920">
    <p class='ocr_par' dir='ltr' id='par_1_115' title="bbox 1003 2882 1784 2920">
     <span class='ocr_line' id='line_1_115' title="bbox 1003 2882 1784 2920; baseline 0 -11"><span class='ocrx_word' id='word_1_831' title='bbox 1003 2882 1046 2910; x_wconf 87' lang='lat' dir='ltr'><strong>lus</strong></span> <span class='ocrx_word' id='word_1_832' title='bbox 1061 2883 1152 2918; x_wconf 87' lang='lat' dir='ltr'><strong>itaque</strong></span> <span class='ocrx_word' id='word_1_833' title='bbox 1162 2883 1222 2917; x_wconf 87' lang='lat' dir='ltr'><strong>ejus</strong></span> <span class='ocrx_word' id='word_1_834' title='bbox 1236 2883 1360 2910; x_wconf 89' lang='lat' dir='ltr'><strong>nonnihil</strong></span> <span class='ocrx_word' id='word_1_835' title='bbox 1381 2884 1516 2920; x_wconf 75' lang='lat' dir='ltr'><strong>strigosus</strong></span> <span class='ocrx_word' id='word_1_836' title='bbox 1530 2887 1557 2910; x_wconf 86' lang='lat' dir='ltr'><strong>et</strong></span> <span class='ocrx_word' id='word_1_837' title='bbox 1574 2883 1718 2919; x_wconf 78' lang='lat' dir='ltr'><strong>perplexas</strong></span> <span class='ocrx_word' id='word_1_838' title='bbox 1733 2886 1784 2913; x_wconf 78' lang='lat' dir='ltr'><strong>est.</strong></span> 
     </span>
    </p>
   </div>
   <div class='ocr_carea' id='block_1_116' title="bbox 1003 2928 1783 2960">
    <p class='ocr_par' dir='ltr' id='par_1_116' title="bbox 1003 2928 1783 2960">
     <span class='ocr_line' id='line_1_116' title="bbox 1003 2928 1783 2960; baseline 0.001 -5"><span class='ocrx_word' id='word_1_839' title='bbox 1003 2935 1058 2956; x_wconf 85' lang='lat' dir='ltr'><strong>non</strong></span> <span class='ocrx_word' id='word_1_840' title='bbox 1074 2931 1131 2956; x_wconf 86' lang='lat' dir='ltr'><strong>arte</strong></span> <span class='ocrx_word' id='word_1_841' title='bbox 1147 2928 1277 2957; x_wconf 86' lang='lat' dir='ltr'><strong>limatus:</strong></span> <span class='ocrx_word' id='word_1_842' title='bbox 1294 2929 1380 2957; x_wconf 78' lang='lat' dir='ltr'><strong>oratio</strong></span> <span class='ocrx_word' id='word_1_843' title='bbox 1405 2930 1504 2958; x_wconf 88' lang='lat' dir='ltr'><strong>nedum</strong></span> <span class='ocrx_word' id='word_1_844' title='bbox 1528 2933 1655 2959; x_wconf 75' lang='lat' dir='ltr'><strong>excurrat</strong></span> <span class='ocrx_word' id='word_1_845' title='bbox 1681 2930 1783 2960; x_wconf 82' lang='lat' dir='ltr'><strong>libere,</strong></span> 
     </span>
    </p>
   </div>
  </div>
