2055 3214
239 174 272 201 19

587 172 721 200 EUSEBII
741 173 980 201 CESARIENSIS
999 174 1018 201 0

1069 195 1074 200 .
1095 173 1186 200 PARS
1203 172 1236 199 ιιι
1269 188 1301 192 ——
1322 169 1527 198 EXEGETICA.

1836 169 1873 197 ω

238 233 306 259 adeo
318 233 443 260 intricata
457 233 615 267 plerumque
629 237 671 260 est
681 254 687 266 ,
704 237 734 260 ut
748 234 893 268 scriptoris
908 239 1024 261 mentem
1040 239 1060 265 Α
1076 238 1160 268 sunt,
1171 235 1209 260 ita
1222 237 1251 260 ut
1272 231 1398 258 divinitus
1419 230 1566 257 immissum
1581 229 1632 256 tibi
1653 228 1788 264 flagellum
1811 229 1872 255 ani-

236 280 280 305 vix
294 286 450 313 asscquare.
469 278 601 306 Periodos
621 279 658 305 ita
681 281 801 314 prolixas
821 281 914 311 ducit,
933 283 962 307 ut
974 288 1024 307 cx-

235 328 350 352 tractam
365 325 472 359 longius
486 325 595 356 seriem,
611 326 634 352 si
649 326 713 360 quid
731 326 793 353 novi
814 326 898 353 menti
916 334 1026 354 succur-

235 371 319 403 rerit,
343 370 460 398 subinde
488 370 652 406 intercipiat,
670 372 734 399 dum
758 380 909 407 suspensus
933 374 1024 400 animo

235 416 329 448 lector,
346 423 397 443 nec
417 424 472 451 quo
489 415 634 447 deducere.
652 425 701 444 nec
728 418 772 444 ubi
790 418 916 446 claudere
944 426 1024 454 argn-

234 466 356 489 mentum
368 463 442 496 velit,
455 463 608 498 intelligere
622 464 702 491 valet.
718 464 796 497 Quod
810 465 927 492 maxime
942 465 984 492 his
996 466 1023 492 in

233 509 439 536 commentariis
458 509 652 541 observes,ubi
667 514 812 544 perpetuus
827 516 947 538 veterum
964 519 1023 539 ver-

234 554 354 586 sionum,
369 562 430 589 qua:
443 559 471 581 ιιι
489 555 636 589 plurimum
664 556 840 582 subbar‘narm
855 561 929 588 sunt,
943 565 1021 589 usus,

233 602 352 636 aliquam
376 601 447 636 stylo
472 602 532 635 cjus
560 603 650 630 intulit
676 603 904 638 peregrinitatem.
930 603 1022 638 Neque

234 650 325 673 tamen
340 654 388 681 par
400 647 499 681 ubique
514 648 576 682 styli
590 648 659 674 ratio
680 652 740 674 est:
760 655 822 674 nam
845 646 890 674 ubi
919 647 952 674 ad
974 647 1022 675 de-

233 692 397 727 scriptiones
414 694 539 725 vertitur,
567 695 665 721 serieni
684 698 800 720 exornat
823 693 913 721 verbis
939 702 1020 728 quam

232 740 323 772 petest
336 739 513 772 lectissimis;
532 748 586 766 non
611 744 639 766 ut
660 739 763 766 otiosos
788 739 861 766 inani
884 739 1021 775 voluptate

231 784 395 815 demnlceat.
410 785 457 812 sed
473 790 503 812 ut
517 793 548 812 ex
562 793 652 812 rerum
668 793 728 820 qua:
747 786 799 813 sub
819 791 957 820 aspectum
975 793 1021 812 ca-

232 830 301 856 dunt
317 830 521 864 pulchritudine
547 836 575 857 et
599 834 752 862 concentu,
774 831 807 857 ad
831 831 937 865 opilicis
953 838 1019 857 con-

231 876 435 910 mmplationem
451 876 563 903 alliciat.
591 876 635 902 Sic
661 876 694 903 ad
719 877 854 910 psalmum
881 884 965 907 xviii,
987 876 1020 902 de

230 929 315 949 cursu
336 923 402 949 solis
418 923 556 949 floridiora
578 923 647 958 stylo
662 923 775 949 miriﬁce
795 922 938 950 edisserit:
952 922 1019 949 alias

230 968 357 995 similiter
371 968 405 996 de
423 976 506 996 verno
528 972 660 1004 tempore,
679 970 766 1004 deque
781 976 914 1003 aquarum
929 969 1019 995 divor-

231 1012 293 1045 tiis,
310 1022 371 1048 quae
395 1015 590 1050 sapientissimi
607 1015 764 1042 Conditoris
781 1020 864 1042 nutus
891 1014 923 1040 ad
940 1019 1020 1041 ιρι-ηιξ

231 1059 336 1086 cultum
352 1064 379 1088 et
397 1060 591 1088 fecunditatem
618 1061 785 1088 moderatur.
811 1060 905 1088 Divine
929 1066 1018 1088 autem

230 1104 353 1141 lcqnitur
367 1106 453 1133 sicubi
469 1111 563 1133 contra
588 1113 636 1134 eos
661 1106 815 1140 disceptat,
844 1106 889 1141 qui
915 1110 1018 1141 tempe-

229 1156 308 1179 rante
324 1151 434 1179 fortuna
448 1160 539 1179 rerum
557 1153 737 1179 humanarum
757 1152 842 1178 aleam
861 1151 958 1179 cadere
973 1160 1018 1178 ar-

230 1198 385 1230 bitrantur;
403 1198 460 1225 sive
477 1198 578 1229 etiam,
602 1198 650 1232 qui
668 1206 713 1225 res
734 1205 846 1228 omnes,
874 1206 935 1232 qua:
955 1202 1019 1225 sunt

230 1244 334 1271 homini
349 1244 523 1279 expetendae,
540 1245 678 1279 voluptate
702 1245 852 1272 metiuntur
866 1254 870 1270 :
890 1245 1017 1278 frequen-

231 1289 335 1316 tissime
356 1296 421 1315 vero
436 1288 498 1315 illos
513 1289 649 1324 exagitat,
677 1289 723 1323 qui
753 1288 882 1315 mundum
907 1289 1018 1315 fortuito

229 1342 262 1361 ac
275 1342 309 1361 ex
326 1335 472 1362 temerario
488 1335 604 1369 partium
622 1342 757 1362 concursu
772 1339 867 1368 sponte
883 1335 1018 1363 coaluisse

229 1379 398 1414 pugnabant,
417 1380 443 1406 in
471 1379 570 1415 hisque
599 1388 664 1408 sane
692 1381 848 1408 invenimus
872 1380 1019 1408 Eusebium

228 1423 348 1452 Eusebio
366 1426 572 1459 elegantiorem.

260 1483 300 1508 IV.
314 1479 436 1508 Maximini
448 1484 610 1538 carniﬂchéam
624 1487 654 1538 sit
664 1484 776 1509 oculatus
789 1485 860 1509 testis
869 1487 989 1509 memorat

579 1521 622 1538 use
651 1521 686 1538 us.

579 1521 686 1538 usemus.

265 1555 335 1583 Eva
361 1563 412 1583 suo
442 1560 613 1591 grassantem
636 1556 776 1583 Maximini
794 1556 821 1583 in
848 1556 1020 1584 Christianos

229 1601 417 1628 carnificinam
432 1606 462 1628 ut
478 1602 605 1628 oculatus
630 1602 709 1629 testis
729 1605 862 1629 memorat
893 1602 926 1628 ad
948 1602 1016 1636 psal.

230 1655 323 1679 xxxvi,
335 1647 382 1674 ubi
399 1653 542 1682 postquam
557 1649 697 1683 gentilium
710 1649 906 1676 immanitatem
924 1656 1018 1676 recert-

229 1693 296 1726 suit,
312 1694 370 1722 haec
387 1693 478 1721 subdit
492 1704 498 1720 :
517 1695 622 1730 ’Ὠσπερ
642 1695 670 1721 δὲ
683 1695 769 1722 ταῦτα
793 1696 1017 1730 ἰστορησάμενοι,

228 1739 300 1767 οὕτω
313 1739 362 1766 κα).
372 1739 420 1776 τὴν
432 1740 612 1775 μτελθοῦὰαν
634 1741 733 1772 αὐτοὺς
748 1741 815 1767 Θεοῦ
832 1741 909 1776 δίκην
925 1742 1019 1768 τεθεά-

230 1787 318 1822 μεθα,
344 1787 471 1821 τοιαύτην
502 1787 668 1823 γενομένην,
690 1787 727 1818 ὡς
757 1788 794 1823 μὴ
825 1789 956 1823 ἁμαρτεῖν
973 1789 1018 1815 τὸν

228 1834 353 1867 φήταντα
369 1832 485 1868 ἀληθῶς,
500 1833 550 1868 τὴν
564 1833 698 1868 ῥομφαίαν
716 1833 805 1860 αὐτῶν
818 1834 1017 1870 εἰσεληλυθέναι

227 1881 268 1912 vi;
284 1880 333 1914 τὴν
355 1879 468 1916 καρδίαν
491 1879 595 1911 αὐτῶν,
618 1880 665 1906 καὶ
688 1879 722 1906 τὰ
757 1879 822 1912 τόξα
847 1880 936 1906 αὐτῶν
955 1889 1017 1907 συν-

227 1925 379 1962 τετρίφθαι,
395 1925 422 1952 id
435 1930 476 1952 est
493 1935 499 1952 :
514 1924 547 1952 Ut
556 1930 642 1952 autent
652 1925 706 1952 lucc
717 1925 839 1957 vidimus,
853 1927 890 1953 ita
902 1932 926 1952 et
941 1927 1018 1954 ultio-

228 1981 286 1999 nem
298 1972 346 2000 Dei
359 1973 429 2006 ipsos
445 1971 610 1999 invadentem
621 1973 797 2006 suspeximus,
813 1980 871 2007 quae
883 1973 945 1999 talis
962 1973 1016 1999 uti-

227 2026 276 2053 que
299 2017 360 2052 fuit,
374 2022 403 2044 ut
423 2018 488 2044 nihil
503 2018 664 2044 abrrracerit
691 2018 713 2044 is
736 2018 782 2053 qui
805 2017 883 2051 dixit,
898 2018 1016 2053 gladium

225 2072 318 2091 eorum
338 2063 451 2098 inﬁxum
465 2064 494 2090 in
509 2063 590 2090 corda
611 2065 746 2097 ipsorum,
775 2068 800 2091 et
823 2073 901 2091 arcus
927 2073 1016 2091 eorum

226 2111 376 2145 confracta;
400 2118 466 2138 esse.
485 2110 519 2137 Et
533 2110 618 2137 alibi:
637 2110 702 2142 Quis
731 2115 817 2137 autent
843 2112 926 2138 oculis
954 2120 1016 2139 con-

231 2157 373 2189 templatur
405 2157 502 2190 impios
533 2157 606 2192 (nam
631 2155 725 2184 Grmca
753 2157 907 2193 compendii
934 2164 1018 2184 causa

227 2201 372 2237 mittimus)
388 2202 433 2236 qui
461 2210 515 2228 tabo
537 2207 627 2230 nostra
643 2211 675 2229 ex
689 2203 798 2237 divitiis,
815 2203 911 2238 gloria,
927 2203 1016 2238 digni-

227 2246 326 2274 tatibus
342 2247 369 2273 in
389 2247 566 2275 admiratione
597 2248 679 2282 fuere,
696 2249 723 2275 in
754 2249 903 2284 multasque
930 2254 1017 2284 gentes

226 2292 365 2326 imperium
381 2292 525 2325 obtinuere,
543 2297 645 2327 repente
666 2293 697 2319 ab
719 2293 768 2320 hac
798 2293 953 2321 celsitudine
978 2294 1018 2321 la-

225 2345 297 2372 psos,
312 2346 364 2365 non
380 2338 497 2373 fateatur
521 2346 608 2365 rerum
622 2347 678 2366 esse
693 2339 830 2366 oraculum
842 2339 993 2374 hujusmodi
1005 2340 1024 2367 5"

287 2394 317 2420 V.
329 2395 442 2426 itemque
456 2396 561 2420 aliorum
577 2395 708 2421 Christiani
722 2397 827 2421 nominis
839 2397 955 2422 hostium.

261 2447 366 2475 Diserte
380 2455 444 2475 vero
471 2448 505 2475 ad
530 2450 604 2483 psa‘l.
635 2455 709 2476 xcvn
734 2449 846 2484 quinam
877 2449 916 2476 illi
937 2449 1017 2477 Chri-

225 2493 379 2520 stianorum
406 2493 549 2521 carniﬁces
581 2494 759 2529 imperatores
772 2515 779 2527 ,
807 2499 834 2522 et
849 2503 904 2529 quo
921 2495 1017 2522 mortis

225 2547 325 2574 genere
341 2540 442 2567 sublati
459 2540 514 2568 sint
528 2546 640 2568 enarrat
661 2543 702 2570 his
719 2542 810 2571 verbis
827 2552 832 2569 :
853 2541 920 2569 Ha'c
938 2549 1016 2576 porro

225 2596 301 2622 opere
316 2587 446 2623 completa
469 2596 517 2615 nos
539 2589 603 2623 ipsis
619 2590 703 2616 oculis
717 2589 879 2624 percepimus
893 2597 902 2615 .'
922 2587 1016 2624 quibus

225 2645 289 2663 sane
305 2636 444 2663 uerisimile
459 2642 497 2664 est
512 2643 628 2672 pes-teras
646 2641 750 2663 nostros
766 2636 917 2663 incredulos
927 2656 935 2667 ,
957 2643 1016 2662 cum

226 2684 282 2710 hac
297 2682 415 2715 audient,
429 2684 510 2718 ﬁdem
521 2692 573 2711 non
587 2684 723 2711 ltabituros
735 2691 801 2711 esse.
815 2683 947 2718 Quotquot
964 2684 1016 2717 igi—

226 2735 271 2756 tur
288 2738 342 2757 tuto
360 2735 449 2757 nostra
465 2730 537 2765 fuere
553 2730 679 2757 Ecclesiw
694 2730 741 2757 Dei
761 2730 872 2761 inimici,
885 2729 1014 2764 principes

225 2777 305 2812 hujus
315 2777 406 2806 seaculi
421 2781 446 2804 et
465 2778 593 2814 tyranni,
615 2777 743 2805 divinitus
758 2777 885 2804 immissis
901 2776 1015 2812 ﬂagellis

225 2823 339 2855 laniati;
354 2823 403 2850 alii
424 2823 529 2859 quidem
552 2823 669 2857 corporis
690 2823 787 2850 cariem
809 2823 924 2856 perpessi
940 2826 1013 2853 sunt,

225 2874 254 2898 ut
270 2869 351 2896 etiam
368 2869 406 2896 vel
423 2868 508 2896 adhuc
536 2869 647 2896 vit-entes
673 2876 731 2894 tum
745 2867 908 2895 intolerabili
932 2866 1015 2899 fetore

224 2915 355 2945 termibus
370 2907 525 2942 scatereni.‘
549 2915 596 2942 alii
625 2915 734 2941 rircntcs
760 2915 821 2942 item
845 2914 928 2942 oculis
945 2914 1015 2948 capti

1037 912 1056 939 ll

1078 280 1278 312 ntadverterent.
1301 278 1516 313 palinodiamque
1529 281 1669 307 canerent,
1695 283 1726 302 ac
1743 275 1872 303 Ecclesia

1078 327 1161 354 Deum
1180 334 1304 361 magnum
1331 332 1486 359 rerumque,
1508 328 1533 350 et
1551 323 1637 350 solum
1655 330 1711 349 esse
1727 321 1869 348 Dominum

1076 373 1275 407 conﬁterentur,
1291 378 1444 406 summaque
1461 377 1527 396 cura
1542 369 1721 403 praciperent,
1735 373 1762 394 ut
1775 368 1869 394 civitas

1075 419 1124 445 illa
1141 418 1197 449 Dei,
1215 417 1247 444 ab
1269 425 1296 444 se
1308 417 1371 443 olim
1401 417 1554 450 impugnata
1567 435 1575 446 ,
1597 418 1810 445 restauraretur,
1837 421 1868 440 ac

1075 464 1160 490 denuo
1171 468 1377 491 construentur.
1391 461 1523 489 Videlicet
1533 461 1659 489 Galerius
1675 461 1866 491 Maximianus.

1074 511 1120 544 qui
1145 509 1277 537 vermium
1313 507 1398 535 fetore
1428 508 1610 542 computruit,
1629 511 1658 533 ut
1682 507 1761 533 habet
1784 506 1867 533 Euse-

1074 555 1136 582 bius
1153 555 1225 581 llist.
1253 554 1315 581 eccl.
1336 554 1382 581 lib.
1400 561 1446 580 Vlll
1463 573 1470 586 ,
1498 561 1522 579 c.
1541 552 1588 585 16;
1613 553 1683 579 alius
1700 553 1746 587 qui
1769 555 1870 587 captus

1075 601 1164 628 oculis
1178 600 1274 631 fertur,
1287 605 1329 627 est
1345 599 1510 626 Maximinus
1523 598 1643 625 Orientis
1659 598 1817 629 imperator,
1835 601 1868 625 ut

1073 647 1110 672 ait
1128 646 1273 676 Eusebius,
1293 646 1312 672 l.
1330 653 1367 676 ix,
1383 653 1409 672 c.
1428 645 1471 671 10.
1499 643 1651 678 Utrumque
1668 650 1730 670 vero
1757 644 1865 678 palino-

1073 692 1144 719 diam
1161 692 1294 719 cecinisse
1309 695 1404 718 narrat
1418 690 1551 718 Eusebius
1569 690 1612 716 hic
1636 695 1663 717 et
1693 691 1717 715 in
1741 689 1866 716 Historia

1071 738 1261 766 ecclesiastica.
1295 737 1426 764 Similiter
1453 736 1486 762 ad
1511 737 1643 770 psalmum
1660 743 1781 766 LXXVIII,
1807 735 1868 762 haec

1072 784 1176 812 habet:
1206 783 1295 818 Neque
1321 784 1407 810 solum
1435 783 1468 808 iis
1501 783 1564 817 (qui
1591 787 1712 815 tempore
1737 781 1864 808 Antiochi

1073 830 1148 865 passi
1171 831 1247 866 sunt)
1265 831 1319 857 Ita’c
1336 830 1436 856 tradita
1451 829 1540 863 fuere;
1565 828 1684 856 omnibus
1705 829 1798 863 quippe
1825 829 1867 855 ai—

1071 877 1146 903 milia
1157 877 1317 910 patientibus
1336 880 1504 909 competunt:
1520 875 1580 908 quia
1595 875 1621 901 in
1629 875 1868 908 persecutionibus,

1070 931 1128 957 qua:
1143 928 1233 949 nostra
1245 926 1322 949 atate
1337 922 1510 956 contigerunt,
1520 922 1719 954 sexcentisupra
1729 921 1867 947 recensiti:

1070 968 1169 995 similia
1183 973 1244 995 sunt
1261 968 1384 1002 perpessi.
1411 967 1443 993 Et
1461 967 1494 994 ad
1519 967 1651 1000 psalmum
1677 973 1720 998 xc,
1739 973 1810 994 vers.
1832 966 1863 998 9,

1071 1022 1100 1042 se
1116 1023 1169 1042 non
1186 1015 1268 1042 unius
1285 1019 1388 1040 tantum
1417 1013 1464 1040 sed
1490 1013 1668 1047 plurimarum
1696 1013 1863 1047 persecutio.

1070 1068 1134 1087 num
1151 1065 1246 1087 testem
1262 1060 1347 1086 fuisse
1366 1063 1476 1090 narrat,
1492 1063 1678 1094 tyrannosque
1694 1066 1748 1085 non
1764 1058 1810 1085 diu
1828 1058 1862 1085 ab

1070 1107 1145 1133 illata
1161 1105 1326 1133 Christianis
1343 1105 1429 1136 clade,
1457 1105 1567 1132 interitu
1597 1105 1690 1139 plexos
1708 1104 1750 1132 his
1766 1104 1862 1132 testul-

1070 1158 1167 1181 catur:
1188 1152 1244 1180 Nos
1267 1158 1354 1179 autent
1374 1152 1509 1180 veritatem
1532 1153 1589 1186 ipsa
1614 1152 1793 1186 cIetnplorum
1821 1152 1861 1178 in.

1071 1199 1255 1238 terpretatione
1269 1199 1442 1232 percepimus,
1455 1203 1590 1232 conspecto
1607 1198 1687 1224 variis
1704 1197 1863 1232 tantporibus

1071 1244 1217 1271 Ecclesiam
1231 1243 1330 1270 Christi
1352 1243 1562 1277 impugnantium
1591 1242 1678 1273 exitu,
1700 1242 1746 1276 qui
1771 1241 1861 1276 confe-

1070 1291 1151 1322 stim,
1170 1299 1201 1317 ne
1216 1290 1342 1316 diuturno
1359 1294 1416 1323 post
1432 1295 1554 1323 tempore,
1571 1288 1693 1315 debellati
1708 1293 1779 1316 sunt.
1802 1287 1863 1323 Ipsa

1071 1344 1187 1371 namque
1199 1336 1303 1363 viderat
1325 1335 1538 1366 Diocletianum,
1568 1333 1761 1361 Maximianum
1781 1333 1862 1361 Gale—

1070 1383 1152 1414 rium,
1165 1382 1339 1409 Maximinum
1352 1385 1379 1408 et
1393 1380 1527 1408 Licinium
1540 1400 1547 1411 .
1570 1381 1618 1415 qui
1640 1380 1668 1408 in
1686 1380 1862 1408 Christianos

1069 1427 1255 1453 carniﬁcinam
1269 1420 1465 1457 exercuerant,
1495 1424 1616 1452 infausto
1639 1426 1736 1453 mortis
1762 1431 1865 1460 genera

1070 1473 1194 1508 periisse.

1154 1527 1193 1552 Vl.
1208 1527 1261 1557 Quo
1273 1531 1385 1559 tempore
1395 1528 1441 1552 bos
1453 1527 1641 1552 commentarios
1651 1527 1768 1552 ediderit.

1033 1587 1056 1618 α
1107 1579 1338 1608 Manifestissimis
1360 1580 1445 1615 igitur
1460 1581 1531 1607 notis
1557 1580 1720 1616 iudiciisque
1738 1587 1797 1607 sese
1814 1579 1863 1606 ho-

1072 1634 1132 1653 rum
1148 1628 1407 1654 commentariorum
1428 1631 1568 1655 auctorem
1592 1627 1681 1662 prodit
1706 1626 1861 1654 Eusebius:

1071 1670 1126 1705 jam
1143 1678 1207 1698 vero
1225 1675 1309 1699 restat
1334 1675 1365 1698 ut
1391 1673 1563 1707 exploremus
1584 1680 1639 1708 quo
1667 1677 1789 1708 tempore
1808 1673 1862 1699 hoc

1071 1724 1140 1751 opus
1156 1716 1284 1744 ediderit.
1301 1717 1359 1751 Qua
1376 1717 1409 1744 de
1427 1725 1456 1743 re
1476 1725 1507 1744 ex
1534 1725 1588 1744 uno
1608 1723 1713 1744 tantum
1741 1719 1800 1744 loco
1822 1717 1862 1744 lu-

1071 1768 1130 1788 cem
1145 1763 1263 1789 mutuari
1283 1763 1355 1790 licet.
1375 1761 1421 1789 Est
1439 1763 1462 1789 is
1490 1763 1517 1788 in
1547 1763 1653 1795 psalmo
1680 1771 1804 1794 Luxvu,
1824 1763 1858 1789 ad

1071 1807 1143 1835 hunc
1170 1816 1278 1835 versum
1296 1818 1302 1834 :
1317 1807 1444 1843 Nunquid
1470 1809 1580 1834 mortuis
1605 1807 1685 1842 facies
1705 1807 1859 1834 mirabilia?

1071 1854 1117 1881 ubi
1137 1855 1177 1882 sic
1201 1854 1282 1882 habet
1299 1864 1305 1880 :
1326 1855 1357 1880 El
1374 1854 1402 1880 δέ
1417 1863 1457 1886 τις
1475 1854 1536 1881 νοῦν
1558 1855 1713 1889 ἐπιστήσειε
1727 1855 1783 1885 τοῖς
1797 1853 1858 1880 καθ’

1070 1902 1144 1936 ἡμᾶς
1158 1901 1229 1936 ἀμφὶ
1241 1901 1271 1926 τὸ
1282 1900 1376 1936 μνῆμα
1385 1901 1430 1926 καὶ
1447 1900 1476 1926 τὸ
1493 1900 1643 1936 μαρτύριον
1659 1899 1705 1926 τοῦ
1732 1899 1858 1936 Σωτῆρος

1071 1945 1148 1980 ἡμῶν
1169 1945 1364 1972 ὲπιτελεσθεῖσι
1393 1945 1569 1980 Θαυμασίοις,
1584 1945 1691 1980 ἀληθῶς
1711 1944 1812 1971 εἵσεται
1830 1944 1861 1972 5-

1070 1999 1131 2023 πως
1151 1992 1325 2027 πεπλήρωται
1340 1991 1432 2027 ἔργοις
1454 1991 1487 2017 τὰ
1506 1990 1702 2026 τεθεσπισμένα
1716 2011 1724 2023 ,
1751 1990 1777 2017 id
1798 1996 1856 2018 est:

1071 2037 1148 2071 Quod
1163 2039 1186 2064 si
1202 2039 1260 2073 quis
1280 2038 1397 2064 animum
1413 2037 1536 2064 adhibeat
1553 2038 1595 2070 iis,
1610 2045 1668 2073 quae
1681 2042 1769 2064 nostra
1792 2041 1858 2064 tam-

1069 2091 1131 2118 μοι-ε
1146 2084 1184 2111 ad
1198 2084 1345 2119 sepulcrum
1370 2089 1394 2112 et
1421 2085 1580 2118 martyrium
1592 2090 1598 2095 '
1609 2083 1755 2111 Saluatoris
1772 2083 1857 2110 nostri

1069 2136 1177 2165 patrata
1195 2136 1266 2164 sunt,
1282 2130 1449 2159 mirabilibus
1460 2150 1467 2163 ,
1493 2131 1514 2157 is
1536 2139 1599 2158 sane
1613 2130 1782 2164 deprehendet
1807 2137 1859 2165 quo

1069 2182 1146 2211 pacta
1161 2185 1192 2204 ea
1206 2185 1264 2212 qua:
1286 2177 1467 2211 pmnuntiata
1482 2177 1608 2211 fuerant,
1621 2178 1706 2210 'operc
1729 2176 1858 2211 completa

1069 2224 1133 2250 sint.
1148 2222 1186 2249 De
1202 2223 1343 2250 miraculis
1364 2223 1392 2250 in
1409 2223 1536 2258 sepulcro
1553 2227 1580 2250 et
1603 2223 1733 2258 martyrio
1755 2222 1858 2250 Christi

1034 2270 1057 2299 D
1070 2269 1150 2296 editis
1163 2277 1198 2295 ne
1210 2269 1321 2295 vcrbtun
1336 2268 1444 2304 quidem
1459 2268 1592 2296 Eusebius
1605 2269 1633 2296 in
1654 2269 1712 2295 Vita
1728 2267 1858 2296 Constan-

1071 2315 1139 2346 tini;
1154 2314 1206 2341 etsi
1217 2314 1365 2345 detectum,
1379 2319 1491 2341 curante
1505 2314 1605 2342 Helena
1617 2335 1623 2346 ,
1649 2316 1804 2349 sepulcrum
1830 2318 1857 2341 et

1070 2360 1231 2395 martyrium
1258 2364 1399 2392 memoret,
1416 2364 1583 2387 exstructam
1612 2360 1707 2387 eodem
1735 2359 1793 2386 loco
1809 2367 1858 2394 per

1068 2406 1278 2434 Constantinum
1294 2406 1592 2440 magnificentissimam
1615 2406 1758 2432 ecclesiam
1776 2413 1838 2432 enar
1854 2421 1858 2424 ι

1068 2458 1108 2481 ret
1122 2473 1129 2485 ,
1145 2453 1278 2488 synodum
1291 2453 1318 2479 in
1332 2452 1455 2487 ejusdem
1467 2453 1589 2480 ecclesia:
1603 2452 1732 2480 enca’niis
1746 2459 1794 2479 seu
1809 2452 1857 2478 de-

1069 2499 1205 2526 dicatione
1235 2499 1399 2527 celebratam
1435 2507 1507 2526 anno
1535 2499 1608 2532 3'55,
1639 2499 1793 2526 minutatim
1830 2503 1857 2524 ct

1068 2545 1181 2580 κομψῶς
1195 2545 1342 2573 describat.
1355 2544 1455 2573 Verum
1475 2545 1520 2572 hic
1537 2545 1572 2572 de
1587 2545 1728 2571 miraculis
1743 2544 1784 2578 agi
1797 2551 1859 2578 que

1068 2599 1083 2617 a
1111 2590 1218 2622 llnlino,
1237 2590 1355 2626 Sulpicio
1371 2590 1483 2624 Severo,
1497 2591 1626 2622 Socrate,
1654 2590 1806 2618 SOZOanu
1831 2593 1858 2616 ct

1069 2636 1240 2665 Theodoreto
1256 2641 1443 2669 recensentur,
1458 2645 1492 2665 ne
1509 2637 1640 2671 ambigas.
1657 2636 1741 2663 Aiunt
1756 2643 1858 2671 quippe

1069 2683 1118 2715 illi,
1137 2683 1244 2711 amante
1259 2684 1374 2711 numine
1402 2683 1490 2710 locum
1515 2683 1634 2718 sepulcri
1655 2682 1784 2710 Helenam
1810 2681 1858 2708 ἀοι

1068 2731 1179 2762 texisse,
1196 2734 1252 2757 tres
1268 2729 1304 2756 ibi
1322 2737 1418 2756 cruces
1433 2732 1555 2764 repertas
1568 2735 1644 2761 esse;
1667 2727 1857 2762 haerentesque
1902 2725 1905 2730 ’

1067 2784 1162 2804 omnes
1175 2783 1298 2811 quamam
1314 2784 1348 2803 ex
1374 2776 1462 2803 tribus
1477 2775 1579 2803 Christi
1595 2775 1744 2810 suspendio
1757 2782 1856 2802 conse-

1067 2827 1142 2850 crata
1156 2823 1262 2854 fuisset,
1277 2822 1361 2850 dubio
1377 2821 1486 2850 tandem
1504 2821 1607 2848 levatos
1623 2820 1708 2849 fuisse
1719 2841 1726 2854 ,
1747 2828 1810 2848 eum
1827 2820 1855 2848 in

1066 2869 1195 2897 extremis
1211 2876 1294 2904 agens
1314 2867 1421 2899 mulier,
1437 2875 1469 2894 ex
1492 2857 1607 2894 aliarum
1641 2870 1769 2896 contactu
1786 2865 1854 2892 nihil

1070 2914 1179 2942 remedii
1202 2918 1366 2946 consecuta,
1394 2914 1501 2941 admota
1527 2913 1635 2942 demum
1661 2920 1724 2940 vera
1751 2910 1854 2939 Christi
