2055 3214
167 205 197 231 ξι
557 199 809 228 COMMENTARIA
828 198 861 226 ΙΝ
877 197 939 225 PSA

989 198 1047 225 ,OS.
1071 214 1102 218 —-
1122 198 1391 226 PRA‘ZLIMINARIA.
1754 200 1789 226 22

166 270 257 292 cruce,
275 262 369 288 statim
387 268 400 287 a
416 260 510 287 morbo
521 261 628 294 penitus
640 263 774 290 recreata,
785 264 813 286 et
830 259 954 293 pristina:
971 263 991 288 Α
1007 259 1101 285 lentim
1120 265 1184 285 vero
1204 258 1347 285 ratiocinia
1362 257 1474 292 profert,
1499 257 1575 290 nihil,
1593 256 1664 292 quod
1681 257 1714 284 ad
1731 263 1787 284 rem

167 307 311 335 valetudini
329 306 453 334 restituta
467 310 519 334 est.
531 305 598 333 Cum
613 309 702 332 autem
719 305 775 332 inec
798 312 870 331 anno
888 304 950 336 527,

166 353 376 388 actinsequenti
396 357 471 387 gesta
493 352 564 383 sint,
592 351 655 378 hinc
672 351 851 386 consequitur
866 349 952 378 Euse-

164 401 237 429 bium
252 407 302 427 sua
316 400 344 426 in
354 398 478 426 Psalmos
497 399 694 425 commentaria
718 398 769 425 sub
782 397 840 424 haec
853 396 954 424 edidis—

164 454 202 474 se.
219 444 314 479 Neque
330 449 418 471 tamen
436 443 527 471 statim
554 447 648 478 postea
661 463 671 474 ,
697 442 745 470 sed
773 443 866 470 multis
889 442 953 469 hinc

163 491 263 525 elapsis
279 492 358 517 annis
372 490 429 516 haec
443 489 620 516 elucubrassc
645 488 761 516 suadere
779 488 886 515 videtur
901 496 952 515 vox

163 537 224 564 καθ’
239 537 391 572 quamquae
407 541 498 562 nostra
513 540 590 562 azlate
605 534 757 570 signiﬁcat;
771 543 859 569 neque
877 535 951 561 enim

162 591 211 618 pro
224 583 403 618 praesentibus
416 589 461 610 aut
475 584 511 609 ita
527 584 638 617 nuperis
659 584 740 610 rebus
763 583 821 610 hinc
837 583 951 617 loquen-

161 629 189 655 di
204 629 273 655 ratio
285 637 334 656 usu
347 629 439 656 venire
455 629 534 656 solet.
554 628 599 655 Sic
625 629 671 656 ille
691 636 752 656 cum
769 629 802 655 de
828 629 952 664 tyrannis

161 675 226 710 agit,
243 675 289 709 qui
306 674 362 708 jam
377 675 476 702 multos
496 679 560 702 ante
578 681 666 701 almos
689 674 745 702 fato
760 674 843 702 functi
859 679 948 706 erant,

160 727 225 748 voce
240 720 300 747 καθ’
319 721 392 756 ἡμᾶς
409 721 503 753 utitur,
518 728 598 756 quam
610 724 699 748 tamen
715 729 849 755 nusquam
868 729 949 748 usur-

159 770 205 801 pat
219 773 282 793 cum
299 766 333 793 de
348 766 446 797 rebus,
466 773 527 801 quae
542 766 583 793 vel
605 767 651 793 illo
676 767 822 798 scribente,
840 767 881 794 vel
898 775 948 793 nu-

158 813 278 847 perrime
293 815 375 847 gest-te
388 816 452 840 sunt
463 832 471 844 ,
494 813 594 847 agitur.
621 811 720 840 Verum
740 817 769 839 ut
786 813 843 840 lucc
860 813 948 847 conje

156 859 258 886 ctando
280 859 367 886 solum
384 859 519 891 dicimus,
548 860 585 886 ita
615 865 675 895 post
701 867 800 887 annum
817 860 867 887 59.7
883 880 889 892 .
915 867 946 887 ea

156 913 239 940 quam
256 913 339 940 supra
353 905 472 933 diximus
497 905 531 932 de
545 913 629 933 causa
640 925 647 937 ,
670 905 757 933 editos
779 910 946 932 commenta-

1009 304 1154 339 pertiueat,
1168 305 1299 330 intactum
1317 303 1457 338 relinquit.
1475 303 1569 330 Parem
1586 302 1716 338 arguendi
1734 303 1787 329 vim

1005 354 1032 376 et
1046 349 1202 376 methoduiu
1215 348 1425 389 animadvertas,
1440 356 1501 375 cum
1512 356 1605 376 eorum
1622 349 1786 376 sententiam

1006 395 1128 430 depellit,
1146 395 1193 429 qui
1218 395 1323 423 numeri
1338 395 1471 421 rationem
1488 393 1521 420 ad
1538 394 1670 429 cujusque
1688 394 1785 429 psalmi

1006 440 1209 476 intelligentiam
1224 440 1348 467 conferre
1359 440 1515 474 pugnabant
1531 449 1537 466 :
1553 447 1633 474 quam
1646 439 1786 466 Philonia-

1003 494 1065 512 nam
1083 486 1246 520 explanandi
1264 486 1430 518 methodutu,
1447 489 1475 512 ut
1492 485 1594 512 futilcm
1610 489 1635 512 et
1647 485 1785 521 ἀπροεὸιὸ-

1003 540 1091 564 vusov,
1110 532 1229 567 explodit
1243 531 1384 558 Eusebius.

1191 587 1234 611 Ill.
1249 587 1286 612 De
1297 587 1398 612 litterali
1409 588 1591 618 explanatione.

1036 639 1192 667 Litteralem
1205 639 1376 667 Psalmorum
1394 644 1510 667 mentem
1527 640 1571 667 ubi
1589 639 1709 675 explicat
1725 640 1783 667 Eu-

1001 685 1104 717 sebius,
1119 687 1266 720 genuinum
1278 686 1358 721 vulgo
1374 694 1484 714 sensum
1500 687 1618 721 attingit,
1637 693 1723 721 neque
1744 687 1780 713 ita

1001 732 1157 766 frequenter
1170 732 1277 758 aberrat
1303 739 1318 759 a
1343 739 1428 766 scopo
1442 735 1468 759 et
1487 740 1502 758 a
1524 739 1588 758 vera
1609 730 1780 758 Psalmorum

1000 779 1144 806 sententia.
1161 777 1262 804 Aderat
1288 778 1388 813 quippe
1411 778 1502 812 opima
1526 777 1572 804 illa
1599 777 1780 812 Hexaplorum

999 825 1131 860 supellex,
1148 825 1220 852 unde
1231 829 1258 851 et
1272 823 1434 851 Hebraicam
1453 825 1597 852 lectionem
1613 829 1640 851 et
1659 827 1780 851 veterum

998 872 1173 904 interpretum
1187 869 1337 896 versionem
1348 870 1466 897 mutuari
1477 874 1579 904 posset.
1590 869 1682 903 Neque
1693 869 1777 899 enim,

997 922 1026 944 ut
1048 924 1081 943 ex
1105 916 1147 943 his
1165 915 1371 942 commentariis
1395 915 1597 950 deprehendere
1625 915 1698 945 licet,
1727 913 1799 941 Hem

155 951 214 978 τίοθ
231 950 359 978 am’mm
378 959 457 986 posse
475 955 612 986 Pulamus-
645 952 747 979 υθῑεοίί
767 953 830 980 item
852 951 944 978 Domi‘
962 965 981 992 Β
995 963 1085 989 braice
1100 961 1204 996 peritus
1220 961 1271 987 fuit
1288 960 1439 988 Eusebius:
1454 959 1588 995 siquidem
1601 960 1635 988 de
1646 959 1778 987 Hebraiea

155 997 210 1023 uici
227 997 346 1031 sepulcri
371 997 494 1024 meminit
513 996 648 1024 Eusebius
664 997 697 1024 ad
715 997 848 1032 psalmum
865 1004 944 1028 cvm,

155 1042 198 1069 his
214 1043 324 1070 verbis:
344 1042 400 1069 Hoc
417 1048 504 1069 autent
518 1042 620 1070 ediscas
631 1063 639 1074 ,
664 1043 687 1070 si
715 1043 862 1070 consideres
893 1051 945 1077 qua

154 1092 240 1114 mente
255 1089 309 1114 sint
319 1087 420 1120 Judaei,
433 1088 547 1115 videntes
562 1088 664 1124 quidem
678 1089 825 1115 ueneranda
839 1093 864 1115 et
880 1096 943 1115 san—

153 1137 197 1159 eta
213 1141 263 1160 tua
275 1133 395 1168 funditus
410 1133 514 1166 deleta;
528 1135 601 1162 illius
616 1143 674 1162 vero
688 1135 733 1169 qui
748 1134 780 1161 ab
793 1135 856 1168 ipsis
870 1135 943 1168 igno-

153 1179 237 1208 minia
252 1179 373 1213 affectus.
390 1188 420 1206 ac
435 1180 461 1206 in
480 1188 582 1207 crucem
597 1185 621 1207 et
637 1185 746 1207 mortem
763 1179 876 1206 traditus
892 1185 942 1212 est,

151 1225 312 1259 eepulcrum.
328 1225 417 1253 studio
439 1230 463 1252 et
478 1225 620 1253 honoribus
639 1226 783 1257 celebrari,
809 1225 942 1253 Ecclesiae

153 1276 252 1302 autem,
270 1279 329 1305 quia
347 1271 403 1306 ejus
418 1273 513 1299 virtute
535 1279 581 1306 per
604 1276 687 1299 totum
712 1271 798 1299 orbem
823 1271 943 1307 fundata

151 1321 223 1348 sunt,
241 1317 269 1344 in
281 1317 336 1344 dies
351 1325 508 1350 accrescere,
524 1322 577 1345 etc.

151 1440 186 1459 l‘l
206 1439 309 1458 GENERE
328 1438 541 1458 INTEBPRETANM
562 1438 665 1458 EUSEB"
677 1451 684 1461 ,
703 1438 788 1462 DEOUE
808 1438 940 1463 ΔΝΊῚΟΠΙΒ

334 1474 508 1494 νειιδιοκωυδ
528 1473 560 1492 ΑΒ
579 1473 612 1492 E0
632 1473 754 1493 ALLATIS.

153 1512 177 1540 Ι.
194 1512 390 1546 Iuterpretandi
401 1520 481 1546 genus
498 1511 640 1538 Eusebium
656 1512 835 1538 commentarii
847 1516 940 1538 aucto-

187 1556 240 1574 rem
250 1548 350 1581 prodit.
361 1546 403 1573 Il.
423 1546 622 1574 Observationes
633 1548 731 1574 critica:
739 1547 847 1580 egregia:
859 1551 937 1574 noue.

189 1581 249 1608 III.
266 1582 305 1608 De
328 1582 438 1608 litterali
460 1582 652 1615 explanatione.
670 1581 722 1608 IV.
748 1581 786 1608 De
805 1587 938 1616 mystago-

185 1618 254 1652 gica.
278 1617 456 1652 KiEueebius
473 1617 609 1652 Origenem
624 1617 771 1652 sequitur,
790 1617 837 1643 alii
853 1616 936 1643 Euse-

187 1650 269 1678 bium.
286 1651 334 1678 VI.
349 1652 469 1687 Antiquis
485 1650 826 1687 interpretibusfrequenter
838 1653 931 1679 utitur.

153 1708 364 1739 l.lnterpretandi
387 1716 467 1740 genus
477 1709 610 1765 Eusegipm
625 1709 793 1734 commentarii
810 1713 935 1735 auctorem

496 1747 539 1765 oro
559 1747 565 1764 ι
580 1759 585 1764 .

496 1747 585 1772 prouu.

187 1791 275 1820 Hasce
302 1792 512 1820 commentarios
548 1800 705 1828 germanum
737 1801 798 1820 esse
825 1792 934 1821 Eusebii

150 1846 228 1874 opus,
244 1847 300 1867 non
315 1846 348 1866 ex
362 1833 512 1873 praemissis
526 1839 617 1870 modo,
636 1839 683 1866 sed
700 1839 781 1866 etiam
800 1848 831 1866 ex
849 1840 933 1868 inter-

151 1883 274 1919 pretandi
300 1891 408 1918 genere,
424 1892 456 1911 ex
482 1883 621 1918 frequente
638 1884 685 1910 illo
712 1888 830 1911 veterum
849 1885 934 1912 inter-

151 1933 254 1963 prelum
271 1937 334 1961 usu,
358 1938 391 1957 ex
410 1928 558 1964 Scriptum
583 1937 668 1956 sacrae
696 1930 791 1963 peritia
808 1937 933 1965 compro-

151 1975 238 2003 batur.
252 1974 300 2002 Hia
317 1983 347 2002 se
368 1975 478 2003 tesseris
494 1980 521 2003 et
542 1976 709 2011 argumentis
724 1976 831 2003 exhibet
847 1973 934 2002 Euse-

151 2021 210 2050 bius
223 2023 267 2050 ille
282 2022 415 2058 Pamphili
441 2023 567 2059 martyris
593 2023 695 2056 socius,
713 2024 839 2058 quicum,
863 2026 933 2050 teste

151 2066 328 2104 Hieronymo,
357 2068 479 2095 Divinam
506 2068 697 2095 Bibliothecam
728 2067 932 2102 diligentissime

151 2113 355 2149 pervestigarat.
385 2113 449 2141 Tria
478 2118 646 2149 porro‘cum
686 2113 780 2148 primis
810 2117 932 2140 contem-

150 2159 247 2194 planda
262 2160 342 2187 nobis
357 2159 434 2188 oﬁ’ert
446 2159 782 2194 celeberrimusinterpres
795 2167 801 2185 :
821 2159 932 2187 criticas

151 2204 177 2230 in
188 2203 359 2232 Psalmorum
376 2205 499 2233 ordinem
518 2209 608 2237 notas,
624 2205 874 2239 interpretationem
888 2204 932 2231 lit-

150 2249 277 2281 teralenr,
306 2253 333 2276 et
361 2250 571 2285 mystagogicam
599 2249 761 2285 explanandi
788 2249 875 2281 viam,
899 2249 933 2276 de

148 2294 250 2328 quibus
266 2302 352 2329 pauca
366 2295 508 2330 praelibare
521 2303 536 2322 e
551 2303 580 2323 re
595 2294 685 2322 fuerit.

263 2348 295 2373 ll.
309 2348 500 2374 Observationes
510 2350 609 2380 critica,
621 2349 730 2381 egregiae
741 2350 814 2373 notas.

184 2400 395 2431 Observationes
426 2401 534 2429 Eusebii
562 2401 685 2433 eriticae,
719 2401 834 2436 egregiae
861 2404 931 2428 nota:

152 2452 213 2477 sunt
233 2457 240 2475 :
254 2456 318 2474 nam
334 2452 432 2482 praeter
445 2448 476 2476 ea
489 2455 550 2483 qua!
567 2448 594 2475 in
612 2448 819 2483 prmlationibus
834 2447 929 2474 ferun-

152 2496 202 2521 tur.
217 2500 270 2519 non
286 2493 437 2527 spernenda
455 2501 531 2526 sane,
547 2493 631 2520 multa
646 2493 861 2528 expositionibus
872 2493 930 2520 suis

118 2544 121 2549 ·
151 2536 183 2563 de
197 2537 291 2564 ordine
305 2542 332 2565 et
346 2538 379 2564 de
403 2542 515 2565 auctore
541 2538 673 2573 cujusque
697 2539 793 2574 psalmi
815 2537 930 2565 subinde

153 2584 296 2616 praniittit,
309 2591 370 2618 quae
380 2584 513 2618 judicium
531 2585 709 2619 peritiamque
733 2585 874 2619 scriptoris
886 2592 930 2611 ar-

151 2629 231 2657 suam
247 2635 253 2654 ι
272 2634 325 2661 qua
342 2627 370 2654 in
393 2635 423 2655 re
438 2636 504 2655 sane
519 2628 563 2655 vix
577 2629 732 2656 accuratius
749 2629 930 2663 sagaciusque

150 2667 278 2704 disputari
292 2679 372 2706 posse
384 2674 557 2700 aestimabunt
569 2674 657 2708 periti.
673 2673 702 2701 In
715 2675 757 2702 his
771 2679 860 2701 autem
875 2674 931 2701 Eu-

151 2715 250 2748 sebius,
266 2718 312 2751 qui
327 2726 466 2753 nunquam
485 2720 645 2753 compendio
663 2720 777 2750 studuit,
803 2720 862 2748 sine
879 2721 929 2748 ali-

150 2766 202 2793 quo
218 2760 327 2788 lectoris
339 2762 419 2789 taedio
435 2763 577 2791 fastidiove
592 2764 724 2798 prolixius
741 2765 806 2799 agit.
826 2764 853 2791 Id
865 2772 930 2791 vero

151 2806 297 2836 pmsertim
318 2807 446 2835 observes
462 2808 489 2834 in
506 2808 565 2842 ejus
579 2809 612 2836 de
628 2809 801 2836 Abimeleeho
824 2809 928 2837 disser—

151 2849 259 2882 tatione,
277 2852 304 2878 in
319 2853 563 2887 perquisitionibus
578 2854 612 2882 de
625 2862 688 2882 vera
702 2854 872 2882 Psalmorum
885 2863 929 2883 se-

151 2894 188 2921 rie
203 2900 229 2923 et
244 2897 278 2924 de
291 2906 421 2934 germano
434 2900 568 2934 cuiusque
592 2905 703 2928 auctore
723 2911 730 2928 :
757 2901 928 2936 maximeque

152 2940 194 2968 ubi
209 2941 240 2971 de
254 2944 359 2978 psalmo
369 2945 396 2973 in
414 2946 542 2981 spelunca
554 2946 667 2975 miriﬁce
681 2947 817 2976 edisserit.
841 2946 925 2975 Pede-

996 1009 1041 1035 ille
1057 1007 1171 1035 lectione
1192 1007 1350 1042 plerumque
1364 1014 1418 1033 non
1434 1007 1470 1033 ita
1484 1007 1563 1033 docte
1577 1005 1718 1038 edisserit,-
1733 1009 1779 1032 ut-

995 1057 1057 1087 pote
1072 1052 1118 1087 qui
1141 1051 1272 1079 Hebraiea
1300 1052 1402 1079 Grazcis
1418 1050 1516 1078 litteris
1529 1057 1668 1085 expressa,
1686 1050 1778 1084 qualia

995 1098 1022 1125 in
1036 1097 1164 1132 llexaplis
1179 1102 1268 1129 erant,
1287 1103 1392 1124 tantum
1416 1097 1528 1132 legerit;
1545 1096 1593 1124 sed
1618 1097 1640 1124 si
1662 1096 1728 1131 quid
1743 1096 1778 1124 de

993 1145 1105 1172 vocibus
1121 1148 1148 1171 et
1165 1144 1263 1172 litteris
1275 1144 1416 1171 Hebraicis
1427 1143 1491 1170 hinc
1504 1142 1566 1171 inde
1583 1142 1684 1174 tradat,
1701 1142 1728 1170 id
1743 1150 1776 1169 ex

994 1189 1113 1218 llebmis
1137 1194 1277 1217 mutuatus
1293 1193 1344 1217 cst.
1370 1189 1403 1215 Et
1422 1189 1520 1215 mirum
1549 1195 1615 1215 sane
1637 1186 1775 1214 hominem
1792 1206 1796 1217 -_

992 1237 1038 1272 qui
1059 1237 1086 1263 in
1103 1236 1247 1264 Palaestina
1259 1239 1366 1263 aetatem
1379 1235 1442 1270 egit,
1456 1242 1518 1261 cum
1532 1233 1633 1261 Iudaeis
1646 1233 1775 1268 frequen-

992 1287 1033 1310 ter
1048 1289 1199 1310 sermonem
1214 1281 1320 1313 habuit,
1340 1280 1468 1315 Hexaplis
1480 1285 1507 1307 et
1523 1278 1690 1306 Bibliotheca:
1711 1278 1776 1305 diui-

990 1337 1031 1356 nte
1045 1336 1108 1356 cum
1132 1327 1275 1363 Pamphilo
1291 1330 1411 1362 martyre
1431 1325 1586 1360 digerendis
1601 1332 1711 1359 operam
1727 1324 1775 1351 de—

990 1374 1040 1405 dit,
1057 1373 1188 1401 Hebraice
1202 1372 1367 1400 ineruditum
1382 1370 1485 1398 fuisse?
1504 1369 1666 1397 Doctoribus
1683 1372 1772 1396 autem

991 1420 1048 1449 suis
1073 1419 1155 1448 nimis
1171 1418 1311 1446 credulum
1329 1425 1450 1453 persaepe
1464 1415 1662 1450 deprehendas,
1679 1418 1773 1450 utpote

989 1466 1035 1501 qui
1052 1466 1181 1493 n0nnulla
1195 1465 1332 1492 interdum
1353 1463 1457 1495 all‘erat,
1475 1462 1519 1490 ubi
1534 1461 1687 1489 accuratior
1701 1461 1773 1488 noti-

988 1512 1026 1538 tia
1048 1511 1234 1544 desideretur;
1257 1510 1374 1544 exempli
1401 1516 1485 1536 causa
1508 1508 1542 1534 ad
1566 1508 1639 1534 hunc
1663 1513 1771 1534 versum

988 1557 1084 1592 psalmi
1101 1564 1157 1588 cxi,
1178 1556 1219 1582 Ea:
1233 1560 1308 1582 utero
1329 1559 1390 1581 ante
1411 1553 1550 1587 luciferum
1572 1553 1648 1587 genui
1672 1557 1705 1585 te,
1725 1552 1771 1578 ubi

988 1602 1151 1630 Hebraicqu
1167 1607 1274 1633 annm.
1294 1599 1424 1627 Mere/tem
1446 1599 1537 1631 habet,
1555 1602 1584 1624 ut
1601 1597 1771 1633 probabilem

988 1649 1130 1684 cujusdam
1156 1648 1311 1683 opinionem
1329 1646 1418 1677 aﬁ‘ert,
1437 1645 1484 1680 qui
1504 1644 1617 1680 putabat
1639 1643 1685 1670 hie
1708 1643 1771 1670 bea-

987 1699 1042 1722 tam
1057 1695 1168 1722 Mariam
1181 1694 1322 1728 Deiparam
1335 1691 1460 1722 indicari.
1472 1690 1545 1726 quod
1557 1698 1622 1718 sane
1630 1687 1772 1724 ἀπροσδιό-

987 1749 1066 1768 νυσον
1082 1744 1124 1768 est
1140 1749 1146 1767 :
1161 1747 1223 1767 nam
1239 1738 1338 1769 Maria,
1358 1745 1455 1764 nomen
1476 1736 1547 1771 apud
1573 1735 1699 1763 Hebraeos
1716 1735 1770 1761 ire-

987 1787 1196 1823 quentissimum
1209 1789 1305 1817 D7113,
1319 1783 1428 1810 Miriam
1439 1782 1628 1814 scribebatur;
1644 1785 1670 1808 et
1690 1779 1771 1809 Μενε-

986 1834 1043 1861 hem
1059 1832 1127 1859 nihil
1142 1831 1213 1858 aliud
1227 1837 1320 1865 quam,
1333 1836 1365 1856 ex
1376 1833 1460 1860 utero,
1476 1827 1623 1862 signiﬁcat.

1237 1887 1277 1911 ῐν.
1292 1886 1330 1910 De
1341 1886 1513 1916 mystagogiea.

1022 1939 1231 1975 Mystagogicam
1248 1937 1410 1972 explanandi
1427 1937 1510 1968 viam,
1534 1943 1586 1970 qua
1610 1935 1644 1962 ad
1668 1935 1770 1963 Christi

985 1991 1129 2020 personam
1154 1984 1195 2011 vel
1212 1982 1371 2012 Ecclesium,
1388 1983 1445 2009 sive
1466 1982 1499 2008 ad
1520 1981 1623 2008 ﬁdelem
1639 1981 1768 2012 animam.

985 2035 1031 2058 aut
1044 2030 1151 2057 demum
1167 2029 1199 2056 ad
1211 2029 1348 2056 caelestem
1362 2028 1471 2055 Siouem
1484 2028 1574 2055 omnia
1590 2026 1767 2057 reducuntur,

986 2076 1130 2104 admodum
1148 2075 1328 2110 frequentavit
1341 2074 1492 2101 Eusebius:
1506 2074 1568 2109 quia
1581 2073 1627 2101 illo
1637 2081 1693 2100 aevo
1705 2080 1766 2100 cum

985 2122 1070 2150 Judaei
1097 2126 1228 2156 perpetuo
1242 2121 1407 2148 Christianis
1432 2120 1621 2155 obgannirent.
1639 2122 1720 2153 atque
1735 2126 1768 2145 ex

983 2177 1067 2204 prave
1091 2169 1197 2196 detorta
1224 2167 1427 2202 Seripturarum
1445 2165 1591 2197 sententia,
1612 2164 1767 2192 Christiana

984 2216 1017 2243 de
1033 2214 1177 2242 Servatore
1188 2214 1313 2249 dogmata
1328 2212 1500 2240 traducerent
1514 2213 1541 2239 in
1557 2212 1615 2239 dies
1625 2233 1633 2245 ,
1654 2212 1769 2244 scripto-

983 2267 1028 2287 res
1051 2258 1230 2286 ecclesiastici
1252 2261 1358 2289 contra,
1377 2261 1407 2284 ut
1431 2257 1563 2292 petulanti
1589 2261 1616 2284 et
1641 2260 1768 2290 protervo

947 2313 969 2340 ι)
985 2305 1077 2341 generi
1093 2307 1280 2337 occurrerent,
1293 2304 1383 2331 omnia
1400 2303 1433 2330 ad
1445 2303 1584 2330 Christum
1600 2306 1627 2329 et
1641 2302 1673 2328 ad
1687 2300 1767 2328 Chri-

983 2350 1018 2376 sti
1033 2348 1182 2377 Ecclesiam
1199 2348 1353 2376 referebant
1377 2357 1384 2376 :
1411 2355 1461 2375 nec
1486 2347 1567 2375 modo
1590 2354 1621 2374 ea
1648 2354 1709 2381 quae
1732 2346 1767 2373 de

982 2394 1091 2422 Christo
1105 2398 1132 2422 et
1150 2394 1184 2422 de
1199 2386 1301 2422 Christi
1318 2394 1444 2421 fidelibus
1460 2393 1560 2421 diserte
1575 2397 1602 2420 et
1623 2392 1765 2420 evidenter

982 2440 1120 2467 enuntiata
1133 2438 1251 2471 fuerant,
1263 2438 1310 2466 sed
1325 2439 1407 2466 etiam
1423 2447 1492 2473 quae,
1509 2437 1582 2466 haud
1597 2439 1634 2464 ita
1647 2438 1766 2466 dilucide

982 2490 1120 2517 enarrata,
1135 2489 1248 2520 possent
1262 2485 1290 2511 in
1304 2484 1436 2511 utramvis
1451 2488 1554 2519 partem
1570 2483 1697 2512 derivari.
1711 2484 1766 2512 Nec

981 2535 1070 2558 tutum
1100 2535 1159 2558 erat
1186 2530 1240 2558 illis
1267 2530 1435 2565 temporibus
1459 2529 1654 2564 interpretandi
1682 2530 1764 2557 aliam

981 2578 1051 2605 inire
1073 2577 1206 2604 rationem
1223 2585 1229 2604 :
1247 2580 1322 2603 certe
1346 2583 1401 2603 non
1417 2576 1527 2610 impune
1553 2575 1604 2602 fuit
1619 2575 1764 2602 Theodoro

981 2623 1182 2658 Mopsuesteno,
1196 2622 1268 2657 quod
1281 2622 1404 2656 neglecta
1415 2622 1600 2657 mystagogicu
1616 2622 1671 2654 illa,
1689 2622 1762 2649 litte-

981 2670 1031 2697 rali
1048 2670 1135 2696 solum
1148 2669 1310 2696 attenderct.

1015 2715 1149 2743 Caeterum
1166 2715 1240 2742 hunc
1253 2713 1415 2749 explanandi
1437 2715 1531 2746 ritum,
1557 2717 1668 2741 auctore
1683 2712 1763 2742 Chri-

982 2766 1033 2793 sto,
1051 2761 1329 2788 commonstrantibus
1344 2760 1485 2795 apostolis,
1501 2760 1599 2787 sectati
1614 2763 1678 2786 sunt
1708 2757 1762 2786 Ec-

981 2807 1071 2834 clesia:
1097 2806 1257 2841 scriptores.
1274 2805 1332 2832 Non
1348 2806 1432 2833 modo
1444 2806 1515 2833 enim
1532 2806 1573 2832 lex
1591 2808 1670 2832 vetus
1695 2804 1762 2839 legis

980 2860 1056 2880 novae
1072 2852 1157 2887 ﬁgura
1172 2852 1293 2885 exstitit;
1309 2852 1357 2880 sed
1375 2854 1456 2884 etiam
1470 2861 1514 2880 res
1530 2853 1557 2879 in
1572 2852 1655 2879 veteri
1670 2850 1762 2879 Eccle-

980 2899 1019 2926 sia
1050 2903 1142 2934 gestze,
1173 2898 1323 2933 praesertim
1349 2899 1509 2931 nobiliores,
1535 2898 1631 2925 umbra
1659 2897 1759 2924 Christi

980 2945 1092 2981 cjusque
1106 2944 1302 2980 discipulorum
1319 2948 1407 2975 erant.
1421 2944 1489 2973 Nam
1505 2945 1559 2971 hac
1577 2943 1664 2971 onlnia
1685 2942 1711 2969 in
1724 2941 1758 2978 [i-
