2055 3214
236 206 270 233 ἲῧ
555 202 707 232 'EUSEBII
726 203 966 232 CAESARlENSlS
984 203 1061 232 OPP.
1082 199 1172 228 PARS
1191 199 1237 226 lli.
1258 214 1292 219 -—
1311 196 1519 225 EXEG-ETICA.
1828 197 1864 223 2O

237 265 310 300 guris
325 264 511 300 contingebant
522 264 576 290 iﬂir
590 271 599 290 :
622 264 721 297 scripta
735 269 796 290 sunt
814 269 901 291 autem
923 264 957 291 ad
980 273 1027 291 ηο-
1044 267 1064 293 Α
1080 265 1123 287 rat
1141 259 1275 286 Eusebius
1287 257 1320 285 ad
1335 257 1468 292 psalmum
1484 253 1772 285 cxvut.Thcodoretus
1788 253 1864 285 item.

238 317 322 338 uram
337 310 546 338 admonitionem
560 310 585 345 (1
600 309 662 337 Cor.
682 319 709 341 ι,
725 310 781 345 Η).
795 309 871 337 Unde
887 310 1028 338 Tertullia-

240 365 291 384 nus
317 357 351 385 de
376 357 582 385 resurrectione
604 357 707 389 carnis,
734 357 812 383 Talia
835 357 952 388 interim.
979 357 1027 388 ait,

239 404 390 431 divinarum
407 403 684 434 ririumlineamema,
710 411 761 429 non
784 403 870 430 minus
893 403 1029 437 parabolis

240 455 348 483 operata
363 450 427 480 Deo,
440 457 519 484 quam
537 449 634 476 locuto.
651 448 722 475 lnter
735 448 881 483 prophetas
897 452 987 476 autem
1002 454 1030 477 et

241 501 404 530 praestantes
421 496 505 527 viros,
528 495 576 530 qui
602 495 629 521 in
646 495 728 521 veteri
745 495 803 529 lege
818 494 922 522 Christi
937 499 1029 530 typum

242 549 361 576 gessere,
380 548 459 568 nemo
475 540 587 575 propius
603 547 745 574 personam
758 539 817 573 ejus
832 540 936 570 retulit,
949 547 1030 575 quam

244 587 342 617 David.
358 594 456 621 genere
473 587 536 614 item
563 586 753 621 propinquior.
776 586 862 620 Cujus
882 593 936 613 non
951 586 1032 613 modo

243 637 331 668 gesta,
354 632 402 660 sed
426 633 510 659 etiam
533 631 607 660 dicta
634 632 661 659 in
687 632 804 659 Psalmis
819 632 981 667 przesertim,
998 631 1031 658 ad

243 680 347 708 Christi
363 687 508 715 personam
531 678 737 713 Ecclesiamque
764 678 913 713 pertinere.
939 678 1032 706 divino

244 726 331 761 ipsius
351 725 452 753 Christi
467 733 514 752 ore
525 724 682 753 didicimus.
696 723 743 751 Ille
760 731 827 750 vero
841 732 940 751 sensus
950 724 1032 759 ἀλλη-

244 772 418 808 γορούμενος,
438 772 495 799 sive
511 770 730 807 mystagogicus.
761 778 814 797 non
832 778 847 797 a
870 770 1033 797 Christianis

245 818 338 850 modo,
354 818 402 845 sed
416 818 499 845 etiam
518 825 533 844 a
549 817 650 844 ludatis
662 817 800 844 adhibitus
820 820 863 844 est
887 826 892 843 :
914 816 966 844 etsi
982 816 1031 847 illi.

247 868 278 891 ut
306 864 437 891 obcaecati
454 868 536 899 atque
563 863 704 891 seusilium
731 870 822 890 rerum
845 863 915 890 mole
941 863 1033 890 obruti

245 915 335 942 erant,
351 910 442 937 omnia
460 910 493 937 ad
510 917 554 936 res
568 910 760 944 temperarias,
785 909 905 940 divitias,
931 908 1031 935 terreni

246 954 326 989 regni
341 953 525 985 latitudinem,
542 953 648 981 Messias
671 953 713 980 sui
737 953 893 988 imperium,
920 952 1033 980 reduce-

246 1004 308 1028 rent
324 1009 332 1027 :
346 1008 400 1035 qua
416 1001 444 1027 in
468 1008 498 1028 re
519 1008 533 1026 a
547 999 622 1035 justa
638 1000 774 1035 allegoriae
789 1001 895 1027 ratione
917 999 1034 1026 immane

246 1050 379 1081 quantum
396 1047 570 1074 aberrabant.
590 1046 727 1081 Allegoria
745 1048 855 1081 quippe,
876 1045 973 1080 ﬁgura,
991 1049 1033 1080 ty-

247 1101 300 1128 pus
313 1096 340 1121 et
357 1094 462 1125 umbra,
477 1093 554 1128 signa
569 1096 632 1120 sunt
644 1100 735 1120 rerum
752 1101 807 1120 non
818 1091 976 1120 earumdem
993 1096 1035 1117 at-

246 1148 299 1174 que
317 1140 369 1167 illa:
389 1148 449 1175 qua:
472 1140 609 1175 allegoriae
635 1145 663 1167 et
686 1139 743 1175 typi
759 1147 859 1166 munus
881 1142 1032 1173 pnestant:

247 1186 351 1213 alonim
375 1187 418 1214 vel
443 1187 502 1221 ipsa
527 1186 663 1221 allegoriae
686 1194 748 1218 vox,
765 1186 841 1220 signa
863 1184 1033 1218 hujusmodi,

247 1239 306 1259 rem
321 1232 401 1258 aliam
418 1232 496 1266 longe
510 1231 657 1262 diversam,
675 1231 811 1266 disparem
831 1234 858 1258 et
881 1230 1034 1266 digniorem

248 1278 406 1313 signiﬁcare
432 1278 597 1306 subindieat.
620 1278 704 1305 Multo
718 1278 802 1313 igitur
814 1277 988 1314 praestantior
1007 1281 1034 1304 et

246 1324 338 1352 verior
359 1325 405 1351 illa
433 1324 654 1352 Christianorum
680 1324 878 1359 interpretatio,
909 1332 962 1358 qua
989 1331 1034 1350 res

245 1378 393 1405 eorporeas
418 1375 445 1398 et
461 1371 616 1402 sensibiles,
644 1371 678 1397 ad
696 1370 880 1405 intelligibiles
895 1377 928 1397 ac
951 1369 1034 1396 cmle-

247 1421 314 1446 stes.
331 1417 461 1444 incolumi
475 1421 563 1444 tamen
577 1417 673 1443 littera:
684 1423 776 1446 sensu.
793 1415 925 1443 referunt.

284 1462 341 1490 Hoc
355 1471 420 1498 ergo
438 1471 523 1499 genus
542 1462 741 1498 interpretandi
757 1469 862 1490 summe
871 1466 913 1490 est
929 1462 963 1489 ab
978 1461 1034 1488 Eu-

247 1508 325 1536 sebio
338 1508 550 1544 frequentatum.
571 1508 638 1535 Illud
656 1512 746 1535 autem
761 1507 918 1543 hujusmodi
935 1511 988 1539 est,
1004 1509 1035 1534 ut

247 1555 337 1582 sicubi
358 1555 463 1583 inimici
484 1555 658 1590 insurgentes
673 1560 699 1582 et
723 1554 923 1581 tumultuantes
943 1553 1035 1588 expri-

251 1605 373 1633 mantur,
389 1601 462 1636 quod
484 1601 512 1628 in
533 1601 648 1636 psalmis
664 1599 887 1636 frequentissime
901 1599 1033 1630 occurrit.

1080 307 1126 342 qui
1144 307 1305 341 plerumque
1320 305 1353 330 al)
1368 303 1520 330 Eusebiana
1535 301 1756 336 interpretatione
1781 300 1863 328 deﬂe-

1080 354 1140 385 ctit,
1159 360 1215 379 non
1230 359 1293 378 raro
1311 355 1400 377 tamen
1419 350 1464 376 iila
1481 356 1550 384 pene
1573 348 1606 375 ad
1629 347 1742 375 verbum
1766 347 1863 377 utitur,

1081 400 1134 428 etsi
1147 398 1271 426 breviore
1286 401 1316 424 ut
1330 395 1479 432 plurimum
1496 394 1586 430 stylo:
1605 401 1666 420 nam
1679 392 1821 422 Eusebius,
1835 396 1866 418 ut

1079 445 1135 480 jam
1163 444 1295 474 diximus,
1315 443 1352 470 ita
1370 441 1491 478 prolixas
1508 439 1622 468 subinde
1637 438 1763 473 periodos
1778 437 1865 469 ducit,

1082 491 1128 518 vix
1140 495 1170 518 ut
1185 490 1283 518 seriem
1298 488 1498 524 deprehendas,
1516 491 1542 514 et
1556 486 1603 513 ubi
1617 484 1778 515 sententiam
1791 483 1866 510 clau-

1082 537 1129 564 dat
1145 544 1200 564 non
1217 536 1255 562 ita
1271 535 1350 562 facile
1361 533 1524 568 comperias.
1542 531 1641 558 Asterii
1656 538 1720 557 vero
1733 530 1866 563 interpre-

1082 582 1150 608 tatio
1174 580 1273 615 psalmi
1299 587 1337 610 tv,
1367 586 1449 614 quam
1476 575 1674 605 commentario
1700 574 1810 602 Eusebii
1837 573 1867 600 in
1912 584 1922 593 ο

1083 627 1209 654 eumdem
1226 626 1361 662 psalmum
1380 624 1583 658 subjuuximus,
1607 630 1622 649 a
1644 620 1760 656 quodam
1786 619 1868 647 scho-

1083 673 1163 700 iiaste
1178 674 1284 700 invecta
1299 675 1352 703 est,
1374 670 1420 706 qui
1441 670 1578 697 Asterium
1604 668 1733 694 Arianum
1751 674 1812 693 esse
1826 666 1883 696 iu-,

1083 719 1168 751 dicat,
1187 719 1291 746 scilicet
1308 717 1458 752 sophistam
1471 716 1546 742 illum
1562 714 1764 743 circulatorem,
1783 713 1827 747 qui
1840 713 1868 739 in

1085 767 1154 802 ipsis
1169 765 1316 792 Arianismi
1337 763 1459 792 exordiis
1481 765 1575 789 contra
1592 761 1742 788 catholicos
1760 759 1869 786 antisti-

1084 819 1126 842 tes
1142 813 1288 841 classicum
1310 811 1436 842 canebat,
1461 813 1490 837 et
1513 809 1664 836 doctrinam
1688 808 1721 836 de
1738 807 1806 834 Filio
1823 807 1868 833 Dei

1085 859 1242 895 spargebat,
1270 857 1311 885 vel
1335 857 1394 892 ipsa
1411 855 1537 882 Arianica
1555 853 1726 881 deteriorem.
1754 852 1794 879 Ex
1818 855 1869 879 hoc

1085 910 1175 933 autem
1188 904 1337 940 specimine
1348 902 1547 938 deprehendas,
1563 901 1699 928 Asterium
1716 899 1814 934 partim
1830 899 1871 925 lit-

1086 952 1211 981 teralem,
1229 949 1328 985 partim
1347 948 1562 984 mystagogicum
1588 945 1786 980 interpretandi
1810 952 1870 971 mo-

1084 1006 1142 1025 rem
1158 999 1291 1025 sectatum
1310 1005 1316 1022 :
1334 1002 1385 1022 nec
1409 995 1444 1021 iis
1470 994 1570 1029 ingenii
1587 993 1771 1026 doctrinaeque
1785 991 1871 1026 parti—

1086 1042 1137 1070 bus
1155 1041 1331 1072 instructum,
1348 1047 1408 1074 quae
1423 1039 1540 1066 fuissent
1556 1038 1589 1064 ad
1607 1041 1710 1064 tantum
1726 1044 1795 1072 opus
1809 1044 1872 1072 per-

1087 1087 1231 1115 ficiendum
1248 1087 1327 1114 satis.
1354 1085 1522 1113 Scholiastes
1539 1092 1622 1120 porro
1645 1084 1690 1112 ille
1716 1091 1769 1111 non
1790 1084 1871 1110 Aste-

1085 1135 1155 1161 rium
1177 1133 1260 1160 modo
1285 1133 1410 1160 Arianiea
1434 1132 1495 1160 labe
1518 1138 1658 1164 aspersum
1682 1130 1802 1159 indicat.
1823 1129 1871 1156 sed

1086 1181 1168 1208 etiam
1182 1179 1342 1210 Eusebium,
1365 1179 1453 1206 sicubi
1477 1178 1511 1204 ad
1538 1177 1724 1204 Arianismum
1739 1175 1871 1207 deﬂectit,

1087 1230 1117 1254 ut
1130 1226 1261 1252 Ariauum
1277 1224 1406 1256 traducit,
1424 1227 1454 1250 ut
1470 1231 1519 1250 suo
1531 1223 1592 1249 loco
1603 1222 1705 1249 videas.

1085 1283 1126 1308 Vl.
1135 1281 1253 1312 Antiquis
1274 1279 1451 1312 interpretibus
1464 1279 1609 1334 frequenter
1624 1277 1710 1301 utitur.
1720 1276 1780 1301 LXX
1793 1276 1872 1300 Inter-

1428 1317 1472 1334 nre
1485 1316 1521 1334 es.

1428 1317 1521 1342 pretes.

1120 1365 1192 1392 Nihil
1219 1369 1309 1392 autem
1336 1364 1380 1392 his
1403 1363 1432 1390 in
1457 1361 1662 1390 commentariis
1687 1361 1872 1395 prmstantius,

1087 1412 1155 1440 nihil
1173 1411 1320 1446 pretiosius
1346 1409 1568 1445 frequentissimo
1586 1408 1632 1434 illo
1649 1411 1771 1434 veterum
1788 1407 1873 1433 inter-

1088 1462 1194 1494 pretum
1213 1465 1275 1485 usu.
1291 1457 1399 1485 Atenim
1416 1456 1503 1484 multo
1518 1455 1595 1490 plura
1610 1462 1643 1482 ex
1657 1454 1765 1488 Aquila,
1782 1452 1874 1480 Theo-

1087 1506 1198 1534 dotione
1226 1508 1252 1532 et
1274 1503 1439 1539 Symmacho
1464 1502 1542 1530 alfert
1568 1501 1713 1532 Eusebius,
1739 1508 1820 1535 quam
1846 1500 1874 1526 in

1090 1552 1181 1579 Drusii
1209 1551 1251 1578 vel
1273 1549 1373 1577 Nobilii
1399 1548 1606 1576 collectionibus
1628 1555 1742 1582 usquam
1764 1553 1875 1581 compa-

1090 1603 1179 1630 reant,
1195 1598 1232 1624 ita
1248 1600 1277 1623 ut
1294 1596 1354 1631 ejus
1368 1594 1534 1622 adminiculo
1549 1601 1603 1620 non
1623 1601 1686 1620 raro
1699 1593 1818 1628 psalmos
1834 1593 1876 1619 iu—

248 1646 277 1673 id
291 1647 333 1674 vel
346 1646 379 1673 ad
390 1645 499 1674 Iudaeos
516 1651 612 1673 contra
628 1646 767 1674 Christum
785 1646 932 1673 frementes
944 1649 1038 1672 etma-
1051 1637 1073 1666 ῧ
1091 1649 1194 1680 tegros,
1210 1653 1243 1672 ex
1264 1643 1421 1680 Symmachi
1438 1640 1556 1670 maxime
1569 1641 1706 1672 versione,
1725 1644 1877 1667 restaurare

250 1691 413 1723 chinantes,
429 1692 469 1719 vel
482 1691 514 1718 ad
527 1691 677 1718 Ecclesium
693 1691 727 1718 ab
743 1691 879 1721 hostibus,
900 1690 1005 1717 scilicet
1022 1696 1037 1715 a

254 1737 426 1774 principibus
441 1737 524 1771 hujus
537 1736 640 1768 saeculi,
668 1740 714 1762 aut
734 1743 749 1762 a
764 1735 935 1763 daemonibus
952 1742 1039 1769 oppu~

253 1787 374 1819 gnalam,
390 1782 432 1809 vel
446 1782 480 1809 ad
503 1781 608 1808 ﬁdelem
633 1781 751 1808 animam
767 1784 891 1808 vexatam
908 1788 923 1806 a
939 1779 1039 1814 spiriti-

253 1829 301 1856 bus
313 1828 472 1861 immundis,
490 1828 624 1855 referatur
644 1837 650 1855 :
668 1827 691 1855 si
709 1827 769 1854 laeta
784 1830 811 1854 et
834 1826 956 1861 jucunda
975 1825 1040 1853 effe-

252 1879 360 1907 rantur,
386 1874 491 1902 coelesti
513 1873 707 1909 Jerosolymm,
733 1873 792 1901 sive
817 1873 965 1904 Ecclesiae,
992 1880 1040 1900 seu

253 1922 405 1950 Christiani
418 1921 565 1956 cujuslibet
578 1921 686 1953 animae,
699 1923 786 1947 totum
803 1919 975 1947 adscribatur
990 1928 997 1945 :
1017 1917 1041 1945 si

256 1967 369 1995 ﬂumina
393 1966 554 1996 inundantia
570 1970 767 1997 memorentur,
792 1965 819 1992 id
839 1964 873 1992 de
894 1963 1041 1991 conﬂuenti

254 2015 288 2042 ad
312 2013 413 2042 Christi
441 2012 593 2040 doctrinam
616 2012 736 2047 gentium
750 2010 925 2038 multitudine
941 2009 1042 2037 intelli-

255 2064 346 2096 gatur.
361 2060 447 2093 Quam
461 2059 624 2094 explanandi
642 2058 725 2090 viam,
738 2065 794 2084 non
805 2056 939 2085 Eusebius
949 2056 1040 2087 modo,

256 2106 304 2133 sed
326 2105 408 2133 etiam
425 2104 587 2132 Theodorus
612 2102 796 2135 Heracleotes,
817 2101 1041 2137 Chrysostomus.

257 2151 447 2179 Theodoretus
469 2154 498 2178 et
521 2150 567 2178 alii
583 2149 707 2185 plerique
723 2147 820 2176 sectati
845 2150 920 2178 sunt,
945 2153 999 2180 qua
1014 2146 1042 2172 in

257 2202 336 2234 parte
359 2197 385 2225 si
408 2204 493 2224 unum
518 2196 606 2227 noris,
629 2201 725 2222 omnes
740 2193 826 2220 noris.
842 2191 936 2226 Neque
953 2196 1043 2218 tamen

258 2244 336 2272 inter
365 2242 566 2278 mystagogicas
603 2239 842 2275 interpretationes
870 2237 1045 2271 accenseudze

257 2290 324 2321 illa,
336 2297 397 2324 quae
413 2289 531 2315 litteram
546 2288 633 2322 ipsam
644 2286 676 2313 ad
693 2293 777 2313 unum
790 2284 929 2313 Christum
946 2284 1042 2311 referri

1092 1691 1185 1718 liceat.
1210 1690 1273 1718 Illas
1298 1697 1381 1725 porro
1400 1687 1650 1720 versiones,modo
1665 1686 1698 1713 ad
1720 1685 1876 1717 litteralem,

1092 1737 1174 1764 modo
1199 1736 1233 1763 ad
1263 1735 1476 1772 mystagogicam
1508 1734 1685 1761 asscrendam
1715 1733 1876 1760 sententiam

1094 1785 1208 1817 usurpat
1225 1791 1231 1809 :
1248 1788 1445 1816 nonnunquam
1460 1780 1492 1806 ad
1513 1779 1606 1806 decem
1621 1786 1718 1806 versus
1735 1786 1789 1805 una
1809 1779 1880 1806 serie

1093 1828 1171 1856 aﬂ‘ert
1188 1838 1194 1855 :
1212 1828 1452 1863 expositionesque
1473 1833 1566 1852 eorum
1595 1822 1773 1858 Septuaginta
1793 1823 1878 1850 inter-

1093 1877 1200 1908 pretum
1217 1873 1338 1900 versioni
1366 1870 1571 1906 anteponendas
1599 1869 1697 1896 asserit
1709 1868 1780 1895 haud
1795 1868 1880 1895 infre-

1094 1923 1218 1954 quenter.
1234 1919 1359 1954 Aquilam
1375 1917 1516 1945 Hebraicat
1528 1916 1625 1943 litterae
1638 1913 1881 1947 servientem,8w-

1095 1966 1206 1993 λεύοντα
1216 1967 1249 2002 τῇ
1272 1965 1404 2001 Ἐϐραῖκῇ
1419 1964 1502 1997 λέξει,
1518 1963 1562 1990 hic
1573 1966 1600 1990 et
1613 1963 1642 1990 in
1663 1961 1809 1996 evangelica
1828 1960 1880 1987 De-

1095 2012 1285 2040 monstratione
1301 2011 1395 2038 multis
1409 2011 1437 2038 in
1453 2010 1521 2038 locis
1539 2012 1691 2044 nuncupat.
1709 2007 1734 2035 Is
1752 2007 1880 2034 nimirum

1095 2061 1133 2087 ita
1157 2059 1253 2086 littera:
1275 2057 1364 2089 bassit,
1382 2061 1412 2084 ut
1428 2057 1493 2084 dum
1514 2056 1597 2084 verba
1620 2055 1755 2087 redderet,
1772 2057 1882 2081 senten-

1097 2107 1164 2132 tiam
1181 2112 1235 2132 non
1252 2105 1289 2131 ita
1304 2103 1453 2131 curaverit.
1470 2101 1663 2138 Symmachum
1686 2108 1756 2135 smpe
1771 2099 1882 2126 mirabi-

1097 2151 1148 2177 lem
1158 2149 1223 2177 dicit
1239 2149 1424 2183 interpretem,
1436 2147 1551 2182 ejusque
1562 2146 1688 2174 versione
1699 2145 1785 2172 utitur
1798 2145 1882 2172 liben-

1096 2195 1162 2226 tius,
1178 2193 1349 2229 frequentius
1365 2196 1392 2220 et
1406 2192 1555 2227 copiosius.
1572 2191 1675 2218 Ambos
1690 2194 1781 2217 tamen
1799 2189 1838 2216 ait
1853 2189 1881 2215 in

1098 2242 1211 2276 gratiam
1226 2240 1384 2268 Judaeorum
1408 2239 1566 2275 prophetias
1577 2238 1610 2266 de
1625 2238 1735 2266 Christo
1754 2237 1834 2264 aliam
1854 2236 1882 2263 in

1098 2287 1261 2316 sententiam
1289 2287 1429 2314 derivasse
1464 2295 1470 2312 :
1508 2284 1732 2320 Ἰουδαῖχώτερον,
1757 2284 1797 2311 sic
1826 2283 1882 2314 ille,

258 2342 310 2362 nec
336 2333 523 2369 infrequenter
545 2332 742 2367 comprobant;
763 2334 793 2358 ut
808 2330 925 2365 exempli
948 2337 1037 2361 causa,

1104 2333 1220 2365 Ἀκύλας
1236 2333 1284 2361 καὶ¹
1298 2333 1444 2369 Σύμμαχος
1459 2333 1508 2368 τὴν
1532 2331 1679 2368 ἑρμηνείαν
1703 2329 1882 2360 ἑκτεθείκασι,

259 2387 322 2408 cum
333 2377 468 2407 Eusebius
488 2378 622 2414 psalmum
639 2385 706 2409 xvu,
723 2377 804 2409 Deus,
821 2375 892 2403 Deus
905 2384 989 2408 meus,
1003 2384 1045 2402 re-

259 2426 332 2460 spice
343 2425 370 2452 in
386 2433 437 2457 ine,
456 2424 484 2452 in
506 2431 560 2452 uno
576 2423 686 2450 Christo
701 2421 842 2456 impletum
857 2427 918 2448 esse
932 2427 1043 2448 asseve-

259 2475 303 2498 rat
319 2481 329 2498 :
343 2471 370 2498 in
387 2471 440 2498 hoc
453 2471 527 2498 enim
540 2473 567 2497 et
581 2469 609 2496 in
619 2468 767 2500 similibus,
793 2471 822 2493 ut
843 2473 923 2494 nemo
934 2473 989 2493 non
1007 2465 1046 2492 fa-

259 2522 361 2551 teatur,
377 2525 476 2545 sensus
487 2517 545 2551 ipse
556 2514 682 2542 litteralis
696 2513 837 2541 Christum
848 2511 969 2547 respicit.
983 2511 1046 2538 liatc

259 2565 293 2593 de
309 2562 507 2600 interpretandi
523 2562 577 2590 ritu
590 2561 663 2588 dicta
678 2564 770 2588 sunto.

323 2619 353 2644 ν.
369 2618 491 2644 Eusebius
501 2617 635 2649 Origenem
648 2616 771 2647 sequitur,
784 2614 827 2640 alii
842 2614 984 2639 Eusebium.

295 2660 431 2688 Caeterum
456 2659 593 2687 Eusebius
618 2657 744 2693 Origeuis
766 2656 952 2692 expositiones
975 2654 1048 2682 haud

259 2709 379 2735 obscure
405 2710 538 2740 sectatur,
556 2709 613 2733 tam
632 2704 705 2740 quod
729 2703 764 2731 ad
780 2703 866 2738 ipsam
883 2700 1047 2737 explanandi

261 2755 406 2786 rationem,
432 2760 513 2788 quam
536 2752 610 2788 quod
631 2752 665 2779 ad
678 2751 824 2779 verborum
841 2749 959 2780 seriem;
975 2752 1005 2775 ut
1019 2748 1048 2775 in

260 2799 459 2834 manuscriptis
484 2802 512 2826 et
536 2798 618 2826 editis
643 2797 749 2825 catenis
776 2794 867 2822 videre
886 2797 928 2821 est
952 2803 958 2820 :
984 2800 1048 2820 nam

262 2846 479 2873 commentarios
496 2844 623 2880 Origenis
637 2843 732 2879 plenos
749 2842 924 2877 integrosque
943 2838 1048 2874 jamdiu

262 2891 406 2923 amisimus
422 2901 429 2918 :
446 2891 507 2926 ejus
525 2899 605 2927 porro
619 2887 829 2918 commentarios
845 2885 929 2914 semel
949 2892 1049 2913 memo-

297 2951 335 2982 (a)
346 2942 411 2982 i’ag.
421 2948 485 2978 510.

1099 2379 1125 2406 id
1138 2383 1189 2410 est,
1206 2378 1286 2405 Modo
1308 2378 1341 2405 ad
1362 2377 1506 2404 Iudaicam
1521 2376 1667 2403 doctrinam
1686 2374 1793 2409 propius
1808 2381 1883 2400 accc-

1098 2424 1185 2456 denle,
1202 2424 1299 2459 Aquila
1315 2429 1340 2451 et
1356 2423 1530 2458 Symmachus
1551 2420 1716 2455 interpretati
1730 2424 1800 2446 sunt.
1816 2415 1884 2444 Nam

1099 2470 1126 2497 in
1144 2470 1374 2497 Demonstrationc
1397 2467 1546 2503 evangelica
1561 2467 1599 2502 (α)
1621 2466 1658 2493 ait
1675 2470 1819 2498 utrumque
1833 2462 1882 2490 Juv

1100 2517 1188 2544 datum
1206 2519 1253 2543 aut
1271 2515 1476 2543 semi-Juda-um
1488 2513 1583 2540 fuisse.
1593 2511 1805 2538 Theodotioncm
1822 2517 1884 2536 cum

1101 2562 1182 2590 laude
1206 2565 1357 2593 memorat,
1386 2565 1414 2588 et
1443 2563 1600 2587 accuratum
1630 2558 1806 2591 interpretem
1836 2555 1883 2582 ait.

1101 2607 1202 2641 Quinta
1219 2607 1310 2634 minus
1323 2605 1489 2640 frequenter,
1506 2602 1587 2630 Sexta
1602 2609 1666 2629 vero
1686 2600 1828 2627 rarissime
1843 2599 1886 2626 in-

1101 2652 1342 2688 terpretationibus
1370 2650 1467 2678 utitur.
1484 2649 1569 2676 Notas
1591 2647 1619 2674 in
1643 2645 1801 2681 hujusmodi
1824 2652 1887 2672 ver-

1102 2700 1194 2727 sioncs
1209 2706 1286 2726 raras
1298 2702 1325 2725 et
1337 2696 1515 2724 brevissimas
1527 2694 1651 2722 dedimus
1665 2702 1671 2720 :
1687 2692 1751 2728 quia
1763 2698 1779 2718 a
1794 2691 1886 2718 multis

1099 2747 1156 2782 jam
1182 2745 1262 2772 annis
1287 2743 1321 2770 ad
1344 2742 1526 2776 Hexaploruiu
1555 2742 1681 2773 excerpta
1695 2746 1729 2765 ex
1744 2737 1887 2765 codicibus

1102 2799 1164 2819 cum
1192 2790 1273 2818 editis
1297 2793 1354 2817 tum
1383 2787 1579 2822 manuscriptis
1600 2784 1752 2818 colligenda
1765 2783 1886 2811 animum

1102 2836 1194 2872 appuli
1220 2846 1227 2864 :
1252 2835 1380 2871 quodque
1409 2833 1492 2861 habui
1524 2831 1629 2859 caeteris
1653 2838 1714 2866 quae
1735 2827 1885 2856 tractabant

1105 2884 1164 2916 otii,
1184 2883 1248 2911 huic
1266 2881 1414 2918 provincia:
1439 2879 1595 2909 consecravi
1616 2889 1623 2907 :
1641 2883 1666 2906 et
1681 2878 1736 2913 jam
1751 2878 1826 2902 tanta
1839 2881 1889 2902 eo-
