2055 3214
162 188 199 217 25
554 187 809 222 COMMENTARIA
829 187 862 214 IN
880 185 1047 214 PSALMOS.
1065 202 1099 206 -—-
1115 183 1386 212 PRELIMINARIA.
1753 185 1789 213 96

161 256 221 276 rum
238 254 361 275 sccessm
375 243 446 274 iacta
461 251 515 278 est,
528 250 559 274 ut
570 246 724 282 quadruplo
751 247 846 274 saltem
871 246 949 282 plura

1001 244 1088 280 θρασὺ
1104 244 1150 270 καὶ
1165 242 1309 278 προπετές.
1323 241 1438 268 arbitror
1455 241 1521 269 illud
1537 250 1603 273 em,
1618 243 1790 276 pronuntiare

160 300 245 328 penes
257 300 308 320 nos
323 293 483 322 habeamus.
497 289 578 327 quam
590 293 717 320 Nobilius
729 297 756 319 et
769 291 882 319 Drusius
896 292 950 319 edi-

160 339 261 367 derint.
288 338 341 366 His
363 339 518 374 propediem
546 343 709 374 postremam
728 339 873 366 admovere
890 345 949 365 ma-

162 392 236 416 num,
246 391 334 419 eaque
345 384 484 419 publicare
499 385 606 412 animus
621 390 673 413 est.
683 385 773 417 Quare
789 392 802 410 a
818 384 950 419 prolixio-

160 430 237 457 ribus
260 430 288 457 in
314 434 420 458 veteres
449 430 612 465 interpretes
630 432 704 458 notis
720 430 846 458 consulto
865 430 950 457 absti-

160 477 284 507 nuimus,
296 484 330 504 ne
344 476 395 504 sub
414 476 472 504 hazc
487 482 577 504 actum
596 484 675 512 agere
690 483 859 512 cogeremur.

195 522 239 549 Ait
254 522 389 550 Eusebius
406 522 581 558 Septuaginta
602 521 767 557 lnterprcles
785 529 847 549 cum
857 521 949 549 Ptole-

161 569 398 604 maaiPhiladelphi
413 573 534 604 tempore
550 568 687 596 vertendis
703 568 850 603 Scriptum
865 575 950 595 sacrae

161 615 239 643 libris
254 622 365 650 operam
382 615 490 647 darent,
503 616 563 642 loca
588 614 723 650 quaedam,
742 615 819 649 queis
847 613 949 641 Christi

161 666 239 689 ortus
264 661 385 696 apertius
412 661 652 697 prmnuntiaretur,
676 667 710 687 ne
731 660 757 686 in
781 659 947 691 Graecorum,

159 708 261 743 quibus
276 707 367 734 versio
383 707 541 742 parabatur,
558 706 683 734 notitiam
697 705 832 735 venirent.
850 705 949 732 obscu-

158 761 219 781 rius
233 754 427 788 interpretatos
455 761 525 781 esse.
545 752 603 786 Qua
624 753 658 779 de
674 760 703 779 re
722 751 862 778 adeundus
879 751 946 786 ipse.

159 808 222 828 cum
243 800 340 835 psalmi
362 807 474 831 nam,
495 799 682 826 Fundamenta
703 799 759 833 ejus
776 798 803 825 in
818 797 948 824 montibus

158 848 270 880 sanctis,
288 847 484 882 expositionem
506 847 572 874 edit.
590 846 643 874 Nec
659 847 767 874 silentio
782 844 948 872 mittendum

157 898 212 926 est,
226 893 372 921 Eusebium
386 901 507 929 persaepe
520 893 669 928 Scriptura:
686 900 769 920 sacra:
782 893 841 919 loca
855 899 944 923 secus,

157 947 241 975 quam
258 940 285 967 in
301 940 501 974 exemplaribus
519 939 659 967 hodiernis
689 940 826 974 leguntur,
841 937 946 970 afferre,

157 986 258 1021 partim
290 985 362 1020 quod
392 986 557 1021 exemplaria
589 994 637 1012 sua
666 986 768 1012 variam
798 984 942 1011 lectionem

156 1031 330 1066 praeferrent,
352 1031 451 1066 partim
485 1031 556 1066 quod
586 1031 631 1058 ille
663 1037 856 1065 nonnunquam
885 1029 944 1057 sine

157 1077 258 1112 praevia
289 1076 440 1103 monitione
466 1077 582 1103 aliorum
611 1076 787 1111 interpretum
813 1075 944 1104 lectiones

157 1121 310 1149 admisceat
328 1131 336 1149 :
354 1122 452 1156 partim
470 1121 550 1149 etiam
569 1122 639 1156 quod
662 1122 820 1156 plerumque
842 1129 945 1148 memo-

158 1169 226 1196 riter
244 1167 448 1203 Scripturarum
465 1168 535 1195 dicta
553 1169 686 1201 enuntiet,
703 1176 735 1196 ac
754 1176 903 1204 synonyma
919 1173 944 1196 et

156 1218 289 1242 extranea
307 1214 389 1242 verba
406 1214 561 1241 interscrat.

471 1270 584 1297 CAPUT
606 1269 638 1297 ι’.

240 1325 274 1346 DE
288 1325 373 1346 REBUS
389 1325 542 1345 DOCTRINA!
560 1325 756 1345 SPECTANTIBUS
773 1325 799 1344 IN
815 1325 864 1345 HOC

455 1360 655 1380 COSHIEN'IARIO.

161 1408 185 1438 1.
204 1409 236 1436 In
253 1410 424 1444 scriptoribus
441 1410 524 1436 sacris
541 1418 572 1436 ne
589 1409 725 1436 minimum
744 1409 834 1436 vitiant
850 1408 947 1436 admit-

198 1446 231 1472 tt't
244 1445 382 1472 Eusebius.
397 1444 440 1472 Η.
454 1444 612 1472 Sanctorum
627 1444 719 1470 merita
736 1444 810 1470 nobis
825 1444 947 1479 prodesse

195 1485 282 1509 nutat.
301 1480 361 1507 111.
382 1479 477 1507 Veram
494 1479 594 1507 Christi
608 1480 633 1506 in
648 1479 814 1506 Eucharistia
833 1488 948 1513 prtcsert-

196 1517 263 1542 tiam
274 1515 403 1542 declarat.
420 1514 470 1543 IV.
485 1515 555 1548 Quid
570 1515 601 1541 de
618 1514 698 1541 libero
715 1514 825 1541 arbitrio
841 1515 945 1541 sentiat.

203 1550 234 1578 V.
253 1550 373 1578 Gratiam
394 1550 579 1584 indi/[‘erentiw
595 1550 629 1576 ad
645 1549 808 1579 utrumlibet,
825 1557 870 1576 seu
891 1557 948 1576 ver-

198 1587 313 1618 satilem,
326 1586 411 1612 docet.
422 1585 468 1612 VI.
488 1585 522 1612 Et
539 1585 795 1619 prwdeslinationem
809 1589 866 1619 post
879 1591 948 1619 prte—

197 1623 254 1648 visa
263 1621 369 1648 merita.

199 1677 278 1705 Haud
306 1677 441 1712 ingratum
467 1677 562 1704 lectori
591 1676 648 1704 fore
672 1684 824 1712 speramus,
849 1676 871 1704 si
888 1684 949 1712 quae

170 1724 284 1758 sparsim
299 1724 434 1758 variisque
451 1723 478 1750 in
495 1723 574 1753 locis.
590 1731 644 1758 quo
671 1722 727 1751 fors
750 1723 822 1755 tulit,
838 1723 949 1750 inducta

170 1775 232 1797 sunt
256 1769 384 1797 doctrinae
407 1770 507 1805 capita,
532 1769 576 1796 hic
604 1769 630 1796 in
657 1777 740 1796 unum
765 1770 878 1797 collecta
898 1769 950 1804 ipsi

169 1815 322 1847 oﬂ'eramus,
338 1823 400 1843 cum
420 1815 453 1842 ad
471 1823 581 1856 manum
596 1815 675 1843 nobis
691 1815 726 1843 sit
743 1823 786 1848 ea,
802 1823 862 1851 qua:
881 1815 950 1843 ιιεεί-

168 1858 219 1885 dua
243 1859 404 1887 tractatione
427 1859 491 1886 hinc
508 1858 571 1886 inde
585 1859 782 1895 decerpsimus,
798 1868 852 1887 una
876 1868 950 1887 com-

169 1905 261 1938 plecti;
284 1908 314 1932 ut
337 1905 431 1933 labore
455 1905 584 1932 diuturno
605 1909 681 1940 parta
705 1905 834 1933 harumce
859 1913 949 1932 rerum

169 1950 271 1983 notitia,
305 1950 422 1978 eruditis
456 1951 569 1986 ingrata:
601 1950 808 1986 perquisitionis
840 1951 949 1978 taedium

169 1995 245 2024 levet.

196 2050 215 2076 1.
227 2050 254 2076 In
265 2051 428 2083 scriptoribus
440 2051 516 2107 εδει-ξ
533 2052 700 2107 nebminimum
714 2051 798 2077 vitium
815 2052 922 2077 admittit

519 2090 562 2107 use
581 2090 626 2107 ius.

519 2090 626 2108 ιιςευιυς.

204 2135 334 2163 ὢςῑίιιιθι
351 2135 483 2163 Eusebius
508 2144 562 2163 non
588 2137 647 2164 sine
673 2136 786 2163 audacia
803 2140 829 2163 et
842 2135 951 2163 temeri-

169 2186 224 2209 tate
239 2182 314 2209 credi
331 2189 422 2217 posse,
443 2181 592 2217 scriptores
613 2182 684 2215 illos,
702 2182 748 2217 qui
765 2181 872 2208 aﬂlante
896 2181 951 2208 Nu-

169 2228 239 2256 mine
264 2228 374 2256 divinas
398 2228 478 2256 nobis
505 2228 610 2255 litteras
623 2227 848 2258 transmiserunt,
865 2227 905 2254 vel
924 2227 952 2254 in

169 2273 288 2301 minimis
307 2281 430 2307 errasse;
450 2274 487 2300 ita
505 2273 631 2301 utetiam
648 2281 747 2301 nomen
764 2280 815 2308 pro
836 2272 889 2299 alio
908 2272 949 2300 vel
967 2289 987 2317 ι)

169 2326 199 2346 ex
215 2319 396 2354 imprudentia
413 2320 454 2347 vel
470 2327 501 2347 ex
517 2319 693 2354 incogitantia
706 2319 906 2347 substituerint.
921 2318 949 2345 id

170 2365 267 2393 diserte
292 2365 341 2397 ait,
366 2366 536 2401 explanando
550 2366 668 2393 'titulum
692 2365 789 2401 psalmi
808 2373 907 2399 χχχιιι,
923 2365 950 2392 in

169 2419 222 2446 quo
242 2411 343 2438 dicitur
357 2412 516 2439 immutasse
538 2411 623 2439 David
646 2412 749 2438 vultum
765 2419 844 2439 suum
859 2418 951 2438 coram

170 2457 323 2484 Abimelech
352 2467 359 2484 :
387 2457 614 2485 ubiAchimelech
639 2457 795 2493 legendum,
819 2461 901 2493 atque
923 2457 951 2484 in

170 2502 378 2538 exemplaribus,
394 2503 451 2529 belli
482 2511 510 2530 ιιι
539 2502 602 2536 capit
627 2507 758 2530 mutatum
778 2502 862 2530 fuisse
875 2505 952 2538 putat

171 2546 302 2576 Eusebius
317 2558 325 2576 ε
341 2548 414 2584 quod
438 2556 504 2576 sane
529 2549 565 2575 ob
590 2548 739 2576 litterarum
758 2547 815 2576 brth
839 2552 866 2576 et
881 2548 947 2585 cap't

173 2593 240 2622 inter
250 2602 280 2622 se
295 2594 450 2626 afﬁnitatem
463 2594 591 2629 perfacile
604 2594 663 2622 fuit.
677 2594 746 2621 Tum
761 2594 842 2621 allata
856 2601 950 2622 eorum

173 2641 303 2668 sententia
316 2641 363 2676 qui
377 2641 510 2673 dicerent,
527 2638 698 2668 Achimelech
713 2649 762 2675 pro
780 2641 863 2669 Achis
880 2640 954 2676 posi-

172 2691 226 2713 tum
249 2686 343 2721 fuisse,
359 2687 451 2722 ibique
464 2687 507 2721 agi
522 2686 556 2715 de
569 2686 680 2714 Davidis
701 2686 728 2713 in
750 2686 817 2715 Geth
834 2687 953 2722 peregri.

171 2732 290 2764 natione,
304 2733 352 2760 ubi
366 2740 428 2760 cum
442 2732 593 2768 periculum
617 2731 714 2766 capitis
731 2731 895 2763 immineret,
911 2730 953 2757 inn

169 2779 274 2806 saniam
298 2779 344 2807 ille
373 2779 521 2810 simulavit,
538 2782 564 2805 et
587 2777 740 2804 immutavit
751 2777 856 2804 vultum
872 2784 952 2804 suum

170 2831 260 2852 coram
275 2823 358 2852 Achis
376 2832 439 2859 rege
463 2824 548 2857 Geth;
565 2824 622 2851 hzec
644 2824 671 2850 in
688 2823 831 2851 adversum
847 2823 953 2858 reponit

155 2868 215 2897 'ille
235 2880 242 2897 τ
263 2860 296 2895 At
308 2878 355 2906 ego
370 2870 458 2896 audax
473 2870 690 2904 temerariumque
706 2869 819 2903 facinus,
835 2868 912 2903 ἔργον
925 2867 953 2894 δὲ

205 2926 243 2960 (a)
253 2924 297 2952 Cl‘.
314 2925 350 2952 Dc
364 2927 556 2960 properatione
565 2934 668 2961 evang.,
685 2933 709 2960 p.
724 2925 784 2952 575.

1001 290 1163 324 conﬁdenter
1177 289 1293 316 divinam
1315 287 1482 322 Scripturom
1498 289 1601 323 lapsam
1617 297 1684 320 esse,
1700 293 1724 315 et
1737 288 1790 315 tale

1001 336 1092 362 vitium
1114 335 1248 369 praeferre,
1261 339 1289 361 ut
1302 342 1349 368 pro
1361 334 1417 361 viro
1430 334 1575 369 alienigena
1595 334 1717 361 sacerdos
1734 334 1789 360 Do-

1001 382 1064 407 mini
1079 386 1202 415 ponatur,
1219 388 1277 407 cum
1301 380 1416 406 maxime
1433 379 1564 406 llebraica
1587 379 1663 406 lectio
1685 384 1708 406 et
1726 380 1788 406 reli-

999 426 1044 461 qui
1060 427 1210 460 interpretes
1232 433 1319 451 omnes
1341 423 1506 451 Achimelech
1521 424 1720 459 circumferant.
1735 423 1788 451 Ubi

1000 475 1078 499 notes
1110 471 1190 499 velim
1216 470 1376 498 Hebraicam
1405 470 1548 496 lectionem
1576 470 1656 497 hodie
1675 462 1788 511 15mins:

1000 515 1186 547 circumferre,
1200 520 1227 543 et
1241 516 1268 542 in
1289 515 1391 542 Graecis
1410 515 1507 542 Bibliis
1525 515 1670 550 Ἀδιμὲλεχ
1689 524 1695 531 ·
1715 515 1788 543 unde

999 566 1073 597 patet
1086 562 1195 589 Eusebii
1207 561 1372 596 exemplaria
1388 561 1523 588 diversam
1542 561 1576 587 ab
1587 568 1629 594 ea,
1643 569 1703 595 quae
1715 569 1788 588 nime

1000 607 1124 639 habetur,
1143 606 1287 633 lectionem
1315 606 1479 640 pra-tulisse.
1517 603 1581 631 Utut
1613 614 1679 633 vero
1704 607 1739 634 sit
1754 607 1788 634 de

1000 652 1110 680 Eusebii
1128 652 1154 679 in
1172 655 1349 679 memoratum
1366 652 1476 679 titulum
1494 652 1635 687 opinione,
1652 660 1712 687 quae
1728 652 1786 679 ἴοι-ν

999 699 1082 726 tassis
1098 706 1152 726 non
1176 698 1302 725 omnibus
1319 698 1451 734 placitura
1477 703 1528 729 est,
1555 703 1631 734 putat
1647 707 1713 726 sane
1742 699 1788 726 ille

999 744 1077 772 nefas
1099 751 1160 771 esse
1175 743 1281 775 vitium,
1299 743 1322 770 si
1337 743 1410 778 quod
1425 744 1467 771 vel
1485 744 1626 772 minimum
1643 745 1742 777 subsit,
1760 745 1788 773 in

999 790 1159 825 scriptorem
1175 796 1284 816 sacrum
1300 788 1455 816 relundcre.

1091 844 1121 869 ιι.
1134 845 1278 870 Sanctorum
1289 845 1378 868 merita
1389 845 1459 870 nobis
1472 845 1591 876 prodesse
1605 848 1683 877 putat.

965 925 985 953 Β
1034 909 1079 936 Ait
1098 917 1153 936 non
1177 909 1260 936 semel
1276 908 1410 936 Eusebius
1424 913 1593 942 sanctorum,
1609 910 1667 938 sive
1683 915 1786 946 marty-

1001 962 1072 989 rum,
1083 955 1140 983 sive
1152 955 1268 982 aliorum‘
1278 954 1332 982 Deo
1338 959 1509 989 acceptorum
1525 955 1665 983 hominum
1676 956 1784 988 merita.

995 1000 1117 1028 subsidio
1137 1000 1208 1035 apud
1232 1000 1315 1027 Deum
1331 1000 1410 1028 nobis
1421 1009 1491 1028 esse.
1518 1001 1564 1029 Sic
1579 1001 1648 1037 psal.
1670 1009 1785 1034 Lxxvut,

993 1053 1063 1074 vers.
1077 1046 1125 1074 it):
1143 1047 1184 1073 Ad
1195 1046 1250 1074 hac
1261 1047 1288 1073 in
1297 1047 1415 1083 precibus
1428 1051 1539 1081 tempore
1550 1048 1736 1082 persecutionis
1745 1047 1788 1075 di-

994 1093 1077 1119 cenda
1099 1093 1275 1126 instituimur,
1296 1092 1443 1120 hostiarum
1469 1098 1492 1120 et
1504 1092 1716 1120 holocaustorum
1730 1094 1787 1121 loco

994 1139 1146 1173 sanguinem
1156 1143 1308 1165 sanctorum
1320 1142 1465 1173 martyrum
1474 1143 1688 1173 proponentes,ac
1694 1138 1788 1173 hujus-

995 1184 1065 1211 ηιοαί
1075 1185 1277 1219 supplicationes
1285 1186 1429 1212 einittentes
1438 1185 1484 1216 ,‘Iet
1493 1193 1563 1212 vers.
1577 1185 1604 1212 il
1617 1195 1623 1212 :
1638 1184 1664 1212 Ν
1666 1194 1694 1212 os
1705 1187 1788 1221 siqui—

995 1229 1052 1256 dem
1064 1239 1114 1257 non
1123 1231 1195 1266 digni
1208 1231 1292 1259 habili
1306 1240 1397 1259 sumus
1407 1232 1452 1266 qui
1461 1231 1494 1258 ad
1510 1231 1589 1266 ﬁnem
1601 1240 1679 1267 usque
1687 1237 1799 1259 certare.

995 1284 1064 1307 mus,
1077 1284 1108 1302 ae
1116 1284 1163 1310 pro
1177 1276 1230 1304 Deo
1245 1277 1396 1312 sanguinem
1407 1277 1592 1312 funderentus;
1607 1269 1653 1304 sed
1662 1278 1723 1313 quia
1736 1278 1787 1312 filii

995 1329 1086 1348 sumus
1103 1329 1193 1348 eorum
1210 1323 1255 1358 qui
1269 1323 1324 1349 lucc
1344 1328 1403 1349 sunt
1421 1323 1550 1357 perpessi,
1566 1323 1662 1349 virtute
1680 1328 1786 1358 patrum

997 1371 1149 1394 nostrorum
1164 1369 1263 1401 ornati,
1283 1376 1422 1403 precamur
1435 1374 1464 1396 ut
1480 1369 1586 1396 illorum
1606 1370 1693 1405 gratia
1708 1369 1786 1396 mira—

999 1413 1143 1440 ricordiam
1160 1421 1362 1449 consequamur.

1030 1468 1072 1494 Ill.
1082 1469 1172 1495 Veram
1181 1470 1269 1496 Christi
1279 1471 1303 1495 in
1314 1470 1464 1496 Eucharistia
1475 1471 1630 1503 praesentiam
1637 1472 1753 1496 declarat.

1036 1521 1134 1549 Veram
1159 1522 1261 1550 Christi
1292 1522 1319 1549 in
1345 1522 1517 1550 Eucharistia
1547 1524 1718 1558 przesentiam
1748 1523 1786 1558 (a)

999 1567 1142 1603 proﬁtetur
1165 1575 1227 1595 cum
1252 1568 1324 1595 hunc
1361 1575 1467 1596 versum
1500 1569 1656 1602 explicans.
1684 1568 1788 1596 Cibavit

962 1611 1041 1642 Ceos
1083 1621 1116 1640 ea;
1147 1614 1223 1648 adipe
1243 1613 1379 1647 frumenti,
1397 1618 1422 1640 et
1446 1613 1478 1640 de
1501 1619 1575 1648 petra
1602 1614 1677 1641 melle
1711 1619 1787 1641 satu-

999 1661 1067 1687 ravit
1096 1667 1139 1686 eos
1164 1659 1252 1694 (Psal.
1278 1666 1362 1691 LXXX,
1389 1659 1444 1694 i7),
1471 1660 1508 1686 ait
1529 1668 1535 1686 :
1555 1659 1633 1685 Κατὰ
1664 1659 1743 1686 τοῦτο
1759 1660 1788 1686 δὲ

999 1706 1117 1741 ἐπλήρου
1144 1703 1314 1737 καταξιώσας
1329 1705 1427 1737 αὐτοὺς
1443 1705 1492 1740 τῆς
1510 1705 1613 1737 οἰκείας
1626 1705 1739 1741 τροφῆς,
1756 1706 1788 1733 οὺ

1001 1752 1080 1788 μόνον
1093 1751 1260 1786 σωματικῆς,
1273 1750 1340 1777 ἀλλὰ
1350 1751 1397 1777 καὶ
1408 1751 1457 1786 τῆς
1473 1751 1630 1787 ἐπουρανίου
1648 1752 1694 1778 καὶ
1708 1760 1789 1778 πνευ-

1002 1798 1128 1833 ματικῆς,
1139 1797 1256 1832 ὁπηνίκα
1269 1796 1386 1832 πρώτοις
1397 1797 1488 1828 αὐτοῖς
1499 1797 1629 1832 ἐπεδήμει
1642 1798 1656 1823 ὁ
1673 1797 1789 1832 Χριστὸς

999 1842 1045 1869 τοῦ
1064 1842 1142 1874 Θεοῦ,
1158 1842 1260 1879 τροφὴν
1282 1841 1372 1872 αὐτοῖς
1394 1843 1525 1877 παρεῖχεν
1550 1842 1596 1869 τὸν
1627 1842 1790 1877 ἐπουράνιον

1000 1889 1090 1924 ἄρτον,
1106 1888 1217 1914 ΑΥΤΟΣ
1233 1887 1382 1919 ΕΑΥΤΟΝ,
1398 1887 1424 1914 id
1434 1892 1492 1915 est:
1507 1887 1580 1914 Tunc
1590 1895 1668 1922 porro
1680 1889 1789 1923 proprio

1001 1934 1061 1961 illos
1083 1933 1140 1961 cibo
1158 1933 1255 1967 replere
1271 1933 1392 1969 dignatus
1409 1938 1459 1965 est,
1476 1941 1527 1959 non
1545 1940 1670 1967 corporeo
1689 1933 1786 1964 soluat.

1001 1980 1046 2006 sed
1061 1980 1141 2006 etiam
1161 1980 1259 2006 ctclesti
1275 1984 1299 2006 et
1313 1979 1458 2014 spirituali,
1475 1987 1535 2005 cum
1550 1978 1584 2005 ad
1603 1979 1673 2013 ipsos
1689 1979 1788 2013 primo:

1001 2025 1122 2053 Christus
1140 2025 1186 2052 Dei
1198 2026 1379 2060 peregrinatus
1396 2029 1445 2056 est,
1464 2030 1540 2060 atque
1564 2025 1590 2051 in
1615 2025 1700 2052 cibum
1722 2025 1788 2059 ipsis

1001 2072 1128 2099 caelestem
1151 2080 1254 2106 partem,
1269 2073 1324 2104 ipse
1349 2071 1525 2105 semetipsum,
1548 2070 1629 2098 dedit.
1655 2071 1695 2098 Ad
1716 2071 1788 2106 psal-

1002 2125 1076 2145 mum
1093 2125 1159 2145 vero
1181 2125 1272 2149 xxxvt,
1287 2117 1342 2144 haec
1365 2116 1446 2144 habet
1465 2126 1471 2143 :
1490 2117 1673 2152 Κατατρυφᾷν
1691 2117 1720 2144 δὲ
1741 2116 1787 2144 τοῦ

1002 2161 1103 2197 Κυρίου
1110 2162 1252 2197 δυνήσεται
1261 2160 1275 2186 ὁ
1284 2161 1333 2195 τῆς
1343 2160 1431 2196 ψυχῆς
1446 2159 1481 2187 τὰ
1496 2161 1659 2197 αἰσθητήρια
1672 2161 1789 2188 κεκαθα-

1005 2207 1144 2242 ρισμένος,
1161 2206 1199 2238 ὡς
1215 2206 1343 2234 δύνασθαι
1367 2206 1467 2232 ἐσθίειν
1481 2206 1526 2232 τὸν
1539 2205 1627 2238 ζῶντα
1645 2207 1725 2243 ἄρτον
1741 2208 1788 2235 καὶ

1003 2253 1051 2284 τὰς
1067 2251 1213 2284 ζωοποιοὺς
1230 2252 1311 2279 αὑτοῦ
1328 2253 1443 2287 σάρκας,
1460 2253 1548 2279 πίνειν
1566 2261 1596 2279 τε
1611 2253 1641 2279 τὺ
1655 2254 1789 2289 σωτήριον

1002 2298 1084 2324 αὑτοῦ
1109 2296 1187 2334 αἷμα.
1215 2298 1325 2329 Τούτοις
1345 2297 1513 2333 τρεφόμενος
1536 2298 1583 2324 καὶ
1604 2299 1786 2334 πιαινόμενος,

1001 2345 1050 2380 τῆς
1076 2343 1168 2370 ἐνθέου
1196 2343 1281 2379 μέθης
1305 2342 1458 2374 ἀπολαύων,
1478 2343 1711 2377 κατατρύφησον
1734 2343 1788 2370 τοῦ

1002 2390 1121 2424 Κυρίου,
1137 2389 1164 2416 id
1188 2393 1231 2417 est
1245 2400 1251 2416 :
1267 2389 1398 2415 Delectari
1415 2393 1502 2415 autem
1516 2389 1543 2414 in
1559 2388 1669 2415 Domino
1681 2389 1786 2421 valebit,

1001 2438 1119 2473 quisquis
1136 2436 1231 2464 anima:
1244 2434 1362 2463 sensibus
1375 2436 1449 2469 puris
1463 2434 1632 2469 purgatieque
1644 2434 1733 2469 fuerit,
1747 2435 1786 2461 ita

1001 2489 1030 2510 ut
1043 2492 1136 2518 panem
1151 2484 1235 2510 vivum
1248 2486 1272 2510 et
1291 2482 1407 2516 uiuiﬁcus
1419 2489 1511 2508 carnes
1526 2481 1583 2515 ejus
1599 2480 1673 2508 edere
1692 2482 1786 2516 possit,

1003 2539 1034 2557 ac
1056 2530 1200 2556 salutarem
1216 2530 1273 2562 eius
1293 2527 1378 2554 bibere
1400 2527 1562 2561 sanguinem.
1590 2525 1640 2554 [iis
1656 2527 1790 2554 enutritae

1001 2582 1026 2604 et
1041 2577 1228 2611 impinguatus,
1242 2576 1330 2604 divina
1347 2577 1436 2612 fruens
1444 2575 1578 2607 ebrietate,
1595 2583 1604 2600 t
1617 2574 1746 2602 delectare
1758 2573 1789 2603 in

1002 2623 1125 2650 Domino.
1145 2632 1154 2649 ι

1155 2678 1196 2704 Π.
1211 2679 1274 2709 Quid
1286 2679 1317 2703 de
1329 2678 1409 2704 libero
1421 2678 1521 2703 arbitrio
1533 2675 1632 2702 sentiat.
1679 2700 1682 2703 ,

1039 2730 1165 2758 Liberum
1176 2730 1318 2758 arbitrium
1332 2730 1360 2757 in
1372 2729 1481 2756 homine
1492 2728 1525 2755 ad
1537 2728 1640 2755 bonum
1652 2726 1788 2753 malumvs
1838 2732 1843 2736 ‘

1003 2777 1174 2813 deligendum
1200 2777 1240 2804 sic
1265 2776 1382 2811 explicat
1403 2776 1458 2808 ille,
1476 2775 1508 2803 ad
1536 2775 1669 2810 psalmum
1688 2780 1760 2800 itme
1778 2781 1785 2800 :

1010 2823 1183 2855 Ἀκαλύπτως
1199 2822 1227 2849 δὲ
1238 2823 1252 2849 ὁ
1266 2820 1383 2853 τοιοῦτος
1399 2821 1527 2854 ἐξέδωκεν
1543 2819 1638 2847 ἑαυτὸν
1650 2819 1683 2854 τῇ
1697 2818 1784 2862 ἔμαρ-

1003 2869 1057 2905 τῐᾳ,
1068 2869 1105 2901 ὡς
1122 2868 1168 2895 καὶ
1187 2867 1220 2894 τὰ
1238 2868 1346 2902 ῥήματα
1366 2863 1412 2894 τοῦ
1430 2866 1560 2902 στόματος
1573 2862 1655 2891 αὐτοῦ
1671 2861 1786 2898 ἀνομίαν
