2055 3214
279 202 313 228 Ἠ
615 201 750 230 EUSEBII
769 203 1010 232 CESARIENSIS
1029 204 1106 232 OPP.
1126 205 1216 233 PARS
1230 207 1274 235 Ill.
1294 220 1330 228 -—-
1348 207 1553 237 EXEGETICA.
1875 214 1910 241 28

278 257 406 289 εἶναικαὶ
420 260 503 288 δόλον.
522 261 595 289 Πάνυ
611 262 639 288 δὲ
653 255 738 289 ταῦτα
755 262 826 290 ἑκὼν
851 264 951 291 εἵλετο·
969 265 1017 292 an
1037 265 1057 291 δέ

1121 265 1183 291 dum
1195 266 1330 301 Aquilam,
1348 276 1357 292 ι
1377 267 1492 302 conﬁsus
1505 275 1579 299 sum;
1596 277 1604 294 ι
1620 272 1667 295 aut
1681 273 1709 295 ut
1724 268 1911 305 Symmachus.

277 307 450 340 αὑτεξοῦσιος
460 307 508 340 ὢν,
521 309 568 335 καὶ
577 308 727 344 δυνὰμενος
740 309 788 345 μὲν
798 310 847 346 τὴν
859 310 965 346 ἀγαθὴν
976 312 1070 346 μετελ-

277 354 333 380 θεῖν
348 353 418 385 ὁδὸν,
435 354 472 390 μὴ
491 353 631 390 βουληθεὶς
650 355 687 382 δέ.
704 355 760 383 Hoc
779 362 821 384 est
837 356 952 384 :Pulam
982 363 1070 385 autem

277 400 323 426 ille
337 408 364 427 se
379 405 486 433 peccato
507 401 618 434 dedidit,
637 403 676 428 ita
694 407 722 429 ul
737 403 815 430 verba
830 404 884 431 oris
898 404 955 438 ejus
971 405 1070 439 iniqui-

275 451 319 473 tas
335 451 360 473 et
374 445 452 472 datu:
466 452 563 474 essent.
581 447 645 474 Ila'c
656 454 743 475 autem
759 450 813 483 ipse
829 450 973 476 admodum
991 450 1070 477 libere

273 492 364 525 ¢le_qil,
380 497 470 526 utpote
488 493 564 519 liberi
582 493 698 526 arbitrii,
721 502 799 528 penes
817 504 893 530 quem
918 501 975 523 erat
999 498 1069 524 viam

275 538 352 565 adire
368 537 462 565 bonam
482 547 491 566 :
507 539 575 574 quod
592 539 636 566 ille
659 542 755 569 noluit.
775 542 952 575 Quamobrem
968 545 1067 571 dictum

273 588 327 614 cst,
349 592 358 609 ι
379 583 473 610 Noluit
494 585 641 619 intelligere
657 590 685 612 ut
703 586 766 614 bene
783 593 868 622 ageret
887 597 896 615 :
911 589 955 615 sed
976 590 1069 625 iniqui-

278 636 359 657 tatem
382 631 525 657 meditatus
540 637 578 658 est
595 632 621 658 in
638 632 718 659 cubili
733 642 791 660 suo.
812 644 821 660 ι
838 634 869 662 Et
884 635 916 661 ad
934 637 1067 670 psalmum

275 684 330 704 ινιι
347 676 470 712 εἘπειδὴ
485 677 539 712 γὰρ
554 678 661 712 φύσεως
673 679 819 715 ἐλευθέρας
837 682 883 708 καὶ
893 682 1066 714 αὐτεξουοίου

275 723 427 758 γενόμενοι,
441 723 604 760 διακριτικοί
616 732 645 750 τε
655 725 701 751 τοῦ
717 726 801 752 κειλοῦ
817 727 920 753 καὶτοῦ
934 727 1065 760 ἐναντίου,

275 770 324 805 τήν
340 778 370 796 τε
382 770 422 801 εἰς
433 769 551 803 ἑκάτερα
566 770 650 806 ῥοπὴν
668 771 717 806 τὴν
732 773 761 798 ἐν
777 773 882 803 ἑαυτοῖς
892 774 1065 808 κεκτημένοι,

272 816 324 842 οὐκ
341 815 429 852 ὀρθῶς
446 816 595 851 ἐχρήσαντο
610 817 649 851 τῷ
664 819 810 854 κριτηρῐῳ,
836 819 894 845 οὐδὲ
918 821 1066 855 ἠγάπησαν

274 861 324 896 τὴν
336 860 452 892 εὐθεῖαν,
464 861 564 896 καίπερ
577 862 676 894 εἰδότες
691 863 786 899 αὐτὴν,
795 864 854 890 οὐδ’
864 865 952 900 ἔργοις
969 866 1066 902 μετῆλ-

274 905 322 932 θον
341 905 390 940 τὴν
418 905 601 941 δικαιοσύνην,
631 908 663 943 ἢν
691 908 762 942 λόγῳ
774 909 847 945 μόνῳ
872 910 919 936 καὶ
948 911 1065 946 χείλεσιν

276 950 481 985 ἐπηγγέλλοντο,
491 951 530 986 τῷ
546 952 654 988 παλαιῷ
669 953 696 980 δὲ
709 954 768 988 ὄφει
783 955 971 990 ὁμοιωθέντες,
983 958 1063 984 ἀσπε-
1080 948 1100 975 Β

268 995 317 1028 bo;
334 997 429 1032 κωφῆς
445 997 552 1033 χείρους
570 999 708 1032 ἐγένοντο·
726 1000 820 1027 τούτου
842 1002 920 1037 χάριν
944 1004 1062 1030 ἐπακού-

272 1050 337 1069 cat:
357 1042 418 1072 τίνα
440 1044 487 1069 καὶ
511 1044 610 1076 αὐτοὺς
627 1046 777 1080 περιμένει,
804 1047 829 1073 id
853 1051 894 1073 est
910 1057 916 1075 :
931 1047 1061 1080 Quoniam

271 1087 341 1114 enim
362 1087 446 1114 libera
459 1093 485 1114 el
503 1090 546 1116 sui
561 1090 666 1116 arbitrii
681 1095 778 1118 natura
802 1093 919 1125 pra’diti,
935 1095 958 1119 vi
981 1094 1061 1120 inter-

269 1134 395 1161 nascendi
421 1134 480 1161 boni
505 1140 529 1162 et
547 1137 673 1163 contrarii
694 1137 826 1169 instructi,
845 1143 922 1174 alque
951 1139 1060 1166 liberam

270 1179 307 1206 Id
321 1180 473 1207 utrumlibet
487 1182 684 1208 inclinationem
698 1184 780 1213 nacti,
797 1192 848 1210 non
879 1189 947 1211 recte
955 1186 1059 1219 judicio

272 1232 320 1252 suo
346 1230 407 1252 sunt
434 1226 486 1256 usi.
505 1234 586 1259 neque
607 1233 705 1253 rectam
729 1228 809 1264 viam,
826 1230 878 1255 etsi
892 1236 980 1257 notam
996 1231 1057 1264 sibi,

271 1270 428 1303 dilexerunt,
446 1280 526 1312 neque
543 1273 664 1307 operibus
677 1263 813 1307 justitia'm
831 1274 964 1307 adierunt,
979 1286 1058 1312 quam

269 1315 355 1343 verbis
381 1309 511 1343 duntaxat
541 1322 565 1344 et
591 1317 669 1344 labiis
694 1323 756 1345 sunt
781 1320 903 1354 professi,
931 1309 1058 1358 veterique

269 1363 384 1395 serpenti
405 1363 516 1394 similes,
542 1363 632 1395 aspide
655 1364 739 1391 surda
764 1365 908 1394 deteriores
934 1376 1056 1402 evasere;

268 1407 329 1434 ideo
356 1416 424 1442 quin,
441 1409 505 1443 ipsis
527 1415 649 1437 euentura
672 1416 733 1438 sunt
756 1412 855 1440 audite.
873 1412 1004 1442 Similiter
1024 1416 1057 1443 de

270 1451 391 1481 Hebraeis
406 1462 501 1488 agens,
518 1455 615 1489 psalmi
633 1464 724 1484 Lxxvn
741 1458 774 1484 ad
792 1458 864 1485 hunc
885 1468 1004 1492 versum,
1022 1461 1056 1488 Et

268 1498 344 1526 obliti
359 1505 420 1526 sunt
434 1500 628 1535 benefactorum
643 1502 709 1537 ejus,
729 1503 764 1530 ita
783 1504 903 1540 loquitur
920 1516 925 1533 :
943 1507 1056 1535 Πάντων

268 1545 323 1582 γὰρ
338 1546 439 1573 τούτων
453 1546 537 1583 λήθην
551 1548 738 1584 πεποιημένοι,
749 1550 804 1578 τῶν
819 1552 887 1588 προς
898 1553 960 1584 τοὺς
974 1553 1056 1581 πατέ-

270 1599 321 1626 ρας
342 1592 432 1619 αὐτῶν
460 1593 693 1628 ὲπιδεδειγμένων,
717 1595 785 1622 ὅπλα
809 1597 909 1632 ἤραντο
922 1599 992 1625 κατὰ
1007 1599 1054 1626 τοῦ

268 1634 346 1668 Θεοῦ,
371 1636 400 1663 οὐ
425 1637 598 1672 βουληθέντες
621 1638 660 1673 τῷ
682 1638 755 1674 νόμῳ
770 1641 852 1667 αὑτοῦ
873 1643 1052 1678 πορεύεσθαι·

269 1680 358 1708 καίτοι
386 1681 429 1708 ἐπ’
447 1682 544 1714 αὐτοὺς
571 1683 697 1717 κειμένου
719 1685 765 1711 τοῦ
788 1686 927 1718 δύνασθαι,
945 1689 1054 1716 καὶτοῦ

269 1726 424 1762 βούλεσθαι,
440 1727 465 1754 id
477 1731 518 1754 est
538 1737 544 1754 τ
561 1727 630 1754 Nam
646 1731 763 1757 omnium
778 1739 867 1758 eorum
890 1733 976 1765 obliti,
998 1742 1056 1769 qua:

267 1772 388 1807 patribus
415 1773 470 1799 suis
496 1777 599 1800 ostensa
627 1779 698 1806 sunt,
717 1783 792 1802 arma
818 1777 933 1803 tulerunt
963 1784 1055 1806 contra

268 1818 363 1851 Deum,
386 1826 445 1845 cum
467 1818 567 1845 nollent
591 1820 618 1846 in
635 1820 688 1854 lege
708 1821 764 1854 ejus
790 1821 938 1855 ambulare,
950 1824 1055 1852 etiamsi

267 1871 343 1897 penes
359 1864 430 1898 ipsos
444 1869 511 1891 esset
525 1869 553 1890 ut
566 1870 670 1899 possent
683 1871 706 1892 et
724 1866 826 1894 vellent.

267 1920 296 1944 ν.
309 1919 416 1946 Gratiam
427 1921 601 1946 indiderentiaa
618 1922 648 1977 (aid
662 1923 815 1978 utrumlibet,
835 1917 880 1949 seu
901 1926 1052 1958 versatilem,

635 1960 677 1978 oce
691 1973 697 1978 .

635 1960 697 1978 0081..

303 2002 341 2030 Ne
358 2004 420 2038 quis
435 2011 499 2031 vero
513 2004 639 2038 opinetur
660 2010 755 2040 putare
771 2005 928 2040 Eusebium,
945 2016 977 2036 ex
994 2009 1052 2037 solo

267 2049 344 2076 liberi
368 2049 473 2076 arbitrii
502 2054 576 2078 motu
602 2051 749 2083 hominem,
769 2061 818 2080 nec
834 2054 920 2088 gratia
941 2054 1050 2088 fultum,

265 2095 366 2123 bonum
395 2096 506 2131 perinde
531 2101 613 2131 atque
630 2099 729 2125 malum
754 2099 829 2126 adire
862 2107 958 2134 posse;
988 2101 1051 2129 huic

266 2142 415 2177 suspicioni
433 2143 554 2170 occurrit
570 2143 615 2170 ille
638 2143 681 2170 his
697 2144 788 2172 verbis
802 2154 808 2171 :
823 2145 893 2178 Quos
908 2147 1051 2180 prwscien—

266 2188 304 2214 tia
321 2195 370 2214 sua
386 2194 540 2222 pra’vertens
565 2188 646 2220 Deus,
660 2193 800 2223 antequam
817 2191 844 2217 in
864 2191 946 2218 lucem
960 2193 1051 2226 prodi-

265 2239 332 2265 rent.
348 2234 412 2261 tales
430 2234 534 2269 futuros
556 2243 612 2262 esse
628 2241 749 2267 noverat;
768 2236 816 2263 sed
828 2242 915 2264 tamen
931 2240 1050 2272 permisit

264 2285 294 2306 ut
309 2283 488 2312 nascerentur,
503 2280 590 2314 gratia
603 2287 652 2306 sua
674 2281 736 2313 ipsis
751 2289 850 2316 quoque
874 2290 1005 2314 concessa,
1020 2288 1049 2310 ut
1065 2289 1087 2316 D

263 2325 354 2361 palam
365 2334 455 2353 eorum
469 2327 631 2360 propositum
644 2327 782 2363 ﬁeret,:-‘qv
799 2329 864 2363 παρ’
874 2329 956 2355 αὑτοῦ
970 2331 1049 2365 χάριν

263 2371 310 2398 καὶ
339 2371 430 2402 αὐτοῖς
451 2371 652 2407 δωρησάμενος,
665 2373 705 2404 εἰς
721 2372 752 2398 τὸ
768 2375 901 2409 φανεροὺς
925 2376 1049 2409 γενέσθαι

263 2416 313 2452 τὴν
327 2417 495 2453 προαίρεσιν.
514 2416 648 2452 Siquidem
674 2423 698 2445 et
721 2419 838 2445 ordinem
850 2420 984 2454 justorum
1008 2431 1050 2450 re-

263 2469 334 2489 ctam
361 2471 391 2489 ac
424 2463 531 2489 minime
542 2463 671 2497 deﬂexam
698 2464 767 2490 viam
793 2469 886 2498 suapte
906 2466 1038 2495 voluntate

262 2510 392 2536 initurum
414 2514 570 2543 prtevertens
591 2508 660 2536 Deus
685 2515 804 2539 noverat.
821 2511 922 2539 Deinde
945 2514 1049 2549 utrique

262 2554 350 2582 ordini
368 2553 479 2581 liberum
505 2554 610 2581 arbitrii
636 2558 733 2580 motum
764 2555 876 2589 dimisit,
901 2559 1043 2586 concedens

260 2605 290 2627 ut
315 2600 342 2626 in
358 2600 444 2627 stadio
468 2609 574 2627 cursum
604 2601 770 2636 conﬁcerent.
799 2602 838 2629 Ac
864 2611 922 2630 cunt
941 2606 1048 2632 uniter-

261 2655 304 2673 sos
341 2650 439 2673 natura
469 2645 567 2673 similes
608 2647 796 2679 constituisset,
838 2648 970 2676 voluntate
998 2658 1048 2677 sua

261 2701 385 2729 quemque
416 2693 526 2720 meliora
557 2692 669 2728 deligere
702 2694 802 2728 pariter
832 2696 964 2728 permisit.
995 2697 1043 2723 Illi

262 2748 332 2770 vero,
358 2743 447 2773 utpote
468 2739 512 2774 qui
536 2739 577 2765 sui
600 2739 717 2773 ipsorum
734 2739 844 2770 domini.
862 2742 904 2767 sui
916 2742 998 2775 juris.
1016 2751 1046 2770 ac

262 2786 337 2813 liberi
373 2785 460 2821 quoad
496 2790 595 2812 motum
626 2791 728 2818 essent,
758 2786 889 2813 arbitratu
913 2795 960 2814 suo
988 2788 1045 2815 dis-

257 2831 344 2866 juncti
373 2836 444 2863 sunt.
463 2831 524 2859 aliis
541 2837 648 2864 rectam,
670 2833 802 2868 obliquam
818 2834 879 2861 aliis
905 2835 974 2862 ciam
1001 2844 1048 2862 σοι

260 2877 420 2910 optantibus.
432 2878 494 2906 Pari
506 2879 638 2907 sententia
649 2878 682 2906 de
692 2878 761 2906 Juda
770 2880 884 2915 loquens
895 2880 952 2908 huic
965 2881 1044 2908 habet

258 2924 292 2953 ad
304 2925 401 2961 psalm.
417 2933 451 2953 ιι.
464 2925 586 2959 :Sed,«in
602 2933 654 2961 quo
665 2925 796 2960 speravi,»
822 2927 877 2959 ait;
893 2927 931 2955 vel
950 2935 1042 2954 secun-

1116 320 1132 340 ,ι
1157 311 1274 346 conﬁsus
1301 320 1374 339 erant
1397 321 1405 338 ;
1433 322 1442 338 ›
1461 313 1671 348 quandoquidem
1698 314 1783 349 ipsum
1802 315 1910 349 paribus

1121 361 1198 391 atque
1209 361 1316 383 ca'teros
1334 356 1467 390 apostolos
1488 356 1565 384 donis
1594 358 1727 391 affecerat.
1755 356 1924 394 Conﬁdebatl

1120 407 1206 428 autem
1222 403 1245 428 ei
1261 402 1394 434 Salvator,
1410 407 1435 429 et
1459 402 1554 430 bonam
1574 404 1605 430 de
1626 405 1682 439 ipso
1698 412 1769 438 spem
1785 404 1923 438 habebat,’

1119 448 1180 482 quia
1192 448 1218 474 in
1231 456 1260 474 eo
1273 448 1385 475 liberum
1399 449 1539 475 arbitrium
1549 454 1626 476 esset.
1641 449 1730 484 Neque
1744 451 1812 476 enim
1823 449 1908 477 Judas

1118 501 1151 520 ea:
1165 493 1319 528 ltujusmodi
1337 500 1435 522 natura
1452 500 1521 527 erat,
1537 504 1595 530 quit
1613 504 1664 522 non
1687 500 1774 530 posset
1795 496 1908 522 salutem

1119 541 1259 575 consequi;
1275 541 1320 568 sed
1341 546 1456 575 poterat.
1474 542 1498 568 si
1512 541 1617 576 quidem
1631 541 1764 574 voluisset,
1778 547 1805 568 ut
1821 546 1844 568 et
1856 549 1908 568 ca!-

1119 585 1168 611 teri
1180 586 1303 618 apostoli,
1319 594 1333 611 a
1345 585 1415 612 Filio
1434 585 1482 612 Dei
1498 586 1608 617 erudiri,
1621 594 1652 612 ac
1667 586 1746 612 bonus
1763 586 1908 620 probusque

1118 632 1261 665 discipulus
1279 633 1352 666 oﬁici.
1377 631 1453 659 Unde
1474 633 1562 667 palam
1578 636 1619 659 est
1633 640 1694 660 cum
1712 633 1825 667 gratiam
1845 640 1908 660 ver-

1118 678 1235 709 satilem,
1251 679 1284 705 ad
1303 678 1473 709 utrumlibet,
1492 678 1549 705 sive
1562 675 1661 705 bonum
1681 679 1737 705 sive
1752 679 1906 706 malumin-

1116 723 1296 756 diﬂercntem,
1312 724 1339 750 in
1361 724 1488 750 omnibus
1510 731 1623 758 prm'sus
1639 723 1805 756 hominibus,
1821 723 1904 752 etiam

1117 769 1208 804 impiis
1225 774 1251 796 et
1270 771 1469 805 peccatoribus,
1483 770 1669 797 constituisse.

1185 823 1228 849 Vl.
1250 823 1282 848 Ει
1293 823 1533 854 pmdestinationcm
1544 828 1598 855 post
1610 824 1712 855 praevisa
1728 826 1825 849 merita.

1150 874 1204 902 Nec
1222 875 1311 903 minus
1324 880 1417 911 aperte
1435 876 1698 912 praudcstinalionem
1716 881 1777 912 post
1788 877 1901 911 praevisa

1116 921 1212 948 merita
1227 921 1306 948 docet
1324 922 1357 948 ad
1372 922 1468 956 psalm.
1487 930 1541 953 LVI,
1559 923 1605 949 ubi
1619 923 1689 949 hanc
1701 922 1776 949 Pauli
1791 927 1902 950 senten-

1121 964 1184 990 tiam
1196 965 1342 998 explicans,
1358 965 1429 992 Nam
1439 975 1503 1001 quos
1515 969 1655 1002 pra’scivit,
1669 974 1693 994 et
1703 970 1899 1003 prwdestinavil

1120 1009 1209 1045 (Rom.
1220 1020 1276 1043 vtn,
1284 1012 1411 1047 99),elc.,
1421 1014 1457 1040 ait
1468 1022 1473 1039 :
1484 1014 1587 1050 Ὠσπερ
1596 1013 1642 1041 οὖν
1649 1015 1758 1047 τούτους
1765 1016 1899 1051 προγνοὺς

1119 1056 1264 1092 μέλλοντας
1278 1059 1387 1094 ἀγαπᾷν
1404 1059 1483 1086 αὑτὸν
1501 1060 1661 1096 προώρισεν·
1671 1060 1757 1092 οὕτως
1773 1063 1819 1088 καὶ
1835 1063 1899 1096 τοὺς

1116 1102 1232 1135 ἀσεϐεῖς,
1245 1104 1336 1138 ἐπειδὴ
1346 1105 1468 1139 προέγνω
1478 1105 1622 1139 μέλλοντας
1630 1105 1716 1132 λαλεῖν
1727 1105 1899 1142 δικαιοσύνην

1109 1147 1153 1174 διὰ
1163 1149 1193 1174 τὺ
1204 1148 1347 1182 γινώσκειν
1357 1150 1451 1185 αὐτὴν,
1465 1150 1494 1176 οὐ
1512 1150 1564 1186 μὴν
1581 1152 1628 1177 καὶ
1643 1151 1699 1181 τοῖς
1714 1150 1803 1185 ἔργοις
1817 1148 1900 1185 αὐτὴν

1111 1195 1366 1230 μετελευσομένους,
1377 1196 1420 1222 διὰ
1435 1196 1466 1222 τὸ
1479 1198 1540 1228 ταῖς
1558 1196 1651 1232 χερσὶν
1665 1196 1769 1223 ἀδικίαν
1781 1194 1899 1230 συμπλέ-

1109 1248 1177 1271 κειν,
1195 1240 1290 1266 τούτου
1303 1241 1381 1276 χάριν
1403 1241 1622 1276 ἁπηλλοτρίωσεν
1644 1241 1698 1267 ἀπὸ
1719 1242 1834 1275 μήτρας,
1851 1241 1899 1267 καὶ

1109 1284 1138 1310 ἐν
1152 1284 1337 1320 πλανωμένοις
1347 1285 1394 1311 καὶ
1405 1284 1514 1311 λαλοῦσι
1533 1285 1615 1320 ψευδῆ
1635 1286 1699 1320 παρ’
1719 1285 1807 1320 ἑαυτῷ
1833 1293 1898 1312 κατ-

1107 1329 1243 1364 ηριθμησε
1258 1330 1321 1365 πρὶν
1331 1330 1465 1364 γενέσθαι,
1481 1330 1652 1366 συνεχώρηςὲ
1667 1339 1708 1362 τε,
1718 1331 1794 1362 εἰδὼς
1802 1331 1898 1363 αὐτοὺς

1106 1373 1242 1405 τοιούτους
1250 1375 1403 1409 ἐσομένους,
1418 1376 1458 1408 εἰς
1470 1376 1586 1411 φανερὸν
1595 1376 1691 1406 ἐλθεῖν.
1703 1376 1740 1408 ὡς
1755 1377 1788 1403 ἂν
1799 1376 1829 1403 τὸ
1841 1376 1898 1405 διά-

1108 1428 1190 1454 φορον
1202 1420 1256 1446 τῶν
1270 1420 1382 1447 δικαίων
1398 1421 1445 1447 καὶ
1460 1421 1592 1448 θεοσεϐὧν
1607 1422 1712 1457 ἀνδρῶν
1733 1423 1765 1448 ἐκ
1779 1423 1828 1458 τῆς
1840 1422 1894 1449 τῶν

1106 1465 1233 1500 χειρόνων
1254 1465 1430 1501 παραθέσεως
1453 1466 1640 1503 διαλάμψειεν.
1657 1468 1729 1499 Μιᾶς
1751 1469 1803 1503 γὰρ
1819 1469 1896 1500 ὄντες

1105 1510 1212 1545 φύσεως
1228 1512 1252 1538 οἱ
1269 1512 1378 1543 πάντες,
1396 1512 1420 1538 οἱ
1439 1512 1489 1546 μὲν
1503 1512 1612 1544 ἑκόντες
1629 1513 1736 1540 εἵλαντο
1751 1513 1786 1540 τὰ
1803 1513 1895 1550 κρειτ-

1104 1565 1153 1589 uo,
1163 1557 1188 1584 οἱ
1197 1557 1281 1593 δὲτὴν
1293 1557 1412 1584 ἐναντίαν
1427 1557 1554 1590 ὥδευσαν,
1565 1558 1727 1595 aurae-malo)
1738 1559 1895 1596 προαιρέσει

1105 1604 1281 1638 χρησάμενοι.
1309 1603 1338 1631 1d
1353 1609 1394 1632 est
1409 1612 1415 1630 :
1435 1604 1661 1638 Quemadmodum
1680 1606 1759 1641 igitur
1776 1614 1832 1632 cum
1850 1614 1894 1633 eos

1106 1650 1290 1682 prtvsciuisset,
1303 1651 1347 1685 qui
1363 1652 1480 1677 amaturi
1505 1652 1590 1686 ipsum
1619 1657 1705 1684 erant,
1721 1653 1799 1680 etiam
1826 1660 1895 1686 prta-

1107 1693 1248 1720 destinavit
1273 1704 1333 1728 eos;
1356 1697 1394 1722 sic
1416 1702 1441 1723 et
1460 1698 1553 1732 impios
1570 1707 1628 1724 cum
1641 1699 1896 1734 prwnidissctjusti-

1107 1740 1171 1765 tiam
1184 1739 1287 1775 quidem
1301 1741 1445 1773 locuturos,
1463 1746 1551 1776 utpote
1566 1744 1610 1777 qui
1624 1749 1729 1771 nossent
1740 1745 1831 1777 illum,
1849 1745 1895 1772 sed

1106 1785 1190 1819 ipsum
1206 1790 1291 1812 tamen
1312 1795 1364 1813 non
1380 1787 1502 1820 operibus
1522 1787 1642 1814 adituros
1660 1797 1727 1818 esse.
1747 1791 1807 1823 quia
1823 1790 1894 1824 inju-

1105 1831 1207 1858 stitiam
1231 1832 1354 1859 manibus
1373 1833 1559 1867 complicaluri
1581 1838 1671 1866 erant;
1694 1834 1750 1861 ideo
1768 1835 1894 1861 alienavit

1105 1884 1148 1903 eos
1165 1885 1182 1903 a
1196 1877 1282 1909 vulva,
1299 1882 1334 1909 et,
1348 1877 1386 1904 vel
1404 1884 1543 1913 antequam
1557 1879 1658 1913 fierent,
1673 1879 1699 1905 in
1713 1881 1858 1907 errantium
1867 1887 1892 1908 et

1105 1922 1242 1950 mendacia
1267 1923 1427 1958 loquentium
1447 1932 1554 1951 numero
1577 1924 1646 1958 apud
1661 1934 1688 1952 se
1707 1927 1865 1959 computavit
1881 1936 1890 1954 :

1103 1969 1271 2004 permisitque
1287 1975 1382 2000 tamen,
1399 1971 1449 1997 etsi
1479 1971 1544 1997 tales
1558 1971 1661 2004 futuros
1676 1979 1731 1998 esse
1747 1976 1844 2004 nosset,
1860 1977 1890 1999 ut

1103 2017 1192 2052 potant
1207 2017 1351 2051 prodirent,
1369 2025 1420 2052 quo
1436 2018 1592 2052 prwstantia
1599 2017 1735 2051 justorum
1746 2023 1770 2045 et
1782 2019 1889 2054 religio-

1105 2072 1194 2090 sorunt
1215 2064 1350 2091 hominum
1365 2072 1396 2091 cx
1417 2065 1535 2098 pejorum
1557 2066 1752 2098 comparatione
1767 2065 1888 2094 eluceret.

1104 2108 1176 2136 Nam
1197 2117 1256 2136 cum
1279 2117 1312 2136 ex
1328 2118 1381 2137 una
1398 2118 1486 2137 omnes
1512 2116 1609 2137 natura
1629 2116 1789 2142 constarent.
1809 2112 1889 2140 libero

1102 2155 1144 2182 usi
1169 2155 1290 2188 arbitrio,
1309 2155 1357 2182 alii
1386 2156 1489 2191 quidem
1516 2162 1606 2192 sponte
1632 2156 1726 2184 bonum
1746 2159 1887 2193 elegerunt,

1102 2201 1150 2227 alii
1162 2202 1325 2228 contrariam
1341 2202 1420 2228 iniere
1434 2203 1512 2229 vium.
1527 2202 1593 2235 Qua:
1607 2203 1698 2230 omnia
1723 2203 1759 2230 ita
1782 2204 1888 2239 perspi-

1102 2253 1152 2274 cue
1167 2247 1355 2280 enuntiantur,
1370 2251 1398 2274 ut
1408 2247 1511 2282 OEdipo
1529 2256 1582 2275 non
1596 2254 1702 2284 egeant.

1407 2312 1521 2341 CAPUT
1543 2314 1586 2343 Vl.

1153 2377 1257 2396 EUSEBII
1286 2377 1318 2396 DE
1338 2377 1424 2397 VERBO
1443 2378 1476 2397 ET
1496 2378 1570 2398 ειιιο
1594 2379 1638 2398 DEI
1659 2379 1818 2400 SENTENTIA.

1101 2435 1126 2465 1.
1148 2435 1235 2472 γανίω
1252 2437 1322 2472 circa
1333 2436 1450 2472 Eusebii
1468 2437 1499 2463 de
1517 2436 1587 2464 Filio
1602 2437 1650 2464 Dei
1663 2438 1810 2465 doctrinam
1826 2440 1884 2472 opl-

1134 2471 1236 2498 niones.
1262 2471 1303 2498 II.
1328 2471 1456 2499 Eusebius
1478 2473 1552 2498 docet
1578 2474 1705 2499 unitatem
1731 2471 1886 2501 deitatisrin

1133 2514 1185 2542 uno
1209 2506 1289 2542 Patre
1312 2508 1422 2533 servari.
1447 2506 1506 2535 III.
1532 2506 1630 2534 Filium
1658 2508 1732 2542 longe
1757 2510 1884 2536 minorem

1134 2540 1225 2568 Patre.
1243 2541 1295 2568 IV.
1313 2542 1429 2569 Diversa:
1445 2543 1610 2569 substantinz.
1636 2542 1665 2569 V.
1684 2540 1816 2576 Interpres
1830 2543 1883 2570 La-

1135 2577 1232 2612 tinust
1250 2576 1486 2604 Demonstrationis
1501 2578 1655 2612 evangelica:
1673 2587 1681 2602 I
1697 2578 1728 2604 de
1750 2578 1883 2606 industria

1134 2610 1275 2638 Eusebium
1291 2613 1324 2638 ad
1345 2612 1501 2639 catholicam
1515 2610 1667 2639 sent—entiam
1685 2612 1803 2640 detorsit.
1833 2613 1880 2641 VI.

1132 2646 1262 2674 Eusebius
1281 2647 1345 2673 Filii
1360 2647 1484 2674 deitatem
1505 2648 1585 2674 aliam
1606 2649 1700 2674 statuit
1722 2657 1736 2674 a
1759 2654 1879 2679 paterna.

1137 2681 1201 2709 VII.
1230 2681 1344 2708 Grandis
1362 2683 1556 2717 paralogismus
1577 2682 1691 2709 Eusebii.
1715 2683 1796 2710 VIII.
1821 2683 1881 2710 Non

1131 2718 1238 2744 obscure
1252 2718 1325 2744 docet
1342 2717 1440 2744 Filium
1452 2727 1502 2745 non
1513 2727 1568 2745 esse
1580 2727 1636 2745 vere
1651 2717 1742 2745 Deum.
1759 2718 1810 2746 IX.
1824 2718 1880 2750 Qua

1131 2761 1208 2781 sensu
1226 2751 1326 2778 Filium
1349 2753 1429 2779 Deum
1444 2761 1499 2780 esse
1515 2753 1596 2780 dicat.
1615 2753 1649 2780 ἔξ.
1670 2753 1754 2786 Quam
1770 2753 1879 2780 adversa

1132 2788 1230 2813 rationi
1255 2792 1278 2814 et
1305 2789 1450 2817 priscorum
1481 2789 1593 2815 Patrum
1619 2790 1753 2816 sententia:
1778 2791 1877 2815 tradat.

1130 2822 1182 2849 XI.
1198 2822 1263 2849 Cum
1280 2823 1386 2849 Arionis
1403 2823 1480 2857 plane
1501 2824 1638 2851 consentit.
1654 2823 1721 2850 XII.
1742 2824 1800 2856 Qua
1819 2831 1879 2849 svn-

1130 2857 1398 2898 ιςιιιὶαντῷπὸμουσίῳ,
1411 2860 1464 2885 sine
1475 2860 1704 2898 coiisubstantiali,
1717 2858 1878 2898 subscripse-
1889 2870 1898 2881 ι

1129 2893 1173 2923 rit.
1195 2892 1356 2928 [Πιέρων
1375 2892 1453 2921 sensu
1473 2895 1502 2928 ἐξ
1515 2895 1565 2921 οὐκ
1578 2895 1661 2921 ὄντων
1675 2898 1755 2928 neget,
1767 2898 1791 2919 et
1804 2893 1877 2926 geni-

1129 2933 1182 2955 tum
1205 2927 1304 2955 Filium
1320 2930 1403 2956 dicat.
1431 2927 1510 2958 XIV.
1526 2929 1626 2958 Filium
1648 2927 1721 2965 negat
1740 2933 1875 2956 itternum.
