2055 3214
153 205 187 233 29
546 206 797 235 COMMENTARIA
817 207 849 235 ΙΝ
871 207 1043 236 PSALMOS.
1064 223 1099 228 —
1118 207 1391 236 PRELIMINARIA.
1747 211 1782 239 ω

182 263 206 290 Χ
215 263 369 305 Via-ninia
378 264 504 305 doctrinm
515 264 630 305 Eusebii.
646 265 813 301 XVI..IEgre
826 266 946 305 defendi-
960 270 983 296 Α
997 271 1110 302 occupat
1135 266 1280 300 Eusebius,
1304 267 1369 294 dum
1397 268 1434 295 ait
1463 268 1495 294 ad
1521 268 1654 302 psalmum
1679 269 1781 305 Ληριιὶ

177 298 259 326 tur.X
267 298 468 327 YII.Arianum
481 301 654 334 probanttam
666 306 739 337 gesta
751 298 830 337 quam
837 298 944 336 scripta.

155 354 165 379 ι
186 354 265 380 Varias
275 354 341 380 circa
355 355 457 380 Eusebii
469 356 501 380 de
514 355 577 380 Filio
589 356 636 381 Dei
653 356 788 381 doctrinam
806 357 943 388 opiniones.

189 396 298 424 Iamdiu
314 397 388 424 inter
410 398 506 425 doctos
527 399 709 433 disceptatum
732 403 784 431 est,
798 408 858 436 qua
881 407 945 427 vera

157 443 361 472 fueritEusebii
379 444 557 473 Caesariensis
569 446 602 472 de
624 445 693 474 Filio
710 447 758 474 Dei
773 448 881 482 opinio;
899 447 945 475 alii

156 490 228 518 enim
248 491 386 518 calbolice
408 492 530 519 sensisse
556 491 717 525 defendunt,
732 501 783 521 nec
805 494 945 529 quidpiatn

156 536 263 563 Arianae
279 537 348 564 labis
362 537 389 564 in
405 538 516 572 scriptis
539 538 599 572 ejus
617 538 783 573 deprehendi
807 544 943 575 pugnant;

155 582 197 610 vel
212 583 236 609 si
255 583 320 618 quid
338 583 569 619 deprehendatur,
584 585 610 611 in
628 585 662 612 iis
680 590 754 613 certe
769 587 880 620 scriptis
895 587 945 614 ob-

155 629 269 661 servari,
283 637 345 664 qua:
358 635 420 657 ante
433 629 569 658 Nicaenam
585 632 718 666 synodum
734 632 834 666 edidit;
852 633 878 660 in
897 641 945 668 po-

155 675 318 703 sterioribus
343 684 398 702 non
423 676 487 704 item
507 686 513 703 :
544 677 590 704 alii
614 682 710 705 contra
738 678 772 706 ab
795 679 943 706 Arianismi

154 723 262 752 exortu,
280 721 313 748 ad
331 721 437 748 obitum
454 730 545 754 suum,
562 723 630 750 adeo
648 723 806 752 manifestas
822 732 883 751 cum
897 732 945 760 ge-

155 766 205 794 stis
218 771 276 793 tum
290 767 402 802 scriptis
417 768 597 814 suis.derlisse
610 769 780 803 contendunt
794 771 942 798 Arianismi

154 818 244 844 notas,
272 817 301 840 ut
321 813 514 842 incunctanter
535 815 607 843 inter
629 816 793 843 Arianorum
819 817 943 852 primipi-

154 859 225 888 lares
233 860 488 887 connumerandum
502 866 641 889 censeant.
651 861 789 896 Talemne,
803 863 941 897 inquiunt,

154 905 303 937 hominem,
321 906 368 940 qui
392 914 500 941 semper
522 907 652 942 augendae
669 909 805 936 Arianicaa
825 909 865 936 rei
887 913 941 936 tam

996 313 1132 341 decimum
1148 321 1155 339 ε
1173 314 1230 341 ’Ὶνα
1249 314 1285 349 μή
1307 321 1349 345 τις
1357 314 1437 340 αὑτὸν
1456 314 1531 349 ψιλὸν
1547 315 1675 342 ὑπολάϐοι
1696 315 1783 352 ἄνδρα

996 360 1042 386 καὶ
1055 361 1112 392 τοῖς
1126 360 1232 392 πολλοῖς
1249 361 1349 395 ὅμοιον,
1365 360 1483 393 οεολογεῖ
1495 361 1575 387 αὐτὸν
1593 362 1621 387 ὲν
1641 363 1697 394 τοῖς
1713 362 1783 397 μετὰ

995 407 1096 440 χεῖρας,
1113 407 1219 441 φήσας·
1240 406 1267 431 '0
1284 405 1357 438 Θεὸς
1377 405 1451 439 ἔστη
1465 406 1499 431 ὲν
1522 406 1680 441 συναγωγῇ
1695 406 1781 434 θεῶν.

996 451 1050 477 Καὶ
1067 451 1140 481 ὅπως
1158 450 1194 485 μὴ
1210 449 1359 486 ταραχθείη
1375 459 1416 481 τις
1436 451 1475 481 εἰς
1495 450 1540 477 τὸν
1555 443 1618 486 περὶ
1634 452 1782 487 μοναρχίας

995 497 1083 531 λόγον,
1098 497 1162 524 Θεὸν
1185 497 1290 523 ἁκούων
1305 496 1350 523 τὸν
1371 497 1488 531 Χριστὸν
1507 496 1554 523 τοῦ
1570 497 1647 530 Θεοῦ,
1669 499 1781 530 εἰκότως

995 543 1041 570 καὶ
1058 543 1182 575 πλείονας
1195 543 1271 574 θεοὺς
1285 543 1411 577 ὀνομάζει
1425 544 1486 574 τοὺς
1500 543 1543 569 διὰ
1556 543 1609 570 τῶν
1625 543 1687 579 ὲξῆς
1715 553 1781 571 κατ-

995 590 1206 625 ηγορουμένους,
1235 589 1374 624 μονονουχὶ
1391 589 1642 624 παρακελευόμενος
1668 590 1704 625 μὴ
1727 590 1781 616 ἀπ-

994 637 1083 662 οκνεῖν
1097 636 1144 662 καὶ
1154 636 1199 662 τὸν
1216 636 1280 662 Υἱὸν
1295 636 1341 662 τοῦ
1355 635 1421 662 Θεοῦ
1434 635 1499 662 Θεὸν
1512 635 1667 662 ἀποκαλεῖν.
1683 636 1714 662 Εἰ
1726 635 1781 672 γὰρ

994 683 1018 709 οἱ
1034 681 1235 717 διαϐαλλόμενοι
1257 682 1304 708 τοῦ
1329 681 1421 714 ἔθνους
1437 681 1565 717 ἄρχοντες
1585 681 1641 707 θεοὶ
1662 681 1780 718 ὴξιώοη-

995 737 1043 755 σαν
1060 728 1252 764 ὀνομασθῆναι,
1270 730 1345 759 ποῖος
1359 727 1392 754 ἂν
1413 727 1517 762 γένοιτο
1533 726 1650 759 κίνδυνος
1671 728 1718 754 τὸν
1734 728 1779 755 ἄν-

993 775 1043 810 δρα
1060 774 1110 809 τῆς
1122 774 1211 807 δεξιᾶς
1225 774 1270 801 τοῦ
1291 773 1358 800 Θεοῦ
1374 774 1421 800 καὶ
1437 773 1482 799 τὸν
1498 773 1558 800 Υἰὸν
1573 773 1620 800 τοῦ
1635 773 1778 808 ἀνθρώπου

992 820 1037 846 τὸν
1060 818 1297 854 κεκραταιωμένον
1318 819 1384 845 Θεὸν
1407 819 1545 854 ὁμολογεῖν
1563 828 1568 850 ;
1600 819 1625 846 id
1650 824 1692 847 est
1709 830 1715 847 :
1735 819 1778 848 Νι

992 866 1050 901 quis
1067 867 1152 899 ipsum
1169 874 1270 893 mentm
1285 866 1426 897 hominem,
1437 870 1461 892 et
1478 865 1564 892 multis
1577 865 1639 892 aliis
1653 866 1776 898 similem,

993 913 1179 944 arbitraretur,
1200 913 1286 946 ipsum
1302 911 1344 938 ltic
1367 911 1451 939 Deum
1473 912 1597 946 pra-d‘cat
1618 911 1658 938 his
1674 912 1776 939 verbis:

152 952 253 979 acriter
265 952 446 984 adlaboravit,
471 953 517 988 qui
539 953 685 981 diuturnas
704 962 766 982 cum
784 955 894 982 Arimis
909 955 942 982 ad
958 951 978 978 Β
996 969 1005 985 ε
1032 959 1103 986 Deus
1126 959 1197 986 stetit
1214 960 1240 985 in
1254 966 1388 994 synagoga
1409 958 1528 985 deorum.
1546 967 1549 983 ι
1574 957 1612 984 Ac
1627 967 1658 985 ne
1672 959 1729 993 quis
1745 959 1777 985 ob

152 998 351 1026 restituendum
369 999 464 1026 Arium
488 1000 617 1029 excubias
631 1001 699 1036 egit,
716 1001 762 1036 qui
777 1003 942 1037 capitalibus

151 1044 222 1072 odiis
238 1044 382 1073 catholica:
404 1046 442 1073 rei
457 1053 584 1080 proceres
599 1048 710 1075 assidue
725 1049 881 1084 exagitavit,
896 1058 942 1077 ca-

151 1090 282 1118 tholicum
300 1093 484 1120 censeamus?
501 1092 570 1120 Hinc
592 1094 616 1121 si
639 1095 750 1129 scriptis
771 1095 831 1130 ejus
854 1100 943 1124 atten-

150 1137 211 1168 das,
229 1137 316 1170 aiunt,
333 1138 418 1172 probe
434 1145 495 1165 cum
511 1139 596 1173 gestis
619 1147 773 1167 consonare
790 1140 942 1175 deprehen-

150 1183 198 1211 des
212 1192 218 1210 ε
238 1191 304 1210 nam
316 1184 364 1225 qui
381 1183 479 1211 Filium
495 1185 598 1219 passim
615 1186 748 1213 minorem
763 1185 853 1218 Patre,
874 1187 942 1214 alte-

148 1237 209 1258 rum
225 1229 310 1258 Deum
322 1227 493 1264 inferiorem,
507 1239 539 1259 ac
554 1232 709 1260 ministrum
727 1241 823 1267 purum
836 1234 884 1265 ait,
895 1234 941 1269 qui

148 1276 306 1304 catholicus
322 1276 474 1304 habeatur?
489 1277 545 1313 Ego
561 1285 626 1305 vero
644 1279 678 1307 iis
693 1279 739 1314 qui
759 1279 940 1307 orthodoxum

148 1320 299 1349 Eusebium
318 1327 434 1351 censent
458 1323 492 1350 ad
516 1324 584 1350 tanti
599 1324 649 1351 viri
669 1325 857 1360 purgationem
876 1326 943 1353 asti-

147 1368 236 1403 pulari
261 1373 445 1403 peroptarem,
463 1369 486 1396 si
511 1376 559 1404 per
575 1369 636 1404 ejus
663 1371 766 1406 scripta
787 1372 899 1404 liceret;
913 1376 941 1398 at

147 1422 230 1443 secus
244 1415 362 1442 suadent
375 1422 439 1442 cum
457 1420 556 1442 caetera
570 1415 630 1450 ejus
641 1424 735 1451 opera,
751 1422 807 1444 tum
823 1418 940 1446 maxime

147 1460 175 1488 bi
195 1460 399 1491 commentarii.
414 1460 462 1488 ubi
475 1460 662 1489 Arianismum
676 1467 769 1498 aperte
785 1463 938 1498 proﬁtetur.

147 1506 208 1533 Non
222 1515 255 1535 es
278 1507 371 1542 aliqua
390 1506 473 1541 igitur
490 1508 667 1543 prtejudicata
683 1509 812 1543 opinione
830 1509 864 1536 ad
879 1516 939 1536 eam

148 1554 313 1582 sententiam
334 1554 509 1582 accedimus:
535 1554 635 1582 nedum
659 1555 732 1582 enim
755 1563 826 1590 aegre
842 1555 938 1587 feram,

149 1608 323 1635 summopere
339 1600 475 1636 gaudebo,
492 1601 514 1628 si
531 1601 593 1636 quis
611 1601 645 1628 ab
660 1609 693 1629 eo
715 1609 769 1628 non
786 1601 869 1629 modo
881 1601 939 1628 cul-

149 1654 224 1681 pam,
243 1647 290 1674 sed
306 1647 388 1674 etiam
405 1647 602 1681 suspicionem.
619 1647 758 1675 dimovere
774 1648 877 1683 possit:
895 1648 938 1675 id-

150 1699 204 1727 que
218 1692 284 1718 mihi
298 1700 350 1719 non
366 1692 457 1729 minus
469 1700 502 1720 ex
515 1693 666 1725 voluntate,
678 1701 758 1728 quam
771 1699 869 1729 praeter
880 1694 940 1729 opi-

152 1737 262 1765 nionem
276 1738 360 1765 eadet.
382 1728 486 1766 Vereor
500 1739 573 1766 enim
595 1743 624 1766 ut
640 1739 686 1774 qui
703 1740 868 1767 catholicum
884 1740 937 1767 Eu-

153 1784 259 1812 sebium
280 1784 425 1817 aiiirmant.
443 1790 547 1813 tantam
562 1785 594 1813 in
608 1785 753 1814 adversum
769 1793 831 1813 mox
849 1786 939 1821 prole-

152 1831 263 1860 rendam
286 1832 408 1859 locorum
424 1833 520 1859 silvam
544 1840 726 1867 concoquere,
741 1836 768 1859 et
784 1833 817 1859 ad
832 1833 939 1861 sincera

152 1876 278 1912 dogmata
308 1878 474 1913 detorquere
505 1879 622 1906 valeant.
650 1878 760 1905 Eusebii
790 1879 881 1914 itaque
905 1880 939 1907 de

152 1922 239 1951 Verbo
258 1928 282 1952 et
301 1923 370 1952 Filio
383 1924 431 1952 Dei
446 1925 609 1952 sententiam
633 1925 660 1952 in
684 1930 759 1952 certa
770 1926 856 1960 capita
882 1927 938 1954 dis-

150 1969 275 2000 tinctam,
306 1975 360 1997 tam
383 1978 417 1998 ex
433 1970 475 1998 bis
492 1971 710 2002 commentariis,
728 1979 810 2006 quam
827 1979 860 1998 ex
877 1972 938 2000 aliis

149 2014 208 2049 ejus
221 2015 343 2049 scriptis,
358 2016 532 2050 maximeque
555 2024 587 2043 ex
601 2016 750 2051 euangelica
765 2016 939 2044 Demonstra-

151 2059 229 2092 tione,
242 2063 269 2087 et
280 2067 311 2087 ex
328 2060 407 2088 libris
421 2059 522 2087 Contra
536 2059 693 2087 Marcellum
704 2061 732 2087 in
748 2061 865 2088 medium
878 2062 941 2089 aﬂ'c-

149 2113 259 2134 remus:
277 2113 392 2141 eamque
414 2107 579 2135 sententiam
595 2107 802 2142 amplectemur,
823 2115 884 2143 quae
904 2109 938 2135 ab

150 2153 208 2188 ipsa
221 2154 259 2180 rei
273 2155 387 2182 veritate
397 2158 424 2182 et
440 2155 633 2190 perspicuitate
644 2154 814 2182 suadebitnr.

149 2207 180 2233 II.
192 2208 315 2234 Eusebius
324 2210 398 2235 docet
409 2211 529 2236 unitatem
541 2212 587 2236 Dei
606 2213 630 2236 in
644 2218 694 2236 uno
707 2211 780 2236 Patre
795 2213 896 2237 servari.
907 2227 939 2232 —

286 2250 330 2276 ΙΙΙ.
348 2251 439 2276 Filium
450 2253 524 2284 longe
536 2252 663 2278 minorem
672 2253 751 2278 Patri.

994 1005 1165 1038 moriare/tite,
1182 1005 1236 1031 sive
1258 1004 1336 1030 unius
1358 1004 1491 1038 principii,
1509 1004 1631 1030 rationem
1656 1003 1777 1030 turban-

993 1054 1046 1082 tur,
1063 1049 1200 1076 Christum
1222 1049 1270 1075 Dei
1289 1049 1373 1076 Deum
1389 1058 1446 1077 esse
1467 1049 1590 1082 audiets;
1606 1054 1775 1085 congruenter

992 1094 1034 1121 hic
1048 1095 1145 1122 multos
1165 1095 1227 1122 deos
1245 1096 1363 1122 nominat
1383 1103 1438 1127 eos,
1454 1096 1498 1130 qui
1519 1095 1558 1122 sub
1581 1095 1636 1122 ltwc
1656 1096 1773 1122 incusas»

992 1145 1035 1167 tur
1048 1148 1056 1167 :
1073 1146 1176 1168 tantum
1192 1151 1242 1169 non
1256 1143 1411 1177 prmcipiens
1426 1147 1454 1168 ut
1472 1151 1503 1169 ne
1517 1146 1660 1168 metemur
1673 1141 1774 1169 Filium

991 1195 1091 1222 quoque
1110 1187 1157 1215 Dei
1178 1187 1260 1214 Deum
1283 1196 1385 1215 vocare.
1406 1187 1436 1215 Si
1453 1188 1521 1214 enim
1541 1189 1615 1219 tentis
1632 1189 1773 1222 principes,

990 1234 1035 1266 qui
1053 1233 1122 1260 male
1141 1233 1293 1265 audiebant,
1312 1234 1359 1262 Dei
1373 1235 1478 1261 nomine
1494 1234 1589 1269 digzati
1606 1237 1676 1266 sunt,
1691 1233 1773 1269 quod,

990 1288 1089 1314 quaso,
1106 1280 1251 1314 periculum
1265 1280 1354 1315 fuerit,
1371 1281 1395 1308 si
1412 1281 1496 1308 virum
1513 1280 1618 1307 dir-terte
1629 1279 1675 1306 Dei
1687 1284 1710 1306 et
1727 1279 1774 1307 Fi-

992 1326 1055 1352 lium
1071 1326 1184 1353 hominis
1197 1328 1394 1362 conﬁrmatum,
1414 1327 1497 1354 Deum
1510 1327 1653 1361 fateantur?
1666 1325 1774 1355 Clarius

991 1376 1079 1398 autem
1088 1373 1114 1399 in
1124 1373 1294 1407 expositione
1302 1374 1398 1408 psalmi
1412 1371 1642 1403 Lxxxvntvers.7.
1654 1372 1771 1407 idipsum

989 1418 1117 1452 exprimit
1144 1418 1186 1446 his
1213 1419 1320 1447 verbis:
1338 1420 1418 1446 Δοκεῖ
1441 1419 1469 1445 δέ
1496 1428 1530 1454 μο
1547 1419 1560 1444 ὁ
1578 1418 1770 1453 Προρήτης....

990 1462 1259 1498 ὑπερεκπλήττεσθαι
1276 1465 1323 1491 τὸν
1347 1465 1477 1491 ἐπέκεινα
1502 1473 1610 1495 παντων,
1630 1464 1676 1490 καὶ
1702 1464 1772 1501 ὑπὲρ

990 1508 1096 1540 πάντας
1114 1509 1160 1536 τὸν
1181 1510 1323 1545 Μονογενῆ
1339 1511 1385 1537 τοῦ
1402 1510 1470 1537 Θεοῦ
1481 1519 1487 1526 ’
1505 1508 1542 1536 ei."
1557 1511 1589 1536 ὲκ
1600 1509 1646 1535 τοῦ
1664 1509 1771 1545 θαύμα-

988 1563 1035 1587 τος
1052 1555 1296 1591 ἀναπεφωνηκέναι
1310 1557 1350 1588 τὸ,
1370 1557 1434 1584 ’Ότι
1446 1557 1492 1589 τίς
1506 1556 1530 1582 ea
1544 1555 1687 1589 ’νεφέλαις
1701 1556 1768 1582 ἰσω-

990 1601 1113 1634 θήσεται
1138 1601 1178 1634 τῷ
1200 1603 1348 1637 Κιφ[ῳ;ἢ
1373 1602 1444 1629 κατὰ
1472 1602 1516 1628 τὸν
1530 1601 1693 1636 Σύμμαχον·
1723 1602 1770 1635 Τίς

991 1647 1046 1682 γὰρ
1061 1647 1097 1674 ἐν
1120 1647 1214 1681 αἰθέρι
1230 1647 1460 1682 ἁντιπαραθέσει
1483 1648 1518 1680 τᾷ
1526 1648 1624 1682 Κυρίῳ
1644 1648 1680 1674 ἐν
1695 1647 1770 1680 υἱοῖς

992 1693 1082 1725 Θεοῦ;
1096 1693 1187 1720 Ταῦτα
1209 1693 1237 1720 δὲ
1252 1694 1315 1729 περὶ
1332 1694 1380 1728 μὲν
1401 1694 1447 1720 τοῦ
1465 1693 1622 1727 Μοιογενοῦς
1642 1693 1688 1719 τοῦ
1702 1692 1770 1720 Θεοῦ

991 1739 1122 1774 λεγόμενοι
1140 1738 1220 1771 σώζοι
1237 1739 1270 1765 ἂν
1283 1739 1382 1774 εὗσεῧῆ
1397 1739 1446 1775 τὴν
1462 1739 1578 1770 διάνοιαν,
1595 1739 1625 1765 οὑ
1641 1739 1689 1774 μὲν
1705 1739 1770 1775 περὶ

990 1785 1036 1812 τοῦ
1052 1785 1159 1821 Πατρδς
1181 1785 1227 1811 καὶ
1242 1785 1310 1812 Θεοῦ
1324 1785 1378 1811 τῶν
1399 1785 1483 1811 ὅλων·
1502 1785 1622 1817 ἀνοίκειος
1646 1785 1700 1820 γὰρ
1721 1785 1769 1812 καὶ

990 1832 1091 1868 ἀσεϐὴς
1110 1833 1126 1868 ὴ
1149 1832 1308 1868 παράθεσις.
1328 1832 1364 1858 Τὸ
1387 1831 1441 1866 γὰρ
1462 1832 1514 1858 uio?
1538 1831 1605 1858 Θεοῦ
1629 1831 1769 1866 παραϐάλ-

990 1878 1045 1904 λειν
1066 1878 1096 1904 τὸ
1124 1878 1231 1905 πάντων
1254 1877 1352 1909 αἴτιον,
1377 1878 1424 1904 καὶ
1446 1877 1477 1904 τὸ
1502 1877 1642 1913 συγκρίνειν
1666 1878 1768 1914 ἑτέροις

989 1923 1091 1959 τολμᾷν
1105 1923 1151 1950 τὸν
1168 1924 1296 1950 ἐπέκεινα
1318 1923 1372 1950 τῶν
1387 1922 1454 1950 ὅλων
1473 1922 1535 1954 Θεν,
1551 1922 1659 1948 πάντων
1672 1921 1705 1948 ἂν
1719 1922 1768 1956 γέ-

990 1978 1060 1996 νοιτο
1074 1969 1262 1996 ἀνοσιώτατον.
1283 1968 1435 2000 Ἀκίνδυνος
1446 1968 1468 1994 δ’
1485 1967 1562 2002 anei-rx
1578 1968 1592 1993 ὁ
1608 1967 1685 2001 λόγος
1701 1968 1767 1999 υἱοῖς

990 2014 1058 2041 Θεοῦ
1083 2014 1238 2050 συγκρίνειν
1258 2014 1321 2040 Υῐδν
1336 2013 1404 2040 Θεοῦ
1429 2012 1556 2049 μονογνῆ,
1579 2013 1627 2039 καὶ
1646 2013 1675 2039 τὸ
1698 2013 1767 2048 πρὸς

991 2061 1094 2092 πάντας
1124 2060 1290 2096 ἀσύγκριτον
1317 2059 1399 2086 αὑτοῦ
1428 2060 1475 2086 καὶ
1497 2058 1675 2094 ιπαράθετον,
1705 2059 1766 2086 καθ’

991 2105 1143 2141 ὑπερϐολήν
1156 2114 1186 2131 τε
1201 2105 1333 2140 ὑπερέχον
1352 2105 1494 2140 σημαίνειν
1519 2103 1547 2130 ld
1566 2107 1609 2131 est
1628 2104 1766 2131 :Videtur-

990 2160 1038 2188 que
1050 2152 1114 2178 mihi
1126 2150 1314 2186 Propheta.....
1332 2159 1391 2178 eum
1405 2151 1450 2186 qui
1464 2159 1538 2184 ornes
1553 2151 1663 2182 excedit,
1677 2159 1765 2178 omnes

990 2202 1107 2231 ruperat,
1124 2196 1292 2232 Unigenitum
1313 2195 1363 2222 Dei
1387 2204 1446 2222 cum
1467 2201 1558 2230 slpore
1579 2195 1765 2224 considerare:

990 2243 1082 2270 deinde
1098 2250 1130 2269 ea:
1142 2242 1317 2269 admiratione
1336 2242 1390 2269 Ιιατ
1417 2242 1505 2276 elfar:
1524 2250 1533 2266 ‹
1555 2241 1687 2274 Quoniam
1706 2242 1764 2276 quis

183 2291 226 2318 Ab
241 2292 345 2320 unitate
367 2293 413 2321 Dei
431 2294 516 2321 ordiri
532 2302 621 2329 opem
642 2295 760 2329 pretium
776 2295 838 2327 ρι-ίι,
855 2303 938 2330 quam
954 2297 976 2324 ι)
990 2289 1017 2316 in
1040 2288 1153 2316 nubibus
1182 2288 1332 2324 wquabitur
1360 2288 1471 2315 Domino
1508 2296 1517 2313 ι
1543 2287 1596 2314 sive
1619 2287 1765 2314 secundum

151 2334 284 2364 Eusebius
296 2338 325 2364 in
342 2346 396 2365 uno
410 2338 491 2366 Patre
508 2340 624 2372 servari,
640 2348 728 2376 neque
741 2340 852 2374 Filium,
866 2341 938 2368 mul-

150 2385 232 2417 toque
249 2384 340 2411 minus
358 2384 489 2420 Spiritum
504 2390 640 2418 sanctum,
654 2387 680 2413 in
702 2387 825 2421 ejusdem
846 2388 938 2414 unita-

149 2428 184 2456 tis
200 2431 372 2458 consortium
389 2431 483 2459 venire
495 2433 570 2459 clare
584 2436 611 2460 et
629 2433 724 2459 multis
740 2433 767 2459 in
785 2433 852 2461 locis
866 2433 938 2460 allii--

151 2479 216 2512 lqat.
238 2475 347 2504 Patrem
369 2478 441 2506 enim
459 2478 487 2505 in
503 2486 532 2506 se
556 2482 641 2506 totam
664 2479 773 2507 deitatis
789 2479 938 2514 plenitudi-

151 2527 222 2552 nem.
238 2523 350 2550 excluso
370 2523 449 2556 Filio,
465 2525 608 2559 complecti
630 2525 742 2557 indicat,
760 2525 825 2552 dum
848 2526 938 2560 ipsum

152 2566 237 2593 solum
254 2569 355 2602 passim
382 2574 472 2602 vocat,
495 2570 541 2597 τὸν
564 2570 618 2597 τῶν
642 2570 709 2597 ὅλων
726 2570 802 2603 Θεὸν,
823 2571 870 2597 τὸν
892 2571 938 2598 ἐπὶ

151 2613 256 2641 πάντων
280 2615 357 2646 Θεὸν,
383 2616 429 2642 τὸν
446 2617 574 2643 ἐπέκεινα
595 2617 702 2643 πάντων
729 2617 807 2647 Θεὸν,
832 2617 858 2643 id
884 2621 936 2649 est,

104 2661 111 2666 '
149 2657 233 2686 Deum
246 2661 438 2694 uniuersorum,
454 2662 537 2689 Deum
551 2670 633 2697 supra
648 2664 748 2694 omnia,
763 2663 845 2690 Deum
865 2663 947 2689 ultra

148 2704 251 2736 omnia;
267 2705 420 2742 Filiumque
437 2711 534 2735 contra
551 2707 843 2744 iiuncupat,'6aitepov
859 2708 936 2740 Θεὸν,

147 2747 271 2786 δεύτερον
287 2751 400 2788 Κύριον,
414 2753 558 2780 secundum
573 2754 668 2786 Deum,
686 2754 829 2781 secundant
846 2753 937 2780 Domi-

149 2803 220 2823 num.
247 2797 285 2825 Ne
309 2799 372 2834 quis
392 2807 457 2827 vero
480 2805 603 2835 reponat,
626 2800 733 2827 Patrem
759 2800 820 2828 ideo
848 2799 936 2828 Deum

149 2843 339 2872 universorum
355 2846 390 2873 ab
410 2845 528 2874 Eusebio
546 2846 649 2880 vocari,
669 2846 742 2881 quod
761 2847 797 2874 sit
813 2846 890 2882 origo
910 2851 937 2874 et

149 2889 210 2916 fons
224 2888 377 2923 Trinitatis,
394 2895 421 2920 et
432 2893 459 2919 in
476 2893 582 2920 ratione
600 2894 725 2929 principii
744 2893 850 2929 primus
862 2893 935 2920 ossi--

148 2938 216 2967 stat;
243 2934 293 2963 hoc
308 2936 471 2965 catholicum
488 2937 684 2973 interpretandi
704 2946 790 2973 genus
807 2945 935 2972 respuere

991 2334 1190 2369 Symmachum,
1208 2343 1217 2358 ι
1235 2333 1301 2366 Quis
1315 2334 1383 2361 enim
1401 2334 1428 2360 in
1442 2333 1521 2360 u’tkre
1536 2331 1651 2366 conferet
1667 2339 1693 2358 se
1708 2331 1764 2358 Do-

991 2382 1061 2408 mino
1079 2382 1105 2408 in
1127 2381 1191 2416 ﬁliis
1207 2380 1277 2408 Dei?
1299 2390 1307 2406 ν
1331 2379 1396 2408 "ac
1413 2380 1445 2407 de
1465 2379 1588 2414 Utigenito
1610 2378 1658 2404 Dci
1679 2377 1762 2411 dicta,

989 2428 1062 2462 piam
1078 2431 1182 2453 servant
1195 2427 1369 2458 sententiam;
1386 2427 1418 2453 de
1432 2425 1501 2452 Pate
1517 2432 1574 2451 vero
1594 2431 1624 2449 ac
1641 2423 1694 2449 Deo
1707 2423 1764 2449 uni-

990 2480 1122 2500 versorum
1138 2479 1230 2499 secus:
1246 2472 1390 2506 impropria
1400 2473 1469 2499 enim
1479 2477 1492 2498 Α
1506 2470 1584 2504 impia
1600 2471 1763 2503 comparatio

988 2524 1065 2547 esset.
1089 2518 1162 2546 Nam
1181 2519 1246 2554 filiis
1262 2518 1311 2546 Dei
1337 2519 1454 2546 omnium
1478 2524 1572 2544 ausam
1595 2516 1721 2550 conferre,
1737 2521 1763 2543 et

988 2574 1047 2592 eum
1081 2565 1126 2600 qui
1149 2572 1229 2599 supra
1262 2565 1352 2592 omnia
1377 2564 1486 2591 estDeu
1515 2561 1575 2589 aliis
1599 2570 1760 2597 comparare,

989 2610 1199 2646 improbissimus
1216 2612 1333 2638 omnium
1348 2619 1428 2637 ausus
1443 2612 1504 2637 esst.
1521 2609 1556 2634 Αι
1574 2609 1630 2635 sine
1645 2609 1760 2643 periculo

989 2658 1078 2685 Filius
1094 2658 1143 2686 Dei
1158 2659 1321 2694 unigenitus,
1337 2658 1403 2692 ﬁliis
1428 2656 1656 2690 Deitomparatur,
1675 2663 1705 2681 ac
1722 2655 1762 2682 di-

989 2705 1058 2732 citur
1070 2714 1129 2732 eum
1146 2705 1380 2740 incomparabilem
1396 2712 1463 2735 esse,
1479 2711 1523 2729 um
1535 2702 1608 2729 nullo
1623 2702 1758 2736 conferen—

988 2751 1062 2785 dum,
1079 2756 1156 2786 atque
1173 2751 1316 2778 admodum
1328 2749 1630 2777 antecellenasaeritur?
1642 2747 1691 2774 llic
1704 2755 1761 2775 ma-

989 2798 1088 2826 nifeste
1104 2798 1182 2826 vides
1204 2797 1303 2825 Filium
1326 2798 1407 2832 longe
1426 2796 1538 2824 inl‘riore
1552 2802 1633 2830 quam
1652 2794 1759 2822 Patrem

989 2844 1075 2878 gradu
1097 2845 1131 2872 ab
1147 2845 1266 2872 Eusebio
1289 2844 1401 2879 reponi;
1421 2845 1486 2871 itast
1502 2849 1553 2869 nec
1577 2841 1611 2868 ad
1626 2841 1759 2868 unitatem

989 2891 1047 2924 Dei,
1062 2899 1114 2920 nec
1128 2891 1161 2919 ad
1176 2891 1308 2918 unitatem
1326 2890 1452 2925 principii
1461 2889 1651 2916 universorum
1667 2886 1760 2922 perti-
1787 2886 1797 2923 g

989 2941 1063 2971 neat,
1079 2946 1167 2973 neque
1183 2938 1284 2966 deitate
1298 2944 1360 2965 cum
1377 2936 1424 2963 illo
1435 2943 1507 2972 plmo
1523 2933 1658 2970 principio
1673 2938 1761 2960 unum
