2055 3214
262 206 295 236 51
599 198 733 228 EUSEBll
749 197 989 226 CESABIENSIS
1007 196 1083 224 OPP.
1100 196 1190 223 PARS
1210 194 1254 222 lli.
1274 210 1309 215 -——
1328 191 1533 220 EXEGETICA.
1849 191 1884 219 32

265 267 311 294 sit.
335 265 400 292 Nam
422 262 474 290 ubi‘
485 262 586 289 dictum
608 261 686 293 illud,
702 260 770 287 Deus
788 260 860 287 stetit
876 261 903 285 in
916 266 1050 294 synagoga

1111 257 1161 283 ,πει
1183 257 1230 283 καὶ
1252 256 1332 286 αὐτὸς
1352 256 1366 282 ὁ
1383 255 1446 286 Υίὺς
1464 253 1551 289 ἀρχὴν
1569 253 1748 289 ἐπιγράφεται
1770 252 1816 279 τὸν
1835 254 1896 285 aio-1

265 312 384 341 deorum,
400 310 434 337 de
448 308 518 335 Filio
533 307 579 334 Dei
594 306 722 341 explicat,
742 313 774 334 ac
791 305 858 332 nihil
874 305 1048 332 metuendum

267 357 316 389 ait,
329 348 481 383 etsi-Filius
497 353 568 380 Deus
583 357 706 385 vocetur,
720 359 754 378 ne
770 352 861 378 unitas
883 351 1008 385 principii
1024 355 1051 378 et

267 402 377 431 deitatis
393 401 519 433 tollatur;
534 407 589 426 non
604 406 696 426 veram
714 398 759 425 ille
772 405 883 425 causam
900 397 987 429 aﬂ'ert,
1001 404 1052 424 cur

268 449 332 477 hinc
344 447 418 476 nulla
433 445 620 481 multiplicitas
640 445 754 472 deorum
769 443 915 472 metuenda
929 443 975 476 sit,
987 444 1052 478 quia

269 494 373 522 scilicet
388 492 466 519 Pater
485 495 513 518 et
534 490 630 523 Filius,
653 498 724 518 unus
737 489 818 521 Deus,
842 498 926 517 unum
950 490 1052 525 princi-

269 539 342 574 pium
366 545 457 564 rerum
471 541 552 568 sunt;
574 536 633 568 sed,
650 537 697 568 ait,
713 536 843 571 quoniam
860 536 910 571 ipsi
929 536 1052 563 homines

269 583 307 610 dii
330 586 472 613 vocantur,
493 582 560 617 quin
581 582 635 609 ulla
653 581 718 609 hinc
733 581 847 608 deorum
866 581 1053 615 multiplicitas

270 627 364 656 inferri
389 628 485 663 possit,
509 635 589 664 posse
611 628 713 662 pariter
740 626 838 655 Filium
865 627 948 654 Deum
971 627 1025 654 dici
1044 646 1051 658 ,

271 675 338 711 quin
353 675 454 702 mullos
474 682 536 702 esse
553 674 620 702 deos
642 675 825 709 suspicemur.
850 673 956 700 Etenim
974 678 1003 700 ιιι
1026 673 1054 700 in

271 721 332 749 loco
356 720 408 748 sub
432 720 488 747 haec
509 720 590 748 allato
613 720 794 755 signiﬁcatur,
817 720 895 755 longe
917 719 1055 747 inferioris

272 771 373 802 gradus
392 769 444 797 est,
468 773 547 800 quam
566 769 594 792 ut
615 765 702 800 possit
723 765 755 792 ad
778 765 893 800 primam
919 764 991 791 illam
1008 763 1056 791 Dei

273 813 408 840 unitatem
423 812 568 846 pertinere,
584 815 675 845 utpote
691 817 771 844 quem
793 809 927 837 creaturis
949 816 1057 844 compa-

273 866 336 886 rare
350 858 440 889 liceat,
455 858 503 885 etsi
523 857 609 884 multo
624 856 801 884 excellentior
813 855 847 883 iis
866 855 902 882 sit
915 863 922 881 :
936 854 1008 890 quod
1022 854 1057 882 de

274 904 354 932 Patre
371 911 489 932 asserere
504 903 695 938 impiissimum
708 906 734 930 et
750 901 980 936 improbissimum
996 908 1057 928 esse

1102 302 1148 328 τοῦ
1164 301 1281 336 Πατέρα.
1300 300 1413 335 Κεφαλὴ
1434 300 1488 335 γὰρ
1507 299 1624 334 Χριστοῦ
1638 300 1652 325 ὁ
1665 298 1740 330 Θεὸς.
1755 299 1825 325 κατὰ.
1840 299 1899 336 τδκε

1107 345 1275 378 Ἀπόστολον,
1291 347 1342 373 hoc
1354 351 1413 374 est:
1427 346 1459 372 At
1470 346 1575 377 vereris,
1589 346 1623 371 mi
1635 345 1770 377 homo,ne,
1785 345 1808 371 si
1818 345 1886 370 duas

1101 394 1203 429 fateare
1215 392 1389 423 substantias,
1404 392 1456 418 dno
1470 392 1531 418 item
1547 391 1674 424 prinripia
1692 390 1812 419 inducas.
1830 394 1854 416 et
1870 397 1886 415 a

1102 438 1270 466 manare/rica
1283 437 1380 464 deitate
1394 437 1511 464 excidas.
1529 436 1623 463 Discas
1639 437 1728 471 igitur,
1747 435 1815 470 quod
1828 443 1886 461 cum
1902 454 1910 467 η

1101 493 1169 511 unus
1186 485 1220 511 sit
1233 484 1289 510 sine
1300 483 1428 516 principia
1440 487 1464 509 et
1487 482 1618 516 ingenitus
1639 481 1721 512 Deus,
1740 480 1825 507 Filius
1840 488 1888 506 au-

1104 536 1154 558 tem
1177 538 1210 557 e1:
1232 529 1278 556 illo
1299 529 1433 564 gignatur,
1458 536 1540 554 unum
1565 528 1712 554 necessario
1731 527 1888 561 principium

1104 577 1194 611 fuerit,
1213 575 1365 602 monarcliia
1382 579 1406 601 et
1421 582 1528 608 regnum
1542 582 1640 604 unum;
1655 574 1718 608 quia
1732 573 1786 608 ipse
1802 572 1888 600 Filius

1105 623 1213 650 Patrem
1227 631 1302 649 suum
1318 621 1477 657 principith
1494 621 1622 648 ascribit:
1640 625 1717 655 mpnt
1732 620 1799 646 enim
1816 618 1890 646 Chri-

1104 670 1139 696 sti
1156 668 1226 696 Deus
1243 673 1293 699 est,
1309 667 1451 695 secundum
1474 667 1629 702 Apostolum
1654 666 1680 701 (I
1696 666 1759 693 Cor.
1781 674 1819 698 ιι,
1850 666 1887 700 5).

1106 714 1156 742 Ubi
1172 715 1265 741 videas
1277 713 1480 741 monarchicam
1494 713 1552 740 sive
1565 719 1647 739 unam
1663 712 1735 738 illam
1752 716 1778 738 et
1794 712 1891 746 prima-

1105 760 1176 786 riam
1194 759 1332 791 deitatem,
1356 766 1404 786 ωι-
1414 757 1532 786 Eusebio
1549 758 1583 794 jn
1599 757 1679 785 Patre
1700 757 1759 784 solo
1775 757 1889 784 servari.

1108 805 1177 838 Quia
1205 812 1270 832 vero
1293 805 1412 839 aliquam
1436 802 1526 831 Patris
1542 808 1569 831 et
1591 803 1654 830 Filii
1679 804 1809 830 unitatem
1831 810 1892 830 esse

1106 851 1258 879 concedere
1272 858 1385 878 necesse
1402 850 1452 877 fuit
1465 850 1617 878 secundum
1630 849 1696 877 illud
1708 859 1714 877 :
1734 849 1789 884 Ego
1802 854 1826 876 et
1841 848 1893 876 Pa-

1108 903 1146 925 ter
1160 905 1240 924 unum
1258 905 1348 923 sumus
1363 896 1455 932 (Joan.
1470 904 1497 929 ι,
1509 895 1565 930 50),
1586 895 1769 922 animadverto
1791 895 1818 922 in
1838 903 1893 930 quo

275 949 314 977 ait
324 949 466 976 Eusebius.
479 934 578 974 Similia
591 948 673 974 habet
685 947 711 974 in
728 934 956 974 Dem-onstratiotte
978 954 1057 973 evan?
1072 934 1093 963 Β
1107 943 1188 970 talem
1210 942 1361 969 constituat
1384 942 1517 969 unitatem
1541 940 1684 973 Eusebius,
1698 940 1716 967 1.
1743 948 1772 967 ιιι
1793 939 1894 968 Contra

275 994 369 1030 gelica,
386 994 404 1021 l.
420 1001 458 1025 vi,
475 1001 495 1027 ι.
512 992 576 1024 257,
592 993 637 1019 ubi
654 992 688 1020 de
707 991 788 1019 Patre
806 995 833 1019 et
848 991 917 1018 Filio
936 991 1000 1018 talia
1016 990 1058 1017 fa.

277 1044 322 1067 tur
336 1049 342 1066 ι
357 1039 454 1074 Σαφῶς
470 1039 491 1065 ὲ]
507 1039 546 1073 τῷ
559 1039 674 1074 πέμπτῳ
689 1037 886 1073 συγγράμματι
899 1037 948 1070 τῆς
961 1038 1058 1071 Εὐαγ-

280 1083 403 1120 τελικῆς
426 1083 605 1115 Ὰπιὸείξεως
630 1082 780 1117 ὡρισμένου
801 1083 846 1109 τοῦ
870 1083 933 1118 περὶ
952 1082 1058 1118 Πατρὸς

279 1130 326 1157 καὶ
343 1128 410 1161 Υἱοῦ
424 1129 506 1163 λόγω,
528 1128 575 1155 καὶ
591 1129 658 1155 Θεοῦ
675 1129 723 1164 μὲν
746 1129 804 1160 ἐνὸς
819 1129 866 1156 τοῦ
885 1130 931 1156 ἐπὶ
949 1129 1058 1156 πάντων

278 1173 486 1210 ὡμολογημένον
504 1173 631 1209 δευτέρας
645 1174 673 1200 δὲ
689 1174 747 1210 μετ’
763 1175 843 1201 αὑτὸν
856 1175 1060 1210 ἀποδειχθείσης

279 1221 373 1251 οὐσίας
389 1219 535 1254 ἡγουμέλης
551 1220 604 1246 τῶν
620 1219 742 1254 γενητῶν
759 1220 898 1251 ἁπάντων,
915 1220 948 1256 ἢν
963 1220 1059 1254 σοφίαν

280 1265 359 1297 Θεοῦ,
373 1274 400 1293 κ.
419 1274 444 1292 τ.
456 1264 482 1293 λ.
497 1265 548 1293 Ἰοε
558 1271 599 1293 est
610 1274 617 1292 :
630 1265 730 1300 Cumlin
738 1266 828 1300 quinto
842 1265 1005 1300 Evangelica:
1014 1265 1061 1292 de-

281 1310 481 1338 monstrationis
501 1310 572 1342 'ibro,
591 1311 661 1337 clare
673 1310 705 1337 de
714 1310 794 1338 Patre
804 1316 828 1338 et
842 1311 911 1338 Filio
923 1311 1060 1346 deﬁnitum

281 1360 463 1391 statutumque
479 1355 563 1390 fierit,
587 1364 618 1383 ac
642 1356 727 1383 Deum
745 1356 849 1392 quidem
873 1364 954 1383 unum
978 1365 1061 1391 supra

282 1401 371 1429 omnia
391 1409 448 1428 esse
464 1401 631 1434 deloratum,
657 1401 798 1429 secundam
820 1411 879 1429 vero
901 1407 959 1437 post
974 1403 1061 1437 ipsum

283 1447 461 1476 substantiam
472 1456 527 1482 ese,
543 1457 601 1484 qua:
614 1448 734 1476 ontnibus
746 1450 858 1484 opificiis
871 1450 973 1484 prtesit,
989 1458 1061 1477 cont-

283 1499 458 1522 monstratum
473 1495 507 1521 sit
519 1503 598 1530 quant
613 1495 773 1530 sapientiam
789 1495 853 1528 Dei,
865 1499 931 1528 etc..
950 1496 996 1524 ubi
1018 1496 1062 1523 in-

283 1545 390 1576 terpres
405 1541 452 1575 qui
468 1540 526 1568 solt
539 1540 649 1568 Eusebii
660 1540 733 1568 dicta
761 1541 794 1568 ad
811 1541 882 1576 piam
898 1542 1062 1569 sententiam

1107 987 1275 1020 Marcellum,
1290 995 1315 1015 c.
1333 988 1375 1019 19,
1395 996 1421 1022 p.
1442 987 1508 1014 192:
1526 987 1580 1014 Καὶ
1599 987 1630 1022 δὴ
1645 987 1715 1013 κατὰ
1739 986 1831 1013 τοῦτον
1848 987 1893 1013 τὸν

1106 1035 1207 1070 τρόπον
1222 1035 1250 1060 ἓν
1266 1034 1333 1070 πρὸς
1350 1034 1396 1060 τὸν
1410 1033 1518 1069 Πατέρα
1535 1033 1582 1059 καὶ
1604 1033 1649 1059 τὸν
1666 1032 1730 1059 Υἱὸν
1747 1034 1770 1059 οξ
1794 1033 1894 1064 πάντες

1107 1079 1287 1116 γενησόμεθα.
1306 1081 1409 1115 Ὥσπερ
1432 1079 1486 1115 γὰρ
1512 1079 1592 1110 αὐτὸς
1617 1080 1711 1106 ἑαυτόν
1734 1088 1763 1105 τε
1787 1079 1894 1105 καὶτὸν

1107 1127 1217 1162 Πατέρα
1229 1126 1257 1153 ἓν
1270 1124 1339 1153 εἶναι
1356 1126 1443 1160 ἔλεγε,
1460 1126 1589 1160 φάσκων·
1613 1126 1684 1161 Ἐγὼ
1697 1126 1744 1152 καί
1762 1127 1778 1152 ὀ
1795 1125 1895 1160 Πατὴρ

1107 1174 1142 1201 ἓν
1157 1175 1250 1208 ἐσμεν
1260 1182 1267 1188 ·
1283 1173 1355 1199 οὕτω
1371 1173 1418 1199 καὶ
1440 1171 1543 1203 πάντας
1557 1173 1640 1207 ἡμᾶς,
1656 1171 1726 1198 κατὰ
1747 1171 1796 1207 τὴν
1813 1171 1894 1197 αὑτοῦ

1110 1221 1235 1256 μίμησιν,
1256 1220 1306 1255 τῆς
1328 1219 1452 1254 ὲνύτητος
1474 1219 1524 1254 τῆς
1545 1218 1626 1244 αὐτοῦ
1653 1218 1797 1252 μετασχεῖν
1819 1216 1895 1251 εὖχε-

1107 1274 1167 1292 ται·
1191 1265 1220 1292 οὐ
1247 1264 1317 1291 κατὰ
1341 1263 1500 1299 Μάρκελλον
1527 1262 1574 1289 τοῦ
1596 1263 1680 1296 Λόγου
1697 1262 1830 1297 ὲνωμένου
1856 1261 1895 1296 τῷ

1109 1311 1177 1346 Θεῷ,
1192 1311 1239 1337 καὶ
1253 1311 1284 1345 τῇ
1300 1309 1378 1344 οὐσία
1394 1307 1631 1344 συναφθησομένου
1642 1316 1649 1323 ⁸
1661 1306 1750 1338 καθὼς
1764 1307 1793 1333 δὲ
1808 1308 1894 1342 ἐμαρ-

1109 1357 1226 1392 τύρησεν
1242 1357 1258 1391 ἡ
1276 1356 1400 1391 ἀλήθεια,
1418 1356 1432 1380 ὁ
1445 1355 1540 1390 Σωτὴρ
1556 1353 1638 1385 αὐτὸς
1655 1352 1738 1379 είπών
1749 1361 1756 1367 ’
1775 1352 1834 1386 Τὴν
1848 1352 1896 1379 δό-

1111 1404 1168 1436 ξαν
1182 1403 1222 1437 ’ἢν
1234 1402 1347 1436 ἔδωκάς
1357 1411 1419 1437 μοι,
1433 1401 1546 1428 δέδωκα
1564 1399 1666 1432 αὺτοῖς
1676 1420 1683 1433 ,
1699 1400 1749 1426 ἵνα
1761 1397 1837 1426 ὦσιν
1851 1398 1895 1432 ἐν,

1110 1449 1207 1482 καθὼς
1220 1449 1267 1475 καὶ
1277 1448 1405 1483 ήμεῖςὲν
1417 1447 1520 1481 ἐσμεν.
1537 1445 1594 1474 Hoc
1608 1450 1650 1474 est
1665 1455 1671 1473 :
1686 1445 1770 1480 Atque
1779 1445 1812 1472 ad
1829 1445 1897 1472 hunc

1111 1495 1217 1522 modum
1233 1503 1279 1521 nos
1300 1501 1388 1521 omnes
1403 1501 1462 1520 cum
1473 1492 1555 1520 Patre
1567 1496 1592 1520 et
1607 1491 1678 1519 Filio
1691 1500 1773 1519 unum
1786 1492 1895 1518 erimus.

1113 1540 1342 1574 Quemadmodum
1363 1539 1432 1566 enim
1444 1539 1499 1574 ipse
1515 1547 1542 1566 se
1564 1543 1589 1565 et
1613 1537 1720 1566 Patrem
1745 1546 1826 1565 unum
1843 1546 1899 1565 esse

284 1585 313 1613 in
330 1585 456 1613 versione
472 1592 517 1612 sus
527 1585 700 1620 detorquere,
716 1590 854 1620 postrema
874 1587 914 1614 sic
928 1587 1062 1623 interpre-
1076 1606 1097 1637 Ο
1116 1587 1194 1617 dixit,
1213 1596 1222 1612 ι
1239 1586 1303 1621 Ego,
1315 1586 1445 1621 inquiens,
1465 1590 1489 1612 et
1508 1585 1587 1612 Pater
1604 1593 1685 1612 unum
1702 1592 1809 1616 sumus;
1826 1593 1835 1610 ι
1860 1584 1899 1611 ita

284 1635 376 1658 tatur:
393 1630 429 1657 Et
451 1630 548 1658 Patron
562 1631 666 1667 quidem
684 1632 767 1659 Deum
785 1641 866 1660 unum
887 1641 944 1660 esse
968 1635 1063 1660 consti-

288 1676 337 1707 tit;
353 1675 467 1702 alteram.
490 1684 566 1703 auem
583 1681 679 1710 prwter
693 1678 771 1704 illum
789 1683 813 1704 et
837 1686 896 1704 cum
913 1677 961 1704 illo
974 1685 1064 1712 perso—

287 1730 348 1748 nam
370 1729 436 1752 esse,
450 1729 508 1756 qua:
524 1722 605 1748 imnia
619 1730 677 1757 qum
693 1723 765 1757 facta
780 1727 841 1750 sunt
856 1723 1004 1753 antecedat,
1023 1722 1064 1750 de-

288 1772 465 1795 monstratum
482 1771 520 1794 est
535 1767 595 1800 Quo
610 1767 638 1794 in
662 1768 723 1795 loco
738 1768 831 1795 οὐσίαν
852 1768 897 1795 ille
911 1776 1061 1802 personam,

288 1814 380 1847 vertit,
405 1813 457 1841 etsi
482 1813 652 1841 subtantiam
675 1814 809 1849 signiﬁcet
828 1814 873 1842 hic
896 1819 924 1842 et
949 1815 977 1842 in
1002 1815 1063 1843 aliis

289 1857 399 1886 Eusebii
421 1857 500 1890 locis,
525 1862 543 1885 ιι
564 1866 598 1886 ex
624 1859 749 1894 repetitis
767 1860 819 1887 sub
847 1859 905 1887 haec
931 1860 1063 1895 exemplis

288 1903 429 1938 propalam
449 1903 501 1930 erit
520 1904 596 1932 :llud
617 1908 708 1932 autem
733 1906 791 1940 μετ’
808 1905 901 1938 αὐτόν,
921 1913 1064 1941 perperam

289 1949 370 1976 vertit
392 1948 447 1981 ille,
464 1954 547 1984 prwtr
560 1950 636 1976 illum
651 1954 675 1976 et
693 1958 751 1977 cum
765 1950 822 1982 illo,
839 1959 901 1978 cum
916 1955 1007 1986 aperte
1026 1951 1065 1979 si-

290 1993 409 2028 gniticet,
422 1998 480 2028 post
497 1993 570 2028 illim,
588 2003 639 2022 nec
657 2002 770 2023 numero
784 1999 900 2030 tantum,
913 1996 960 2024 scd
975 1997 1065 2032 digni-

290 2043 347 2067 tate
369 2043 396 2067 et
420 2044 579 2075 prmstanta;
600 2045 629 2069 ut
650 2050 682 2070 ex
700 2042 757 2077 jam
780 2042 862 2071 dictis
888 2043 1064 2071 manifestum

291 2090 343 2117 est,
367 2089 394 2112 et
414 2094 447 2113 ex
470 2086 541 2113 infra
555 2088 675 2116 dicendis
696 2088 828 2124 liquidius
851 2090 999 2117 constabit.
1020 2090 1065 2117 Ait

292 2132 425 2167 siquidem
433 2132 481 2159 lib.
501 2140 519 2160 ll
536 2132 621 2161 Cntra
633 2134 799 2168 Marcellum,
812 2143 839 2170 p.
853 2135 903 2162 109
917 2144 923 2162 :
937 2135 1005 2162 Οὐδὲ
1018 2135 1064 2162 δύο

291 2178 370 2210 θεοὺς
380 2178 484 2214 ἀνάγκη
499 2178 575 2207 δοῦν-ι
587 2181 633 2207 τὸν
646 2180 694 2213 τὰς
704 2181 750 2208 δύο
765 2181 928 2214 ὑποστάσεις
938 2181 1062 2208 τιθέντα”·

291 2225 353 2253 οὐδὲ
370 2225 424 2261 γὰρ
443 2226 562 2261 ἰσοτίμου
581 2227 666 2259 αὑτὰς
681 2227 838 2264 ὁριζόμεθα,
855 2228 881 2255 id
895 2232 938 2256 est
953 2238 959 2255 :
975 2228 1065 2263 Neque

293 2279 395 2299 necesse
410 2276 449 2298 est
463 2279 524 2298 eum
543 2271 593 2300 dos
610 2273 671 2300 deos
686 2273 777 2308 fateri,
789 2274 834 2309 qui
846 2273 914 2301 duas
927 2273 1064 2300 admiserit

294 2317 477 2345 substantias:
498 2325 549 2345 non
567 2319 621 2345 nim
636 2318 698 2346 illas
718 2319 816 2346 honore
834 2327 910 2354 pares
928 2327 984 2346 esse
1004 2319 1066 2353 defi-

294 2364 398 2396 nimus;
413 2364 450 2391 ita
466 2367 497 2391 ut
520 2368 618 2393 eatuus
640 2366 771 2393 unitatem
791 2366 900 2393 deitatis
922 2365 1004 2393 statui
1021 2373 1067 2393 ve-

294 2409 336 2443 lit,
353 2414 489 2446 quatenus
503 2410 548 2437 illa
566 2411 641 2446 [rima
660 2412 757 2443 deitas,
774 2412 947 2447 primumque
963 2411 1068 2446 princi-

294 2456 369 2491 pium
394 2455 423 2483 in
448 2464 504 2483 uno
526 2456 594 2486 Pace
620 2463 754 2491 servatur,
778 2458 822 2485 cui
849 2457 930 2492 longe
956 2457 1068 2486 inferior

294 2501 366 2530 Deus
386 2501 483 2535 Filius.
504 2503 532 2530 in
552 2507 648 2533 unitate
668 2505 715 2532 illa
735 2512 791 2532 non
809 2503 1066 2539 comprehendatur.

295 2547 372 2580 Quod
390 2547 435 2574 ille
452 2548 550 2577 ibidem
568 2550 673 2578 vlﬁrmat
693 2550 736 2578 his
755 2550 866 2578 verbis:
891 2550 970 2577 Ἀλλὰ
987 2550 1066 2586 φοὸῇ,

293 2589 316 2620 ὦ
330 2592 465 2628 ἄνθρωπε,
483 2594 520 2630 μὴ
539 2594 574 2621 δύη
587 2596 750 2628 ὑποστάσεις
763 2597 943 2632 ὁμολογήσας,
960 2596 1007 2623 δύο
1020 2597 1069 2632 ἁρ-

294 2638 345 2674 χὰς
356 2640 523 2674 εἰσαγάγοις,
539 2650 576 2668 κα
589 2643 640 2681 τῆς
653 2643 822 2679 μοναρχικῆς
838 2642 962 2677 θεότητος
985 2643 1067 2670 ἐκπέ-

297 2692 362 2716 σοις.
380 2685 506 2712 Μάνθανε
528 2687 615 2722 τοίνυν,
639 2689 686 2721 ὡς,
705 2688 763 2720 ἐνὸς
784 2689 859 2721 ὄντος
882 2689 1000 2724 ἀνάρχου
1023 2689 1069 2715 καὶ

295 2730 441 2766 ἀγεννήτου
462 2731 540 2765 Θεοῦ,
564 2735 597 2761 τῶ
619 2735 647 2761 δὲ
663 2734 728 2762 Υἱοῦ
747 2735 777 2767 ἐξ
796 2734 878 2762 αὑτοῦ
902 2735 1068 2770 γεγεννημέ-

294 2784 351 2810 νον,
367 2777 415 2812 μία
433 2777 508 2805 ἔσται
523 2779 593 2815 ἁρχὴ
609 2781 742 2817 μοναρχία
756 2790 786 2808 τε
799 2781 846 2808 καὶ
861 2780 983 2817 βασιλεία
1002 2782 1050 2817 μία

329 2843 651 2883 La)_ggmo_enc._ip_sat.
663 2855 690 2883 p.
711 2848 755 2879 86,
774 2848 836 2879 stt.
852 2848 914 2880 557,
928 2848 990 2880 558,
1005 2849 1067 2878 572.

294 2878 357 2915 sic,
372 2879 437 2915 377.
454 2880 517 2912 tiu.
531 2881 594 2914 tes,
604 2878 753 2915 5915555.
763 2883 824 2915 354,
839 2878 912 2915 532.
923 2878 988 2914 ὕει(
1004 2883 1067 2914 597,

296 2913 362 2948 598;
385 2912 536 2943 Demanstr.
557 2912 637 2954 eum.
657 2912 720 2951 in.
744 2918 804 2952 us,
820 2912 984 2952 'it9,'2ts,'
998 2912 1068 2954 εδδ,

1114 1641 1225 1668 quoque,
1237 1637 1265 1658 ut
1293 1631 1327 1658 ad
1352 1632 1435 1666 ipsius
1468 1632 1642 1658 imitationem
1665 1639 1712 1658 nos
1729 1639 1816 1658 omnes
1829 1630 1899 1665 ejus-

1115 1677 1173 1705 dem
1187 1678 1291 1705 unionis
1302 1677 1442 1711 participes
1454 1678 1547 1709 simus,
1562 1681 1681 1712 precatus
1696 1681 1743 1704 est.
1758 1675 1818 1703 Non
1831 1675 1899 1711 quod

1120 1723 1244 1755 Verbum,
1258 1728 1288 1750 ut
1305 1722 1449 1749 Marcellus
1465 1723 1528 1755 vult,
1546 1723 1653 1749 uitiatur
1665 1721 1730 1755 Deo,
1743 1728 1766 1749 et
1777 1723 1901 1749 substan-

1116 1769 1216 1796 tialiter
1233 1769 1283 1803 ipsi
1299 1768 1494 1803 conjungatur:
1510 1768 1554 1794 sed
1575 1773 1604 1794 ut
1619 1768 1725 1799 ueritas,
1743 1769 1797 1800 ipse
1811 1767 1901 1794 Serva-

1118 1819 1159 1841 tor
1176 1815 1288 1846 scilicet,
1307 1814 1466 1848 testiﬁcatur
1481 1813 1588 1840 dicens:
1605 1822 1614 1838 ι
1633 1812 1750 1839 Gloriam
1763 1820 1842 1847 quam
1859 1812 1901 1838 de-

1116 1860 1181 1887 disti
1196 1860 1260 1887 mihi
1272 1859 1333 1887 dedi
1351 1860 1400 1893 eis,
1416 1865 1444 1885 ut
1460 1859 1512 1886 sint
1528 1867 1608 1885 unum
1627 1859 1695 1885 sicut
1711 1864 1734 1885 et
1753 1867 1799 1885 nos
1820 1866 1900 1885 unum

1117 1915 1207 1934 sumus
1223 1906 1314 1941 (Joan.
1336 1913 1403 1938 xvn,
1425 1905 1498 1939 22).»
1518 1904 1568 1932 Ubi
1582 1905 1711 1932 unitatem
1731 1905 1803 1932 illam
1819 1906 1902 1933 subs-

1117 1953 1257 1980 tantialem
1290 1951 1380 1979 Patris
1411 1959 1473 1978 cum
1511 1950 1580 1977 Filio
1620 1950 1739 1978 dilucide
1781 1951 1901 1986 explodit

1117 1997 1268 2030 Eusebius;
1285 1997 1397 2031 vultque
1422 2000 1528 2023 tantum
1552 1995 1625 2022 illam
1649 1995 1780 2022 unitatem
1804 2004 1902 2024 conce-

1117 2044 1191 2076 dere,
1209 2050 1262 2078 qua
1278 2051 1312 2070 ex
1327 2043 1484 2078 dignatione
1496 2042 1613 2077 quadam
1632 2041 1713 2069 Pater
1727 2041 1825 2069 Filium
1845 2043 1903 2078 glo—

1117 2090 1164 2118 rise
1178 2097 1234 2118 sua:
1249 2089 1410 2124 participem
1427 2088 1519 2119 cﬂicit,
1533 2092 1563 2116 ut
1577 2093 1604 2116 et
1616 2087 1701 2115 Filius
1716 2096 1766 2116 nos
1780 2089 1902 2124 ejusdem

1117 2136 1210 2171 gloriae
1232 2139 1374 2163 consortes
1394 2134 1522 2162 reddidit.
1541 2134 1598 2161 Sub
1622 2134 1679 2161 haec
1703 2139 1793 2162 autem
1815 2135 1902 2162 eidem

1117 2181 1327 2218 comprobanda
1341 2182 1483 2210 sententia:
1497 2185 1570 2209 totus
1585 2181 1698 2214 insistit,
1711 2186 1792 2217 atque
1808 2182 1845 2209 ita
1859 2181 1904 2208 de-

1118 2236 1191 2255 mum
1206 2228 1362 2256 concludit:
1384 2227 1478 2259 Οΰτως
1492 2225 1538 2254 οὖν
1554 2228 1583 2254 ἓν
1600 2228 1669 2254 εἰσιν
1685 2229 1698 2254 ὁ
1714 2227 1809 2264 Πατὴρ
1825 2227 1872 2254 καὶ
1888 2228 1902 2253 ὁ

1081 2285 1104 2312 ι)
1119 2274 1181 2306 Υἱὸς
1200 2274 1270 2302 κατὰ
1290 2274 1339 2310 τὴν
1362 2274 1503 2301 κοινωνίαν
1524 2274 1575 2310 τῆς
1593 2274 1682 2310 δόξης,
1700 2272 1734 2310 ἧς
1749 2276 1804 2306 τοῖς
1821 2274 1903 2301 αὐτοῦ

1119 2321 1252 2357 μαθηταῖς
1269 2320 1435 2356 μεταδιδοὺς,
1446 2320 1496 2356 τῆς
1507 2321 1591 2356 αὐτῆς
1605 2320 1728 2352 ἑνώσεως
1744 2321 1790 2347 καὶ
1807 2320 1904 2351 αὐτοὺς

1117 2367 1204 2402 ἠξίου,
1217 2367 1269 2394 hoc
1279 2371 1322 2394 est
1339 2375 1346 2394 :
1364 2366 1411 2393 Ita
1424 2365 1506 2393 Pater
1521 2371 1545 2394 et
1559 2365 1648 2393 Filius
1661 2374 1743 2393 unum
1759 2371 1820 2393 sunt
1837 2373 1904 2392 com-

1118 2414 1239 2440 munione
1260 2413 1368 2448 gloriw:
1389 2421 1469 2447 quam
1493 2421 1551 2439 cum
1573 2413 1710 2446 discipulis
1733 2412 1788 2438 suis
1808 2412 1905 2445 imper<

1119 2460 1178 2491 tiat,
1190 2458 1307 2494 ejusdem
1323 2467 1367 2486 eos
1383 2459 1489 2486 unionis
1504 2458 1645 2492 participes
1661 2457 1747 2492 eﬂ'icit.
1763 2456 1821 2490 Qua
1834 2457 1860 2483 in
1876 2463 1906 2484 re

1118 2506 1214 2542 grandi
1234 2498 1417 2541 paralogismo
1439 2505 1526 2532 utitur
1540 2504 1686 2536 Eusebius,
1701 2507 1731 2530 ut
1745 2502 1815 2530 iufra
1832 2502 1905 2530 vide-

1118 2551 1202 2585 bitur,
1217 2551 1282 2579 dum
1306 2551 1438 2578 unitatem
1454 2551 1528 2578 illam
1542 2550 1644 2584 gloriae,
1664 2549 1692 2576 in
1711 2555 1793 2584 quam
1814 2556 1848 2575 ex
1864 2548 1902 2575 di-

1119 2598 1248 2632 gnatione
1274 2600 1380 2624 tantum
1403 2595 1531 2631 discipuli
1555 2594 1656 2622 Christi
1681 2598 1824 2626 vocantur,
1847 2593 1906 2628 pari

1119 2643 1200 2672 modo
1219 2651 1234 2670 a
1257 2643 1339 2671 Patre
1359 2642 1555 2670 communicari
1576 2640 1644 2669 Filio
1664 2648 1724 2673 suo,
1739 2644 1821 2675 atque
1843 2640 1907 2667 hinc

1120 2691 1329 2719 substantialem
1353 2690 1485 2718 unitatem
1510 2688 1629 2721 excludi,
1653 2688 1804 2715 contendit.
1831 2687 1906 2714 lianc

1120 2745 1202 2773 porro
1217 2737 1326 2765 deitatis
1339 2737 1472 2764 unitatem
1484 2740 1512 2764 et
1525 2735 1711 2764 monarchialn
1727 2735 1863 2762 sexcentis
1879 2734 1906 2760 in

1121 2784 1188 2812 locis
1204 2783 1242 2819 (a)
1256 2783 1336 2811 docet
1350 2783 1405 2816 ille,
1422 2790 1484 2818 quae
1497 2790 1532 2810 ne
1554 2781 1660 2818 longius
1679 2781 1846 2809 abducamur
1862 2779 1905 2807 in-

1121 2851 1322 2914 fgptria‘rarc.
1334 2851 1378 2885 63,
1395 2851 1439 2885 66,
1455 2851 1498 2884 69,
1514 2851 1558 2885 70,
1570 2850 1616 2884 90,
1632 2849 1676 2883 96,
1695 2849 1754 2882 106,
1769 2849 1828 2881 107,
1844 2847 1906 2881 110,

1177 2907 1183 2921 ,
1205 2907 1262 2914 η..
