2055 3214
139 185 176 214 35
527 187 776 215 COMMENTARIA
798 187 830 214 IN
851 186 1018 214 PSALMOS.
1039 202 1073 208 -—-
1093 187 1364 216 PRA'ILIMINAMA.
1724 191 1758 219 Ἠ

140 246 233 273 dicare
249 246 337 274 solum
352 245 476 274 sumi-int.
499 246 632 274 Cmternm
653 248 697 275 ubi
712 255 762 275 vox
777 248 924 279 ὑπόστασις
938 258 960 283 Α
975 251 1041 274 erat.
1064 246 1098 273 Et
1117 247 1162 274 ille
1183 247 1286 281 quidem
1305 238 1358 281 perv
1373 248 1486 282 seipsum
1503 249 1633 285 perfectus
1654 255 1678 278 et
1703 252 1759 286 pri-

141 292 271 324 occurrit,
288 299 339 320 nos
356 292 532 320 substantiam
557 294 704 327 vertimus;
722 297 778 320 tum
803 294 866 328 quia
883 293 924 320 sic

141 337 250 365 Eusebii
265 345 322 365 aevo
337 346 368 365 ex
392 343 501 373 recepto
524 346 599 367 mor-.-
615 340 808 375 accipiebatur,
824 343 854 366 ut
873 339 923 366 ba-

141 384 186 411 bet
209 383 394 416 Athanasius;
417 390 474 412 tum
495 386 569 420 quia,
591 393 653 413 cum
676 385 812 414 Eusebius
833 385 924 412 diver-

141 437 198 456 sam
217 429 246 456 in
263 429 344 458 Patre
364 436 391 458 et
406 430 474 458 Filio
495 431 675 459 subsrantiam
692 432 817 470 admittat
833 435 859 458 et
873 431 920 458 do-

140 478 211 506 ceat,
234 475 338 503 inutilis
361 483 426 504 sane
447 476 525 504 fuerit
548 484 726 512 personarum
746 481 772 505 et
795 477 924 513 hyposta-

141 521 210 547 siun-
223 521 332 556 vulgata
345 522 497 550 distinctio.

141 599 179 622 ιν.
191 599 302 633 Diversie
312 599 526 633 substantia—1V.
537 601 664 633 Interpres
672 602 775 627 Latinus
787 603 920 630 Demonstr.

167 630 311 666 eritngelictp
333 631 464 666 Eusebium
483 632 515 657 de
528 630 646 658 industria
662 634 692 658 ad
704 635 846 659 catholicam
865 641 922 660 seu-

171 662 272 685 lentiam
286 662 397 686 detorsit.

174 736 250 763 Licet
270 740 362 764 autem
386 745 419 764 ex
443 737 592 772 praemissis
613 739 752 774 propalam
778 740 814 768 sit
836 739 922 769 Euse-

139 782 211 809 bium
227 782 363 810 diversam
387 790 402 810 a
418 788 529 819 paterna
549 785 728 812 substantiam
748 790 775 813 et
793 785 921 814 deitatem

138 827 166 854 in
181 827 248 855 Filio
261 829 428 856 constituere
441 839 448 857 :
465 837 528 857 nam
540 830 609 858 duas
624 830 651 858 in
663 831 752 858 allatis
766 831 834 859 locis
856 833 922 860 sub-

138 871 255 899 stantias
278 876 370 908 aperte
400 873 562 908 proﬁtetur:
584 879 611 902 et
633 883 698 904 sane
722 877 767 911 qui
789 878 921 904 unitatem

976 301 1050 325 mus,
1079 298 1167 328 utpote
1192 293 1288 326 Pater,
1307 299 1331 321 et
1355 295 1549 322 constitutionis
1569 295 1637 322 Filii
1663 305 1757 328 causa.

974 339 1041 366 nihil
1063 339 1097 366 ad
1122 339 1230 366 deitatis
1246 347 1302 366 sua:
1323 339 1539 374 complementum
1558 350 1573 368 a
1592 341 1662 369 Filio
1685 344 1757 369 acci-

973 386 1063 419 piens;
1078 386 1119 413 hic
1136 391 1223 412 autem
1237 390 1364 421 tanquam
1375 393 1408 412 ea:
1423 394 1503 413 causa
1516 387 1601 421 factus
1617 389 1701 422 ﬁlius,
1715 397 1757 416 se-

974 431 1074 458 cundus
1087 436 1125 458 est
1142 430 1174 457 ab
1188 439 1217 458 eo
1232 431 1307 465 cujus
1325 436 1364 458 est
1382 431 1467 467 ﬁlius,
1481 433 1572 467 quippe
1585 434 1630 468 qui
1644 443 1661 460 a
1675 434 1757 463 Patre

973 480 997 502 et
1012 480 1040 502 ut
1055 476 1100 509 sit,
1115 481 1138 502 et
1152 481 1180 502 ut
1197 476 1260 503 talis
1274 477 1320 508 sit,
1339 478 1475 510 acceperit.
1491 477 1529 504 Ac
1543 487 1658 511 rursum,
1671 480 1757 514 splen-

973 521 1023 548 dor
1047 520 1150 556 quidem
1174 529 1225 548 non
1249 529 1281 548 ex
1303 522 1436 556 proposito
1454 527 1478 549 et
1497 523 1629 550 voluntate
1650 524 1757 552 luminis

973 567 1101 602 splendet,
1114 567 1158 593 sed
1174 567 1315 594 secundum
1328 567 1448 595 accidens
1463 568 1596 604 quidpiam
1607 578 1622 596 a
1634 569 1758 598 substan-

973 613 1011 639 tia
1024 613 1215 647 inseparabile;
1232 612 1317 640 Filius
1334 622 1391 640 vero
1402 622 1434 640 ea:
1448 615 1576 642 sententia
1590 621 1614 642 et
1624 618 1756 651 proposita

973 658 1126 689 voluntatis,
1142 659 1229 693 imago
1248 658 1337 686 Patris
1353 659 1479 686 substitit.
1496 660 1590 688 Valens
1608 663 1676 689 enim
1689 661 1757 690 Deus

973 703 1040 731 Filii
1056 704 1136 730 Pater
1150 705 1262 736 exstitit,
1280 713 1311 731 ac
1330 705 1473 732 secundum
1494 706 1580 734 lumen
1604 716 1650 742 per
1669 709 1758 734 omnia

972 750 1058 776 simile
1072 750 1123 776 sibi
1138 750 1280 777 subsistere
1295 750 1333 787 la)
1348 751 1418 785 fecit.
1436 751 1488 779 Ubi
1505 752 1639 787 interpres
1654 753 1711 781 sive
1723 762 1758 781 ex

973 796 1056 824 insito
1078 803 1142 831 erga
1166 795 1313 823 Eusebium
1339 797 1454 831 aﬂcctu;
1476 798 1533 826 sive
1550 799 1602 826 alia
1618 799 1707 834 ignota
1723 799 1758 828 de

973 848 1066 872 causa,
1083 841 1166 868 multa
1177 848 1257 868 secus
1272 841 1358 876 posita
1372 842 1405 869 ad
1421 843 1582 870 catholicam
1594 844 1757 873 sententiam

973 894 1022 921 pro
1038 894 1114 914 more
1132 894 1181 914 suo
1199 886 1308 914 deﬂexit
1329 896 1334 914 :
1351 895 1413 914 nam
1427 888 1502 920 illud,
1519 888 1579 914 uae‘
1594 889 1690 916 ἑαυτὸν
1712 891 1758 916 οὺ-

137 918 264 954 principii
283 923 311 946 et
329 919 440 948 deitatis
461 920 488 947 in
509 929 564 949 uno
588 921 678 953 Patre,
705 923 816 951 excluso
841 922 919 956 Filio,

974 918 1113 967 σιωμένος,
1128 932 1168 960 sic
1187 933 1326 960 transtulit
1340 942 1347 960 :
1367 932 1427 960 Non
1441 941 1486 967 per
1502 935 1615 969 seipsum
1633 935 1757 963 substan-

137 969 236 996 servat,
262 969 461 1000 consequenter
488 967 568 993 aliam
591 968 619 994 in
643 967 712 995 Filio
736 973 763 995 et
783 968 918 996 diversam

137 1009 317 1037 substantiam
331 1014 358 1038 et
373 1011 512 1044 deitatem,
532 1013 555 1040 si
574 1013 684 1048 quidem
705 1013 775 1042 Deus
797 1014 842 1046 sit,
865 1019 920 1042 sta-

136 1057 194 1081 tuat
210 1063 323 1083 necesse
337 1060 397 1089 est;
412 1065 426 1084 e
437 1065 466 1084 re
481 1062 571 1085 tamen
589 1058 670 1086 fuerit
683 1067 716 1086 es
728 1060 821 1088 multis
834 1068 919 1095 pauca

136 1099 245 1128 Eusebii
263 1101 322 1128 loca
343 1102 372 1129 in
393 1102 513 1130 medium
535 1103 641 1137 allerre,
663 1105 708 1132 ubi
735 1106 779 1133 ille
794 1106 920 1133 substan-

137 1146 200 1174 tiam
219 1151 246 1174 et
256 1148 383 1176 deitatem
399 1148 471 1183 Filii,
489 1157 504 1176 a
517 1155 630 1185 paterna
641 1152 722 1179 aliam
734 1157 760 1179 et
773 1151 919 1185 diversam,

136 1200 298 1228 separatam,
314 1195 418 1230 ipsique
431 1197 517 1223 multo
530 1197 684 1225 inferiorem
703 1203 920 1228 commonstrare

137 1240 245 1267 nititur:
264 1240 336 1268 unde
352 1242 434 1269 etiam
456 1243 565 1277 planius
587 1244 683 1271 evadat
699 1246 769 1280 quod
795 1247 921 1281 superius

137 1286 280 1320 probatum
296 1291 348 1319 est,
372 1287 520 1315 Eusebium
542 1289 668 1318 videlicet
692 1291 823 1320 unitatem
844 1293 921 1328 prin-

137 1331 199 1365 cipii
215 1337 243 1359 et
268 1332 377 1360 deitatis
392 1333 418 1360 in
440 1341 493 1361 uno
517 1333 607 1368 Patre,
627 1336 739 1364 excluso
761 1336 840 1369 Filio,
865 1342 922 1365 sta-

135 1381 222 1404 tuere.
244 1377 289 1404 Ait
310 1378 393 1412 igitur
432 1379 458 1405 in
499 1378 727 1408 Demonstratione
762 1383 920 1418 etangelica,

136 1421 156 1449 Ι.
172 1430 209 1454 Iv,
227 1431 252 1450 c.
275 1424 301 1454 5,
318 1432 342 1458 ιιι
359 1424 407 1450 147
424 1434 431 1452 :
453 1425 532 1452 Ἀλλὰ
553 1426 599 1452 τοῦ
618 1427 666 1461 μὲν
692 1427 819 1463 αἰσθητοῦ
835 1429 923 1463 φωτὸς

135 1469 286 1506 ἁχώριστος
300 1472 317 1505 ὴ
334 1472 416 1507 αὐγὴ,
431 1473 445 1498 ὁ
457 1473 485 1498 δὲ
502 1473 565 1505 Υἱὸς
583 1474 654 1506 ίόἕως
669 1476 742 1511 παρὰ
755 1477 800 1502 τὸν
813 1477 922 1513 Πατέρα

135 1514 197 1542 220'
213 1515 308 1542 ἑαυτὸν
325 1516 472 1551 ὑφέστηκε.
496 1519 550 1545 Καὶ
567 1520 654 1554 φωτὸς
677 1521 726 1555 μὲν
742 1522 757 1556 ὴ
780 1521 849 1557 αὐγὴ
867 1521 922 1556 χώ-

138 1569 188 1596 ραν
210 1561 349 1597 ἐνεργείας
371 1563 474 1598 ἐπέχει,
495 1564 509 1590 ὁ
525 1565 553 1591 δὲ
570 1565 633 1597 Υίὸς
657 1566 750 1602 ἕτερόν
774 1576 799 1594 τι
820 1567 921 1604 ῆκατὲι

972 979 1035 1004 tiam
1051 984 1154 1010 nactus,
1171 978 1216 1005 sed
1229 987 1244 1005 a
1262 978 1361 1010 Patre;
1376 986 1437 1006 cum
1458 979 1623 1014 disparatam
1646 981 1757 1008 omnino

971 1025 1132 1051 sententiam
1150 1024 1243 1051 ellerat
1259 1024 1403 1056 Eusebius,
1420 1025 1534 1056 scilicet,
1545 1033 1591 1059 per
1604 1033 1631 1052 se
1641 1030 1666 1052 et
1684 1034 1756 1053 seor-

970 1071 1019 1097 sim
1031 1069 1208 1097 substantiam
1224 1069 1332 1098 habens.
1348 1069 1410 1097 Pari
1425 1070 1505 1098 modo
1523 1071 1589 1098 illud
1603 1072 1648 1098 2'0
1664 1072 1691 1098 δὲ
1700 1073 1757 1098 Πα-

970 1116 1020 1152 τὴρ
1046 1116 1217 1152 προῦπάρχει
1244 1116 1290 1142 τοῦ
1314 1116 1390 1147 Υῐοῦ,
1407 1117 1452 1142 καὶ
1469 1116 1518 1151 τῆς
1530 1117 1661 1151 γενέσεως
1674 1117 1756 1144 αὑτοῦ

971 1161 1186 1197 προῦῳέςτηκεν,
1238 1162 1315 1198 μόνος
1328 1162 1473 1197 ἁγέννητος
1484 1160 1528 1198 ἦν·
1553 1163 1592 1190 sic
1603 1163 1647 1191 ille
1660 1163 1755 1190 vertit:

970 1207 1004 1233 At
1019 1216 1035 1234 a
1048 1207 1130 1234 Patre
1145 1207 1231 1235 Filius
1252 1208 1379 1243 procedit,
1395 1213 1418 1234 et
1435 1208 1510 1235 illum
1529 1213 1645 1243 generat,
1661 1213 1688 1235 at
1703 1210 1758 1243 ipsa

971 1262 1022 1280 non
1039 1255 1141 1289 genitus
1164 1259 1212 1282 est.
1237 1255 1272 1282 At
1288 1262 1352 1282 vera
1369 1255 1504 1282 sententia
1519 1255 1576 1282 hinc
1599 1259 1641 1283 est
1657 1264 1663 1282 :
1677 1255 1759 1283 Pater

972 1304 1060 1326 autem
1077 1299 1148 1326 Filio
1163 1299 1373 1334 pra’exsistebat,
1388 1304 1412 1326 et
1432 1304 1492 1326 ante
1513 1305 1599 1326 artum
1616 1300 1671 1334 ejus
1687 1300 1758 1327 exsi-

971 1344 1066 1377 stebat,
1077 1350 1204 1380 quatenus
1216 1345 1288 1372 solus
1303 1353 1354 1372 non
1365 1346 1466 1380 genitus
1480 1350 1548 1373 erat.
1561 1345 1606 1372 Sic
1619 1346 1700 1373 etiam
1713 1346 1759 1374 illo

972 1390 1029 1418 fere
1051 1391 1153 1425 ubique
1177 1390 1287 1418 Eusebii
1308 1391 1381 1418 dicta
1397 1391 1423 1417 in
1438 1390 1519 1417 aliam
1533 1392 1694 1418 sententiam
1711 1390 1759 1418 de-

972 1435 1064 1466 torsit,
1080 1438 1111 1461 ut
1123 1435 1286 1462 catholicum
1302 1435 1427 1462 redderet
1445 1444 1451 1461 :
1469 1443 1532 1461 nam
1549 1436 1595 1462 lib.
1609 1444 1646 1466 ιν,
1669 1443 1694 1462 c.
1712 1435 1756 1468 15,

972 1489 998 1516 p.
1018 1481 1077 1513 I75,
1094 1481 1150 1508 lucc
1164 1481 1274 1508 Eusebii
1287 1482 1378 1515 verba,
1393 1483 1447 1509 Kal.
1463 1483 1541 1517 μόνον
1557 1483 1585 1514 ἐξ
1602 1482 1682 1509 αὑτοῦ
1696 1491 1758 1517 γενη

973 1526 1086 1562 ηοέντα
1113 1527 1179 1553 Θεὸν
1203 1527 1299 1561 Λόγον,
1317 1529 1415 1563 μετοχῇ
1440 1536 1470 1554 τε
1497 1527 1544 1554 τῦ
1570 1529 1757 1563 γεννήσαντος,

973 1572 1120 1607 ἁγεννήτου
1144 1572 1191 1598 καὶ
1207 1571 1314 1607 πρώτου
1331 1573 1377 1598 καὶ
1395 1573 1525 1608 μείζονος,
1543 1572 1609 1600 Θεὸν
1635 1573 1667 1600 ὲκ
1690 1573 1758 1600 Θεοῦ

136 1607 278 1654 ξνέργειαν
288 1608 425 1642 τυγχάνει,
439 1609 499 1635 καθ’
512 1610 606 1638 ἑαυτὸν
617 1611 791 1647 οὑσιωμὲνος.
807 1614 861 1640 Καὶ
874 1614 922 1641 πά·
935 1605 958 1636 c
973 1605 1172 1653 ὰέτοᾳανθέντα,
1185 1605 1300 1654 Χριστὸν
1311 1619 1357 1646 καὶ
1370 1605 1533 1654 ὴλειμμένον
1545 1619 1707 1651 ἀπεκάλεσε,
1719 1620 1759 1647 sic

136 1651 188 1683 λιν,
206 1653 224 1687 ὴ
252 1653 301 1687 μὲν
317 1654 386 1688 αὐγὴ
406 1655 574 1690 συνυπάρχει
593 1656 630 1691 τῷ
653 1658 730 1692 φωτὶ,
755 1659 921 1695 συμπληρω-

136 1700 203 1735 τική
220 1708 262 1731 τις
277 1698 342 1726 οὖσα.
361 1701 457 1728 αὐτοῦ·
481 1703 544 1729 ἄνευ
562 1703 616 1739 γὰρ
633 1704 720 1739 αὐγῆς
737 1705 786 1731 οὐκ
801 1705 834 1732 ἂν
858 1706 922 1732 ὑπο-

139 1746 222 1781 σταίη
248 1746 313 1780 φῶς,
329 1747 394 1782 ὁμοῦ
408 1756 436 1774 τε
454 1748 501 1774 καὶ
518 1750 578 1775 κατ’
591 1750 656 1776 αὐτὸ
674 1751 874 1787 συνυφέστηκεν
886 1760 892 1766 ·
908 1753 922 1778 ὁ

138 1791 166 1818 δὲ
183 1791 277 1827 Πατὴρ
298 1793 466 1828 προῦπάρχει
488 1794 534 1820 τοῦ
554 1795 630 1825 Υίοῦ,
649 1796 696 1822 καὶ
716 1795 766 1830 τῆς
789 1797 922 1830 γενέσεως

138 1838 220 1865 αὑτοῦ
237 1839 452 1874 προῦξὲςτηκεν,
509 1840 588 1876 μόνος
610 1841 754 1876 ἀγέννητος
777 1840 820 1878 ἦν.
838 1844 893 1870 Καὶ
909 1845 923 1870 ὁ

141 1885 190 1920 μὲν
209 1886 269 1912 καθ’
287 1886 380 1912 ἑαυτὸν
397 1886 496 1918 τέλειος
510 1887 557 1913 καὶ
573 1887 690 1923 πρῶτος,
702 1888 738 1920 ὡς
754 1888 857 1924 Πατὴρ,
876 1890 924 1916 καὶ

139 1931 186 1967 τῆς
207 1931 255 1958 τοῦ
276 1931 341 1958 Υἱοῦ
364 1931 517 1964 συστάσεως
533 1932 628 1964 αἴτιος,
648 1934 723 1960 οὐδὲν
747 1935 787 1966 εἰς
804 1935 924 1970 συμπλή-

142 1984 223 2010 ρωσιν
241 1976 291 2010 τῆς
312 1975 408 2002 ἑαυτοῦ
427 1975 550 2010 θεότητος
572 1976 646 2012 παρὰ
668 1976 714 2002 τοῦ
736 1977 800 2003 1⁸ἱοῦ
820 1977 924 2012 λαμϐά-

140 2029 210 2047 νων·
226 2023 240 2048 ὸ
260 2021 287 2047 δὲ
302 2021 339 2053 ὡς
362 2022 392 2054 ἐξ
415 2023 500 2049 αἰτίου
525 2021 643 2056 γεγονὼς
665 2022 732 2053 υἱὸς,
753 2022 878 2057 δεύτερος
893 2019 923 2048 οὗ

141 2067 212 2094 ἐστιν
226 2067 282 2098 υἱὸς
295 2068 456 2104 καθέστηκε,
474 2069 548 2105 παρὰ
561 2067 608 2094 τοῦ
622 2068 727 2104 Πατρὸς
738 2068 784 2095 καὶ
799 2068 829 2094 τὸ
844 2068 923 2100 εἶναι,

141 2113 187 2138 καὶ
202 2113 304 2139 τοιόσδε
327 2112 396 2140 εἶναι
419 2114 545 2150 εἰληφώς.
569 2115 623 2141 Καὶ
642 2115 731 2146 πάλιν,
745 2116 761 2149 ἡ
788 2115 835 2150 μὲν
854 2115 924 2150 αὐγὴ

141 2159 171 2184 εὖ
188 2159 258 2185 κατὰ
275 2161 432 2195 προαίρεσιν
450 2161 496 2187 τοῦ
513 2161 600 2195 φωτὸς
612 2160 757 2195 ἐκλάμπει,
774 2160 843 2186 κατὰ
856 2168 882 2186 τι
897 2160 925 2185 δὲ

142 2204 189 2238 τῆς
210 2204 303 2236 οὐσίας
318 2204 489 2240 συμϐεϐηκὸς
505 2205 669 2241 ἀχώριστον·
693 2207 706 2232 ὁ
726 2205 754 2231 δὲ
776 2205 839 2236 Υἱὸς
855 2205 926 2232 κατὰ

143 2248 253 2284 γνώμην
275 2250 322 2276 καὶ
345 2251 502 2285 προαίρεσιν
526 2251 606 2278 εἰκὼν
622 2251 723 2286 ὑπέστη
746 2251 792 2277 τοῦ
810 2251 924 2286 Πατρός.

144 2295 288 2331 Βουληοεὶς
300 2296 354 2332 γὰρ
368 2298 382 2323 ὸ
397 2297 462 2328 Θεὸς
477 2297 587 2330 γέγονεν
602 2297 667 2323 Υἱοῦ
683 2297 787 2332 Πατὴρ,
808 2297 855 2322 καὶ
869 2296 924 2330 φῶς

144 2341 267 2376 δεύτερον
287 2342 357 2368 κατὰ
371 2343 458 2369 πάντα
475 2343 563 2378 ἑαυτῷ
577 2343 790 2378 ἀφωμοιωμένον
808 2343 926 2376 ὑπεστή-

146 2396 217 2415 σατο.
233 2389 298 2421 Qum
313 2389 353 2416 sic
373 2397 423 2424 ego
439 2390 618 2424 interpretor:
636 2389 687 2416 Sed
703 2398 718 2415 a
733 2389 851 2416 sensibili
868 2389 927 2423 qui-

145 2433 201 2460 dem
214 2435 312 2462 lumine
323 2435 445 2469 splendor
459 2435 579 2470 separari
591 2443 642 2462 non
653 2439 746 2469 potest,
764 2433 851 2462 Filius
868 2443 926 2461 vero

147 2488 261 2507 seorsum
283 2489 299 2507 a
317 2480 398 2508 Patre
412 2489 457 2516 per
478 2482 591 2516 seipsum
608 2481 737 2508 subsistit.
759 2481 797 2507 Ac
821 2481 926 2507 luminis

147 2527 246 2561 quidem
259 2527 383 2562 splendor
395 2527 480 2554 locant
496 2528 638 2563 efficientia:
653 2527 761 2558 obtinet,
780 2525 804 2553 Γ
805 2527 867 2554 ilius
880 2534 925 2553 au-

149 2576 198 2598 tem
218 2573 292 2599 aliud
304 2572 439 2608 quidpiam
453 2581 532 2608 quam
546 2573 688 2600 secundum
702 2572 865 2607 efficientiam
878 2577 927 2605 est,

149 2624 193 2644 ser
208 2619 319 2653 seipsum
335 2619 485 2646 substantia
505 2619 644 2654 prteditus.
664 2618 789 2650 Rursum,
806 2619 930 2653 splendor

148 2665 225 2692 simul
245 2665 349 2693 exsistit
376 2674 434 2693 eum
461 2666 568 2698 lumine,
595 2665 712 2700 illudque
737 2664 929 2700 quodammodo

148 2713 273 2746 complet:
295 2721 356 2739 nam
371 2713 426 2739 sine
441 2711 579 2746 splendore
595 2713 682 2739 lum-n
694 2719 859 2746 nequaquam
872 2710 929 2738 sub-

147 2757 233 2788 sistat.
249 2758 379 2793 simulque
399 2766 457 2785 eum
478 2758 526 2785 illo
544 2767 574 2785 ac
595 2757 738 2785 secundum
760 2756 827 2794 illud
841 2756 925 2783 subsi-

148 2804 208 2834 stit;
233 2803 312 2831 Pater
337 2809 424 2831 autem
447 2804 517 2832 Filia
537 2805 745 2838 prmexsistebat,
765 2808 789 2830 et
809 2808 869 2829 ante
885 2811 927 2828 or-

150 2853 202 2875 tum
229 2850 285 2884 ejus
311 2851 464 2884 exsistebat,
491 2855 619 2885 quatenus
643 2850 715 2876 solus
744 2848 925 2884 non-genitus

972 1664 1112 1691 transtulit
1124 1665 1168 1691 ille
1182 1673 1187 1690 :
1204 1664 1237 1690 Et
1250 1665 1294 1700 qui
1308 1665 1380 1691 solus
1391 1672 1423 1691 ea:
1435 1665 1481 1691 illo
1495 1665 1597 1699 genitus
1610 1664 1679 1692 Deus
1696 1664 1760 1692 Ver-

973 1711 1043 1741 bum,
1057 1711 1291 1738 communicatione
1299 1711 1428 1746 gignentis
1444 1711 1562 1746 ingeniti,
1576 1710 1645 1738 Deus
1659 1711 1691 1739 de
1704 1710 1758 1738 Dea

971 1762 1010 1784 est
1026 1756 1188 1788 declaratus,
1205 1756 1340 1784 Christum
1363 1762 1440 1791 atque
1460 1761 1567 1783 unctum
1580 1757 1695 1788 vocavit;
1712 1756 1760 1784 ubi

972 1810 1053 1830 voces
1076 1802 1137 1829 illas
1158 1802 1267 1838 πρώτου
1290 1803 1338 1829 καὶ
1357 1802 1488 1838 μείζονος,
1505 1803 1584 1836 primi
1599 1807 1623 1830 et
1638 1803 1759 1836 majoris,

973 1847 1146 1882 praetermisit
1160 1848 1215 1881 illc,
1233 1849 1273 1875 sic
1293 1852 1383 1875 autern
1399 1848 1559 1875 vertendum
1578 1848 1627 1875 fuit
1644 1857 1650 1875 :
1668 1847 1702 1874 Et
1716 1856 1759 1874 so-

972 1893 1027 1920 lum
1050 1901 1082 1920 ea:
1103 1894 1159 1928 ipso
1175 1895 1291 1929 genitum
1311 1893 1395 1920 Deum
1419 1893 1540 1925 Verbum,
1557 1893 1763 1927 participatione

972 1939 1100 1973 genitoris
1120 1940 1277 1974 non-geniti,
1290 1940 1368 1973 primi
1383 1943 1407 1966 et
1419 1939 1541 1973 majoris,
1555 1938 1638 1965 Deum
1656 1938 1687 1964 de
1704 1937 1760 1965 Dea

973 1984 1148 2015 declaratum,
1167 1985 1301 2012 Christum
1324 1989 1349 2012 et
1374 1989 1481 2011 unctum
1497 1985 1607 2011 vocavit.
1622 1983 1654 2010 Et
1668 1991 1693 2018 p.
1708 1983 1756 2012 181

973 2031 994 2058 Β
1010 2041 1016 2057 :
1036 2031 1134 2066 Διόπερ
1149 2031 1195 2056 ἐπὶ
1209 2030 1296 2065 τούτῳ
1311 2030 1401 2066 ἐχριοέ
1425 2038 1465 2062 σε,
1483 2027 1505 2056 ὦ
1520 2030 1580 2060 Θεὲ,
1595 2030 1609 2056 ὁ
1631 2029 1762 2056 ἀνωτάτω

975 2078 1021 2105 καὶ
1046 2077 1144 2112 μείζων
1169 2076 1260 2108 αὐτὸς,
1278 2077 1291 2102 ὁ
1306 2077 1352 2102 καί
1368 2084 1413 2102 σου
1429 2075 1505 2107 Θεὸς,
1520 2075 1557 2107 ὡς
1572 2073 1640 2101 εἶναι
1655 2075 1700 2101 καὶ
1715 2074 1763 2109 τὸν

975 2123 1115 2158 χριόμενον
1138 2122 1184 2148 καὶ
1207 2121 1251 2147 τὸν
1273 2121 1383 2156 χρίοντα
1407 2120 1473 2146 πολὺ
1497 2121 1638 2156 πρότερον,
1652 2119 1761 2146 πάντων

977 2169 1026 2204 μὲν
1041 2168 1104 2194 ὄντα
1118 2167 1194 2200 Θεὸν,
1212 2167 1258 2194 καὶ
1279 2166 1359 2193 αὑτοῦ
1381 2166 1560 2202 διαφερόντως
1580 2165 1627 2192 τοῦ
1651 2166 1761 2204 χριομέ-

976 2222 1032 2244 νου,
1046 2214 1091 2240 ubi
1106 2214 1132 2240 in
1146 2213 1248 2240 Grzccis
1260 2213 1416 2240 necessario
1431 2213 1515 2247 legas,
1527 2211 1564 2243 ὡς
1575 2209 1644 2238 εἶναι
1656 2212 1700 2238 καὶ
1713 2211 1762 2238 τοῦ

977 2258 1120 2294 χρωμένου
1136 2258 1180 2284 τὸν
1197 2258 1306 2293 χρίοντα
1324 2257 1390 2284 πολὺ
1408 2256 1550 2292 πρότερον,
1568 2256 1635 2283 alias
1652 2260 1763 2283 senten—

977 2305 1014 2331 tia
1029 2312 1082 2330 non
1097 2304 1241 2331 constabit.
1254 2302 1356 2330 Locum
1374 2303 1410 2329 ita
1427 2303 1516 2334 vertit,
1533 2302 1589 2329 sive
1600 2302 1690 2336 potius
1701 2309 1763 2336 per-

979 2350 1061 2376 vertit
1078 2350 1214 2384 interpres
1228 2370 1234 2376 .
1246 2349 1387 2382 Propterea
1403 2347 1434 2375 ob
1454 2348 1520 2374 lianc
1537 2349 1619 2381 ipsum
1642 2355 1761 2377 causam,

978 2394 1054 2420 unxit
1071 2399 1105 2425 te,
1119 2402 1134 2420 ο
1147 2393 1228 2424 Deus,
1243 2393 1298 2420 ille.
1315 2393 1360 2427 qui
1383 2398 1441 2418 tuus
1463 2398 1562 2426 quoque
1575 2395 1612 2416 est
1627 2389 1714 2421 Deus,-
1733 2395 1762 2415 ut

979 2439 1013 2466 sit
1034 2443 1059 2465 et
1081 2439 1125 2474 qui
1140 2439 1257 2473 ungitur,
1276 2436 1357 2469 Deus,
1373 2441 1397 2463 et
1419 2437 1463 2471 qui
1484 2435 1556 2469 ungit
1573 2442 1582 2460 :
1599 2434 1643 2469 qui
1659 2433 1763 2470 quidem

979 2485 1014 2511 sit
1029 2485 1145 2511 omnium
1161 2483 1242 2510 Deus.
1259 2482 1295 2509 Ea
1309 2489 1391 2517 porro
1401 2486 1442 2509 est
1453 2488 1515 2508 vera
1529 2479 1593 2507 dicti
1609 2480 1762 2507 sententia:

981 2528 1045 2555 Ideo
1060 2528 1135 2554 unxit
1151 2532 1184 2560 te,
1202 2536 1217 2554 ο
1230 2527 1309 2559 Deus,
1326 2527 1371 2562 qui
1384 2533 1520 2560 supremus
1535 2530 1558 2551 et
1573 2524 1668 2559 major,
1682 2533 1712 2551 ac
1726 2525 1763 2551 tui

980 2581 1080 2608 quoque
1097 2571 1167 2599 Deus
1181 2577 1218 2599 est
1228 2580 1236 2599 :
1248 2573 1286 2599 ita
1299 2577 1327 2598 ut
1342 2580 1437 2606 angens
1449 2575 1526 2597 uncto
1539 2571 1621 2598 multo
1634 2571 1707 2606 prior
1717 2571 1763 2601 sit,

982 2627 1040 2645 cum
1066 2619 1182 2645 omnium
1205 2618 1308 2654 quidem
1331 2619 1365 2645 sit
1380 2617 1460 2649 Deus,
1471 2618 1617 2652 praesertim
1633 2625 1692 2644 ιτιιο
1706 2616 1766 2651 ejus

982 2665 1027 2699 qui
1040 2665 1156 2699 ungitur.
1173 2663 1203 2690 Et
1219 2672 1244 2698 p.
1261 2663 1314 2690 256
1329 2663 1368 2689 A:
1388 2663 1442 2688 Καὶ
1459 2664 1472 2689 ὁ
1488 2662 1553 2694 Θεὸς
1573 2663 1676 2694 Ἰσαὰκ,
1687 2659 1765 2695 ᾧκαὶ

983 2709 1083 2745 στήλην
1099 2709 1246 2745 ἀνέστησεν
1261 2710 1276 2735 ὁ
1290 2707 1425 2743 θεοφιλὴς,
1442 2707 1508 2740 Θεὸς
1526 2708 1573 2742 μὲν
1592 2704 1626 2742 ἦν
1646 2708 1694 2734 καὶ
1710 2706 1767 2732 Κύ-

985 2764 1040 2791 ριος
1064 2754 1160 2790 (αὐτῷ
1173 2755 1228 2791 γὰρ
1240 2755 1344 2788 λέγοντι
1362 2754 1546 2790 πιστευτέον),
1562 2754 1591 2780 οὺ
1608 2753 1662 2788 μὴν
1683 2753 1698 2779 ὁ
1719 2752 1767 2778 ἐπὶ

982 2802 1099 2834 πάντων,
1117 2801 1172 2827 ἀλλ’
1187 2803 1201 2827 ὁ
1217 2801 1321 2827 ἐκείνου
1335 2799 1470 2836 δεύτερος,
1487 2800 1520 2827 τὰ
1534 2799 1582 2825 τοῦ
1599 2798 1704 2834 [ἰατρὸς
1726 2797 1766 2829 si;

981 2847 1138 2883 ἀνθρώπους
1155 2847 1358 2887 διακονούμενος
1374 2847 1418 2873 καὶ
1433 2845 1606 2882 διαγγέλλων,
1622 2845 1668 2872 ubi
1681 2845 1768 2885 inter-_

186 2917 222 2950 (ιι)
241 2917 300 2950 Quo
315 2926 395 2945 smsu
415 2926 462 2953 per
477 2919 566 2946 omnia
582 2919 697 2946 similem
725 2917 822 2944 Filium
848 2917 930 2950 dicat,
953 2917 1011 2944 vide
1027 2916 1108 2944 infra.
