2055 3214
295 204 329 231 35
643 198 777 228 EUSEBII
794 197 1034 227 CESAIHENSIS
1055 195 1130 224 οΡΡ.
1152 195 1243 225 PARS
1264 194 1308 225 Ill.
1330 213 1364 219 —
1383 196 1586 227 EXEGETICA.
1893 201 1924 229 ιδ

294 268 358 297 pres
384 267 459 288 more
486 260 567 288 solito
583 269 588 285 :
610 258 643 285 Et
665 258 735 286 Deus
760 257 850 290 Isaac,
868 259 910 285 cui
927 263 952 285 et
975 258 1082 285 titulum
1098 263 1120 292 Α
1135 263 1190 284 rem
1207 256 1330 284 Graecum
1344 257 1459 290 vitiavit,
1475 260 1503 284 et
1517 257 1649 285 catholice
1685 258 1757 294 loqui
1782 260 1924 295 compulit.

293 308 376 335 erexit
389 306 438 334 Dei
452 307 563 336 amicus,
574 305 645 333 Deus
661 305 765 340 quidem
776 310 833 332 erat
846 310 871 332 et
884 305 1013 333 Dominus
1025 306 1087 341 (ipsi

293 354 362 381 enim
374 353 473 380 dicenti
490 351 646 379 credendum
659 357 696 378 est
709 353 729 386 ),
741 360 792 378 non
806 356 892 378 tamen
910 351 932 378 is
948 353 993 387 qui
1007 351 1087 378 Pater

293 403 332 425 est
347 403 371 425 et
387 407 403 424 a
423 397 494 424 nullo
509 402 568 427 est;
591 397 635 423 sed
649 397 694 431 qui
708 405 750 428 ea,
763 404 820 431 qute
834 396 868 422 ad
885 395 993 424 Patrem
1006 397 1087 431 perti-

293 449 364 475 nent,
378 442 526 470 hominibus
542 442 726 469 subministrat
737 447 761 468 et
773 443 888 469 nuntiat.
911 442 961 469 Ubi
978 447 1087 469 verten-

295 490 358 518 dum
372 495 431 517 erat
446 499 452 516 :
467 488 500 515 Et
519 488 588 516 Deus
605 488 694 519 Isaae,
709 489 753 515 cui
774 493 798 515 et
823 489 927 515 titulum
946 489 1026 516 erexit
1048 490 1087 516 vir

295 536 340 563 ille
354 535 502 570 religiosus,
519 535 589 561 Deus
606 534 710 569 quidem
737 538 794 561 erat
818 539 843 560 et
867 533 1014 566 Dominus;
1036 534 1088 566 ipsi

294 582 362 608 enim
378 582 475 608 dicenti
489 580 648 608 credendum
666 585 724 612 est;
739 589 784 607 nec
801 586 887 609 tamen
905 587 961 607 erat
982 581 1026 608 ille
1041 590 1086 608 su-

292 635 342 662 pra
358 628 447 654 omnia
463 626 568 663 [Deus].
585 628 631 654 sed
648 627 690 653 illi
704 627 844 658 secundus,
862 628 908 662 qui
932 635 972 654 res
997 627 1085 655 Patris

293 675 321 702 in
333 675 483 702 hominibus
498 675 633 701 ministrat
658 680 682 701 et
708 676 824 702 nuntiat.
838 675 904 707 Quae
920 676 1043 702 recidunt
1059 676 1086 703 in

294 721 368 748 illam
386 721 512 756 superius
528 725 770 748 commonstratam
787 721 896 748 Eusebii
911 722 1084 755 sententiam,

294 769 426 794 unitatem
445 767 549 794 scilicet
561 766 608 794 Dei
624 767 815 794 universorum
831 768 857 794 in
871 776 924 795 uno
935 767 1016 796 Patre
1028 776 1086 795 ser-

294 813 363 844 vari,
377 812 447 839 Filio
463 813 618 846 excluso,et
632 813 659 840 in
677 813 827 840 secundum
845 813 933 841 locum
949 814 1084 849 ablegato.

296 857 537 893 Similitcrp.153,
552 859 583 890 C,
603 858 660 885 inec
676 858 783 886 Eusebii
799 860 880 887 verba
898 861 973 887 ε”Οτε
987 860 1015 886 δὲ
1031 860 1086 887 Κύο

296 912 352 940 ριον
368 904 415 931 καὶ
431 904 496 930 Θεὸν
508 902 562 930 οἶδε
578 904 623 930 τὸν
638 905 858 940 ἐπιφαινόμενον,
868 905 979 937 ταύταις
990 907 1086 938 αὐταῖς

1176 303 1236 332 Jam
1260 312 1314 339 quo
1340 304 1538 332 destinavimus
1554 312 1698 340 pergamus
1717 315 1724 332 :
1742 305 1926 334 substantiam

1136 360 1202 386 ergo
1224 350 1285 378 Filii
1302 350 1448 382 Eusebius,
1463 350 1544 377 aliam
1558 355 1585 377 et
1597 351 1732 378 diversam
1749 352 1829 380 docet
1846 360 1860 379 a
1875 351 1928 379 Pa-

1136 399 1188 426 tris
1204 396 1370 428 substantia,
1389 396 1470 430 idque
1484 403 1536 422 non
1550 395 1576 422 in
1592 397 1741 431 przemissis
1753 397 1833 424 modo
1847 398 1926 430 locis,

1137 443 1184 471 sed
1204 443 1286 470 etiam
1312 442 1377 468 alibi
1394 442 1571 476 plerumque;
1594 442 1634 469 sic
1652 442 1679 469 in
1694 442 1928 470 Demonstratioue

1135 488 1295 523 euangelica,
1305 487 1353 514 lib.
1368 495 1395 519 ν,
1411 495 1471 521 cap.
1485 487 1510 518 ί,
1524 494 1584 521 pag.
1598 487 1660 519 215,
1676 492 1820 523 postquam
1833 489 1858 515 in
1871 496 1927 524 quo

1135 534 1251 570 quadret
1261 534 1429 568 comparatio
1440 533 1528 560 Patris
1538 537 1565 560 et
1575 533 1637 560 Filii
1652 541 1713 561 cum
1727 535 1786 562 luce
1797 539 1823 562 et
1835 539 1927 570 spten-

1136 582 1212 612 dore,
1231 581 1428 616 cxplicavcrat;
1447 580 1473 607 in
1491 589 1544 616 quo
1557 580 1683 607 dichrant
1699 580 1780 608 Pater
1799 587 1825 608 et
1840 581 1926 609 Filius

1136 634 1150 654 a
1166 627 1311 661 splendore
1325 631 1352 654 et
1367 627 1427 654 luce
1454 627 1493 654 sic
1517 631 1627 654 enarrat
1642 627 1728 654 :‘An‘
1739 628 1771 654 οὐ
1787 629 1842 660 τοῖς
1859 629 1926 655 ὑπο-

1135 672 1262 707 δείγμασι
1282 672 1353 699 κατά
1374 672 1462 699 πάντα
1477 673 1577 708 τρόπον
1591 673 1701 708 ὁμοίως,
1717 671 1859 708 ὼσπεροῦν
1875 673 1926 710 ἤδη

1137 719 1269 754 πρότερον
1284 718 1450 754 εἴρηταιπὰ
1462 719 1510 754 μὲν
1526 718 1580 754 γὰρ
1593 719 1683 755 ἄψυχα
1698 719 1810 754 σώματα
1823 719 1852 746 τὸ
1862 728 1927 755 συμ-

1136 763 1253 800 ϐεϐηκὸς
1270 765 1298 790 ἐν
1317 764 1442 799 ποιότησι
1457 764 1603 799 κέκτηνται
1612 773 1618 779 ⁸
1631 766 1648 800 ἦ
1659 774 1688 792 τε
1703 765 1758 801 γὰρ
1769 765 1851 801 αὐγὴ,
1862 765 1927 801 σύμ-

1136 818 1218 844 φυτος
1234 808 1300 836 οὖσα
1316 811 1349 845 τῇ
1366 810 1413 836 τοῦ
1430 809 1517 844 φωτὸς
1538 810 1628 845 φύσει,
1645 812 1691 838 καὶ
1710 811 1846 843 οὺσιωδῶς
1863 819 1910 838 συν

1135 856 1296 892 υπάρχουσα
1309 856 1348 891 τῷ
1362 856 1441 890 φωτὶ,
1455 857 1506 883 οὐκ
1520 856 1552 883 ἂν
1564 856 1671 883 δύναιτο
1686 857 1764 889 ἐκτὸς
1778 857 1927 892 ὑφεστάναι

1136 902 1183 929 τοῦ
1201 903 1230 928 ἐν
1249 899 1270 936 ᾧ
1288 904 1360 929 ἐστιν
1373 911 1378 916 ·
1399 903 1413 928 ὁ
1427 902 1455 928 δέ
1467 910 1498 935 γε
1511 901 1558 928 τοῦ
1571 902 1639 928 Θεοῦ
1653 903 1738 936 Λόγος
1754 903 1814 930 καθ’
1831 904 1925 931 ἑαυτὸν

295 949 388 984 σαφῶς
401 948 531 984 κέχρηται
542 949 600 980 ταῖς
613 949 790 984 προσρήσεσι.
808 948 909 984 Κύριον
922 949 949 975 δὲ
961 950 1007 976 καὶ
1019 949 1084 976 Θεὸν
1102 947 1122 976 Β
1135 948 1263 975 οὐσίωταί
1283 957 1313 974 τε
1330 948 1377 974 καὶ
1394 948 1541 983 ὑφέστηκε,
1557 948 1604 974 καὶ
1621 948 1670 974 οὐκ
1689 949 1842 984 ἀγεννήτως
1862 959 1924 976 συν-

294 995 335 1022 ὂτι
349 994 385 1030 μὴ
399 994 443 1021 τὸν
453 995 538 1021 αἴτιον
549 994 634 1029 λέγοι,
646 995 791 1030 προφανῶς
802 994 941 1027 ἐπέδειξαν
952 995 1000 1030 τῆς
1012 995 1086 1028 Θείας

294 1039 406 1075 Γραφῆς
432 1040 458 1065 αἱ
481 1038 578 1071 λέξεις,
594 1038 708 1073 ἄγγελον
736 1039 803 1065 Θεοῦ
830 1038 1026 1074 προσειποῦςαι
1041 1039 1086 1065 τὸν

295 1086 342 1113 ἐπὶ
353 1085 400 1112 τοῦ
408 1085 504 1111 Ἰακὼϐ
514 1085 615 1120 Κύριον
624 1085 670 1111 καὶ
684 1085 749 1111 Θεὸν
758 1085 1012 1120 προωνομασμένον.
1025 1085 1087 1111 Λεί-

295 1133 376 1160 πεταί
393 1141 433 1164 τις
445 1132 503 1168 ’ἄρα
515 1132 552 1158 ὢν
564 1133 592 1158 ὲν
607 1134 663 1164 τοῖς
677 1130 736 1158 οὖσι
753 1132 819 1164 Θεὸς
833 1133 881 1159 καὶ
899 1133 1000 1168 Κύριος
1017 1131 1085 1166 μετὰ

293 1177 340 1203 τὸν
357 1175 529 1212 παμϐασιλέα
549 1177 595 1203 καὶ
611 1176 675 1203 Θεὸν
694 1176 748 1203 τῶν
764 1177 831 1204 ὅλων
841 1186 848 1192 ·
863 1177 906 1212 εἴη
922 1177 944 1204 δ’
961 1177 993 1204 ἂν
1009 1174 1085 1208 οὗτος

294 1223 309 1248 ὸ
326 1222 379 1258 πρὸ
395 1222 500 1248 αἰώνων
516 1222 562 1249 τοῦ
579 1222 646 1248 Θεοῦ
660 1222 754 1257 Λόγος,
765 1224 779 1249 ὁ
792 1223 921 1257 κρείττων
936 1223 985 1258 μὲν
1001 1222 1017 1257 ἢ
1034 1224 1086 1249 πᾶ-

295 1276 330 1294 σα
348 1267 480 1302 ἀγγελικὴ
497 1267 587 1302 φύσις,
606 1269 689 1302 μείων
705 1268 732 1294 δὲ
748 1269 764 1303 ἦ
786 1269 856 1295 κατὰ
875 1268 905 1295 τὸ
922 1269 1029 1304 πρῶτον
1043 1267 1085 1295 ai-

294 1321 361 1345 ⁴τιον,
378 1314 414 1340 ita
433 1313 527 1340 Latine
543 1313 607 1340 fecit
621 1314 666 1340 ille
683 1323 689 1340 :
707 1314 814 1346 Quoties
826 1322 885 1340 vero
899 1313 923 1340 D
934 1315 1042 1341 inlinunt
1060 1319 1084 1341 ct

294 1358 390 1391 Deum,
416 1368 474 1386 eum
499 1360 544 1394 qui
565 1365 674 1394 apparet
698 1360 833 1395 intelligit,
852 1361 892 1387 liis
912 1361 975 1395 ipsis
995 1361 1085 1395 palam

295 1405 383 1431 utitur
406 1405 583 1432 locationibus
599 1414 608 1432 :
623 1406 693 1441 quod
717 1415 774 1433 vero
793 1407 931 1433 Dominum
952 1406 1086 1442 Deumque

295 1458 347 1478 non
363 1459 420 1477 eum
435 1451 564 1486 significet
579 1452 624 1486 qui
641 1451 724 1479 Pater
740 1457 789 1485 est,
807 1453 872 1487 ipsa:
887 1452 1032 1487 Scriptura:
1042 1453 1085 1480 di-

295 1497 362 1524 uina
385 1496 530 1524 locutiones
551 1498 578 1523 in
595 1498 773 1531 superioribus
791 1499 984 1526 euidentissime
999 1504 1086 1526 osten-

294 1543 372 1576 dunt,
387 1544 431 1570 ubi
445 1544 566 1579 angelum
584 1545 633 1572 Dei
646 1545 780 1580 appellant
797 1554 855 1572 cum
871 1547 976 1580 quicum
990 1546 1021 1572 de
1035 1544 1086 1572 Ja-

295 1591 342 1618 cob
356 1600 441 1619 sermo
456 1597 540 1623 esset:
556 1597 671 1627 superest
690 1592 772 1627 igitur
788 1596 816 1618 ut
833 1600 992 1627 quarramus,
1010 1592 1084 1626 quis-

1137 994 1253 1030 υπάρχει
1279 993 1318 1029 τῷ
1342 994 1439 1029 Haupt,
1455 993 1511 1020 ἀλλ’
1527 993 1564 1024 ὡς
1592 995 1737 1030 μονογενὴς
1759 995 1823 1027 Υἱὸς
1846 995 1926 1031 μόνος

1136 1041 1189 1076 πρὸ
1205 1040 1313 1067 πάντων
1329 1040 1383 1067 τῶν
1403 1039 1507 1066 αἰώνων
1524 1041 1555 1066 ἐκ
1576 1040 1622 1066 τοῦ
1639 1040 1746 1076 Πατρὸς
1758 1043 1926 1078 γεγεννημέ-

1136 1095 1189 1118 νος,
1204 1087 1256 1113 hoc
1270 1090 1312 1114 est
1325 1096 1332 1113 :
1348 1086 1399 1113 Sed
1411 1095 1463 1113 non
1479 1087 1627 1113 omnimodo
1641 1089 1817 1120 exemplorum
1833 1089 1926 1116 simili-

1137 1133 1199 1159 tudo
1211 1133 1342 1164 ronveuit,
1357 1137 1385 1159 ut
1395 1133 1454 1167 jam
1469 1132 1568 1159 dictum
1581 1133 1631 1167 fuit
1646 1141 1654 1159 :
1669 1141 1730 1159 nam
1752 1141 1862 1167 corpora
1881 1133 1924 1160 in—

1137 1179 1257 1205 animato
1287 1178 1408 1205 accidens
1422 1179 1449 1205 in
1465 1178 1637 1213 qualitatibus
1655 1179 1769 1206 obtinent
1783 1187 1791 1205 :
1803 1180 1926 1214 splendor

1135 1225 1204 1252 enim
1219 1233 1276 1251 cum
1291 1230 1394 1251 natura:
1409 1225 1475 1251 lucis
1489 1230 1616 1251 connatus
1635 1225 1680 1255 sit,
1696 1229 1720 1250 et
1741 1224 1926 1252 substantiali-

1137 1274 1176 1296 ter
1188 1278 1247 1296 cum
1263 1270 1320 1296 luce
1337 1270 1491 1301 cat-assistat,
1507 1274 1583 1296 extra
1599 1269 1711 1304 idipsum
1724 1270 1751 1295 in
1763 1278 1812 1304 quo
1826 1275 1864 1297 est
1879 1279 1923 1298 ηε.

1135 1323 1268 1350 quaquam
1290 1315 1433 1342 subsistere
1447 1317 1548 1350 possit;
1563 1320 1590 1341 at
1606 1315 1654 1342 Dei
1677 1314 1786 1342 Verbum
1798 1324 1846 1350 per
1861 1324 1888 1343 se
1899 1321 1924 1343 et

1136 1361 1246 1387 seorsim
1264 1361 1441 1388 substantiam
1453 1361 1549 1388 obtinet
1564 1366 1588 1388 et
1603 1361 1742 1393 subsistit;
1761 1370 1841 1396 neque
1851 1363 1925 1398 iuge-

1136 1406 1189 1433 nite
1204 1406 1233 1441 (i.
1247 1414 1271 1433 e.
1284 1411 1312 1432 ut
1324 1406 1581 1441 non-geuitus)l’atri
1594 1407 1749 1439 coczsislil,’
1765 1407 1808 1434 sed
1822 1412 1849 1434 ut
1865 1407 1925 1434 uni-

1135 1452 1237 1487 genitus
1255 1451 1354 1483 Filius,
1371 1453 1443 1478 saltis
1462 1457 1522 1478 ante
1537 1452 1625 1478 omnia
1636 1453 1734 1479 sertula
1747 1461 1778 1479 ex
1793 1452 1874 1480 Patre
1883 1461 1926 1488 ga-

1136 1499 1218 1526 nitus.
1235 1497 1395 1533 Pariterque
1410 1498 1457 1525 lib.
1474 1506 1499 1525 vt
1516 1498 1594 1525 initio
1608 1499 1743 1532 prooemii,
1761 1499 1786 1525 in
1799 1507 1832 1526 eo
1844 1507 1926 1534 quem

1136 1552 1219 1579 supra
1246 1544 1391 1572 retulimus
1419 1545 1488 1575 loco,
1505 1544 1542 1570 ait
1570 1543 1668 1570 Filium
1693 1552 1754 1572 esse
1778 1546 1926 1573 secundam

1136 1594 1198 1624 post
1221 1589 1328 1618 Patrem
1353 1590 1545 1621 substantiam,
1567 1597 1626 1625 quae
1643 1589 1723 1617 rebus
1739 1590 1820 1616 lactis
1836 1591 1926 1617 omni-

296 1644 358 1662 nam
373 1638 418 1668 sit,
435 1638 462 1663 in
478 1638 510 1663 iis
527 1645 585 1672 qua:
600 1642 672 1670 sunt,
691 1637 760 1664 Deus
785 1642 809 1664 et
837 1637 974 1670 Dominus,
988 1642 1083 1672 pra-ter
1097 1629 1118 1657 (ἶ
1135 1637 1186 1663 bus
1204 1638 1306 1671 pratsit.
1326 1636 1358 1662 Et
1377 1637 1424 1664 lib.
1440 1644 1448 1662 l
1480 1636 1580 1663 Contra
1603 1636 1769 1669 Marcellum,
1789 1644 1816 1670 p.
1832 1636 1859 1667 5,
1877 1636 1926 1669 ait,

296 1681 403 1708 Patrem
430 1683 557 1714 omnium,
585 1687 609 1708 et
627 1691 712 1717 regem
727 1683 858 1718 Deumque
882 1684 996 1710 universi
1011 1692 1020 1710 :
1035 1684 1085 1710 erit

295 1733 384 1754 autem
398 1728 440 1754 liic
461 1727 572 1754 Verbum
592 1729 649 1759 Dei.
671 1729 740 1764 quod
755 1733 792 1755 est
807 1735 867 1756 ante
884 1731 993 1761 swcula,
1009 1738 1085 1764 supe-

297 1772 352 1798 rior
371 1772 475 1807 quidem
489 1773 560 1799 omni
582 1773 702 1808 angelica
725 1779 831 1806 natura,
847 1775 980 1808 profectus
999 1779 1085 1801 autem

296 1817 329 1843 ab
354 1825 394 1846 eo.
408 1818 454 1852 qui
472 1817 554 1844 Pater
577 1823 626 1845 est.
644 1817 697 1845 Sed
718 1819 796 1853 longe
812 1820 863 1846 alia
881 1818 984 1853 profert
1000 1819 1085 1847 Eusc-

296 1863 370 1894 bius,
384 1864 510 1891 scilicet:
524 1863 590 1891 Cum
604 1873 663 1891 vero
681 1864 822 1891 Dominum
836 1871 861 1892 et
875 1865 970 1898 Deum,
982 1866 1026 1900 qui
1039 1874 1086 1900 ap-

294 1915 380 1942 paret,
393 1918 449 1937 esse
463 1911 592 1945 agnoscit,
610 1911 703 1937 iisdem
731 1911 794 1946 ipsis
818 1911 889 1938 clare
907 1912 991 1938 utitur
1002 1912 1087 1946 appel-

297 1955 440 1983 lationibus
452 1964 460 1984 :
472 1957 541 1991 quod
558 1965 617 1984 vero
632 1956 773 1984 Dominum
790 1963 813 1984 et
826 1957 910 1984 Deum
925 1958 1025 1991 dicens,
1035 1967 1086 1984 non

295 2010 365 2034 eum,
377 2003 424 2037 qui
437 2001 526 2030 Causa
539 2007 588 2035 est,
601 2004 740 2038 signiﬁcet,
752 2004 884 2030 evidenter
895 2004 1034 2032 ostendunt
1045 2004 1086 2030 di-

297 2049 363 2075 vina:
379 2048 524 2083 Scripturre
540 2058 622 2081 voces,
640 2058 698 2085 qua:
713 2050 834 2085 angelum
853 2050 903 2077 Dei
918 2052 1003 2085 ipsum
1020 2059 1087 2077 nun-

297 2101 406 2128 cupant,
422 2096 466 2130 qui
488 2095 589 2122 Jacobo
614 2095 708 2132 [visus]
734 2096 861 2123 Dominus
884 2101 910 2123 et
926 2096 994 2124 Deus
1009 2102 1086 2124 antea

298 2140 445 2175 appellatus
460 2145 508 2168 est.
522 2140 613 2167 Restat
629 2149 688 2176 ergo
702 2142 832 2176 quispiam
843 2141 910 2168 inter
925 2150 955 2168 ea
970 2149 1028 2176 quin
1039 2149 1086 2167 exr-

297 2188 394 2214 sistunt
419 2187 490 2214 Deus
513 2191 536 2214 et
565 2187 704 2220 Dominus,
730 2193 789 2221 post
810 2188 927 2214 omnium
953 2196 1036 2222 regem
1063 2193 1088 2214 et

297 2229 381 2257 Deum
396 2232 576 2258 un'versorum
592 2239 600 2258 :
615 2233 637 2258 is
651 2237 738 2258 autem
751 2231 842 2266 fuerit,
858 2233 903 2267 qui
915 2239 975 2259 ante
990 2232 1088 2259 stecula

297 2282 347 2309 est,
366 2277 416 2304 Dei
434 2277 556 2307 Verbum.
573 2279 658 2311 major
670 2278 773 2312 quidem
790 2279 861 2305 omni
879 2278 997 2312 angelica
1010 2282 1088 2304 natu-

299 2331 346 2356 ra,
362 2323 449 2350 minor
464 2331 523 2350 rero
538 2323 586 2350 illa
608 2324 695 2358 prima
715 2332 806 2350 causa.
826 2323 877 2351 Ubi
894 2323 927 2351 de
943 2331 1018 2351 more
1033 2323 1088 2350 Eu-

298 2369 391 2397 sebius
404 2369 503 2397 Filium
516 2369 573 2400 Dei,
586 2377 601 2396 a
613 2369 743 2404 primaria
758 2370 801 2396 illa
811 2369 910 2397 deitate
923 2375 950 2397 et
963 2369 1086 2398 omnium

299 2421 382 2443 causa
397 2415 545 2446 seclusum,
559 2415 690 2450 dignitate
704 2421 730 2443 et
741 2416 837 2443 ordine
850 2423 900 2443 ceu
917 2415 1036 2443 medium
1049 2417 1088 2443 in-

299 2464 342 2487 ter
366 2459 450 2487 Deum
470 2465 496 2487 et
518 2461 631 2493 angelos
654 2461 805 2489 constituit.
824 2461 958 2488 Sexcenta
976 2461 1028 2488 alia
1052 2469 1086 2489 ex

297 2505 447 2540 evangelica
467 2505 697 2533 Demonstratione
725 2506 784 2533 loca
807 2506 903 2533 al'l'erre
919 2507 945 2533 in
960 2511 1087 2542 promptu

298 2554 383 2583 esset,
393 2551 437 2578 ubi
450 2551 584 2587 interpres
599 2551 745 2579 Eusebium
762 2551 794 2579 ad
809 2552 969 2580 catholicam
984 2552 1087 2580 doctri-

299 2604 364 2625 nam
378 2597 420 2624 vel
438 2597 551 2624 invitum
567 2597 679 2625 deduxit
694 2607 700 2625 :
714 2598 760 2625 sed
779 2598 836 2625 haec
851 2598 945 2626 lectori
962 2602 1042 2626 erunt
1054 2599 1087 2625 ad

299 2642 436 2670 cautelam
452 2641 531 2673 satis,
547 2650 582 2670 ne
605 2642 632 2669 in
656 2641 751 2668 Latina
777 2641 902 2669 versione
926 2649 956 2669 se
978 2641 1087 2669 Eusebii

300 2687 463 2716 sententiam
484 2687 620 2722 expiscari
643 2695 723 2723 posse
741 2687 868 2715 conﬁdat.
885 2687 1004 2715 Estimo
1023 2695 1089 2714 sane

299 2733 402 2762 multos
418 2734 575 2769 interpretis
592 2733 706 2761 artiﬁcio
717 2734 750 2760 ad
762 2733 871 2761 Eusebii
885 2733 1013 2762 tutandos
1026 2741 1088 2768 par-

300 2783 342 2807 tes
352 2779 503 2807 accessisse
518 2788 526 2806 :
542 2787 605 2806 nam
631 2779 654 2807 is
679 2779 770 2806 sciens
785 2783 812 2806 et
826 2780 944 2814 prudens
969 2779 1088 2814 scripto-

1135 1688 1197 1708 cum
1210 1682 1255 1715 qui
1272 1682 1371 1708 dixerit
1387 1681 1494 1708 Patrem
1507 1685 1534 1708 et
1550 1681 1646 1709 Filium
1663 1682 1816 1709 substantia
1828 1689 1925 1712 unum,

1136 1729 1228 1761 aperte
1247 1725 1430 1753 Sabellianum
1445 1734 1522 1758 esse;
1534 1730 1561 1753 et
1576 1735 1601 1761 p.
1615 1727 1650 1754 25
1665 1734 1809 1755 accusatus
1822 1735 1836 1754 a
1854 1727 1926 1754 Mar-

1136 1772 1204 1799 cello
1229 1771 1382 1802 Eusebius,
1401 1771 1472 1806 quod
1497 1776 1566 1799 teste
1592 1772 1722 1800 Narcisso
1752 1773 1926 1805 Neroniadis.

1136 1817 1205 1844 duas
1231 1825 1291 1844 esse
1315 1816 1404 1845 Patris
1425 1821 1451 1844 et
1478 1817 1539 1844 Filii
1555 1818 1724 1845 substantias
1740 1818 1853 1850 diceret,
1869 1827 1925 1846 rem

1138 1863 1183 1890 ille
1200 1870 1254 1890 non
1270 1867 1360 1898 negat,
1378 1863 1425 1891 sed
1441 1863 1493 1890 alio
1507 1871 1563 1890 rem
1587 1867 1614 1891 et
1638 1871 1791 1891 sermonem
1804 1865 1926 1892 divertit.

1137 1910 1257 1946 Tempus
1271 1918 1314 1938 me
1328 1910 1465 1943 deﬁceret,
1481 1911 1503 1939 si
1516 1911 1616 1939 similia
1631 1910 1740 1939 Eusebii
1755 1911 1812 1942 loca
1828 1919 1928 1947 conge-

1139 1965 1199 1984 rere
1215 1957 1311 1984 vellem
1327 1966 1333 1984 :
1350 1957 1383 1984 de
1394 1957 1529 1984 industria
1542 1957 1615 1984 enim
1628 1958 1673 1984 ille
1684 1958 1787 1993 passim
1805 1966 1861 1985 rem
1873 1959 1928 1994 agi-

1138 2009 1179 2031 tat
1194 2008 1221 2032 et
1239 2004 1420 2039 comprobare
1434 2004 1531 2031 nititur
1549 2004 1598 2039 (a).

1172 2071 1213 2096 Vl.
1228 2070 1350 2095 Eusebius
1362 2071 1419 2096 Filii
1432 2071 1551 2096 deitatem
1563 2073 1634 2098 aliam
1647 2073 1735 2097 statuit
1751 2079 1762 2096 a
1777 2075 1888 2104 paterna.

1173 2133 1242 2160 Cum
1258 2142 1323 2169 ergo
1346 2134 1444 2162 Filium
1461 2135 1575 2162 diversae
1593 2143 1606 2161 a
1626 2141 1740 2170 paterna
1768 2136 1928 2163 substantia:

1139 2180 1222 2211 dicat,
1239 2180 1303 2206 lzinc
1319 2181 1495 2215 consequitur
1509 2183 1538 2207 ut
1551 2180 1677 2208 deitatem
1689 2181 1769 2208 aliam
1783 2188 1799 2208 a
1816 2185 1927 2216 paterna

1138 2226 1165 2252 in
1185 2225 1255 2252 Filio
1275 2234 1336 2254 esse
1351 2226 1465 2254 doceat:
1482 2226 1552 2261 quod
1570 2226 1634 2253 licet
1647 2226 1743 2254 eodem
1767 2227 1881 2258 recidat,
1894 2235 1926 2254 ex

1140 2273 1207 2307 ipsis
1228 2272 1336 2300 Eusebii
1357 2273 1438 2300 dictis
1450 2272 1558 2308 planius
1573 2273 1667 2299 evadet
1681 2282 1687 2299 :
1702 2271 1774 2299 unde
1790 2273 1872 2299 etiam
1885 2279 1928 2300 as-

1141 2324 1249 2347 seratur
1265 2320 1338 2354 quod
1362 2319 1440 2347 initio
1459 2319 1707 2354 comprobavimus,
1725 2319 1830 2347 scilicet
1844 2318 1929 2346 Euse—

1142 2366 1215 2392 bium
1243 2366 1375 2393 unilatem
1401 2366 1510 2393 deitalis
1533 2367 1560 2394 in
1579 2374 1633 2393 uno
1650 2365 1728 2393 Patre
1751 2366 1928 2392 constitui-re.

1140 2411 1186 2438 Ait
1202 2413 1283 2447 igitur
1301 2413 1348 2440 lib.
1361 2421 1377 2438 ν
1399 2412 1475 2439 Dem.
1491 2421 1596 2448 erang.,
1612 2420 1637 2439 ς.
1655 2413 1700 2443 50.
1723 2420 1750 2446 p.
1766 2412 1819 2439 ‘255
1835 2411 1931 2439 ram

1140 2459 1194 2494 γὰρ
1217 2458 1250 2484 δι*
1265 2458 1333 2485 ὅλων
1349 2458 1496 2494 τριάκοντα
1511 2458 1687 2494 προφητικῶν
1702 2457 1856 2492 κεφαλαίων
1870 2457 1930 2483 δεύ-

1140 2513 1219 2540 τερον
1231 2504 1297 2531 Θεὸν
1315 2505 1384 2540 μετὰ
1399 2504 1444 2531 τὸν
1460 2505 1589 2531 ἀνωτάτω
1603 2504 1650 2531 καὶ
1661 2504 1706 2531 ἐπὶ
1720 2505 1796 2536 πᾶσι,
1814 2503 1858 2530 τὸν
1875 2503 1933 2529 Σω-

1141 2550 1213 2586 Ιεῆρα
1235 2551 1282 2577 καὶ
1302 2550 1404 2586 Κύριον
1418 2550 1508 2586 ἡμῶν,
1523 2551 1569 2578 τὸν
1592 2550 1638 2577 τοῦ
1663 2549 1731 2576 Θεοῦ
1753 2548 1848 2583 Λόγον,
1861 2545 1934 2576 εἶναι

1142 2596 1342 2632 μεμαθηκότες,
1356 2598 1398 2632 ἐφ’
1412 2597 1506 2633 ἑτέραν
1528 2597 1578 2632 τῆς
1599 2596 1658 2623 κατ’
1673 2594 1753 2622 αὑτὸν
1775 2593 1932 2629 οἰκονομίας

1142 2643 1269 2669 ὑπόθεσιν
1283 2642 1502 2679 μεταϐησόμεθα.
1514 2642 1564 2670 Ubi
1578 2642 1714 2676 interpres
1724 2648 1774 2675 pro
1786 2647 1862 2667 more
1874 2640 1930 2667 haec

1141 2687 1224 2723 impia
1236 2688 1308 2715 dicta
1327 2688 1360 2715 ad
1374 2689 1536 2716 catholicam
1549 2687 1712 2715 sententiam
1728 2685 1930 2713 detorsitzuam

1143 2734 1184 2761 sic
1204 2734 1367 2762 transtulit:
1383 2734 1488 2761 Atenim
1512 2738 1649 2768 postquam
1673 2732 1798 2758 hactenus
1812 2738 1845 2758 ea:
1868 2730 1930 2756 ιοιίι

1144 2780 1253 2814 triginta
1273 2780 1429 2814 propheticis
1451 2778 1592 2814 capitibus,
1608 2778 1702 2810 Deum,
1717 2777 1882 2805 Saloatorem
1899 2783 1930 2802 ae

341 2888 380 2918 te)
406 2882 470 2910 Vide
482 2887 619 2910 comment.
633 2883 659 2908 in
675 2882 745 2909 "sat.
767 2889 827 2916 pag.
848 2882 912 2910 2:9.
932 2882 1001 2911 53L:
1029 2881 1178 2909 Demos-ste.
1198 2890 1303 2916 erang.,
1339 2880 1399 2912 “8,
1424 2879 1485 2912 155,
1510 2878 1573 2912 20‘2,
1602 2879 1666 2910 Q30,
1688 2878 1751 2912 253,
1781 2877 1844 2909 254,
1859 2875 1929 2909 235;

302 2922 394 2945 contra
416 2917 585 2952 Marcellum,
605 2918 631 2950 ι,
644 2917 688 2952 οἶθ,
707 2918 749 2950 79,
772 2917 831 2944 10L.
