2055 3214
142 185 177 212 37
535 185 788 215 COMMENTARIA
809 186 843 213 IN
863 186 1035 216 PSALMOS.
1057 202 1092 209 —-
1110 188 1386 217 PRELIMiNARlA.
1742 192 1776 220 $8

143 243 287 271 Dominum
308 247 439 277 nostrum,
456 243 505 272 Dei
527 243 639 271 Verbum
657 253 714 271 esse
728 243 880 276 didicimus,
896 245 930 271 ad
945 249 965 276 Α
983 250 1012 272 ut
1039 245 1120 273 habet
1146 244 1294 280 Gregorius
1323 230 1529 275 Nazianienus:
1547 247 1588 276 sic
1611 248 1627 275 ὀ
1651 247 1777 283 Θεολόγος

142 287 254 314 alterunt
271 287 331 322 ejus
346 296 403 323 quc
420 288 454 314 ad
470 288 588 316 eumdem
600 289 710 323 pertinet
729 289 932 324 dispensationis

143 339 326 368 argumentum
346 339 522 362 transeamus.
540 335 592 362 Ubi
608 335 769 362 vertendum
793 336 844 362 fuit
863 345 868 362 :
884 335 932 362 Αι-

141 381 210 407 suim
227 385 369 415 postquam
382 388 415 407 ea;
427 381 490 407 totis
501 381 609 416 triginta
621 381 777 415 propheticis
789 382 929 416 capitibus,

141 426 285 454 secundum
301 426 396 457 Deum,
420 432 478 461 post
499 427 575 453 illum
591 435 741 462 supremum
755 433 779 454 et
792 429 836 463 qui
850 437 931 462 supra

142 473 231 500 omnia
253 478 303 506 est,
320 473 485 500 Salvatorem
511 474 611 501 scilicet
634 474 777 501 Dominum
801 480 930 507 nostrum,

140 518 190 547 Dei
211 518 335 550 Verbum,
352 527 407 546 esse
421 519 581 551 didicimus;
595 520 653 554 jam
667 520 702 546 ad
711 520 785 547 aliud
797 521 853 555 ejus
864 529 932 548 teco-

140 565 237 592 Ilamiaz
261 569 444 600 argumentum
470 571 646 593 transeamus.
664 565 714 593 Hic
732 566 808 594 vides
831 575 930 594 secun-

139 610 217 641 dum,
233 610 292 638 sive
308 611 424 637 alterum
442 610 538 643 Deum,
551 619 565 638 a
581 620 708 647 supremo
721 613 767 640 illo
780 617 806 640 et
822 614 868 648 qui
886 621 931 640 su-

138 664 190 692 pra
202 657 294 684 omnia
309 661 361 688 est,
374 656 545 687 distinctum.
560 659 702 692 prmdicari
719 668 726 686 :
743 667 805 686 nam
821 659 931 694 utrique

140 709 219 730 suam
235 702 364 729 deitatem
387 702 510 734 ascribit,
530 703 641 730 alteram
656 711 811 738 supremam
826 708 853 732 et
873 712 930 731 ma-

135 748 238 783 jorem.
254 755 314 783 quae
328 748 362 775 ad
372 747 479 776 Patrem
492 769 498 780 ,
511 749 624 777 alteram
641 758 706 777 vero
716 751 859 781 minorem,
871 758 931 785 quas

137 794 173 822 ad
187 793 296 825 Filium,
304 795 450 830 pertineat.
468 796 500 822 Et
514 803 576 822 vero
594 796 620 822 in
637 796 706 823 libro
723 797 811 831 primo
828 796 930 824 Contra

140 840 307 874 Marcellum,
324 840 427 868 diserte
452 845 478 868 et
493 842 552 868 sine
567 842 680 877 ambage
694 841 727 869 de
742 841 821 869 Patre
832 843 869 869 ait
884 843 928 870 :'0

138 886 190 922 τὴν
211 887 315 913 οἰκείαν
336 885 449 921 θεότητα
465 887 640 922 κεκτημένος,
655 888 700 923 qui
721 888 854 923 propriam
878 887 929 915 sibi

139 932 266 960 deitatem
283 933 392 960 obtinet.
405 932 498 968 Neque
515 934 598 964 enim,
617 938 645 960 ut
660 934 706 961 ille
726 935 827 969 passim
842 935 929 969 loqui-
946 924 965 952 Β

139 984 194 1011 tur,
211 978 311 1006 Filium
328 979 360 1006 ad
378 979 451 1006 illam
472 979 628 1013 primariam
643 980 779 1014 pertinere
800 980 928 1007 deitatem

134 1030 231 1061 putat;
243 1025 290 1053 sed
307 1026 421 1053 seorsim
436 1033 450 1051 a
463 1025 543 1052 Patre
556 1026 689 1052 minorem
701 1034 761 1053 esse
772 1026 854 1053 Deum
867 1034 930 1061 pro-

138 1073 267 1099 nuntiat:
283 1079 345 1098 nam
364 1072 390 1098 in
412 1073 533 1099 secundo
552 1071 651 1099 Contra
663 1071 822 1098 Marcellum
848 1073 928 1105 libro,

137 1128 198 1156 cap.
211 1121 245 1147 i6
260 1125 286 1148 et
303 1121 345 1152 Π,
360 1128 419 1155 pag.
432 1119 482 1147 126
494 1124 520 1147 et
532 1119 593 1152 127,
610 1127 659 1154 pro
675 1120 779 1147 viribus
793 1120 930 1155 depugnat

135 1166 184 1194 i'lle
198 1166 305 1194 Patrem
327 1170 355 1193 et
371 1165 469 1192 Filium
484 1174 538 1193 non
552 1166 677 1193 eluudem
694 1174 754 1193 esse
769 1166 869 1199 Deum;
882 1166 928 1193 sed

136 1220 173 1240 ex
189 1213 262 1240 inani
276 1213 322 1240 illa
345 1213 531 1244 distinctione,
546 1221 628 1248 quam
644 1213 671 1240 in
688 1212 775 1247 primo
791 1212 928 1247 Evangelii

133 1257 253 1286 Joannis
268 1260 405 1287 versiculo
415 1260 645 1292 comminiscitur,
659 1259 741 1286 alium
765 1266 826 1286 esse
844 1258 928 1284 Deum

134 1305 185 1339 qui
212 1313 296 1340 supra
322 1305 413 1332 omnia
430 1309 487 1338 est,
507 1305 588 1331 alium
608 1312 673 1332 vero
689 1304 783 1335 Deum,
801 1303 847 1338 qui
862 1301 929 1330 Ver-

135 1351 204 1378 bum
229 1351 341 1379 dicitur.
360 1350 512 1386 Siquidem,
530 1351 568 1378 ait
590 1351 650 1381 ille,
675 1350 732 1377 haec
756 1348 929 1384 evangelista

135 1398 220 1425 verba
237 1397 298 1425 :'Ev
314 1398 386 1432 ἀρχῇ
405 1395 439 1431 ἦν
463 1397 477 1422 ὁ
497 1397 595 1430 Λόγος
611 1396 658 1422 καὶ
672 1396 686 1421 ὁ
702 1394 786 1428 Λόγος
807 1391 841 1429 ἦν
861 1392 928 1428 πρὸς
950 1389 954 1393 ’

135 1442 182 1469 τὸν
199 1442 281 1468 Θεόν·
308 1442 356 1468 καὶ
373 1440 439 1472 Θεὸς
453 1439 487 1476 ἦν
501 1442 515 1467 ὁ
530 1441 626 1475 Λόγος.
643 1439 726 1467 Deum
742 1438 849 1466 Patrem
865 1445 926 1465 cum

136 1486 256 1514 articulo
276 1487 443 1521 exprimunt,
461 1485 527 1521 πρὸς
548 1485 593 1511 τὸν
610 1484 687 1515 Θεόν,
703 1483 787 1511 Deum
805 1490 869 1510 vero
883 1481 928 1509 Fi-

137 1533 205 1560 lium
224 1532 284 1559 sine
296 1532 422 1563 articulo,
439 1532 485 1559 uati.
501 1531 565 1562 Θεὸς
577 1529 610 1566 ἦν
622 1532 636 1557 ὁ
649 1531 734 1564 Λόγος
750 1539 756 1557 :
771 1537 803 1557 ex
816 1536 870 1564 quo
883 1536 928 1555 ar-

137 1579 197 1614 guit
221 1579 275 1610 ille,
302 1578 386 1605 Deum
403 1577 520 1604 Verbum
545 1578 605 1604 sine
622 1577 736 1604 articulo
753 1583 924 1610 expressum,

138 1625 222 1651 alium
237 1632 298 1652 esse
317 1623 401 1652 Deum
417 1622 451 1650 ab
464 1630 497 1650 eo
513 1623 559 1657 qui
584 1629 646 1649 eum
672 1621 787 1648 articulo
800 1619 926 1654 exprimi—

139 1674 184 1697 tur
194 1679 202 1702 ;
211 1675 291 1705 atque
304 1670 340 1696 ita
357 1669 467 1697 Sabellii
482 1669 568 1696 errori
580 1676 610 1696 se
621 1675 765 1695 occurrere
778 1670 864 1702 putat,
877 1666 925 1700 qui

139 1715 276 1747 crederet,
298 1714 404 1741 Patrem
434 1718 461 1742 et
492 1714 590 1741 Filium
613 1721 667 1741 non
692 1712 816 1740 eumdem
845 1711 925 1738 modo

141 1759 243 1791 Deum,
259 1761 305 1788 sed
320 1760 440 1788 eamdem
454 1768 515 1788 esse
532 1767 686 1795 personam,
701 1766 762 1794 qua:
775 1758 924 1785 secundum

140 1808 231 1835 varias
247 1807 412 1842 intelligendi
425 1807 545 1835 rationes
559 1806 783 1840 distingueretur,
799 1812 830 1832 ac
844 1805 924 1831 modo

139 1851 228 1885 Pater,
248 1853 328 1880 modo
344 1852 429 1880 Filius
442 1857 468 1880 et
485 1852 600 1880 Verbum
617 1852 809 1887 appellaretur.

290 1918 344 1943 VII.
357 1918 460 1944 Grandis
472 1919 649 1950 paralogismus
660 1918 770 1942 Eusebii.

175 1970 209 1996 At
223 1978 278 1997 non
293 1970 368 1998 videt
381 1970 515 1998 Eusebius
531 1978 560 1998 se
576 1971 602 1997 in
615 1970 778 2005 impietatem
796 1968 925 1996 Sabellio-

140 2024 173 2044 na
195 2017 265 2045 forte
281 2017 444 2044 deteriorem
463 2017 594 2048 incidere,
613 2024 644 2043 ac
659 2024 738 2044 sacro
753 2016 924 2050 evangelista:

139 2063 266 2097 grandem
285 2064 495 2098 paralogismuui
513 2062 649 2098 aliingcre.
666 2062 733 2089 Nam
754 2062 787 2095 si,
803 2067 831 2089 ut
848 2066 924 2097 putat

140 2107 282 2142 Eusebius,
298 2110 465 2144 evangelista
482 2109 564 2136 Deum
583 2109 665 2135 alium
691 2109 820 2143 majorem
837 2113 864 2135 et
877 2117 924 2136 su—

140 2163 261 2189 premum
282 2156 326 2183 hic
350 2155 460 2187 indicet,
476 2156 557 2181 alium
575 2162 638 2182 vero
653 2155 784 2182 minorem
803 2158 829 2181 et
847 2155 924 2189 longe

140 2201 315 2237 iuzequalem;
333 2203 512 2237 incogitanter
528 2201 672 2229 admodum
696 2200 827 2232 Joannes,
842 2205 871 2227 ut
886 2201 924 2227 ait

141 2249 300 2284 plerumque
317 2249 502 2282 Athanasius,
528 2256 572 2276 res
594 2248 661 2275 adeo
687 2248 839 2282 disparatas
865 2247 924 2273 sine

142 2295 194 2320 ulla
205 2294 392 2326 distinctione,
406 2302 459 2321 uno
470 2294 619 2329 eodemque
633 2294 766 2321 vocabulo
782 2297 924 2326 utramque

142 2341 282 2374 copulatis,
297 2340 480 2375 signiﬁcavit:
500 2340 533 2366 Et
552 2340 673 2373 Verbum,
699 2340 745 2369 ait,
770 2343 826 2365 erat
855 2338 924 2373 apud

142 2385 233 2418 Deum,
248 2392 272 2413 et
289 2387 359 2414 Deus
377 2392 434 2413 erat
451 2386 562 2414 Verbum
578 2386 668 2422 (Joan.
687 2394 705 2418 l,
722 2386 758 2420 1).
776 2385 841 2412 Nam
863 2385 924 2420 quis

141 2439 194 2459 non
211 2433 283 2464 voci,
298 2432 378 2464 Deus,
391 2433 559 2468 conjunctim
573 2432 705 2467 repetitte,
716 2432 839 2459 eamdem
851 2436 925 2458 utro—

142 2479 221 2513 bique
237 2479 463 2514 significationem
487 2479 579 2505 statim
601 2477 755 2512 aptaverit?
771 2478 837 2510 Quis
852 2479 925 2504 eam<

143 2523 202 2550 dem
213 2531 318 2555 vocem,
336 2524 377 2551 bis
391 2524 485 2551 eodem
502 2524 561 2550 loco
572 2523 753 2555 enuntiatum,
767 2527 821 2549 tam
833 2522 925 2557 dispa-

143 2571 199 2593 rata
215 2567 369 2601 significare
385 2568 535 2602 putaverit?
549 2567 618 2594 Hinc
635 2568 697 2594 item
718 2568 795 2602 longe
808 2567 923 2594 deterri-

143 2618 186 2638 ma
201 2612 324 2648 impietas
338 2614 525 2648 consequitur,
541 2622 555 2640 a
575 2621 627 2648 qua
650 2621 757 2648 semper
776 2618 830 2640 tam
847 2618 924 2640 vetus

142 2665 221 2691 quam
254 2666 321 2684 novo
350 2658 471 2686 Ecclesia
501 2666 607 2686 summe
634 2659 798 2686 abhorruit:
815 2666 876 2686 nam
901 2659 924 2686 si

141 2701 238 2730 Filium
275 2705 357 2731 alium
382 2712 398 2731 a
422 2704 503 2731 Patre
528 2704 613 2731 Deum
643 2712 705 2732 esse
731 2704 922 2736 admittamus,

142 2749 209 2777 duos
222 2757 284 2776 esse
311 2749 377 2777 deos
404 2750 538 2777 fateamur
557 2757 669 2779 necesse
693 2754 745 2781 est,
761 2750 844 2777 alium
867 2757 925 2776 ma-

139 2794 224 2829 jorem
249 2796 386 2831 aliumque
407 2797 540 2823 minorem
557 2806 563 2823 ε
583 2801 663 2832 atque
684 2796 723 2824 sic
740 2797 767 2823 in
783 2796 925 2831 pluralita-

142 2844 192 2868 tem
214 2841 330 2869 deorum
353 2842 515 2875 incidamus,
541 2847 568 2870 et
598 2843 626 2870 in
655 2842 785 2870 πολύθεον
813 2842 923 2875 senm,

176 2912 211 2944 la)
234 2909 263 2935 ι».
282 2909 341 2936 ut.

980 290 1099 319 Joannes
1116 291 1193 319 initio
1221 291 1360 328 Evangelii
1389 293 1432 320 sui
1456 293 1568 321 deorum
1586 295 1777 329 multiplicita-

980 341 1034 365 tem
1054 338 1200 365 induxerit.
1217 338 1266 366 ilic
1292 346 1322 366 se
1347 339 1415 367 mire
1441 344 1603 375 contorquet
1628 339 1775 372 Eusebius,

981 388 1007 411 et
1027 392 1061 411 ne
1077 384 1147 412 duos
1164 389 1277 420 cogatur
1293 385 1438 414 admittere
1453 387 1519 414 deos
1541 391 1581 414 tot
1601 387 1776 414 circuitioni-

980 430 1032 458 bus
1053 434 1080 458 et
1104 432 1265 467 ambagibus
1290 433 1386 464 utitur,
1407 436 1437 459 ut
1462 433 1617 467 perplexam
1641 435 1772 469 arguendi

981 476 1138 504 methodum
1151 478 1246 504 mirari
1262 478 1370 506 subeat.
1386 478 1432 505 Ait
1450 479 1534 514 igitur
1545 479 1679 507 Eusebius
1693 481 1739 508 lib.
1754 488 1773 508 ll

981 521 1079 550 Contra
1094 522 1249 549 Marcellum
1262 524 1300 559 (tt)
1315 533 1321 551 :
1335 524 1399 551 Δέον
1415 524 1538 551 ἐντεῦθεν
1551 527 1680 557 συνεῖναι,
1692 527 1729 558 ὡς
1742 528 1772 555 οὐ

978 567 1025 594 δύο
1039 568 1141 603 Θεοὺςὴ
1156 568 1303 604 Ἐκκλησία
1314 569 1361 596 τοῦ
1375 570 1443 596 Θεοῦ
1456 571 1587 606 κηρύττει
1597 579 1606 587 ⁸
1619 572 1649 599 οὐ
1661 572 1715 608 γὰρ
1727 572 1775 600 δύο

979 613 1123 648 ἀγέννητα,
1139 614 1198 640 οὐδὲ
1211 614 1257 640 δύο
1272 614 1387 651 ἄναρχα,
1403 615 1441 648 ὡς
1461 616 1591 649 πολλάκις
1608 618 1674 653 ἡμῖν
1696 618 1773 654 εἴρη-

978 668 1033 691 ται,
1047 659 1107 686 οὐδὲ
1119 659 1165 685 δύο
1180 660 1273 692 οὐσίας
1289 661 1318 694 ἐξ
1336 661 1470 696 [comptae
1484 662 1774 699 ἀντιπαρεξαγομένας

979 705 1103 741 ἀλλήλοις
1121 706 1225 740 εἰσάγει
1235 715 1241 721 ·
1257 706 1296 732 διὸ
1311 706 1371 733 οὐδὲ
1388 707 1435 734 δύο
1450 704 1530 740 θεούς
1540 717 1546 723 ·
1558 708 1627 735 ἀλλὰ
1644 709 1709 744 μίαν
1723 710 1774 746 ἀρ-

979 751 1029 789 χὴν
1045 752 1091 778 καὶ
1103 751 1168 779 Θεὸν
1187 750 1267 784 εἶναι.
1285 753 1330 780 τὸν
1344 753 1426 780 αὐτὸν
1439 754 1549 790 Πατέρα
1563 755 1727 784 διδάσκουσα
1737 754 1774 784 εῖν

980 806 1024 824 ναι
1045 797 1092 824 τοῦ
1119 797 1278 832 μονογενοῦς
1304 799 1350 824 καὶ
1374 791 1516 835 ἀγαπητοῦ
1538 800 1613 832 Υἱοῦ,
1636 801 1687 828 hoc
1703 805 1745 828 est
1763 809 1770 828 :

983 843 1052 870 Hinc
1068 843 1265 879 intelligendum
1278 850 1316 871 est
1335 845 1481 872 Ecciesiam
1497 845 1548 873 Dei
1564 855 1614 874 non
1627 847 1694 874 duos
1707 847 1771 875 deos

981 889 1126 923 pracdicare
1142 898 1151 916 :
1169 899 1220 916 non
1232 891 1301 917 enim
1316 890 1368 917 duo
1384 899 1435 918 non
1450 893 1550 927 genita,
1564 902 1610 920 nec
1624 893 1677 921 duo
1696 895 1772 929 prin-

980 936 1047 968 cipio
1064 937 1191 968 carentia,
1216 942 1243 963 ut
1270 945 1338 971 stupe
1361 937 1461 964 dictum
1484 947 1500 965 α
1514 939 1597 966 'uobis
1621 945 1670 971 est,
1692 948 1772 975 neque

980 981 1048 1008 duas
1059 982 1233 1015 substantias,
1249 982 1346 1009 honore
1362 984 1420 1017 pari
1431 991 1462 1010 ea:
1475 983 1584 1011 adverso
1604 990 1694 1011 mutuo
1714 986 1771 1013 col-

979 1026 1060 1058 latas,
1085 1028 1202 1059 inducit,
1226 1027 1333 1062 ideoque
1355 1037 1399 1055 nec
1423 1028 1489 1055 duos
1512 1029 1572 1056 deos
1591 1036 1601 1055 .‘
1621 1029 1666 1056 sed
1689 1038 1770 1057 unum

979 1074 1135 1108 principium
1153 1079 1176 1101 et
1193 1074 1287 1106 Deum,
1306 1076 1392 1109 ipsum
1411 1074 1519 1101 Patrem
1536 1076 1664 1110 unigeniti
1683 1081 1708 1103 et
1727 1076 1770 1103 di-

981 1121 1039 1147 lecti
1059 1120 1125 1148 Filii
1140 1129 1195 1148 esse
1206 1121 1291 1148 ducet.
1307 1122 1401 1157 itaque
1418 1126 1532 1149 eatenus
1545 1130 1599 1149 non
1619 1123 1689 1151 duos
1704 1122 1772 1151 deos

979 1175 1039 1195 esse
1053 1168 1128 1199 dicit,
1140 1174 1275 1203 quatenus
1287 1169 1362 1197 solus
1377 1168 1456 1196 Pater
1470 1177 1523 1196 non
1542 1170 1651 1205 genitus
1666 1174 1694 1197 et
1710 1170 1771 1198 sine

980 1213 1125 1248 principio,
1143 1222 1214 1241 unus
1231 1214 1301 1242 Deus
1318 1218 1345 1241 et
1367 1223 1450 1242 unum
1473 1215 1638 1250 principium
1656 1221 1709 1247 est,
1725 1215 1770 1244 Fi-

980 1259 1033 1286 lius
1046 1267 1121 1290 vero,
1137 1264 1229 1294 utpote
1247 1261 1297 1295 ipsi
1314 1261 1467 1296 intrqualis,
1484 1269 1539 1288 non
1557 1262 1584 1288 in
1600 1263 1731 1297 primaria
1743 1267 1770 1290 et

979 1311 1032 1330 una
1056 1304 1100 1330 illa
1125 1305 1223 1332 deilale
1247 1310 1373 1332 censetur
1395 1313 1475 1333 esse:
1493 1308 1567 1341 atqui
1591 1307 1655 1334 hinc
1680 1307 1769 1335 solum

979 1350 1105 1377 concludi
1126 1355 1225 1385 potest,
1241 1359 1295 1378 non
1319 1356 1381 1379 esse
1403 1352 1472 1380 duos
1491 1353 1610 1388 aequales
1625 1353 1701 1386 deos,
1720 1354 1768 1382 sed

979 1403 1062 1422 ιιιιυιη
1077 1395 1183 1424 Patrem
1206 1405 1364 1432 supremum
1386 1405 1448 1425 0558
1471 1398 1558 1426 Deum
1577 1408 1659 1427 :eum
1677 1405 1767 1427 autem

979 1440 1075 1471 Filius,
1093 1441 1155 1468 licet
1170 1442 1257 1476 impar
1273 1446 1299 1469 et
1314 1443 1413 1475 minor,
1424 1443 1496 1471 Deus
1513 1448 1603 1471 tamen
1620 1453 1681 1472 esse
1692 1446 1768 1472 dica-

979 1492 1023 1513 tur
1033 1506 1040 1517 ,
1054 1487 1118 1514 hinc
1133 1495 1198 1514 sane
1211 1493 1396 1522 consequetur
1412 1489 1481 1516 duos
1502 1497 1564 1517 esse
1580 1490 1664 1524 deos;
1682 1491 1769 1525 majo-

979 1540 1035 1560 rem
1054 1533 1147 1564 alium,
1165 1534 1278 1561 alterum
1295 1543 1358 1562 vero
1376 1535 1520 1563 minorem.

977 1579 1042 1604 VIII.
1053 1579 1105 1604 Non
1125 1579 1227 1604 obscure
1240 1581 1311 1605 docet
1329 1581 1418 1605 Filium
1439 1588 1485 1605 non
1499 1588 1554 1606 esse
1565 1588 1626 1606 vere
1636 1583 1724 1608 Deum.
1738 1596 1768 1602 σ-

1101 1610 1139 1634 ΙΧ.
1154 1612 1205 1639 Quo
1217 1618 1290 1635 sensu
1305 1611 1394 1636 Filium
1406 1618 1462 1636 esse
1478 1614 1557 1637 Deum
1571 1613 1641 1638 dicit.

1013 1652 1099 1680 Probe
1113 1653 1305 1680 animadvertit
1328 1652 1463 1682 Eusebius
1479 1663 1534 1682 non
1553 1663 1633 1690 posse
1658 1656 1768 1683 ratioci-

978 1697 1023 1724 nia
1039 1705 1088 1724 sua
1111 1697 1263 1724 consistere
1280 1707 1286 1724 :
1304 1698 1494 1732 quamobrem,
1510 1706 1570 1733 qum
1585 1698 1636 1734 ipsi
1653 1707 1706 1726 una
1721 1706 1767 1726 su-

978 1747 1085 1776 pereral
1101 1742 1225 1769 elabendi
1240 1743 1320 1775 ratio,
1337 1750 1371 1770 ne
1385 1743 1454 1770 duos
1468 1743 1612 1771 admittere
1637 1743 1704 1771 deos
1720 1752 1767 1771 co-

978 1793 1066 1823 gatur.
1085 1789 1166 1815 modo
1181 1792 1273 1823 aperte
1286 1789 1375 1820 docet,
1394 1796 1457 1815 mox
1479 1796 1529 1816 nee
1555 1789 1673 1816 obscure
1697 1790 1766 1817 insi—

978 1839 1043 1861 nuat
1056 1833 1154 1862 Filium
1167 1842 1221 1862 non
1238 1842 1300 1862 eSSe
1311 1842 1371 1862 vere
1384 1834 1479 1862 Deum.
1495 1834 1523 1861 In
1535 1835 1651 1870 cpistola
1665 1836 1767 1870 quippe

978 1889 1026 1908 sua
1053 1881 1086 1907 ad
1113 1881 1337 1916 Euphrationem,
1358 1881 1392 1908 ab
1408 1881 1559 1908 Athanasio
1579 1885 1608 1908 et
1629 1889 1644 1908 a
1658 1881 1766 1909 Nicaeus

978 1927 1097 1954 secunda
1109 1927 1214 1963 synodo
1231 1927 1339 1954 laudata
1350 1926 1439 1962 (b),de
1454 1926 1522 1953 Filio
1535 1927 1598 1953 talia
1613 1926 1685 1953 fatur
1697 1936 1704 1954 :
1714 1927 1766 1953 Τὸν

977 1974 1057 2000 αὑτὸν
1070 1974 1098 2000 δὲ
1114 1973 1160 2000 καὶ
1175 1973 1253 2009 μόνον
1268 1973 1393 2008 ἀληθινὸν
1406 1970 1474 1998 εἶναι
1490 1972 1609 1999 διδάσκει
1622 1972 1655 1998 δι’
1665 1970 1702 1999 ὧν
1713 1981 1766 2007 φη-

978 2029 1019 2047 σιν
1028 2029 1034 2035 ·
1052 2021 1113 2048 Ἵνα
1125 2020 1294 2055 γινώσκωσι
1305 2028 1340 2046 σε
1349 2019 1402 2046 τὸν
1411 2021 1508 2053 μόνον
1516 2019 1661 2050 ἀληθινὸν
1673 2019 1747 2046 Θεόν
1755 2027 1763 2034 ·

977 2067 1036 2102 οὐχὶ
1052 2067 1088 2098 ὡς
1103 2067 1162 2097 ἑνὸς
1178 2067 1253 2097 ὄντος
1267 2066 1347 2101 μόνου
1364 2065 1410 2092 τοῦ
1433 2065 1510 2096 Θεοῦ,
1527 2064 1583 2091 ὰ)λ’
1595 2064 1633 2096 ὡς
1648 2065 1707 2096 ἑνὸς
1723 2064 1765 2091 ὕν-

976 2121 1020 2144 τος
1035 2112 1115 2148 μόνου
1130 2111 1255 2147 ἀληθινοῦ
1273 2110 1352 2141 Θεοῦ,
1369 2110 1436 2145 μετὰ
1453 2109 1611 2145 προσθήκης
1621 2109 1765 2143 ἀναγκαιοο

976 2158 1059 2193 τάτης
1081 2157 1139 2189 τοῦ,
1155 2157 1310 2192 ἀληθινοῦ.
1321 2158 1396 2183 Ἐπεὶ
1421 2157 1468 2183 καὶ
1492 2156 1573 2186 αὐτὸς
1597 2155 1663 2186 Θεὸς
1690 2155 1764 2190 μὲνὸ

981 2206 1054 2237 Υἱὸς,
1070 2205 1185 2231 ἀλλὀὐκ
1200 2203 1324 2239 ἀληθινὸς
1339 2203 1415 2235 Θεός·
1425 2199 1464 2233 εἷς
1480 2203 1534 2237 γάρ
1551 2202 1608 2228 ἐστι
1625 2202 1672 2227 καὶ
1685 2201 1764 2236 μόνος

981 2251 1105 2286 sinam;
1114 2251 1190 2281 Gsbg,
1207 2250 1249 2276 διὰ
1266 2250 1296 2275 τὸ
1313 2249 1349 2284 μὴ
1361 2248 1433 2283 ἔχειν
1450 2248 1503 2283 πρὸ
1514 2248 1596 2274 αὑτοῦ
1610 2256 1680 2274 τινα.
1693 2248 1724 2273 Εἰ
1735 2247 1764 2274 δὲ

980 2297 1141 2328 talia-51’2ng
1157 2296 1221 2327 Υἱὸς
1234 2295 1368 2331 ἀληθινὸς,
1385 2294 1441 2321 ἀλλ’
1457 2294 1493 2325 ὡς
1508 2293 1588 2320 εἰκὼν
1606 2293 1652 2319 τοῦ
1669 2293 1763 2327 ἀληθι-

980 2344 1036 2372 νοῦ.
1049 2345 1090 2378 εἰη
1105 2343 1136 2369 ἂν
1148 2343 1194 2370 καὶ
1204 2342 1278 2374 Θεὸς·
1291 2342 1351 2367 ἐπεὶ
1362 2342 1409 2367 καὶ
1420 2340 1485 2372 Θεὸς
1495 2338 1528 2375 ἦν
1536 2341 1549 2366 ὁ
1560 2339 1654 2373 Λόγος,
1666 2339 1695 2364 οὐ
1709 2339 1763 2374 μὴν

979 2389 1016 2421 ὼς
1029 2391 1042 2416 ὁ
1058 2389 1137 2424 μόνος
1151 2387 1274 2423 ἀληθινὸς
1289 2386 1354 2418 Sed;
1364 2406 1371 2417 ,
1388 2387 1439 2412 hoc
1453 2390 1494 2412 est
1511 2395 1517 2412 :
1536 2384 1662 2410 Eumdem
1675 2389 1763 2411 autem

979 2441 1003 2463 et
1021 2435 1105 2462 solum
1119 2443 1207 2461 verum
1227 2442 1282 2460 esse
1296 2433 1371 2459 docet
1392 2433 1432 2459 liis
1448 2431 1530 2458 verbis
1546 2438 1554 2456 :
1571 2440 1580 2455 ‹
1603 2429 1635 2457 Ut
1653 2438 1763 2464 cognos-

980 2487 1040 2508 cant
1061 2487 1085 2508 te
1106 2481 1191 2507 solum
1213 2487 1300 2506 verum
1320 2479 1401 2505 Deum
1419 2478 1510 2514 (Joan.
1533 2484 1604 2505 xvn,
1627 2475 1665 2508 5),
1683 2485 1692 2501 I
1711 2483 1762 2501 non

975 2525 1052 2560 quasi
1070 2532 1138 2550 unus
1152 2524 1224 2551 solus
1242 2523 1278 2550 sit
1299 2522 1381 2554 Deus,
1398 2521 1443 2548 sed
1461 2520 1538 2555 quasi
1560 2528 1628 2546 unus
1641 2519 1714 2546 solus
1727 2519 1764 2546 sit

976 2579 1050 2597 verus
1063 2570 1143 2601 Deus,
1152 2578 1210 2596 cum
1227 2569 1275 2596 hoc
1287 2568 1480 2603 pernecessario
1496 2566 1689 2598 additamenta,
1701 2575 1710 2590 «
1721 2574 1763 2592 ve-

976 2625 1031 2643 rus.
1047 2626 1056 2641 ι
1074 2615 1145 2642 Nam
1160 2620 1183 2642 et
1199 2615 1253 2650 ipse
1267 2614 1371 2650 quidem
1388 2612 1484 2643 Filius,
1500 2612 1581 2644 Deus,
1595 2611 1640 2639 sed
1658 2619 1707 2638 non
1719 2618 1762 2638 ue-

975 2670 1021 2688 rus
1034 2660 1102 2687 Deus
1116 2668 1124 2687 :
1138 2668 1205 2686 unus
1220 2663 1258 2686 est
1271 2659 1340 2686 enim
1361 2657 1433 2684 solus
1455 2665 1531 2683 uerus
1549 2655 1630 2686 Deus,
1646 2663 1676 2681 eo
1693 2652 1762 2688 quod

976 2715 1027 2734 non
1042 2707 1135 2732 [iubeat
1148 2706 1261 2740 aliquem
1277 2709 1337 2731 ante
1349 2712 1385 2730 se.
1401 2702 1477 2735 Quod
1493 2703 1516 2729 si
1536 2702 1591 2736 ipse
1601 2707 1702 2736 quoque
1716 2698 1760 2725 Fi»

976 2753 1027 2780 lius
1045 2761 1121 2780 verus
1140 2757 1190 2784 est,
1208 2751 1252 2778 sed
1273 2751 1339 2777 sicut
1354 2750 1441 2784 imago
1462 2749 1514 2775 veri
1538 2747 1598 2777 Dei,
1613 2746 1684 2773 Deus
1705 2745 1762 2780 ['ue-

976 2798 1010 2825 rit
1026 2806 1035 2824 :
1050 2797 1176 2832 siquidem
1187 2801 1211 2823 et
1226 2795 1295 2823 Deus
1311 2799 1369 2822 erat
1390 2793 1510 2824 Verbum,
1528 2797 1679 2820 nontamen
1694 2795 1762 2817 sicut

976 2845 1021 2872 ille
1043 2844 1114 2870 solus
1134 2851 1208 2869 verus
1235 2841 1314 2869 Deus.
1331 2840 1451 2876 ldipsutu
1466 2839 1568 2867 diserte
1593 2837 1712 2865 declarat
1734 2836 1761 2864 iu

1012 2911 1049 2946 (ὸ)
1071 2911 1170 2938 Athan.
1187 2913 1207 2937 t.
1224 2908 1245 2944 l;
1260 2917 1279 2936 ιι
1299 2908 1372 2941 Νίσ..
1389 2911 1442 2935 act.
1457 2915 1483 2940 ν,
1500 2914 1526 2941 p.
1541 2905 1603 2933 556.
1625 2927 1628 2929 .
