2055 3214
296 163 330 190 59
616 190 622 196 _
633 159 766 188 ECSEBH
784 159 1023 189 CAESARIENSlS
1043 159 1117 186 OPP.
1135 157 1227 186 PARS
1244 158 1288 185 lli.
1304 175 1338 179 —
1351 158 1558 186 EXEGETltIA.
1885 160 1920 187 4ο

296 224 445 251 Dentonstr.
459 232 561 259 euang.,
577 232 636 259 cap.
646 224 674 257 4,
688 225 820 260 pag.226.
831 225 873 252 his
885 224 974 251 verbis
988 233 994 251 :
1009 225 1074 250 Οὐκ-

1129 223 1178 250 οὗκ
1193 222 1338 257 ῑδιόκτητον
1359 221 1443 256 αὐτὴν
1456 221 1600 256 ἐσχηκότα.
1626 221 1654 246 ὐ
1669 221 1717 256 μὲν
1733 220 1787 256 γὰρ
1801 220 1918 252 δίδωσιν,

296 268 343 295 οὖν
358 268 401 295 διὰ
414 269 515 296 τούτων
537 271 551 296 ὁ
574 270 622 304 μὲν
638 269 739 305 ἀληθὴς
751 271 799 296 καὶ
819 270 898 305 μόνος
915 269 981 302 Θεὸς
995 267 1035 301 εἷς
1049 271 1082 297 ἂν

297 314 350 349 εἴη,
366 315 445 350 μόνος
469 315 568 351 κυρίως
587 316 729 351 τυγχάνων
746 316 796 351 τῆς
812 316 1012 351 προσηγορίας·
1028 317 1042 342 ὀ
1053 316 1082 342 Si

295 359 419 396 δεύτερος
435 361 562 396 μετουσίᾳ.
583 361 629 388 τοῦ
654 362 769 397 ἀληθοῦς
782 363 833 398 τῆς
844 363 986 394 κοινωνίας
1002 363 1080 397 ἠξίω-

294 415 350 438 ται,
364 407 424 434 οὔτε
440 407 479 434 ὣν
494 408 555 435 καθ’
567 408 672 440 ἑαυτὸν,
685 408 746 435 οὔτε
760 409 883 444 ὑφεστὼς
894 409 955 444 δίχα
968 409 1015 435 τοῦ
1028 409 1082 436 θεο-

264 453 267 455 ’
295 453 433 485 ποιοῦντος
455 454 536 481 αὐτὸν
553 455 669 491 Πατρὸς.
686 455 741 482 οὒτ’
755 455 817 483 ἄνευ
833 456 880 482 τοῦ
899 457 1004 492 Πατρὸς
1024 456 1082 483 θεο-

295 497 457 534 λογοὺμενος
473 509 479 527 :
499 501 582 528 missa
599 508 663 528 vero
674 501 830 537 interpretis
847 503 982 534 versione,
999 510 1080 538 quam

295 543 340 570 ille
354 551 404 578 pro
418 552 492 572 more
509 553 561 572 suo
574 545 608 572 ad
621 546 784 573 catholicam
801 546 879 574 ﬁdem
895 548 1080 581 concinnavit,

295 588 336 615 sic
350 597 400 617 nos
409 590 547 618 reddinms
559 600 565 618 :
578 591 669 626 Itaque
681 599 713 619 ex
734 591 774 619 his
789 601 863 620 uerus
874 598 899 620 et
917 593 988 620 solus
1010 593 1080 620 Deus

294 635 344 670 (a),
360 644 427 663 unus
445 638 536 671 fuerit,
548 639 593 673 qui
603 638 673 665 solus
689 638 756 665 Itane
764 639 962 673 appellationem
978 641 1081 675 proprie

294 682 407 714 obtinet;
421 684 549 710 secundus
558 689 644 711 autem
656 685 854 719 participatione
861 687 922 719 ueri,
934 688 1080 714 communi-

294 728 396 754 catione
408 728 454 756 flla
468 730 591 764 dignatus
606 735 654 762 est.
664 731 707 766 qui
715 739 765 758 non
774 732 829 758 sine
841 732 922 759 Patre
939 733 983 768 qui
995 734 1080 767 ipsum

294 773 377 801 Deum
398 776 482 810 efﬁcit,
500 784 544 810 per
565 785 592 804 se
606 779 708 804 exsistit
728 783 752 805 et
772 778 908 810 subsistit;
922 787 1002 814 neque
1024 781 1080 807 sine

293 819 375 847 Patre
396 821 467 848 Deus
494 829 612 850 vocatur.
638 823 689 851 Ubi
705 824 778 852 clare
800 825 866 851 dicit
892 825 978 853 solum
995 834 1079 853 unum

293 866 377 894 Deum
395 867 502 895 Patrem
518 877 590 901 esse,
607 870 651 896 cui
665 869 710 897 Dei
726 878 824 897 nomen
838 871 948 906 proprie
970 872 1079 906 compe-

293 913 336 945 tit,
353 914 501 941 seettndnm
514 919 603 942 autem
623 915 707 942 Deum
725 917 932 951 participatione
944 921 1047 944 tantum
1063 925 1078 944 a

292 957 348 985 Deo
361 957 441 986 Patre
457 959 541 986 Deum
557 960 658 987 factum
674 961 767 989 fuisse.
788 961 855 989 Cum
872 967 961 989 autem
977 964 1014 989 ait
1036 971 1078 991 se-

292 1005 411 1031 cundum
430 1005 504 1032 illttm
523 1005 617 1038 Deutu,
632 1007 676 1033 cui
703 1007 808 1034 scilicet
823 1015 877 1035 non
895 1016 957 1036 vere
973 1014 999 1035 et
1015 1017 1078 1044 pro—

291 1050 351 1084 prie
367 1051 495 1085 competit
520 1051 592 1085 quod
611 1051 682 1079 Deus
696 1053 741 1084 sit,
760 1061 814 1080 non
837 1054 896 1081 sine
915 1053 995 1081 Patre
1007 1055 1078 1081 exsi-

292 1097 415 1129 stere,ad
433 1097 497 1124 illud
510 1097 646 1132 Evangelii
656 1098 905 1134 Joannisrespicit:
919 1099 952 1126 Et
966 1100 1078 1127 Verbum

290 1148 348 1168 erat
360 1142 427 1176 apud
440 1142 605 1171 Deum.ldeo
618 1149 707 1172 autem
718 1144 816 1172 Filium
826 1146 908 1173 Deua.
921 1146 1078 1182 dignatione

291 1187 381 1216 Patris
398 1198 458 1217 esse
468 1190 520 1225 (vel
536 1191 628 1225 potius
638 1199 670 1219 ex
687 1192 720 1219 iis
734 1200 794 1227 qure
803 1200 884 1228 supra
899 1194 1019 1222 diximus
1030 1203 1077 1221 vo-

292 1235 369 1269 cari),
380 1236 500 1271 ait,quia
516 1241 558 1264 est
572 1238 660 1272 imago
678 1237 784 1266 Patris:
798 1246 851 1266 non
866 1240 975 1275 quidem
989 1241 1077 1277 imago

291 1289 352 1316 quae
360 1283 482 1309 eamdem
495 1291 576 1318 quam
585 1281 664 1310 Pater
673 1285 851 1320 substantiam
860 1287 991 1318 obtineat,
1002 1295 1075 1318 nam,

291 1330 321 1354 ut
347 1335 430 1363 supra
457 1330 660 1364 comprobatum
691 1335 744 1362 est,
761 1330 896 1359 diversam
924 1340 939 1358 a
965 1338 1092 1367 paterna.

291 1373 472 1400 substantiam
487 1373 547 1401 Filii
561 1376 719 1409 constituit;
734 1376 781 1404 sed
801 1378 890 1413 imago
909 1378 1076 1413 perfectissi-

291 1426 347 1452 ma,
365 1424 497 1453 quantum
514 1428 545 1447 ea
563 1425 654 1455 potest
672 1429 734 1449 esse
759 1430 819 1457 qua:
841 1424 893 1450 alia
915 1431 931 1450 a
949 1432 1075 1459 supremo

290 1463 346 1491 Deo
359 1464 450 1492 fuerit.
468 1465 641 1501 ldipsumque
663 1468 755 1495 multis
773 1469 799 1495 in
819 1469 886 1496 locis
902 1474 956 1496 tam
973 1471 999 1498 iu
1023 1471 1076 1498 De-

289 1511 478 1537 monstratione
503 1512 671 1546 evangelica,
702 1521 784 1548 quam
811 1514 839 1541 in
871 1515 950 1543 libris
975 1515 1075 1544 Contra

1133 270 1146 295 ὁ
1169 269 1196 295 δὲ
1215 267 1357 303 λαμϐάνει.
1377 268 1457 294 Ὥστε
1473 267 1575 303 κυρίως
1598 267 1644 293 καὶ
1661 267 1708 293 ἕνα.
1731 268 1833 293 ἐκεῖνον
1850 265 1919 294 εἶναι

1132 315 1208 347 Θεὸν,
1235 315 1280 340 καὶ
1305 314 1385 349 μόνον
1400 313 1454 348 γὰρ
1483 313 1529 339 καὶ
1544 313 1623 347 φύσει
1645 314 1720 344 ὄντα,
1739 313 1785 339 καὶ
1803 313 1919 349 pitu-19'

1132 361 1225 397 ἐτέρου
1235 361 1351 387 λαῦὀντα
1360 369 1366 375 “
1380 360 1426 386 τὸν
1439 360 1466 386 δὲ
1479 360 1532 386 τῶν
1541 360 1699 395 δευτερείων
1711 360 1853 395 ἠξιῶσθαι,
1871 362 1919 386 καὶ

1131 407 1161 433 τὸ
1177 406 1242 433 Θεὸν
1256 405 1324 433 εἶναι
1339 406 1453 433 λαϐόντα
1468 406 1543 441 παρὰ
1559 406 1604 432 τοῦ
1618 406 1722 441 [ἰατρὸς
1738 406 1818 441 ἔχειν,
1833 406 1871 438 ὡς
1884 405 1917 433 ἂν

1132 454 1222 481 εἰκόνα
1244 455 1290 481 τοῦ
1311 453 1389 485 Θεοῦ,
1414 454 1478 488 μιᾶς
1499 453 1542 479 ἐπ’
1563 453 1663 488 ἀμφοῖν
1688 453 1758 479 κατὰ
1776 453 1807 479 τὸ
1829 453 1917 489 παρά-

1131 499 1228 536 δειγμα
1238 500 1288 535 τῆς
1296 499 1421 534 θεότητος
1434 500 1540 525 ἐπινοου
1545 498 1637 533 μένης,
1649 499 1706 530 ἑνός
1719 507 1747 525 τε
1764 498 1839 529 ὄντος
1848 498 1916 525 Θεοῦ

1130 546 1177 572 τοῦ
1200 546 1261 573 καθ’
1286 546 1380 572 ἑαυτὸν
1395 545 1519 581 ἁνὰρχως
1533 545 1580 570 καὶ
1599 545 1752 580 ἁγεννήτως
1770 544 1854 575 ὄντος,
1872 544 1915 571 διὰ

1130 591 1158 618 δὲ
1172 591 1218 618 τοῦ
1245 591 1310 617 Υἱοῦ
1324 591 1361 623 ὡς
1385 591 1417 617 ἂν
1429 591 1461 617 δι’
1476 590 1608 626 ἐσόπτρου
1622 591 1667 617 καὶ
1683 591 1785 621 εἰκόνος
1801 590 1917 616 ἐπιθεω-

1133 638 1272 672 ρουμένον.
1287 637 1368 663 Missa
1383 635 1472 663 Latini
1487 636 1642 671 interpretis
1658 636 1793 668 versione,
1809 635 1855 670 qui
1867 643 1915 670 pro

1131 692 1206 711 more
1217 691 1267 710 suo
1283 683 1340 710 lucc
1362 682 1395 709 ad
1412 681 1574 710 catholicam
1602 681 1766 709 sententiam
1789 681 1914 712 detorsit,

1130 731 1171 758 sic
1187 737 1237 758 nos
1250 729 1283 756 ad
1297 729 1407 756 verbum
1423 728 1633 762 interpretamur
1647 726 1794 754 :Ca-tcrum
1810 727 1915 754 etiamsi

1130 782 1227 804 natura
1248 776 1395 812 unigeuilus
1412 774 1499 801 Filius
1515 779 1539 801 et
1564 774 1632 800 Deus
1648 778 1735 800 noster
1753 772 1913 805 celebretur,

1130 829 1158 851 at
1174 832 1226 850 non
1242 828 1280 850 est
1293 823 1395 857 primas
1414 822 1502 854 Deus;
1517 821 1562 848 sed
1574 821 1675 855 primus
1701 819 1747 846 Dei
1763 820 1913 854 unigenitus

1132 870 1229 901 Filius.
1253 874 1277 896 et
1301 869 1358 896 ideo
1384 869 1465 896 Deus.
1497 867 1529 894 In
1547 875 1652 894 summa
1666 867 1719 893 luna
1734 874 1815 892 causa
1833 865 1912 900 fuerit

1130 917 1199 952 quod
1216 917 1261 943 ille
1276 916 1346 943 Deus
1361 916 1406 948 sit,
1424 915 1487 949 quia
1501 913 1573 941 solus
1591 917 1687 939 natura
1702 911 1788 938 Filius
1803 911 1851 938 Dei
1861 917 1911 942 est.

1129 972 1160 990 ac
1179 963 1333 998 Urtigenitus
1350 966 1467 992 uocatur,
1482 965 1507 987 et
1517 961 1580 995 quia
1595 960 1677 986 solius
1694 959 1743 985 Dci
1755 959 1910 989 animatum,

1129 1011 1253 1038 viventem
1267 1015 1290 1037 et
1303 1011 1488 1045 intelligentem
1502 1009 1641 1044 imaginem
1655 1011 1752 1038 servat,
1769 1006 1911 1033 secundum

1129 1058 1220 1084 omnia
1236 1056 1313 1083 Patri
1329 1057 1453 1088 similent,
1467 1065 1497 1083 ac
1511 1056 1590 1082 etiam
1608 1055 1691 1089 ipsius
1712 1052 1818 1079 deitatis
1844 1052 1912 1078 inta-

1127 1104 1213 1138 ginem
1237 1103 1370 1137 ferentem.
1391 1102 1449 1129 Hoc
1466 1110 1527 1137 ergo
1550 1101 1582 1128 de
1606 1109 1688 1127 causa
1711 1101 1797 1134 ipsum
1818 1100 1909 1130 etiam.

1129 1154 1215 1181 utpote
1229 1150 1315 1175 solum
1343 1148 1455 1180 Filium,
1473 1148 1519 1184 qui
1541 1147 1613 1174 solus
1630 1146 1679 1173 Dei
1707 1147 1793 1180 imago
1817 1146 1863 1177 lit,
1879 1153 1910 1172 ac

1128 1195 1287 1229 non-genita:
1304 1199 1328 1220 et
1344 1194 1473 1228 principio
1497 1193 1609 1220 carentis
1636 1191 1791 1218 substantia:
1818 1190 1910 1218 Patri:

1128 1240 1267 1266 virtutibus
1286 1239 1426 1266 secundant
1443 1238 1590 1272 exemplum
1608 1235 1788 1264 similitudinis
1803 1235 1910 1262 indutus

1127 1286 1173 1316 sit,
1192 1290 1268 1320 atque
1280 1285 1312 1311 ob
1329 1286 1446 1311 omnium
1461 1284 1620 1319 peritissimo
1637 1291 1668 1309 ac
1684 1282 1856 1309 scientissimo
1866 1281 1910 1315 pi-

1127 1336 1197 1358 ctore
1213 1340 1244 1358 ac
1258 1333 1317 1358 vitta
1334 1336 1440 1358 auctare
1456 1331 1547 1360 Patro.
1572 1330 1606 1356 ad
1624 1330 1854 1356 accuratissimam
1872 1329 1911 1356 si-

1127 1377 1303 1403 militudinem
1317 1377 1424 1411 effectus
1439 1377 1483 1406 sit.
1499 1375 1582 1402 Deum
1602 1375 1696 1402 merito
1711 1374 1794 1401 divini
1810 1382 1910 1401 sermo-

1126 1432 1170 1451 nes
1185 1424 1334 1458 appellant;
1351 1429 1438 1458 utpote
1452 1424 1497 1457 qui
1515 1432 1573 1450 cum
1595 1423 1655 1450 aliis
1670 1431 1686 1450 a
1702 1423 1783 1450 Patre
1797 1422 1845 1448 hac
1860 1429 1909 1455 ap—

1125 1471 1265 1504 pellatione
1281 1471 1403 1505 dignatus
1416 1471 1460 1502 sit,
1474 1478 1581 1505 eantque
1596 1470 1735 1504 acceperit,
1754 1478 1805 1496 non
1821 1474 1910 1496 autem

1125 1522 1153 1543 ut
1167 1518 1300 1551 propriam
1316 1517 1366 1543 sibi
1383 1517 1514 1544 habuerit.
1533 1515 1605 1543 Nam
1618 1516 1662 1543 ille
1680 1515 1784 1551 quidem
1795 1515 1852 1545 dat,
1868 1514 1909 1540 hie

289 1554 447 1582 Marcellum
461 1556 592 1585 declarat.
619 1557 686 1585 Nam
703 1559 750 1586 lib.
776 1567 784 1586 t
800 1559 900 1587 Contra
919 1561 1073 1588 Marcellum
1087 1571 1109 1600 ο
1126 1571 1184 1589 vero
1199 1563 1306 1596 accipit.
1324 1561 1367 1588 Ita
1384 1569 1411 1588 ut
1423 1563 1527 1596 proprie
1539 1562 1582 1588 ille
1600 1570 1666 1588 unus
1685 1562 1716 1588 sit
1735 1560 1816 1592 Deus,
1830 1564 1908 1586 eteo-

289 1609 316 1636 p.
339 1602 383 1634 70,
412 1603 445 1630 de
473 1603 553 1631 Patre
569 1605 643 1632 clare
659 1609 684 1632 et
706 1607 766 1633 sine
789 1607 902 1642 ambage
919 1608 967 1641 ait,
983 1609 1073 1640 Μόνος

289 1647 415 1682 ἀληθινὸς
430 1649 496 1681 Θεός
512 1657 518 1664 ’
536 1649 613 1677 Solus
626 1659 699 1678 verus
718 1651 798 1679 Deus.
816 1653 844 1679 ltt
859 1653 1072 1681 Demonstratio-

289 1701 326 1727 ne,
341 1698 431 1721 autem
448 1696 608 1730 evangelica,
631 1697 650 1722 l.
665 1705 692 1728 v,
713 1705 737 1724 c.
757 1698 784 1729 ti.
814 1706 875 1733 pag.
904 1699 967 1733 227,
994 1709 1071 1728 suam

289 1739 408 1768 dilucide
424 1741 458 1768 de
472 1741 551 1768 Patre
568 1748 595 1769 et
610 1742 678 1770 Filio
694 1745 857 1772 Sententiam
872 1746 999 1780 explicat.
1022 1747 1072 1773 ait-

288 1794 342 1821 que
354 1786 451 1814 Filium
467 1789 502 1815 ob
515 1796 591 1815 suam
603 1797 664 1816 cum
679 1789 758 1818 Patre
771 1791 975 1819 similitudinem
988 1792 1072 1820 Deum

289 1834 391 1864 vocari,
417 1834 479 1861 licet
507 1842 560 1861 non
578 1835 687 1870 proprie
708 1840 735 1863 et
757 1845 805 1871 per
821 1845 849 1865 se
865 1838 945 1865 talem
965 1846 1072 1866 nuncu-

289 1879 423 1913 pationem
439 1879 560 1907 obtineat
583 1890 590 1908 :
610 1888 671 1907 natn
694 1887 837 1916 postquam
852 1883 958 1910 dixerat
973 1883 1071 1911 Filium

288 1929 386 1952 natura
418 1925 500 1952 Deum
527 1933 588 1954 esse
605 1946 613 1958 ,
646 1932 762 1954 mentem
793 1936 871 1955 suam
901 1929 941 1956 sic
958 1931 1069 1963 aperit:

287 1971 361 2006 Πλὴν
389 1973 413 1998 ει
433 1972 478 1999 καὶ
502 1972 581 2006 φύσει
603 1974 748 2009 μονογενὴς
771 1973 834 2006 Υἱὸς
848 1976 894 2001 καὶ
917 1975 981 2008 Θεὸς
995 1977 1072 2012 ήμῶν

287 2018 494 2053 ἁνευφημεῖται,
512 2019 568 2044 ἀλλ’
590 2019 638 2054 οὐχ
660 2020 674 2045 ὁ
696 2020 802 2055 πρῶτος
818 2021 894 2053 Θεὸς,
921 2023 1027 2058 πρῶτος
1043 2023 1071 2050 δὲ

285 2063 334 2090 τοῦ
354 2063 421 2090 Θεοῦ
441 2065 587 2098 μονογενὴς
607 2064 681 2097 Υἱὸς,
697 2067 744 2092 καὶ
767 2066 811 2093 διὰ
823 2067 902 2094 τοῦτο
923 2068 998 2101 Θεός.
1016 2070 1072 2096 Καὶ

287 2108 347 2135 ὅλον
373 2117 404 2143 γε
432 2110 511 2136 τοῦτο
538 2110 623 2136 αἴτιον
651 2110 683 2136 ἂν
710 2112 750 2146 εἴη
775 2112 821 2138 τοῦ
845 2113 892 2138 καὶ
906 2113 986 2140 αὑτὸν
1002 2112 1071 2140 εἶναι

285 2156 363 2188 Θεὸν,
377 2156 407 2182 τὸ
425 2157 504 2191 μόνον
520 2155 589 2183 εἶναι
605 2158 684 2192 φύσει
703 2158 749 2184 τοῦ
760 2158 827 2185 Θεοῦ
845 2159 918 2191 Υἱὸν,
935 2160 980 2187 καὶ
995 2170 1071 2196 μονο-

287 2203 353 2239 γενῆ
365 2204 553 2239 χρηματίζειν,
569 2204 614 2230 καὶ
629 2204 658 2230 τὸ
683 2204 716 2231 δι’
733 2205 793 2232 ὅλου
816 2204 911 2237 σώζειν
925 2206 972 2233 τοῦ
988 2207 1068 2242 μόνου

1127 1609 1168 1635 lus
1194 1607 1298 1643 quidem
1321 1613 1418 1634 natura
1434 1608 1574 1640 exsistens,
1600 1614 1682 1642 neque
1706 1605 1737 1632 ab
1758 1605 1811 1632 alio
1835 1604 1908 1631 acci-

1123 1655 1213 1689 piens;
1231 1654 1272 1681 hic
1289 1663 1347 1680 vero
1373 1654 1486 1681 secundo
1504 1654 1560 1680 loco
1580 1653 1705 1686 dignatus
1726 1652 1773 1682 sit,
1800 1656 1876 1685 atque
1892 1659 1909 1676 α

1125 1700 1205 1728 Patre
1219 1701 1344 1735 acceperit
1360 1706 1388 1726 ut
1408 1700 1478 1727 Deus
1497 1708 1553 1726 esse
1574 1699 1699 1729 obtineat.
1719 1702 1808 1732 utpote
1823 1698 1908 1731 imago

1124 1747 1183 1778 Dei,
1199 1756 1257 1774 cum
1278 1755 1332 1773 una
1347 1747 1373 1773 in
1388 1746 1513 1773 ambobus
1536 1745 1679 1772 secundant
1694 1744 1840 1777 exemplum
1854 1743 1909 1768 dci-

1124 1800 1164 1821 tas
1175 1795 1346 1829 intelligatur,
1361 1802 1412 1820 uno
1427 1792 1482 1819 Deo
1504 1791 1645 1819 secundant
1663 1799 1690 1817 se
1705 1790 1761 1816 sine
1774 1789 1909 1824 principio

1122 1846 1148 1868 et
1161 1841 1327 1875 generatione
1348 1840 1497 1869 exsistente,
1520 1839 1564 1873 qui
1588 1845 1634 1871 per
1654 1836 1756 1862 Filium
1772 1835 1848 1869 quasi
1862 1841 1909 1868 per

1123 1887 1256 1920 speculum
1277 1890 1302 1913 et
1324 1885 1462 1920 imaginem
1487 1883 1682 1910 consideratur.
1710 1881 1832 1914 Quorum
1849 1880 1908 1906 haec

1123 1940 1229 1960 summa
1258 1932 1350 1964 fuerit,
1378 1937 1490 1958 eatenus
1523 1929 1610 1957 Filius
1641 1932 1737 1955 natura
1761 1927 1835 1954 Deus
1853 1931 1905 1958 est,

1122 1982 1258 2013 quatenus
1269 1980 1367 2003 natura
1381 1983 1428 2003 stta
1449 1975 1482 2001 ad
1497 1973 1703 2002 similitudinem
1721 1972 1766 1999 Dei
1783 1979 1831 2007 per
1845 1979 1906 1998 om-

1122 2024 1166 2051 nia
1179 2023 1291 2050 elice-tus
1314 2027 1366 2054 est,
1383 2026 1464 2056 atque
1485 2021 1544 2048 ideo
1559 2019 1670 2047 deitatis
1684 2019 1794 2046 nomine
1810 2018 1906 2052 digna-

1122 2074 1167 2097 tus
1184 2074 1236 2099 est.
1252 2077 1312 2104 qua:
1328 2074 1417 2095 tamen
1439 2076 1494 2095 non
1522 2067 1574 2102 ipsi
1591 2067 1700 2102 proprie
1718 2063 1904 2099 competebat;

1122 2115 1169 2143 sed
1185 2118 1295 2149 propter
1306 2112 1512 2140 similitudinem
1529 2111 1638 2139 deitatis
1654 2118 1737 2145 quam
1755 2115 1906 2144 repraesen-

1122 2162 1206 2192 tabat,
1224 2160 1295 2188 Deus
1307 2163 1439 2186 vocatur:
1455 2166 1505 2186 nec
1517 2159 1622 2193 primus
1646 2156 1716 2184 Deus
1727 2161 1780 2188 est,
1799 2154 1846 2181 sed
1861 2161 1906 2181 se-

1121 2207 1226 2235 cundas
1240 2207 1266 2233 in
1281 2206 1382 2233 deitate
1403 2213 1437 2233 ex
1459 2204 1616 2240 dignatione
1639 2207 1766 2238 occupat,
1794 2209 1848 2228 non
1871 2207 1905 2229 ex

286 2249 353 2276 θεοῦ
365 2250 414 2285 τὴν
437 2249 555 2284 ἔμψυχον
569 2250 615 2275 καὶ
636 2249 724 2281 ζῶσαν
751 2251 846 2285 νοερὰν
876 2252 976 2285 εἰκόνα,
999 2253 1070 2280 κατὰ

1125 2255 1181 2289 iure
1198 2259 1225 2282 et
1239 2254 1405 2289 proprietate
1423 2262 1430 2280 :
1448 2260 1511 2279 nam
1528 2251 1600 2279 Deus
1618 2251 1653 2278 ob
1668 2247 1904 2276 accuratissimatn

287 2297 376 2324 πάντα
393 2296 431 2331 τῷ
446 2296 531 2331 ﬂat-.91
553 2297 798 2333 παρωμοιωμένην,
821 2298 867 2324 καὶ
877 2298 926 2332 τῆς
942 2299 1068 2336 θεότητος

284 2349 315 2371 τε
334 2343 420 2378 αὐτῆς
445 2343 494 2377 τὴν
514 2343 642 2377 ὁμοίωσιν
664 2343 874 2378 ἐπιφερομένην.
899 2344 990 2381 Ταύτῃ
1014 2355 1069 2372 τοι-

284 2389 386 2425 γαροῦν
403 2389 450 2416 καὶ
461 2389 542 2416 αὑτὸν
556 2389 593 2421 ὡς
609 2389 641 2416 ἂν
656 2390 737 2425 μόνον
752 2390 815 2417 Υἰὸν
827 2391 873 2417 καὶ
885 2391 963 2426 μόνον
978 2393 1069 2419 εἰκόνα

283 2436 348 2464 ὄντα
368 2435 414 2461 τοῦ
433 2435 512 2468 Θεοῦ,
530 2436 574 2462 καὶ
596 2436 645 2470 τῆς
660 2436 805 2470 ὰγεννήτου
818 2437 865 2463 καὶ
886 2438 1003 2473 ἀνάρχου
1020 2439 1067 2466 τοῦ

284 2481 391 2517 nam;
406 2482 500 2513 οὐσίας
511 2482 560 2514 τὰς
570 2482 698 2517 δυνάμεις
709 2482 779 2509 κατὰ
791 2483 821 2509 τὸ
834 2483 1007 2519 παράδειγμα
1018 2486 1067 2521 τῆς

282 2526 438 2563 ὁμοιώσεως
467 2527 713 2563 περιὸεϐλημένον,
742 2529 794 2556 ὑπό
822 2538 853 2555 τε
884 2530 931 2557 τοῦ
959 2531 1066 2559 πάντων

283 2573 479 2608 τεχνικωτάτου
495 2574 542 2601 καὶ
567 2575 801 2609 πανεπιστήμονος
820 2574 964 2611 ζωγράφου
980 2585 1008 2603 τε
1019 2577 1066 2603 καὶ

284 2618 415 2650 ζωοποιοῦ
435 2619 540 2655 Πατρὸς
557 2621 596 2652 εἰς
611 2619 641 2647 τὸ
653 2620 693 2646 ἔτι
712 2621 824 2656 ὰκριὸὲς
845 2621 895 2656 τῆς
911 2622 1065 2657 ὁμοιώσεως

282 2665 511 2701 ἀπειργασμένον,
531 2666 596 2692 Θεὸν
620 2666 731 2698 εἰκότως
742 2667 766 2692 οἱ
783 2667 848 2693 Θεῖοι
871 2668 1064 2703 ἀναγορεύουσι

282 2710 374 2744 λόγον
390 2710 428 2743 ὡς
455 2712 502 2737 καὶ
528 2711 628 2747 ταύτης
651 2712 721 2747 μετὰ
740 2712 794 2739 τῶν
815 2713 901 2740 ἄλλων
920 2713 994 2749 παρὰ
1017 2714 1063 2740 τοῦ

282 2757 387 2793 Πατρὸς
415 2757 564 2793 ἠξιωμένον
593 2758 786 2793 προσηγορίας,
802 2761 826 2786 εἱ
845 2759 933 2795 alga/11::
949 2768 987 2791 τε,
1007 2759 1063 2785 ἀλλ’

317 2848 355 2883 (a)
376 2848 574 2887 ἱρὴ-ιομηινα
592 2847 756 2882 Marcellam,
778 2857 828 2885 pag
863 2851 897 2884 ιο,
916 2851 994 2886 μόνος
1011 2852 1136 2887 ἀληθινὸς
1151 2853 1231 2884 Θεὸς·

281 2888 306 2911 et
325 2892 352 2918 p.
371 2883 415 2917 87,
434 2885 476 2912 96.

1121 2301 1324 2329 similitudinem
1337 2300 1388 2326 hac
1401 2299 1475 2326 illum
1491 2297 1671 2333 appellatione
1685 2294 1805 2321 donavit.
1820 2291 1905 2318 Euse-

1120 2347 1206 2375 bianat
1218 2347 1251 2374 de
1262 2345 1322 2373 Filii
1338 2346 1439 2373 deitate
1453 2344 1583 2372 doctrinae
1598 2343 1733 2369 luculenta
1749 2340 1812 2366 item
1827 2337 1905 2364 testi-

1120 2395 1210 2421 monia
1222 2393 1299 2420 aﬂ'ert
1312 2392 1482 2427 Nicepltorus
1497 2390 1651 2426 patriarcha
1667 2389 1694 2416 in
1706 2383 1902 2414 Antirrlteticis,

1118 2440 1198 2474 cujus
1210 2439 1302 2474 operis
1316 2446 1369 2465 nun
1389 2438 1522 2465 hactenus
1537 2435 1602 2463 editi
1617 2442 1648 2461 ac
1664 2434 1724 2460 luce
1737 2430 1902 2466 dignissimi.

1121 2485 1267 2513 editionem
1285 2488 1363 2519 parat
1377 2483 1579 2511 eruditissimus
1590 2480 1734 2508 Anselmus
1749 2475 1917 2504 Bandurius

1121 2537 1223 2558 noster.
1251 2530 1312 2560 Haec
1333 2530 1415 2565 igitur
1430 2532 1557 2562 excerpta
1578 2527 1655 2553 all'ert
1674 2525 1720 2551 ille
1735 2532 1768 2551 ex
1789 2522 1903 2558 epistola

1121 2576 1229 2603 Eusebii
1245 2576 1279 2602 ad
1293 2575 1481 2602 Constantiam
1496 2574 1643 2608 Augustam
1657 2580 1663 2598 :
1677 2571 1763 2602 Μόνος
1779 2569 1843 2603 γοῦν
1858 2565 1903 2594 οὖς

1118 2631 1163 2654 τος
1182 2621 1250 2657 μετὰ
1263 2621 1307 2647 τὸν
1323 2621 1453 2646 ἀνωτάτω
1466 2620 1531 2647 Θεὸν
1547 2619 1593 2646 καὶ
1606 2616 1714 2651 Πατέρα
1727 2616 1830 2646 δίκαιός
1845 2614 1903 2640 ἐστι

1119 2668 1220 2703 Κύριος
1236 2668 1282 2694 καὶ
1297 2666 1468 2697 δικαιοσύνας
1481 2665 1618 2701 ἠγάπησε,
1638 2663 1664 2690 id
1677 2666 1736 2690 est:
1753 2662 1804 2689 Hic
1817 2662 1904 2694 itaque

1118 2715 1191 2741 solus
1214 2718 1272 2748 post
1289 2720 1437 2746 supremum
1465 2712 1547 2738 Deum
1563 2715 1588 2737 et
1614 2709 1733 2740 Patrem,
1754 2708 1844 2742 justus
1865 2710 1903 2731 est

1120 2761 1256 2792 Dominus,
1273 2766 1296 2786 et
1312 2759 1435 2794 justitias
1448 2758 1556 2799 dilexit;
1571 2762 1598 2785 et
1618 2756 1713 2792 paucis
1731 2753 1902 2788 interiectis:

1258 2857 1284 2880 ct
1306 2852 1352 2879 lib.
1388 2859 1405 2878 tt
1426 2850 1524 2877 Contra
1543 2849 1710 2881 Mrtellum,
1743 2854 1804 2882 pag.
1837 2843 1902 2877 i09,
