2055 3214
157 189 188 217 Η
563 193 814 223 COMMENTARIA
831 195 864 224 IN
877 196 1047 226 PSALMOS.
1068 214 1103 219 ——
1122 199 1388 229 ΡῐῖᾸζιῐΜῐΝΑῐὶΙΑ.
1743 209 1779 236 ΕΞ

157 249 218 276 Ὅτι
240 249 338 285 ἑχομεν
360 251 407 277 καὶ
424 252 503 288 ἡμεῖς
523 253 652 290 ἀρχιερέα
668 255 754 290 μέγαν
769 255 923 291 διεληλυθότ

975 269 980 288 ι
996 257 1061 285 illud
1075 258 1210 292 αὑτόοεος,
1235 260 1289 295 ipse
1305 261 1376 288 Deus
1389 261 1443 298 (b);
1460 263 1516 290 sive
1528 263 1599 298 quod
1619 264 1684 293 alibi
1699 266 1777 298 dicit,

155 296 217 327 τοὺς
231 296 373 332 οὐρανοὺς,
395 298 498 334 Ἰησοῦν
512 299 558 326 τὸν
572 299 635 326 Υἰὺν
651 300 696 327 τοῦ
711 301 789 328 Θεοῦ·
804 300 834 329 οὗ
847 303 880 330 τὰ
894 303 942 339 μὲν

155 341 284 369 ἀνωτάτω
296 343 344 370 καὶ
360 346 493 379 κορυφαῖα
508 345 557 380 τῆς
571 345 698 382 Θεότητος
711 347 839 375 ἐπέκεινα
852 350 942 386 πάσης

155 387 268 420 κτίσεως
291 388 430 424 διήκοντα,
453 390 612 426 καλύμματι
637 393 761 429 πατρικῷ
783 395 833 430 τῆς
851 395 942 422 ἐνθέου

153 433 303 469 etiamm;
324 434 371 462 καὶ
394 435 556 472 ἀγεννησίας
582 439 808 473 ὲπικαλὺπτεται,
824 442 849 469 id
874 448 938 471 est:

155 479 223 513 Quia
241 479 368 508 habemus
382 486 407 509 et
424 491 471 510 nos
485 483 641 519 Pontiﬁcem
658 494 790 520 magnum,
806 490 851 524 qui
863 490 940 517 caelos

153 526 306 559 pretsriuit,
318 525 410 555 Iesum
422 527 446 555 F
447 529 521 557 ilium
533 530 592 562 Dei,
603 533 679 567 cujus
695 533 808 562 Deitatis
818 543 941 569 suprema

153 575 177 598 et
192 580 308 604 summa,
323 581 405 609 supra
419 583 519 603 omnem
535 582 685 606 creaturam
703 581 880 614 pervadentia,
891 590 940 616 pa-

154 622 226 646 terno
241 618 338 647 divina!
348 621 505 650 calamitatis
516 628 540 650 et
552 624 767 654 innascibilitutis
780 629 938 662 operimento

152 668 334 700 conteguntur.
350 665 407 694 Sub
422 668 479 696 Inec
491 673 581 697 autem
597 671 697 699 clarius
716 681 722 699 :
746 674 774 700 Ὀ
790 675 818 701 δὲ
832 675 877 702 ἐπὶ
891 676 937 703 τοῦ

153 709 278 744 μετώπου
299 711 432 746 στέφανος
446 713 496 748 τῆς
517 714 607 741 ἐνθέου
624 717 670 742 καὶ
690 721 938 756 παντοκρατορικῆς

152 754 288 789 βασιλείας
302 765 334 784 τε
351 757 398 784 καὶ
415 757 573 791 δεσποτείας
587 760 681 796 ἐδήλου
697 754 891 799 προσηγορίαν,
903 754 937 800 ἦν

152 800 224 837 μόνῳ
239 800 280 837 τῷ
295 802 443 838 Μονογενεί
453 804 467 830 ὁ
480 805 609 832 ἀνωτάτω
627 807 674 834 καὶ
692 808 770 843 μόνος
786 809 868 836 αὑτοῦ
883 811 937 838 Πα-

149 847 201 883 τὴρ
215 847 384 884 ἐδωρήσατο,
401 850 466 876 Θεὸν
490 852 538 879 καὶ
561 852 663 889 Κύριον
684 855 731 881 καὶ
748 855 860 890 βασιλέα
881 857 936 884 τῶν

149 893 216 920 ὅλων
227 894 307 929 μόνον
320 896 402 924 αὑτὸν
417 897 488 932 μετά
503 907 534 933 γε
550 899 645 926 ἑαυτὸν
661 901 811 935 ἀναδείξας.
829 903 853 930 id
871 908 912 931 est
925 914 932 932 :

993 303 1117 339 ἀληθινὸς
1128 304 1201 337 Θεός,
1215 314 1290 333 verus
1304 306 1392 338 Deus;
1406 308 1511 336 scilicet
1519 315 1674 344 comparate
1686 312 1719 340 ad
1730 312 1778 339 ho-

993 349 1091 380 mines,
1106 350 1153 384 qni
1165 350 1312 386 aliquando
1328 352 1365 380 dii
1381 352 1570 387 appellantur:
1588 362 1651 383 nam
1664 363 1778 392 compa-

993 397 1051 422 rate
1068 395 1100 421 ad
1115 395 1234 429 Patrem,
1251 397 1309 425 sive
1324 397 1408 425 Deum
1425 393 1626 434 universorum,
1644 410 1698 430 non
1713 411 1776 431 vere

991 443 1016 466 et
1031 441 1140 476 proprie
1154 441 1227 471 Deus
1239 442 1350 476 dicitur,
1370 445 1520 473 secundum
1539 446 1648 475 Eusebii
1664 453 1776 478 senten-

992 486 1066 513 liam.

990 543 1019 568 Χ.
1031 543 1107 573 Quam
1119 544 1221 570 adversa
1232 547 1322 572 rationi
1337 550 1364 603 tet
1375 549 1510 604 priscorum
1529 550 1629 577 Patrum
1641 553 1774 579 sementis:

1348 586 1373 603 ra
1392 587 1404 603 a
1420 598 1426 604 .

1348 586 1426 604 radat.

1025 615 1071 644 Sic
1086 617 1131 646 ille
1144 625 1178 646 ne
1188 618 1257 647 duos
1272 620 1338 649 deos
1353 622 1444 650 dicere
1456 628 1580 659 cogatur,
1594 624 1691 653 Filium
1709 635 1773 656 vere

989 661 1073 689 Deum
1088 671 1150 691 esse
1162 669 1251 700 negat,
1270 665 1476 702 Evangeliorum
1492 669 1565 697 dicta
1582 671 1744 708 distorquet,
1757 681 1773 700 a

988 708 1139 742 priscorum
1147 709 1257 738 Patrum
1267 711 1391 740 doctrina
1399 713 1523 748 discedit,
1533 719 1559 744 et
1566 716 1599 743 ad
1608 717 1772 746 Arianorum

987 756 1078 786 partes
1085 753 1200 782 accedit.
1207 754 1274 783 Nam
1285 761 1313 783 ut
1323 757 1468 793 Evangelia
1478 763 1533 788 tres
1543 768 1605 789 esse
1614 762 1642 789 in
1653 771 1708 790 uno
1716 764 1771 792 Dco

986 805 1119 832 personas
1130 799 1202 828 clare
1218 800 1354 835 indicant;
1372 803 1409 830 ita
1427 805 1559 833 rationem
1575 806 1621 836 Dei
1638 807 1666 836 in
1682 809 1769 837 tribus

987 851 1067 871 unam
1078 848 1105 872 et
1115 846 1237 874 eamdem
1249 855 1312 876 esse
1326 848 1425 877 docent
1435 860 1441 878 :
1451 851 1563 879 stultum
1574 854 1673 888 quippe
1685 859 1727 882 est
1741 856 1769 883 in

986 887 1036 914 hoc
1050 887 1254 923 Joannisdicto,
1269 900 1288 924 ι,
1303 892 1314 919 1
1330 902 1336 919 :
1350 892 1381 920 In
1392 895 1519 930 principio
1532 887 1589 924 erat
1611 887 1732 932 verbum,
1744 906 1770 928 ct

148 937 254 967 Corona
266 945 354 968 autem
367 942 394 969 in
407 943 494 977 fronte
508 931 605 978 posita,
617 945 699 973 divini
713 951 736 975 et
748 931 932 981 omnipotentis
949 938 969 965 Β
989 931 1099 981 lla-bum
1110 939 1168 981 emi
1177 935 1246 969 apud
1254 935 1521 970 Deum’ubwsem‘
1534 941 1653 976 verbum'
1663 944 1731 972 duas
1741 949 1768 973 et

148 986 220 1020 regni
237 994 270 1014 ac
287 986 399 1016 dominii
418 990 618 1024 appellationem
634 992 772 1021 declarat:
784 1003 862 1029 quam
882 997 933 1024 soli

148 1029 288 1067 Unigenito
297 1041 434 1068 supremas
442 1039 466 1062 et
477 1036 548 1064 solus
557 1037 614 1071 ejus
625 1037 704 1066 Pater
712 1040 829 1072 donavit,
837 1041 930 1075 Deum,

146 1076 289 1105 Dominum
303 1082 329 1105 et
340 1077 433 1114 Regem
447 1081 629 1109 uniuersorum
640 1085 725 1111 solum
737 1086 823 1120 ipsum
833 1093 891 1121 post
904 1098 931 1116 se

144 1120 296 1151 declarans.
315 1122 364 1151 Ubi
379 1124 455 1153 vides
468 1133 500 1153 ex
511 1126 639 1160 Eusebio,
653 1128 762 1162 Filium,
777 1131 823 1160 Dei
833 1120 863 1161 et
876 1134 930 1162 Do-

144 1167 210 1195 mini
219 1169 425 1204 appellationem
435 1179 467 1199 ex
477 1173 534 1200 sola
543 1174 698 1209 dignatione
704 1176 790 1207 Patris
796 1179 929 1215 obtinere,

144 1219 176 1239 ac
190 1213 339 1241 secundum
351 1222 366 1242 a
381 1215 459 1244 Patre
475 1216 557 1245 Deum
569 1227 639 1252 esse,
656 1228 710 1255 quo
727 1224 837 1258 respicit
847 1226 929 1253 etiam

144 1256 459 1289 illeCommentariorum
469 1262 585 1296 locus,in
594 1272 699 1301 argum.
708 1269 775 1302 psal.
785 1277 857 1296 Lxxu
866 1270 930 1298 Asa-

143 1302 201 1338 pbi,
210 1308 238 1331 et
245 1304 278 1331 ad
290 1305 358 1340 psal.
370 1313 386 1333 ι
397 1307 446 1334 :Ac
455 1316 486 1335 ne
500 1309 556 1343 quis
573 1310 604 1337 ob
614 1313 781 1346 manare/tite,
789 1316 842 1342 sive
851 1317 927 1344 unius

142 1348 276 1384 principii,
284 1351 412 1379 rationem
421 1354 580 1387 turbaretur,
591 1356 696 1385 C/tristu
701 1367 725 1385 m
731 1359 778 1386 Dei
787 1361 867 1388 Deum
873 1371 928 1390 esse

140 1394 271 1427 audiens;
283 1403 456 1432 congruenter
462 1400 503 1427 llic
513 1402 609 1429 mullos
617 1403 678 1430 deos
688 1406 803 1432 nominat
812 1415 866 1439 eos,
882 1409 928 1443 qui

139 1440 189 1467 sub
198 1440 254 1469 lucc
264 1442 420 1471 incusantur
429 1453 438 1472 :
447 1450 549 1473 tantum
565 1456 615 1475 non
623 1450 776 1484 pracipiens
788 1457 855 1480 utne
862 1462 926 1480 cun-

137 1491 241 1514 ctemur
248 1487 350 1515 Filium
359 1498 458 1526 quoque
469 1491 516 1519 Dei
526 1492 607 1520 Deum
620 1503 720 1522 vocare.
730 1495 759 1524 Si
769 1498 837 1524 enim
843 1500 926 1533 gentis

138 1533 278 1568 principes,
284 1536 329 1570 qui
335 1536 403 1563 male
410 1537 561 1569 audiebant.
577 1539 623 1567 Dei
633 1542 734 1569 nomine
741 1543 843 1578 dignati
853 1550 924 1578 sunt,

137 1578 219 1614 quod.
233 1588 332 1614 quaso,
347 1582 491 1616 periculum
505 1585 595 1618 fuerit,
607 1587 631 1613 si
645 1588 728 1614 cirum
740 1588 854 1617 dextera:
865 1590 922 1624 Dei,

137 1628 162 1650 et
179 1624 266 1658 ﬁlium
281 1625 394 1655 hominis
415 1630 613 1664 conﬁrmatum,
630 1632 714 1660 Deum
735 1635 880 1669 fateamur,
896 1637 922 1664 id

138 1672 191 1701 est,
208 1676 270 1697 cum
288 1670 411 1701 homines
425 1675 507 1701 etiam
524 1676 561 1703 dii
577 1682 717 1709 vocentur.
735 1681 819 1708 multo
836 1683 923 1718 magis

139 1721 288 1749 possumus
304 1717 439 1747 Christum
453 1722 588 1756 appellare
605 1723 699 1756 Deum.
714 1727 778 1762 quin
794 1727 858 1756 hinc
870 1717 924 1757 rne-

139 1763 185 1787 tus
202 1760 238 1788 sit
250 1768 286 1790 ne
298 1762 482 1797 pluralitatem
499 1767 611 1796 deorum
626 1775 652 1797 et
665 1760 861 1808 princiﬁornm
879 1775 921 1803 in-

136 1805 281 1841 ducamus,
296 1809 361 1844 quia
376 1811 483 1839 scilicet
505 1812 590 1842 Filius
614 1805 673 1844 non,
684 1805 791 1854 proprie
815 1825 841 1848 et
859 1830 921 1850 vere

138 1851 208 1881 Deus
222 1860 274 1887 est,
289 1855 362 1890 quod
374 1856 418 1884 hic
428 1858 474 1886 ille
485 1859 616 1893 insinuat,
628 1867 654 1890 et
666 1851 813 1894 alibi-clare
824 1871 850 1894 et
861 1868 920 1896 sine

137 1899 248 1935 ambage
261 1899 339 1930 dixit.
355 1902 418 1931 Ideo
427 1908 527 1939 autem,
538 1911 566 1933 ut
576 1907 666 1942 ipsein
676 1911 758 1938 allato
769 1912 838 1945 loco,
852 1914 879 1940 in
889 1915 920 1941 li-

137 1944 192 1973 bris
199 1945 299 1974 Contra
306 1947 503 1979 Ilarcellumet
511 1952 537 1978 in
546 1952 696 1982 Comment.
704 1956 730 1983 in
743 1958 809 1991 psal.
820 1966 916 1993 Lxxxv,

137 1988 308 2026 10,explicat,
318 1991 390 2022 Deus
398 1995 442 2022 ille
453 2003 507 2030 pra:
513 1998 638 2026 omnibus
647 1999 691 2033 iis,
698 1988 798 2035 qni-Dei
809 1988 918 2032 nomine

135 2034 237 2071 dignati
255 2042 329 2071 sunt,
351 2040 511 2074 appellatur,
536 2044 599 2078 quia
616 2045 644 2072 in
667 2034 725 2081 ipso
748 2048 806 2075 solo
827 2048 916 2076 Patris

135 2080 284 2111 similitudo
306 2089 449 2120 servatur;
466 2091 491 2114 et
507 2087 535 2115 in
556 2094 616 2117 ortu
638 2080 687 2118 suo
709 2100 723 2119 a
743 2092 823 2121 Patre
845 2094 916 2123 Deus

134 2126 220 2156 factus
235 2133 262 2157 et
275 2130 421 2165 deputatus
433 2137 486 2167 est,
505 2133 672 2171 θεοποιηοείς
686 2143 715 2165 ut
731 2146 825 2174 supra,
844 2141 916 2169 unde

132 2174 210 2201 etiam
221 2180 264 2203 est
277 2176 350 2211 quod
361 2177 488 2211 αὐτόοεος
499 2186 611 2209 vocetur
627 2183 654 2210 in
675 2183 746 2211 Hist.
774 2185 836 2213 εει-ι.
852 2186 869 2213 l.
885 2194 913 2217 x,

134 2226 159 2253 p.
176 2220 228 2249 575
245 2221 297 2257 (a),
312 2226 518 2260 comparatione
531 2227 635 2256 scilicet
646 2229 796 2264 hominum,
813 2231 860 2266 qui
875 2231 912 2259 dii

984 977 1137 1012 disparatas
1154 979 1199 1008 Dei
1217 981 1335 1009 rationes
1355 985 1501 1017 somniare,
1519 990 1546 1013 et
1568 987 1766 1022 ineptissimam

983 1023 1209 1060 amphibologiam
1221 1027 1347 1062 scriptori
1360 1036 1438 1057 sacro
1452 1030 1587 1067 aliingere,
1600 1034 1672 1062 unde
1681 1036 1765 1070 prisci

982 1067 1218 1105 EcclesizePatres,
1225 1076 1278 1100 tam
1288 1073 1306 1100 ii
1314 1075 1359 1109 qui
1369 1075 1402 1102 ad
1409 1083 1494 1111 uSque
1501 1083 1627 1112 quartum
1634 1067 1764 1109 stoc-ulum

981 1114 1107 1148 ﬂoruere,
1125 1124 1205 1152 quam
1221 1119 1239 1146 ii
1253 1119 1299 1154 qui
1314 1128 1346 1148 cx
1363 1124 1420 1149 toto
1434 1123 1501 1151 orbe
1519 1126 1606 1153 coacti
1625 1125 1762 1157 Nicaenam

981 1162 1114 1196 synodum
1125 1163 1307 1199 celebrarunt,
1317 1167 1368 1194 etsi
1394 1167 1579 1203 hypostasium
1592 1175 1620 1198 et
1633 1179 1764 1206 persona-

980 1213 1040 1233 rum
1057 1207 1170 1236 vocibus
1189 1217 1243 1236 non
1260 1214 1411 1246 uterentur,
1433 1213 1527 1242 eadem
1551 1217 1685 1244 sententia
1705 1222 1762 1247 tres

981 1259 1064 1279 unum
1079 1254 1246 1283 constituere
1264 1255 1360 1290 Deum,
1376 1262 1535 1287 constanter
1550 1260 1693 1290 docebant.
1710 1263 1761 1293 Hic

979 1300 1102 1333 apposite
1120 1307 1202 1328 aurea
1220 1301 1265 1329 illa
1278 1301 1401 1339 Dionysii
1416 1304 1606 1340 Alexandrini,
1617 1316 1696 1343 quem
1713 1318 1761 1346 pa-

978 1345 1108 1372 trocinari
1135 1347 1187 1374 sibi
1212 1347 1281 1376 falso
1302 1349 1463 1384 iactitabant
1489 1351 1594 1386 Ariani,
1623 1345 1760 1384 sententia

978 1389 1066 1418 locum
1089 1391 1187 1420 habeat
1203 1402 1209 1420 :
1228 1393 1308 1421 Οὕτω
1330 1395 1379 1430 μὲν
1395 1397 1475 1432 ἡμεῖς
1492 1399 1532 1431 εἷς
1549 1408 1578 1426 τε
1592 1400 1642 1436 τὴν
1657 1401 1760 1437 Τριάδα

977 1435 1026 1471 τὴν
1041 1437 1141 1471 μονάδα
1162 1438 1330 1475 πλατύνομεν
1351 1441 1513 1478 ἀδιαίρετον,
1529 1444 1576 1471 καὶ
1594 1435 1642 1481 τήν
1659 1435 1759 1482 mea:

977 1481 1057 1508 πάλιν
1078 1483 1212 1518 ἀμειωτον
1234 1486 1273 1517 εἰς
1293 1486 1342 1521 τὴν
1360 1488 1460 1522 μονάδα
1474 1481 1756 1527 συγκεφαλαιούμεθα,

977 1527 1028 1554 hoc
1041 1531 1103 1555 est:
1121 1528 1165 1556 Sic
1181 1530 1283 1565 quidem
1300 1539 1347 1558 nos
1373 1532 1558 1561 indivisibilem
1581 1536 1708 1564 unitatem
1728 1539 1757 1565 in

978 1573 1136 1602 Trinitatem
1156 1576 1314 1610 dilatantus,
1336 1581 1362 1604 et
1388 1578 1544 1607 Trinitatem
1568 1582 1673 1614 iterum,
1697 1592 1757 1619 qua:

974 1620 1095 1648 imminui
1113 1623 1210 1657 nequit,
1230 1623 1257 1649 in
1271 1623 1398 1651 unitatem
1413 1626 1600 1654 contrahimus.
1613 1627 1664 1656 Ubi
1678 1630 1756 1658 vides

974 1668 1104 1695 unitatem
1123 1667 1181 1700 Dei,
1198 1673 1292 1696 contra
1305 1677 1384 1705 quam
1402 1671 1535 1701 Eusebius
1553 1676 1645 1707 sentit,
1661 1675 1688 1703 in
1704 1677 1756 1705 tri-

973 1713 1024 1742 bus
1039 1714 1164 1749 personis
1179 1716 1319 1744 constitui.
1336 1716 1476 1752 Siquidem
1490 1718 1612 1750 Trinitas
1628 1722 1673 1749 illa
1686 1724 1755 1752 nihil

972 1759 1068 1786 unitati
1081 1760 1172 1792 oilicit,
1187 1762 1251 1796 quia
1266 1762 1293 1789 in
1309 1763 1397 1791 tribus
1409 1772 1462 1791 una
1475 1771 1582 1796 natura.
1600 1769 1753 1799 substantia

971 1808 997 1831 et
1014 1804 1102 1833 deitas
1124 1807 1243 1834 exsistit.
1267 1806 1303 1834 De
1319 1809 1454 1836 sententia
1474 1818 1538 1838 vero
1552 1811 1662 1841 Eusebii
1678 1815 1753 1843 circa

971 1849 1101 1885 Spiritum
1116 1858 1250 1884 sanctum,
1264 1861 1318 1881 non
1332 1858 1373 1882 est
1383 1855 1455 1889 quod
1469 1855 1620 1886 disseratur
1633 1869 1640 1886 :
1651 1861 1753 1890 etenim

969 1897 1010 1924 vel
1026 1897 1043 1924 ii
1059 1898 1104 1932 qui
1126 1898 1185 1932 ejus
1208 1898 1241 1925 de
1264 1898 1332 1927 Filio
1352 1900 1504 1929 doctrinam
1521 1905 1589 1931 tueri
1605 1911 1750 1940 conantur,

970 1950 1023 1969 non
1037 1943 1143 1971 inﬁcias
1154 1948 1219 1971 eunt
1234 1945 1322 1979 ipsum
1338 1945 1372 1973 de
1383 1946 1485 1981 Spiritu
1502 1953 1596 1976 sancto
1609 1958 1662 1978 non
1678 1957 1752 1980 recte

969 1989 1100 2017 locutum.
1115 1989 1182 2016 Nam
1198 1990 1268 2018 libro
1285 1997 1376 2019 contra
1397 1992 1600 2030 Marcellumﬂc)
1622 1997 1668 2028 ait,
1688 1997 1750 2033 Spi-

968 2036 1049 2062 ritum
1065 2040 1188 2064 sanctum
1205 2045 1292 2072 neque
1304 2038 1386 2066 Deum
1402 2047 1490 2074 neque
1507 2040 1605 2069 Filium
1619 2051 1695 2077 esse;
1712 2045 1749 2072 ita

968 2086 996 2107 ut
1012 2081 1086 2107 illum
1100 2081 1229 2109 decernat
1241 2082 1310 2110 Filio
1326 2083 1492 2117 inferiorem,
1504 2086 1603 2121 quippe
1617 2096 1697 2123 quem
1714 2097 1750 2117 ne

967 2135 998 2154 cx
1016 2127 1172 2162 dignatione
1194 2129 1303 2163 quidem
1324 2129 1408 2158 Deum
1429 2133 1580 2167 nuncupari
1601 2134 1685 2162 velit:
1699 2136 1748 2163 sed

966 2178 1027 2208 post
1044 2172 1140 2200 Filium
1164 2182 1218 2201 non
1235 2183 1350 2202 numero
1368 2179 1484 2210 tantum,
1501 2178 1549 2205 sed
1565 2179 1645 2206 etiam
1661 2181 1748 2215 gradu

966 2223 992 2246 et
1009 2218 1139 2253 dignitate
1158 2220 1318 2248 constituat.
1340 2221 1369 2248 In
1391 2221 1433 2249 his
1456 2230 1520 2250 vero
1542 2227 1747 2259 commentariis

133 2270 278 2301 vocantur;
303 2276 354 2297 nec
373 2274 465 2299 tamen
489 2272 526 2300 dii
538 2273 590 2301 dici
604 2281 728 2310 possunt,
742 2277 765 2304 si
780 2263 841 2304 cum
862 2279 909 2306 illo
928 2282 950 2310 Ι)
966 2271 1078 2298 perraro
1093 2263 1126 2291 de
1143 2264 1244 2310 Spiritu
1257 2270 1351 2292 sane“)
1364 2266 1446 2294 verba
1458 2266 1532 2301 mei"
1549 2269 1613 2304 quia
1624 2271 1759 2303 nondum

133 2311 318 2347 conferantur,
329 2319 360 2342 ut
373 2316 454 2345 habet
468 2318 496 2345 in
510 2318 552 2346 his
570 2323 782 2351 commentariis.
798 2325 874 2357 Quod
887 2326 910 2352 si

133 2355 196 2384 illud
208 2358 353 2394 adjiciatur
367 2362 418 2397 (sic
438 2363 504 2398 ille),
523 2373 532 2390 α
552 2365 590 2392 Tu
603 2375 631 2393 es
648 2367 716 2395 Deus
728 2355 908 2405 totus'tpsat.

132 2406 279 2442 ιιιινήο)
287 2416 312 2440 ς»
320 2407 347 2434 id
354 2409 469 2444 applices
481 2411 626 2445 Saluatori,
638 2413 686 2441 hac
695 2415 756 2441 item
767 2424 908 2451 apponens,

134 2457 144 2473 ε
156 2448 215 2478 Non
229 2457 267 2479 est
279 2452 376 2481 similis
387 2455 426 2482 tui
438 2456 465 2482 in
476 2455 540 2488 diis,
555 2457 664 2485 Domine
674 2459 756 2493 (Ibid.
819 2470 827 2486 ι
841 2448 910 2488 sicut

130 2495 196 2523 enim
207 2497 231 2524 si
243 2505 267 2525 te
276 2507 336 2526 cum
350 2502 500 2529 memoratis
511 2503 562 2530 aliis
575 2512 763 2538 comparemus,
782 2514 791 2531 I
810 2515 860 2534 non
871 2513 909 2534 est

131 2540 220 2570 Similis
235 2544 285 2576 lli,
299 2554 309 2571 ι
327 2546 366 2573 sic
380 2546 404 2573 si
414 2551 439 2574 te
452 2549 617 2583 conferamus
629 2559 687 2577 cum
702 2551 805 2585 iisdem,
823 2558 866 2580 «tu
881 2563 908 2581 es

130 2585 199 2614 Deu
215 2590 297 2618 solus.
314 2601 324 2618 ι
339 2592 484 2628 Siquidem
504 2595 576 2623 salus
594 2596 717 2624 Saluator
733 2603 758 2625 et
779 2598 907 2627 Dominus

130 2636 214 2660 noster
231 2643 241 2660 ι
258 2635 285 2662 in
303 2637 432 2672 principio
453 2644 525 2672 erat,
546 2641 595 2668 Dei
622 2641 731 2670 Verbum
746 2649 814 2676 erat,
837 2646 907 2679 apud

129 2677 210 2706 Deum
218 2687 316 2714 erat,et
327 2683 398 2712 Deus
406 2690 463 2712 erat
474 2684 565 2721 (Joan.
574 2695 593 2715 ι.
605 2687 629 2722 Ι)
640 2696 647 2712 :
657 2697 666 2714 ν
676 2689 843 2722 quamobrem
854 2677 906 2717 non

127 2727 164 2749 est
173 2724 268 2752 similis
278 2727 328 2760 ipsi
338 2728 366 2755 in
379 2728 442 2761 diis,
454 2738 485 2756 ac
500 2730 573 2758 solus
583 2731 636 2765 ipse
650 2734 726 2767 quasi
737 2734 764 2761 in
772 2734 823 2761 diis
834 2734 904 2762 Deus

128 2767 220 2802 fuerit;
239 2779 298 2799 cum
312 2773 400 2802 nullus
413 2783 446 2802 ex
457 2776 548 2803 multis
571 2777 637 2808 illis,
654 2779 697 2812 qui
713 2778 751 2805 dii
769 2785 903 2814 vocantur,

127 2817 318 2850 comparatione
330 2819 402 2848 illius
420 2821 487 2849 Deus
500 2822 553 2849 dici
567 2824 660 2854 possit.
682 2823 750 2852 [linc
770 2825 903 2862 intelligas

161 2871 198 2914 (tt)
208 2871 325 2914 Huiusce
338 2876 497 2914 Patrologiaz
507 2883 609 2907 nostra:
625 2884 691 2908 tom.
717 2880 776 2909 XX.

158 2905 195 2943 (ι)
214 2905 290 2936 Πὲιη.
306 2919 342 2939 ευ.
359 2921 385 2948 p.
403 2905 463 2941 156'.

265 2957 395 2992 PATROL.
413 2963 472 2994 Gn.
487 2963 606 2994 XXIII.

963 2315 1036 2337 mota
1051 2310 1139 2338 fuerat
1150 2310 1183 2337 de
1198 2309 1298 2345 Spiritu
1315 2315 1410 2339 sancto
1422 2314 1547 2347 quaestio.
1560 2315 1628 2343 Nam
1642 2317 1693 2345 etsi
1709 2318 1744 2346 ab

961 2360 1055 2383 exortu
1075 2356 1232 2390 Arianismi,
1249 2364 1379 2392 sequaces
1399 2358 1455 2386 Arii
1471 2359 1505 2387 de
1522 2359 1625 2394 Spiritu
1646 2367 1742 2390 sancto

961 2402 1043 2436 impie
1058 2403 1202 2434 sentirent,
1226 2403 1345 2430 nondum
1366 2404 1507 2440 quidpiam
1520 2405 1663 2434 adversum
1679 2415 1743 2443 pro-

960 2449 1088 2477 tulerant.
1104 2449 1156 2476 Sed
1170 2453 1230 2483 post
1240 2453 1355 2476 mortem
1367 2450 1423 2477 Arii
1433 2455 1461 2478 et
1472 2450 1592 2486 Eusebii,
1605 2453 1650 2480 ubi
1661 2453 1742 2482 Aria-

960 2503 1057 2522 norum
1074 2499 1138 2522 sunt
1151 2495 1222 2522 facta
1235 2496 1360 2529 divortia,
1374 2495 1558 2524 Macedoniam
1570 2501 1597 2525 et
1606 2499 1738 2527 Pneuma-

960 2541 1077 2568 tomachi
1094 2541 1226 2576 Spiritum
1250 2547 1386 2577 sanctum,
1405 2544 1518 2578 perinde
1534 2549 1616 2580 atque
1629 2545 1738 2579 Filium,

959 2587 1030 2615 inter
1045 2588 1153 2623 opilicia
1168 2593 1195 2616 et
1214 2597 1258 2617 res
1276 2594 1381 2618 creatas
1403 2591 1492 2625 palam
1513 2597 1671 2626 computare
1684 2600 1741 2620 cm-

959 2639 1066 2668 perunt.

1126 2691 1166 2716 XI.
1180 2692 1239 2717 Cum
1248 2692 1344 2717 Arianis
1355 2692 1428 2723 plane
1438 2695 1570 2719 consentit.

994 2732 1023 2759 ln
1041 2733 1073 2760 iis
1087 2740 1168 2768 porro
1191 2741 1250 2768 quae
1267 2742 1349 2769 supra
1371 2735 1521 2768 attulimus,
1545 2744 1606 2763 cum
1628 2736 1693 2763 Ario
1711 2741 1738 2764 ct

956 2778 1063 2805 Arianis
1080 2779 1158 2813 plane
1171 2780 1318 2806 consentit.
1331 2779 1462 2808 Eusebius
1487 2781 1526 2817 (ὀ)
1543 2791 1550 2809 :
1564 2789 1625 2809 nam
1641 2787 1668 2810 ct
1686 2783 1737 2816 ipsi

955 2825 1068 2859 perinde
1079 2828 1159 2860 atque
1172 2825 1349 2853 Caesariensis
1361 2827 1406 2854 ille
1419 2828 1528 2862 praesul,
1543 2836 1627 2855 unum
1647 2833 1674 2856 et
1690 2837 1736 2855 so-

991 2882 1024 2916 (:)
1046 2881 1075 2908 P.
1093 2882 1144 2909 m
1158 2884 1184 2909 et
1198 2882 1258 2909 17-5.

989 2917 1027 2952 (d)
1043 2917 1143 2944 Athan.
1161 2925 1186 2952 ι).
1202 2918 1262 2950 728,
1278 2918 1339 2946 T25).
