2055 3214
264 215 299 242 ιδ
601 210 733 238 EUSEBII
750 208 991 237 CxESARiENSIS
1010 208 1052 236 0P

1107 208 1195 236 PARS
1215 207 1258 236 lil.
1279 223 1313 228 —
1333 207 1536 236 EXEGETICA.
1844 206 1877 233 At

264 273 319 300 lum
338 271 512 303 reeDeum,
529 270 634 297 Patrem
653 269 777 301 scilicet,.
786 269 981 302 admittebant;
997 268 1044 295 Fi—
1059 268 1159 305 A’Xll‘t.
1184 268 1237 297 Quo
1258 274 1332 292 sensu
1355 274 1415 296 uasa
1425 274 1481 305 επεν
1493 269 1579 305 neget,
1599 269 1625 291 et
1652 268 1762 298 genitum
1786 263 1877 290 Filium

264 319 330 346 lium
341 326 405 346 vero
422 318 491 344 alius
508 325 521 343 a
539 321 650 352 paterna
665 315 815 343 substantia
826 335 833 346 ,
851 322 938 349 neque
953 322 1045 341 verum

264 372 324 392 esse
339 363 423 390 Deum
443 362 624 397 praedicabant
638 370 643 387 :
660 361 722 393 etsi,
741 360 853 395 perinde
870 364 951 395 atque
963 359 1047 387 Euse-

267 410 338 441 bius,
364 409 397 436 de
420 407 488 434 Filio
512 408 652 442 loquentes
677 414 691 433 a
715 405 761 432 Dci
790 405 968 440 appellatione
992 413 1047 432 non

267 455 460 485 abhorrerent;
478 452 574 479 Filium
593 453 671 487 longe
687 452 817 486 imparem
833 454 860 478 et
887 451 1047 485 inaequalem

265 500 349 531 Patri,
361 499 473 534 ipsaque
487 499 619 525 minorem
630 497 798 524 alﬁrmabanl
810 507 815 523 :
830 497 902 532 quod
915 496 1048 523 Eusebius

267 547 294 573 in
311 546 385 573 hisce
410 543 624 575 commentariis,
653 543 679 569 in
701 542 859 578 Evangelia:
878 541 1049 568 Demonstra~

268 594 335 620 tione
350 595 378 620 et
400 591 427 618 in
444 591 522 618 libris
545 590 643 617 Contra
661 589 816 616 Marcellum
832 588 1049 623 frequentissime

267 639 334 666 dicit
358 646 389 665 ac
418 638 527 672 repetit,
547 645 596 664 nec
615 644 645 664 ea
662 637 689 663 in
707 644 735 662 re
751 643 870 670 unquam
886 634 1049 662 circuitione

266 686 308 711 vel
325 684 438 719 ambage
452 684 545 710 utitur.

269 751 319 777 ΣΗ.
344 752 395 781 Qua
416 751 539 775 sententia
559 759 583 781 τῷ
594 755 683 785 amauit,
699 750 760 785 sive
781 747 1050 773 consubstantialisub-

591 783 726 810 scripserit.

296 846 428 881 \Objicere
440 846 526 873 solent
544 845 590 880 qui
608 844 715 872 Eusebii
743 848 835 879 partes
861 843 1050 877 tutantur,ip-

271 901 329 920 sum
349 892 492 927 in‘synodo
509 891 628 922 Nicaena,
644 890 682 926 τῷ
696 890 841 926 ὁμοουσίῳ,
865 889 921 916 sive
933 889 1052 916 consub-

271 936 660 972 stantialisubscripsisse.~Et
672 936 698 963 id
710 943 775 963 sane
791 935 954 963 testificatur
969 934 1052 961 Euse-

271 985 333 1012 bius
353 985 379 1012 in
397 984 511 1019 epistola
536 991 584 1010 sua
613 982 647 1009 ad
674 982 873 1014 Caesarienses;
899 988 961 1008 nam
977 987 1050 1011 cuni,

271 1031 599 1066 imperatore'praesentc,
615 1029 729 1056 instaret
748 1027 836 1055 exsilii
852 1031 952 1058 metus,
969 1026 1053 1053 Euse-

272 1077 345 1109 bius,
357 1076 403 1111 qui
417 1082 471 1102 n0n
483 1083 515 1103 ex
525 1082 619 1102 eorum
632 1081 746 1101 numero
762 1073 822 1105 fuit,
837 1073 884 1107 qui
896 1072 930 1100 de
945 1071 1053 1099 civitate

273 1122 427 1149 maluerunt
447 1128 528 1155 quam
544 1120 581 1147 de
593 1118 728 1147 sententia
744 1118 887 1150 dimoveri,
905 1124 976 1152 aegre
990 1120 1053 1143 tan-

273 1168 334 1195 dem
354 1167 449 1203 synodi
471 1165 579 1202 placitis
594 1172 724 1193 assensus
745 1167 801 1196 est;
819 1166 848 1190 ut
867 1163 925 1198 ipse
941 1169 992 1190 nec
1006 1162 1054 1189 ob-

271 1221 354 1241 scure
369 1213 457 1240 innuit
472 1212 499 1239 in
513 1211 606 1239 eadem
624 1210 747 1245 epistola,
764 1210 809 1236 καὶ
829 1209 923 1245 μέχρις
937 1209 1055 1244 ἐσχάτης

274 1259 349 1295 ὥρας
365 1257 537 1294 ὲνιστάμεθα,
555 1264 637 1292 usque
652 1255 685 1283 ad
704 1261 847 1282 extremam
866 1255 958 1282 horam
972 1255 1053 1282 obsti-

276 1306 364 1332 timus.
380 1304 470 1337 Quare
487 1304 513 1331 id
529 1310 584 1330 non
602 1307 667 1337 puto
680 1310 741 1329 esse
756 1303 829 1328 tanti
841 1302 874 1328 ad
889 1302 948 1336 ejus
962 1301 1055 1329 defen-

275 1351 402 1379 sionem:
417 1350 482 1385 quid
492 1350 564 1377 enim
576 1351 740 1376 exoneratus
754 1352 825 1375 metu
841 1346 961 1378 fecisset,
977 1355 1056 1382 expe-

275 1397 366 1424 riundi
380 1400 501 1431 potestas
516 1403 570 1422 non
585 1393 648 1422 fuit.
665 1393 717 1421 Sed
732 1398 822 1421 tamen
842 1393 879 1420 ita
897 1393 996 1420 ibidem
1008 1392 1055 1419 τοῦ

274 1443 416 1478 damnatos
426 1441 610 1477 signiﬁcatum
625 1440 732 1473 extulit,
745 1444 774 1467 ut
785 1440 836 1467 sibi
851 1438 966 1475 pristina
977 1446 1056 1474 repe-

276 1488 449 1518 terevlicerct,
461 1486 548 1514 sicubi
572 1485 687 1513 facultas
708 1485 826 1513 adesset.
849 1484 916 1511 Nam
937 1484 993 1511 haec
1009 1491 1056 1511 ea-

276 1534 336 1562 dem
351 1534 378 1561 in
392 1533 506 1568 epistola
521 1532 625 1568 profert
642 1543 648 1560 ε
666 1531 873 1568 Παραστατικὺν
889 1531 917 1558 δὲ
938 1529 1007 1558 εἶναι
1028 1529 1058 1557 τὸ

277 1581 436 1615 ὀμοούσιον
446 1579 485 1612 τῷ
493 1579 622 1614 Πατρζτὺ
638 1578 770 1614 μηδεμίαν
786 1578 932 1613 ἐμφέρειαν
946 1577 1013 1613 πρὸς
1024 1577 1058 1603 τὰ

1448 300 1521 323 dicat.

1130 349 1200 382 Quia
1216 357 1279 377 vero
1300 350 1326 376 in
1349 348 1457 376 Nicaena
1476 348 1538 380 fide,
1555 348 1599 376 cui
1619 347 1780 382 subscripsit
1795 345 1878 374 Euse-

1096 397 1169 428 bius.
1186 397 1330 424 damnatur
1345 396 1408 424 item
1423 396 1581 423 Arianicum
1593 395 1669 427 illud,
1681 395 1709 428 ea
1721 395 1770 420 οὐκ
1784 394 1877 425 ὄντων,

1097 450 1130 470 ex
1143 451 1194 470 mm
1210 443 1407 473 exsistentibus,
1430 447 1456 469 et
1473 441 1570 468 Filium
1589 442 1708 476 genitum
1729 445 1755 467 et
1770 448 1823 467 non
1840 439 1879 465 fa-

1097 492 1170 515 ctum
1186 496 1246 516 esse
1260 488 1426 520 declaratur;
1454 488 1524 515 hanc
1546 486 1643 522 synodi
1664 486 1815 513 doctrinam
1832 492 1880 511 ore

1098 537 1178 560 tenus
1203 532 1324 560 defendit
1345 532 1490 564 Eusebius,
1514 539 1548 559 ne
1571 530 1744 559 Co‘nstantini
1765 529 1881 556 Nicaznte

1097 579 1227 606 doctrina:
1242 579 1409 606 tenacissimi
1423 577 1636 613 indignationem
1649 577 1818 607 incurreret;
1833 582 1882 601 ore

1098 629 1178 653 tenus
1189 625 1257 656 dixi.
1284 632 1337 652 non
1353 632 1386 652 ex
1400 624 1556 658 conjectura
1570 627 1596 650 et
1609 623 1737 658 opinione
1749 621 1880 656 quadam;

1099 671 1194 699 sedse):
1209 670 1275 704 ipsis
1293 669 1401 697 Eusebii
1425 669 1518 701 dictis,
1544 668 1590 703 qui
1607 675 1638 696 ea
1658 668 1684 694 in
1704 674 1733 694 re
1752 674 1824 693 unus
1839 665 1881 692 sui

1100 716 1186 751 ipsius
1202 716 1337 750 interpres
1352 715 1525 742 esset-valeat.
1542 713 1610 740 Nam
1630 712 1707 744 illud,
1728 711 1758 744 ἐξ
1771 712 1819 738 οὐκ
1838 711 1881 736 ὅν-

1099 771 1162 794 των,
1177 761 1284 788 duobus
1305 764 1394 796 potest
1410 759 1498 788 modis
1522 759 1655 794 intelligi;
1673 758 1770 793 primo,
1795 757 1832 783 ita
1853 760 1884 783 ut

1100 807 1146 842 qui
1160 815 1214 834 non
1225 810 1304 834 antea
1315 805 1461 837 exstiterit,
1474 805 1581 832 initium
1594 802 1743 832 exsistendi
1756 802 1881 837 accipiat,

1100 856 1127 880 et
1145 859 1206 879 eum
1224 852 1293 879 nihil
1314 855 1393 879 antea
1417 851 1524 882 fuisset,
1547 850 1575 877 in
1598 857 1689 877 rerum
1707 853 1804 876 natura
1821 855 1884 883 pro-

1101 899 1163 926 deat
1178 908 1185 926 :
1197 905 1278 933 quam
1292 905 1382 925 veram
1396 896 1481 924 fuisse
1496 900 1562 931 puto
1572 896 1733 923 Arianorum
1747 900 1864 922 mentem
1876 903 1882 921 :

1102 949 1129 971 et
1144 944 1207 971 huic
1225 943 1367 971 sententia
1382 942 1514 970 Eusebius
1530 949 1638 977 semper
1652 941 1761 973 institit,
1776 941 1821 975 qui
1840 940 1884 966 Fi<

1104 990 1170 1017 lium
1182 994 1244 1017 ante
1259 990 1425 1017 creationem
1439 996 1493 1016 non
1507 988 1702 1023 sempiternum
1718 994 1778 1014 esse
1792 985 1885 1014 defen-

1106 1034 1146 1061 dit
1159 1035 1213 1070 (a);
1235 1034 1367 1065 secundo,
1389 1041 1422 1061 ex
1442 1040 1496 1061 non
1513 1033 1685 1061 exstantibus
1706 1032 1808 1068 aliquid
1828 1032 1885 1059 ﬁeri

1103 1081 1221 1113 dicatur,
1231 1088 1294 1108 cum
1306 1087 1339 1107 ex
1352 1079 1427 1107 nullo
1439 1081 1643 1114 prarexsistente
1653 1079 1783 1114 originem
1792 1078 1865 1105 ducit
1877 1087 1884 1104 :

1104 1133 1159 1161 quo
1177 1133 1260 1153 sensu
1284 1125 1418 1153 Eusebius
1435 1125 1533 1153 Filium
1553 1133 1587 1153 ex
1611 1133 1666 1152 non
1691 1125 1886 1153 assistentibus

1104 1170 1240 1205 prodiisse
1255 1174 1344 1205 negat,
1359 1177 1421 1197 nam
1436 1162 1617 1205 passim‘dicit
1632 1173 1659 1197 et
1675 1174 1776 1205 pugnat
1790 1169 1886 1197 Filium

1105 1224 1138 1243 ex
1153 1215 1233 1243 Patre
1246 1216 1367 1250 genitum
1381 1223 1452 1248 esse,
1469 1217 1530 1243 licet
1543 1223 1598 1243 non
1611 1223 1661 1243 sua
1677 1216 1728 1243 sibi
1743 1216 1886 1242 ratiocinia

1104 1266 1245 1290 constent:
1258 1262 1394 1297 siquidem
1411 1262 1438 1289 in
1458 1262 1509 1289 hoc
1524 1262 1719 1289 commentario
1734 1261 1782 1293 ait,
1809 1261 1886 1288 Ρεαι.

1105 1316 1178 1341 xuv,
1194 1309 1223 1340 2,
1231 1307 1328 1334 Filium
1339 1307 1440 1334 aPatre
1450 1315 1482 1334 ex
1497 1307 1579 1334 corde
1586 1311 1612 1335 et
1620 1315 1653 1334 ex
1662 1307 1811 1334 visceribus
1823 1314 1887 1342 pro-

1106 1353 1178 1381 duci.
1195 1353 1228 1380 Et
1261 1354 1288 1380 in
1304 1352 1533 1380 Demonstratione
1552 1353 1709 1387 evangelica,
1730 1353 1749 1380 1.
1767 1359 1803 1384 Iv,
1820 1351 1887 1383 ονε,

1108 1406 1134 1433 p.
1164 1398 1232 1430 uo,
1260 1397 1359 1425 Filium
1384 1398 1505 1433 genitum
1538 1397 1676 1430 declarat,
1709 1397 1889 1432 similiterque

1108 1452 1134 1480 p.
1155 1444 1217 1476 MS,
1239 1447 1265 1471 et
1281 1445 1381 1479 passim
1403 1444 1504 1478 ubique
1522 1451 1584 1471 eum
1605 1444 1632 1470 in
1650 1444 1701 1470 hoc
1722 1444 1781 1478 ipso
1794 1451 1886 1478 opere,

1107 1495 1164 1518 tum
1186 1490 1212 1517 in
1239 1490 1317 1517 libris
1342 1489 1442 1517 Contra
1462 1489 1627 1522 Marcellum,
1649 1490 1766 1525 genitum
1791 1489 1888 1516 Filium

1108 1535 1248 1563 contendit
1261 1545 1268 1562 :
1283 1540 1308 1562 et
1323 1540 1412 1563 tamen
1425 1536 1504 1562 aliam
1517 1543 1532 1562 a
1545 1535 1624 1563 Patre
1636 1534 1812 1563 substantiam
1827 1534 1888 1562 Filii

1108 1589 1178 1614 esse,
1200 1589 1255 1609 non
1270 1589 1384 1609 numero
1415 1586 1530 1612 tantum.
1547 1582 1594 1608 sed
1609 1581 1737 1616 dignitate
1747 1584 1773 1607 et
1785 1581 1889 1615 magni-

277 1625 376 1660 γενητὰ
392 1625 526 1660 κτίσματα
539 1625 583 1650 τὸν
598 1624 659 1650 Υἱὺν
673 1622 719 1648 τοῦ
736 1622 802 1648 Θεοῦ
820 1622 922 1657 φέρειν,
945 1621 1017 1656 μόνῳ
1030 1620 1056 1647 δὲ

1110 1628 1203 1655 tudine
1221 1627 1395 1662 pronuntiat;
1408 1627 1450 1654 ita
1465 1631 1494 1653 ut
1507 1635 1559 1658 nec
1573 1635 1635 1654 vere
1650 1632 1676 1654 et
1694 1627 1800 1662 proprie
1817 1626 1888 1653 Deus

277 1670 316 1705 τῷ
327 1671 414 1705 Harp).
427 1669 464 1704 τῷ
472 1668 646 1703 γεγεννηκότι
660 1667 864 1702 ἀφωμοιῶσθαι,
879 1667 925 1693 καὶ
939 1666 975 1701 μὴ
990 1663 1059 1692 εἶναι

279 1716 308 1748 ἑξ
328 1715 422 1751 ἐτέρας
433 1714 504 1746 τινὸς
527 1713 700 1745 ὑποπάσεὼς
714 1713 806 1739 τεηκαὶ
824 1712 927 1744 οὐσίας,
949 1711 1005 1738 ἀλλ’
1028 1711 1059 1737 ὲκ

278 1759 325 1789 rei
340 1760 457 1796 -Ιιατρός,
473 1760 525 1787 hoc
541 1763 583 1787 est
600 1769 606 1786 :
624 1759 718 1785 Verum
735 1758 808 1785 hisce
832 1757 928 1790 verbis,
944 1764 1059 1784 consun-

279 1815 448 1836 snu-nauzu
468 1807 565 1839 Puni,
581 1806 695 1833 indicari
719 1806 821 1832 auitam
835 1805 907 1832 Filio
929 1803 978 1831 Dei
1001 1812 1060 1830 cum

279 1853 358 1888 factis
375 1857 399 1880 et
415 1853 510 1880 creatis
530 1852 608 1879 rebus
631 1860 687 1879 esse
711 1851 930 1882 similitudinem;
949 1849 993 1877 sed
1009 1849 1060 1876 soli

280 1900 369 1932 Patri,
384 1900 429 1935 qui
450 1900 535 1934 ipsum
559 1899 658 1934 genuit,
680 1898 751 1925 omni
768 1897 844 1924 modo
864 1897 977 1924 similent
994 1905 1059 1929 esse,

280 1954 358 1980 neque
376 1953 407 1973 ea:
429 1946 484 1972 alia
509 1953 587 1980 quant
617 1952 649 1971 ea:
670 1943 761 1971 Patris
797 1944 933 1979 hypostasi
955 1949 980 1971 et
1002 1943 1061 1973 sub-

279 1992 378 2019 stantia
404 1999 469 2019 esse.
495 1991 546 2018 tbi
573 1990 648 2018 vides
673 1990 892 2018 eatenns'Filium
903 1990 976 2017 Patri
993 1998 1060 2018 con-

280 2038 486 2065 substantialem
497 2037 563 2069 dici.
576 2041 710 2072 quatenus
723 2045 777 2063 non
795 2036 896 2064 creatis
910 2036 1001 2068 rebus,
1014 2035 1061 2063 sed

280 2083 354 2110 Patri
376 2084 450 2110 omni
475 2084 556 2110 modo
580 2083 678 2110 similis
703 2087 755 2110 est.
777 2083 932 2118 Ὀμοούσιος
948 2083 1060 2118 quippe,

280 2132 337 2156 sive
359 2129 612 2161 consubstantialis,
637 2128 710 2155 Patri
737 2128 821 2156 Filius
844 2133 886 2156 cst
912 2129 1061 2156 secundum

281 2173 437 2206 Eusebium,
453 2174 516 2208 quia
526 2173 587 2207 ejus
600 2173 763 2205 substantia,
782 2173 869 2200 Patris
881 2173 1061 2200 Substantiam

282 2220 382 2253 refert;
400 2220 436 2247 ita
452 2225 481 2247 ut
496 2221 601 2247 ratione
617 2220 804 2247 similitudinis
820 2227 873 2247 una
889 2220 925 2246 sit
942 2220 968 2246 in
987 2223 1061 2245 utra-

280 2273 334 2300 que
355 2266 507 2293 substantia
528 2266 742 2301 repraesentatio.
765 2265 843 2299 Quod
869 2266 932 2292 alibi
959 2264 1060 2300 passim

280 2313 413 2344 enuntiat,
430 2312 601 2347 maximeque
620 2313 647 2338 in
669 2313 745 2339 libris
761 2310 860 2339 Contra
876 2311 1032 2338 Marcellum
1049 2318 1058 2337 :

282 2357 310 2384 in
328 2364 384 2391 quo
401 2361 490 2384 autem
506 2365 566 2384 eam
590 2357 796 2385 similitudinem
816 2357 974 2388 constituat,
997 2363 1060 2382 mox

281 2403 404 2437 pluribus
418 2403 612 2437 expendamus.
632 2403 709 2436 Quod
722 2402 815 2437 adjicit
830 2402 875 2429 ille
889 2401 986 2429 Filium
1005 2408 1059 2428 non

282 2457 312 2476 ex
330 2449 394 2481 alia,
414 2457 495 2484 quam
520 2457 553 2476 ex
579 2448 668 2476 Patris
692 2448 831 2484 hypostasi
854 2451 881 2475 et
907 2447 1060 2476 substantia

281 2502 352 2526 esse,
369 2502 424 2521 non
438 2495 475 2521 ita
492 2494 617 2528 intelligit
631 2494 775 2526 Eusebius,
796 2493 867 2528 quod
878 2493 934 2527 jam
949 2493 1061 2527 conspi-

281 2548 332 2567 cne
348 2540 489 2575 probatum
505 2544 557 2570 est.
580 2544 610 2567 ut
630 2540 752 2567 eamdem
767 2543 844 2574 putet
856 2546 916 2567 esse
930 2537 1020 2566 Patris
1034 2542 1061 2566 et.

282 2585 342 2614 Filii
356 2585 536 2613 substantiam
555 2596 561 2613 ς
579 2586 604 2612 id
621 2587 692 2614 enim
711 2585 848 2613 sexcentis
867 2585 895 2612 in
919 2584 987 2612 locis
1012 2592 1059 2611 ex-

281 2632 366 2667 plodit
382 2632 437 2665 ille,
454 2635 481 2658 et
500 2635 531 2658 ut
552 2631 663 2659 Sabellii
681 2631 833 2668 doctrinam
855 2630 989 2662 traducit;
1012 2630 1060 2657 sed

281 2679 353 2714 quod
377 2678 558 2706 substantiam
578 2685 594 2704 a
617 2684 739 2712 paterna,
761 2676 850 2711 quoad
871 2675 1014 2710 imaginem
1034 2678 1062 2702 ct

283 2722 500 2753 similitudinem.
512 2729 670 2756 expressam
687 2721 830 2755 acceperit,
846 2720 908 2747 licet
927 2719 1061 2746 minorem

282 2773 309 2796 ct
330 2769 408 2804 longe
431 2768 561 2802 imparem
586 2776 592 2794 :
615 2767 680 2794 illud
703 2774 784 2801 porro
805 2766 917 2801 perinde
937 2769 1017 2799 atque
1032 2765 1062 2792 τὸ

282 2815 432 2849 ὸμοούσιον,
446 2814 509 2849 quia
524 2814 550 2840 in
566 2812 673 2841 Nicaana
689 2812 740 2840 lidc
755 2813 951 2844 contineretur,
965 2811 1060 2839 admit-

283 2866 339 2888 tere
355 2861 467 2888 coactus
483 2865 534 2887 est.

320 2943 357 2974 (ιι)
379 2939 470 2967 Contr.
488 2938 605 2965 Marce/1.
622 2937 668 2964 lib.
687 2945 705 2969 t,
725 2945 750 2972 p.
765 2937 809 2969 (i7,
825 2936 869 2965 69.

1110 1673 1163 1700 dici
1180 1673 1283 1708 possit;
1299 1673 1346 1701 sed
1361 1673 1399 1699 ait
1414 1673 1490 1699 illum
1506 1672 1650 1706 imaginem
1666 1679 1720 1698 non
1736 1672 1814 1698 modo
1828 1671 1889 1698 Dei-

1111 1719 1185 1751 tatis,
1212 1719 1260 1746 sed
1284 1719 1365 1746 etiam
1389 1718 1503 1745 unitatis
1523 1721 1642 1752 paterna
1663 1717 1888 1752 perfectissimam

1110 1772 1187 1797 esse,
1207 1769 1289 1799 atque
1304 1764 1364 1791 ideo
1378 1771 1415 1791 ex»
1425 1763 1504 1790 Patre
1514 1763 1701 1798 prodeuntem,
1718 1764 1780 1798 quia
1796 1763 1828 1790 ad
1839 1762 1891 1789 Pa-

1110 1811 1160 1839 tris
1181 1810 1386 1838 similitudinem
1409 1809 1444 1837 sit
1463 1816 1602 1844 expressa,
1624 1808 1694 1834 κατὰ
1712 1807 1822 1843 γνώμην
1844 1809 1891 1834 καὶ

1111 1857 1280 1893 προαίρεσιν,
1295 1857 1320 1883 id
1333 1861 1385 1887 est,
1399 1863 1432 1882 ex
1446 1855 1585 1881 voluntate
1599 1857 1625 1880 et
1639 1853 1778 1888 proposito
1790 1853 1888 1884 Patris,

1112 1911 1165 1931 non
1182 1911 1216 1931 ex
1230 1907 1334 1930 natura;
1347 1902 1525 1933 necessitate;
1540 1907 1601 1935 quae
1617 1905 1706 1926 tamen
1722 1900 1821 1934 imago,
1837 1899 1890 1926 alia

1111 1950 1146 1977 sit
1158 1957 1173 1976 a
1186 1953 1297 1984 paterna
1313 1948 1425 1978 Deitate,
1443 1947 1542 1976 minor.
1554 1946 1651 1980 impar,
1665 1953 1724 1981 quae
1736 1945 1892 1981 dignatione

1111 1993 1220 2028 quidem
1232 1991 1322 2019 Patris
1333 1991 1360 2018 in
1374 1995 1436 2018 ortu
1449 1998 1499 2018 suo
1510 1991 1556 2019 Dei
1569 1998 1667 2018 nomen
1679 1992 1830 2026 acceperit,
1844 1991 1890 2018 sed

1112 2046 1166 2065 non
1181 2044 1245 2064 vere
1259 2040 1286 2064 ct
1301 2037 1409 2071 proprie
1425 2036 1556 2064 Deus-sit.

1146 2083 1185 2110 Ex
1207 2082 1262 2110 Deo
1277 2086 1365 2110 autem
1383 2086 1410 2110 et
1428 2090 1459 2109 ex
1479 2081 1632 2110 substantia
1654 2081 1701 2109 Dei
1718 2089 1779 2109 esse
1793 2081 1891 2108 Filium

1111 2129 1177 2157 dicit
1192 2129 1298 2156 ratione
1323 2128 1525 2161 similitudinis;
1553 2128 1782 2164 quemadmodum
1803 2128 1892 2163 imago

1112 2175 1263 2210 cuiuspiam
1280 2183 1295 2201 a
1309 2174 1476 2209 peritissimo
1494 2175 1597 2209 pictore
1611 2174 1772 2201 concinnata
1782 2193 1789 2205 ,
1815 2181 1847 2200 ex
1859 2181 1892 2201 eo

1111 2225 1138 2248 et
1151 2228 1183 2248 ex
1200 2228 1316 2255 persona
1333 2222 1392 2255 eius
1408 2228 1538 2255 expressa
1553 2228 1671 2255 eumque
1685 2220 1804 2255 perfecte
1815 2220 1892 2247 exhi-

1112 2269 1176 2295 bere
1186 2268 1287 2295 dicitur
1299 2277 1306 2295 ε
1320 2268 1370 2295 etsi
1384 2268 1496 2295 alterius
1506 2272 1533 2295 et
1544 2267 1657 2295 diversa:
1667 2268 1828 2295 substantiae
1840 2267 1891 2300 sit;

1113 2314 1150 2341 ita
1169 2313 1264 2345 Filius,
1279 2314 1434 2342 secundum
1451 2313 1609 2346 Eusebium,
1629 2321 1662 2341 ex
1678 2313 1829 2340 substantia
1844 2311 1891 2339 Dei

1111 2363 1138 2387 et
1154 2367 1186 2387 ex
1202 2359 1256 2387 Deo
1272 2367 1333 2387 esse
1351 2359 1462 2392 dicitur,
1484 2360 1531 2394 qui
1556 2364 1598 2387 est
1621 2359 1708 2394 imago
1721 2367 1753 2386 ex
1773 2357 1828 2385 Deo
1845 2365 1893 2385 ex-

1113 2411 1217 2440 pressa,
1237 2404 1322 2432 Deum
1339 2404 1459 2439 perfecte
1476 2406 1686 2438 repraesentans,
1708 2402 1761 2430 etsi
1780 2402 1893 2429 alterius

1112 2454 1139 2477 ct
1153 2449 1267 2477 diversae
1284 2450 1444 2477 substantiae
1464 2449 1508 2476 sit.
1530 2449 1558 2476 ln
1575 2456 1629 2483 quo
1648 2455 1714 2476 sane
1730 2447 1863 2475 Eusebius
1877 2455 1893 2474 a

1113 2499 1188 2523 recto
1208 2495 1386 2523 ratiocinandi
1407 2502 1507 2529 genere
1529 2495 1648 2521 immane
1669 2497 1799 2528 quantum
1816 2493 1895 2520 aber-

1114 2545 1179 2569 rat:
1196 2549 1259 2568 nam
1282 2549 1315 2568 ex
1337 2541 1474 2568 communi
1496 2544 1523 2567 et
1545 2543 1655 2574 recepto
1671 2539 1810 2566 hominum
1829 2546 1893 2572 usu,

1113 2589 1160 2623 qui
1183 2595 1246 2614 vere
1268 2587 1397 2621 gignitur,
1421 2586 1557 2621 gignentis
1582 2584 1763 2613 substantiam
1783 2584 1894 2618 plenam

1115 2634 1302 2667 integramque
1328 2633 1436 2666 accipit,
1466 2636 1495 2658 ut
1517 2632 1590 2659 filius
1613 2631 1705 2658 vocari
1731 2624 1829 2665 possit.
1855 2631 1894 2658 Ea

1114 2678 1214 2713 quippe
1241 2682 1282 2705 est
1307 2677 1355 2704 filii
1380 2678 1489 2712 proprie
1514 2677 1580 2704 dicti
1607 2677 1688 2710 ratio,
1716 2681 1745 2704 ut
1770 2677 1893 2705 eamdem

1114 2730 1227 2757 prorsus
1245 2730 1326 2757 quam
1342 2725 1418 2756 pater
1435 2728 1558 2749 naturam
1578 2721 1714 2753 obtineat:
1736 2723 1814 2753 alias,
1838 2730 1894 2749 non

1116 2768 1197 2799 filius,
1215 2768 1261 2795 sed
1277 2767 1414 2802 opiﬁcium
1431 2767 1498 2798 erit;
1518 2768 1651 2801 eamdem,
1669 2769 1791 2803 inquam,
1803 2768 1894 2802 specie

1116 2817 1241 2840 naturam
1263 2813 1290 2840 in
1318 2813 1399 2840 rebus
1425 2813 1535 2845 creatis,
1559 2821 1620 2848 quae
1643 2815 1816 2849 multiplicari
1832 2821 1894 2848 pos-4

1116 2862 1195 2889 sunt;
1214 2858 1335 2886 eamdem
1351 2865 1414 2886 vero
1436 2859 1574 2887 numerice
1596 2860 1623 2887 in
1644 2860 1753 2892 divinis,
1770 2859 1833 2894 quia
1847 2867 1893 2886 na-
