2055 3214
191 198 224 225 45
578 195 826 224 COMMENTARIA
846 195 879 222 IN
900 194 1068 223 PSALMOS.
1090 211 1124 215 —
1143 195 1417 224 PRtELlllllNAIilA.
1771 201 1804 227 ια

190 263 248 284 tura
263 255 310 284 Dei
327 263 389 283 cum
405 255 579 290 multiplicari
597 260 723 290 nequeat.
742 259 836 290 utpote
852 254 970 286 inﬁnita.
987 257 1010 284 Δ
1024 261 1085 281 mcn
1098 254 1143 282 ille
1158 255 1258 290 ubique
1269 255 1337 284 alias
1351 264 1412 283 cum
1428 256 1462 283 de
1477 256 1544 284 Filio
1556 257 1675 293 loquitur
1691 259 1802 294 respuit,

191 310 242 329 non
254 305 344 336 potest
357 302 409 329 nisi
425 309 477 329 una
492 307 518 330 et
531 302 588 337 ipsa
601 302 750 337 eademque
765 303 973 330 communicari.

191 347 288 375 Verum
306 347 363 374 bmc
380 348 491 375 minime
507 347 642 382 quadrare
661 356 715 376 non
731 349 871 376 nesciebat
890 348 975 376 Euse-

191 395 260 424 bius,
281 397 308 420 et
325 394 389 428 quia
408 393 523 420 arduum
538 397 580 421 est
598 398 692 421 contra
710 394 793 420 animi
809 394 972 422 sententiam

189 440 233 466 diu
258 440 429 473 multumque
452 439 580 471 scribere,
606 440 671 474 quin
691 440 814 466 nonnihil
830 448 863 467 ex
883 444 973 467 mente

190 486 332 520 scriptoris
346 485 388 512 vel
405 486 588 520 imprudenter
600 486 691 512 etliuat
701 506 708 519 ,
722 494 776 512 non
791 486 848 520 pari
864 493 972 520 semper

190 532 269 559 modo
285 531 419 559 Eusebius
440 531 577 566 loquitur:
593 539 654 558 nam
670 533 697 558 in
715 531 864 559 Demonstr.
892 539 971 558 euan-

189 578 270 613 gelica
287 577 385 604 Filium
396 577 435 604 sic
449 581 596 611 nuncupat.
615 577 652 603 Td
668 577 781 604 τέλειον
791 577 843 605 τοῦ
856 577 970 603 τελείου

190 624 403 658 δημιούργημα.
421 623 469 649 καὶ
491 622 587 656 σοροῦ
609 623 705 657 σοφὸν
724 623 968 657 ἀρχιτεκτόνημα,

189 669 338 703 Perfectum
354 668 461 703 perfecti
477 668 620 702 opiﬁcium,
634 673 657 694 et
669 669 794 703 sapientis
806 669 909 702 sapiens
923 676 968 694 ar-

189 715 312 748 tefactum
328 722 337 741 .'
351 719 379 741 et
393 715 420 740 in
434 714 547 748 epistola
567 713 599 740 ad
616 714 796 741 Alexandrum
809 713 858 749 (a).
870 714 969 741 Filium

189 769 243 788 rem
259 761 357 788 tactam
369 768 430 787 esse
441 761 506 786 dicit
520 770 526 787 :
538 763 565 787 et
580 760 740 787 Arianorum
754 767 865 787 causam
876 764 968 794 aperte

189 809 347 841 propugnat.
369 806 415 841 qui
431 806 556 833 dicebant
575 805 672 832 Filium
692 805 792 832 factum
811 805 905 839 fuisse.
920 807 968 835 sed

187 860 239 879 non
254 857 284 879 ut
299 852 416 886 aliquam
433 860 464 879 ex
483 852 564 880 rebus
588 851 683 883 factis;
709 855 735 879 et
759 855 880 879 creatum
903 852 967 879 item

187 899 280 930 fuisse,
297 899 344 926 sed
362 906 415 925 non
432 902 460 924 ut
475 899 594 933 aliquam
609 906 641 925 ex
658 899 739 926 rebus
755 899 863 925 creatis.
880 898 968 926 Caete-

186 951 244 970 rum
260 943 366 971 etiamsi
389 951 421 971 ex
441 944 523 970 animi
543 944 676 971 sententia
699 943 833 971 Eusebius
849 943 964 971 Verbum

185 998 247 1017 vere
264 990 383 1025 genitum
398 994 425 1017 et
439 989 536 1017 Filium
550 990 658 1021 dixerit.
676 990 758 1017 verbo
770 994 872 1017 tantum
886 994 965 1018 tenus

185 1037 218 1064 ab
232 1037 342 1064 Arianis
358 1035 525 1071 discrepabit
538 1046 543 1064 :
558 1045 620 1064 nam
637 1037 674 1063 illi
692 1037 803 1071 perinde
818 1041 898 1071 atque
911 1036 966 1065 Eu-é

185 1083 275 1110 sebius
292 1082 408 1110 Verbum
424 1090 439 1109 a
456 1081 535 1110 Patre
551 1083 723 1117 productum.
745 1082 898 1110 substantia
922 1082 965 1109 di-

183 1136 291 1156 versum
307 1136 340 1156 ac
356 1129 446 1156 minus
461 1136 522 1156 esse
544 1128 624 1156 Patre
639 1128 786 1163 putabant;
805 1135 839 1154 an
857 1136 922 1155 vero
937 1128 964 1155 id

184 1174 236 1201 dici
251 1175 337 1209 possit
352 1174 471 1210 genitum
491 1182 562 1206 esse.
580 1174 613 1202 de
633 1175 741 1202 nomine
763 1179 867 1201 tantum
891 1183 966 1209 quar-

184 1221 236 1248 stio
250 1225 302 1248 est.

376 1277 436 1302 XIV.
449 1277 538 1302 Filium
551 1281 624 1308 negat
641 1280 767 1302 :elurnum.

217 1318 293 1351 Quod
306 1317 339 1345 ad
357 1319 533 1346 astet-nitatem
552 1326 617 1345 vero
632 1317 692 1344 Filii
710 1321 772 1345 ante
786 1318 962 1349 creationem,

183 1372 216 1391 ne
226 1365 309 1391 latum
324 1373 441 1399 unguem
457 1365 490 1391 ab
502 1365 663 1391 Arianorum
675 1365 809 1391 sententia
820 1364 963 1392 deﬂectere

183 1410 299 1440 videtur,
316 1410 362 1444 qui
379 1409 505 1436 dicebant
525 1409 623 1437 Filium
641 1417 693 1436 non
712 1410 795 1436 ἀΐδιθν
815 1410 871 1437 sive
891 1417 965 1437 sem-

183 1455 315 1488 piternuln
333 1462 394 1482 ρεξτε
410 1464 416 1481 :
439 1454 486 1482 sed
504 1459 565 1482 ante
580 1455 670 1482 omnia
687 1455 796 1482 factum.
816 1454 862 1481 Sic
876 1458 903 1481 et
917 1454 962 1481 ille

183 1498 278 1526 Filium
301 1499 410 1534 quidem
438 1500 542 1535 πρῶτον
566 1499 620 1526 τῶν
641 1500 725 1526 ὀντων
748 1500 874 1526 ἁπάντων
896 1498 962 1525 dicit

185 1545 329 1572 Demonstr.
349 1555 440 1580 era/ig.
463 1554 489 1580 ιι,
512 1546 571 1577 H6,
588 1546 613 1572 id
631 1550 683 1576 est.
700 1545 818 1572 Primum
846 1545 960 1572 omnium

181 1599 338 1627 quacunque
351 1597 428 1623 sunt;
450 1592 530 1626 idque
545 1593 646 1626 passim
668 1591 764 1626 repetit
785 1591 813 1618 in
826 1590 869 1618 his
884 1597 960 1617 com-
977 1600 997 1630 ρ

182 1638 334 1668 mentariis,
354 1637 435 1672 inque
453 1637 529 1665 libris
544 1643 636 1664 contra
655 1635 830 1663 Marcellum:
844 1636 962 1670 itemque

184 1683 221 1708 ait
236 1682 331 1709 Filium
348 1684 399 1718 πρὸ
411 1683 513 1718 χρόνων
530 1683 654 1714 αἰωνίων,
671 1687 698 1710 et
710 1682 762 1718 πρὸ
777 1682 885 1709 πάντων
898 1681 959 1708 αἰώ-

184 1735 247 1758 νων,
267 1728 292 1754 id
307 1734 357 1760 est,
373 1734 431 1756 ante
451 1729 558 1759 sa'cula.
585 1729 745 1764 productum
763 1737 769 1755 :
786 1735 848 1755 nam
864 1727 962 1755 saecula

183 1776 209 1797 et
226 1777 330 1806 tempus
343 1781 422 1800 omne
445 1781 506 1800 cum
530 1773 629 1800 mundo
651 1773 767 1808 cmpisse
791 1780 852 1800 cum
870 1773 962 1801 multis

182 1818 242 1844 aliis
264 1819 400 1846 veteribus
424 1820 582 1849 arbitratur.
611 1827 661 1847 nec
686 1827 736 1846 vox
761 1819 868 1852 αἰώνιος
890 1820 961 1854 apud

183 1863 339 1897 Eusebium,
358 1873 408 1900 pro
423 1866 572 1893 atteruitate
587 1870 649 1892 anle
664 1866 828 1899 creationem
845 1873 961 1901 usquam

182 1911 297 1938 sumitur
311 1921 318 1938 :
333 1919 394 1938 nam
411 1911 564 1946 huiusmodi
582 1913 760 1939 aeternitatem
778 1912 804 1939 in
821 1911 889 1939 Filio
905 1912 963 1938 eri-

181 1956 274 1983 dcnter
286 1961 366 1992 negat
375 1960 402 1983 et
412 1963 503 1985 contra
520 1956 675 1984 Marcellum
692 1965 775 1992 agens
792 1957 907 1984 allirmat
920 1956 963 1984 Fi-

182 2002 244 2028 lium
270 2011 323 2029 non
350 2011 429 2038 posse
446 2003 499 2030 diui
525 2004 608 2030 ἀίδιον
631 2004 688 2031 sive
709 2004 915 2038 sempiternum,
933 2008 962 2030 ut

181 2048 271 2075 videre
285 2053 337 2079 est.
355 2049 372 2075 l.
389 2057 419 2079 ιι.
434 2056 459 2076 c.
477 2049 517 2081 t2.
533 2053 560 2076 et
575 2050 648 2077 alibi.
666 2050 721 2077 Nec
738 2049 855 2078 diﬂlteor
870 2054 961 2077 tamen

183 2093 208 2118 in
221 2094 429 2121 Commentariis
448 2095 474 2121 in
498 2094 620 2123 Psalmos
642 2095 674 2121 ad
691 2096 762 2122 hunc
778 2096 846 2130 psal.
864 2103 883 2122 ιι
899 2103 961 2122 ver-

183 2145 251 2169 sum.
267 2138 323 2173 Ego
338 2139 413 2166 hodie
424 2141 498 2176 genui
507 2145 541 2171 te,
557 2141 613 2167 hrec
626 2141 719 2168 haberi
732 2141 817 2175 εἘΤὼ
830 2140 962 2175 σήμερον

181 2184 344 2218 γεγέννηκά
358 2193 404 2217 σε,
415 2186 533 2221 δηλονότι
551 2188 613 2224 περὶ
628 2188 677 2222 τῆς
693 2187 818 2222 χρονικῆς
833 2186 884 2221 ἔφη
898 2195 960 2221 γεν-

181 2231 291 2265 νήσεως
304 2232 368 2266 περὶ
386 2233 439 2268 γὰρ
454 2233 503 2268 τῆς
519 2233 636 2268 ἁνάρχου
652 2234 732 2268 φησὶν
745 2232 825 2264 αὐτὸς
842 2233 856 2258 ὁ
869 2232 957 2258 Δαυῖδ·

1025 303 1052 326 et
1065 300 1114 327 soli
1133 299 1204 327 Patri
1221 305 1375 335 competere
1387 301 1453 327 dicit
1470 311 1476 328 :
1497 302 1609 337 parique
1628 302 1708 330 modo
1723 307 1808 330 tetra<

1024 353 1164 380 grammon
1178 350 1249 378 runt.
1262 347 1334 381 quod
1357 347 1458 381 passim
1475 349 1512 375 ait
1529 348 1555 375 in
1576 348 1619 376 his
1632 349 1807 376 Commenta-

1024 392 1074 419 riis
1091 393 1135 418 uni
1151 391 1223 418 Patri
1239 398 1394 428 competere.
1415 401 1510 429 posse;
1528 395 1610 422 semel
1622 394 1648 421 in
1664 402 1806 422 commenq

1024 437 1094 464 tario
1108 437 1227 472 itemque
1242 439 1325 466 semel
1348 439 1375 466 in
1404 439 1631 466 Demonstratione
1645 440 1804 475 evangelica.

1024 484 1062 510 ait
1075 483 1143 510 Filio
1159 491 1353 518 nonnunquam
1369 486 1518 514 ascriptum
1537 485 1633 516 fuisse.
1651 493 1806 513 accommo—

1023 530 1084 558 date
1097 529 1212 561 scilicet,
1230 538 1317 565 neque
1331 531 1449 566 proprie,
1464 531 1565 558 utalibi
1580 531 1613 559 de
1629 531 1674 558 Dei
1686 532 1804 567 appella-

1021 575 1095 601 tione
1111 575 1213 602 dictum
1236 580 1287 603 est.
1313 575 1371 604 Non
1396 577 1588 611 sempiternum
1608 581 1698 604 autem
1719 577 1804 604 fuisse

1022 621 1140 649 Verbum
1155 628 1219 651 ante
1235 624 1399 650 creationetu
1412 625 1507 658 probat
1519 624 1570 651 hoc
1580 624 1733 651 dilemmate
1748 624 1804 652 Eu-

1021 669 1124 700 sebius,
1146 670 1173 696 in
1189 669 1248 696 loco
1263 669 1361 696 Conlra
1381 669 1536 696 Marcellum
1551 670 1679 704 superius
1701 677 1804 698 memo-

1021 714 1137 741 rato:Si
1159 714 1244 743 Filius
1255 715 1289 743 sit
1302 716 1386 747 ἀΐδιος
1402 717 1458 743 sive
1472 716 1665 751 sempiternus,
1689 715 1732 744 vel
1748 717 1802 744 duo

1020 766 1100 788 erunt
1119 762 1296 797 sempiterna,
1311 771 1408 797 nempe
1424 762 1503 790 Pater
1520 766 1547 790 et
1562 762 1657 794 Filius.
1673 763 1744 798 quod
1760 769 1803 791 est

1020 815 1034 834 a
1055 808 1106 835 [ide
1121 808 1269 840 absonum;
1295 809 1336 836 vel
1358 807 1439 835 Pater
1458 813 1484 835 et
1507 808 1593 836 Filius
1617 817 1699 835 unum
1722 814 1802 836 erunt

1019 855 1226 888 sempiternum,
1244 853 1316 888 quod
1335 857 1378 880 est
1393 852 1588 880 Sabellianum.
1604 854 1673 881 Ante
1683 855 1800 881 creatio-

1018 906 1079 926 nem
1099 899 1180 933 igitur
1199 898 1314 926 Verbum
1339 907 1393 926 non
1417 899 1612 934 sempiternum
1629 907 1690 926 esse
1707 899 1801 927 docuit

1019 943 1168 976 Eusebius;
1192 953 1281 980 neque
1306 949 1396 972 tamen
1422 952 1467 972 res
1490 949 1597 972 creatas
1623 945 1714 971 statim
1738 949 1802 979 post

1019 989 1100 1018 Verbi
1122 996 1213 1018 ortum
1236 991 1324 1019 editas
1346 999 1406 1019 esse
1427 995 1516 1026 putat;
1545 991 1593 1018 sed
1610 991 1799 1025 interpositum

1019 1035 1135 1070 spatium
1162 1036 1232 1062 inter
1254 1035 1336 1063 Verbi
1358 1039 1385 1063 et
1406 1036 1574 1070 opificiorum
1591 1035 1797 1069 productionem

1018 1081 1161 1108 constituit
1175 1081 1218 1109 ille
1234 1091 1241 1108 :
1257 1089 1310 1116 qua
1326 1082 1353 1108 in
1367 1089 1396 1108 re
1410 1081 1517 1116 paulum
1533 1081 1675 1108 deﬂectere
1690 1080 1800 1109 videtur

1018 1127 1052 1154 ab
1062 1127 1169 1155 Arianae
1183 1132 1263 1155 sectze
1274 1129 1452 1163 principibus.
1463 1129 1508 1164 qui
1523 1128 1640 1155 Verbum
1656 1127 1688 1154 ad
1704 1135 1794 1154 rerum

1017 1173 1138 1200 omnium
1165 1175 1329 1202 creationem
1357 1175 1519 1209 productum
1545 1175 1604 1201 sine
1633 1173 1797 1201 intcrmedio

1015 1219 1104 1254 spatio
1117 1219 1329 1252 arbitrabantur,
1343 1224 1373 1247 ut
1387 1221 1434 1247 illo
1446 1221 1517 1248 Deus
1529 1220 1561 1247 ad
1575 1220 1679 1255 upiiieia
1692 1220 1797 1250 edenda

1017 1272 1066 1292 ceu
1080 1265 1261 1293 instrumento
1278 1271 1409 1294 uteretur.

1202 1332 1252 1359 XV.
1265 1333 1363 1358 Summa
1373 1334 1490 1358 doctrinm.
1500 1334 1609 1358 Eusebii.

1052 1394 1093 1422 En
1110 1403 1176 1431 ergo
1198 1399 1283 1423 totam
1311 1396 1469 1424 Eusebiana:
1490 1397 1632 1432 theologia:
1651 1404 1795 1427 summam.

1017 1440 1092 1469 Unus
1107 1450 1188 1469 Verus
1201 1442 1235 1469 ab
1245 1447 1347 1469 aeterno
1359 1442 1429 1470 Deus
1442 1442 1521 1469 Pater
1535 1442 1596 1473 fuit,
1610 1442 1656 1477 qui
1669 1442 1796 1469 omnibus

1016 1492 1097 1522 atque
1113 1488 1195 1515 etiam
1214 1487 1283 1515 Filio
1299 1495 1350 1516 suo
1371 1489 1533 1522 praacxsistit
1550 1498 1556 1515 :
1575 1487 1727 1523 Filiumque
1743 1488 1796 1516 sibi

1016 1538 1109 1569 postea
1132 1542 1186 1561 non
1203 1542 1236 1561 ex
1259 1534 1421 1561 necessitate
1443 1538 1557 1565 naturae.
1580 1534 1626 1562 sed
1650 1541 1683 1561 ex
1710 1533 1796 1561 libero

1015 1580 1164 1608 voluntatis
1183 1579 1296 1608 arbitrio
1314 1588 1346 1607 ac
1372 1580 1522 1615 proposito,
1541 1579 1669 1614 produxit
1682 1587 1715 1606 ex
1731 1579 1796 1606 sub-

1013 1626 1113 1653 stantia
1125 1634 1174 1654 sua
1187 1635 1193 1653 :
1207 1634 1261 1654 non
1273 1626 1455 1654 substantiam
1468 1633 1544 1653 suam
1556 1626 1612 1654 sive
1625 1631 1723 1658 totam,
1739 1625 1797 1654 sive

1012 1673 1143 1705 decisam,
1158 1672 1226 1700 Filio
1237 1673 1453 1704 communicaris;
1465 1672 1512 1700 sed
1525 1672 1705 1700 substantiam
1715 1674 1796 1701 aliam

1012 1719 1046 1746 ad
1065 1719 1108 1746 sui
1131 1726 1178 1754 per
1197 1718 1288 1746 omnia
1304 1718 1510 1747 similitudinem
1532 1721 1559 1745 et
1576 1718 1720 1754 imaginem
1738 1727 1797 1754 pro-

1013 1765 1131 1795 ducens;
1155 1769 1286 1799 quantum
1303 1764 1408 1792 scilicet
1427 1767 1516 1799 potest
1536 1765 1690 1793 substantia
1707 1773 1723 1791 a
1740 1765 1796 1793 Deo

1012 1811 1119 1838 diversa
1145 1810 1192 1838 Dei
1217 1811 1361 1845 imaginem
1379 1810 1469 1839 ferre:
1488 1818 1550 1838 nam
1569 1812 1646 1846 longe
1663 1812 1750 1846 impar
1768 1817 1796 1839 et

1013 1857 1102 1883 minor
1120 1856 1200 1884 Patre
1223 1856 1309 1883 Filius
1321 1860 1373 1884 est.
1389 1856 1457 1883 Cum
1471 1861 1561 1884 autent
1578 1857 1666 1891 imago
1682 1857 1726 1884 illa
1741 1865 1796 1884 una

1013 1902 1096 1929 Deum
1114 1902 1321 1937 perfectissime.
1341 1905 1472 1936 quantum
1496 1902 1553 1929 ticri
1577 1907 1673 1937 potest.
1697 1910 1797 1937 reprat-

1013 1953 1111 1981 sentet.
1124 1957 1178 1976 non
1194 1948 1355 1977 substantia:
1373 1948 1452 1974 modo
1467 1947 1525 1979 Dei.
1548 1949 1594 1976 sed
1608 1949 1688 1976 etiam
1705 1949 1797 1976 unita-

1013 1995 1048 2022 tis
1060 1996 1120 2030 ejns
1135 1996 1224 2030 imago
1237 1999 1287 2022 est.
1308 1995 1384 2022 Unde
1395 1993 1431 2021 ob
1448 1995 1519 2021 illam
1535 1995 1643 2021 unicam
1655 1999 1682 2022 ct
1697 1995 1793 2030 singu-

1012 2042 1094 2069 larem
1106 2042 1321 2072 simihtudinem.
1336 2041 1419 2069 Filius
1431 2042 1466 2069 ab
1485 2041 1589 2076 origine
1599 2041 1669 2070 Deus
1682 2046 1795 2069 vocatus

1011 2093 1038 2116 et
1052 2088 1140 2116 factus
1159 2092 1211 2119 est,
1227 2088 1395 2124 θεοποιηθείς
1410 2098 1417 2115 -.
1435 2089 1480 2123 qui
1498 2089 1550 2116 etsi
1567 2096 1630 2116 vere
1648 2088 1719 2116 Deus
1738 2089 1793 2116 dici

1011 2142 1065 2161 non
1079 2135 1176 2169 possit,
1201 2135 1223 2161 si
1242 2141 1304 2161 cum
1329 2133 1409 2161 Patre
1431 2138 1616 2169 comparetur.
1637 2138 1795 2169 comparate

1012 2186 1100 2208 tamen
1117 2180 1150 2207 ad
1167 2185 1307 2208 creaturas
1324 2188 1385 2208 vere
1408 2180 1480 2208 Deus
1503 2180 1607 2211 dicitur
1625 2190 1632 2208 :
1650 2181 1713 2215 quia
1729 2181 1794 2216 ipsa)

1012 2227 1143 2263 imagines
1160 2226 1207 2254 Dei
1224 2227 1302 2261 longe
1318 2226 1534 2261 imperfectiores
1548 2231 1621 2254 sunt.
1637 2226 1727 2259 Quare
1742 2227 1793 2254 αὺς

187 2276 231 2303 Ἐκ
257 2277 386 2311 γαστρὸς
407 2278 463 2312 πρὸ
483 2278 638 2312 ἐωσφόρου
655 2277 818 2317 γεγέννηκά
840 2285 887 2309 σε,
908 2278 958 2304 hoc

1015 2273 1103 2306 τόθεος
1119 2273 1230 2304 dicitur,
1249 2273 1317 2304 sive,
1342 2273 1396 2307 ipse
1413 2271 1495 2303 Deus,
1511 2272 1573 2307 quia
1591 2280 1622 2299 ex
1638 2271 1794 2299 omnimoda

181 2326 220 2348 est
235 2331 240 2348 :
259 2332 267 2347 l
285 2322 507 2359 Egohadiegenui
525 2329 558 2355 te,
580 2333 588 2349 ι
604 2323 630 2349 id
645 2323 762 2350 rideticet
775 2323 806 2350 de
823 2324 960 2358 temporali

182 2374 343 2402 generatione
361 2369 469 2402 dictum,
483 2378 541 2405 qua:
558 2378 603 2404 per
622 2371 793 2397 arcanomiam
812 2370 884 2403 facta
899 2375 959 2401 est;

183 2413 211 2440 de
224 2414 270 2440 illa
284 2423 395 2450 namque
406 2424 462 2450 qua:
473 2417 528 2442 sine
540 2416 668 2450 principia
679 2421 728 2448 est,
738 2417 775 2443 ait
789 2417 843 2452 ipse
855 2417 940 2444 David
951 2425 960 2443 :
988 2442 990 2445 ,

185 2467 194 2482 ‹
214 2458 254 2485 ΕΞ
270 2464 344 2486 utero
357 2466 416 2487 ante
430 2461 567 2496 luciferum
585 2462 662 2496 genui
681 2467 704 2488 te
720 2461 870 2495 (Psal.ctx,
882 2463 927 2497 5),
948 2472 957 2488 ι

182 2503 278 2532 Verum
292 2506 317 2532 id
333 2506 399 2533 nihil
410 2514 479 2533 verae
491 2507 598 2534 Eusebii
610 2507 751 2534 sententia?
762 2506 870 2539 oﬂieiat,
884 2515 959 2538 nam.

183 2554 210 2576 nt
223 2551 308 2583 vides.
326 2552 440 2586 ἄναρχον
455 2557 533 2578 vocat
553 2551 634 2580 Verbi
660 2554 873 2588 generationem.
896 2554 960 2588 quia

184 2601 241 2623 ante
268 2597 420 2629 luciferum,
446 2597 473 2624 id
490 2601 542 2629 est.
563 2601 626 2625 ante
643 2598 805 2633 principium
829 2599 959 2634 temporis

184 2640 230 2668 fuit
246 2653 251 2669 :
270 2643 403 2678 siquidem
421 2643 549 2674 Verbum.
567 2647 597 2670 ut
612 2644 649 2670 ait
662 2643 791 2676 Joannes.
813 2644 840 2671 in
855 2645 959 2679 princi«

182 2686 224 2719 pio
242 2692 309 2717 erat,
326 2687 398 2721 quod
413 2687 458 2714 ille
473 2688 506 2715 de
530 2688 663 2722 principio
680 2690 809 2723 temporis
824 2688 957 2723 explicat.

182 2733 262 2765 atque
285 2732 346 2758 ideo
371 2732 413 2759 hic
431 2733 547 2768 ἄναρχος
569 2733 649 2761 Verbi
670 2737 747 2760 ortus
767 2733 877 2765 dicitur,
893 2734 957 2769 quia

182 2783 240 2803 cum
255 2783 317 2804 ante
331 2785 412 2806 omne
426 2783 532 2814 tempus
551 2784 577 2806 et
591 2785 652 2807 ante
674 2780 765 2807 omnia
784 2780 882 2809 saecula
898 2779 958 2807 fue—

182 2820 226 2851 rit,
245 2830 299 2848 non
320 2822 408 2857 habet‘
419 2823 582 2857 principium
603 2823 744 2858 temporis.
763 2823 897 2859 Ἀναρχον
916 2827 958 2849 ta-

218 2909 251 2944 (a)
270 2910 349 2941 Cone.
370 2910 474 2950 Nicin,
487 2914 539 2938 act.
556 2911 583 2944 6,
597 2919 623 2947 p.
637 2912 698 2940 L98.

1013 2319 1058 2346 illa
1073 2319 1252 2346 similitudine
1270 2318 1340 2346 Deus
1355 2318 1389 2345 ab
1409 2321 1471 2345 ortu
1491 2318 1642 2352 appellatus
1657 2321 1713 2350 est;
1729 2325 1792 2344 cum

1011 2370 1107 2391 contra
1120 2365 1206 2400 angeli
1221 2368 1248 2392 et
1261 2365 1386 2393 homines
1399 2365 1548 2393 secundum
1562 2364 1680 2398 aliquam
1697 2363 1795 2390 simili--

1012 2410 1115 2437 tudinis
1138 2411 1270 2438 rationem
1292 2411 1330 2439 dii
1355 2414 1555 2445 nuncupentur.
1581 2408 1694 2436 Genitus
1710 2409 1792 2436 etiam

1011 2455 1064 2482 dici
1088 2460 1175 2491 potest
1198 2461 1224 2483 et
1246 2457 1325 2484 debet
1348 2456 1445 2486 Filius.
1463 2456 1527 2490 quia
1550 2455 1677 2487 etsinon
1698 2454 1793 2482 eadem

1011 2510 1091 2537 quam
1107 2501 1188 2529 Pater
1203 2503 1383 2530 substantiam
1397 2503 1506 2531 habeat.
1523 2510 1554 2529 ex
1572 2502 1726 2529 substantia
1743 2501 1794 2528 Pa—

1011 2548 1061 2574 tris
1084 2553 1116 2574 eo
1138 2555 1192 2582 quo
1215 2542 1439 2583 supra'diximus
1463 2546 1544 2573 modo
1567 2546 1715 2581 productus
1739 2551 1790 2573 est.

1012 2592 1142 2621 Eternus
1161 2599 1249 2621 autem
1271 2602 1325 2621 non
1347 2597 1389 2621 est
1413 2592 1517 2624 Filius.
1541 2593 1588 2620 sed
1613 2598 1674 2622 ante
1697 2599 1793 2619 omnes

1011 2643 1151 2666 creaturas
1175 2641 1292 2675 genitus.
1318 2639 1394 2667 Hanc
1420 2639 1585 2674 ipsissimam
1603 2646 1664 2666 esse
1681 2637 1792 2665 Eusebii

1011 2685 1044 2712 de
1058 2685 1147 2713 Verbo
1161 2685 1311 2713 doctrinam
1328 2685 1429 2720 liquido
1443 2685 1649 2720 comprobatum
1665 2685 1792 2719 superius

1010 2735 1061 2759 est.
1079 2730 1155 2764 Quod
1168 2732 1191 2758 si
1206 2732 1233 2758 in
1247 2731 1291 2759 his
1305 2731 1441 2759 Eusebius
1454 2738 1546 2759 secum
1559 2738 1681 2766 pugnare
1695 2730 1792 2764 depre-

1010 2777 1160 2808 hendatur.
1183 2777 1209 2803 id
1224 2784 1288 2803 sane
1303 2777 1442 2812 proprium
1464 2776 1566 2804 erroris
1587 2779 1637 2807 est.
1654 2779 1683 2802 ut
1700 2775 1791 2807 const.

1011 2827 1082 2850 stere
1094 2829 1148 2848 non
1163 2821 1260 2852 valeat.
1276 2821 1382 2857 sibique
1398 2821 1448 2857 ipsi
1465 2821 1631 2853 adversetur.
