2055 3214
254 203 288 230 47

611 195 743 226 FUSEBII
761 191 999 223 CESABIENSIS
1017 190 1093 220 OPP.
1114 190 1204 218 PARS
1223 191 1266 219 Ill.
1283 206 1317 212 -——
1335 189 1539 218 EXEGETICA.

1838 191 1873 219 43

254 271 316 297 XVI.
329 270 402 301 Εετε
420 266 568 293 defenditur.
588 280 617 285 —
629 265 708 301 XVIh
730 263 847 301 _Arianum
869 262 974 295 probant
990 264 1038 286 tam
1054 261 1076 290 Α
1092 261 1169 288 libuit
1184 245 1327 288 desistere.
1344 260 1402 293 Qua
1418 260 1445 287 in
1463 267 1492 287 re
1508 259 1573 295 quid
1594 260 1696 288 certius
1716 250 1871 295 evangelica

493 302 573 330 gesta,
581 304 654 328 quam
662 297 761 327 scripta.

292 355 324 381 At
339 353 544 389 qni‘purgatnm
562 349 708 377 Eusebium
725 348 829 378 volunt,
843 354 904 373 cum
919 350 1036 376 veteres,

256 406 314 429 tum
328 399 504 428 recentiores,
520 397 548 424 in
559 395 676 423 medium
689 394 748 429 ejus
758 393 829 420 dicta
840 392 965 423 aderunt,
978 399 1038 426 qua:

256 445 419 474 catholicum
435 443 572 470 hominem
589 448 701 476 arguere
720 442 858 474 pugnant;
881 437 1038 472 hujusmodi

257 496 332 525 sunt,
347 491 419 527 quod
434 489 534 517 dixerit
544 489 590 516 ille
603 496 635 515 ex
653 488 717 518 Deo,
735 492 763 514 et
777 494 810 514 ex
825 485 977 513 substantia
991 484 1036 511 Dei

257 546 318 566 esse
332 537 441 569 Filium,
453 535 526 571 quod
537 542 605 562 ‘vcre
617 534 700 561 Deum
718 538 745 560 et
765 532 890 559 αὑτόοεον
906 530 1038 567 praedica-

257 584 337 617 verit,
357 583 429 618 quod
450 585 593 611 aeternum,
609 580 680 615 quod
695 578 846 614 ὁμοούσιον,
865 577 966 612 quibus
988 583 1038 603 nos

258 630 395 660 omnibus,
409 629 468 663 ipso
483 626 600 654 Eusebio
621 626 660 653 usi
677 625 834 660 interprete,
847 622 1038 658 jam‘occurri-

254 684 328 704 mus.
340 674 439 702 Verum
452 673 509 701 haec
523 672 561 699 illi
576 680 608 699 ex
623 671 727 698 arbitrii
739 671 780 698 sui
796 668 941 701 sententia,
951 676 1039 702 neque

258 730 290 750 ex
306 722 364 757 ipsa
379 719 487 748 Eusebii
503 722 604 750 mente,
624 717 747 752 pluribus
763 716 790 743 in
810 716 878 743 locis
897 721 1037 750 expressa.

257 766 436 802 comprobare
452 764 503 792 nisi
519 767 585 791 sunt
601 773 608 790 :
624 763 669 789 alii
687 769 795 797 quoque
810 760 965 795 interpretis
979 767 1040 787 ver-

257 813 337 840 sione
352 811 467 845 decepti,
484 817 516 837 es
530 809 607 836 libris
618 807 649 834 de
666 806 892 834 Demonstratione
908 808 935 833 et
947 809 1040 831 contra

259 857 426 889 Marcellum,
441 856 535 883 Latine
549 859 654 881 tantum
667 853 754 884 lectis,
763 852 799 879 ad
812 859 870 878 eam
885 850 1040 885 opinionem

260 906 445 933 accesserunt,
458 908 520 937 pars
533 900 650 927 Marcelli
664 898 737 925 dicta
749 905 798 933 pro
809 896 970 924 Eusebiauis
980 895 1042 923 sub-

259 951 415 982 stitucntes,
433 952 563 976 aeternum
587 947 621 974 ab
641 945 757 973 Eusebio
776 944 874 972 Filium
898 943 1040 980 praedicari

260 996 383 1025 arbitrati
399 999 463 1022 sunt
477 1004 483 1021 :
499 993 566 1021 nulli
590 993 673 1020 hosce
688 991 796 1018 Eusebii
821 989 1039 1018 Commentarios

258 1043 444 1077 inspexerunt,
462 1039 506 1066 ubi
518 1039 605 1073 palam
618 1038 662 1064 ille
674 1041 790 1064 mentem
803 1042 879 1063 suam
896 1034 994 1069 aperit,
1012 1037 1039 1061 et

258 1087 369 1115 nonnisi
381 1088 536 1120 comparate
553 1083 587 1110 ad
600 1082 724 1110 homines
737 1080 835 1108 Filium
848 1080 940 1107 vocari
955 1079 1038 1106 Deum

260 1132 389 1160 insinuat.
408 1130 466 1165 Ego
481 1136 545 1156 vero
569 1135 612 1154 me
635 1126 764 1162 proﬁteor
779 1125 831 1152 hac
850 1125 877 1151 in
889 1123 1040 1159 quaestione

259 1178 327 1206 nihil
343 1175 511 1212 pmjudicati
529 1173 663 1204 attulisse,
684 1171 731 1199 sed
749 1177 863 1206 pronum
880 1177 987 1205 semper
1006 1168 1039 1196 ad

261 1223 395 1250 mitiorem
410 1220 549 1249 ferendam
571 1218 743 1249 sententiam,
758 1217 867 1244 Eusebii
882 1217 984 1250 scripta
996 1223 1040 1244 as-

260 1269 337 1297 sidue
352 1267 502 1298 lectitasse,
516 1265 682 1302 ponderasse
698 1263 770 1291 dicta
787 1266 814 1290 et
831 1263 991 1293 sententias.
1008 1269 1041 1288 ac

260 1316 368 1342 demum
388 1314 426 1341 rei
444 1312 637 1347 perspicuitate
651 1311 763 1342 victum,
782 1312 878 1337 contra
895 1307 1040 1336 Eusebium

259 1361 394 1388 calculum
414 1360 553 1394 posuisse.
575 1357 664 1389 Certe.
688 1360 716 1384 ut
740 1356 818 1384 initio
843 1355 910 1389 dixi,
932 1354 1040 1382 Eusebii

259 1409 335 1442 gesta
361 1412 423 1432 cum
449 1403 559 1439 scriptis
576 1403 613 1430 ita
629 1405 798 1433 consonant;
820 1403 850 1427 ut
872 1399 937 1427 hinc
959 1399 1040 1426 etiam

261 1451 385 1480 testatior
408 1451 515 1477 animus
534 1448 722 1484 sententiaque
745 1447 820 1475 illius
831 1446 958 1474 omnibus
980 1452 1042 1473 esse

260 1498 358 1526 valeat.
372 1497 412 1524 Ab
425 1495 538 1525 esordio
549 1495 621 1523 enim
632 1494 778 1522 Arianismi
791 1494 824 1521 ad
839 1493 942 1521 obitum
954 1498 1042 1527 usque

259 1552 322 1573 cum
344 1543 453 1571 Arianis
471 1541 687 1570 concordissime
702 1541 779 1573 vixit,
802 1538 928 1568 nascenti
944 1538 1041 1566 haeresi

262 1599 359 1619 nomen
380 1590 469 1624 dedit;
493 1590 520 1617 in
536 1589 644 1617 Nicaana
668 1587 782 1624 synodo,
805 1591 937 1622 quantum
954 1585 1040 1616 licuit,

261 1617 409 1664 Catholicis
424 1617 546 1668 obstitit;
567 1633 615 1661 scd
639 1617 692 1668 qui.
705 1617 826 1667 apprime
837 1631 952 1659 calleret
976 1617 1077 1657 con-c

261 1682 358 1710 cedere
379 1681 505 1715 tempori,
521 1680 630 1708 demum
647 1678 731 1706 cessit
749 1681 779 1704 et
799 1677 962 1712 subscripsit
979 1685 986 1703 :
1003 1676 1043 1703 sic

260 1728 334 1756 enim
347 1726 479 1754 suadebat
491 1726 582 1757 timor,
597 1732 651 1752 non
663 1722 784 1751 diuturni
799 1722 929 1757 magister
941 1721 1021 1749 ofﬁcii
1035 1731 1041 1748 :

264 1780 318 1808 qua
335 1773 407 1800 enim
429 1775 520 1799 mente
532 1770 558 1798 id
575 1769 671 1804 egerit,
688 1768 739 1796 sibi
754 1767 872 1794 subditis
884 1767 991 1802 populis
1002 1766 1043 1794 sic

261 1817 407 1850 enarravit,
423 1820 452 1844 ut
467 1816 518 1844 sibi
539 1814 655 1850 pristina
670 1813 819 1848 repetendi,
835 1813 923 1840 sicubi
939 1812 1042 1843 liceret,

262 1862 366 1890 aditum
380 1860 530 1896 reliquerit.
548 1858 608 1886 Non
623 1858 669 1885 diu
686 1865 750 1886 vero
763 1861 858 1893 p05tea
877 1857 938 1884 ﬁcte
951 1864 1044 1884 recon-

263 1908 381 1936 ciliatam
409 1913 471 1934 cum
499 1906 648 1934 Catholicis
672 1904 787 1940 gratiam
813 1903 992 1936 disturbavit;
1015 1906 1044 1929 ut

264 1954 372 1983 nescias
384 1953 480 1989 plusne
497 1959 586 1988 opem
603 1951 630 1978 in
644 1951 769 1986 pellendo
783 1949 935 1978 Athanasio
945 1956 1042 1984 posue-

262 2002 308 2034 rit,
331 2008 412 2036 quam
432 2000 459 2027 in
480 1997 648 2027 restituendo
672 1997 746 2025 Ario.
768 1997 867 2024 Contra
888 1995 1049 2023 Marcellum'

263 2046 487 2082 intemperantior
510 2045 627 2073 fortasse
650 2052 732 2079 quam
754 2044 896 2078 debuerat,
913 2050 966 2070 n0n
982 2042 1043 2078 plus

263 2093 297 2121 ad
313 2091 526 2128 propulsandum
541 2091 628 2123 illum,
648 2098 729 2126 quam
746 2090 779 2118 ad
797 2089 953 2125 purgandos
963 2090 1044 2116 Aria-

263 2145 360 2165 norum
376 2136 558 2172 primipilares
572 2136 694 2171 scripsit.
708 2135 855 2163 Historiam
871 2135 985 2162 Nicaeum
998 2142 1044 2170 sy-

263 2184 326 2211 nodi
344 2183 404 2210 l'use
422 2183 554 2215 narravit,
575 2186 602 2209 et
626 2182 704 2217 quasi
728 2190 776 2216 per
797 2181 1042 2209 dissimulationem

264 2227 416 2264 ignorandi,
432 2227 496 2263 quia
520 2232 656 2262 gestorum
673 2226 760 2262 pudor
775 2227 913 2254 silentium
927 2227 1044 2262 impera-

1056 941 1077 968 Β

1090 306 1225 338 cautione,
1236 306 1277 332 E1
1284 305 1412 340 fructibus
1423 314 1513 332 eorum
1523 307 1682 341 cognoscetis
1689 307 1751 334 eos?
1761 306 1871 341 (Matth.

1090 360 1138 383 vn,
1155 352 1212 387 16.)
1225 352 1306 380 Certe
1319 352 1470 380 secundum
1483 351 1618 379 Nicmnam
1631 353 1763 388 synodum
1779 352 1872 379 foven-

1090 398 1131 425 dae
1143 397 1277 424 Arianicae
1287 398 1326 425 rei
1341 398 1377 424 ita
1390 401 1464 425 totus
1477 397 1601 424 incubuit
1613 397 1668 429 ille,
1681 401 1710 424 ut
1723 397 1789 424 nihil
1803 405 1872 433 pm-

1090 444 1238 472 termisisse
1255 444 1380 472 videatur
1394 451 1449 479 quo
1465 451 1495 471 se
1509 444 1638 471 Arianum
1655 443 1791 479 proderet.

1388 501 1501 529 CAPUT
1520 501 1577 529 νη.

1091 565 1124 584 DE
1144 565 1268 589 EELIQUIS
1288 566 1314 585 IN
1332 566 1428 590 QUIBUS
1447 566 1497 585 νει
1524 566 1538 584 Α
1559 565 1618 585 FIDE
1640 565 1777 584 ABERRMKE
1798 564 1872 584 VIDE-

1126 600 1179 620 TUR
1198 601 1324 621 EUSEBIUS
1344 602 1370 620 IN
1389 601 1432 622 IIIS
1450 601 1659 625 COIIENTARIIS,
1680 601 1730 619 \‘EL
1750 600 1873 619 EXPLICA-

1127 635 1207 656 'I'IONE
1225 636 1292 657 OPUS
1310 637 1408 656 ΠΑΒΕΤ.

1091 682 1117 710 1.
1139 682 1272 719 Eusebius
1288 683 1439 719 plerumque
1460 692 1526 716 sua,
1559 691 1610 710 non
1632 682 1770 714 Ecclesim,
1796 692 1873 711 sensa

1127 718 1218 745 tradit.
1240 717 1343 746 ΗζΑη
1355 717 1428 754 neget
1444 724 1579 754 peccatum
1598 719 1736 754 originale.
1755 723 1780 745 et
1795 727 1829 746 an
1844 720 1873 746 id

1125 753 1257 789 dogmatis
1277 762 1309 781 ea:
1325 753 1436 789 Origene
1457 754 1585 781 hauserit.
1615 753 1674 780 III.
1689 754 1731 781 An
1754 759 1824 788 putet
1838 754 1871 781 Β.

1132 788 1264 824 Virginem
1290 789 1357 816 alios
1375 788 1456 824 quam
1471 789 1605 817 Christum
1627 788 1697 823 ﬁlios
1720 790 1871 822 suscepisse.

1128 823 1184 851 IV.
1196 823 1262 850 Eam
1291 833 1343 851 non
1365 825 1442 858 quasi
1469 832 1561 856 suam,
1592 825 1635 850 sed
1662 825 1738 858 quasi
1761 825 1874 850 alienam

1126 859 1280 886 sententiam
1305 859 1406 886 attulit.
1436 859 1467 886 V.
1485 859 1546 886 Non
1561 859 1654 886 statuit
1669 859 1736 886 duas
1752 859 1779 886 in
1793 859 1873 887 Chri-

1127 898 1167 920 sto
1180 902 1315 934 personas.
1339 893 1386 921 VI.
1401 894 1471 927 Quid
1486 894 1518 921 de
1533 894 1695 929 confessione
1708 900 1873 928 peccatorum

1127 934 1246 956 senserit.

1089 985 1107 1010 l.
1123 985 1245 1010 Eusebius
1255 985 1401 1016 plerumque
1413 991 1464 1014 sua,
1486 991 1536 1009 non
1560 984 1687 1014 Ecclesiae,
1706 991 1777 1009 sensa
1790 984 1873 1010 tradit.

1124 1036 1192 1064 Cum
1209 1037 1271 1072 quis
1290 1044 1323 1064 eo
1340 1036 1449 1064 devenit
1467 1041 1496 1064 ut
1512 1036 1574 1064 ﬁdei
1588 1037 1713 1072 dogmata
1732 1044 1763 1064 es
1777 1036 1874 1071 judieti

1083 1081 1130 1109 sui
1163 1082 1276 1109 arbitrio
1297 1082 1429 1114 deﬁniat,
1449 1090 1481 1110 ac
1499 1083 1556 1110 sive
1571 1091 1605 1110 ea
1622 1082 1795 1118 praejudicata
1815 1084 1875 1118 ορί-

1084 1128 1179 1160 nione,
1194 1129 1251 1156 sive
1264 1137 1296 1156 ex
1310 1128 1406 1157 aﬂectu
1422 1130 1594 1165 partiumque
1610 1130 1710 1164 studio,
1722 1129 1874 1157 divinarum

1090 1181 1180 1201 rerum
1199 1175 1406 1209 explicationem
1429 1175 1619 1210 aggrediatur,
1641 1175 1709 1203 nihil
1728 1176 1826 1203 mirum
1850 1176 1874 1203 si

1085 1219 1246 1254 frequenter
1269 1221 1377 1248 aberret
1398 1230 1404 1248 :
1424 1221 1514 1248 omnia
1541 1223 1640 1256 quippe
1668 1226 1731 1249 sunt
1759 1222 1873 1254 incerta,

1089 1273 1151 1293 eum
1180 1266 1262 1294 semel
1297 1267 1332 1294 ab
1359 1266 1486 1294 Ecclesia:
1516 1267 1624 1295 statutis
1645 1267 1796 1295 discessum
1820 1273 1871 1295 est.

1090 1311 1157 1340 Nam
1175 1319 1237 1340 cum
1254 1319 1353 1340 arcana
1368 1312 1482 1341 Deitatis
1499 1317 1526 1342 et
1544 1313 1693 1349 religionis,
1709 1313 1742 1341 ab
1755 1313 1874 1342 humano

1091 1367 1173 1386 sensu
1196 1359 1390 1390 remotissima,
1409 1359 1513 1387 Numen
1533 1360 1621 1395 ipsum
1644 1360 1794 1393 tradiderit,
1810 1368 1875 1387 non-

1091 1405 1146 1432 nisi
1175 1405 1297 1440 ejusdem
1327 1404 1451 1432 Numinis
1469 1413 1520 1440 ope
1545 1409 1572 1433 et
1590 1405 1682 1433 amatu
1708 1413 1740 1433 ea
1761 1410 1876 1441 possunt

1091 1450 1221 1485 explicari
1243 1457 1275 1477 ac
1294 1455 1368 1478 recte
1388 1451 1490 1486 percipi
1509 1458 1515 1476 :
1534 1458 1566 1478 ac
1593 1459 1656 1478 cum
1685 1451 1732 1478 uni
1747 1451 1875 1479 Ecclesiae

1090 1496 1248 1523 earumdem
1270 1503 1362 1524 rerum
1387 1497 1530 1524 arbitrium
1546 1496 1618 1525 Deus
1636 1497 1805 1532 permiserit,
1822 1499 1874 1532 ipsi

1091 1541 1141 1569 soli
1162 1541 1256 1569 eadem
1270 1542 1426 1577 explananti
1443 1550 1473 1570 se
1494 1542 1651 1570 adfuturum
1672 1543 1809 1578 pollicitus
1821 1548 1874 1571 est.

1093 1585 1165 1614 Nihil
1187 1587 1278 1622 itaque
1299 1588 1421 1616 insolens
1433 1592 1486 1620 est,
1501 1589 1523 1617 si
1540 1588 1685 1623 Eusebius,
1699 1589 1744 1624 qui
1758 1589 1875 1625 plerum—

1094 1640 1146 1667 que
1159 1632 1363 1667 Scripturarnm
1381 1639 1408 1662 et
1423 1634 1552 1662 Ecclesia:
1565 1635 1691 1670 dogmata
1704 1643 1736 1663 ex
1753 1643 1834 1663 sensu
1847 1639 1876 1662 et

1093 1679 1222 1714 opinione
1238 1687 1288 1707 sua
1307 1680 1444 1708 aestimare
1460 1687 1544 1708 ausus
1559 1685 1612 1714 est,
1628 1681 1654 1708 in
1673 1681 1765 1709 multis
1783 1681 1875 1716 lapsus

1094 1725 1138 1752 sit.
1161 1724 1193 1752 Et
1215 1724 1268 1759 jam
1286 1726 1396 1760 quidem
1415 1726 1475 1760 ejus
1487 1727 1617 1754 deVerbo
1632 1726 1679 1755 Dei
1698 1732 1826 1760 mentem,
1841 1735 1874 1755 ex

1093 1770 1215 1804 ejusdem
1240 1770 1351 1798 Eusebii
1376 1772 1503 1806 scriptis,
1533 1773 1634 1800 Ariana
1665 1773 1724 1800 labe
1752 1774 1875 1800 vitiatam

1094 1817 1387 1849 commonstravimus;
1406 1822 1530 1852 superest
1547 1822 1576 1845 ut
1590 1823 1689 1846 caetera
1703 1818 1876 1847 Commenta-

1094 1864 1196 1892 riorum
1214 1865 1283 1900 loq,
1301 1864 1346 1892 ubi
1362 1864 1404 1891 vel
1418 1864 1582 1891 heterodoxa
1599 1864 1641 1892 vel
1653 1868 1778 1899 suspecta
1792 1865 1877 1892 tradi-

1094 1910 1167 1938 disse
1182 1910 1299 1944 videtur,
1314 1910 1433 1937 breviter
1453 1909 1648 1944 expendamus.

1095 1964 1124 1989 Il.
1147 1964 1185 1989 An
1197 1966 1276 1995 neget
1295 1967 1422 1998 peccantu'm
1438 1963 1631 1998 originale.‘An
1652 1965 1677 1989 id
1699 1965 1820 1997 dogmatis
1843 1972 1874 1990 es

1362 1994 1470 2025 Origene
1487 1995 1605 2020 hauserit.

1128 2046 1272 2074 Peccatum
1295 2047 1438 2082 originale,
1452 2047 1509 2075 sive
1518 2048 1626 2082 culpam
1647 2049 1681 2075 ab
1695 2049 1814 2076 humano
1831 2057 1874 2083 ge-

1093 2100 1159 2120 nere
1179 2100 1212 2120 ex
1228 2092 1323 2119 Adami
1342 2093 1419 2128 lapsu
1441 2098 1619 2125 contractam,
1645 2101 1744 2129 negare
1762 2102 1875 2129 prorsus

1093 2138 1201 2166 videtur
1225 2137 1360 2166 Eusebius
1393 2139 1427 2166 ad
1458 2139 1556 2174 psalm.
1579 2147 1676 2171 sum,
1706 2140 1746 2166 6:
1767 2139 1822 2167 Cur
1840 2141 1875 2166 ti-

1093 2183 1167 2210 mebo
1183 2183 1210 2209 in
1221 2182 1263 2210 die
1277 2182 1368 2211 mola!
1385 2182 1516 2219 Iniquitas
1532 2183 1649 2211 caleanei
1664 2185 1714 2211 mei
1726 2184 1877 2211 circumda-

1094 2228 1131 2255 bit
1152 2237 1193 2256 me
1211 2237 1220 2256 :
1243 2229 1288 2256 ubi
1312 2229 1352 2257 sic
1368 2229 1449 2257 habet
1464 2239 1470 2256 :
1483 2230 1515 2256 El
1528 2229 1556 2256 δὲ
1571 2230 1714 2265 πρόσωπον
1729 2231 1831 2266 Κυρίου
1846 2231 1876 2256 τὸ

263 2275 320 2306 bat,
337 2281 372 2301 ne
385 2273 496 2301 verbum
512 2273 620 2307 quidem
642 2272 706 2300 fecit
721 2272 755 2300 de
770 2272 836 2299 Ario
853 2276 880 2300 et
895 2273 929 2300 de
941 2272 1042 2299 Ariana

1094 2274 1182 2309 λέγον,
1199 2275 1317 2310 πτέρναν
1333 2275 1416 2302 αὑτοῦ
1432 2275 1516 2311 εὕρῃς
1528 2276 1574 2302 τὸν
1590 2276 1701 2310 ἔσχατον
1715 2275 1762 2303 τοῦ
1781 2275 1875 2311 σώμα-

264 2319 360 2348 hazrcsi
377 2329 384 2347 :
397 2319 469 2354 quod
485 2319 598 2354 perinde
609 2322 652 2346 est
666 2325 698 2345 ac
713 2318 735 2345 si
748 2318 810 2352 quis
819 2316 983 2345 Tridentinae
999 2325 1044 2353 sy-

264 2366 329 2393 nodi
347 2365 489 2393 historiam
510 2368 614 2396 texens,
631 2364 665 2392 de
679 2363 842 2399 quibusdam
857 2364 889 2390 ὲκ
905 2364 1044 2399 παρέργου

263 2412 347 2447 gestis
361 2414 460 2445 ageret,
477 2410 510 2438 de
525 2409 644 2438 Luthero
658 2409 737 2437 nihil.
761 2409 790 2436 Si
811 2416 872 2436 cum
889 2409 987 2438 talibus
999 2417 1046 2445 ge-

265 2456 393 2484 stis-talia
407 2457 507 2491 scripta
519 2463 573 2484 non
588 2455 680 2483 obsint
696 2455 842 2490 quominus
854 2454 987 2482 Eusebius
999 2462 1045 2482 ca-

266 2503 384 2530 tholicus
404 2502 511 2530 dicatur
529 2510 590 2530 meo
614 2501 744 2537 periculo,
766 2509 846 2529 nemo
861 2509 980 2536 unquam
995 2500 1046 2529 fuit

266 2553 312 2576 aut
328 2548 437 2575 futurus
455 2553 506 2579 est,
529 2547 593 2582 quin
610 2544 771 2574 Eusebianis
785 2545 985 2574 conditionibus
1000 2553 1046 2572 or-

265 2594 403 2622 thodoxus
417 2593 471 2620 dici
484 2594 582 2620 valeat.
597 2592 668 2620 Nihil
680 2599 771 2619 moror
780 2599 828 2620 eos
840 2592 887 2627 qui
899 2591 1045 2620 Eusebium

266 2644 328 2668 ante
343 2639 486 2667 Niemnam'
497 2639 607 2673 quidem
623 2638 755 2674 synodum
775 2637 903 2665 Arianice
926 2638 1046 2666 sensisse

266 2693 299 2712 ac
312 2685 456 2719 scripsisse
474 2684 602 2717 fatentur,
615 2689 708 2719 postea
721 2691 783 2712 vero
793 2691 873 2712 secus
888 2693 895 2711 :
911 2692 972 2712 nam
983 2691 1045 2711 cum

268 2731 327 2759 sine
340 2731 527 2759 controversia
543 2731 592 2758 hos
607 2729 825 2758 Commentarios
841 2735 868 2758 et
882 2731 967 2758 libros
977 2730 1047 2758 Con-

268 2782 310 2804 tra
325 2775 491 2809 Marcellum,
505 2776 576 2804 unde
588 2777 747 2811 perspicuas
761 2781 788 2804 et
799 2776 954 2811 frequentes
968 2777 1046 2803 Aria-

267 2824 348 2851 nismi
375 2827 454 2850 notas
479 2822 612 2854 eruimus,
638 2822 715 2857 longe
737 2827 799 2858 post
818 2822 890 2849 illaut
911 2823 1046 2858 synodum

266 2868 393 2900 ediderit,
418 2868 523 2896 inutilis
549 2875 662 2902 prorsus
680 2867 725 2894 illa
749 2868 888 2896 distinctio
911 2877 918 2895 :
938 2875 999 2895 nam
1016 2873 1046 2895 ut

268 2920 331 2940 vere
344 2912 377 2940 de
388 2911 504 2942 Eusebio
515 2911 630 2945 dicatur,
648 2919 698 2940 nec
712 2912 839 2947 pmnituit
855 2913 982 2948 coepisse,
995 2920 1045 2941 nec

1095 2329 1139 2353 τος
1170 2322 1216 2348 καὶ
1239 2323 1272 2356 τῇ
1293 2322 1328 2356 γῇ
1355 2321 1536 2357 πλησιάζοντα
1568 2321 1684 2349 Ἰούδαν·
1718 2321 1796 2357 σῶμα
1823 2322 1876 2357 γὰρ

1095 2367 1197 2402 Κυριου
1219 2367 1243 2393 οι
1262 2366 1417 2394 ἀπόστολοι.
1441 2367 1478 2393 Οὐ
1500 2367 1636 2402 φοὸοὖμαι
1661 2364 1707 2393 οὖν
1724 2366 1773 2402 τὴν
1793 2365 1877 2393 Ἰούδα

1096 2411 1238 2448 προδοσίαν
1262 2413 1291 2438 ὲν
1316 2411 1356 2447 τῷ
1382 2411 1469 2448 καιρῷ
1495 2410 1542 2438 τοῦ
1569 2410 1703 2446 σταυροῦ·
1722 2409 1782 2436 ἐπεὶ
1810 2409 1877 2445 μηδὲ

1095 2455 1207 2488 ἕκαστος
1222 2456 1272 2491 τὴν
1285 2455 1331 2482 τοῦ
1348 2455 1432 2490 Ἀδὰμ.
1443 2456 1597 2491 παρακοήν
1615 2455 1716 2489 ταύτην
1740 2453 1795 2488 γὰρ
1824 2454 1876 2480 ὑπ-

1096 2500 1243 2537 ῃνιξάμεθα
1257 2501 1374 2536 πτέρναν
1388 2500 1501 2535 ἀνομίας
1518 2497 1597 2526 εἶναι.
1613 2499 1705 2531 Οὐδεὶς
1718 2499 1772 2534 γὰρ
1785 2499 1818 2526 δι’
1831 2499 1878 2526 ἄλ-

1096 2548 1141 2574 λου
1157 2547 1254 2574 κακίαν
1271 2547 1488 2578 καταδικάζεται,
1498 2546 1525 2574 id
1538 2550 1579 2574 est
1591 2554 1596 2571 ε
1607 2546 1637 2573 Si
1649 2554 1760 2580 persona
1769 2545 1877 2572 Domini

1096 2599 1134 2620 est
1149 2602 1207 2628 qua:
1228 2594 1352 2628 loquitur,
1383 2594 1535 2620 calcaneum
1551 2593 1607 2627 ejus
1624 2592 1801 2627 deprehendas
1821 2600 1878 2619 esse

1096 2639 1205 2671 ludam,
1221 2640 1265 2674 qui
1279 2639 1388 2665 ultimus
1403 2638 1431 2664 in
1447 2646 1562 2673 corpore,
1578 2644 1602 2665 et
1619 2643 1695 2665 terra?
1709 2638 1879 2672 propinquior

1096 2691 1162 2713 erat.
1173 2685 1244 2712 Nam
1260 2692 1352 2718 corpus
1363 2684 1468 2711 Domini
1491 2688 1551 2710 sunt
1568 2683 1689 2718 apostoli.
1723 2683 1783 2710 Non
1801 2684 1877 2710 timeo

1097 2733 1184 2766 itaque
1192 2731 1270 2758 Judte
1286 2730 1457 2765 proditionem
1475 2731 1503 2756 in
1519 2735 1631 2764 tempore
1642 2729 1727 2757 crucis
1739 2738 1749 2757 :
1759 2729 1879 2765 quando-

1095 2776 1198 2812 quidem
1212 2783 1291 2811 neque
1306 2775 1404 2810 singuli
1414 2775 1530 2803 homines
1543 2774 1639 2806 Adami
1656 2774 1878 2810 inobsequentiam

1097 2823 1186 2850 timere
1209 2821 1301 2849 debent
1319 2830 1328 2850 :
1344 2821 1413 2848 hanc
1435 2821 1528 2856 quippe
1555 2821 1707 2848 ealcaneum
1729 2821 1878 2857 iniquitatis

1096 2876 1150 2895 esse
1171 2866 1406 2894 subindicavimus.
1441 2866 1524 2894 Nemo
1549 2867 1619 2894 enim
1640 2874 1743 2902 propter
1769 2866 1878 2893 alterius

1097 2913 1238 2949 nequitiam
1259 2912 1458 2941 condemnatur.
1476 2912 1527 2941 Ubi
1545 2913 1633 2940 innuit
1650 2913 1705 2946 ille,
1723 2919 1776 2940 non
1792 2911 1878 2948 magis
