2055 3214
194 207 228 236 ιθ
588 205 838 235 COMMENTARIA
857 205 888 233 IN
909 202 1077 232 PSALMOS.
1094 218 1127 222 —
1138 203 1408 233 PllrELIMINARlA.
1775 205 1810 234 είο

193 266 376 294 damnandum
387 273 475 301 genus
491 265 639 291 humanum
651 272 712 292 esse
731 263 766 291 ob
780 263 877 291 Adami
900 262 977 290 inob—
991 262 1012 289 A
1027 267 1074 293 pro
1092 261 1150 288 istis
1165 263 1336 297 accipiamus,
1354 269 1455 288 necesse
1471 266 1509 289 est
1526 270 1572 288 nos
1586 266 1706 288 sanctam
1725 262 1812 298 Virgi-

194 308 374 347 seqnenti'am,
397 319 480 345 quam
496 316 609 338 caeteros
629 310 767 345 apostolos
782 309 902 337 obludte
919 315 981 343 pro-

192 358 333 385 ditionem.
357 356 409 389 Qui
430 355 574 390 Origenem
596 355 630 382 de
653 358 764 390 peccato
782 353 908 389 originali
927 360 980 380 non

193 403 328 431 catholico
347 402 468 430 sensisse
482 405 588 436 putant,
604 400 751 428 Eusebium
772 407 804 428 ex
817 398 981 434 Origeniana

193 448 393 483 disciplina,.in
413 456 468 483 qua
486 447 602 475 eductus
630 447 691 479 fuit,
710 447 767 473 haec
782 446 908 472 hausisse
922 444 981 480 opi-

193 494 342 522 nabantur.
365 492 433 519 Nam
456 492 497 524 is,
519 495 549 519 ut
570 492 677 527 ignorat
701 498 791 522 nemo,
807 489 980 525 Origenianis

193 547 300 574 semper
315 539 438 574 partibus
450 538 536 566 haesit.
545 536 646 565 Verum
662 536 689 563 in
704 536 843 564 hodiernis
856 534 980 571 Origenis

193 584 304 620 scriptis
320 585 387 612 nihil
400 591 455 611 non
472 591 568 611 sanum
582 582 800 610 etorthodosum
819 582 852 609 de
868 585 979 616 peccato

193 629 318 664 originali
344 628 470 656 traditur.
504 627 549 654 Sic
578 626 723 655 Comment.
756 627 783 653 in
811 625 978 659 blattha'um,

194 674 275 702 ﬂuet.
297 683 322 709 p.
339 674 401 706 39l,
416 674 505 709 arguit
519 673 564 701 ille
579 664 740 700 ex'lavacro
757 673 978 707 regeneratiornis,

196 721 268 758 quod
283 722 364 749 etiam
378 720 528 748 infantibus
546 720 749 750 conferebatur,
766 719 901 746 hominem
918 727 979 747 sor-

195 769 278 796 dibus
303 768 474 803 inquinatum
499 765 587 794 nasci.
625 765 658 792 Et
683 766 710 793 in
733 765 873 798 Joannem,
899 764 979 793 Huct.

197 823 223 850 p.
247 814 311 846 500,
342 814 390 845 ait,
411 811 469 839 Nos
495 811 613 848 quandiu
641 818 784 845 percautus
807 815 925 838 nostram
948 818 980 837 ea:

172 893 177 900 _
193 861 299 888 diabolo
312 860 505 895 generationem
529 857 645 885 nondum
661 858 763 884 exuisse
778 866 808 884 ac
819 857 977 891 deposuisse.

182 907 276 934 ,Ὅσον
304 905 433 940 ποιοῦμεν
450 903 602 939 ἁμαρτίας,
624 901 729 928 οὐδέπω
747 902 796 937 τὴν
812 902 845 928 ὲκ
859 901 907 928 τοῦ
922 902 979 928 δια-

196 951 274 978 ϐόλου
299 950 405 985 γένεσιν
429 948 650 984 ἀπεκδυσάμεθα.
671 947 703 974 In
732 947 845 974 Leuitico
875 951 976 979 autem,

195 998 260 1026 edit.
276 996 445 1024 Gencbrard.
457 1004 483 1031 p.
499 996 533 1023 90
547 1006 553 1022 :
573 995 739 1029 Quicunque
755 995 845 1021 anima
860 994 886 1021 in
902 1003 980 1022 conte

196 1044 326 1076 nascitur,
350 1043 500 1077 iniquitatis
521 1047 545 1069 et
565 1042 665 1076 peccati
682 1041 760 1069 sorde
782 1041 929 1075 polluitur;
953 1046 980 1068 et

197 1089 312 1116 inferius
325 1099 332 1116 ι
345 1087 375 1115 Si
390 1087 457 1114 nihil
477 1087 580 1114 essetin
601 1087 716 1121 parvulis
727 1107 734 1119 ,
751 1086 819 1121 quod
835 1085 869 1112 ad
886 1086 979 1113 remis-

195 1136 293 1162 sionem
309 1134 412 1161 deberet
430 1138 454 1160 et
471 1133 660 1167 indulgentiam
673 1133 812 1168 pertinere,
830 1133 918 1168 gratia
933 1129 980 1159 δατ

194 1180 283 1214 ριὶςπιί
307 1179 442 1213 superﬂua
467 1178 607 1205 videretur.
636 1177 690 1204 Nec
707 1176 978 1212 prmtermittendum,

194 1226 252 1253 hinc
267 1224 466 1253 Commentario
487 1224 514 1250 in
531 1222 675 1250 Levitieum
698 1230 747 1258 pro
764 1222 864 1257 spuriis
877 1221 978 1258 possim

195 1271 298 1299 haberi.
333 1270 453 1305 ldipsum
480 1273 571 1297 tamen
596 1269 660 1296 alibi
684 1269 763 1296 docet
796 1268 928 1304 Origenes
951 1269 979 1295 in

198 1317 266 1348 suis,
291 1323 351 1351 quas
375 1315 510 1349 hodieque
538 1318 705 1349 supersunt,
740 1314 868 1349 operibus
886 1324 892 1341 :
909 1314 980 1341 unde

195 1360 326 1388 inferatur
345 1367 394 1387 eos
410 1358 458 1394 qui
483 1358 625 1393 Origenem
653 1358 704 1385 hac
728 1359 756 1386 in
776 1362 852 1393 parte
875 1358 980 1386 violatae

196 1406 256 1434 ﬁdei
278 1409 427 1436 accusant,
445 1412 477 1432 ex
494 1404 609 1440 objectis
631 1405 783 1439 priscorum
805 1404 865 1439 ejus
883 1404 980 1432 adver—

196 1452 340 1483 sariorum,
363 1458 418 1478 non
435 1458 469 1478 ex
487 1450 547 1485 ejus
562 1450 701 1478 hodiernis
720 1450 858 1485 operibus,
879 1450 904 1477 id
922 1450 979 1485 opi-

195 1497 284 1524 nionis
298 1500 437 1524 mutuatos
462 1503 533 1523 esse.
551 1495 584 1522 Et
594 1503 661 1523 sane
683 1496 711 1522 in
726 1495 831 1531 synodo
842 1504 870 1528 v,
885 1494 980 1530 Orige-

196 1551 244 1570 nes
259 1543 319 1570 ideo
334 1542 479 1570 damnatus
501 1545 528 1569 et
544 1541 714 1576 proscriptus
735 1545 777 1569 cst
791 1551 798 1568 :
816 1541 888 1569 unde
911 1541 980 1568 forte

195 1589 302 1616 dicatur
317 1596 378 1624 quas
398 1588 424 1615 in
443 1587 580 1615 hodiernis
604 1588 664 1622 ejus
678 1587 788 1622 scriptis
805 1594 854 1622 pro
867 1591 980 1622 peccato

195 1635 322 1671 originali
343 1638 512 1669 Compar-ent,
536 1634 624 1661 aliena
654 1640 735 1660 manu
760 1633 865 1660 invecta
883 1625 977 1661 fuisse.

197 1678 266 1706 Nam
282 1686 366 1714 opera
376 1678 503 1713 Origenis
520 1678 547 1704 in
564 1677 732 1712 Scripturam
743 1698 750 1710 ,
763 1678 852 1706 variis
869 1678 896 1705 in
912 1678 979 1705 locis

200 1725 371 1760 interpolata,
387 1730 434 1753 aut
455 1725 548 1752 vitiata
563 1724 605 1752 vel
627 1728 755 1751 truncata
771 1724 846 1752 fuere
865 1732 871 1750 :
892 1732 980 1760 neque

198 1771 226 1799 in
237 1776 361 1807 promptu
376 1776 419 1800 est
431 1773 522 1799 dieere
535 1779 658 1807 quasnam
677 1771 704 1797 in
720 1770 830 1805 scriptis
844 1771 903 1805 ejus
918 1778 979 1797 cor-

197 1822 286 1852 rupta,
306 1826 429 1852 quaenam
455 1825 599 1853 germana,
620 1821 648 1844 et
659 1817 844 1844 Grzeeulorum
866 1817 979 1845 ausibus

198 1865 300 1891 intacta
320 1868 395 1892 sunt.
415 1863 506 1891 Rufini
524 1871 632 1899 quoque
646 1863 734 1890 versio
748 1863 829 1898 vulgo
853 1867 979 1897 suspecta

197 1910 323 1938 habetur.
349 1910 428 1943 Quod
442 1909 591 1937 Eusebium
614 1916 681 1937 vero
704 1912 820 1944 spectat,
839 1908 894 1936 duo
911 1908 980 1935 forte

195 1958 299 1991 possint
313 1956 347 1983 ad
360 1956 548 1991 purgationem
564 1956 624 1990 ejus
638 1954 768 1991 proferri;
784 1955 871 1990 primo
888 1955 979 1982 locum

195 1999 323 2033 superius
347 1999 474 2031 allatum,
503 2007 559 2027 non
584 2000 738 2034 integrum,
758 2000 805 2026 sed
823 2002 980 2026 truncatum

197 2044 281 2073 fuisse
298 2053 304 2070 :
324 2049 352 2072 ut
372 2046 435 2073 hinc
455 2045 600 2072 manifeste
622 2047 758 2082 arguitur,
781 2046 855 2081 quod
878 2046 937 2079 ipse
951 2053 981 2073 se

197 2091 323 2126 superius
347 2091 484 2119 indicasse
502 2091 675 2123 testilicetur,
696 2091 853 2119 calcaneum
878 2091 980 2126 iniqui-

197 2139 260 2165 tatis
283 2145 344 2165 esse
364 2137 461 2164 Adami
475 2137 727 2172 inobsequentiam,
745 2138 818 2172 quod
844 2145 979 2172 nusquam

197 2184 264 2211 alias
282 2184 309 2210 in
325 2184 368 2211 bis
384 2183 589 2211 commentariis
606 2183 740 2217 habetur;
765 2183 886 2211 secundo
906 2184 979 2218 quod

197 2231 260 2257 alibi
284 2232 312 2258 in
332 2231 375 2258 his
391 2230 595 2258 commentariis
619 2234 760 2265 peccatum
781 2230 914 2265 originale
928 2230 978 2257 ad—

1032 315 1089 333 nem
1106 308 1263 343 reliquorum
1282 308 1397 341 fratrum
1412 308 1468 342 ejus
1482 313 1591 334 matrem
1602 307 1697 335 dicere.
1717 307 1811 335 Verum

1030 351 1146 379 Iacobus
1156 373 1162 385 ,
1177 354 1222 388 qui
1237 353 1335 380 dicitur
1350 353 1434 388 frater
1447 353 1561 384 Domini,
1583 361 1635 380 non
1651 353 1752 380 videtur
1766 361 1812 388 pe-

1031 399 1150 433 regrinus
1167 399 1216 434 ipsi
1230 399 1328 434 fuisse,
1354 408 1400 427 nec
1415 399 1477 434 ﬁdei
1502 400 1530 426 in
1547 400 1633 433 ipsum
1652 404 1810 432 extraneas;

1031 447 1082 472 imo
1104 453 1163 472 vero
1179 453 1247 472 unus
1273 451 1330 473 erat
1352 453 1384 472 ea:
1406 446 1459 480 iis,
1488 445 1533 480 qui
1554 453 1614 472 cum
1633 446 1726 480 primis
1743 447 1812 473 inter

1029 500 1166 527 germanos
1181 491 1237 526 ejus
1252 491 1394 522 discipulos
1410 491 1646 526 computabantur;
1659 492 1698 519 ita
1713 497 1742 519 ut
1758 493 1812 527 ipse

1030 537 1130 571 primus
1140 535 1371 572 Jerosolymitame
1385 536 1518 564 Ecclesiae.
1535 536 1658 564 thronum
1672 538 1808 572 acciperet.

1031 581 1132 617 Reliqui
1146 582 1207 609 item
1222 582 1279 616 ejus
1294 582 1401 616 fratres,
1417 582 1465 609 etsi
1481 591 1496 608 a
1511 583 1640 616 principio
1655 591 1706 610 non
1720 583 1810 610 crede—

1030 631 1086 654 rent
1106 628 1132 654 in
1150 629 1234 662 ipsum
1246 635 1255 659 ,'
1269 632 1297 654 at
1313 633 1412 655 certum
1429 633 1468 655 est
1486 636 1529 655 eos
1549 633 1639 662 postea
1659 628 1809 656 credidisse.

1032 673 1134 700 Narrat
1148 674 1218 701 enim
1232 673 1402 709 Evangelia»:
1413 674 1518 710 (Matth.
1537 681 1587 704 xtl,
1603 674 1648 702 47)
1663 679 1773 702 matrem
1786 680 1811 702 et

1030 719 1126 753 fratres
1144 719 1201 754 ejus
1215 719 1290 754 foras
1310 720 1423 752 stetisse,
1443 725 1588 755 quo’rentes
1613 729 1672 747 eum
1699 721 1809 757 alloqui.

1031 765 1064 792 Et
1078 766 1105 793 in
1117 766 1226 793 Actibus
1239 766 1419 800 apostolorum
1439 766 1538 793 dicitur
1550 786 1557 798 ,
1575 766 1657 800 fuisse
1679 767 1810 801 apostolos

1030 820 1083 838 una
1096 817 1289 846 perseverantes
1305 813 1331 839 in
1346 813 1464 840 oratione
1480 821 1538 839 cum
1551 812 1639 839 Maria
1654 818 1738 840 matre
1754 814 1811 848 ejus

1029 862 1053 884 et
1077 857 1206 893 fratribus
1229 858 1285 892 ejus
1304 858 1374 893 (Act.
1394 858 1481 894 1,14).
1501 858 1552 891 Qui
1569 867 1629 894 ergo
1647 859 1812 886 existimetur

1030 904 1063 931 iis
1078 904 1228 940 peregrinus
1242 906 1316 932 esse?
1335 903 1433 932 Nullus
1449 905 1536 940 itaque
1553 905 1626 933 locus
1643 911 1769 940 superest,
1782 910 1811 932 ut

1029 948 1060 976 de
1083 949 1115 975 iis
1138 948 1244 975 dicatur
1264 956 1273 974 :
1297 958 1305 974 ι
1322 948 1472 976 Exlraneus
1495 950 1582 984 factus
1604 958 1662 976 sum
1681 950 1810 985 fratribus

1030 995 1104 1027 meis,
1116 999 1140 1021 et
1151 995 1303 1030 peregrinus
1315 995 1379 1029 ﬁliis
1400 996 1492 1023 aratris
1506 1004 1579 1023 metu.
1597 1006 1606 1021 ι
1625 995 1687 1023 Non
1697 996 1765 1024 enim
1778 997 1810 1024 iis

1028 1042 1195 1076 peregrinus.
1211 1041 1256 1068 sed
1273 1041 1386 1068 multum
1400 1042 1530 1076 pretiosus
1548 1046 1619 1074 erat;
1645 1043 1682 1069 ita
1701 1047 1729 1069 at
1747 1042 1809 1069 nul-

1030 1087 1133 1114 latenus
1150 1087 1254 1114 credere
1272 1088 1350 1114 liceat
1369 1096 1449 1122 supra
1465 1093 1623 1116 memoratos
1643 1088 1810 1124 fratresvcjus

1029 1134 1100 1168 ﬁlios
1111 1134 1207 1161 Maria:
1219 1134 1311 1169 fuisse.
1336 1134 1391 1162 Alii
1407 1143 1470 1162 sane
1489 1135 1586 1170 fuerint
1604 1136 1648 1170 qui
1667 1136 1695 1163 in
1709 1136 1811 1170 psalmo

1029 1181 1081 1215 ﬁlii
1097 1181 1190 1208 matris
1203 1181 1259 1215 ejus
1271 1181 1404 1213 dicuntur,
1416 1181 1559 1216 quibusque
1573 1186 1713 1209 emtraneus
1725 1181 1810 1216 factus

1029 1231 1078 1254 est.
1103 1227 1242 1262 Intelligas
1265 1236 1343 1262 porro
1361 1232 1472 1254 matrem
1489 1227 1592 1263 quidem
1605 1228 1662 1263 ejus
1686 1236 1741 1255 esse
1760 1227 1811 1254 Ju-

1029 1273 1148 1301 datorum
1171 1273 1348 1309 Synagogam,
1365 1278 1418 1301 etc.
1447 1274 1541 1302 Graeca
1563 1273 1705 1302 brevitatis
1728 1282 1810 1301 causa

1030 1319 1192 1351 omittimus,
1208 1319 1272 1354 quia
1284 1319 1359 1346 nulla
1372 1319 1406 1347 de
1421 1319 1455 1347 iis
1470 1323 1560 1355 potest
1575 1320 1642 1346 oriri
1658 1324 1812 1347 controver-

1030 1364 1080 1391 sia.
1097 1363 1145 1391 Hic
1161 1368 1262 1396 autem,
1282 1369 1310 1392 ut
1329 1364 1421 1392 videre
1435 1369 1488 1396 est,
1505 1373 1565 1392 rem
1583 1365 1810 1400 προϐληματικὼς

1031 1414 1136 1437 tantum
1154 1411 1297 1445 proponit,
1318 1417 1369 1438 nec
1384 1417 1443 1437 eam
1464 1411 1538 1438 velut
1553 1419 1630 1438 suam
1646 1410 1810 1438 sententiam

1031 1455 1118 1483 affert.
1139 1455 1207 1483 Nam
1228 1457 1264 1483 ita
1284 1456 1379 1491 arguit.
1398 1456 1443 1484 ille
1463 1465 1471 1483 ι
1495 1456 1524 1483 Si
1540 1456 1610 1484 filios
1635 1457 1732 1484 matris
1750 1456 1810 1490 ejus

1030 1501 1076 1529 hic
1090 1501 1124 1528 ad
1138 1501 1257 1529 litteram
1274 1502 1452 1536 accipiamus,
1472 1501 1536 1528 hinc
1552 1502 1731 1536 consequitur
1747 1509 1810 1529 san-

1031 1550 1104 1572 ctam
1119 1545 1258 1581 Virginem
1275 1545 1442 1580 reliquorum
1460 1545 1574 1573 fratrum
1591 1546 1651 1580 ejus
1673 1553 1735 1574 esse
1753 1554 1810 1573 ma-

1032 1594 1115 1622 trem;
1133 1598 1195 1617 cum
1215 1593 1305 1616 autem
1327 1590 1396 1616 nolit
1411 1589 1456 1616 hic
1472 1597 1616 1625 germanos
1637 1589 1737 1618 fratres
1750 1590 1810 1624 eius

1030 1633 1196 1670 significari,
1221 1642 1309 1670 neque
1334 1635 1472 1669 sequelam
1488 1634 1560 1662 haud
1579 1635 1662 1663 dubie
1684 1635 1810 1663 admittit.

1029 1679 1062 1706 Et
1075 1687 1140 1707 sane
1154 1686 1208 1706 non
1224 1680 1361 1707 nesciebat
1374 1680 1419 1707 ille
1429 1684 1548 1708 veterum
1563 1680 1691 1709 Ecclesiae
1701 1679 1810 1708 Patrum

1029 1733 1088 1753 eam
1113 1726 1275 1754 sententiam
1293 1725 1388 1759 fuisse,
1401 1725 1515 1754 Mariam
1535 1727 1617 1755 unius
1629 1727 1732 1755 Christi
1750 1735 1812 1755 esse

1029 1775 1160 1804 matrem,
1176 1771 1353 1804 Tertulliani,
1373 1771 1521 1800 Clementis
1537 1772 1730 1806 Alexandrini,
1748 1772 1811 1800 Ori-

1028 1818 1105 1854 genis
1117 1827 1124 1845 :
1138 1819 1184 1853 qui
1198 1822 1289 1846 tamen
1304 1823 1458 1854 postremus
1472 1819 1562 1846 innuit
1578 1820 1723 1847 nonnullos
1733 1827 1811 1847 secus

1029 1864 1176 1896 aestimare,
1204 1869 1231 1891 et
1246 1864 1364 1892 Eusebio
1388 1872 1490 1899 suppar
1509 1865 1625 1893 Basilius
1648 1873 1705 1892 rem
1732 1865 1811 1900 quasi

1030 1910 1151 1938 nondum
1171 1909 1309 1938 deﬁnitam
1330 1911 1466 1945 proponit.
1485 1910 1584 1938 Verum
1597 1910 1718 1939 Ecclesia
1734 1911 1809 1938 dein-

1030 1963 1093 1990 ceps
1120 1954 1148 1982 in
1169 1954 1321 1982 Helvidium
1343 1956 1511 1983 sententiam.
1529 1955 1649 1988 ferente,
1680 1961 1812 1991 quotquot

1030 2000 1063 2028 Β.
1077 2001 1212 2036 Virginem
1230 2000 1298 2028 alios
1315 2000 1560 2036 praeterChristum
1574 2001 1644 2030 tilios
1658 2003 1812 2037 suscepisse

1030 2047 1168 2078 dixerunt,
1185 2054 1234 2082 pro
1250 2046 1424 2074 heterodoxis
1436 2047 1613 2075 habitisunt.

1151 2115 1179 2140 V.
1193 2115 1246 2140 Nam
1257 2115 1344 2140 statuit
1353 2116 1413 2140 duas
1422 2117 1447 2140 in
1458 2116 1555 2141 Christo
1567 2123 1691 2148 personas.

1065 2179 1171 2207 Passim
1185 2179 1322 2207 Eusebius
1339 2179 1366 2206 in
1382 2180 1424 2207 his
1445 2180 1648 2207 commentariis
1661 2179 1695 2207 de
1714 2179 1813 2206 huma-

1031 2225 1116 2253 nitate
1127 2225 1246 2258 Christi,
1265 2226 1345 2261 quasi
1364 2225 1397 2253 de
1416 2233 1534 2260 persona
1558 2226 1674 2261 quadam
1693 2227 1812 2261 propria,

198 2278 304 2303 mittere
323 2276 467 2303 videatur:
486 2275 528 2303 sic
544 2275 572 2302 in
587 2275 645 2303 haec
656 2276 740 2303 verba
755 2276 853 2311 psalmi
867 2283 894 2308 1.,
913 2275 978 2303 Ecce
993 2274 1017 2302 n
1032 2271 1113 2297 verba
1134 2270 1224 2298 facere
1245 2271 1363 2303 videtur,
1391 2271 1455 2298 dum
1479 2271 1631 2298 sexcenties
1654 2271 1812 2302 humanam.

197 2322 264 2348 enim
279 2323 306 2348 in
320 2322 504 2356 iniquitatibus
516 2327 652 2357 conceptus
661 2330 731 2354 sum,
745 2323 782 2349 ait
795 2322 912 2350 infantes
925 2329 979 2349 non

198 2369 225 2396 in
238 2369 332 2397 matris
346 2369 548 2404 iniquitatibus,
563 2369 612 2396 sed
628 2369 655 2395 in
670 2370 739 2401 suis,
750 2370 838 2396 nasci.

198 2435 238 2460 lli.
253 2436 289 2461 An
300 2438 373 2467 putet
395 2437 423 2460 B.
445 2436 573 2467 Virginem
594 2434 654 2460 alios
666 2439 756 2467 praeter
775 2435 898 2461 Christum
918 2437 980 2461 ﬁlios

228 2467 347 2491 habuisse.
362 2479 393 2483 —
404 2467 444 2492 Ν.
469 2467 495 2491 Id
509 2473 558 2491 non
570 2467 639 2497 quasi
648 2473 725 2496 suam,
738 2467 782 2491 sed
796 2468 864 2497 quasi
875 2467 981 2491 alienam

226 2499 372 2523 sententiam
381 2499 473 2523 attulit.

232 2549 279 2578 Est
295 2551 363 2578 alius
379 2550 493 2578 Eusebii
506 2550 594 2581 locus,
612 2549 640 2575 in
655 2557 710 2583 quo
728 2549 817 2584 prima
836 2549 926 2576 fronte
941 2549 980 2576 vi—

201 2595 292 2624 deatur
307 2596 429 2628 credere,
446 2600 495 2622 aut
507 2595 646 2630 probabile
662 2595 818 2622 existimare
833 2594 862 2621 Β.
879 2593 910 2620 V.
923 2593 980 2621 Ma-

201 2642 264 2668 riam
285 2643 353 2669 alios
371 2647 468 2677 przeter
481 2642 621 2670 Christum
643 2641 713 2668 ﬁlios
735 2640 912 2675 suscepisse;
936 2647 981 2666 ve.

202 2695 259 2713 rum
281 2687 438 2714 accuratius
459 2686 601 2721 explorata
623 2685 770 2712 verborum
791 2683 863 2711 serie
884 2683 980 2716 depre-

202 2733 328 2760 henditur
340 2733 415 2760 illum
430 2733 500 2760 hanc
515 2731 678 2759 sententiam
688 2729 766 2765 quasi
781 2729 908 2761 alienam,
925 2735 989 2755 non.

201 2786 262 2806 vero
280 2787 374 2810 suam,
396 2785 558 2813 proponere.
582 2777 732 2804 Locusrsic
748 2776 828 2803 habet
849 2774 883 2801 ad
909 2774 980 2801 hunc

203 2825 266 2859 psal.
294 2832 379 2852 vatu
399 2833 508 2852 versum
525 2833 532 2851 :
552 2833 560 2849 ι
573 2823 723 2850 Extraneus
743 2821 830 2856 factus
849 2829 908 2847 sum
923 2821 980 2855 fra—

203 2871 283 2898 tribus
302 2869 383 2904 meis,
405 2875 429 2897 et
445 2870 593 2905 peregrinus
617 2869 683 2904 filiis
709 2868 801 2894 matris
826 2876 899 2894 metu.
916 2877 925 2892 ι
951 2867 981 2894 Si

204 2919 279 2953 igitur
295 2918 364 2953 ﬁlios
385 2917 477 2944 matris
500 2917 555 2951 ejus
576 2916 602 2942 in
622 2915 669 2943 hoc
688 2915 790 2950 psalmo
811 2915 849 2942 sic
866 2919 979 2946 vocatos,

1032 2323 1113 2351 quam
1129 2315 1255 2344 Christus
1276 2317 1425 2352 assumpsit
1447 2321 1588 2349 naturam,
1610 2317 1739 2343 hominem
1751 2316 1813 2344 Ser-

1033 2362 1146 2394 ualoris,
1167 2365 1194 2389 et
1215 2362 1346 2388 hominem
1365 2362 1464 2391 Christi
1491 2367 1649 2396 nuncupat,
1676 2367 1704 2389 et
1730 2362 1813 2389 alium

1034 2415 1047 2433 a
1063 2406 1152 2434 Verbo
1167 2406 1270 2434 Christi
1293 2407 1430 2434 hominem
1454 2407 1574 2435 indicare
1590 2406 1697 2433 videtur
1715 2416 1722 2433 :
1741 2407 1813 2442 quod

1033 2453 1161 2488 loquendi
1185 2461 1272 2487 genus
1286 2453 1436 2480 secundum
1457 2453 1514 2479 haec
1533 2453 1626 2480 multis
1657 2452 1814 2481 nominibus

1034 2504 1188 2534 suspectum
1201 2506 1261 2526 esse
1282 2499 1374 2534 εωμὶι,
1393 2506 1456 2526 cum
1472 2498 1591 2525 haeretici
1606 2499 1729 2533 quidam,
1746 2499 1814 2527 Ver-

1033 2546 1097 2572 bum
1124 2545 1169 2572 Dei
1191 2544 1218 2571 in
1243 2545 1379 2572 hominem
1397 2552 1429 2571 ex
1451 2543 1535 2571 Maria
1561 2548 1656 2572 natum
1670 2565 1678 2577 ,
1705 2545 1815 2580 perinde

1034 2596 1114 2625 atque
1139 2591 1202 2617 olim
1231 2592 1258 2618 in
1281 2591 1444 2626 prophetas,
1473 2591 1617 2619 advenisse
1639 2596 1812 2627 pugnarent:

1033 2637 1150 2664 maxime
1163 2645 1227 2664 vero
1241 2642 1344 2672 postea,
1359 2644 1420 2663 cum
1438 2636 1534 2664 horum
1546 2638 1669 2673 vestigiis
1685 2637 1815 2665 insistens

1034 2681 1191 2714 Nestor-ius,
1214 2683 1282 2710 duas
1301 2682 1328 2709 in
1340 2682 1450 2710 Christo
1465 2690 1598 2718 personas
1619 2691 1679 2711 esse
1701 2683 1816 2710 aﬁirma-

1034 2732 1084 2754 ret.
1099 2727 1198 2755 Verum
1213 2732 1358 2762 antequam
1375 2728 1426 2756 hac
1447 2729 1474 2755 in
1493 2736 1522 2756 re
1538 2734 1667 2756 novarent
1683 2729 1814 2760 luerctiei.

1035 2773 1084 2801 SS.
1100 2773 1193 2801 Patres
1209 2774 1298 2801 abhis
1311 2774 1436 2809 loquendi
1456 2775 1603 2810 generibus
1615 2783 1668 2802 non
1683 2775 1816 2804 abhorre-

1035 2820 1109 2848 bant.
1131 2821 1197 2847 Nam
1211 2820 1378 2848 Athanasius
1393 2821 1481 2848 virum
1499 2829 1533 2848 ex
1544 2820 1628 2847 Maria
1649 2825 1753 2854 natum,
1770 2821 1816 2848 lio-

1035 2869 1129 2895 mincm
1144 2867 1327 2900 Dominicum,
1347 2875 1400 2895 non
1422 2867 1505 2894 selnel
1524 2866 1679 2902 appellavit;
1699 2867 1816 2902 Epipha-

1036 2915 1097 2941 nius
1114 2913 1240 2941 similitcr
1256 2913 1307 2940 hac
1321 2913 1448 2949 loquendi
1462 2913 1579 2940 formula
1592 2919 1634 2941 est
1648 2921 1723 2940 usus.
1746 2912 1815 2945 Quia
