2055 3214
246 196 278 228 Si
583 201 716 231 EUSEBII
736 202 972 230 CESARIENSIS
990 203 1064 231 OPP.
1084 203 1175 232 PARS
1191 202 1234 230 lll.
1253 213 1288 222 ἡ
1308 201 1512 230 EXEGETICA.
1833 199 1867 226 ΕΞ

247 266 314 288 tunc
331 261 461 295 temporis
481 268 542 288 cum
559 261 626 288 nihil
639 269 670 289 ea
690 261 717 288 in
740 269 769 289 re
785 261 858 289 dubii
874 262 916 290 vel
928 262 1031 290 erroris

1091 263 1139 290 ῗδια
1178 262 1281 289 ἑαυτῶν
1308 262 1424 293 ἕκαστος
1449 260 1484 287 τὰ
1515 260 1625 296 ῥήματα
1650 259 1700 294 τῆς
1727 258 1867 294 μετανοίας

247 307 322 335 esset
339 307 477 338 obortum,
499 307 557 334 haec
576 307 638 334 ﬁdei
664 308 753 342 capita
775 315 829 334 non
848 313 927 335 erant.
950 308 1032 336 certis

246 354 392 381 Verborum
413 353 547 381 limitibus
568 353 787 389 circumscripta.
811 353 903 386 Quare
925 361 978 381 non
992 355 1033 381 vi-

246 401 326 427 detur
341 399 477 427 Eusebius
488 407 519 426 ea
537 398 571 426 de
587 407 672 426 causa
688 400 714 426 in
731 404 836 426 novata:
858 399 920 428 fidei
937 400 1030 435 suspi-

246 447 352 473 cionem
368 446 458 473 vocari
473 453 562 480 posse.
577 445 662 473 Secus
676 449 768 473 tamen
784 447 852 474 bene
866 446 943 473 multi
958 446 1033 474 testi-

247 496 339 525 mant,
357 499 388 518 ac
402 491 550 518 Eusebium
566 492 635 518 duas
655 493 683 518 in
699 491 811 520 Christo
826 499 958 526 personas
978 496 1035 519 sta-

248 537 334 564 tuisse
360 544 519 572 persuasum
545 537 657 564 habent.
681 536 785 565 Verum
811 545 876 564 cum
902 545 934 564 ea
950 538 983 564 de
1007 545 1035 564 re

247 578 357 610 Eusebii
381 587 502 617 tempore
526 583 659 609 nihildum
677 588 883 610 controversum
899 588 946 610 aut
961 590 1035 618 quae-

247 628 330 655 situm
347 628 453 660 fuisset,
470 636 525 655 non
540 629 568 655 in
581 633 705 664 promptu
720 633 762 657 est
775 629 866 656 dicere
883 629 1036 656 novandine

247 673 339 701 studio
359 681 392 701 ac
408 674 441 701 de
459 674 612 713 industria,
634 682 669 701 an
694 674 879 709 perfunctorie
898 680 925 702 et
942 675 1031 702 obiter

249 723 356 748 loculus
373 721 418 748 sit.
436 719 486 747 Cui
504 720 646 756 posteriori
666 721 809 748 sententiae
825 721 955 749 libentius
969 721 1036 748 asti-

249 764 368 798 pularer,
391 764 455 800 quia
481 772 536 791 non
565 765 648 792 semel
676 765 722 792 ille
746 764 776 792 B.
789 764 928 801 Virginem
954 771 1037 793 vocat

247 808 378 835 Θεοτόκον
400 817 407 834 :
431 817 512 843 quam
536 817 627 836 vocem
651 809 832 844 respttebant,
858 810 904 845 qui
923 810 992 838 duas
1011 811 1038 838 in

248 855 359 883 Christo
382 863 514 890 personas
537 863 598 883 esse
620 856 836 884 arbitrabantur.
863 856 921 884 Vox
946 860 1037 884 autem

250 902 294 928 illa
320 901 428 929 Eusebii
461 905 583 937 temporc
609 909 624 928 a
646 900 775 929 Patribus
801 902 1037 937 frequentabatur.

251 947 377 974 Occurrit
390 948 461 974 enim
477 948 505 974 in
522 947 637 982 epistola
650 947 798 975 Alexandri
811 948 986 975 Alexandri-ni
1003 948 1038 975 ad
1054 938 1075 965 Β

250 994 435 1022 Alexandrum
450 993 638 1030 Byzantinum,
654 999 681 1021 et
700 994 771 1029 apud
783 994 962 1022 Athanasium
984 993 1037 1023 fre-

249 1039 439 1075 quentissime.

325 1097 368 1122 VI.
381 1097 445 1126 Quid
455 1097 488 1121 de
505 1097 660 1122 confessione
675 1099 830 1128 peccatorum
842 1098 958 1122 senserit.

287 1149 379 1184 Neque
392 1153 457 1184 puto
470 1150 533 1176 item
553 1150 581 1176 in
590 1149 636 1184 jus
651 1150 804 1177 vocandum
819 1149 965 1177 Eusebium
977 1156 1040 1177 esse

249 1196 323 1230 quod
340 1195 373 1222 ad
390 1195 523 1230 psalmum
539 1203 593 1226 κει,
610 1195 713 1222 Bonum
728 1200 765 1222 est
783 1195 903 1230 conﬁteri
913 1194 1037 1226 Domino,

249 1241 347 1268 dixerit
359 1250 365 1266 :
376 1241 431 1267 Καὶ
447 1240 501 1276 γὰρ
513 1241 646 1276 προσήκει
662 1241 700 1276 μὴ
717 1241 871 1277 ἀνθρώποις
888 1240 1039 1267 ἐπιδείκνυ-

250 1287 312 1314 σθαι
335 1287 384 1322 τὴν
399 1287 607 1322 ἐξομολόγησιν,
629 1287 656 1314 id
671 1291 713 1314 est
727 1295 733 1313 :
751 1287 805 1313 Par
821 1287 915 1322 quippe
937 1290 976 1312 est
987 1294 1039 1312 non

249 1332 399 1360 hominibus
416 1332 617 1367 confessionem,
632 1338 805 1368 peccatorum
821 1333 937 1364 scilicet,
952 1332 1038 1359 edere.

251 1379 301 1407 llic
327 1381 399 1406 cnim
414 1379 469 1414 agit
485 1379 519 1406 de
536 1380 632 1414 prisca:
655 1380 730 1407 illius
751 1379 881 1407 Ecclesiae
900 1379 966 1412 ritu,
986 1387 1040 1413 quo

249 1424 394 1451 Dominica
423 1424 466 1451 die
484 1425 572 1459 primo
599 1424 722 1451 diluculo
752 1425 778 1451 in
805 1425 922 1451 ecclesia
952 1425 1038 1451 coacti

249 1470 398 1498 Christiani
413 1470 515 1505 populi,
531 1469 585 1497 Deo
602 1470 816 1503 conﬁtebantur,
832 1478 894 1497 cum
913 1474 1041 1505 peccato-

249 1525 310 1544 rum
334 1517 428 1544 sordes
444 1525 491 1552 per
508 1517 642 1544 sinceram
662 1517 695 1543 ad
712 1516 796 1544 Deum
821 1517 950 1544 emissam
970 1523 1039 1543 con-

250 1563 399 1590 fessionem
424 1563 608 1598 deplomntes,
628 1567 685 1589 tutu
702 1570 752 1597 pro
767 1563 874 1590 collatis
898 1562 1039 1589 beneficiis

1084 309 1261 344 ποιούμενοι,
1279 309 1332 336 hoc
1354 313 1397 336 est
1415 317 1421 335 :
1436 307 1484 334 Die
1508 307 1567 341 jam
1594 306 1758 332 illucescente
1780 313 1867 332 omnes

1084 356 1180 387 simul,
1206 356 1283 390 quasi
1310 363 1362 382 uno
1386 362 1429 380 ore
1453 358 1477 380 et
1501 361 1552 380 uno
1575 352 1669 385 corde,
1694 351 1866 386 confessionis

1084 403 1217 437 psalmum
1235 401 1346 429 Domino
1362 401 1488 435 referunt,
1503 399 1601 434 singuli
1619 399 1776 434 ptenitentite
1791 397 1868 425 verba

1086 450 1163 484 quasi
1187 457 1236 475 sua
1259 447 1431 482 profcrentes.
1452 446 1515 473 Haec
1537 453 1589 473 una
1608 445 1746 473 confessio
1763 449 1816 476 est,
1835 444 1869 471 de

1086 502 1139 530 qua
1158 495 1200 521 hic
1215 494 1348 521 Eusebius
1369 493 1434 528 agit.
1456 491 1524 519 Natu
1544 491 1746 518 confessionem
1772 490 1868 518 saltem

1087 541 1222 576 publicam
1240 539 1344 567 homini
1359 538 1510 566 faciendam
1530 545 1564 565 ne
1580 536 1737 564 heterodoxi
1759 536 1868 571 quidem

1087 586 1213 614 hodierni
1231 591 1295 612 tunc
1318 586 1344 612 in
1365 592 1439 612 more
1463 584 1548 611 fuisse
1572 586 1680 618 negant.
1701 582 1791 615 Quare
1807 589 1869 609 cum

1088 633 1133 660 hic
1163 631 1275 659 Eusebii
1301 632 1377 658 locus
1400 638 1454 669 non
1482 630 1568 664 magis
1597 632 1693 656 contra
1718 628 1869 663 privatam,

1088 686 1169 714 quam
1188 681 1283 705 contra
1300 677 1436 711 publicam
1448 675 1648 704 confessionem
1664 674 1756 702 alierri
1772 674 1870 706 valeat,

1088 731 1212 754 neutram
1232 733 1296 752 vere
1316 724 1431 759 impetit.
1453 723 1532 750 Certe
1554 723 1582 749 in
1604 721 1723 748 Historia
1745 721 1870 750 ecclesia-

1089 773 1158 799 alica
1176 771 1261 806 legem
1278 769 1423 797 contitendi
1441 773 1551 804 peccata
1568 769 1611 800 iis,
1626 768 1724 802 quibus
1748 766 1871 794 solvendi

1091 818 1206 846 facultas
1233 816 1415 848 conceditur,
1443 819 1536 850 aperte
1563 818 1695 842 memorat
1721 813 1868 840 Eusebius:

1089 871 1153 892 nam
1184 864 1217 891 de
1240 863 1365 897 Philippo
1397 862 1561 896 imperatore
1586 868 1669 895 agens
1698 860 1755 886 haec
1779 859 1883 896 habet“

1091 912 1108 938 l.
1120 918 1162 941 tu.
1179 918 1203 937 c.
1217 909 1252 937 54
1265 908 1378 936 ιΤοῦτον
1392 907 1502 942 κατέχει
1517 907 1604 941 λόγος,
1619 906 1783 942 Χριστιανὸν
1797 905 1872 936 ὄντα,

1089 957 1118 983 ἐν
1138 955 1228 991 ἡμέρᾳ
1247 955 1296 989 τῆς
1318 954 1435 987 ὑστάτης
1456 952 1502 978 τοῦ
1521 952 1616 986 Πάσχα
1639 951 1808 985 παννυχίδος,
1820 949 1873 976 τῶν

1087 1001 1134 1028 ἐπὶ
1150 1002 1198 1036 τῆς
1216 999 1378 1035 Ἐκκλησίας
1389 998 1476 1034 εὐχῶν
1492 998 1531 1033 τῷ
1545 997 1640 1033 πλήθει
1657 997 1800 1032 μετασχεῖν
1817 995 1876 1022 ἐθε-

1088 1049 1184 1084 λῆσαι·
1202 1049 1232 1074 οὺ
1246 1047 1378 1083 πρότερον
1392 1046 1420 1072 δὲ
1437 1045 1489 1072 ὑπὸ
1500 1044 1547 1071 τοῦ
1563 1044 1690 1080 τηνικάδε
1706 1042 1875 1078 προεστῶτος

1088 1093 1272 1129 ἐπιτραπῆναι
1288 1091 1433 1122 εἰσϐαλεῖν,
1451 1090 1467 1125 ἢ
1484 1088 1739 1124 ἐξομολογήσασθαι,
1757 1088 1803 1115 καὶ
1817 1088 1874 1116 τοῖς

1088 1143 1117 1167 ὲν
1132 1137 1352 1175 παραπτώμασιν
1376 1135 1594 1170 ὲξεταζομένοις,
1613 1134 1755 1169 μετανοίας
1774 1141 1805 1159 τε
1824 1131 1877 1168 χώ-

1090 1193 1139 1221 ραν
1157 1184 1287 1218 ἵσχουσιν,
1310 1181 1405 1208 ἑαυτὸν
1429 1179 1593 1212 καταλέξαι·
1613 1179 1700 1210 ἄλλως
1712 1178 1766 1214 γὰρ
1785 1178 1821 1214 μὴ
1843 1178 1877 1205 ἄν

1089 1239 1154 1257 ποτε
1179 1230 1246 1265 πρὸς
1270 1228 1369 1256 αὑτοῦ.
1396 1227 1433 1262 μὴ
1457 1227 1517 1261 οὐχὶ
1541 1226 1619 1252 τοῦτο
1641 1226 1806 1261 ποιήσαντα,
1832 1224 1877 1251 διὰ

1089 1278 1189 1310 πολλὰς
1199 1277 1252 1304 τῶν
1263 1277 1322 1303 κατ’
1338 1275 1418 1302 αὑτὸν
1430 1275 1527 1305 αἰτίας,
1546 1272 1757 1309 παραδεχθῆναι,
1775 1272 1801 1299 id
1815 1276 1875 1299 est:

1092 1325 1230 1352 Narratur
1251 1324 1337 1354 hunc,
1358 1322 1526 1349 Christianus
1543 1328 1603 1347 cum
1623 1324 1704 1349 esset,
1728 1319 1755 1345 in
1771 1318 1813 1345 die
1828 1326 1875 1352 po—

1091 1372 1181 1399 stremi
1199 1370 1309 1397 Paschte
1327 1368 1468 1404 pervigilii,
1483 1367 1663 1402 pret-alienum
1678 1365 1804 1392 Ecclesia:
1818 1373 1876 1391 cum

1091 1419 1193 1453 reliqua
1216 1415 1386 1443 multitudine
1410 1414 1566 1449 participem
1588 1412 1646 1447 ﬁeri
1670 1411 1781 1438 valuisse
1803 1419 1811 1436 :
1832 1409 1876 1436 sed

1091 1474 1143 1492 non
1159 1464 1233 1499 prius
1249 1463 1272 1490 ei
1292 1462 1324 1489 ab
1339 1470 1380 1492 eo,
1396 1461 1441 1496 qui
1456 1459 1533 1486 ist/lic
1548 1462 1675 1493 pricerat,
1695 1457 1797 1484 aditum
1817 1464 1879 1482 con-

1091 1519 1192 1538 cessum
1208 1510 1300 1544 fuisse,
1314 1515 1393 1543 quam
1410 1506 1545 1541 confessus
1559 1509 1637 1536 esset,
1657 1511 1688 1530 ac
1702 1503 1735 1530 iis
1751 1503 1796 1538 qui
1812 1503 1879 1535 lapsi

1092 1559 1198 1593 fuerant
1213 1564 1238 1583 et
1255 1555 1282 1582 in
1298 1553 1479 1588 pamitentium
1499 1551 1591 1578 ordine
1607 1550 1724 1582 stabant,
1740 1557 1767 1575 se
1783 1548 1881 1582 adjun-

251 1610 307 1637 Ι)οο
321 1610 423 1644 gratias
443 1613 553 1644 agentes
567 1618 572 1634 :
592 1617 653 1636 nam
681 1613 796 1644 utroque
824 1609 905 1635 modo
929 1609 1036 1636 confes-
1050 1611 1072 1640 C
1087 1606 1178 1633 xiuet.
1202 1602 1325 1636 Alioquin
1341 1601 1372 1627 ob
1387 1608 1417 1626 ea
1431 1607 1489 1634 qua:
1505 1597 1650 1644 adtttiserat
1667 1595 1794 1644 crimina,
1813 1602 1881 1644 nun-

252 1656 356 1682 sioncm
373 1654 416 1681 edi
432 1663 485 1682 non
502 1655 585 1681 semel
604 1655 683 1681 docet
696 1654 838 1682 Eusebius.
856 1654 934 1687 Quod
949 1658 1039 1680 autem

251 1701 286 1727 de
302 1700 347 1726 illa
370 1704 475 1726 tantunt
500 1699 673 1727 confessione
695 1701 841 1731 matutina,
857 1701 885 1726 in
905 1703 978 1726 coetu
995 1707 1040 1726 cc-

251 1746 343 1773 clesize
368 1745 489 1777 edenda,
519 1746 564 1772 hic
591 1752 651 1781 agat
665 1746 816 1778 Eusebius,
843 1746 983 1780 propalam
1007 1753 1039 1772 ex

253 1792 473 1827 praecedentibus
491 1797 543 1819 est.
561 1791 628 1819 Nam
645 1800 707 1819 cum
725 1793 845 1826 psalmus
870 1793 925 1825 ille,
941 1792 1040 1819 inscri-

253 1844 327 1873 ptus,
349 1839 380 1865 In
400 1838 442 1864 die
458 1837 581 1870 Sabbati,
603 1839 642 1866 sic
660 1838 802 1865 exordium
826 1838 918 1870 ducat,
938 1838 1040 1865 Bonum

253 1889 292 1911 est
311 1885 433 1919 conﬁteri
455 1884 583 1917 Domino,
604 1885 649 1911 hic
667 1883 816 1911 Sabbattnn
836 1891 885 1919 pro
901 1884 1042 1910 Dominica

254 1931 374 1966 positum
400 1938 581 1962 asseverans,
610 1929 720 1956 nonnisi
741 1929 774 1956 de
801 1930 934 1957 matutino
951 1929 1042 1956 Domi-

252 1977 323 2004 nicae
346 1981 480 2004 conventu
510 1979 657 2010 pertractat
689 1975 754 2008 ille;
775 1975 815 2002 sic
841 1975 913 2002 enim
942 1975 1040 2002 habet:

254 2023 342 2055 Quare
362 2027 390 2048 ut
413 2031 443 2049 ea
463 2022 505 2049 die
527 2023 711 2049 convcniamus
737 2021 863 2048 traditum
891 2021 966 2048 nobis
991 2027 1042 2052 est,

253 2073 279 2095 et
296 2077 327 2094 ea
342 2076 401 2104 qua:
418 2069 444 2094 in
459 2067 562 2102 psalmo
573 2067 701 2102 jubentur
723 2067 796 2094 nobis
818 2067 923 2101 assequi
946 2075 1044 2101 pra‘cc-

254 2121 328 2149 ptum
353 2119 409 2147 est,
430 2123 541 2149 quorum
563 2114 677 2148 primunt
702 2117 740 2140 est
766 2114 898 2148 conﬁteri.
928 2113 1044 2148 Moxque

255 2161 386 2195 adjicitur
408 2161 453 2187 illa
472 2161 599 2195 superius
616 2161 698 2187 allata
716 2160 850 2190 clausula.
874 2168 928 2195 qua
943 2160 1044 2187 dicitur

255 2212 306 2242 par
334 2215 388 2234 non
414 2214 476 2234 esse
498 2206 671 2238 hominibus,
699 2206 804 2234 scilicet
824 2205 1043 2234 Cltrisliauorum

256 2252 351 2283 rmtui,
369 2251 504 2282 confiteri.
526 2251 573 2278 sed
588 2250 652 2278 Deo.
681 2250 746 2284 Quae
765 2254 919 2286 sequuntur
943 2252 1044 2285 pariter

1090 1657 1170 1686 quam
1191 1648 1223 1674 ab
1244 1647 1291 1674 illo
1312 1645 1446 1672 admissus
1470 1643 1574 1678 fuisset.
1601 1641 1651 1669 Ubi
1676 1641 1764 1672 vides,
1784 1638 1881 1686 testiﬁf

1092 1685 1172 1723 caute
1191 1693 1325 1726 Eusebio,
1346 1690 1547 1718 confessionem
1572 1692 1747 1724 peccatorum
1776 1685 1880 1713 homini

1093 1742 1204 1770 factum,
1228 1738 1420 1766 necessariam
1444 1743 1559 1770 prorsus
1586 1734 1681 1761 fuisse.
1708 1733 1746 1760 Eo
1770 1731 1882 1767 respicit

1093 1789 1157 1815 item
1181 1786 1253 1821 quod
1276 1784 1355 1812 habet
1381 1783 1423 1809 his
1450 1782 1477 1808 in
1501 1780 1707 1808 commentariis
1727 1779 1880 1810 Eusebius,

1092 1834 1162 1869 psal.
1180 1840 1284 1863 xuvn,
1307 1830 1340 1857 ad
1353 1829 1517 1857 versiculum
1531 1827 1547 1854 5
1560 1837 1566 1854 :
1581 1826 1712 1860 Quoniam
1729 1825 1880 1859 iniquitates

1094 1889 1158 1908 mea:
1172 1885 1347 1914 supergressa:
1362 1881 1421 1903 sunt
1437 1879 1514 1909 caput
1528 1881 1623 1904 ηιειιηι,
1641 1873 1708 1898 sicut
1723 1879 1787 1898 onus
1804 1878 1882 1905 grave

1093 1931 1208 1963 gravato:
1221 1929 1281 1951 sunt
1298 1930 1375 1957 super
1388 1930 1439 1948 me.
1456 1920 1628 1950 Putruerunt,
1638 1924 1690 1945 etc.
1706 1917 1754 1943 Διὰ
1768 1916 1881 1948 τούτων,

1094 1973 1194 2008 inquit,
1211 1971 1330 1998 διδάσκει
1349 1969 1422 2004 ἡμᾶς
1440 1968 1453 1994 ὁ
1466 1967 1555 2000 λόγος,
1573 1965 1609 2001 μὴ
1625 1964 1756 1999 κρύπτειν
1772 1962 1806 1989 τὰ
1821 1962 1883 1987 ἐαυ-

1094 2019 1148 2046 τῶν
1170 2018 1258 2049 κακὰ,
1287 2017 1346 2052 μηδ’
1367 2015 1461 2050 ὥσπερ
1484 2013 1545 2040 τινὰ
1569 2010 1696 2047 μελανίαν
1727 2010 1774 2036 καῖ
1801 2009 1882 2044 σῆψιν

1095 2061 1165 2090 κατὰ
1189 2060 1285 2096 βάθους
1309 2059 1359 2093 τῆς
1378 2057 1467 2092 ψυχῆς
1492 2055 1613 2090 συνέχειν
1631 2054 1666 2080 τὰ
1682 2053 1881 2088 ἁμαρτήματα,

1095 2109 1146 2135 hoc
1162 2111 1203 2135 est
1222 2116 1228 2133 :
1244 2106 1291 2133 "is
1306 2108 1439 2134 docentur,
1461 2111 1492 2130 ne
1513 2101 1585 2128 mala
1596 2099 1756 2127 ocatltcmus
1778 2103 1880 2129 nostra,

1095 2161 1144 2179 neu
1156 2155 1263 2186 peccata
1279 2158 1325 2177 ceu
1337 2148 1475 2184 quemdam
1495 2148 1626 2182 nigrorem
1647 2149 1671 2172 et
1689 2144 1882 2178 corruptivum

1096 2200 1123 2226 in
1140 2199 1232 2225 intimo
1259 2197 1354 2223 anith
1383 2194 1583 2221 concludamus.
1613 2191 1673 2218 Non
1697 2191 1753 2218 Deo
1779 2195 1880 2220 autem,

1097 2247 1142 2273 cui
1161 2251 1291 2272 arcanum
1316 2242 1399 2272 nihil,
1424 2241 1563 2267 occultare
1584 2243 1694 2273 peccata
1722 2241 1808 2269 vetat;
1834 2235 1881 2262 sed

261 2298 295 2324 ad
313 2297 477 2324 matutinum
497 2296 573 2323 illum
596 2301 760 2323 conventum
782 2297 928 2331 pertinent.
951 2294 988 2322 Ea
1003 2299 1041 2323 cst

1100 2291 1257 2319 hominibus
1273 2290 1320 2324 qui
1337 2292 1364 2316 et
1379 2286 1504 2314 medendi
1521 2291 1548 2313 et
1562 2287 1673 2320 peccata
1693 2282 1819 2311 solvendi
1834 2289 1883 2316 po»

257 2342 340 2377 igitur
352 2341 462 2369 Eusebii
478 2341 624 2371 sententia.
638 2348 691 2368 non
704 2345 830 2376 oportere
843 2342 872 2367 in
883 2345 956 2368 cmtu
967 2341 1044 2368 Chri-

257 2389 420 2420 stianortun,
447 2395 478 2414 ac
505 2388 533 2414 in
558 2387 700 2415 matutinis
728 2388 909 2415 conventibus
934 2392 1045 2422 peccata

257 2435 366 2470 publice
384 2438 410 2461 et
434 2434 486 2460 alta
507 2440 574 2461 voce
600 2433 734 2465 confiteri,
752 2434 799 2460 sed
825 2434 871 2460 uni
891 2433 946 2461 Deo
963 2433 1045 2460 corda

258 2479 392 2507 scrutanti
414 2479 610 2506 conscientiam
635 2479 742 2514 aperire
767 2487 856 2507 suam.
879 2480 929 2506 Cui
946 2480 1047 2506 accinit

259 2526 378 2553 Basilius
403 2525 429 2551 in
455 2526 568 2560 epistola
595 2525 627 2552 ad
651 2525 904 2558 Neocassarienses,
932 2526 979 2552 ubi
1007 2527 1046 2553 sic

257 2572 358 2599 habet:
380 2572 426 2598 Ἐκ
447 2571 541 2603 νυκτὸς
564 2571 617 2607 γὰρ
641 2571 761 2607 όρθρίζει
783 2573 847 2607 παρ’
872 2571 937 2608 ἡμῖν
955 2573 969 2597 ὁ
985 2570 1047 2604 λαὸς

259 2617 304 2643 ἐπὶ
326 2616 372 2643 τὸν
396 2615 470 2643 οἷκον
487 2617 534 2652 τῆς
549 2618 721 2653 προσευχῆς,
747 2618 793 2645 καὶ
815 2618 843 2644 ἔν
861 2618 933 2653 πόνῳ
955 2618 1002 2644 καὶ
1020 2619 1047 2644 ἒν

259 2663 346 2697 θλίψει
369 2663 415 2689 καὶ
436 2663 464 2689 ἐν
490 2664 586 2698 συνοχῇ
607 2663 731 2698 δακρύων
755 2664 994 2699 ἐξομολογούμενοι
1009 2663 1047 2698 τῷ

258 2708 337 2743 Θεῷ,
361 2708 386 2735 ἰιΙ
414 2712 456 2735 est
476 2718 482 2735 :
499 2709 519 2734 Α
542 2714 616 2736 nocte
644 2709 714 2743 apud
739 2718 785 2736 nos
809 2711 919 2744 populus
943 2710 1047 2745 vigilias

259 2756 313 2788 «ait
336 2755 363 2781 in
385 2754 463 2782 domo
485 2756 633 2787 orationis,
661 2764 691 2782 ac
717 2757 744 2782 in
769 2756 868 2786 labore,
891 2757 1048 2783 contritione

259 2806 284 2827 et
299 2801 477 2836 lacrymarunt
495 2802 658 2830 contentione
673 2804 832 2837 conﬁtentur
845 2802 898 2829 Deo
914 2811 922 2829 :
937 2806 964 2830 et
980 2810 1048 2836 pau-

258 2849 301 2876 t-is
319 2848 468 2883 interjectis
484 2859 490 2876 :
510 2849 631 2885 Ἡμέρας
642 2850 691 2885 ἤδη
707 2849 930 2884 ὑπολαμπούσης,
949 2848 1048 2879 πάντες

261 2895 335 2928 κοινῇ
347 2914 353 2923 .
378 2894 414 2926 ὡς
430 2895 458 2928 ἐξ
479 2895 536 2927 ἐνὸς
555 2895 687 2930 στόματος
713 2896 758 2921 καὶ
773 2895 836 2930 μιᾶς
861 2895 984 2930 καρδίας,
1003 2893 1047 2920 τὸν

261 2935 309 2975 τξς
332 2939 552 2976 ἐξομολογήτεως
568 2941 674 2977 ’ξαλμὺν
698 2941 859 2975 ἀναφέρουσι
886 2940 924 2975 τῷ
942 2940 1045 2976 Κυρίῳ,

1097 2342 1198 2365 testate
1210 2336 1303 2363 donari
1320 2337 1394 2361 sunt.

1393 2400 1505 2428 CAPUT
1522 2399 1589 2427 Vlll.

1097 2470 1130 2490 DE
1147 2469 1180 2489 IIS
1192 2468 1250 2492 ρυιε
1273 2467 1306 2486 AD
1333 2464 1467 2485 ECCLESIE
1489 2463 1658 2483 DlSCIPLlNAI
1675 2461 1824 2481 PERTINENT
1848 2460 1882 2478 ΕΧ

1202 2503 1292 2523 VARUS
1316 2500 1405 2521 llORUH
1420 2498 1669 2519 COMMENTARIORUI
1693 2496 1777 2516 LUCIS.

1099 2554 1124 2581 I.
1142 2554 1261 2580 Ecclesia
1282 2559 1416 2586 nunquam
1426 2551 1513 2577 variat
1525 2549 1552 2576 in
1561 2544 1816 2586 prmcipuis._ll.'l)e
1825 2552 1885 2586 con-

1133 2579 1250 2616 uentibus
1275 2579 1490 2613 Christianorum
1509 2579 1660 2620 matutinis.
1688 2581 1747 2620 l‘l_l_.
1762 2580 1809 2620 De.
1823 2579 1885 2620 allo:

1134 2623 1213 2650 randi
1227 2624 1279 2649 ritu
1291 2622 1317 2648 in
1332 2619 1450 2647 Ecclesia
1469 2619 1612 2655 singularis
1627 2617 1733 2655 Eusebii
1748 2615 1884 2655 et‘quilii

1134 2658 1262 2686 sententia
1275 2657 1444 2690 explanatur.
1460 2650 1522 2682 ιγ.’
1535 2652 1647 2688 Inﬁnita
1668 2653 1738 2679 dona
1758 2650 1883 2677 Ecclesiis

1136 2693 1242 2720 Eusebii
1257 2698 1369 2725 tempore
1381 2691 1491 2717 collata.

1205 2750 1223 2774 l.
1241 2749 1350 2774 Ecclesia
1367 2754 1491 2779 nunquam
1508 2747 1583 2770 variat
1597 2746 1622 2770 in
1638 2745 1776 2776 praecipuis.

1134 2801 1286 2829 Occasione
1307 2801 1395 2827 solum
1412 2807 1496 2835 pauca
1513 2798 1646 2825 Eusebius
1664 2798 1749 2833 tangit
1763 2801 1789 2824 et
1800 2797 1884 2831 expli-

1099 2849 1154 2879 cat,
1167 2855 1226 2882 qua:
1241 2847 1273 2873 ad
1289 2847 1338 2874 aevi
1367 2847 1409 2874 sui
1436 2845 1606 2880 disciplinam
1618 2849 1752 2879 spectant,
1773 2849 1885 2877 qumque

1101 2901 1151 2921 nos
1165 2894 1192 2920 in
1205 2892 1314 2920 lectoris
1344 2891 1517 2920 commodum
1536 2899 1588 2918 una
1612 2890 1794 2918 conferemus.
1811 2887 1885 2914 Licet

1102 2940 1172 2968 enim
1187 2939 1213 2966 in
1230 2938 1311 2966 rebus
1324 2938 1469 2974 praecipuis
1482 2942 1509 2965 ct
1525 2937 1687 2973 capitalibus
1704 2943 1757 2963 una
1779 2935 1886 2967 semper
