2055 3214
190 160 225 189 53
573 159 826 188 COMMENTABIA
848 159 880 187 ιΝ
900 159 1111 187 ΡΞΑΙΛΙΟΞμ-
1131 159 1400 188 PRELIMINABIA.
1774 159 1808 186 54

189 215 317 245 Ecclesia
329 217 509 250 consuetudo,
522 217 591 246 ritus
603 227 673 246 uirus
683 218 775 250 fuerit,
789 218 817 245 in
836 218 869 245 iis
880 222 968 245 tamen

1020 218 1221 254 κεχωρημένωςι
1233 217 1378 250 ἰδιάζοντας
1391 216 1622 253 προτκυνεῖν,ὰλλ“
1633 216 1808 248 ἀπαντῶντας

189 264 291 298 quaead
306 269 449 292 externum
473 272 576 293 morem
605 265 779 301 minoresque
797 264 975 292 caeremonias

189 309 334 344 pertinent,
358 314 386 337 et
400 314 551 346 temporum
571 315 598 338 et
622 311 742 338 locorum
762 310 975 338 consuetudines

188 355 270 382 varia:
292 355 486 388 obsorvantur,
505 364 568 390 quae
591 356 695 384 scilicet
720 360 847 392 possunt,
872 356 974 384 illibata

188 402 352 430 Christiana
359 403 501 438 religione,
514 404 621 430 mutari.

273 459 304 484 II.
318 460 355 484 De
368 460 530 485 conventibus
544 461 738 486 Christianorum
751 463 884 486 matutinis.

222 511 300 544 Quod
327 513 450 547 plerique
469 513 621 547 priscorum
656 514 783 541 Ecclesia:
808 514 972 548 scriptorum

188 557 300 584 tradunt
314 557 349 585 de
364 559 544 586 conventibus
566 559 785 586 Christianorum
804 560 831 586 in
844 559 971 591 ceclesia,

188 603 327 631 Dominica
343 604 386 631 die
397 604 527 631 celebrari
544 605 642 635 solitis,
659 605 746 638 deque
764 606 834 632 sacri
849 606 972 640 corporis

188 650 289 678 Christi
300 651 401 678 ibidem
414 651 514 678 usitata
539 653 725 685 comestionc;
755 652 781 679 id
798 652 930 680 Eusebius
946 653 971 679 in

188 695 271 723 variis
286 695 383 722 horum
399 697 658 724 commentariorum
673 698 740 725 loris
757 706 807 725 nec
823 699 912 726 obiter
925 706 972 726 ex-

188 741 280 776 plicat.
298 741 328 769 ln
342 750 417 770 more
443 743 542 778 quippe
559 748 624 770 tunc
641 748 710 776 erat,
728 749 757 771 ut
777 744 916 772 Dominica
928 745 972 773 die

187 787 337 816 Christiani
350 795 445 817 omnes
461 793 585 816 exortum
601 790 666 817 solis
676 794 877 818 anteverterenl
890 795 916 817 et
938 792 970 818 ad

190 833 334 861 ecclesiam
364 838 552 869 properarent,
581 835 627 862 ubi
655 836 802 863 matutinos
822 841 971 864 conventus

187 880 327 908 exoriente
341 880 401 907 luce
429 888 483 907 una
511 881 598 908 coacti
629 881 822 914 celebrabant;
837 886 874 913 ut,
888 883 913 908 in
929 882 972 910 die

188 927 380 955 rcsurrectioni
408 927 516 954 Domini
534 930 705 958 consecrata,
728 936 808 955 sacro
838 928 971 955 Dominici

186 974 310 1008 corporis
323 974 385 1000 cibo
402 973 496 1001 rel'ecti
509 994 516 1006 ,
540 974 636 1008 pignus
655 974 785 1002 futurazet
805 975 930 1010 gloriosae
945 975 970 1001 in

186 1027 268 1046 carne
282 1019 493 1047 resurrectionis
516 1021 670 1054 acciperent
685 1028 690 1045 :
715 1028 822 1055 unoque
838 1024 971 1048 concentu

189 1064 271 1093 Deum
287 1070 314 1094 et
327 1066 466 1093 Christum
492 1066 673 1097 celebrarent,
687 1075 736 1102 pro
754 1068 832 1095 bonis
853 1069 972 1103 acceptis

188 1111 291 1146 gratias
320 1114 441 1146 agerent,
468 1118 517 1145 pro
542 1112 705 1139 necessariis
721 1117 775 1139 tum
799 1113 895 1140 anima:
914 1118 971 1141 tum

186 1157 304 1187 corpori.
326 1156 410 1183 Deum
440 1156 539 1183 obnixe
565 1162 752 1192 precarentur.
771 1158 806 1184 De
824 1159 866 1186 his
882 1160 972 1195 itaque

186 1203 366 1229 conventibus
395 1203 451 1228 lucc
478 1202 558 1228 habet
583 1201 715 1228 Eusebius
750 1201 775 1227 in
807 1203 873 1234 psal.
904 1209 968 1231 χχι.

184 1257 254 1277 vers.
276 1249 311 1276 50
333 1258 339 1275 :
357 1258 366 1273 ‹
391 1247 616 1274 Manducareruut
638 1253 661 1274 et
682 1248 856 1274 adorarerunt
881 1254 968 1274 omne:

184 1295 290 1329 pingues
305 1299 391 1325 terror,
406 1298 429 1321 et
444 1295 470 1321 in
485 1299 620 1328 conspectu
634 1293 691 1328 ejus
703 1292 804 1324 cadent,
815 1297 868 1319 etc.
884 1302 892 1317 ι
907 1291 968 1319 Siu-

185 1337 253 1371 gulil
274 1337 476 1364 resurrectionis
502 1337 650 1364 Saluatoris
675 1339 758 1365 nostri
782 1338 892 1371 diebus,
913 1347 971 1374 qua:

185 1381 329 1409 Dominicce
340 1388 477 1413 vocantur.
502 1383 565 1416 ipsis
584 1382 666 1409 oculis
688 1391 792 1410 cernere
812 1389 855 1410 est
873 1392 915 1410 eos
928 1385 972 1418 qui

185 1436 288 1455 sacrum
299 1428 385 1455 cibum
399 1433 423 1455 et
435 1427 571 1459 Salutare,
595 1428 621 1454 id
643 1433 681 1454 est
704 1428 851 1456 Saluatoris
877 1436 970 1461 corpus

184 1474 325 1508 accipiunt,
338 1478 397 1508 post
408 1474 492 1507 ipsum
503 1482 575 1500 esum
587 1474 682 1508 viviﬁci
691 1474 809 1500 alimenti
821 1474 970 1510 largitorem

183 1524 208 1546 et
217 1527 336 1553 promum
347 1518 469 1552 adorare,
481 1524 557 1554 atque
568 1520 661 1546 mirari
671 1520 805 1546 verborum
815 1520 937 1554 hujusmo
943 1520 971 1547 di

183 1569 311 1599 eventum,
325 1573 356 1592 ac
370 1573 397 1592 re
408 1570 491 1600 gesta,
513 1565 600 1600 quoad
622 1566 768 1600 planiorem
793 1565 857 1592 dicti
867 1571 970 1593 sentcn-
985 1580 1004 1607 ε

185 1611 259 1644 tiam,
268 1611 403 1646 impletum
424 1611 588 1638 vaticinium.
602 1611 667 1644 Qua:
684 1617 774 1639 autem
788 1612 860 1646 quod
880 1613 913 1639 ad
934 1613 970 1639 ri-

184 1660 242 1683 tum
256 1658 415 1684 exteriorem
436 1656 481 1683 illa
501 1657 625 1684 adoralio
651 1662 733 1690 esset,
753 1658 803 1691 sic,
820 1658 913 1691 paucis
929 1659 970 1685 in-

186 1702 334 1737 terpositis,
347 1702 464 1737 explicat
479 1711 485 1728 :
501 1712 510 1727 ι
536 1702 568 1729 In
580 1708 719 1737 conspectu
731 1703 787 1738 ejus
798 1703 891 1730 cadent
914 1713 970 1730 om-

186 1756 230 1775 nes
243 1748 287 1783 qui
297 1748 452 1775 descendunt
468 1748 496 1774 in
511 1753 628 1776 terram:
645 1759 653 1773 ι
666 1757 714 1783 pro
727 1758 777 1784 quo
789 1750 895 1784 Aquila,
911 1759 919 1774 ι
938 1749 969 1776 In

184 1795 283 1822 vultum
295 1795 353 1829 ejus
369 1795 474 1829 flectent
487 1803 514 1821 se
527 1803 616 1821 omnes
630 1796 674 1830 qui
696 1795 853 1822 descendunt
876 1796 901 1822 in
916 1796 971 1830 pul-

183 1849 276 1868 mem.
292 1851 301 1866 ι
316 1840 395 1874 Queis
409 1842 548 1875 manifeste
564 1849 665 1874 eorum,
691 1842 774 1876 quiin
796 1842 906 1868 ecclesia
925 1842 971 1869 Dei

182 1896 266 1922 genua
275 1887 394 1922 ﬂectunt,
406 1895 504 1913 murem
517 1887 655 1914 declarat:
681 1887 716 1914 ibi
731 1888 800 1914 enim
823 1897 906 1923 genua
923 1889 971 1923 fle-

182 1939 290 1966 ctentes,
305 1939 383 1969 atque
396 1933 528 1968 frontibus
541 1935 595 1960 suis
612 1939 688 1961 terra:
700 1934 888 1966 incumbentes,
903 1935 970 1961 hunc

182 1979 311 2007 adorandi
327 1980 408 2006 ritum
419 1984 533 2006 servant.
555 1979 598 2005 Ἐν
647 1980 746 2013 γόνατα
760 1980 907 2012 κλίναντες,
924 1981 970 2007 καὶ

180 2024 214 2050 τὰ
225 2024 337 2059 μέτωπα
352 2024 391 2055 εἰς
401 2024 452 2059 γῆν
462 2023 624 2059 ἐρείσαντες,
634 2024 726 2050 τοῦτον
738 2027 898 2061 προσκυνεῖν
912 2025 971 2051 alth-

181 2070 242 2097 θασι
257 2070 303 2096 τὸν
315 2069 423 2105 τρόπον.
439 2068 476 2096 De
491 2070 630 2096 matutinis
644 2070 707 2096 item
719 2071 896 2098 conventibus
904 2073 968 2106 agit,

181 2117 249 2152 psal.
259 2123 395 2148 xtv,vers.
409 2114 465 2147 6,et
479 2124 555 2146 Lvm.
570 2116 614 2142 ubi
629 2124 715 2150 genua
728 2116 852 2144 ﬂectendi
868 2126 969 2145 morem

183 2162 404 2197 antiquissimum
435 2162 555 2188 declarat
572 2170 577 2187 :
592 2162 789 2196 procumbendi
814 2163 877 2191 item
903 2173 968 2191 con-

183 2208 365 2240 suetudinem,
378 2207 418 2234 vel
434 2207 529 2242 primis
545 2208 674 2236 Ecclesia:
695 2209 804 2236 sacculis
826 2214 967 2242 statutam,

1026 265 1066 296 εἰς
1076 265 1124 300 τὴν
1133 264 1279 300 ἐκκλησίαν
1292 264 1386 297 αὑτοῦ,
1401 264 1426 291 id
1437 268 1479 291 est
1490 273 1496 290 ε
1512 262 1569 291 Non
1582 263 1637 291 vult
1654 263 1723 290 enim
1733 268 1809 290 extra

1024 310 1172 342 ecclesiam,
1183 318 1263 345 neque
1274 311 1302 337 in
1322 318 1424 338 secessu
1445 313 1557 337 remotos
1579 310 1692 337 adorare
1705 310 1807 344 ipsum;

1025 355 1202 383 sedat-cedere
1208 356 1283 390 jubet
1308 355 1343 382 ad
1364 355 1502 382 ecclesiam
1525 364 1614 383 suam.
1633 354 1809 390 ldipsumque

1026 402 1142 430 Basilius
1167 403 1247 429 habet
1274 403 1301 429 in
1335 401 1458 429 eumdem
1493 401 1636 435 psalnmm,
1664 401 1737 427 hom.
1762 400 1807 429 28.

1025 457 1050 483 p.
1064 449 1109 476 I81
1129 459 1134 475 :
1153 448 1224 480 Ἔξω
1234 447 1371 481 rigarisi;
1387 446 1470 481 αὐλῆς
1488 446 1517 472 οὺ
1531 446 1583 482 χρὴ
1601 447 1759 481 προσκυνεῖν
1771 445 1809 480 τῷ

1024 495 1128 529 Κυρίῳ,
1149 494 1204 520 ἀλλ’
1219 493 1291 519 ἔνδον
1315 493 1457 528 γενόμενον
1472 500 1477 517 :
1492 492 1518 518 id
1538 496 1579 518 est
1602 501 1608 517 :
1626 490 1686 517 Non
1709 495 1808 524 oportet

1023 539 1169 574 quempiam
1184 543 1260 565 extra
1283 545 1388 564 sacram
1410 537 1499 563 aulam
1523 535 1634 562 adorare
1656 535 1806 566 Dominum,

1023 585 1068 612 sed
1083 586 1153 611 intus
1164 585 1288 619 positum.
1302 583 1335 610 At
1351 592 1430 611 nemo
1438 591 1528 611 rerum
1542 591 1682 610 sacrarum
1695 583 1735 608 vel
1753 590 1809 609 me-

1023 632 1151 659 diocriter
1167 630 1269 666 peritus
1285 630 1402 665 ignorat,
1416 630 1485 656 hanc
1498 630 1632 664 pnecipue
1655 637 1731 655 novae
1742 628 1809 663 legis

1023 682 1164 708 tesseram,
1190 677 1242 703 hoc
1269 676 1434 707 institutum,
1454 674 1526 701 hanc
1545 674 1692 701 solemnem
1707 673 1809 701 Christi

1022 724 1173 752 doctrinam
1196 731 1270 755 esse,
1289 722 1361 757 quod
1383 722 1453 749 Deus
1478 722 1577 756 ubique
1597 720 1752 747 adorandus
1774 719 1810 746 sit

1023 769 1049 796 iu
1060 770 1155 804 spiritu
1165 774 1188 796 et
1201 770 1309 796 veritate
1324 776 1331 795 :
1347 775 1435 803 neque
1452 767 1485 795 ad
1500 775 1558 794 eam
1572 774 1629 794 rem
1646 773 1758 794 necesse
1774 765 1810 793 sit

1023 816 1191 850 assignatum
1217 815 1371 850 quempiam
1387 814 1463 841 adire
1483 814 1592 847 locum;
1620 814 1667 841 sed
1692 813 1812 848 quisque

1024 862 1148 897 privatim
1161 863 1233 889 hunc
1246 862 1347 889 cultum
1372 862 1525 896 persolvere
1540 861 1626 896 possit
1651 868 1681 887 ac
1702 860 1807 887 debeat.

988 902 1008 929 Β
1022 908 1149 944 Curergo
1161 908 1211 935 viri
1225 908 1349 935 doctrina
1366 908 1496 942 insignes,
1517 906 1632 935 Basilius
1654 905 1767 940 Magnus
1781 908 1810 931 et

1024 954 1168 985 Eusebius,
1184 954 1218 981 ab
1232 953 1387 988 hujusmodi
1402 953 1488 983 cultu,
1511 953 1557 986 qui
1574 953 1607 979 ab
1625 952 1684 987 ipso
1699 951 1809 978 Christo

1023 999 1141 1027 traditus
1156 1003 1182 1027 et
1198 1000 1320 1026 sancitus
1346 1003 1398 1030 est,
1425 998 1549 1025 homines
1573 996 1761 1024 absterreant?
1775 995 1809 1022 At

1023 1047 1095 1075 enim
1110 1054 1160 1074 nec
1172 1047 1198 1073 in
1220 1045 1312 1073 Veteri
1336 1045 1444 1080 quidem
1461 1043 1646 1075 Testamento,
1662 1050 1723 1070 cum
1747 1047 1808 1077 post

1023 1093 1115 1128 templi
1127 1093 1278 1125 conditum,
1291 1100 1344 1119 non
1369 1091 1502 1120 sacriﬁcia
1513 1112 1520 1123 ,
1535 1098 1589 1118 non
1600 1093 1688 1117 certas
1708 1093 1807 1116 statas-

1023 1147 1075 1174 que
1090 1138 1266 1166 caeremonias
1290 1138 1355 1165 alibi
1370 1138 1524 1173 persolvere
1540 1137 1643 1164 licitum
1661 1139 1744 1166 esset,
1762 1143 1807 1162 ve-

1023 1186 1102 1212 titum
1116 1193 1233 1220 usquam
1257 1185 1371 1221 legimus
1390 1192 1525 1220 quemque
1550 1191 1633 1218 penes
1649 1191 1678 1210 se
1691 1190 1770 1209 orare
1781 1185 1808 1208 et

1023 1231 1138 1258 adorare
1155 1230 1249 1262 Deum,
1274 1231 1297 1257 si
1310 1231 1414 1258 liberet.
1440 1229 1496 1257 lmo
1520 1238 1585 1257 vero
1601 1229 1706 1260 Daniel,
1720 1229 1746 1255 in
1758 1227 1808 1254 Ba-

1024 1277 1121 1312 bylone
1133 1285 1256 1308 versans,
1272 1277 1426 1312 frequenter
1440 1277 1522 1305 Deum
1539 1276 1670 1304 adorabat
1685 1285 1691 1303 :
1710 1275 1808 1310 aliique

1023 1324 1091 1350 bene
1106 1324 1182 1351 multi
1198 1324 1287 1351 sancti
1313 1324 1364 1350 viri
1383 1323 1466 1351 Deum
1492 1328 1567 1350 extra
1589 1322 1718 1357 templum
1743 1321 1807 1348 ado-

1023 1377 1100 1397 rasse
1114 1369 1364 1405 deprehenduntur.
1382 1369 1445 1396 llaec
1460 1369 1552 1404 itaque
1572 1368 1665 1395 Basilii
1684 1371 1710 1395 et
1724 1367 1806 1393 Eusc-

1023 1416 1060 1443 bii
1074 1416 1132 1443 loca
1147 1424 1180 1443 cx
1199 1416 1324 1451 superius
1348 1416 1430 1443 allato
1447 1415 1557 1442 Eusebii
1574 1416 1634 1442 loco
1647 1418 1711 1441 sunt
1722 1413 1808 1447 expli-

1023 1461 1120 1493 canda,
1134 1461 1179 1487 ubi
1198 1462 1310 1488 recitata
1330 1461 1434 1495 Aquila:
1449 1459 1573 1488 versione
1589 1461 1628 1486 sic
1645 1459 1724 1485 habet
1739 1458 1784 1485 ille
1798 1465 1805 1483 :

1022 1506 1102 1540 Queis
1128 1507 1385 1541 manifestc'eormn,
1401 1507 1444 1541 qui
1468 1507 1494 1532 in
1522 1505 1630 1532 ecclesia
1653 1505 1701 1531 Dei
1724 1511 1808 1539 genua

1022 1553 1140 1586 ﬂectunt,
1157 1561 1253 1579 morem
1270 1552 1389 1578 declarat
1403 1561 1411 1578 :
1423 1552 1460 1578 ibi
1472 1551 1540 1578 cnim
1559 1559 1643 1586 genua
1664 1550 1806 1585 flectentes,

1023 1605 1100 1634 atque
1107 1599 1238 1632 frontibus
1250 1601 1303 1626 suis
1316 1604 1392 1626 teme
1402 1598 1589 1630 incumbentes,
1601 1597 1669 1623 [tunc
1677 1595 1809 1623 adorandi

1021 1646 1102 1672 ritum
1119 1651 1232 1673 servant.
1251 1646 1353 1681 Opinor
1369 1644 1450 1680 igitur
1462 1644 1533 1671 hunc
1547 1643 1677 1671 adorandi
1693 1650 1806 1673 morem,

1022 1696 1115 1727 utpote
1128 1692 1329 1727 quodammodo
1353 1695 1557 1724 consecratum,
1572 1694 1648 1718 extra
1662 1688 1807 1717 ecclesiam

1021 1739 1133 1765 vetitum
1148 1739 1231 1766 fuisse
1249 1746 1299 1765 :ea
1321 1746 1435 1773 prorsus
1457 1738 1561 1765 ratione
1572 1744 1625 1771 qua
1652 1735 1732 1762 hodie
1753 1742 1807 1762 non

1022 1785 1083 1811 licet
1094 1785 1192 1819 cuique
1206 1784 1320 1811 arbitrio
1348 1791 1408 1814 suo,
1435 1782 1551 1818 exempli
1567 1790 1649 1810 causa
1665 1781 1806 1808 incensum

1021 1835 1047 1858 et
1065 1831 1241 1867 thymiamata
1257 1832 1283 1858 in
1301 1831 1368 1858 vicis
1383 1835 1408 1858 et
1421 1830 1517 1866 plateis
1531 1829 1683 1865 promiscue
1698 1828 1806 1858 otl'erre,

1022 1877 1084 1911 quia
1103 1877 1160 1904 haec
1175 1877 1287 1912 speciali
1311 1877 1363 1903 ritu
1379 1880 1539 1903 consecrata
1563 1879 1589 1902 et
1609 1877 1711 1902 statuta
1725 1877 1806 1903 sunt;

1022 1923 1057 1949 ita
1071 1923 1123 1950 illis
1138 1924 1318 1958 temporibus,
1330 1923 1382 1950 etsi
1398 1922 1501 1949 licitum
1512 1921 1610 1955 cuique
1631 1923 1704 1947 esset
1721 1919 1806 1946 Deum

1023 1976 1104 2003 penes
1119 1976 1147 1995 se
1157 1969 1262 2003 precari
1277 1973 1303 1995 et
1314 1968 1429 1995 adorare
1439 1987 1446 1999 ,
1466 1967 1512 1993 illo
1524 1970 1613 1993 tamen
1636 1965 1717 1992 modo
1735 1972 1807 2000 genu

1021 2015 1147 2042 ﬂectendi
1162 2022 1194 2042 ac
1216 2015 1243 2041 in
1260 2015 1376 2041 frontem
1399 2011 1596 2048 procumbcudi
1616 2016 1692 2038 extra
1719 2011 1807 2038 eccle-

1021 2061 1090 2087 siam
1115 2060 1229 2087 adorare
1240 2060 1353 2088 vetitum
1369 2063 1446 2087 erat:
1465 2062 1577 2093 eratque
1602 2057 1665 2084 huic
1682 2057 1718 2084 rei
1729 2057 1806 2084 locus

1022 2109 1102 2140 atque
1119 2109 1225 2140 tempus
1236 2105 1424 2132 ecclesiastico
1440 2111 1544 2130 canone
1564 2104 1741 2130 constitutum
1755 2109 1806 2128 :ne

1021 2150 1148 2177 fortassis
1162 2150 1225 2177 hinc
1237 2150 1308 2177 risus
1322 2153 1348 2177 et
1363 2149 1558 2177 cachinnorum
1580 2147 1692 2175 materia
1705 2146 1805 2174 Judicis

1021 2200 1048 2223 et
1072 2196 1200 2229 ethnicis,
1217 2204 1332 2230 quorum
1356 2200 1412 2222 tum
1442 2196 1537 2230 ingens
1560 2198 1619 2222 erat
1648 2192 1804 2223 multitudo,

181 2254 280 2281 diserte
292 2253 420 2288 explicat.
433 2252 473 2279 Ad
488 2253 619 2288 psalmum
632 2261 696 2281 vero
724 2262 778 2285 xei,
791 2254 878 2282 fusius
888 2263 968 2282 enar—
984 2254 1006 2281 D
1022 2242 1294 2275 Smeinis‘mremri
1322 2249 1388 2269 "eve
1416 2242 1479 2269 ¹¹ί¹¹⁰
1492 2241 1601 2276 qmdm“
1627 2248 1660 2267 ex
1680 2239 1806 2274 frequen"

181 2305 223 2328 rat
233 2308 282 2328 cur
295 2299 445 2328 Christiani
457 2299 607 2326 Sabbatum
617 2299 644 2326 in
662 2299 829 2327 Dominicam
847 2305 967 2328 transtu-

182 2347 260 2374 lerint
272 2355 279 2372 :
295 2354 348 2382 qua
361 2349 467 2373 ratione
479 2345 566 2380 primo
579 2345 699 2372 diluculo
712 2349 863 2373 conventus
876 2350 966 2381 agant,

181 2400 262 2427 panes
278 2391 472 2428 propositionis
483 2390 607 2422 oderant,
617 2391 649 2417 ad
664 2390 801 2418 Orientem
814 2392 884 2419 versi
907 2400 953 2426 pre
962 2407 968 2412 -

182 2442 286 2470 tentur,
301 2439 422 2473 psalmos
439 2445 493 2463 una
520 2436 703 2464 multitudinis
720 2444 785 2463 voce
803 2437 962 2469 concinam,

182 2488 207 2511 ct
237 2488 344 2516 caetera,
369 2482 668 2518 qtlae_ttua‘ttxw1:épw;
692 2474 751 2509 ’ίιιθ
782 2483 965 2517 prosequitur.

183 2526 349 2556 Psahnorum
367 2532 457 2554 autem
475 2533 585 2554 cantum
611 2528 638 2554 in
653 2528 780 2555 omnibus
790 2528 908 2555 universi
923 2537 966 2555 or-

183 2573 222 2601 bis
234 2578 288 2600 tam
312 2573 468 2600 Grarcorum
485 2580 565 2607 quam
581 2573 770 2604 barbarorum,
787 2574 910 2602 ecclesiis
921 2576 967 2601 0b—

184 2618 283 2648 ser-vari
299 2618 464 2646 testiﬁcatur
482 2617 537 2649 ille,
553 2618 621 2652 psal.
638 2626 699 2645 va.

212 2676 254 2701 ιιι.
264 2677 302 2702 De
311 2677 429 2701 adorandi
441 2677 489 2700 ritu
501 2675 527 2700 in
539 2676 644 2699 ecclesia
654 2675 785 2706 singularis
796 2676 896 2700 Eusebii
909 2680 936 2701 et

374 2706 458 2731 Basilii
474 2707 600 2731 sententia
613 2706 767 2737 explanatur.

218 2747 359 2784 Singulare
370 2756 484 2784 prorsus
503 2756 534 2774 ac
546 2747 750 2781 ponderandum
767 2754 808 2776 est
831 2750 901 2783 quod
928 2750 964 2775 ait

184 2792 324 2826 Eusebius,
351 2802 404 2822 non
421 2794 503 2821 licere
524 2798 600 2820 extra
626 2794 769 2821 ecclesiam
792 2795 875 2822 Deum
898 2795 964 2822 ado-

185 2847 241 2867 rare
256 2848 261 2866 :
276 2844 306 2867 ut
319 2840 378 2875 ipse
389 2840 421 2866 ad
434 2840 566 2875 psalmum
592 2847 686 2869 xxviii,
704 2840 746 2867 his
766 2835 855 2867 verbis
877 2849 964 2868 enun-

186 2885 231 2912 tiat
247 2898 251 2914 ;
269 2886 306 2913 Οὐ
321 2885 375 2921 γὰρ
388 2885 439 2919 ἔξω
451 2885 499 2920 τῆς
513 2885 659 2921 ἐκκλησίας
676 2885 808 2921 βώλεται,
824 2887 885 2913 οὐδὲ
901 2888 964 2914 ἀνει-

1019 2289 1261 2317 tioriadorationis
1279 2297 1328 2315 usu
1356 2288 1505 2315 inﬁdelium
1531 2288 1637 2315 animos
1661 2292 1805 2319 exaspera-

1018 2338 1078 2362 rcnt
1092 2334 1119 2360 in
1134 2334 1326 2365 Christianos;
1345 2341 1397 2360 neu
1423 2333 1531 2360 demum
1548 2331 1678 2359 ementita
1696 2330 1804 2365 pietatis

1018 2380 1108 2414 specie
1125 2379 1238 2414 gloriam
1250 2383 1277 2406 et
1289 2379 1394 2405 laudem
1420 2378 1566 2404 humanam
1590 2378 1802 2410 aucuparentur,

1018 2431 1064 2452 aut
1080 2426 1132 2452 alia
1157 2425 1236 2452 nobis
1251 2425 1341 2460 ignota
1360 2424 1393 2452 de
1415 2432 1508 2451 causa.
1531 2423 1608 2450 llunc
1632 2423 1723 2456 itaque
1738 2421 1804 2448 ado-

1018 2471 1098 2498 randi
1122 2479 1224 2498 morem
1253 2475 1345 2498 vetant
1376 2471 1492 2498 Basilius
1513 2473 1539 2497 et
1565 2468 1698 2496 Eusebius
1726 2471 1802 2495 extra

1017 2517 1161 2545 ecclesiam
1179 2525 1307 2552 peragere
1324 2525 1329 2542 :
1352 2524 1439 2552 neque
1461 2516 1554 2543 volunt
1569 2515 1628 2542 ideo
1646 2514 1803 2542 adoratione

1017 2563 1061 2590 illa
1075 2563 1190 2594 interna,
1219 2563 1318 2597 ubique
1340 2562 1447 2589 Nnmini
1471 2562 1636 2597 praestanda,
1651 2561 1702 2596 piis
1716 2560 1804 2588 homi-

1016 2609 1097 2636 nibus
1126 2608 1269 2635 interdici:
1286 2607 1357 2643 quod
1376 2607 1509 2634 neminem
1538 2612 1603 2642 puto
1627 2607 1731 2634 inﬁcias
1750 2605 1803 2632 itu-

1016 2663 1087 2682 rum.
1106 2655 1181 2681 Alias
1197 2655 1269 2681 enim
1282 2653 1362 2680 iidem
1374 2653 1491 2681 Basilius
1512 2658 1538 2681 et
1558 2653 1702 2686 Eusebius,
1716 2651 1801 2678 Deum

1017 2709 1066 2736 pro
1078 2701 1161 2727 Iubito
1176 2701 1308 2735 cujusque
1331 2700 1497 2726 adorandum
1520 2704 1644 2727 statuunt
1659 2709 1665 2726 :
1682 2699 1754 2734 quod
1775 2699 1803 2725 iu

1016 2747 1127 2781 scriptis
1144 2746 1234 2773 Basilii
1253 2746 1408 2780 frequenter
1418 2746 1580 2780 comperias,
1597 2752 1629 2771 ac
1643 2745 1669 2771 in
1688 2744 1801 2772 hisitem

1016 2794 1220 2820 commentariis
1238 2792 1370 2819 Eusebius
1395 2799 1444 2818 nec
1464 2791 1547 2819 semel
1561 2790 1727 2817 adorandum
1743 2790 1804 2816 ubi-

1016 2848 1068 2875 que
1082 2840 1165 2867 Deum
1180 2847 1241 2866 esse
1253 2839 1343 2866 docet.
1363 2839 1392 2865 In
1418 2841 1599 2873 promptuque
1621 2842 1703 2869 esset,
1718 2838 1802 2864 multa

1016 2886 1049 2913 ad
1068 2886 1094 2913 id
1115 2885 1348 2921 comprobandum
1371 2886 1429 2913 loca
1452 2893 1597 2920 congerere
1611 2894 1616 2911 :
1630 2892 1723 2912 verum
1740 2892 1818 2911 eiun.
