  <div class='ocr_page' id='page_1' title='image "/cluster/home/n/w/nwhite01/storage/ocr_20150623/23/njp.32101077772505/035.png"; bbox 0 0 2055 3214; ppageno 0'>
   <div class='ocr_carea' id='block_1_1' title="bbox 253 169 1873 209">
    <p class='ocr_par' dir='ltr' id='par_1_1' title="bbox 253 169 1873 209">
     <span class='ocr_line' id='line_1_1' title="bbox 253 169 1873 209; baseline -0.003 -1"><span class='ocrx_word' id='word_1_1' title='bbox 253 181 288 209; x_wconf 75' lang='grc'><strong>55</strong></span> <span class='ocrx_word' id='word_1_2' title='bbox 582 175 717 205; x_wconf 84' lang='lat' dir='ltr'><strong>EUSEBII</strong></span> <span class='ocrx_word' id='word_1_3' title='bbox 735 174 972 203; x_wconf 67' lang='lat' dir='ltr'><strong>CESARIENSIS</strong></span> <span class='ocrx_word' id='word_1_4' title='bbox 991 174 1066 203; x_wconf 72' lang='lat' dir='ltr'><strong>OPI‘.</strong></span> <span class='ocrx_word' id='word_1_5' title='bbox 1083 173 1170 202; x_wconf 80' lang='lat' dir='ltr'><strong>PARS</strong></span> <span class='ocrx_word' id='word_1_6' title='bbox 1190 173 1234 202; x_wconf 92' lang='lat' dir='ltr'><strong>ill.</strong></span> <span class='ocrx_word' id='word_1_7' title='bbox 1252 189 1287 194; x_wconf 91' lang='lat'><strong>—</strong></span> <span class='ocrx_word' id='word_1_8' title='bbox 1306 173 1510 202; x_wconf 79' lang='lat' dir='ltr'><strong>EXEGETICA.</strong></span> <span class='ocrx_word' id='word_1_9' title='bbox 1838 169 1873 203; x_wconf 71' lang='grc' dir='ltr'><strong>δα</strong></span> 
     </span>
    </p>
   </div>
   <div class='ocr_carea' id='block_1_2' title="bbox 253 234 1873 271">
    <p class='ocr_par' dir='ltr' id='par_1_2' title="bbox 253 234 1873 271">
     <span class='ocr_line' id='line_1_2' title="bbox 253 234 1873 271; baseline -0.005 0"><span class='ocrx_word' id='word_1_10' title='bbox 253 244 345 271; x_wconf 85' lang='lat' dir='ltr'><strong>nullus</strong></span> <span class='ocrx_word' id='word_1_11' title='bbox 361 243 410 270; x_wconf 91' lang='lat' dir='ltr'><strong>hac</strong></span> <span class='ocrx_word' id='word_1_12' title='bbox 430 240 463 268; x_wconf 88' lang='lat' dir='ltr'><strong>de</strong></span> <span class='ocrx_word' id='word_1_13' title='bbox 479 248 507 267; x_wconf 91' lang='lat' dir='ltr'><strong>re</strong></span> <span class='ocrx_word' id='word_1_14' title='bbox 528 238 722 267; x_wconf 73' lang='lat' dir='ltr'><strong>controversia:</strong></span> <span class='ocrx_word' id='word_1_15' title='bbox 735 238 812 266; x_wconf 89' lang='lat' dir='ltr'><strong>locus</strong></span> <span class='ocrx_word' id='word_1_16' title='bbox 824 246 885 266; x_wconf 87' lang='lat' dir='ltr'><strong>esse</strong></span> <span class='ocrx_word' id='word_1_17' title='bbox 897 238 996 271; x_wconf 86' lang='lat' dir='ltr'><strong>valeat,</strong></span> <span class='ocrx_word' id='word_1_18' title='bbox 1009 238 1042 266; x_wconf 86' lang='lat' dir='ltr'><strong>iis</strong></span> <span class='ocrx_word' id='word_1_19' title='bbox 1056 239 1079 267; x_wconf 74' lang='grc' dir='ltr'>Α</span> <span class='ocrx_word' id='word_1_20' title='bbox 1093 236 1270 269; x_wconf 81' lang='lat' dir='ltr'><strong>servabatur;</strong></span> <span class='ocrx_word' id='word_1_21' title='bbox 1288 235 1431 264; x_wconf 76' lang='lat' dir='ltr'><strong>Matthzeus</strong></span> <span class='ocrx_word' id='word_1_22' title='bbox 1444 243 1510 263; x_wconf 91' lang='lat' dir='ltr'><strong>sane</strong></span> <span class='ocrx_word' id='word_1_23' title='bbox 1527 234 1635 270; x_wconf 83' lang='lat' dir='ltr'><strong>propria</strong></span> <span class='ocrx_word' id='word_1_24' title='bbox 1648 234 1873 270; x_wconf 71' lang='lat' dir='ltr'><strong>interpretatione</strong></span> 
     </span>
    </p>
   </div>
   <div class='ocr_carea' id='block_1_3' title="bbox 253 287 631 328">
    <p class='ocr_par' dir='ltr' id='par_1_3' title="bbox 253 287 631 328">
     <span class='ocr_line' id='line_1_3' title="bbox 253 287 631 328; baseline -0.016 -10"><span class='ocrx_word' id='word_1_25' title='bbox 253 289 396 328; x_wconf 66' lang='lat' dir='ltr'><strong>silerendis</strong></span> <span class='ocrx_word' id='word_1_26' title='bbox 411 287 631 323; x_wconf 86' lang='lat' dir='ltr'><strong>supersedcmus.</strong></span> 
     </span>
    </p>
   </div>
   <div class='ocr_carea' id='block_1_4' title="bbox 283 354 1005 385">
    <p class='ocr_par' dir='ltr' id='par_1_4' title="bbox 283 354 1005 385">
     <span class='ocr_line' id='line_1_4' title="bbox 283 354 1005 385; baseline 0 -5"><span class='ocrx_word' id='word_1_27' title='bbox 283 355 323 381; x_wconf 84' lang='lat' dir='ltr'><strong>iV.</strong></span> <span class='ocrx_word' id='word_1_28' title='bbox 337 355 434 380; x_wconf 80' lang='lat' dir='ltr'><strong>inﬁnita</strong></span> <span class='ocrx_word' id='word_1_29' title='bbox 453 355 516 380; x_wconf 82' lang='lat' dir='ltr'><strong>dona</strong></span> <span class='ocrx_word' id='word_1_30' title='bbox 529 355 644 379; x_wconf 82' lang='lat' dir='ltr'><strong>ecclesiis</strong></span> <span class='ocrx_word' id='word_1_31' title='bbox 660 354 761 379; x_wconf 80' lang='lat' dir='ltr'><strong>Eusebii</strong></span> <span class='ocrx_word' id='word_1_32' title='bbox 785 357 897 385; x_wconf 85' lang='lat' dir='ltr'><strong>tempore</strong></span> <span class='ocrx_word' id='word_1_33' title='bbox 908 354 1005 380; x_wconf 75' lang='lat' dir='ltr'><strong>collata.</strong></span> 
     </span>
    </p>
   </div>
   <div class='ocr_carea' id='block_1_5' title="bbox 287 417 1038 453">
    <p class='ocr_par' dir='ltr' id='par_1_5' title="bbox 287 417 1038 453">
     <span class='ocr_line' id='line_1_5' title="bbox 287 417 1038 453; baseline 0 -9"><span class='ocrx_word' id='word_1_34' title='bbox 287 417 315 445; x_wconf 88' lang='lat' dir='ltr'><strong>In</strong></span> <span class='ocrx_word' id='word_1_35' title='bbox 330 418 463 453; x_wconf 77' lang='lat' dir='ltr'><strong>psalmum</strong></span> <span class='ocrx_word' id='word_1_36' title='bbox 477 426 551 450; x_wconf 78' lang='lat' dir='ltr'><strong>Lxxt,</strong></span> <span class='ocrx_word' id='word_1_37' title='bbox 567 418 636 445; x_wconf 88' lang='lat' dir='ltr'><strong>Deus</strong></span> <span class='ocrx_word' id='word_1_38' title='bbox 645 418 777 453; x_wconf 83' lang='lat' dir='ltr'><strong>judicium</strong></span> <span class='ocrx_word' id='word_1_39' title='bbox 791 423 864 444; x_wconf 85' lang='lat' dir='ltr'><strong>tuum</strong></span> <span class='ocrx_word' id='word_1_40' title='bbox 880 418 934 453; x_wconf 86' lang='lat' dir='ltr'><strong>regi</strong></span> <span class='ocrx_word' id='word_1_41' title='bbox 948 417 994 450; x_wconf 86' lang='lat' dir='ltr'><strong>da,</strong></span> <span class='ocrx_word' id='word_1_42' title='bbox 1004 417 1038 445; x_wconf 82' lang='lat' dir='ltr'><strong>ad</strong></span> 
     </span>
    </p>
   </div>
   <div class='ocr_carea' id='block_1_6' title="bbox 251 457 1036 496">
    <p class='ocr_par' dir='ltr' id='par_1_6' title="bbox 251 457 1036 496">
     <span class='ocr_line' id='line_1_6' title="bbox 251 457 1036 496; baseline -0.003 -4"><span class='ocrx_word' id='word_1_43' title='bbox 251 465 325 492; x_wconf 87' lang='lat' dir='ltr'><strong>hunc</strong></span> <span class='ocrx_word' id='word_1_44' title='bbox 338 471 457 496; x_wconf 82' lang='lat' dir='ltr'><strong>versum,</strong></span> <span class='ocrx_word' id='word_1_45' title='bbox 471 463 505 490; x_wconf 88' lang='lat' dir='ltr'><strong>Et</strong></span> <span class='ocrx_word' id='word_1_46' title='bbox 520 464 584 491; x_wconf 78' lang='lat' dir='ltr'><strong>viret</strong></span> <span class='ocrx_word' id='word_1_47' title='bbox 600 470 624 491; x_wconf 87' lang='lat' dir='ltr'><strong>et</strong></span> <span class='ocrx_word' id='word_1_48' title='bbox 635 464 744 491; x_wconf 86' lang='lat' dir='ltr'><strong>dabitur</strong></span> <span class='ocrx_word' id='word_1_49' title='bbox 759 465 783 491; x_wconf 86' lang='lat' dir='ltr'><strong>ei</strong></span> <span class='ocrx_word' id='word_1_50' title='bbox 791 463 823 491; x_wconf 79' lang='lat' dir='ltr'><strong>de</strong></span> <span class='ocrx_word' id='word_1_51' title='bbox 843 472 908 490; x_wconf 90' lang='lat' dir='ltr'><strong>auro</strong></span> <span class='ocrx_word' id='word_1_52' title='bbox 919 457 1036 495; x_wconf 73' lang='lat' dir='ltr'><strong>Araliiaz,</strong></span> 
     </span>
    </p>
   </div>
   <div class='ocr_carea' id='block_1_7' title="bbox 251 508 1036 545">
    <p class='ocr_par' dir='ltr' id='par_1_7' title="bbox 251 508 1036 545">
     <span class='ocr_line' id='line_1_7' title="bbox 251 508 1036 545; baseline -0.001 -9"><span class='ocrx_word' id='word_1_53' title='bbox 251 510 289 536; x_wconf 87' lang='lat' dir='ltr'><strong>ait</strong></span> <span class='ocrx_word' id='word_1_54' title='bbox 302 508 436 537; x_wconf 83' lang='lat' dir='ltr'><strong>Eusebius</strong></span> <span class='ocrx_word' id='word_1_55' title='bbox 451 519 457 536; x_wconf 90' lang='lat'>:</span> <span class='ocrx_word' id='word_1_56' title='bbox 473 508 507 535; x_wconf 87' lang='lat' dir='ltr'><strong>Et</strong></span> <span class='ocrx_word' id='word_1_57' title='bbox 519 509 588 536; x_wconf 89' lang='lat' dir='ltr'><strong>alias</strong></span> <span class='ocrx_word' id='word_1_58' title='bbox 615 517 716 545; x_wconf 85' lang='lat' dir='ltr'><strong>quoque</strong></span> <span class='ocrx_word' id='word_1_59' title='bbox 741 510 768 536; x_wconf 88' lang='lat' dir='ltr'><strong>in</strong></span> <span class='ocrx_word' id='word_1_60' title='bbox 788 509 903 536; x_wconf 86' lang='lat' dir='ltr'><strong>ecclesiis</strong></span> <span class='ocrx_word' id='word_1_61' title='bbox 926 508 1036 541; x_wconf 83' lang='lat' dir='ltr'><strong>Christi,</strong></span> 
     </span>
    </p>
   </div>
   <div class='ocr_carea' id='block_1_8' title="bbox 250 554 1035 590">
    <p class='ocr_par' dir='ltr' id='par_1_8' title="bbox 250 554 1035 590">
     <span class='ocr_line' id='line_1_8' title="bbox 250 554 1035 590; baseline 0.001 -9"><span class='ocrx_word' id='word_1_62' title='bbox 250 555 315 590; x_wconf 81' lang='lat' dir='ltr'><strong>ipsis</strong></span> <span class='ocrx_word' id='word_1_63' title='bbox 327 555 411 582; x_wconf 82' lang='lat' dir='ltr'><strong>oculis</strong></span> <span class='ocrx_word' id='word_1_64' title='bbox 426 554 543 582; x_wconf 78' lang='lat' dir='ltr'><strong>videmus</strong></span> <span class='ocrx_word' id='word_1_65' title='bbox 559 555 667 589; x_wconf 78' lang='lat' dir='ltr'><strong>inﬁnita</strong></span> <span class='ocrx_word' id='word_1_66' title='bbox 694 563 727 582; x_wconf 74' lang='lat' dir='ltr'><strong>ea:</strong></span> <span class='ocrx_word' id='word_1_67' title='bbox 757 564 823 582; x_wconf 89' lang='lat' dir='ltr'><strong>auro</strong></span> <span class='ocrx_word' id='word_1_68' title='bbox 839 563 906 590; x_wconf 85' lang='lat' dir='ltr'><strong>puro</strong></span> <span class='ocrx_word' id='word_1_69' title='bbox 921 555 1035 588; x_wconf 86' lang='lat' dir='ltr'><strong>cimelia,</strong></span> 
     </span>
    </p>
   </div>
   <div class='ocr_carea' id='block_1_9' title="bbox 251 601 1036 638">
    <p class='ocr_par' dir='ltr' id='par_1_9' title="bbox 251 601 1036 638">
     <span class='ocr_line' id='line_1_9' title="bbox 251 601 1036 638; baseline -0.001 -9"><span class='ocrx_word' id='word_1_70' title='bbox 251 603 279 629; x_wconf 88' lang='lat' dir='ltr'><strong>in</strong></span> <span class='ocrx_word' id='word_1_71' title='bbox 295 603 352 638; x_wconf 84' lang='lat' dir='ltr'><strong>ejus</strong></span> <span class='ocrx_word' id='word_1_72' title='bbox 363 602 488 629; x_wconf 78' lang='lat' dir='ltr'><strong>honorem</strong></span> <span class='ocrx_word' id='word_1_73' title='bbox 499 606 662 628; x_wconf 86' lang='lat' dir='ltr'><strong>consecrata.</strong></span> <span class='ocrx_word' id='word_1_74' title='bbox 673 601 732 634; x_wconf 85' lang='lat' dir='ltr'><strong>Quo</strong></span> <span class='ocrx_word' id='word_1_75' title='bbox 747 601 840 630; x_wconf 82' lang='lat' dir='ltr'><strong>videas</strong></span> <span class='ocrx_word' id='word_1_76' title='bbox 854 609 909 629; x_wconf 88' lang='lat' dir='ltr'><strong>non</strong></span> <span class='ocrx_word' id='word_1_77' title='bbox 925 609 1036 634; x_wconf 90' lang='lat' dir='ltr'><strong>novum,</strong></span> 
     </span>
    </p>
   </div>
   <div class='ocr_carea' id='block_1_10' title="bbox 251 647 1037 683">
    <p class='ocr_par' dir='ltr' id='par_1_10' title="bbox 251 647 1037 683">
     <span class='ocr_line' id='line_1_10' title="bbox 251 647 1037 683; baseline -0.003 -7"><span class='ocrx_word' id='word_1_78' title='bbox 251 656 339 683; x_wconf 83' lang='lat' dir='ltr'><strong>neque</strong></span> <span class='ocrx_word' id='word_1_79' title='bbox 351 655 448 676; x_wconf 84' lang='lat' dir='ltr'><strong>recens</strong></span> <span class='ocrx_word' id='word_1_80' title='bbox 461 648 601 675; x_wconf 85' lang='lat' dir='ltr'><strong>inductum</strong></span> <span class='ocrx_word' id='word_1_81' title='bbox 613 655 716 675; x_wconf 82' lang='lat' dir='ltr'><strong>m0rem</strong></span> <span class='ocrx_word' id='word_1_82' title='bbox 733 655 804 679; x_wconf 79' lang='lat' dir='ltr'><strong>esse,</strong></span> <span class='ocrx_word' id='word_1_83' title='bbox 821 647 893 675; x_wconf 89' lang='lat' dir='ltr'><strong>dona</strong></span> <span class='ocrx_word' id='word_1_84' title='bbox 905 652 933 674; x_wconf 90' lang='lat' dir='ltr'><strong>et</strong></span> <span class='ocrx_word' id='word_1_85' title='bbox 954 647 1037 675; x_wconf 90' lang='lat' dir='ltr'><strong>cime-</strong></span> 
     </span>
    </p>
   </div>
   <div class='ocr_carea' id='block_1_11' title="bbox 252 693 1037 728">
    <p class='ocr_par' dir='ltr' id='par_1_11' title="bbox 252 693 1037 728">
     <span class='ocr_line' id='line_1_11' title="bbox 252 693 1037 728; baseline 0 -7"><span class='ocrx_word' id='word_1_86' title='bbox 252 695 287 722; x_wconf 88' lang='lat' dir='ltr'><strong>lia</strong></span> <span class='ocrx_word' id='word_1_87' title='bbox 304 694 330 721; x_wconf 91' lang='lat' dir='ltr'><strong>in</strong></span> <span class='ocrx_word' id='word_1_88' title='bbox 359 693 485 722; x_wconf 89' lang='lat' dir='ltr'><strong>ecclesiis</strong></span> <span class='ocrx_word' id='word_1_89' title='bbox 505 693 608 721; x_wconf 79' lang='lat' dir='ltr'><strong>Christi</strong></span> <span class='ocrx_word' id='word_1_90' title='bbox 639 693 819 722; x_wconf 85' lang='lat' dir='ltr'><strong>consecrandi</strong></span> <span class='ocrx_word' id='word_1_91' title='bbox 837 703 843 720; x_wconf 91' lang='lat'><strong><em>:</em></strong></span> <span class='ocrx_word' id='word_1_92' title='bbox 859 693 926 728; x_wconf 91' lang='lat' dir='ltr'><strong>quin</strong></span> <span class='ocrx_word' id='word_1_93' title='bbox 945 693 1037 728; x_wconf 89' lang='lat' dir='ltr'><strong>potius</strong></span> 
     </span>
    </p>
   </div>
   <div class='ocr_carea' id='block_1_12' title="bbox 250 739 1037 776">
    <p class='ocr_par' dir='ltr' id='par_1_12' title="bbox 250 739 1037 776">
     <span class='ocr_line' id='line_1_12' title="bbox 250 739 1037 776; baseline -0.001 -9"><span class='ocrx_word' id='word_1_94' title='bbox 250 741 323 776; x_wconf 88' lang='lat' dir='ltr'><strong>quod</strong></span> <span class='ocrx_word' id='word_1_95' title='bbox 336 739 468 768; x_wconf 85' lang='lat' dir='ltr'><strong>Eusebius</strong></span> <span class='ocrx_word' id='word_1_96' title='bbox 484 739 732 775; x_wconf 88' lang='lat' dir='ltr'><strong>frequentissimum</strong></span> <span class='ocrx_word' id='word_1_97' title='bbox 745 739 858 771; x_wconf 86' lang='lat' dir='ltr'><strong>indicat,</strong></span> <span class='ocrx_word' id='word_1_98' title='bbox 868 739 924 774; x_wconf 88' lang='lat' dir='ltr'><strong>jam</strong></span> <span class='ocrx_word' id='word_1_99' title='bbox 941 747 1037 775; x_wconf 88' lang='lat' dir='ltr'><strong>perra-</strong></span> 
     </span>
    </p>
   </div>
   <div class='ocr_carea' id='block_1_13' title="bbox 251 785 1036 822">
    <p class='ocr_par' dir='ltr' id='par_1_13' title="bbox 251 785 1036 822">
     <span class='ocr_line' id='line_1_13' title="bbox 251 785 1036 822; baseline -0.003 -7"><span class='ocrx_word' id='word_1_100' title='bbox 251 795 312 814; x_wconf 90' lang='lat' dir='ltr'><strong>rum</strong></span> <span class='ocrx_word' id='word_1_101' title='bbox 334 795 396 815; x_wconf 87' lang='lat' dir='ltr'><strong>esse</strong></span> <span class='ocrx_word' id='word_1_102' title='bbox 417 787 728 822; x_wconf 75' lang='lat' dir='ltr'><strong>comprobaturzneque</strong></span> <span class='ocrx_word' id='word_1_103' title='bbox 754 785 825 813; x_wconf 93' lang='lat' dir='ltr'><strong>enim</strong></span> <span class='ocrx_word' id='word_1_104' title='bbox 844 786 880 813; x_wconf 90' lang='lat' dir='ltr'><strong>ita</strong></span> <span class='ocrx_word' id='word_1_105' title='bbox 905 786 989 813; x_wconf 88' lang='lat' dir='ltr'><strong>multa</strong></span> <span class='ocrx_word' id='word_1_106' title='bbox 1003 787 1036 813; x_wconf 74' lang='lat' dir='ltr'><strong>es</strong></span> 
     </span>
    </p>
   </div>
   <div class='ocr_carea' id='block_1_14' title="bbox 251 831 1034 869">
    <p class='ocr_par' dir='ltr' id='par_1_14' title="bbox 251 831 1034 869">
     <span class='ocr_line' id='line_1_14' title="bbox 251 831 1034 869; baseline -0.001 -9"><span class='ocrx_word' id='word_1_107' title='bbox 251 841 318 861; x_wconf 89' lang='lat' dir='ltr'><strong>auro</strong></span> <span class='ocrx_word' id='word_1_108' title='bbox 340 841 408 869; x_wconf 92' lang='lat' dir='ltr'><strong>puro</strong></span> <span class='ocrx_word' id='word_1_109' title='bbox 430 833 538 861; x_wconf 89' lang='lat' dir='ltr'><strong>cimelia</strong></span> <span class='ocrx_word' id='word_1_110' title='bbox 557 833 584 859; x_wconf 90' lang='lat' dir='ltr'><strong>in</strong></span> <span class='ocrx_word' id='word_1_111' title='bbox 602 832 710 866; x_wconf 89' lang='lat' dir='ltr'><strong>templis</strong></span> <span class='ocrx_word' id='word_1_112' title='bbox 730 831 811 859; x_wconf 80' lang='lat' dir='ltr'><strong>hodie</strong></span> <span class='ocrx_word' id='word_1_113' title='bbox 837 831 1034 866; x_wconf 78' lang='lat' dir='ltr'><strong>deprehendas.</strong></span> 
     </span>
    </p>
   </div>
   <div class='ocr_carea' id='block_1_15' title="bbox 250 877 1036 910">
    <p class='ocr_par' dir='ltr' id='par_1_15' title="bbox 250 877 1036 910">
     <span class='ocr_line' id='line_1_15' title="bbox 250 877 1036 910; baseline -0.003 -4"><span class='ocrx_word' id='word_1_114' title='bbox 250 879 349 907; x_wconf 79' lang='lat' dir='ltr'><strong>Narrat</strong></span> <span class='ocrx_word' id='word_1_115' title='bbox 371 887 436 907; x_wconf 87' lang='lat' dir='ltr'><strong>vero</strong></span> <span class='ocrx_word' id='word_1_116' title='bbox 460 879 531 906; x_wconf 90' lang='lat' dir='ltr'><strong>idem</strong></span> <span class='ocrx_word' id='word_1_117' title='bbox 557 878 691 906; x_wconf 84' lang='lat' dir='ltr'><strong>Eusebius</strong></span> <span class='ocrx_word' id='word_1_118' title='bbox 707 877 929 910; x_wconf 86' lang='lat' dir='ltr'><strong>Constantinum,</strong></span> <span class='ocrx_word' id='word_1_119' title='bbox 948 878 1036 906; x_wconf 76' lang='lat' dir='ltr'><strong>ecoie-</strong></span> 
     </span>
    </p>
   </div>
   <div class='ocr_carea' id='block_1_16' title="bbox 251 923 1072 961">
    <p class='ocr_par' dir='ltr' id='par_1_16' title="bbox 251 923 1072 961">
     <span class='ocr_line' id='line_1_16' title="bbox 251 923 1072 961; baseline -0.004 -8"><span class='ocrx_word' id='word_1_120' title='bbox 251 927 320 954; x_wconf 86' lang='lat' dir='ltr'><strong>siam</strong></span> <span class='ocrx_word' id='word_1_121' title='bbox 337 926 394 953; x_wconf 82' lang='lat' dir='ltr'><strong>sive</strong></span> <span class='ocrx_word' id='word_1_122' title='bbox 406 925 566 961; x_wconf 80' lang='lat' dir='ltr'><strong>martyrium</strong></span> <span class='ocrx_word' id='word_1_123' title='bbox 578 924 729 952; x_wconf 88' lang='lat' dir='ltr'><strong>Salvatoris</strong></span> <span class='ocrx_word' id='word_1_124' title='bbox 741 944 747 955; x_wconf 84' lang='grc'><em>,</em></span> <span class='ocrx_word' id='word_1_125' title='bbox 761 923 832 958; x_wconf 87' lang='lat' dir='ltr'><strong>quod</strong></span> <span class='ocrx_word' id='word_1_126' title='bbox 851 923 908 958; x_wconf 88' lang='lat' dir='ltr'><strong>ipse</strong></span> <span class='ocrx_word' id='word_1_127' title='bbox 930 924 1036 958; x_wconf 83' lang='lat' dir='ltr'><strong>magni-</strong></span> <span class='ocrx_word' id='word_1_128' title='bbox 1051 927 1072 954; x_wconf 83' lang='grc' dir='ltr'><strong>Β</strong></span> 
     </span>
    </p>
   </div>
   <div class='ocr_carea' id='block_1_17' title="bbox 249 969 1036 1002">
    <p class='ocr_par' dir='ltr' id='par_1_17' title="bbox 249 969 1036 1002">
     <span class='ocr_line' id='line_1_17' title="bbox 249 969 1036 1002; baseline -0.004 -3"><span class='ocrx_word' id='word_1_129' title='bbox 249 971 458 999; x_wconf 84' lang='lat' dir='ltr'><strong>licentissimum</strong></span> <span class='ocrx_word' id='word_1_130' title='bbox 474 974 655 1002; x_wconf 73' lang='lat' dir='ltr'><strong>exstruxerat,</strong></span> <span class='ocrx_word' id='word_1_131' title='bbox 685 969 798 997; x_wconf 85' lang='lat' dir='ltr'><strong>inlinitis</strong></span> <span class='ocrx_word' id='word_1_132' title='bbox 821 969 943 997; x_wconf 82' lang='lat' dir='ltr'><strong>donariis</strong></span> <span class='ocrx_word' id='word_1_133' title='bbox 960 969 1036 997; x_wconf 88' lang='lat' dir='ltr'><strong>loeu-</strong></span> 
     </span>
    </p>
   </div>
   <div class='ocr_carea' id='block_1_18' title="bbox 249 1015 1034 1052">
    <p class='ocr_par' dir='ltr' id='par_1_18' title="bbox 249 1015 1034 1052">
     <span class='ocr_line' id='line_1_18' title="bbox 249 1015 1034 1052; baseline -0.001 -9"><span class='ocrx_word' id='word_1_134' title='bbox 249 1017 379 1052; x_wconf 88' lang='lat' dir='ltr'><strong>pletasse,</strong></span> <span class='ocrx_word' id='word_1_135' title='bbox 401 1015 500 1051; x_wconf 79' lang='lat' dir='ltr'><strong>partim</strong></span> <span class='ocrx_word' id='word_1_136' title='bbox 513 1023 546 1043; x_wconf 80' lang='lat' dir='ltr'><strong>ex</strong></span> <span class='ocrx_word' id='word_1_137' title='bbox 576 1023 643 1042; x_wconf 85' lang='lat' dir='ltr'><strong>auro</strong></span> <span class='ocrx_word' id='word_1_138' title='bbox 673 1019 700 1042; x_wconf 86' lang='lat' dir='ltr'><strong>et</strong></span> <span class='ocrx_word' id='word_1_139' title='bbox 725 1019 849 1049; x_wconf 82' lang='lat' dir='ltr'><strong>argento.</strong></span> <span class='ocrx_word' id='word_1_140' title='bbox 874 1015 972 1049; x_wconf 80' lang='lat' dir='ltr'><strong>partim</strong></span> <span class='ocrx_word' id='word_1_141' title='bbox 1002 1022 1034 1042; x_wconf 74' lang='lat' dir='ltr'><strong>ex</strong></span> 
     </span>
    </p>
   </div>
   <div class='ocr_carea' id='block_1_19' title="bbox 250 1060 1036 1098">
    <p class='ocr_par' dir='ltr' id='par_1_19' title="bbox 250 1060 1036 1098">
     <span class='ocr_line' id='line_1_19' title="bbox 250 1060 1036 1098; baseline -0.004 -8"><span class='ocrx_word' id='word_1_142' title='bbox 250 1062 365 1098; x_wconf 80' lang='lat' dir='ltr'><strong>gemmis</strong></span> <span class='ocrx_word' id='word_1_143' title='bbox 382 1067 409 1090; x_wconf 86' lang='lat' dir='ltr'><strong>ct</strong></span> <span class='ocrx_word' id='word_1_144' title='bbox 425 1062 486 1090; x_wconf 88' lang='lat' dir='ltr'><strong>aliis</strong></span> <span class='ocrx_word' id='word_1_145' title='bbox 510 1061 638 1097; x_wconf 83' lang='lat' dir='ltr'><strong>pretiosis</strong></span> <span class='ocrx_word' id='word_1_146' title='bbox 666 1061 793 1088; x_wconf 88' lang='lat' dir='ltr'><strong>cimeliis.</strong></span> <span class='ocrx_word' id='word_1_147' title='bbox 820 1060 872 1094; x_wconf 79' lang='lat' dir='ltr'><strong>Qui</strong></span> <span class='ocrx_word' id='word_1_148' title='bbox 889 1060 1036 1096; x_wconf 84' lang='lat' dir='ltr'><strong>imperator</strong></span> 
     </span>
    </p>
   </div>
   <div class='ocr_carea' id='block_1_20' title="bbox 250 1105 1036 1142">
    <p class='ocr_par' dir='ltr' id='par_1_20' title="bbox 250 1105 1036 1142">
     <span class='ocr_line' id='line_1_20' title="bbox 250 1105 1036 1142; baseline -0.004 -7"><span class='ocrx_word' id='word_1_149' title='bbox 250 1109 313 1136; x_wconf 89' lang='lat' dir='ltr'><strong>aliis</strong></span> <span class='ocrx_word' id='word_1_150' title='bbox 327 1108 445 1135; x_wconf 82' lang='lat' dir='ltr'><strong>fortasse</strong></span> <span class='ocrx_word' id='word_1_151' title='bbox 459 1107 584 1142; x_wconf 81' lang='lat' dir='ltr'><strong>exemplo</strong></span> <span class='ocrx_word' id='word_1_152' title='bbox 605 1114 638 1134; x_wconf 90' lang='lat' dir='ltr'><strong>ac</strong></span> <span class='ocrx_word' id='word_1_153' title='bbox 656 1106 766 1134; x_wconf 86' lang='lat' dir='ltr'><strong>stimulo</strong></span> <span class='ocrx_word' id='word_1_154' title='bbox 783 1105 875 1138; x_wconf 86' lang='lat' dir='ltr'><strong>fuerit,</strong></span> <span class='ocrx_word' id='word_1_155' title='bbox 894 1111 923 1133; x_wconf 90' lang='lat' dir='ltr'><strong>ut</strong></span> <span class='ocrx_word' id='word_1_156' title='bbox 937 1106 1036 1133; x_wconf 86' lang='lat' dir='ltr'><strong>similia</strong></span> 
     </span>
    </p>
   </div>
   <div class='ocr_carea' id='block_1_21' title="bbox 250 1150 1036 1186">
    <p class='ocr_par' dir='ltr' id='par_1_21' title="bbox 250 1150 1036 1186">
     <span class='ocr_line' id='line_1_21' title="bbox 250 1150 1036 1186; baseline -0.004 -5"><span class='ocrx_word' id='word_1_157' title='bbox 250 1154 322 1181; x_wconf 88' lang='lat' dir='ltr'><strong>dona</strong></span> <span class='ocrx_word' id='word_1_158' title='bbox 345 1153 470 1181; x_wconf 88' lang='lat' dir='ltr'><strong>certatim</strong></span> <span class='ocrx_word' id='word_1_159' title='bbox 493 1153 521 1180; x_wconf 90' lang='lat' dir='ltr'><strong>in</strong></span> <span class='ocrx_word' id='word_1_160' title='bbox 551 1151 674 1181; x_wconf 89' lang='lat' dir='ltr'><strong>ecclesiis</strong></span> <span class='ocrx_word' id='word_1_161' title='bbox 695 1155 899 1180; x_wconf 86' lang='lat' dir='ltr'><strong>consecrarent.</strong></span> <span class='ocrx_word' id='word_1_162' title='bbox 916 1150 1036 1186; x_wconf 88' lang='lat' dir='ltr'><strong>idipsum</strong></span> 
     </span>
    </p>
   </div>
   <div class='ocr_carea' id='block_1_22' title="bbox 250 1196 1036 1235">
    <p class='ocr_par' dir='ltr' id='par_1_22' title="bbox 250 1196 1036 1235">
     <span class='ocr_line' id='line_1_22' title="bbox 250 1196 1036 1235; baseline -0.005 -8"><span class='ocrx_word' id='word_1_163' title='bbox 250 1199 346 1235; x_wconf 90' lang='lat' dir='ltr'><strong>paucis</strong></span> <span class='ocrx_word' id='word_1_164' title='bbox 361 1199 460 1234; x_wconf 86' lang='lat' dir='ltr'><strong>repetit</strong></span> <span class='ocrx_word' id='word_1_165' title='bbox 474 1199 507 1225; x_wconf 87' lang='lat' dir='ltr'><strong>ad</strong></span> <span class='ocrx_word' id='word_1_166' title='bbox 526 1198 660 1233; x_wconf 78' lang='lat' dir='ltr'><strong>psalmum</strong></span> <span class='ocrx_word' id='word_1_167' title='bbox 679 1205 763 1230; x_wconf 81' lang='lat' dir='ltr'><strong>cxvu,</strong></span> <span class='ocrx_word' id='word_1_168' title='bbox 785 1197 915 1232; x_wconf 84' lang='lat' dir='ltr'><strong>additque</strong></span> <span class='ocrx_word' id='word_1_169' title='bbox 939 1196 1036 1224; x_wconf 90' lang='lat' dir='ltr'><strong>diebus</strong></span> 
     </span>
    </p>
   </div>
   <div class='ocr_carea' id='block_1_23' title="bbox 249 1242 1037 1281">
    <p class='ocr_par' dir='ltr' id='par_1_23' title="bbox 249 1242 1037 1281">
     <span class='ocr_line' id='line_1_23' title="bbox 249 1242 1037 1281; baseline -0.005 -8"><span class='ocrx_word' id='word_1_170' title='bbox 249 1246 401 1281; x_wconf 70' lang='lat' dir='ltr'><strong>praesertim</strong></span> <span class='ocrx_word' id='word_1_171' title='bbox 417 1244 620 1273; x_wconf 89' lang='lat' dir='ltr'><strong>solemnitatum</strong></span> <span class='ocrx_word' id='word_1_172' title='bbox 643 1243 788 1271; x_wconf 85' lang='lat' dir='ltr'><strong>ecclesiam</strong></span> <span class='ocrx_word' id='word_1_173' title='bbox 810 1242 890 1270; x_wconf 88' lang='lat' dir='ltr'><strong>donis</strong></span> <span class='ocrx_word' id='word_1_174' title='bbox 901 1250 1037 1270; x_wconf 81' lang='lat' dir='ltr'><strong>exornan-</strong></span> 
     </span>
    </p>
   </div>
   <div class='ocr_carea' id='block_1_24' title="bbox 249 1288 1037 1326">
    <p class='ocr_par' dir='ltr' id='par_1_24' title="bbox 249 1288 1037 1326">
     <span class='ocr_line' id='line_1_24' title="bbox 249 1288 1037 1326; baseline -0.008 -6"><span class='ocrx_word' id='word_1_175' title='bbox 249 1292 313 1320; x_wconf 89' lang='lat' dir='ltr'><strong>dam</strong></span> <span class='ocrx_word' id='word_1_176' title='bbox 323 1299 394 1320; x_wconf 89' lang='lat' dir='ltr'><strong>esse.</strong></span> <span class='ocrx_word' id='word_1_177' title='bbox 412 1291 464 1319; x_wconf 88' lang='lat' dir='ltr'><strong>Ubi</strong></span> <span class='ocrx_word' id='word_1_178' title='bbox 478 1291 512 1318; x_wconf 89' lang='lat' dir='ltr'><strong>ad</strong></span> <span class='ocrx_word' id='word_1_179' title='bbox 527 1291 583 1318; x_wconf 75' lang='lat' dir='ltr'><strong>htec</strong></span> <span class='ocrx_word' id='word_1_180' title='bbox 596 1290 752 1326; x_wconf 79' lang='lat' dir='ltr'><strong>Symmachi</strong></span> <span class='ocrx_word' id='word_1_181' title='bbox 765 1289 865 1321; x_wconf 81' lang='lat' dir='ltr'><strong>verba,</strong></span> <span class='ocrx_word' id='word_1_182' title='bbox 885 1288 1037 1324; x_wconf 79' lang='grc' dir='ltr'><strong>Συνδήσατε</strong></span> 
     </span>
    </p>
   </div>
   <div class='ocr_carea' id='block_1_25' title="bbox 249 1333 1036 1373">
    <p class='ocr_par' dir='ltr' id='par_1_25' title="bbox 249 1333 1036 1373">
     <span class='ocr_line' id='line_1_25' title="bbox 249 1333 1036 1373; baseline -0.006 -8"><span class='ocrx_word' id='word_1_183' title='bbox 249 1340 279 1366; x_wconf 76' lang='grc' dir='ltr'>ἑν</span> <span class='ocrx_word' id='word_1_184' title='bbox 304 1337 456 1373; x_wconf 79' lang='grc' dir='ltr'><strong>πανηγύρει</strong></span> <span class='ocrx_word' id='word_1_185' title='bbox 485 1337 661 1372; x_wconf 59' lang='grc' dir='ltr'><strong>πδκάσματα,</strong></span> <span class='ocrx_word' id='word_1_186' title='bbox 686 1335 740 1367; x_wconf 72' lang='grc' dir='ltr'><strong>ἓως</strong></span> <span class='ocrx_word' id='word_1_187' title='bbox 762 1334 818 1362; x_wconf 81' lang='grc' dir='ltr'><strong>τῶν</strong></span> <span class='ocrx_word' id='word_1_188' title='bbox 840 1334 963 1369; x_wconf 82' lang='grc' dir='ltr'><strong>κεράτων</strong></span> <span class='ocrx_word' id='word_1_189' title='bbox 989 1333 1036 1361; x_wconf 77' lang='grc' dir='ltr'><strong>τοῦ</strong></span> 
     </span>
    </p>
   </div>
   <div class='ocr_carea' id='block_1_26' title="bbox 250 1380 1038 1421">
    <p class='ocr_par' dir='ltr' id='par_1_26' title="bbox 250 1380 1038 1421">
     <span class='ocr_line' id='line_1_26' title="bbox 250 1380 1038 1421; baseline -0.008 -8"><span class='ocrx_word' id='word_1_190' title='bbox 250 1385 453 1421; x_wconf 76' lang='grc' dir='ltr'><strong>θυσιαστηρίου,</strong></span> <span class='ocrx_word' id='word_1_191' title='bbox 467 1383 493 1411; x_wconf 89' lang='lat' dir='ltr'><strong>id</strong></span> <span class='ocrx_word' id='word_1_192' title='bbox 507 1388 559 1415; x_wconf 88' lang='lat' dir='ltr'><strong>est,</strong></span> <span class='ocrx_word' id='word_1_193' title='bbox 578 1382 708 1418; x_wconf 86' lang='lat' dir='ltr'><strong>Calligate</strong></span> <span class='ocrx_word' id='word_1_194' title='bbox 719 1383 746 1409; x_wconf 87' lang='lat' dir='ltr'><strong>in</strong></span> <span class='ocrx_word' id='word_1_195' title='bbox 761 1381 911 1409; x_wconf 80' lang='lat' dir='ltr'><strong>celebritate</strong></span> <span class='ocrx_word' id='word_1_196' title='bbox 924 1380 1038 1408; x_wconf 85' lang='lat' dir='ltr'><strong>densita-</strong></span> 
     </span>
    </p>
   </div>
   <div class='ocr_carea' id='block_1_27' title="bbox 251 1426 1038 1466">
    <p class='ocr_par' dir='ltr' id='par_1_27' title="bbox 251 1426 1038 1466">
     <span class='ocr_line' id='line_1_27' title="bbox 251 1426 1038 1466; baseline -0.006 -8"><span class='ocrx_word' id='word_1_197' title='bbox 251 1437 287 1459; x_wconf 84' lang='lat' dir='ltr'><strong>tes</strong></span> <span class='ocrx_word' id='word_1_198' title='bbox 303 1439 384 1466; x_wconf 83' lang='lat' dir='ltr'><strong>usque</strong></span> <span class='ocrx_word' id='word_1_199' title='bbox 396 1430 430 1457; x_wconf 87' lang='lat' dir='ltr'><strong>ad</strong></span> <span class='ocrx_word' id='word_1_200' title='bbox 443 1438 542 1457; x_wconf 86' lang='lat' dir='ltr'><strong>cornua</strong></span> <span class='ocrx_word' id='word_1_201' title='bbox 558 1429 653 1456; x_wconf 83' lang='lat' dir='ltr'><strong>altaris</strong></span> <span class='ocrx_word' id='word_1_202' title='bbox 665 1438 675 1460; x_wconf 87' lang='lat'><em>;</em></span> <span class='ocrx_word' id='word_1_203' title='bbox 698 1429 756 1456; x_wconf 74' lang='lat' dir='ltr'><strong>hazc</strong></span> <span class='ocrx_word' id='word_1_204' title='bbox 769 1428 849 1455; x_wconf 77' lang='lat' dir='ltr'><strong>habet</strong></span> <span class='ocrx_word' id='word_1_205' title='bbox 864 1438 869 1454; x_wconf 87' lang='lat'>:</span> <span class='ocrx_word' id='word_1_206' title='bbox 886 1426 935 1454; x_wconf 81' lang='lat' dir='ltr'><strong>His</strong></span> <span class='ocrx_word' id='word_1_207' title='bbox 949 1431 1038 1454; x_wconf 80' lang='lat' dir='ltr'><strong>autem</strong></span> 
     </span>
    </p>
   </div>
   <div class='ocr_carea' id='block_1_28' title="bbox 250 1473 1038 1511">
    <p class='ocr_par' dir='ltr' id='par_1_28' title="bbox 250 1473 1038 1511">
     <span class='ocr_line' id='line_1_28' title="bbox 250 1473 1038 1511; baseline -0.006 -7"><span class='ocrx_word' id='word_1_208' title='bbox 250 1478 380 1511; x_wconf 74' lang='lat' dir='ltr'><strong>prtecipit,</strong></span> <span class='ocrx_word' id='word_1_209' title='bbox 396 1476 486 1504; x_wconf 82' lang='lat' dir='ltr'><strong>multis</strong></span> <span class='ocrx_word' id='word_1_210' title='bbox 501 1475 612 1502; x_wconf 83' lang='lat' dir='ltr'><strong>cimeliis</strong></span> <span class='ocrx_word' id='word_1_211' title='bbox 638 1475 746 1501; x_wconf 87' lang='lat' dir='ltr'><strong>domum</strong></span> <span class='ocrx_word' id='word_1_212' title='bbox 771 1474 821 1501; x_wconf 82' lang='lat' dir='ltr'><strong>Dei</strong></span> <span class='ocrx_word' id='word_1_213' title='bbox 835 1473 944 1508; x_wconf 83' lang='lat' dir='ltr'><strong>replere,</strong></span> <span class='ocrx_word' id='word_1_214' title='bbox 961 1477 1038 1508; x_wconf 81' lang='lat' dir='ltr'><strong>atque</strong></span> 
     </span>
    </p>
   </div>
   <div class='ocr_carea' id='block_1_29' title="bbox 250 1520 1038 1559">
    <p class='ocr_par' dir='ltr' id='par_1_29' title="bbox 250 1520 1038 1559">
     <span class='ocr_line' id='line_1_29' title="bbox 250 1520 1038 1559; baseline -0.006 -8"><span class='ocrx_word' id='word_1_215' title='bbox 250 1524 369 1551; x_wconf 69' lang='lat' dir='ltr'><strong>donariis</strong></span> <span class='ocrx_word' id='word_1_216' title='bbox 385 1522 562 1559; x_wconf 70' lang='lat' dir='ltr'><strong>frequentibus</strong></span> <span class='ocrx_word' id='word_1_217' title='bbox 577 1522 661 1556; x_wconf 75' lang='lat' dir='ltr'><strong>.&#39;,.‘sam</strong></span> <span class='ocrx_word' id='word_1_218' title='bbox 671 1521 828 1556; x_wconf 80' lang='lat' dir='ltr'><strong>temporibus</strong></span> <span class='ocrx_word' id='word_1_219' title='bbox 841 1520 1038 1548; x_wconf 78' lang='lat' dir='ltr'><strong>solemnitatttm</strong></span> 
     </span>
    </p>
   </div>
   <div class='ocr_carea' id='block_1_30' title="bbox 297 1577 387 1596">
    <p class='ocr_par' dir='ltr' id='par_1_30' title="bbox 297 1577 387 1596">
     <span class='ocr_line' id='line_1_30' title="bbox 297 1577 387 1596; baseline 0 0"><span class='ocrx_word' id='word_1_220' title='bbox 297 1577 387 1596; x_wconf 75' lang='lat' dir='ltr'><strong>onore.</strong></span> 
     </span>
    </p>
   </div>
   <div class='ocr_carea' id='block_1_31' title="bbox 550 1645 735 1673">
    <p class='ocr_par' dir='ltr' id='par_1_31' title="bbox 550 1645 735 1673">
     <span class='ocr_line' id='line_1_31' title="bbox 550 1645 735 1673; baseline -0.011 0"><span class='ocrx_word' id='word_1_221' title='bbox 550 1645 665 1673; x_wconf 80' lang='lat' dir='ltr'><strong>CAPUT</strong></span> <span class='ocrx_word' id='word_1_222' title='bbox 690 1645 735 1672; x_wconf 70' lang='lat' dir='ltr'><strong>ix.</strong></span> 
     </span>
    </p>
   </div>
   <div class='ocr_carea' id='block_1_32' title="bbox 323 1709 897 1733">
    <p class='ocr_par' dir='ltr' id='par_1_32' title="bbox 323 1709 897 1733">
     <span class='ocr_line' id='line_1_32' title="bbox 323 1709 897 1733; baseline -0.005 -3"><span class='ocrx_word' id='word_1_223' title='bbox 323 1710 506 1730; x_wconf 68' lang='lat' dir='ltr'><strong>IISCELLANEA</strong></span> <span class='ocrx_word' id='word_1_224' title='bbox 530 1710 645 1733; x_wconf 61' lang='lat' dir='ltr'><strong>QUI-EDA!</strong></span> <span class='ocrx_word' id='word_1_225' title='bbox 672 1709 844 1729; x_wconf 69' lang='lat' dir='ltr'><strong>OBSERVANDA</strong></span> <span class='ocrx_word' id='word_1_226' title='bbox 871 1709 897 1727; x_wconf 71' lang='lat' dir='ltr'><strong>IN</strong></span> 
     </span>
    </p>
   </div>
   <div class='ocr_carea' id='block_1_33' title="bbox 539 1744 749 1764">
    <p class='ocr_par' dir='ltr' id='par_1_33' title="bbox 539 1744 749 1764">
     <span class='ocr_line' id='line_1_33' title="bbox 539 1744 749 1764; baseline 0.005 -1"><span class='ocrx_word' id='word_1_227' title='bbox 539 1744 749 1764; x_wconf 68' lang='grc' dir='ltr'><strong>εοκιιεητλιιιιε.</strong></span> 
     </span>
    </p>
   </div>
   <div class='ocr_carea' id='block_1_34' title="bbox 923 1708 969 1728">
    <p class='ocr_par' dir='ltr' id='par_1_34' title="bbox 923 1708 969 1728">
     <span class='ocr_line' id='line_1_34' title="bbox 923 1708 969 1728; baseline 0.022 -1"><span class='ocrx_word' id='word_1_228' title='bbox 923 1708 969 1728; x_wconf 80' lang='lat' dir='ltr'><strong>IIIS</strong></span> 
     </span>
    </p>
   </div>
   <div class='ocr_carea' id='block_1_35' title="bbox 254 1811 1041 1847">
    <p class='ocr_par' dir='ltr' id='par_1_35' title="bbox 254 1811 1041 1847">
     <span class='ocr_line' id='line_1_35' title="bbox 254 1811 1041 1847; baseline -0.004 -5"><span class='ocrx_word' id='word_1_229' title='bbox 254 1813 280 1842; x_wconf 88' lang='grc'><strong>1.</strong></span> <span class='ocrx_word' id='word_1_230' title='bbox 297 1813 405 1841; x_wconf 84' lang='lat' dir='ltr'><strong>Eusebii</strong></span> <span class='ocrx_word' id='word_1_231' title='bbox 421 1813 452 1840; x_wconf 86' lang='lat' dir='ltr'><strong>de</strong></span> <span class='ocrx_word' id='word_1_232' title='bbox 466 1812 587 1840; x_wconf 72' lang='lat' dir='ltr'><strong>Matt/uri</strong></span> <span class='ocrx_word' id='word_1_233' title='bbox 599 1812 739 1847; x_wconf 79' lang='lat' dir='ltr'><strong>Evangelia</strong></span> <span class='ocrx_word' id='word_1_234' title='bbox 751 1813 889 1847; x_wconf 73' lang='lat' dir='ltr'><strong>sententia.</strong></span> <span class='ocrx_word' id='word_1_235' title='bbox 904 1811 1041 1839; x_wconf 68' lang='lat' dir='ltr'><strong>ILJoam</strong></span> 
     </span>
    </p>
   </div>
   <div class='ocr_carea' id='block_1_36' title="bbox 288 1846 1038 1882">
    <p class='ocr_par' dir='ltr' id='par_1_36' title="bbox 288 1846 1038 1882">
     <span class='ocr_line' id='line_1_36' title="bbox 288 1846 1038 1882; baseline -0.003 -6"><span class='ocrx_word' id='word_1_236' title='bbox 288 1857 332 1876; x_wconf 86' lang='lat' dir='ltr'><strong>nes</strong></span> <span class='ocrx_word' id='word_1_237' title='bbox 352 1847 483 1875; x_wconf 84' lang='lat' dir='ltr'><strong>lIebroicu</strong></span> <span class='ocrx_word' id='word_1_238' title='bbox 503 1848 649 1882; x_wconf 70' lang='lat' dir='ltr'><strong>exemplari</strong></span> <span class='ocrx_word' id='word_1_239' title='bbox 665 1846 729 1874; x_wconf 83' lang='lat' dir='ltr'><strong>usus</strong></span> <span class='ocrx_word' id='word_1_240' title='bbox 751 1854 800 1879; x_wconf 77' lang='lat' dir='ltr'><strong>est,</strong></span> <span class='ocrx_word' id='word_1_241' title='bbox 828 1846 931 1875; x_wconf 79' lang='lat' dir='ltr'><strong>Paulus</strong></span> <span class='ocrx_word' id='word_1_242' title='bbox 951 1852 1038 1874; x_wconf 87' lang='lat' dir='ltr'><strong>autem</strong></span> 
     </span>
    </p>
   </div>
   <div class='ocr_carea' id='block_1_37' title="bbox 291 1881 1038 1918">
    <p class='ocr_par' dir='ltr' id='par_1_37' title="bbox 291 1881 1038 1918">
     <span class='ocr_line' id='line_1_37' title="bbox 291 1881 1038 1918; baseline -0.001 -7"><span class='ocrx_word' id='word_1_243' title='bbox 291 1883 382 1911; x_wconf 76' lang='lat' dir='ltr'><strong>Grch</strong></span> <span class='ocrx_word' id='word_1_244' title='bbox 407 1883 484 1910; x_wconf 83' lang='lat' dir='ltr'><strong>LXX</strong></span> <span class='ocrx_word' id='word_1_245' title='bbox 500 1881 686 1918; x_wconf 85' lang='lat' dir='ltr'><strong>Interpretum.</strong></span> <span class='ocrx_word' id='word_1_246' title='bbox 719 1881 778 1910; x_wconf 88' lang='grc'><strong>111.</strong></span> <span class='ocrx_word' id='word_1_247' title='bbox 804 1882 925 1914; x_wconf 73' lang='grc' dir='ltr'><strong>Αροειοιί</strong></span> <span class='ocrx_word' id='word_1_248' title='bbox 949 1891 1038 1910; x_wconf 83' lang='lat' dir='ltr'><strong>omnes</strong></span> 
     </span>
    </p>
   </div>
   <div class='ocr_carea' id='block_1_38' title="bbox 288 1918 1038 1954">
    <p class='ocr_par' dir='ltr' id='par_1_38' title="bbox 288 1918 1038 1954">
     <span class='ocr_line' id='line_1_38' title="bbox 288 1918 1038 1954; baseline -0.003 -8"><span class='ocrx_word' id='word_1_249' title='bbox 288 1919 418 1954; x_wconf 82' lang='lat' dir='ltr'><strong>martyrio</strong></span> <span class='ocrx_word' id='word_1_250' title='bbox 436 1920 565 1951; x_wconf 84' lang='lat' dir='ltr'><strong>coronati,</strong></span> <span class='ocrx_word' id='word_1_251' title='bbox 579 1927 611 1945; x_wconf 78' lang='lat' dir='ltr'><strong>ea:</strong></span> <span class='ocrx_word' id='word_1_252' title='bbox 628 1927 680 1953; x_wconf 90' lang='lat' dir='ltr'><strong>qua</strong></span> <span class='ocrx_word' id='word_1_253' title='bbox 697 1919 765 1944; x_wconf 88' lang='lat' dir='ltr'><strong>tribu</strong></span> <span class='ocrx_word' id='word_1_254' title='bbox 779 1918 876 1953; x_wconf 75' lang='lat' dir='ltr'><strong>singuli</strong></span> <span class='ocrx_word' id='word_1_255' title='bbox 887 1918 1038 1953; x_wconf 79' lang='lat' dir='ltr'><strong>fuerintde-</strong></span> 
     </span>
    </p>
   </div>
   <div class='ocr_carea' id='block_1_39' title="bbox 288 1953 1038 1989">
    <p class='ocr_par' dir='ltr' id='par_1_39' title="bbox 288 1953 1038 1989">
     <span class='ocr_line' id='line_1_39' title="bbox 288 1953 1038 1989; baseline -0.003 -8"><span class='ocrx_word' id='word_1_256' title='bbox 288 1953 414 1989; x_wconf 79' lang='lat' dir='ltr'><strong>prehendi</strong></span> <span class='ocrx_word' id='word_1_257' title='bbox 428 1960 525 1989; x_wconf 78' lang='lat' dir='ltr'><strong>potest.</strong></span> <span class='ocrx_word' id='word_1_258' title='bbox 551 1953 602 1981; x_wconf 80' lang='grc' dir='ltr'><strong>ιν.</strong></span> <span class='ocrx_word' id='word_1_259' title='bbox 627 1955 669 1980; x_wconf 77' lang='lat' dir='ltr'><strong>An</strong></span> <span class='ocrx_word' id='word_1_260' title='bbox 693 1953 881 1989; x_wconf 60' lang='lat' dir='ltr'><strong>prophetarum</strong></span> <span class='ocrx_word' id='word_1_261' title='bbox 907 1953 1038 1989; x_wconf 75' lang='lat' dir='ltr'><strong>successio</strong></span> 
     </span>
    </p>
   </div>
   <div class='ocr_carea' id='block_1_40' title="bbox 289 1987 1037 2024">
    <p class='ocr_par' dir='ltr' id='par_1_40' title="bbox 289 1987 1037 2024">
     <span class='ocr_line' id='line_1_40' title="bbox 289 1987 1037 2024; baseline -0.003 -8"><span class='ocrx_word' id='word_1_262' title='bbox 289 1987 325 2016; x_wconf 73' lang='lat' dir='ltr'><strong>ad</strong></span> <span class='ocrx_word' id='word_1_263' title='bbox 347 1987 478 2017; x_wconf 75' lang='lat' dir='ltr'><strong>Joannem</strong></span> <span class='ocrx_word' id='word_1_264' title='bbox 499 1989 649 2024; x_wconf 76' lang='lat' dir='ltr'><strong>Baptistam</strong></span> <span class='ocrx_word' id='word_1_265' title='bbox 671 1987 825 2024; x_wconf 76' lang='lat' dir='ltr'><strong>pervenerit.</strong></span> <span class='ocrx_word' id='word_1_266' title='bbox 850 1987 880 2014; x_wconf 83' lang='lat' dir='ltr'><strong>V.</strong></span> <span class='ocrx_word' id='word_1_267' title='bbox 909 1988 1037 2015; x_wconf 80' lang='lat' dir='ltr'><strong>Eusebius</strong></span> 
     </span>
    </p>
   </div>
   <div class='ocr_carea' id='block_1_41' title="bbox 289 1997 1041 2059">
    <p class='ocr_par' dir='ltr' id='par_1_41' title="bbox 289 1997 1041 2059">
     <span class='ocr_line' id='line_1_41' title="bbox 289 1997 1037 2024; baseline -0.003 -8"><span class='ocrx_word' id='word_1_268' title='bbox 289 1997 324 2016; x_wconf 83' lang='lat' dir='ltr'><strong>ua</strong></span> <span class='ocrx_word' id='word_1_269' title='bbox 347 1997 478 2017; x_wconf 81' lang='lat' dir='ltr'><strong>Joannem</strong></span> <span class='ocrx_word' id='word_1_270' title='bbox 499 1997 649 2024; x_wconf 73' lang='lat' dir='ltr'><strong>Dapttstam</strong></span> <span class='ocrx_word' id='word_1_271' title='bbox 689 1997 825 2016; x_wconf 82' lang='lat' dir='ltr'><strong>erveneru.</strong></span> <span class='ocrx_word' id='word_1_272' title='bbox 853 1997 880 2014; x_wconf 74' lang='grc' dir='ltr'><strong>γ.</strong></span> <span class='ocrx_word' id='word_1_273' title='bbox 909 1997 1037 2015; x_wconf 71' lang='grc' dir='ltr'><strong>ιιιιδεοιιιδ</strong></span> 
     </span>
     <span class='ocr_line' id='line_1_42' title="bbox 289 1997 1041 2059; baseline -0.005 -7"><span class='ocrx_word' id='word_1_274' title='bbox 289 2025 389 2052; x_wconf 82' lang='lat' dir='ltr'><strong>labitur</strong></span> <span class='ocrx_word' id='word_1_275' title='bbox 400 2024 463 2051; x_wconf 81' lang='lat' dir='ltr'><strong>dum</strong></span> <span class='ocrx_word' id='word_1_276' title='bbox 478 2025 618 2052; x_wconf 82' lang='lat' dir='ltr'><strong>monacltos</strong></span> <span class='ocrx_word' id='word_1_277' title='bbox 635 2033 651 2052; x_wconf 88' lang='lat' dir='ltr'><strong>a</strong></span> <span class='ocrx_word' id='word_1_278' title='bbox 666 1997 824 2059; x_wconf 61' lang='lat' dir='ltr'><strong>gymmaclto</strong></span> <span class='ocrx_word' id='word_1_279' title='bbox 837 2024 977 2050; x_wconf 87' lang='lat' dir='ltr'><strong>memorari</strong></span> <span class='ocrx_word' id='word_1_280' title='bbox 993 2031 1041 2059; x_wconf 32' lang='lat' dir='ltr'><strong>pus</strong></span> 
     </span>
    </p>
   </div>
   <div class='ocr_carea' id='block_1_42' title="bbox 290 2058 1036 2094">
    <p class='ocr_par' dir='ltr' id='par_1_42' title="bbox 290 2058 1036 2094">
     <span class='ocr_line' id='line_1_43' title="bbox 290 2058 1036 2094; baseline -0.003 -7"><span class='ocrx_word' id='word_1_281' title='bbox 290 2065 340 2088; x_wconf 83' lang='lat' dir='ltr'><strong>tat.</strong></span> <span class='ocrx_word' id='word_1_282' title='bbox 363 2060 412 2087; x_wconf 85' lang='lat' dir='ltr'><strong>VI.</strong></span> <span class='ocrx_word' id='word_1_283' title='bbox 429 2060 552 2087; x_wconf 81' lang='lat' dir='ltr'><strong>Monac/ti</strong></span> <span class='ocrx_word' id='word_1_284' title='bbox 575 2058 813 2094; x_wconf 33' lang='lat' dir='ltr'><strong>perrari&#39;tempore</strong></span> <span class='ocrx_word' id='word_1_285' title='bbox 831 2059 946 2086; x_wconf 75' lang='lat' dir='ltr'><strong>Eusebii.</strong></span> <span class='ocrx_word' id='word_1_286' title='bbox 970 2058 1036 2094; x_wconf 71' lang='grc' dir='ltr'><strong>νυ.</strong></span> 
     </span>
    </p>
   </div>
   <div class='ocr_carea' id='block_1_43' title="bbox 290 2093 1038 2131">
    <p class='ocr_par' dir='ltr' id='par_1_43' title="bbox 290 2093 1038 2131">
     <span class='ocr_line' id='line_1_44' title="bbox 290 2093 1038 2131; baseline -0.003 -9"><span class='ocrx_word' id='word_1_287' title='bbox 290 2095 442 2131; x_wconf 74' lang='lat' dir='ltr'><strong>Martyrum</strong></span> <span class='ocrx_word' id='word_1_288' title='bbox 456 2093 591 2131; x_wconf 78' lang='lat' dir='ltr'><strong>cruciatus</strong></span> <span class='ocrx_word' id='word_1_289' title='bbox 612 2095 770 2131; x_wconf 50' lang='lat' dir='ltr'><strong>singulares:</strong></span> <span class='ocrx_word' id='word_1_290' title='bbox 796 2093 1038 2131; x_wconf 28' lang='lat' dir='ltr'><strong>i&#39;lll._.[4ud1eile-</strong></span> 
     </span>
    </p>
   </div>
   <div class='ocr_carea' id='block_1_44' title="bbox 289 2128 1037 2166">
    <p class='ocr_par' dir='ltr' id='par_1_44' title="bbox 289 2128 1037 2166">
     <span class='ocr_line' id='line_1_45' title="bbox 289 2128 1037 2166; baseline -0.004 -8"><span class='ocrx_word' id='word_1_291' title='bbox 289 2128 482 2166; x_wconf 56' lang='lat' dir='ltr'><strong>rosoljmorum</strong></span> <span class='ocrx_word' id='word_1_292' title='bbox 498 2130 572 2166; x_wconf 72' lang='lat' dir='ltr'><strong>aditu</strong></span> <span class='ocrx_word' id='word_1_293' title='bbox 588 2128 735 2166; x_wconf 66' lang='lat' dir='ltr'><strong>interclusi.</strong></span> <span class='ocrx_word' id='word_1_294' title='bbox 754 2130 851 2166; x_wconf 78' lang='lat' dir='ltr'><strong>Quare.</strong></span> <span class='ocrx_word' id='word_1_295' title='bbox 872 2128 925 2156; x_wconf 80' lang='lat' dir='ltr'><strong>IX.</strong></span> <span class='ocrx_word' id='word_1_296' title='bbox 939 2129 1037 2156; x_wconf 80' lang='lat' dir='ltr'><strong>Tradi—</strong></span> 
     </span>
    </p>
   </div>
   <div class='ocr_carea' id='block_1_45' title="bbox 291 2164 1038 2199">
    <p class='ocr_par' dir='ltr' id='par_1_45' title="bbox 291 2164 1038 2199">
     <span class='ocr_line' id='line_1_46' title="bbox 291 2164 1038 2199; baseline -0.004 -6"><span class='ocrx_word' id='word_1_297' title='bbox 291 2164 373 2193; x_wconf 75' lang='lat' dir='ltr'><strong>tiones</strong></span> <span class='ocrx_word' id='word_1_298' title='bbox 388 2166 511 2198; x_wconf 68' lang='lat' dir='ltr'><strong>quietiam</strong></span> <span class='ocrx_word' id='word_1_299' title='bbox 525 2165 690 2192; x_wconf 73' lang='lat' dir='ltr'><strong>Judteorum.</strong></span> <span class='ocrx_word' id='word_1_300' title='bbox 705 2164 740 2192; x_wconf 75' lang='grc' dir='ltr'><strong>Χ.</strong></span> <span class='ocrx_word' id='word_1_301' title='bbox 756 2164 969 2192; x_wconf 80' lang='lat' dir='ltr'><strong>Christianorum</strong></span> <span class='ocrx_word' id='word_1_302' title='bbox 988 2165 1038 2199; x_wconf 82' lang='grc' dir='ltr'><strong>[νε-</strong></span> 
     </span>
    </p>
   </div>
   <div class='ocr_carea' id='block_1_46' title="bbox 309 2199 1034 2233">
    <p class='ocr_par' dir='ltr' id='par_1_46' title="bbox 309 2199 1034 2233">
     <span class='ocr_line' id='line_1_47' title="bbox 309 2199 1034 2233; baseline -0.001 -5"><span class='ocrx_word' id='word_1_303' title='bbox 309 2202 397 2228; x_wconf 85' lang='lat' dir='ltr'><strong>nentia</strong></span> <span class='ocrx_word' id='word_1_304' title='bbox 419 2202 447 2227; x_wconf 86' lang='lat' dir='ltr'><strong>in</strong></span> <span class='ocrx_word' id='word_1_305' title='bbox 477 2200 635 2233; x_wconf 78' lang='lat' dir='ltr'><strong>Moabitide,</strong></span> <span class='ocrx_word' id='word_1_306' title='bbox 661 2200 840 2227; x_wconf 75' lang='lat' dir='ltr'><strong>Ammonitide</strong></span> <span class='ocrx_word' id='word_1_307' title='bbox 855 2204 879 2226; x_wconf 85' lang='lat' dir='ltr'><strong>et</strong></span> <span class='ocrx_word' id='word_1_308' title='bbox 904 2199 1034 2228; x_wconf 75' lang='lat' dir='ltr'><strong>Idumam.</strong></span> 
     </span>
    </p>
   </div>
   <div class='ocr_carea' id='block_1_47' title="bbox 291 2211 1039 2269">
    <p class='ocr_par' dir='ltr' id='par_1_47' title="bbox 291 2211 1039 2269">
     <span class='ocr_line' id='line_1_48' title="bbox 309 2211 1034 2233; baseline -0.001 -5"><span class='ocrx_word' id='word_1_309' title='bbox 309 2211 397 2228; x_wconf 79' lang='grc' dir='ltr'><strong>ιιεηηα</strong></span> <span class='ocrx_word' id='word_1_310' title='bbox 419 2211 447 2227; x_wconf 86' lang='grc' dir='ltr'><strong>Πι</strong></span> <span class='ocrx_word' id='word_1_311' title='bbox 477 2211 635 2233; x_wconf 65' lang='lat' dir='ltr'><strong>matutinae,</strong></span> <span class='ocrx_word' id='word_1_312' title='bbox 661 2211 840 2227; x_wconf 69' lang='lat' dir='ltr'><strong>nmmunutua</strong></span> <span class='ocrx_word' id='word_1_313' title='bbox 855 2211 879 2226; x_wconf 78' lang='grc' dir='ltr'><strong>ει</strong></span> <span class='ocrx_word' id='word_1_314' title='bbox 904 2211 1034 2228; x_wconf 76' lang='lat' dir='ltr'><strong>luuntmu.</strong></span> 
     </span>
     <span class='ocr_line' id='line_1_49' title="bbox 291 2211 1039 2269; baseline -0.003 -5"><span class='ocrx_word' id='word_1_315' title='bbox 291 2211 345 2264; x_wconf 49' lang='lat' dir='ltr'><strong>fi“.</strong></span> <span class='ocrx_word' id='word_1_316' title='bbox 363 2237 491 2263; x_wconf 80' lang='lat' dir='ltr'><strong>Eusebius</strong></span> <span class='ocrx_word' id='word_1_317' title='bbox 508 2237 546 2262; x_wconf 86' lang='lat' dir='ltr'><strong>ait</strong></span> <span class='ocrx_word' id='word_1_318' title='bbox 567 2235 692 2262; x_wconf 82' lang='lat' dir='ltr'><strong>mundum</strong></span> <span class='ocrx_word' id='word_1_319' title='bbox 709 2235 839 2269; x_wconf 77' lang='lat' dir='ltr'><strong>sphwrica</strong></span> <span class='ocrx_word' id='word_1_320' title='bbox 857 2235 943 2268; x_wconf 77' lang='lat' dir='ltr'><strong>forma</strong></span> <span class='ocrx_word' id='word_1_321' title='bbox 965 2243 1039 2268; x_wconf 67' lang='lat' dir='ltr'><strong>esse;~</strong></span> 
     </span>
    </p>
   </div>
   <div class='ocr_carea' id='block_1_48' title="bbox 290 2271 777 2307">
    <p class='ocr_par' dir='ltr' id='par_1_48' title="bbox 290 2271 777 2307">
     <span class='ocr_line' id='line_1_50' title="bbox 290 2271 777 2307; baseline -0.002 -8"><span class='ocrx_word' id='word_1_322' title='bbox 290 2278 391 2300; x_wconf 76' lang='lat' dir='ltr'><strong>montes</strong></span> <span class='ocrx_word' id='word_1_323' title='bbox 402 2276 427 2300; x_wconf 82' lang='lat' dir='ltr'><strong>et</strong></span> <span class='ocrx_word' id='word_1_324' title='bbox 438 2277 527 2307; x_wconf 79' lang='lat' dir='ltr'><strong>petras</strong></span> <span class='ocrx_word' id='word_1_325' title='bbox 543 2271 639 2298; x_wconf 79' lang='lat' dir='ltr'><strong>sensim</strong></span> <span class='ocrx_word' id='word_1_326' title='bbox 653 2279 777 2298; x_wconf 78' lang='lat' dir='ltr'><strong>crescere.</strong></span> 
     </span>
    </p>
   </div>
   <div class='ocr_carea' id='block_1_49' title="bbox 355 2338 939 2369">
    <p class='ocr_par' dir='ltr' id='par_1_49' title="bbox 355 2338 939 2369">
     <span class='ocr_line' id='line_1_51' title="bbox 355 2338 939 2369; baseline -0.003 -5"><span class='ocrx_word' id='word_1_327' title='bbox 355 2339 374 2364; x_wconf 85' lang='lat' dir='ltr'><strong>i.</strong></span> <span class='ocrx_word' id='word_1_328' title='bbox 387 2339 484 2364; x_wconf 78' lang='lat' dir='ltr'><strong>Eusebii</strong></span> <span class='ocrx_word' id='word_1_329' title='bbox 496 2339 528 2364; x_wconf 85' lang='lat' dir='ltr'><strong>de</strong></span> <span class='ocrx_word' id='word_1_330' title='bbox 539 2338 647 2363; x_wconf 78' lang='lat' dir='ltr'><strong>Mattbtei</strong></span> <span class='ocrx_word' id='word_1_331' title='bbox 659 2338 794 2369; x_wconf 78' lang='lat' dir='ltr'><strong>Evangeiio</strong></span> <span class='ocrx_word' id='word_1_332' title='bbox 805 2339 939 2363; x_wconf 82' lang='lat' dir='ltr'><strong>sententia.</strong></span> 
     </span>
    </p>
   </div>
   <div class='ocr_carea' id='block_1_50' title="bbox 290 2411 1041 2446">
    <p class='ocr_par' dir='ltr' id='par_1_50' title="bbox 290 2411 1041 2446">
     <span class='ocr_line' id='line_1_52' title="bbox 290 2411 1041 2446; baseline -0.003 -5"><span class='ocrx_word' id='word_1_333' title='bbox 290 2415 333 2442; x_wconf 83' lang='lat' dir='ltr'><strong>Ait</strong></span> <span class='ocrx_word' id='word_1_334' title='bbox 343 2412 478 2442; x_wconf 84' lang='lat' dir='ltr'><strong>Eusebius</strong></span> <span class='ocrx_word' id='word_1_335' title='bbox 491 2413 657 2445; x_wconf 62' lang='lat' dir='ltr'><strong>Matthwum,</strong></span> <span class='ocrx_word' id='word_1_336' title='bbox 675 2412 805 2441; x_wconf 73' lang='lat' dir='ltr'><strong>Hebrzeus</strong></span> <span class='ocrx_word' id='word_1_337' title='bbox 817 2420 879 2440; x_wconf 86' lang='lat' dir='ltr'><strong>cum</strong></span> <span class='ocrx_word' id='word_1_338' title='bbox 894 2417 977 2446; x_wconf 75' lang='lat' dir='ltr'><strong>esset,</strong></span> <span class='ocrx_word' id='word_1_339' title='bbox 994 2411 1041 2439; x_wconf 87' lang='lat' dir='ltr'><strong>ubi</strong></span> 
     </span>
    </p>
   </div>
   <div class='ocr_carea' id='block_1_51' title="bbox 255 2458 1042 2494">
    <p class='ocr_par' dir='ltr' id='par_1_51' title="bbox 255 2458 1042 2494">
     <span class='ocr_line' id='line_1_53' title="bbox 255 2458 1042 2494; baseline 0 -8"><span class='ocrx_word' id='word_1_340' title='bbox 255 2459 362 2487; x_wconf 77' lang='lat' dir='ltr'><strong>Veteris</strong></span> <span class='ocrx_word' id='word_1_341' title='bbox 374 2458 541 2487; x_wconf 88' lang='lat' dir='ltr'><strong>Testamenti</strong></span> <span class='ocrx_word' id='word_1_342' title='bbox 552 2460 642 2487; x_wconf 87' lang='lat' dir='ltr'><strong>locum</strong></span> <span class='ocrx_word' id='word_1_343' title='bbox 654 2459 753 2491; x_wconf 89' lang='lat' dir='ltr'><strong>attulit,</strong></span> <span class='ocrx_word' id='word_1_344' title='bbox 767 2459 876 2494; x_wconf 88' lang='lat' dir='ltr'><strong>propria</strong></span> <span class='ocrx_word' id='word_1_345' title='bbox 887 2466 965 2486; x_wconf 90' lang='lat' dir='ltr'><strong>usum</strong></span> <span class='ocrx_word' id='word_1_346' title='bbox 980 2466 1042 2486; x_wconf 88' lang='lat' dir='ltr'><strong>esse</strong></span> 
     </span>
    </p>
   </div>
   <div class='ocr_carea' id='block_1_52' title="bbox 256 2505 1042 2548">
    <p class='ocr_par' dir='ltr' id='par_1_52' title="bbox 256 2505 1042 2548">
     <span class='ocr_line' id='line_1_54' title="bbox 256 2505 1042 2548; baseline 0 -14"><span class='ocrx_word' id='word_1_347' title='bbox 256 2506 502 2541; x_wconf 86' lang='lat' dir='ltr'><strong>interpretatione:</strong></span> <span class='ocrx_word' id='word_1_348' title='bbox 526 2513 589 2533; x_wconf 89' lang='lat' dir='ltr'><strong>nam</strong></span> <span class='ocrx_word' id='word_1_349' title='bbox 608 2505 685 2540; x_wconf 90' lang='lat' dir='ltr'><strong>illud,</strong></span> <span class='ocrx_word' id='word_1_350' title='bbox 705 2510 833 2548; x_wconf 62' lang='grc' dir='ltr'><strong>στρ-’.ΥΟ</strong></span> <span class='ocrx_word' id='word_1_351' title='bbox 852 2508 934 2535; x_wconf 62' lang='grc' dir='ltr'><strong>ΠῚῬΓΙ</strong></span> <span class='ocrx_word' id='word_1_352' title='bbox 953 2508 1042 2536; x_wconf 58' lang='lat' dir='ltr'><strong>mus</strong></span> 
     </span>
    </p>
   </div>
   <div class='ocr_carea' id='block_1_53' title="bbox 254 2550 1042 2587">
    <p class='ocr_par' dir='ltr' id='par_1_53' title="bbox 254 2550 1042 2587">
     <span class='ocr_line' id='line_1_55' title="bbox 254 2550 1042 2587; baseline -0.003 -8"><span class='ocrx_word' id='word_1_353' title='bbox 254 2552 328 2587; x_wconf 78' lang='lat' dir='ltr'><strong>quod</strong></span> <span class='ocrx_word' id='word_1_354' title='bbox 339 2552 377 2578; x_wconf 90' lang='lat' dir='ltr'><strong>ita</strong></span> <span class='ocrx_word' id='word_1_355' title='bbox 388 2560 403 2578; x_wconf 89' lang='lat' dir='ltr'><strong>a</strong></span> <span class='ocrx_word' id='word_1_356' title='bbox 417 2551 593 2587; x_wconf 73' lang='lat' dir='ltr'><strong>Septuaginta</strong></span> <span class='ocrx_word' id='word_1_357' title='bbox 605 2552 800 2587; x_wconf 85' lang='lat' dir='ltr'><strong>interpretibus</strong></span> <span class='ocrx_word' id='word_1_358' title='bbox 811 2551 944 2583; x_wconf 86' lang='lat' dir='ltr'><strong>redditur,</strong></span> <span class='ocrx_word' id='word_1_359' title='bbox 957 2550 1042 2584; x_wconf 81' lang='grc' dir='ltr'><strong>Φοέγ-</strong></span> 
     </span>
    </p>
   </div>
   <div class='ocr_carea' id='block_1_54' title="bbox 256 2596 1040 2633">
    <p class='ocr_par' dir='ltr' id='par_1_54' title="bbox 256 2596 1040 2633">
     <span class='ocr_line' id='line_1_56' title="bbox 256 2596 1040 2633; baseline -0.001 -10"><span class='ocrx_word' id='word_1_360' title='bbox 256 2597 338 2632; x_wconf 81' lang='grc' dir='ltr'>ξομαι</span> <span class='ocrx_word' id='word_1_361' title='bbox 354 2597 533 2633; x_wconf 79' lang='grc' dir='ltr'><strong>προϐλήματα</strong></span> <span class='ocrx_word' id='word_1_362' title='bbox 541 2597 806 2633; x_wconf 75' lang='grc' dir='ltr'><strong>ἁπ¹ἀρχῆς,ιω1ιιαν</strong></span> <span class='ocrx_word' id='word_1_363' title='bbox 827 2597 991 2631; x_wconf 83' lang='lat' dir='ltr'><strong>problemata</strong></span> <span class='ocrx_word' id='word_1_364' title='bbox 1008 2596 1040 2622; x_wconf 86' lang='lat' dir='ltr'><strong>ab</strong></span> 
     </span>
    </p>
   </div>
   <div class='ocr_carea' id='block_1_55' title="bbox 256 2642 1042 2678">
    <p class='ocr_par' dir='ltr' id='par_1_55' title="bbox 256 2642 1042 2678">
     <span class='ocr_line' id='line_1_57' title="bbox 256 2642 1042 2678; baseline -0.001 -9"><span class='ocrx_word' id='word_1_365' title='bbox 256 2643 333 2669; x_wconf 87' lang='lat' dir='ltr'><strong>initio</strong></span> <span class='ocrx_word' id='word_1_366' title='bbox 344 2642 433 2678; x_wconf 78' lang='lat' dir='ltr'><strong>(Psal.</strong></span> <span class='ocrx_word' id='word_1_367' title='bbox 451 2651 554 2675; x_wconf 80' lang='lat' dir='ltr'><strong>Lxxvn,</strong></span> <span class='ocrx_word' id='word_1_368' title='bbox 568 2643 608 2677; x_wconf 72' lang='grc'><strong>2).</strong></span> <span class='ocrx_word' id='word_1_369' title='bbox 627 2644 652 2670; x_wconf 91' lang='lat' dir='ltr'><strong>in</strong></span> <span class='ocrx_word' id='word_1_370' title='bbox 665 2643 758 2671; x_wconf 74' lang='lat' dir='ltr'><strong>Grzeco</strong></span> <span class='ocrx_word' id='word_1_371' title='bbox 771 2643 888 2670; x_wconf 65' lang='lat' dir='ltr'><strong>Matthtei</strong></span> <span class='ocrx_word' id='word_1_372' title='bbox 912 2646 985 2669; x_wconf 75' lang='lat' dir='ltr'><strong>testu</strong></span> <span class='ocrx_word' id='word_1_373' title='bbox 1000 2642 1042 2669; x_wconf 87' lang='lat' dir='ltr'><strong>his</strong></span> 
     </span>
    </p>
   </div>
   <div class='ocr_carea' id='block_1_56' title="bbox 256 2687 1046 2725">
    <p class='ocr_par' dir='ltr' id='par_1_56' title="bbox 256 2687 1046 2725">
     <span class='ocr_line' id='line_1_58' title="bbox 256 2687 1046 2725; baseline -0.003 -9"><span class='ocrx_word' id='word_1_374' title='bbox 256 2689 348 2717; x_wconf 73' lang='lat' dir='ltr'><strong>verbis</strong></span> <span class='ocrx_word' id='word_1_375' title='bbox 356 2690 480 2722; x_wconf 83' lang='lat' dir='ltr'><strong>vertitur,</strong></span> <span class='ocrx_word' id='word_1_376' title='bbox 489 2689 646 2725; x_wconf 71' lang='grc' dir='ltr'><strong>Ἐρεύξομαι</strong></span> <span class='ocrx_word' id='word_1_377' title='bbox 653 2689 888 2725; x_wconf 74' lang='grc' dir='ltr'><strong>κεκρυμμέναάπὺ</strong></span> <span class='ocrx_word' id='word_1_378' title='bbox 893 2687 1046 2723; x_wconf 72' lang='grc' dir='ltr'><strong>καταϐολῆς</strong></span> 
     </span>
    </p>
   </div>
   <div class='ocr_carea' id='block_1_57' title="bbox 257 2733 1043 2771">
    <p class='ocr_par' dir='ltr' id='par_1_57' title="bbox 257 2733 1043 2771">
     <span class='ocr_line' id='line_1_59' title="bbox 257 2733 1043 2771; baseline -0.004 -9"><span class='ocrx_word' id='word_1_379' title='bbox 257 2735 372 2771; x_wconf 73' lang='grc' dir='ltr'><strong>κόσμου,</strong></span> <span class='ocrx_word' id='word_1_380' title='bbox 390 2735 525 2762; x_wconf 85' lang='lat' dir='ltr'><strong>Eructabo</strong></span> <span class='ocrx_word' id='word_1_381' title='bbox 539 2736 693 2763; x_wconf 83' lang='lat' dir='ltr'><strong>abscondita</strong></span> <span class='ocrx_word' id='word_1_382' title='bbox 712 2745 728 2763; x_wconf 87' lang='grc' dir='ltr'><em>α</em></span> <span class='ocrx_word' id='word_1_383' title='bbox 743 2736 932 2763; x_wconf 71' lang='lat' dir='ltr'><strong>constitutione</strong></span> <span class='ocrx_word' id='word_1_384' title='bbox 941 2733 1043 2760; x_wconf 87' lang='lat' dir='ltr'><strong>mundi.</strong></span> 
     </span>
    </p>
   </div>
   <div class='ocr_carea' id='block_1_58' title="bbox 258 2779 1043 2818">
    <p class='ocr_par' dir='ltr' id='par_1_58' title="bbox 258 2779 1043 2818">
     <span class='ocr_line' id='line_1_60' title="bbox 258 2779 1043 2818; baseline -0.003 -9"><span class='ocrx_word' id='word_1_385' title='bbox 258 2783 292 2809; x_wconf 86' lang='lat' dir='ltr'><strong>At</strong></span> <span class='ocrx_word' id='word_1_386' title='bbox 307 2790 370 2810; x_wconf 90' lang='lat' dir='ltr'><strong>cum</strong></span> <span class='ocrx_word' id='word_1_387' title='bbox 390 2782 544 2815; x_wconf 67' lang='lat' dir='ltr'><strong>Matthaaus,</strong></span> <span class='ocrx_word' id='word_1_388' title='bbox 561 2782 671 2814; x_wconf 61' lang='lat' dir='ltr'><strong>Irenaeo,</strong></span> <span class='ocrx_word' id='word_1_389' title='bbox 694 2783 825 2818; x_wconf 80' lang='lat' dir='ltr'><strong>Origene,</strong></span> <span class='ocrx_word' id='word_1_390' title='bbox 843 2781 961 2809; x_wconf 86' lang='lat' dir='ltr'><strong>Eusebio</strong></span> <span class='ocrx_word' id='word_1_391' title='bbox 983 2779 1043 2815; x_wconf 88' lang='lat' dir='ltr'><strong>ipso</strong></span> 
     </span>
    </p>
   </div>
   <div class='ocr_carea' id='block_1_59' title="bbox 256 2827 1041 2865">
    <p class='ocr_par' dir='ltr' id='par_1_59' title="bbox 256 2827 1041 2865">
     <span class='ocr_line' id='line_1_61' title="bbox 256 2827 1041 2865; baseline -0.003 -10"><span class='ocrx_word' id='word_1_392' title='bbox 256 2833 284 2856; x_wconf 89' lang='lat' dir='ltr'><strong>et</strong></span> <span class='ocrx_word' id='word_1_393' title='bbox 308 2828 474 2865; x_wconf 86' lang='lat' dir='ltr'><strong>Hieronymo</strong></span> <span class='ocrx_word' id='word_1_394' title='bbox 488 2830 615 2862; x_wconf 77' lang='lat' dir='ltr'><strong>testibus,</strong></span> <span class='ocrx_word' id='word_1_395' title='bbox 634 2829 810 2865; x_wconf 72' lang='lat' dir='ltr'><strong>Evangelium</strong></span> <span class='ocrx_word' id='word_1_396' title='bbox 826 2827 958 2855; x_wconf 85' lang='lat' dir='ltr'><strong>Iichraiee</strong></span> <span class='ocrx_word' id='word_1_397' title='bbox 974 2827 1041 2854; x_wconf 90' lang='lat' dir='ltr'><strong>scri-</strong></span> 
     </span>
    </p>
   </div>
   <div class='ocr_carea' id='block_1_60' title="bbox 259 2873 1043 2912">
    <p class='ocr_par' dir='ltr' id='par_1_60' title="bbox 259 2873 1043 2912">
     <span class='ocr_line' id='line_1_62' title="bbox 259 2873 1043 2912; baseline -0.004 -9"><span class='ocrx_word' id='word_1_398' title='bbox 259 2877 355 2911; x_wconf 86' lang='lat' dir='ltr'><strong>pserit,</strong></span> <span class='ocrx_word' id='word_1_399' title='bbox 386 2876 466 2911; x_wconf 81' lang='lat' dir='ltr'><strong>cujus</strong></span> <span class='ocrx_word' id='word_1_400' title='bbox 491 2877 630 2912; x_wconf 82' lang='lat' dir='ltr'><strong>exemplar</strong></span> <span class='ocrx_word' id='word_1_401' title='bbox 645 2884 702 2904; x_wconf 61' lang='lat' dir='ltr'><strong>aevo</strong></span> <span class='ocrx_word' id='word_1_402' title='bbox 719 2874 875 2910; x_wconf 79' lang='lat' dir='ltr'><strong>iiieronymi</strong></span> <span class='ocrx_word' id='word_1_403' title='bbox 900 2874 927 2900; x_wconf 88' lang='lat' dir='ltr'><strong>in</strong></span> <span class='ocrx_word' id='word_1_404' title='bbox 943 2873 1043 2901; x_wconf 88' lang='lat' dir='ltr'><strong>biblio-</strong></span> 
     </span>
    </p>
   </div>
   <div class='ocr_carea' id='block_1_61' title="bbox 258 2919 1041 2960">
    <p class='ocr_par' dir='ltr' id='par_1_61' title="bbox 258 2919 1041 2960">
     <span class='ocr_line' id='line_1_63' title="bbox 258 2919 1041 2960; baseline -0.004 -11"><span class='ocrx_word' id='word_1_405' title='bbox 258 2923 336 2952; x_wconf 83' lang='lat' dir='ltr'><strong>theca</strong></span> <span class='ocrx_word' id='word_1_406' title='bbox 357 2923 538 2957; x_wconf 67' lang='lat' dir='ltr'><strong>Cmsariensi,</strong></span> <span class='ocrx_word' id='word_1_407' title='bbox 564 2932 577 2950; x_wconf 71' lang='grc' dir='ltr'><strong><em>ιι</em></strong></span> <span class='ocrx_word' id='word_1_408' title='bbox 607 2921 755 2960; x_wconf 73' lang='lat' dir='ltr'><strong>Pamphilo</strong></span> <span class='ocrx_word' id='word_1_409' title='bbox 771 2920 889 2960; x_wconf 75' lang='lat' dir='ltr'><strong>Martyrc</strong></span> <span class='ocrx_word' id='word_1_410' title='bbox 915 2919 1041 2953; x_wconf 85' lang='lat' dir='ltr'><strong>collecta,</strong></span> 
     </span>
    </p>
   </div>
   <div class='ocr_carea' id='block_1_62' title="bbox 1089 279 1871 316">
    <p class='ocr_par' dir='ltr' id='par_1_62' title="bbox 1089 279 1871 316">
     <span class='ocr_line' id='line_1_64' title="bbox 1089 279 1871 316; baseline -0.004 -6"><span class='ocrx_word' id='word_1_411' title='bbox 1089 283 1183 310; x_wconf 68' lang='lat' dir='ltr'><strong>Grmca</strong></span> <span class='ocrx_word' id='word_1_412' title='bbox 1195 290 1261 310; x_wconf 89' lang='lat' dir='ltr'><strong>usus</strong></span> <span class='ocrx_word' id='word_1_413' title='bbox 1279 289 1334 309; x_wconf 90' lang='lat' dir='ltr'><strong>non</strong></span> <span class='ocrx_word' id='word_1_414' title='bbox 1348 286 1400 314; x_wconf 89' lang='lat' dir='ltr'><strong>cst,</strong></span> <span class='ocrx_word' id='word_1_415' title='bbox 1425 281 1472 309; x_wconf 86' lang='lat' dir='ltr'><strong>sed</strong></span> <span class='ocrx_word' id='word_1_416' title='bbox 1488 281 1547 316; x_wconf 89' lang='lat' dir='ltr'><strong>ipsa</strong></span> <span class='ocrx_word' id='word_1_417' title='bbox 1568 280 1703 308; x_wconf 85' lang='lat' dir='ltr'><strong>Hebraica</strong></span> <span class='ocrx_word' id='word_1_418' title='bbox 1722 280 1805 308; x_wconf 91' lang='lat' dir='ltr'><strong>verba</strong></span> <span class='ocrx_word' id='word_1_419' title='bbox 1820 279 1871 316; x_wconf 83' lang='lat' dir='ltr'><strong>Sy-</strong></span> 
     </span>
    </p>
   </div>
   <div class='ocr_carea' id='block_1_63' title="bbox 1088 327 1872 363">
    <p class='ocr_par' dir='ltr' id='par_1_63' title="bbox 1088 327 1872 363">
     <span class='ocr_line' id='line_1_65' title="bbox 1088 327 1872 363; baseline 0 -7"><span class='ocrx_word' id='word_1_420' title='bbox 1088 328 1281 356; x_wconf 86' lang='lat' dir='ltr'><strong>ro-Chaldaico</strong></span> <span class='ocrx_word' id='word_1_421' title='bbox 1305 336 1442 361; x_wconf 87' lang='lat' dir='ltr'><strong>sermone,</strong></span> <span class='ocrx_word' id='word_1_422' title='bbox 1464 328 1554 363; x_wconf 85' lang='lat' dir='ltr'><strong>qualis</strong></span> <span class='ocrx_word' id='word_1_423' title='bbox 1577 331 1642 355; x_wconf 91' lang='lat' dir='ltr'><strong>tunc</strong></span> <span class='ocrx_word' id='word_1_424' title='bbox 1667 327 1738 362; x_wconf 90' lang='lat' dir='ltr'><strong>apud</strong></span> <span class='ocrx_word' id='word_1_425' title='bbox 1763 327 1872 356; x_wconf 75' lang='lat' dir='ltr'><strong>Judteos</strong></span> 
     </span>
    </p>
   </div>
   <div class='ocr_carea' id='block_1_64' title="bbox 1089 372 1873 409">
    <p class='ocr_par' dir='ltr' id='par_1_64' title="bbox 1089 372 1873 409">
     <span class='ocr_line' id='line_1_66' title="bbox 1089 372 1873 409; baseline -0.001 -8"><span class='ocrx_word' id='word_1_426' title='bbox 1089 383 1140 401; x_wconf 88' lang='lat' dir='ltr'><strong>usu</strong></span> <span class='ocrx_word' id='word_1_427' title='bbox 1157 374 1294 406; x_wconf 87' lang='lat' dir='ltr'><strong>veniebat,</strong></span> <span class='ocrx_word' id='word_1_428' title='bbox 1309 374 1454 409; x_wconf 75' lang='lat' dir='ltr'><strong>expressit,</strong></span> <span class='ocrx_word' id='word_1_429' title='bbox 1471 377 1500 400; x_wconf 90' lang='lat' dir='ltr'><strong>ut</strong></span> <span class='ocrx_word' id='word_1_430' title='bbox 1524 373 1552 400; x_wconf 88' lang='lat' dir='ltr'><strong>in</strong></span> <span class='ocrx_word' id='word_1_431' title='bbox 1574 380 1642 401; x_wconf 77' lang='lat' dir='ltr'><strong>voce</strong></span> <span class='ocrx_word' id='word_1_432' title='bbox 1660 372 1772 400; x_wconf 90' lang='lat' dir='ltr'><strong>Lamma</strong></span> <span class='ocrx_word' id='word_1_433' title='bbox 1786 372 1873 401; x_wconf 85' lang='lat' dir='ltr'><strong>Saba-</strong></span> 
     </span>
    </p>
   </div>
   <div class='ocr_carea' id='block_1_65' title="bbox 1088 418 1871 455">
    <p class='ocr_par' dir='ltr' id='par_1_65' title="bbox 1088 418 1871 455">
     <span class='ocr_line' id='line_1_67' title="bbox 1088 418 1871 455; baseline 0 -8"><span class='ocrx_word' id='word_1_434' title='bbox 1088 419 1177 447; x_wconf 83' lang='lat' dir='ltr'><strong>ctlmni</strong></span> <span class='ocrx_word' id='word_1_435' title='bbox 1193 419 1393 455; x_wconf 85' lang='lat' dir='ltr'><strong>deprehendas,</strong></span> <span class='ocrx_word' id='word_1_436' title='bbox 1412 420 1440 446; x_wconf 92' lang='lat' dir='ltr'><strong>in</strong></span> <span class='ocrx_word' id='word_1_437' title='bbox 1465 419 1581 454; x_wconf 83' lang='lat' dir='ltr'><strong>aliisque</strong></span> <span class='ocrx_word' id='word_1_438' title='bbox 1603 427 1658 446; x_wconf 89' lang='lat' dir='ltr'><strong>non</strong></span> <span class='ocrx_word' id='word_1_439' title='bbox 1673 419 1778 454; x_wconf 85' lang='lat' dir='ltr'><strong>paucis,</strong></span> <span class='ocrx_word' id='word_1_440' title='bbox 1793 418 1871 454; x_wconf 81' lang='lat' dir='ltr'><strong>queis</strong></span> 
     </span>
    </p>
   </div>
   <div class='ocr_carea' id='block_1_66' title="bbox 1087 464 1872 500">
    <p class='ocr_par' dir='ltr' id='par_1_66' title="bbox 1087 464 1872 500">
     <span class='ocr_line' id='line_1_68' title="bbox 1087 464 1872 500; baseline 0.003 -9"><span class='ocrx_word' id='word_1_441' title='bbox 1087 465 1176 500; x_wconf 85' lang='lat' dir='ltr'><strong>palam</strong></span> <span class='ocrx_word' id='word_1_442' title='bbox 1201 468 1243 492; x_wconf 87' lang='lat' dir='ltr'><strong>est</strong></span> <span class='ocrx_word' id='word_1_443' title='bbox 1267 464 1422 492; x_wconf 62' lang='lat' dir='ltr'><strong>Matthmum</strong></span> <span class='ocrx_word' id='word_1_444' title='bbox 1448 464 1475 491; x_wconf 96' lang='lat' dir='ltr'><strong>in</strong></span> <span class='ocrx_word' id='word_1_445' title='bbox 1503 464 1649 500; x_wconf 81' lang='lat' dir='ltr'><strong>Evangelio</strong></span> <span class='ocrx_word' id='word_1_446' title='bbox 1673 473 1723 493; x_wconf 85' lang='lat' dir='ltr'><strong>suo</strong></span> <span class='ocrx_word' id='word_1_447' title='bbox 1740 464 1872 494; x_wconf 83' lang='lat' dir='ltr'><strong>Hebraice</strong></span> 
     </span>
    </p>
   </div>
   <div class='ocr_carea' id='block_1_67' title="bbox 1087 509 1872 546">
    <p class='ocr_par' dir='ltr' id='par_1_67' title="bbox 1087 509 1872 546">
     <span class='ocr_line' id='line_1_69' title="bbox 1087 509 1872 546; baseline 0.001 -8"><span class='ocrx_word' id='word_1_448' title='bbox 1087 510 1254 546; x_wconf 83' lang='lat' dir='ltr'><strong>conscripto,</strong></span> <span class='ocrx_word' id='word_1_449' title='bbox 1273 510 1361 538; x_wconf 84' lang='lat' dir='ltr'><strong>sicubi</strong></span> <span class='ocrx_word' id='word_1_450' title='bbox 1378 510 1437 536; x_wconf 90' lang='lat' dir='ltr'><strong>loca</strong></span> <span class='ocrx_word' id='word_1_451' title='bbox 1458 517 1491 537; x_wconf 77' lang='lat' dir='ltr'><strong>ex</strong></span> <span class='ocrx_word' id='word_1_452' title='bbox 1518 509 1608 538; x_wconf 76' lang='lat' dir='ltr'><strong>Veteri</strong></span> <span class='ocrx_word' id='word_1_453' title='bbox 1633 510 1809 539; x_wconf 83' lang='lat' dir='ltr'><strong>Testamento</strong></span> <span class='ocrx_word' id='word_1_454' title='bbox 1824 518 1872 539; x_wconf 85' lang='lat' dir='ltr'><strong>oc-</strong></span> 
     </span>
    </p>
   </div>
   <div class='ocr_carea' id='block_1_68' title="bbox 1087 555 1870 593">
    <p class='ocr_par' dir='ltr' id='par_1_68' title="bbox 1087 555 1870 593">
     <span class='ocr_line' id='line_1_70' title="bbox 1087 555 1870 593; baseline 0.003 -9"><span class='ocrx_word' id='word_1_455' title='bbox 1087 557 1245 589; x_wconf 87' lang='lat' dir='ltr'><strong>currebant,</strong></span> <span class='ocrx_word' id='word_1_456' title='bbox 1261 564 1291 584; x_wconf 86' lang='lat' dir='ltr'><strong>ea</strong></span> <span class='ocrx_word' id='word_1_457' title='bbox 1308 555 1533 592; x_wconf 85' lang='lat' dir='ltr'><strong>Syro-Chaldaico</strong></span> <span class='ocrx_word' id='word_1_458' title='bbox 1543 564 1668 585; x_wconf 89' lang='lat' dir='ltr'><strong>sermone</strong></span> <span class='ocrx_word' id='word_1_459' title='bbox 1682 558 1850 593; x_wconf 81' lang='lat' dir='ltr'><strong>expressisse</strong></span> <span class='ocrx_word' id='word_1_460' title='bbox 1862 567 1870 586; x_wconf 86' lang='lat'><strong>:</strong></span> 
     </span>
    </p>
   </div>
   <div class='ocr_carea' id='block_1_69' title="bbox 1088 602 1871 638">
    <p class='ocr_par' dir='ltr' id='par_1_69' title="bbox 1088 602 1871 638">
     <span class='ocr_line' id='line_1_71' title="bbox 1088 602 1871 638; baseline 0.004 -9"><span class='ocrx_word' id='word_1_461' title='bbox 1088 610 1122 630; x_wconf 88' lang='lat' dir='ltr'><strong>an</strong></span> <span class='ocrx_word' id='word_1_462' title='bbox 1137 610 1202 631; x_wconf 90' lang='lat' dir='ltr'><strong>vero</strong></span> <span class='ocrx_word' id='word_1_463' title='bbox 1219 603 1327 638; x_wconf 81' lang='lat' dir='ltr'><strong>propria</strong></span> <span class='ocrx_word' id='word_1_464' title='bbox 1344 602 1389 630; x_wconf 93' lang='lat' dir='ltr'><strong>ille</strong></span> <span class='ocrx_word' id='word_1_465' title='bbox 1399 602 1621 638; x_wconf 87' lang='lat' dir='ltr'><strong>interpretatione</strong></span> <span class='ocrx_word' id='word_1_466' title='bbox 1638 603 1675 631; x_wconf 87' lang='lat' dir='ltr'><strong>sit</strong></span> <span class='ocrx_word' id='word_1_467' title='bbox 1693 610 1770 637; x_wconf 84' lang='lat' dir='ltr'><strong>usus,</strong></span> <span class='ocrx_word' id='word_1_468' title='bbox 1787 611 1822 630; x_wconf 85' lang='lat' dir='ltr'><strong>an</strong></span> <span class='ocrx_word' id='word_1_469' title='bbox 1837 612 1871 632; x_wconf 82' lang='lat' dir='ltr'><strong>ex</strong></span> 
     </span>
    </p>
   </div>
   <div class='ocr_carea' id='block_1_70' title="bbox 1087 649 1870 684">
    <p class='ocr_par' dir='ltr' id='par_1_70' title="bbox 1087 649 1870 684">
     <span class='ocr_line' id='line_1_72' title="bbox 1087 649 1870 684; baseline 0.003 -8"><span class='ocrx_word' id='word_1_470' title='bbox 1087 650 1141 676; x_wconf 81' lang='lat' dir='ltr'><strong>alia</strong></span> <span class='ocrx_word' id='word_1_471' title='bbox 1163 650 1239 684; x_wconf 91' lang='lat' dir='ltr'><strong>prius</strong></span> <span class='ocrx_word' id='word_1_472' title='bbox 1268 649 1400 678; x_wconf 88' lang='lat' dir='ltr'><strong>adornata</strong></span> <span class='ocrx_word' id='word_1_473' title='bbox 1426 650 1550 678; x_wconf 87' lang='lat' dir='ltr'><strong>versione</strong></span> <span class='ocrx_word' id='word_1_474' title='bbox 1575 650 1634 677; x_wconf 85' lang='lat' dir='ltr'><strong>loca</strong></span> <span class='ocrx_word' id='word_1_475' title='bbox 1658 650 1694 677; x_wconf 87' lang='lat' dir='ltr'><strong>sit</strong></span> <span class='ocrx_word' id='word_1_476' title='bbox 1719 655 1870 683; x_wconf 84' lang='lat' dir='ltr'><strong>mutuatus.</strong></span> 
     </span>
    </p>
   </div>
   <div class='ocr_carea' id='block_1_71' title="bbox 1088 695 1872 731">
    <p class='ocr_par' dir='ltr' id='par_1_71' title="bbox 1088 695 1872 731">
     <span class='ocr_line' id='line_1_73' title="bbox 1088 695 1872 731; baseline 0.003 -9"><span class='ocrx_word' id='word_1_477' title='bbox 1088 695 1159 723; x_wconf 83' lang='lat' dir='ltr'><strong>haud</strong></span> <span class='ocrx_word' id='word_1_478' title='bbox 1186 696 1253 723; x_wconf 84' lang='lat' dir='ltr'><strong>levis</strong></span> <span class='ocrx_word' id='word_1_479' title='bbox 1277 696 1391 731; x_wconf 82' lang='lat' dir='ltr'><strong>quaestio</strong></span> <span class='ocrx_word' id='word_1_480' title='bbox 1416 701 1470 724; x_wconf 88' lang='lat' dir='ltr'><strong>est.</strong></span> <span class='ocrx_word' id='word_1_481' title='bbox 1495 695 1594 723; x_wconf 83' lang='lat' dir='ltr'><strong>Postea</strong></span> <span class='ocrx_word' id='word_1_482' title='bbox 1618 699 1708 722; x_wconf 89' lang='lat' dir='ltr'><strong>autem</strong></span> <span class='ocrx_word' id='word_1_483' title='bbox 1737 695 1872 731; x_wconf 81' lang='lat' dir='ltr'><strong>interpres</strong></span> 
     </span>
    </p>
   </div>
   <div class='ocr_carea' id='block_1_72' title="bbox 1087 741 1872 777">
    <p class='ocr_par' dir='ltr' id='par_1_72' title="bbox 1087 741 1872 777">
     <span class='ocr_line' id='line_1_74' title="bbox 1087 741 1872 777; baseline 0.001 -8"><span class='ocrx_word' id='word_1_484' title='bbox 1087 741 1208 773; x_wconf 65' lang='lat' dir='ltr'><strong>Graecus.</strong></span> <span class='ocrx_word' id='word_1_485' title='bbox 1219 742 1282 777; x_wconf 88' lang='lat' dir='ltr'><strong>quis</strong></span> <span class='ocrx_word' id='word_1_486' title='bbox 1295 743 1340 770; x_wconf 92' lang='lat' dir='ltr'><strong>ille</strong></span> <span class='ocrx_word' id='word_1_487' title='bbox 1354 742 1436 769; x_wconf 85' lang='lat' dir='ltr'><strong>fuerit</strong></span> <span class='ocrx_word' id='word_1_488' title='bbox 1452 742 1586 770; x_wconf 88' lang='lat' dir='ltr'><strong>incertum</strong></span> <span class='ocrx_word' id='word_1_489' title='bbox 1596 749 1658 770; x_wconf 87' lang='lat' dir='ltr'><strong>esse</strong></span> <span class='ocrx_word' id='word_1_490' title='bbox 1674 745 1767 768; x_wconf 86' lang='lat' dir='ltr'><strong>narrat</strong></span> <span class='ocrx_word' id='word_1_491' title='bbox 1780 741 1872 770; x_wconf 83' lang='lat' dir='ltr'><strong>Hiero-</strong></span> 
     </span>
    </p>
   </div>
   <div class='ocr_carea' id='block_1_73' title="bbox 1088 787 1872 824">
    <p class='ocr_par' dir='ltr' id='par_1_73' title="bbox 1088 787 1872 824">
     <span class='ocr_line' id='line_1_75' title="bbox 1088 787 1872 824; baseline 0.001 -9"><span class='ocrx_word' id='word_1_492' title='bbox 1088 795 1196 824; x_wconf 87' lang='lat' dir='ltr'><strong>nymus,</strong></span> <span class='ocrx_word' id='word_1_493' title='bbox 1225 788 1283 816; x_wconf 71' lang='lat' dir='ltr'><strong>haec</strong></span> <span class='ocrx_word' id='word_1_494' title='bbox 1311 789 1421 824; x_wconf 88' lang='lat' dir='ltr'><strong>propria</strong></span> <span class='ocrx_word' id='word_1_495' title='bbox 1446 788 1670 824; x_wconf 84' lang='lat' dir='ltr'><strong>interpretatione</strong></span> <span class='ocrx_word' id='word_1_496' title='bbox 1686 787 1806 821; x_wconf 85' lang='lat' dir='ltr'><strong>donavit,</strong></span> <span class='ocrx_word' id='word_1_497' title='bbox 1822 796 1872 816; x_wconf 84' lang='lat' dir='ltr'><strong>nec</strong></span> 
     </span>
    </p>
   </div>
   <div class='ocr_carea' id='block_1_74' title="bbox 1087 833 1541 869">
    <p class='ocr_par' dir='ltr' id='par_1_74' title="bbox 1087 833 1541 869">
     <span class='ocr_line' id='line_1_76' title="bbox 1087 833 1541 869; baseline 0.002 -8"><span class='ocrx_word' id='word_1_498' title='bbox 1087 833 1156 861; x_wconf 80' lang='lat' dir='ltr'><strong>LXX</strong></span> <span class='ocrx_word' id='word_1_499' title='bbox 1173 834 1396 869; x_wconf 79' lang='lat' dir='ltr'><strong>interpretatione</strong></span> <span class='ocrx_word' id='word_1_500' title='bbox 1407 838 1449 862; x_wconf 84' lang='lat' dir='ltr'><strong>est</strong></span> <span class='ocrx_word' id='word_1_501' title='bbox 1463 842 1541 862; x_wconf 87' lang='lat' dir='ltr'><strong>usus.</strong></span> 
     </span>
    </p>
   </div>
   <div class='ocr_carea' id='block_1_75' title="bbox 1088 909 1872 942">
    <p class='ocr_par' dir='ltr' id='par_1_75' title="bbox 1088 909 1872 942">
     <span class='ocr_line' id='line_1_77' title="bbox 1088 909 1872 942; baseline 0.003 -7"><span class='ocrx_word' id='word_1_502' title='bbox 1088 909 1118 935; x_wconf 87' lang='lat' dir='ltr'><strong>Ii.</strong></span> <span class='ocrx_word' id='word_1_503' title='bbox 1134 910 1242 935; x_wconf 81' lang='lat' dir='ltr'><strong>Joannes</strong></span> <span class='ocrx_word' id='word_1_504' title='bbox 1260 910 1381 935; x_wconf 84' lang='lat' dir='ltr'><strong>Hebraico</strong></span> <span class='ocrx_word' id='word_1_505' title='bbox 1392 911 1528 942; x_wconf 62' lang='lat' dir='ltr'><strong>exemplari</strong></span> <span class='ocrx_word' id='word_1_506' title='bbox 1548 918 1607 935; x_wconf 87' lang='lat' dir='ltr'><strong>usus</strong></span> <span class='ocrx_word' id='word_1_507' title='bbox 1618 914 1666 941; x_wconf 84' lang='lat' dir='ltr'><strong>est,</strong></span> <span class='ocrx_word' id='word_1_508' title='bbox 1679 911 1770 937; x_wconf 83' lang='lat' dir='ltr'><strong>Paulus</strong></span> <span class='ocrx_word' id='word_1_509' title='bbox 1789 914 1872 937; x_wconf 77' lang='lat' dir='ltr'><strong>autem</strong></span> 
     </span>
    </p>
   </div>
   <div class='ocr_carea' id='block_1_76' title="bbox 1310 941 1651 973">
    <p class='ocr_par' dir='ltr' id='par_1_76' title="bbox 1310 941 1651 973">
     <span class='ocr_line' id='line_1_78' title="bbox 1310 941 1651 973; baseline 0 -7"><span class='ocrx_word' id='word_1_510' title='bbox 1310 942 1394 967; x_wconf 72' lang='lat' dir='ltr'><strong>Graeco</strong></span> <span class='ocrx_word' id='word_1_511' title='bbox 1405 941 1651 973; x_wconf 51' lang='lat' dir='ltr'><strong>LXX&#39;Interpretum.</strong></span> 
     </span>
    </p>
   </div>
   <div class='ocr_carea' id='block_1_77' title="bbox 1120 1001 1873 1039">
    <p class='ocr_par' dir='ltr' id='par_1_77' title="bbox 1120 1001 1873 1039">
     <span class='ocr_line' id='line_1_79' title="bbox 1120 1001 1873 1039; baseline 0 -9"><span class='ocrx_word' id='word_1_512' title='bbox 1120 1001 1252 1031; x_wconf 83' lang='lat' dir='ltr'><strong>Joannem</strong></span> <span class='ocrx_word' id='word_1_513' title='bbox 1267 1003 1401 1037; x_wconf 86' lang='lat' dir='ltr'><strong>similiter,</strong></span> <span class='ocrx_word' id='word_1_514' title='bbox 1421 1008 1515 1039; x_wconf 87' lang='lat' dir='ltr'><strong>utpote</strong></span> <span class='ocrx_word' id='word_1_515' title='bbox 1540 1003 1682 1031; x_wconf 68' lang='lat' dir='ltr'><strong>Hebraeum</strong></span> <span class='ocrx_word' id='word_1_516' title='bbox 1710 1009 1737 1032; x_wconf 89' lang='lat' dir='ltr'><strong>et</strong></span> <span class='ocrx_word' id='word_1_517' title='bbox 1760 1012 1793 1032; x_wconf 81' lang='lat' dir='ltr'><strong>ex</strong></span> <span class='ocrx_word' id='word_1_518' title='bbox 1818 1003 1873 1031; x_wconf 81' lang='lat' dir='ltr'><strong>Ile-</strong></span> 
     </span>
    </p>
   </div>
   <div class='ocr_carea' id='block_1_78' title="bbox 1085 1048 1873 1086">
    <p class='ocr_par' dir='ltr' id='par_1_78' title="bbox 1085 1048 1873 1086">
     <span class='ocr_line' id='line_1_80' title="bbox 1085 1048 1873 1086; baseline 0.001 -10"><span class='ocrx_word' id='word_1_519' title='bbox 1085 1048 1166 1077; x_wconf 75' lang='lat' dir='ltr'><strong>braais</strong></span> <span class='ocrx_word' id='word_1_520' title='bbox 1178 1054 1279 1082; x_wconf 86' lang='lat' dir='ltr'><strong>ortum,</strong></span> <span class='ocrx_word' id='word_1_521' title='bbox 1302 1050 1340 1077; x_wconf 89' lang='lat' dir='ltr'><strong>ait</strong></span> <span class='ocrx_word' id='word_1_522' title='bbox 1353 1050 1487 1078; x_wconf 82' lang='lat' dir='ltr'><strong>Eusebius</strong></span> <span class='ocrx_word' id='word_1_523' title='bbox 1501 1050 1535 1078; x_wconf 93' lang='lat' dir='ltr'><strong>ad</strong></span> <span class='ocrx_word' id='word_1_524' title='bbox 1550 1051 1686 1086; x_wconf 85' lang='lat' dir='ltr'><strong>psalmum</strong></span> <span class='ocrx_word' id='word_1_525' title='bbox 1703 1058 1748 1085; x_wconf 63' lang='grc' dir='ltr'><strong>χι,</strong></span> <span class='ocrx_word' id='word_1_526' title='bbox 1762 1051 1873 1086; x_wconf 85' lang='lat' dir='ltr'><strong>propria</strong></span> 
     </span>
    </p>
   </div>
   <div class='ocr_carea' id='block_1_79' title="bbox 1085 1095 1874 1133">
    <p class='ocr_par' dir='ltr' id='par_1_79' title="bbox 1085 1095 1874 1133">
     <span class='ocr_line' id='line_1_81' title="bbox 1085 1095 1874 1133; baseline 0.004 -11"><span class='ocrx_word' id='word_1_527' title='bbox 1085 1095 1310 1130; x_wconf 85' lang='lat' dir='ltr'><strong>interpretatione</strong></span> <span class='ocrx_word' id='word_1_528' title='bbox 1326 1104 1406 1124; x_wconf 92' lang='lat' dir='ltr'><strong>usum</strong></span> <span class='ocrx_word' id='word_1_529' title='bbox 1421 1104 1484 1124; x_wconf 88' lang='lat' dir='ltr'><strong>esse</strong></span> <span class='ocrx_word' id='word_1_530' title='bbox 1494 1097 1540 1124; x_wconf 90' lang='lat' dir='ltr'><strong>ubi</strong></span> <span class='ocrx_word' id='word_1_531' title='bbox 1557 1097 1687 1133; x_wconf 79' lang='grc' dir='ltr'><strong>πτέρναν,</strong></span> <span class='ocrx_word' id='word_1_532' title='bbox 1704 1097 1772 1130; x_wconf 82' lang='lat' dir='ltr'><strong>sive,</strong></span> <span class='ocrx_word' id='word_1_533' title='bbox 1788 1097 1874 1125; x_wconf 84' lang='lat' dir='ltr'><strong>calca-</strong></span> 
     </span>
    </p>
   </div>
   <div class='ocr_carea' id='block_1_80' title="bbox 1086 1141 1874 1179">
    <p class='ocr_par' dir='ltr' id='par_1_80' title="bbox 1086 1141 1874 1179">
     <span class='ocr_line' id='line_1_82' title="bbox 1086 1141 1874 1179; baseline 0.004 -12"><span class='ocrx_word' id='word_1_534' title='bbox 1086 1149 1162 1168; x_wconf 83' lang='lat' dir='ltr'><strong>neum</strong></span> <span class='ocrx_word' id='word_1_535' title='bbox 1174 1141 1266 1174; x_wconf 85' lang='lat' dir='ltr'><strong>vertit,</strong></span> <span class='ocrx_word' id='word_1_536' title='bbox 1285 1149 1340 1177; x_wconf 95' lang='lat' dir='ltr'><strong>quo</strong></span> <span class='ocrx_word' id='word_1_537' title='bbox 1355 1141 1415 1169; x_wconf 89' lang='lat' dir='ltr'><strong>loco</strong></span> <span class='ocrx_word' id='word_1_538' title='bbox 1428 1141 1497 1169; x_wconf 79' lang='lat' dir='ltr'><strong>LXX</strong></span> <span class='ocrx_word' id='word_1_539' title='bbox 1513 1143 1689 1179; x_wconf 75' lang='grc' dir='ltr'><strong>πτερνισμόν,</strong></span> <span class='ocrx_word' id='word_1_540' title='bbox 1705 1143 1732 1170; x_wconf 88' lang='lat' dir='ltr'><strong>id</strong></span> <span class='ocrx_word' id='word_1_541' title='bbox 1745 1147 1797 1174; x_wconf 87' lang='lat' dir='ltr'><strong>est.</strong></span> <span class='ocrx_word' id='word_1_542' title='bbox 1810 1150 1874 1177; x_wconf 82' lang='lat' dir='ltr'><strong>sup-</strong></span> 
     </span>
    </p>
   </div>
   <div class='ocr_carea' id='block_1_81' title="bbox 1084 1186 1873 1224">
    <p class='ocr_par' dir='ltr' id='par_1_81' title="bbox 1084 1186 1873 1224">
     <span class='ocr_line' id='line_1_83' title="bbox 1084 1186 1873 1224; baseline 0.004 -11"><span class='ocrx_word' id='word_1_543' title='bbox 1084 1186 1294 1221; x_wconf 78' lang='lat' dir='ltr'><strong>plantationem,</strong></span> <span class='ocrx_word' id='word_1_544' title='bbox 1322 1192 1480 1223; x_wconf 86' lang='lat' dir='ltr'><strong>posuerant.</strong></span> <span class='ocrx_word' id='word_1_545' title='bbox 1507 1187 1609 1216; x_wconf 87' lang='lat' dir='ltr'><strong>Contra</strong></span> <span class='ocrx_word' id='word_1_546' title='bbox 1640 1195 1705 1216; x_wconf 86' lang='lat' dir='ltr'><strong>vero</strong></span> <span class='ocrx_word' id='word_1_547' title='bbox 1731 1189 1873 1224; x_wconf 79' lang='lat' dir='ltr'><strong>apostolus</strong></span> 
     </span>
    </p>
   </div>
   <div class='ocr_carea' id='block_1_82' title="bbox 1086 1231 1872 1270">
    <p class='ocr_par' dir='ltr' id='par_1_82' title="bbox 1086 1231 1872 1270">
     <span class='ocr_line' id='line_1_84' title="bbox 1086 1231 1872 1270; baseline 0.003 -11"><span class='ocrx_word' id='word_1_548' title='bbox 1086 1231 1199 1265; x_wconf 81' lang='lat' dir='ltr'><strong>Paulus,</strong></span> <span class='ocrx_word' id='word_1_549' title='bbox 1211 1233 1251 1261; x_wconf 85' lang='lat' dir='ltr'><strong>sic</strong></span> <span class='ocrx_word' id='word_1_550' title='bbox 1265 1232 1410 1267; x_wconf 83' lang='lat' dir='ltr'><strong>Eusebius,</strong></span> <span class='ocrx_word' id='word_1_551' title='bbox 1419 1241 1461 1268; x_wconf 89' lang='lat' dir='ltr'><strong>ps.</strong></span> <span class='ocrx_word' id='word_1_552' title='bbox 1471 1234 1544 1267; x_wconf 86' lang='grc' dir='ltr'>ιιι,7,</span> <span class='ocrx_word' id='word_1_553' title='bbox 1555 1235 1717 1270; x_wconf 81' lang='lat' dir='ltr'><strong>legisperitus</strong></span> <span class='ocrx_word' id='word_1_554' title='bbox 1726 1243 1785 1261; x_wconf 86' lang='lat' dir='ltr'><strong>cum</strong></span> <span class='ocrx_word' id='word_1_555' title='bbox 1794 1239 1872 1267; x_wconf 77' lang='lat' dir='ltr'><strong>esset,</strong></span> 
     </span>
    </p>
   </div>
   <div class='ocr_carea' id='block_1_83' title="bbox 1086 1277 1871 1315">
    <p class='ocr_par' dir='ltr' id='par_1_83' title="bbox 1086 1277 1871 1315">
     <span class='ocr_line' id='line_1_85' title="bbox 1086 1277 1871 1315; baseline 0.001 -10"><span class='ocrx_word' id='word_1_556' title='bbox 1086 1278 1115 1306; x_wconf 91' lang='lat' dir='ltr'><strong>in</strong></span> <span class='ocrx_word' id='word_1_557' title='bbox 1130 1277 1252 1313; x_wconf 77' lang='lat' dir='ltr'><strong>Epistula</strong></span> <span class='ocrx_word' id='word_1_558' title='bbox 1276 1279 1309 1306; x_wconf 89' lang='lat' dir='ltr'><strong>ad</strong></span> <span class='ocrx_word' id='word_1_559' title='bbox 1332 1278 1460 1307; x_wconf 67' lang='lat' dir='ltr'><strong>Ilebrmos</strong></span> <span class='ocrx_word' id='word_1_560' title='bbox 1485 1278 1662 1315; x_wconf 73' lang='lat' dir='ltr'><strong>Septuaginta</strong></span> <span class='ocrx_word' id='word_1_561' title='bbox 1692 1278 1871 1314; x_wconf 87' lang='lat' dir='ltr'><strong>Interpretum</strong></span> 
     </span>
    </p>
   </div>
   <div class='ocr_carea' id='block_1_84' title="bbox 1087 1323 1874 1360">
    <p class='ocr_par' dir='ltr' id='par_1_84' title="bbox 1087 1323 1874 1360">
     <span class='ocr_line' id='line_1_86' title="bbox 1087 1323 1874 1360; baseline 0.001 -10"><span class='ocrx_word' id='word_1_562' title='bbox 1087 1323 1212 1350; x_wconf 88' lang='lat' dir='ltr'><strong>versione</strong></span> <span class='ocrx_word' id='word_1_563' title='bbox 1221 1327 1262 1351; x_wconf 88' lang='lat' dir='ltr'><strong>est</strong></span> <span class='ocrx_word' id='word_1_564' title='bbox 1278 1331 1355 1351; x_wconf 90' lang='lat' dir='ltr'><strong>usus.</strong></span> <span class='ocrx_word' id='word_1_565' title='bbox 1373 1323 1436 1352; x_wconf 74' lang='lat' dir='ltr'><strong>llaec</strong></span> <span class='ocrx_word' id='word_1_566' title='bbox 1451 1332 1515 1352; x_wconf 92' lang='lat' dir='ltr'><strong>vero</strong></span> <span class='ocrx_word' id='word_1_567' title='bbox 1531 1324 1655 1360; x_wconf 82' lang='lat' dir='ltr'><strong>pluribus</strong></span> <span class='ocrx_word' id='word_1_568' title='bbox 1670 1324 1697 1352; x_wconf 94' lang='lat' dir='ltr'><strong>in</strong></span> <span class='ocrx_word' id='word_1_569' title='bbox 1712 1324 1874 1352; x_wconf 72' lang='lat' dir='ltr'><strong>collectione</strong></span> 
     </span>
    </p>
   </div>
   <div class='ocr_carea' id='block_1_85' title="bbox 1089 1367 1873 1406">
    <p class='ocr_par' dir='ltr' id='par_1_85' title="bbox 1089 1367 1873 1406">
     <span class='ocr_line' id='line_1_87' title="bbox 1089 1367 1873 1406; baseline 0.003 -11"><span class='ocrx_word' id='word_1_570' title='bbox 1089 1367 1285 1403; x_wconf 75' lang='lat' dir='ltr'><strong>liesaplorum,</strong></span> <span class='ocrx_word' id='word_1_571' title='bbox 1305 1376 1320 1396; x_wconf 89' lang='lat' dir='ltr'><strong>a</strong></span> <span class='ocrx_word' id='word_1_572' title='bbox 1332 1369 1412 1398; x_wconf 85' lang='lat' dir='ltr'><strong>nobis</strong></span> <span class='ocrx_word' id='word_1_573' title='bbox 1426 1370 1584 1406; x_wconf 86' lang='lat' dir='ltr'><strong>propediem</strong></span> <span class='ocrx_word' id='word_1_574' title='bbox 1595 1369 1765 1405; x_wconf 80' lang='lat' dir='ltr'><strong>adornanda,</strong></span> <span class='ocrx_word' id='word_1_575' title='bbox 1779 1370 1873 1406; x_wconf 79' lang='lat' dir='ltr'><strong>explo~</strong></span> 
     </span>
    </p>
   </div>
   <div class='ocr_carea' id='block_1_86' title="bbox 1087 1414 1302 1443">
    <p class='ocr_par' dir='ltr' id='par_1_86' title="bbox 1087 1414 1302 1443">
     <span class='ocr_line' id='line_1_88' title="bbox 1087 1414 1302 1443; baseline 0 -1"><span class='ocrx_word' id='word_1_576' title='bbox 1087 1414 1172 1442; x_wconf 85' lang='lat' dir='ltr'><strong>randa</strong></span> <span class='ocrx_word' id='word_1_577' title='bbox 1183 1415 1302 1443; x_wconf 88' lang='lat' dir='ltr'><strong>venient.</strong></span> 
     </span>
    </p>
   </div>
   <div class='ocr_carea' id='block_1_87' title="bbox 1125 1477 1833 1512">
    <p class='ocr_par' dir='ltr' id='par_1_87' title="bbox 1125 1477 1833 1512">
     <span class='ocr_line' id='line_1_89' title="bbox 1125 1477 1833 1512; baseline 0.004 -9"><span class='ocrx_word' id='word_1_578' title='bbox 1125 1477 1169 1503; x_wconf 87' lang='lat' dir='ltr'><strong>III.</strong></span> <span class='ocrx_word' id='word_1_579' title='bbox 1180 1478 1294 1509; x_wconf 79' lang='lat' dir='ltr'><strong>Apostoli</strong></span> <span class='ocrx_word' id='word_1_580' title='bbox 1303 1485 1391 1512; x_wconf 75' lang='lat' dir='ltr'><strong>omnes</strong></span> <span class='ocrx_word' id='word_1_581' title='bbox 1402 1480 1520 1512; x_wconf 71' lang='lat' dir='ltr'><strong>martyrio</strong></span> <span class='ocrx_word' id='word_1_582' title='bbox 1529 1481 1645 1512; x_wconf 75' lang='lat' dir='ltr'><strong>coronati.</strong></span> <span class='ocrx_word' id='word_1_583' title='bbox 1659 1480 1697 1505; x_wconf 83' lang='grc' dir='ltr'><strong>Ει</strong></span> <span class='ocrx_word' id='word_1_584' title='bbox 1707 1486 1756 1512; x_wconf 85' lang='lat' dir='ltr'><strong>qua</strong></span> <span class='ocrx_word' id='word_1_585' title='bbox 1765 1479 1833 1506; x_wconf 73' lang='lat' dir='ltr'><strong>tribu</strong></span> 
     </span>
    </p>
   </div>
   <div class='ocr_carea' id='block_1_88' title="bbox 1249 1510 1707 1542">
    <p class='ocr_par' dir='ltr' id='par_1_88' title="bbox 1249 1510 1707 1542">
     <span class='ocr_line' id='line_1_90' title="bbox 1249 1510 1707 1542; baseline 0.004 -8"><span class='ocrx_word' id='word_1_586' title='bbox 1249 1511 1340 1541; x_wconf 77' lang='lat' dir='ltr'><strong>singuli</strong></span> <span class='ocrx_word' id='word_1_587' title='bbox 1351 1510 1444 1535; x_wconf 89' lang='lat' dir='ltr'><strong>fuerint</strong></span> <span class='ocrx_word' id='word_1_588' title='bbox 1454 1511 1609 1542; x_wconf 80' lang='lat' dir='ltr'><strong>deprehendi</strong></span> <span class='ocrx_word' id='word_1_589' title='bbox 1618 1514 1707 1542; x_wconf 81' lang='lat' dir='ltr'><strong>potest.</strong></span> 
     </span>
    </p>
   </div>
   <div class='ocr_carea' id='block_1_89' title="bbox 1126 1585 1874 1620">
    <p class='ocr_par' dir='ltr' id='par_1_89' title="bbox 1126 1585 1874 1620">
     <span class='ocr_line' id='line_1_91' title="bbox 1126 1585 1874 1620; baseline 0.003 -7"><span class='ocrx_word' id='word_1_590' title='bbox 1126 1585 1154 1613; x_wconf 82' lang='lat' dir='ltr'><strong>In</strong></span> <span class='ocrx_word' id='word_1_591' title='bbox 1169 1585 1245 1613; x_wconf 90' lang='lat' dir='ltr'><strong>illum</strong></span> <span class='ocrx_word' id='word_1_592' title='bbox 1256 1585 1352 1620; x_wconf 89' lang='lat' dir='ltr'><strong>psalmi</strong></span> <span class='ocrx_word' id='word_1_593' title='bbox 1364 1593 1426 1613; x_wconf 76' lang='lat' dir='ltr'><strong>Lxxt</strong></span> <span class='ocrx_word' id='word_1_594' title='bbox 1438 1593 1558 1618; x_wconf 86' lang='lat' dir='ltr'><strong>versum,</strong></span> <span class='ocrx_word' id='word_1_595' title='bbox 1570 1585 1605 1612; x_wconf 86' lang='lat' dir='ltr'><strong>Et</strong></span> <span class='ocrx_word' id='word_1_596' title='bbox 1618 1586 1771 1614; x_wconf 84' lang='lat' dir='ltr'><strong>Itonorabile</strong></span> <span class='ocrx_word' id='word_1_597' title='bbox 1781 1595 1874 1615; x_wconf 80' lang='lat' dir='ltr'><strong>nomen</strong></span> 
     </span>
    </p>
   </div>
   <div class='ocr_carea' id='block_1_90' title="bbox 1089 1631 1874 1668">
    <p class='ocr_par' dir='ltr' id='par_1_90' title="bbox 1089 1631 1874 1668">
     <span class='ocr_line' id='line_1_92' title="bbox 1089 1631 1874 1668; baseline 0.003 -10"><span class='ocrx_word' id='word_1_598' title='bbox 1089 1639 1180 1659; x_wconf 77' lang='lat' dir='ltr'><strong>eorum</strong></span> <span class='ocrx_word' id='word_1_599' title='bbox 1196 1639 1286 1659; x_wconf 85' lang='lat' dir='ltr'><strong>coram</strong></span> <span class='ocrx_word' id='word_1_600' title='bbox 1302 1631 1369 1664; x_wconf 86' lang='lat' dir='ltr'><strong>illo;</strong></span> <span class='ocrx_word' id='word_1_601' title='bbox 1387 1632 1445 1659; x_wconf 84' lang='lat' dir='ltr'><strong>sive</strong></span> <span class='ocrx_word' id='word_1_602' title='bbox 1456 1632 1605 1660; x_wconf 88' lang='lat' dir='ltr'><strong>secundum</strong></span> <span class='ocrx_word' id='word_1_603' title='bbox 1619 1632 1820 1668; x_wconf 86' lang='lat' dir='ltr'><strong>Symmachum,</strong></span> <span class='ocrx_word' id='word_1_604' title='bbox 1839 1633 1874 1660; x_wconf 85' lang='lat' dir='ltr'><strong>Et</strong></span> 
     </span>
    </p>
   </div>
   <div class='ocr_carea' id='block_1_91' title="bbox 1087 1677 1875 1713">
    <p class='ocr_par' dir='ltr' id='par_1_91' title="bbox 1087 1677 1875 1713">
     <span class='ocr_line' id='line_1_93' title="bbox 1087 1677 1875 1713; baseline 0.004 -9"><span class='ocrx_word' id='word_1_605' title='bbox 1087 1678 1223 1711; x_wconf 77' lang='lat' dir='ltr'><strong>pretiosus</strong></span> <span class='ocrx_word' id='word_1_606' title='bbox 1234 1677 1283 1704; x_wconf 89' lang='lat' dir='ltr'><strong>erit</strong></span> <span class='ocrx_word' id='word_1_607' title='bbox 1302 1678 1412 1713; x_wconf 81' lang='lat' dir='ltr'><strong>sanguis</strong></span> <span class='ocrx_word' id='word_1_608' title='bbox 1433 1686 1523 1705; x_wconf 85' lang='lat' dir='ltr'><strong>eorum</strong></span> <span class='ocrx_word' id='word_1_609' title='bbox 1540 1686 1630 1705; x_wconf 86' lang='lat' dir='ltr'><strong>coram</strong></span> <span class='ocrx_word' id='word_1_610' title='bbox 1647 1678 1705 1711; x_wconf 87' lang='lat' dir='ltr'><strong>illo,</strong></span> <span class='ocrx_word' id='word_1_611' title='bbox 1722 1679 1779 1706; x_wconf 71' lang='lat' dir='ltr'><strong>hmo</strong></span> <span class='ocrx_word' id='word_1_612' title='bbox 1794 1679 1875 1707; x_wconf 89' lang='lat' dir='ltr'><strong>habet</strong></span> 
     </span>
    </p>
   </div>
   <div class='ocr_carea' id='block_1_92' title="bbox 1088 1722 1874 1760">
    <p class='ocr_par' dir='ltr' id='par_1_92' title="bbox 1088 1722 1874 1760">
     <span class='ocr_line' id='line_1_94' title="bbox 1088 1722 1874 1760; baseline 0.004 -10"><span class='ocrx_word' id='word_1_613' title='bbox 1088 1722 1222 1751; x_wconf 82' lang='lat' dir='ltr'><strong>Eusebius</strong></span> <span class='ocrx_word' id='word_1_614' title='bbox 1252 1731 1258 1750; x_wconf 94' lang='lat'>:</span> <span class='ocrx_word' id='word_1_615' title='bbox 1289 1723 1369 1757; x_wconf 82' lang='lat' dir='ltr'><strong>Queis</strong></span> <span class='ocrx_word' id='word_1_616' title='bbox 1402 1729 1489 1758; x_wconf 78' lang='lat' dir='ltr'><strong>aperte</strong></span> <span class='ocrx_word' id='word_1_617' title='bbox 1515 1732 1602 1751; x_wconf 77' lang='lat' dir='ltr'><strong>necem</strong></span> <span class='ocrx_word' id='word_1_618' title='bbox 1628 1724 1737 1752; x_wconf 87' lang='lat' dir='ltr'><strong>illorum</strong></span> <span class='ocrx_word' id='word_1_619' title='bbox 1756 1726 1874 1760; x_wconf 79' lang='lat' dir='ltr'><strong>(aposto-</strong></span> 
     </span>
    </p>
   </div>
   <div class='ocr_carea' id='block_1_93' title="bbox 1090 1769 1876 1807">
    <p class='ocr_par' dir='ltr' id='par_1_93' title="bbox 1090 1769 1876 1807">
     <span class='ocr_line' id='line_1_95' title="bbox 1090 1769 1876 1807; baseline 0.005 -12"><span class='ocrx_word' id='word_1_620' title='bbox 1090 1769 1188 1804; x_wconf 84' lang='lat' dir='ltr'><strong>lorum)</strong></span> <span class='ocrx_word' id='word_1_621' title='bbox 1219 1769 1407 1801; x_wconf 82' lang='lat' dir='ltr'><strong>subindicavit,</strong></span> <span class='ocrx_word' id='word_1_622' title='bbox 1438 1778 1489 1805; x_wconf 88' lang='lat' dir='ltr'><strong>qua</strong></span> <span class='ocrx_word' id='word_1_623' title='bbox 1525 1770 1623 1805; x_wconf 87' lang='lat' dir='ltr'><strong>singuli</strong></span> <span class='ocrx_word' id='word_1_624' title='bbox 1655 1771 1727 1798; x_wconf 83' lang='lat' dir='ltr'><strong>vario</strong></span> <span class='ocrx_word' id='word_1_625' title='bbox 1752 1772 1876 1807; x_wconf 81' lang='lat' dir='ltr'><strong>martyrii</strong></span> 
     </span>
    </p>
   </div>
   <div class='ocr_carea' id='block_1_94' title="bbox 1088 1814 1876 1849">
    <p class='ocr_par' dir='ltr' id='par_1_94' title="bbox 1088 1814 1876 1849">
     <span class='ocr_line' id='line_1_96' title="bbox 1088 1814 1876 1849; baseline 0.003 -8"><span class='ocrx_word' id='word_1_626' title='bbox 1088 1822 1181 1849; x_wconf 81' lang='lat' dir='ltr'><strong>genere</strong></span> <span class='ocrx_word' id='word_1_627' title='bbox 1198 1814 1287 1849; x_wconf 73' lang='lat' dir='ltr'><strong>affecti</strong></span> <span class='ocrx_word' id='word_1_628' title='bbox 1305 1821 1378 1847; x_wconf 77' lang='lat' dir='ltr'><strong>sunt,</strong></span> <span class='ocrx_word' id='word_1_629' title='bbox 1400 1823 1431 1842; x_wconf 89' lang='lat' dir='ltr'><strong>ac</strong></span> <span class='ocrx_word' id='word_1_630' title='bbox 1453 1815 1522 1841; x_wconf 83' lang='lat' dir='ltr'><strong>alius</strong></span> <span class='ocrx_word' id='word_1_631' title='bbox 1536 1815 1589 1842; x_wconf 85' lang='lat' dir='ltr'><strong>alio</strong></span> <span class='ocrx_word' id='word_1_632' title='bbox 1602 1815 1690 1847; x_wconf 84' lang='lat' dir='ltr'><strong>modo,</strong></span> <span class='ocrx_word' id='word_1_633' title='bbox 1706 1815 1737 1842; x_wconf 89' lang='lat' dir='ltr'><strong>ob</strong></span> <span class='ocrx_word' id='word_1_634' title='bbox 1755 1817 1876 1843; x_wconf 82' lang='lat' dir='ltr'><strong>testimo-</strong></span> 
     </span>
    </p>
   </div>
   <div class='ocr_carea' id='block_1_95' title="bbox 1089 1859 1875 1896">
    <p class='ocr_par' dir='ltr' id='par_1_95' title="bbox 1089 1859 1875 1896">
     <span class='ocr_line' id='line_1_97' title="bbox 1089 1859 1875 1896; baseline 0.001 -8"><span class='ocrx_word' id='word_1_635' title='bbox 1089 1861 1164 1888; x_wconf 86' lang='lat' dir='ltr'><strong>nium</strong></span> <span class='ocrx_word' id='word_1_636' title='bbox 1178 1861 1210 1888; x_wconf 64' lang='grc' dir='ltr'><strong>ιιι</strong></span> <span class='ocrx_word' id='word_1_637' title='bbox 1226 1861 1274 1888; x_wconf 90' lang='lat' dir='ltr'><strong>illo</strong></span> <span class='ocrx_word' id='word_1_638' title='bbox 1294 1861 1399 1893; x_wconf 76' lang='lat' dir='ltr'><strong>datum,</strong></span> <span class='ocrx_word' id='word_1_639' title='bbox 1421 1859 1559 1896; x_wconf 83' lang='lat' dir='ltr'><strong>sanguinis</strong></span> <span class='ocrx_word' id='word_1_640' title='bbox 1581 1867 1691 1895; x_wconf 84' lang='lat' dir='ltr'><strong>agonem</strong></span> <span class='ocrx_word' id='word_1_641' title='bbox 1714 1861 1806 1889; x_wconf 80' lang='lat' dir='ltr'><strong>subiit.</strong></span> <span class='ocrx_word' id='word_1_642' title='bbox 1834 1861 1875 1889; x_wconf 71' lang='lat' dir='ltr'><strong>Er.</strong></span> 
     </span>
    </p>
   </div>
   <div class='ocr_carea' id='block_1_96' title="bbox 1089 1906 1875 1941">
    <p class='ocr_par' dir='ltr' id='par_1_96' title="bbox 1089 1906 1875 1941">
     <span class='ocr_line' id='line_1_98' title="bbox 1089 1906 1875 1941; baseline 0.001 -7"><span class='ocrx_word' id='word_1_643' title='bbox 1089 1907 1272 1934; x_wconf 87' lang='lat' dir='ltr'><strong>monumentis</strong></span> <span class='ocrx_word' id='word_1_644' title='bbox 1287 1912 1376 1934; x_wconf 87' lang='lat' dir='ltr'><strong>autem</strong></span> <span class='ocrx_word' id='word_1_645' title='bbox 1385 1907 1477 1938; x_wconf 85' lang='lat' dir='ltr'><strong>certis,</strong></span> <span class='ocrx_word' id='word_1_646' title='bbox 1488 1914 1547 1940; x_wconf 74' lang='lat' dir='ltr'><strong>qua:</strong></span> <span class='ocrx_word' id='word_1_647' title='bbox 1560 1906 1616 1940; x_wconf 89' lang='lat' dir='ltr'><strong>jam</strong></span> <span class='ocrx_word' id='word_1_648' title='bbox 1631 1912 1789 1941; x_wconf 82' lang='lat' dir='ltr'><strong>supersunt,</strong></span> <span class='ocrx_word' id='word_1_649' title='bbox 1801 1907 1875 1935; x_wconf 82' lang='lat' dir='ltr'><strong>haud</strong></span> 
     </span>
    </p>
   </div>
   <div class='ocr_carea' id='block_1_97' title="bbox 1091 1951 1876 1988">
    <p class='ocr_par' dir='ltr' id='par_1_97' title="bbox 1091 1951 1876 1988">
     <span class='ocr_line' id='line_1_99' title="bbox 1091 1951 1876 1988; baseline 0.004 -10"><span class='ocrx_word' id='word_1_650' title='bbox 1091 1951 1169 1988; x_wconf 76' lang='lat' dir='ltr'><strong>facile</strong></span> <span class='ocrx_word' id='word_1_651' title='bbox 1181 1956 1223 1979; x_wconf 86' lang='lat' dir='ltr'><strong>est</strong></span> <span class='ocrx_word' id='word_1_652' title='bbox 1242 1952 1412 1987; x_wconf 82' lang='lat' dir='ltr'><strong>singulorum</strong></span> <span class='ocrx_word' id='word_1_653' title='bbox 1425 1951 1610 1986; x_wconf 90' lang='lat' dir='ltr'><strong>apostolorum</strong></span> <span class='ocrx_word' id='word_1_654' title='bbox 1626 1951 1788 1987; x_wconf 83' lang='lat' dir='ltr'><strong>martyrium</strong></span> <span class='ocrx_word' id='word_1_655' title='bbox 1800 1960 1876 1981; x_wconf 80' lang='lat' dir='ltr'><strong>eom-</strong></span> 
     </span>
    </p>
   </div>
   <div class='ocr_carea' id='block_1_98' title="bbox 1089 1997 1876 2034">
    <p class='ocr_par' dir='ltr' id='par_1_98' title="bbox 1089 1997 1876 2034">
     <span class='ocr_line' id='line_1_100' title="bbox 1089 1997 1876 2034; baseline 0.001 -9"><span class='ocrx_word' id='word_1_656' title='bbox 1089 1998 1214 2033; x_wconf 89' lang='lat' dir='ltr'><strong>probare.</strong></span> <span class='ocrx_word' id='word_1_657' title='bbox 1233 1997 1334 2025; x_wconf 87' lang='lat' dir='ltr'><strong>Verum</strong></span> <span class='ocrx_word' id='word_1_658' title='bbox 1359 1997 1503 2028; x_wconf 84' lang='lat' dir='ltr'><strong>Eusebius,</strong></span> <span class='ocrx_word' id='word_1_659' title='bbox 1522 2002 1551 2023; x_wconf 93' lang='lat' dir='ltr'><strong>ut</strong></span> <span class='ocrx_word' id='word_1_660' title='bbox 1571 1999 1730 2032; x_wconf 88' lang='lat' dir='ltr'><strong>apostolicis</strong></span> <span class='ocrx_word' id='word_1_661' title='bbox 1746 2000 1876 2034; x_wconf 91' lang='lat' dir='ltr'><strong>tempori-</strong></span> 
     </span>
    </p>
   </div>
   <div class='ocr_carea' id='block_1_99' title="bbox 1090 2043 1876 2082">
    <p class='ocr_par' dir='ltr' id='par_1_99' title="bbox 1090 2043 1876 2082">
     <span class='ocr_line' id='line_1_101' title="bbox 1090 2043 1876 2082; baseline 0 -9"><span class='ocrx_word' id='word_1_662' title='bbox 1090 2046 1141 2073; x_wconf 85' lang='lat' dir='ltr'><strong>bus</strong></span> <span class='ocrx_word' id='word_1_663' title='bbox 1158 2045 1284 2076; x_wconf 86' lang='lat' dir='ltr'><strong>vicinior,</strong></span> <span class='ocrx_word' id='word_1_664' title='bbox 1306 2043 1395 2080; x_wconf 88' lang='lat' dir='ltr'><strong>potuit</strong></span> <span class='ocrx_word' id='word_1_665' title='bbox 1411 2043 1526 2071; x_wconf 84' lang='lat' dir='ltr'><strong>forsitan</strong></span> <span class='ocrx_word' id='word_1_666' title='bbox 1542 2043 1576 2071; x_wconf 82' lang='lat' dir='ltr'><strong>de</strong></span> <span class='ocrx_word' id='word_1_667' title='bbox 1600 2045 1734 2081; x_wconf 82' lang='lat' dir='ltr'><strong>cujusque</strong></span> <span class='ocrx_word' id='word_1_668' title='bbox 1760 2046 1876 2082; x_wconf 67' lang='grc' dir='ltr'><strong>τινοςιοιί</strong></span> 
     </span>
    </p>
   </div>
   <div class='ocr_carea' id='block_1_100' title="bbox 1088 2090 1875 2126">
    <p class='ocr_par' dir='ltr' id='par_1_100' title="bbox 1088 2090 1875 2126">
     <span class='ocr_line' id='line_1_102' title="bbox 1088 2090 1875 2126; baseline 0 -8"><span class='ocrx_word' id='word_1_669' title='bbox 1088 2091 1219 2126; x_wconf 84' lang='lat' dir='ltr'><strong>martyrio</strong></span> <span class='ocrx_word' id='word_1_670' title='bbox 1233 2091 1365 2118; x_wconf 82' lang='lat' dir='ltr'><strong>certiores</strong></span> <span class='ocrx_word' id='word_1_671' title='bbox 1383 2094 1462 2118; x_wconf 86' lang='lat' dir='ltr'><strong>notas</strong></span> <span class='ocrx_word' id='word_1_672' title='bbox 1477 2091 1609 2118; x_wconf 76' lang='lat' dir='ltr'><strong>invenire.</strong></span> <span class='ocrx_word' id='word_1_673' title='bbox 1628 2090 1675 2119; x_wconf 87' lang='lat' dir='ltr'><strong>Est</strong></span> <span class='ocrx_word' id='word_1_674' title='bbox 1686 2099 1750 2119; x_wconf 88' lang='lat' dir='ltr'><strong>vero</strong></span> <span class='ocrx_word' id='word_1_675' title='bbox 1767 2092 1810 2118; x_wconf 89' lang='lat' dir='ltr'><strong>illa</strong></span> <span class='ocrx_word' id='word_1_676' title='bbox 1818 2092 1875 2126; x_wconf 91' lang='lat' dir='ltr'><strong>jam</strong></span> 
     </span>
    </p>
   </div>
   <div class='ocr_carea' id='block_1_101' title="bbox 1088 2131 1876 2173">
    <p class='ocr_par' dir='ltr' id='par_1_101' title="bbox 1088 2131 1876 2173">
     <span class='ocr_line' id='line_1_103' title="bbox 1088 2131 1876 2173; baseline 0 -9"><span class='ocrx_word' id='word_1_677' title='bbox 1088 2145 1139 2164; x_wconf 90' lang='lat' dir='ltr'><strong>usu</strong></span> <span class='ocrx_word' id='word_1_678' title='bbox 1156 2145 1223 2172; x_wconf 88' lang='lat' dir='ltr'><strong>pene</strong></span> <span class='ocrx_word' id='word_1_679' title='bbox 1239 2141 1345 2171; x_wconf 76' lang='lat' dir='ltr'><strong>recepta</strong></span> <span class='ocrx_word' id='word_1_680' title='bbox 1358 2136 1450 2170; x_wconf 85' lang='lat' dir='ltr'><strong>opinio</strong></span> <span class='ocrx_word' id='word_1_681' title='bbox 1464 2137 1603 2171; x_wconf 85' lang='lat' dir='ltr'><strong>apostolos</strong></span> <span class='ocrx_word' id='word_1_682' title='bbox 1617 2145 1712 2166; x_wconf 89' lang='lat' dir='ltr'><strong>omnes</strong></span> <span class='ocrx_word' id='word_1_683' title='bbox 1730 2146 1779 2173; x_wconf 89' lang='lat' dir='ltr'><strong>pro</strong></span> <span class='ocrx_word' id='word_1_684' title='bbox 1795 2131 1876 2165; x_wconf 67' lang='lat' dir='ltr'><strong>Cirri-</strong></span> 
     </span>
    </p>
   </div>
   <div class='ocr_carea' id='block_1_102' title="bbox 1089 2182 1875 2217">
    <p class='ocr_par' dir='ltr' id='par_1_102' title="bbox 1089 2182 1875 2217">
     <span class='ocr_line' id='line_1_104' title="bbox 1089 2182 1875 2217; baseline 0.003 -7"><span class='ocrx_word' id='word_1_685' title='bbox 1089 2187 1132 2210; x_wconf 91' lang='lat' dir='ltr'><strong>sto</strong></span> <span class='ocrx_word' id='word_1_686' title='bbox 1146 2190 1243 2217; x_wconf 68' lang='lat' dir='ltr'><strong>psssos</strong></span> <span class='ocrx_word' id='word_1_687' title='bbox 1257 2190 1328 2214; x_wconf 87' lang='lat' dir='ltr'><strong>esse,</strong></span> <span class='ocrx_word' id='word_1_688' title='bbox 1344 2182 1396 2209; x_wconf 85' lang='lat' dir='ltr'><strong>etsi</strong></span> <span class='ocrx_word' id='word_1_689' title='bbox 1410 2189 1464 2209; x_wconf 90' lang='lat' dir='ltr'><strong>non</strong></span> <span class='ocrx_word' id='word_1_690' title='bbox 1481 2182 1572 2210; x_wconf 85' lang='lat' dir='ltr'><strong>desint</strong></span> <span class='ocrx_word' id='word_1_691' title='bbox 1586 2183 1631 2217; x_wconf 88' lang='lat' dir='ltr'><strong>qui</strong></span> <span class='ocrx_word' id='word_1_692' title='bbox 1648 2191 1728 2211; x_wconf 82' lang='lat' dir='ltr'><strong>secus</strong></span> <span class='ocrx_word' id='word_1_693' title='bbox 1741 2184 1875 2212; x_wconf 87' lang='lat' dir='ltr'><strong>arbitren-</strong></span> 
     </span>
    </p>
   </div>
   <div class='ocr_carea' id='block_1_103' title="bbox 1089 2228 1876 2266">
    <p class='ocr_par' dir='ltr' id='par_1_103' title="bbox 1089 2228 1876 2266">
     <span class='ocr_line' id='line_1_105' title="bbox 1089 2228 1876 2266; baseline 0.001 -10"><span class='ocrx_word' id='word_1_694' title='bbox 1089 2234 1143 2257; x_wconf 90' lang='lat' dir='ltr'><strong>tur.</strong></span> <span class='ocrx_word' id='word_1_695' title='bbox 1158 2228 1258 2256; x_wconf 81' lang='lat' dir='ltr'><strong>Verum</strong></span> <span class='ocrx_word' id='word_1_696' title='bbox 1274 2236 1305 2256; x_wconf 87' lang='lat' dir='ltr'><strong>ea</strong></span> <span class='ocrx_word' id='word_1_697' title='bbox 1326 2229 1352 2256; x_wconf 93' lang='lat' dir='ltr'><strong>in</strong></span> <span class='ocrx_word' id='word_1_698' title='bbox 1369 2236 1397 2255; x_wconf 89' lang='lat' dir='ltr'><strong>re</strong></span> <span class='ocrx_word' id='word_1_699' title='bbox 1421 2236 1551 2264; x_wconf 84' lang='lat' dir='ltr'><strong>perquam</strong></span> <span class='ocrx_word' id='word_1_700' title='bbox 1566 2229 1674 2257; x_wconf 81' lang='lat' dir='ltr'><strong>dillicile</strong></span> <span class='ocrx_word' id='word_1_701' title='bbox 1688 2234 1730 2257; x_wconf 88' lang='lat' dir='ltr'><strong>est</strong></span> <span class='ocrx_word' id='word_1_702' title='bbox 1743 2230 1876 2266; x_wconf 82' lang='lat' dir='ltr'><strong>explorati</strong></span> 
     </span>
    </p>
   </div>
   <div class='ocr_carea' id='block_1_104' title="bbox 1056 2275 1875 2312">
    <p class='ocr_par' dir='ltr' id='par_1_104' title="bbox 1056 2275 1875 2312">
     <span class='ocr_line' id='line_1_106' title="bbox 1056 2275 1875 2312; baseline 0.001 -9"><span class='ocrx_word' id='word_1_703' title='bbox 1056 2284 1078 2312; x_wconf 78' lang='grc' dir='ltr'><strong>ι)</strong></span> <span class='ocrx_word' id='word_1_704' title='bbox 1090 2275 1229 2311; x_wconf 85' lang='lat' dir='ltr'><strong>quidpiam</strong></span> <span class='ocrx_word' id='word_1_705' title='bbox 1241 2275 1338 2303; x_wconf 82' lang='lat' dir='ltr'><strong>ail&#39;erre</strong></span> <span class='ocrx_word' id='word_1_706' title='bbox 1355 2285 1362 2302; x_wconf 86' lang='lat'>:</span> <span class='ocrx_word' id='word_1_707' title='bbox 1380 2282 1441 2302; x_wconf 85' lang='lat' dir='ltr'><strong>nam</strong></span> <span class='ocrx_word' id='word_1_708' title='bbox 1457 2276 1606 2310; x_wconf 73' lang='lat' dir='ltr'><strong>apostolica</strong></span> <span class='ocrx_word' id='word_1_709' title='bbox 1621 2281 1742 2312; x_wconf 88' lang='lat' dir='ltr'><strong>tempora</strong></span> <span class='ocrx_word' id='word_1_710' title='bbox 1760 2281 1784 2304; x_wconf 89' lang='lat' dir='ltr'><strong>et</strong></span> <span class='ocrx_word' id='word_1_711' title='bbox 1801 2281 1875 2312; x_wconf 79' lang='lat' dir='ltr'><strong>gesta</strong></span> 
     </span>
    </p>
   </div>
   <div class='ocr_carea' id='block_1_105' title="bbox 1094 2322 1879 2354">
    <p class='ocr_par' dir='ltr' id='par_1_105' title="bbox 1094 2322 1879 2354">
     <span class='ocr_line' id='line_1_107' title="bbox 1094 2322 1879 2354; baseline -0.001 -3"><span class='ocrx_word' id='word_1_712' title='bbox 1094 2324 1179 2351; x_wconf 90' lang='lat' dir='ltr'><strong>tantis</strong></span> <span class='ocrx_word' id='word_1_713' title='bbox 1193 2327 1257 2350; x_wconf 88' lang='lat' dir='ltr'><strong>sunt</strong></span> <span class='ocrx_word' id='word_1_714' title='bbox 1273 2323 1395 2350; x_wconf 86' lang='lat' dir='ltr'><strong>tenebris</strong></span> <span class='ocrx_word' id='word_1_715' title='bbox 1407 2322 1504 2354; x_wconf 74' lang='lat' dir='ltr'><strong>otiosa,</strong></span> <span class='ocrx_word' id='word_1_716' title='bbox 1522 2326 1551 2350; x_wconf 90' lang='lat' dir='ltr'><strong>ut</strong></span> <span class='ocrx_word' id='word_1_717' title='bbox 1564 2331 1613 2350; x_wconf 92' lang='lat' dir='ltr'><strong>ncc</strong></span> <span class='ocrx_word' id='word_1_718' title='bbox 1626 2323 1671 2350; x_wconf 76' lang='lat' dir='ltr'><strong>ubi</strong></span> <span class='ocrx_word' id='word_1_719' title='bbox 1681 2327 1794 2350; x_wconf 80' lang='lat' dir='ltr'><strong>mortem</strong></span> <span class='ocrx_word' id='word_1_720' title='bbox 1806 2323 1879 2350; x_wconf 88' lang='lat' dir='ltr'><strong>obie-</strong></span> 
     </span>
    </p>
   </div>
   <div class='ocr_carea' id='block_1_106' title="bbox 1094 2369 1878 2405">
    <p class='ocr_par' dir='ltr' id='par_1_106' title="bbox 1094 2369 1878 2405">
     <span class='ocr_line' id='line_1_108' title="bbox 1094 2369 1878 2405; baseline -0.001 -8"><span class='ocrx_word' id='word_1_721' title='bbox 1094 2372 1148 2397; x_wconf 87' lang='lat' dir='ltr'><strong>rint</strong></span> <span class='ocrx_word' id='word_1_722' title='bbox 1162 2369 1290 2405; x_wconf 87' lang='lat' dir='ltr'><strong>apostoli,</strong></span> <span class='ocrx_word' id='word_1_723' title='bbox 1316 2370 1412 2404; x_wconf 88' lang='lat' dir='ltr'><strong>paucis</strong></span> <span class='ocrx_word' id='word_1_724' title='bbox 1436 2369 1569 2404; x_wconf 77' lang='lat' dir='ltr'><strong>exceptis,</strong></span> <span class='ocrx_word' id='word_1_725' title='bbox 1587 2377 1636 2396; x_wconf 85' lang='lat' dir='ltr'><strong>nec</strong></span> <span class='ocrx_word' id='word_1_726' title='bbox 1661 2377 1730 2404; x_wconf 84' lang='lat' dir='ltr'><strong>quas</strong></span> <span class='ocrx_word' id='word_1_727' title='bbox 1743 2369 1818 2397; x_wconf 90' lang='lat' dir='ltr'><strong>orbis</strong></span> <span class='ocrx_word' id='word_1_728' title='bbox 1834 2377 1878 2396; x_wconf 86' lang='lat' dir='ltr'><strong>re-</strong></span> 
     </span>
    </p>
   </div>
   <div class='ocr_carea' id='block_1_107' title="bbox 1092 2414 1877 2450">
    <p class='ocr_par' dir='ltr' id='par_1_107' title="bbox 1092 2414 1877 2450">
     <span class='ocr_line' id='line_1_109' title="bbox 1092 2414 1877 2450; baseline 0.001 -9"><span class='ocrx_word' id='word_1_729' title='bbox 1092 2416 1186 2450; x_wconf 80' lang='lat' dir='ltr'><strong>giones</strong></span> <span class='ocrx_word' id='word_1_730' title='bbox 1197 2415 1376 2450; x_wconf 82' lang='lat' dir='ltr'><strong>peragrarint,</strong></span> <span class='ocrx_word' id='word_1_731' title='bbox 1389 2414 1429 2442; x_wconf 84' lang='lat' dir='ltr'><strong>ita</strong></span> <span class='ocrx_word' id='word_1_732' title='bbox 1436 2415 1580 2450; x_wconf 86' lang='lat' dir='ltr'><strong>perspicue</strong></span> <span class='ocrx_word' id='word_1_733' title='bbox 1592 2416 1697 2443; x_wconf 90' lang='lat' dir='ltr'><strong>narrari</strong></span> <span class='ocrx_word' id='word_1_734' title='bbox 1710 2416 1805 2450; x_wconf 83' lang='lat' dir='ltr'><strong>possit.</strong></span> <span class='ocrx_word' id='word_1_735' title='bbox 1821 2414 1877 2442; x_wconf 82' lang='lat' dir='ltr'><strong>Nec</strong></span> 
     </span>
    </p>
   </div>
   <div class='ocr_carea' id='block_1_108' title="bbox 1093 2461 1880 2496">
    <p class='ocr_par' dir='ltr' id='par_1_108' title="bbox 1093 2461 1880 2496">
     <span class='ocr_line' id='line_1_110' title="bbox 1093 2461 1880 2496; baseline 0 -8"><span class='ocrx_word' id='word_1_736' title='bbox 1093 2462 1172 2488; x_wconf 90' lang='lat' dir='ltr'><strong>modo</strong></span> <span class='ocrx_word' id='word_1_737' title='bbox 1189 2469 1249 2496; x_wconf 74' lang='lat' dir='ltr'><strong>qua:</strong></span> <span class='ocrx_word' id='word_1_738' title='bbox 1258 2461 1314 2496; x_wconf 88' lang='lat' dir='ltr'><strong>jam</strong></span> <span class='ocrx_word' id='word_1_739' title='bbox 1329 2461 1475 2488; x_wconf 84' lang='lat' dir='ltr'><strong>traduntur</strong></span> <span class='ocrx_word' id='word_1_740' title='bbox 1485 2461 1587 2488; x_wconf 86' lang='lat' dir='ltr'><strong>incerta</strong></span> <span class='ocrx_word' id='word_1_741' title='bbox 1602 2466 1684 2495; x_wconf 87' lang='lat' dir='ltr'><strong>sunt;</strong></span> <span class='ocrx_word' id='word_1_742' title='bbox 1696 2461 1743 2488; x_wconf 86' lang='lat' dir='ltr'><strong>sed</strong></span> <span class='ocrx_word' id='word_1_743' title='bbox 1759 2461 1839 2488; x_wconf 88' lang='lat' dir='ltr'><strong>etiam</strong></span> <span class='ocrx_word' id='word_1_744' title='bbox 1854 2461 1880 2488; x_wconf 88' lang='lat' dir='ltr'><strong>si</strong></span> 
     </span>
    </p>
   </div>
   <div class='ocr_carea' id='block_1_109' title="bbox 1091 2506 1878 2543">
    <p class='ocr_par' dir='ltr' id='par_1_109' title="bbox 1091 2506 1878 2543">
     <span class='ocr_line' id='line_1_111' title="bbox 1091 2506 1878 2543; baseline -0.001 -9"><span class='ocrx_word' id='word_1_745' title='bbox 1091 2515 1143 2542; x_wconf 86' lang='lat' dir='ltr'><strong>qua</strong></span> <span class='ocrx_word' id='word_1_746' title='bbox 1151 2507 1316 2538; x_wconf 77' lang='lat' dir='ltr'><strong>abEusebio,</strong></span> <span class='ocrx_word' id='word_1_747' title='bbox 1325 2511 1351 2534; x_wconf 92' lang='lat' dir='ltr'><strong>ct</strong></span> <span class='ocrx_word' id='word_1_748' title='bbox 1362 2515 1378 2534; x_wconf 88' lang='lat' dir='ltr'><strong>a</strong></span> <span class='ocrx_word' id='word_1_749' title='bbox 1391 2508 1489 2535; x_wconf 70' lang='lat' dir='ltr'><strong>coxevis</strong></span> <span class='ocrx_word' id='word_1_750' title='bbox 1500 2511 1546 2534; x_wconf 92' lang='lat' dir='ltr'><strong>aut</strong></span> <span class='ocrx_word' id='word_1_751' title='bbox 1558 2508 1721 2543; x_wconf 87' lang='lat' dir='ltr'><strong>snpparibus</strong></span> <span class='ocrx_word' id='word_1_752' title='bbox 1737 2506 1878 2541; x_wconf 90' lang='lat' dir='ltr'><strong>scriptori-</strong></span> 
     </span>
    </p>
   </div>
   <div class='ocr_carea' id='block_1_110' title="bbox 1093 2551 1879 2588">
    <p class='ocr_par' dir='ltr' id='par_1_110' title="bbox 1093 2551 1879 2588">
     <span class='ocr_line' id='line_1_112' title="bbox 1093 2551 1879 2588; baseline 0.001 -10"><span class='ocrx_word' id='word_1_753' title='bbox 1093 2552 1144 2579; x_wconf 90' lang='lat' dir='ltr'><strong>bus</strong></span> <span class='ocrx_word' id='word_1_754' title='bbox 1155 2553 1270 2588; x_wconf 74' lang='lat' dir='ltr'><strong>earptim</strong></span> <span class='ocrx_word' id='word_1_755' title='bbox 1277 2551 1373 2579; x_wconf 89' lang='lat' dir='ltr'><strong>deillis</strong></span> <span class='ocrx_word' id='word_1_756' title='bbox 1382 2551 1568 2587; x_wconf 83' lang='lat' dir='ltr'><strong>proferantur,</strong></span> <span class='ocrx_word' id='word_1_757' title='bbox 1579 2561 1631 2580; x_wconf 88' lang='lat' dir='ltr'><strong>non</strong></span> <span class='ocrx_word' id='word_1_758' title='bbox 1645 2553 1681 2579; x_wconf 92' lang='lat' dir='ltr'><strong>ita</strong></span> <span class='ocrx_word' id='word_1_759' title='bbox 1698 2553 1771 2580; x_wconf 88' lang='lat' dir='ltr'><strong>clare</strong></span> <span class='ocrx_word' id='word_1_760' title='bbox 1783 2556 1879 2580; x_wconf 84' lang='lat' dir='ltr'><strong>recen-</strong></span> 
     </span>
    </p>
   </div>
   <div class='ocr_carea' id='block_1_111' title="bbox 1092 2596 1876 2632">
    <p class='ocr_par' dir='ltr' id='par_1_111' title="bbox 1092 2596 1876 2632">
     <span class='ocr_line' id='line_1_113' title="bbox 1092 2596 1876 2632; baseline -0.004 -6"><span class='ocrx_word' id='word_1_761' title='bbox 1092 2602 1196 2626; x_wconf 88' lang='lat' dir='ltr'><strong>sentur.</strong></span> <span class='ocrx_word' id='word_1_762' title='bbox 1211 2597 1287 2630; x_wconf 80' lang='lat' dir='ltr'><strong>Quod</strong></span> <span class='ocrx_word' id='word_1_763' title='bbox 1303 2601 1392 2624; x_wconf 88' lang='lat' dir='ltr'><strong>autem</strong></span> <span class='ocrx_word' id='word_1_764' title='bbox 1409 2598 1446 2623; x_wconf 87' lang='lat' dir='ltr'><strong>ait</strong></span> <span class='ocrx_word' id='word_1_765' title='bbox 1462 2596 1607 2629; x_wconf 87' lang='lat' dir='ltr'><strong>Eusebius,</strong></span> <span class='ocrx_word' id='word_1_766' title='bbox 1620 2597 1646 2624; x_wconf 90' lang='lat' dir='ltr'><strong>in</strong></span> <span class='ocrx_word' id='word_1_767' title='bbox 1657 2598 1726 2632; x_wconf 85' lang='lat' dir='ltr'><strong>psal.</strong></span> <span class='ocrx_word' id='word_1_768' title='bbox 1738 2605 1823 2628; x_wconf 81' lang='lat' dir='ltr'><strong>vau,</strong></span> <span class='ocrx_word' id='word_1_769' title='bbox 1839 2596 1876 2623; x_wconf 74' lang='lat'><strong>28</strong></span> 
     </span>
    </p>
   </div>
   <div class='ocr_carea' id='block_1_112' title="bbox 1093 2642 1877 2678">
    <p class='ocr_par' dir='ltr' id='par_1_112' title="bbox 1093 2642 1877 2678">
     <span class='ocr_line' id='line_1_114' title="bbox 1093 2642 1877 2678; baseline -0.003 -7"><span class='ocrx_word' id='word_1_770' title='bbox 1093 2645 1125 2671; x_wconf 89' lang='lat' dir='ltr'><strong>ad</strong></span> <span class='ocrx_word' id='word_1_771' title='bbox 1143 2645 1220 2671; x_wconf 83' lang='lat' dir='ltr'><strong>ﬁnem</strong></span> <span class='ocrx_word' id='word_1_772' title='bbox 1233 2654 1239 2671; x_wconf 91' lang='lat'>:</span> <span class='ocrx_word' id='word_1_773' title='bbox 1251 2643 1280 2671; x_wconf 86' lang='lat' dir='ltr'><strong>Si</strong></span> <span class='ocrx_word' id='word_1_774' title='bbox 1288 2644 1345 2678; x_wconf 82' lang='lat' dir='ltr'><strong>quis</strong></span> <span class='ocrx_word' id='word_1_775' title='bbox 1352 2651 1410 2670; x_wconf 77' lang='lat' dir='ltr'><strong>vero</strong></span> <span class='ocrx_word' id='word_1_776' title='bbox 1421 2651 1466 2676; x_wconf 89' lang='lat' dir='ltr'><strong>per</strong></span> <span class='ocrx_word' id='word_1_777' title='bbox 1477 2644 1558 2670; x_wconf 89' lang='lat' dir='ltr'><strong>otium</strong></span> <span class='ocrx_word' id='word_1_778' title='bbox 1568 2647 1691 2675; x_wconf 73' lang='lat' dir='ltr'><strong>accurate</strong></span> <span class='ocrx_word' id='word_1_779' title='bbox 1702 2642 1877 2678; x_wconf 59' lang='lat' dir='ltr'><strong>perquisivit,</strong></span> 
     </span>
    </p>
   </div>
   <div class='ocr_carea' id='block_1_113' title="bbox 1093 2688 1885 2725">
    <p class='ocr_par' dir='ltr' id='par_1_113' title="bbox 1093 2688 1885 2725">
     <span class='ocr_line' id='line_1_115' title="bbox 1093 2688 1885 2725; baseline -0.006 -7"><span class='ocrx_word' id='word_1_780' title='bbox 1093 2691 1218 2725; x_wconf 83' lang='lat' dir='ltr'><strong>cujusque</strong></span> <span class='ocrx_word' id='word_1_781' title='bbox 1230 2689 1343 2723; x_wconf 82' lang='lat' dir='ltr'><strong>apostoli</strong></span> <span class='ocrx_word' id='word_1_782' title='bbox 1369 2688 1465 2715; x_wconf 88' lang='lat' dir='ltr'><strong>tribum</strong></span> <span class='ocrx_word' id='word_1_783' title='bbox 1484 2688 1591 2722; x_wconf 84' lang='lat' dir='ltr'><strong>reperiet</strong></span> <span class='ocrx_word' id='word_1_784' title='bbox 1611 2695 1620 2714; x_wconf 91' lang='lat'><strong><em>:</em></strong></span> <span class='ocrx_word' id='word_1_785' title='bbox 1640 2696 1701 2714; x_wconf 85' lang='lat' dir='ltr'><strong>nam</strong></span> <span class='ocrx_word' id='word_1_786' title='bbox 1717 2688 1799 2714; x_wconf 71' lang='lat' dir='ltr'><strong>cuivis</strong></span> <span class='ocrx_word' id='word_1_787' title='bbox 1812 2694 1885 2722; x_wconf 49' lang='lat' dir='ltr'><strong>quem</strong></span> 
     </span>
    </p>
   </div>
   <div class='ocr_carea' id='block_1_114' title="bbox 1093 2733 1880 2768">
    <p class='ocr_par' dir='ltr' id='par_1_114' title="bbox 1093 2733 1880 2768">
     <span class='ocr_line' id='line_1_116' title="bbox 1093 2733 1880 2768; baseline -0.003 -6"><span class='ocrx_word' id='word_1_788' title='bbox 1093 2736 1160 2762; x_wconf 84' lang='lat' dir='ltr'><strong>renti</strong></span> <span class='ocrx_word' id='word_1_789' title='bbox 1172 2735 1253 2762; x_wconf 82' lang='lat' dir='ltr'><strong>datur</strong></span> <span class='ocrx_word' id='word_1_790' title='bbox 1268 2743 1283 2761; x_wconf 90' lang='lat' dir='ltr'><strong>a</strong></span> <span class='ocrx_word' id='word_1_791' title='bbox 1297 2735 1435 2762; x_wconf 78' lang='lat' dir='ltr'><strong>Servatore</strong></span> <span class='ocrx_word' id='word_1_792' title='bbox 1450 2733 1598 2761; x_wconf 79' lang='lat' dir='ltr'><strong>inveniendi</strong></span> <span class='ocrx_word' id='word_1_793' title='bbox 1616 2734 1774 2768; x_wconf 83' lang='lat' dir='ltr'><strong>promissio;</strong></span> <span class='ocrx_word' id='word_1_794' title='bbox 1790 2734 1828 2765; x_wconf 63' lang='lat' dir='ltr'><strong>id1</strong></span> <span class='ocrx_word' id='word_1_795' title='bbox 1838 2734 1880 2763; x_wconf 88' lang='lat' dir='ltr'><strong>in-</strong></span> 
     </span>
    </p>
   </div>
   <div class='ocr_carea' id='block_1_115' title="bbox 1092 2780 1880 2817">
    <p class='ocr_par' dir='ltr' id='par_1_115' title="bbox 1092 2780 1880 2817">
     <span class='ocr_line' id='line_1_117' title="bbox 1092 2780 1880 2817; baseline -0.003 -9"><span class='ocrx_word' id='word_1_796' title='bbox 1092 2789 1187 2817; x_wconf 88' lang='lat' dir='ltr'><strong>quam,</strong></span> <span class='ocrx_word' id='word_1_797' title='bbox 1202 2780 1312 2808; x_wconf 79' lang='lat' dir='ltr'><strong>Eusebii</strong></span> <span class='ocrx_word' id='word_1_798' title='bbox 1327 2788 1385 2808; x_wconf 70' lang='lat' dir='ltr'><strong>sevo</strong></span> <span class='ocrx_word' id='word_1_799' title='bbox 1403 2780 1519 2807; x_wconf 88' lang='lat' dir='ltr'><strong>fortasse</strong></span> <span class='ocrx_word' id='word_1_800' title='bbox 1539 2783 1646 2814; x_wconf 85' lang='lat' dir='ltr'><strong>poterat</strong></span> <span class='ocrx_word' id='word_1_801' title='bbox 1662 2788 1696 2807; x_wconf 80' lang='lat' dir='ltr'><strong>ex</strong></span> <span class='ocrx_word' id='word_1_802' title='bbox 1719 2787 1880 2807; x_wconf 91' lang='lat' dir='ltr'><strong>monumen-</strong></span> 
     </span>
    </p>
   </div>
   <div class='ocr_carea' id='block_1_116' title="bbox 1094 2824 1881 2862">
    <p class='ocr_par' dir='ltr' id='par_1_116' title="bbox 1094 2824 1881 2862">
     <span class='ocr_line' id='line_1_118' title="bbox 1094 2824 1881 2862; baseline -0.004 -7"><span class='ocrx_word' id='word_1_803' title='bbox 1094 2828 1128 2855; x_wconf 89' lang='lat' dir='ltr'><strong>tis</strong></span> <span class='ocrx_word' id='word_1_804' title='bbox 1144 2831 1265 2854; x_wconf 76' lang='lat' dir='ltr'><strong>rcterum</strong></span> <span class='ocrx_word' id='word_1_805' title='bbox 1289 2826 1435 2862; x_wconf 84' lang='lat' dir='ltr'><strong>explorari.</strong></span> <span class='ocrx_word' id='word_1_806' title='bbox 1460 2824 1519 2852; x_wconf 82' lang='lat' dir='ltr'><strong>Jarn</strong></span> <span class='ocrx_word' id='word_1_807' title='bbox 1542 2833 1607 2853; x_wconf 83' lang='lat' dir='ltr'><strong>vero</strong></span> <span class='ocrx_word' id='word_1_808' title='bbox 1622 2833 1683 2854; x_wconf 90' lang='lat' dir='ltr'><strong>cum</strong></span> <span class='ocrx_word' id='word_1_809' title='bbox 1701 2833 1795 2853; x_wconf 88' lang='lat' dir='ltr'><strong>eormn</strong></span> <span class='ocrx_word' id='word_1_810' title='bbox 1811 2825 1881 2853; x_wconf 89' lang='lat' dir='ltr'><strong>bene</strong></span> 
     </span>
    </p>
   </div>
   <div class='ocr_carea' id='block_1_117' title="bbox 1093 2869 1880 2903">
    <p class='ocr_par' dir='ltr' id='par_1_117' title="bbox 1093 2869 1880 2903">
     <span class='ocr_line' id='line_1_119' title="bbox 1093 2869 1880 2903; baseline -0.004 -4"><span class='ocrx_word' id='word_1_811' title='bbox 1093 2873 1178 2899; x_wconf 88' lang='lat' dir='ltr'><strong>multa</strong></span> <span class='ocrx_word' id='word_1_812' title='bbox 1195 2872 1295 2899; x_wconf 80' lang='lat' dir='ltr'><strong>fuerint</strong></span> <span class='ocrx_word' id='word_1_813' title='bbox 1309 2875 1444 2899; x_wconf 82' lang='lat' dir='ltr'><strong>vetustate</strong></span> <span class='ocrx_word' id='word_1_814' title='bbox 1456 2870 1602 2898; x_wconf 85' lang='lat' dir='ltr'><strong>obliterata</strong></span> <span class='ocrx_word' id='word_1_815' title='bbox 1616 2874 1644 2898; x_wconf 89' lang='lat' dir='ltr'><strong>et</strong></span> <span class='ocrx_word' id='word_1_816' title='bbox 1655 2871 1804 2903; x_wconf 81' lang='lat' dir='ltr'><strong>exstincta;</strong></span> <span class='ocrx_word' id='word_1_817' title='bbox 1823 2869 1880 2896; x_wconf 79' lang='lat' dir='ltr'><strong>fru-</strong></span> 
     </span>
    </p>
   </div>
   <div class='ocr_carea' id='block_1_118' title="bbox 1095 2917 1882 2954">
    <p class='ocr_par' dir='ltr' id='par_1_118' title="bbox 1095 2917 1882 2954">
     <span class='ocr_line' id='line_1_120' title="bbox 1095 2917 1882 2954; baseline -0.004 -6"><span class='ocrx_word' id='word_1_818' title='bbox 1095 2924 1162 2953; x_wconf 86' lang='lat' dir='ltr'><strong>stra,</strong></span> <span class='ocrx_word' id='word_1_819' title='bbox 1187 2923 1216 2947; x_wconf 91' lang='lat' dir='ltr'><strong>ut</strong></span> <span class='ocrx_word' id='word_1_820' title='bbox 1239 2919 1368 2952; x_wconf 80' lang='lat' dir='ltr'><strong>arbitror,</strong></span> <span class='ocrx_word' id='word_1_821' title='bbox 1387 2921 1525 2954; x_wconf 67' lang='lat' dir='ltr'><strong>qumratur</strong></span> <span class='ocrx_word' id='word_1_822' title='bbox 1551 2925 1584 2947; x_wconf 78' lang='lat' dir='ltr'><strong>cx</strong></span> <span class='ocrx_word' id='word_1_823' title='bbox 1612 2925 1666 2952; x_wconf 86' lang='lat' dir='ltr'><strong>qua</strong></span> <span class='ocrx_word' id='word_1_824' title='bbox 1693 2918 1764 2946; x_wconf 90' lang='lat' dir='ltr'><strong>tribu</strong></span> <span class='ocrx_word' id='word_1_825' title='bbox 1781 2917 1882 2953; x_wconf 76' lang='lat' dir='ltr'><strong>singuli</strong></span> 
     </span>
    </p>
   </div>
  </div>
