2055 3214
161 181 202 220 ’57
565 197 816 226 COMMENTARIA
834 198 868 226 IN
883 199 1050 229 PSALMOS.
1071 198 1394 231 —PR.ELIMINAR1A:
1756 206 1792 236 58

171 253 286 287 apostoli
302 254 454 288 prodierint
472 265 478 282 :
495 257 566 290 quod
579 257 662 284 etiam
679 257 701 286 si
719 257 886 293 deprehendi
899 267 959 294 pos-
971 263 994 290 Α
1010 261 1112 294 sebius,
1130 260 1238 288 Hilario
1254 266 1281 289 et
1297 262 1416 289 fortasse
1439 263 1484 289 aliI
1502 262 1606 298 perrari
1632 265 1658 291 in
1675 265 1791 293 desertis

171 303 221 330 set,
239 308 292 326 non
305 308 402 336 magno
418 309 507 336 opera:
518 302 603 337 pretio
622 303 707 331 ﬁeret.

171 345 261 370 lV.An
282 347 460 377 prophetarum
485 349 659 410 ῗροέῖεεὶοηεα
679 350 799 375 Joannem
821 350 955 381 Baptistam

515 397 520 401 .
536 386 548 402 v
567 386 612 403 ner
634 397 640 404 .

515 386 640 404 :rvenertt.

204 417 296 452 Neque
314 419 378 446 item
390 420 504 455 probatu
519 419 598 448 facile
608 426 650 449 est
663 422 737 456 quod
754 422 792 449 ait
806 423 953 454 Eusebius,

171 463 239 497 psal.
256 472 352 496 uxui,
369 466 395 498 8,
409 465 488 496 9,10,
498 465 689 501 prophetarum
698 467 898 495 successionem
908 475 955 495 us-

171 516 223 542 que
235 509 267 535 ad
284 508 414 537 Joannem
429 510 575 546 Baptistam
587 513 730 541 devenisse
745 523 752 540 :
765 520 827 540 nam
842 521 875 541 ex
892 514 954 541 libri

173 553 387 584 Machabteorum
418 560 445 584 et
477 555 560 584 Flavii
572 556 682 592 Iosephi
699 558 865 590 testimonio,
889 557 954 586 Per-

172 607 263 626 sarum
280 603 401 635 tempore
408 601 488 628 desiit
503 602 548 629 illa
564 604 755 638 prophetarum
768 605 867 638 series;
880 607 909 631 ut
921 612 954 632 ne

172 646 213 672 vel
221 653 304 672 unum
313 654 328 673 a
335 645 641 683 Nehemiactemporibus
649 649 806 684 prophetam
813 650 954 685 assignare

171 691 272 718 valeas.
282 691 371 724 Quare
381 693 486 720 mstimo
495 693 606 721 Eusebii
615 695 717 721 dictum
726 702 780 722 non
789 695 822 722 ad
835 696 952 723 lltteram

171 736 360 771 accipiendum
371 745 448 771 esse;
462 739 509 766 sed
523 739 644 767 indicare
657 740 745 767 solum
757 740 842 776 legem
853 746 879 769 et
889 750 954 777 pro~

172 781 267 816 phetas
284 782 312 809 in
328 781 460 810 Joannem
474 784 624 820 Baptistam
636 785 772 817 desinere.
787 787 853 821 quin
873 792 952 822 neget

172 827 354 856 intermissam
369 829 516 865 aliquando
529 830 614 858 fuisse
628 832 821 867 prophetarum
842 841 954 861 succes-

171 881 286 902 smnem.

172 918 190 943 V
215 919 335 953 Eusebius
346 919 438 953 labitur
447 921 504 953 dum
521 922 651 946 monachos
662 930 675 947 τι
688 923 833 953 Symmacho
858 930 953 948 memo-

201 950 248 973 rari
268 954 346 981 putat.
359 965 390 969 -—
404 951 444 975 νι.
456 952 566 976 Monachi
580 955 673 983 perrari
688 950 799 985 tempore
811 954 921 979 Eusebii.

204 990 245 1018 Ad
259 991 332 1018 hunc
346 1000 456 1021 versum
469 993 567 1029 psalmi
584 1002 668 1027 vau,
682 996 734 1028 Qui
750 996 899 1022 inhabitare
911 996 952 1030 fa-

168 1035 203 1062 cit
230 1036 309 1064 cuius
337 1038 419 1065 moris
452 1039 479 1065 in
506 1038 594 1071 domo,
624 1044 745 1067 veterum
773 1041 951 1075 interpretum

167 1082 312 1110 lectionem
345 1083 422 1111 atl'ert
446 1083 590 1116 Eusebius,
631 1085 677 1112 ubi
707 1084 863 1120 Symmachi
891 1094 953 1113 ver-

169 1128 209 1155 sio
237 1128 278 1155 sic
305 1128 385 1157 habet
400 1138 406 1156 :
422 1129 534 1157 Δίδωσιν
559 1131 642 1157 οἰκεῖν
658 1131 783 1166 μοναχοῖς
796 1131 884 1157 οἰκίαν
899 1140 906 1146 ·
925 1132 952 1159 id

168 1177 209 1200 est
221 1183 231 1202 ς
245 1173 297 1200 Dat
317 1174 518 1201 inhabitandam
535 1176 671 1202 monachis
686 1175 792 1202 domum
806 1183 817 1208 ;
834 1183 897 1203 nam
915 1176 951 1203 ita

168 1227 218 1247 nos
236 1221 367 1247 vertimus
383 1221 447 1256 quia
472 1221 606 1249 Eusebius
629 1221 663 1249 de
691 1221 832 1250 monachis
862 1222 950 1249 locum

168 1265 286 1298 explicat
303 1274 310 1292 :
335 1266 398 1296 etsi,
414 1273 473 1293 mea
492 1266 602 1301 quidem
622 1267 769 1299 sententia,
784 1275 838 1294 non
854 1274 951 1293 mona-

167 1310 280 1337 chorum
296 1310 453 1338 institntum
470 1311 514 1338 hic
530 1311 708 1347 Symmachus
729 1311 876 1347 respiciat,
902 1312 951 1339 sed

169 1355 306 1382 solitarius
320 1356 469 1391 generatim
483 1357 630 1392 quoslibet.
642 1357 750 1385 Atenim
762 1365 818 1392 quo
827 1361 949 1392 tempore

169 1400 349 1436 Symmachus
363 1402 517 1429 versionem
532 1410 610 1430 suam
640 1404 823 1436 concinnavit,
845 1404 949 1431 scilicet

168 1445 299 1481 Septimio
308 1447 453 1479 Severo,ut
461 1448 550 1476 veri-or
557 1447 609 1476 fert
615 1449 718 1484 opinio,
728 1449 888 1484 imperante,
897 1457 953 1476 Ino-

167 1493 316 1520 nacborum
329 1501 364 1521 ne
371 1501 471 1521 nomen
481 1495 590 1529 quidem
599 1498 692 1521 notum
703 1499 772 1527 erat,
781 1502 869 1529 neque
879 1495 951 1523 ullus

167 1539 267 1566 tuncin
279 1539 347 1568 orbe
362 1540 524 1571 unachus.
537 1541 588 1568 nisi
600 1541 716 1568 fortasse
728 1541 755 1567 in
771 1540 951 1575 penitioribus

168 1583 276 1620 Egypti
292 1585 458 1617 recessibus,
475 1585 560 1613 fuisse
582 1590 702 1621 putatur.
730 1587 820 1619 Quare
837 1585 881 1612 hic
898 1593 950 1613 vox

169 1630 282 1664 μοναχός
298 1637 348 1665 pro
365 1630 488 1658 solitario
514 1632 635 1666 quolibet
655 1631 683 1659 in
708 1639 819 1659 secessu
840 1631 950 1666 degenti

168 1675 345 1710 accipienda;
363 1683 417 1703 non
437 1684 486 1711 pro
502 1677 654 1710 monachis,
681 1686 796 1713 quorum
821 1685 836 1704 a
851 1682 952 1713 quarto

169 1721 270 1748 sacculo
297 1720 450 1750 institutum
470 1723 571 1751 ﬂoruit.
597 1723 664 1750 Nam
690 1724 754 1759 quia
778 1724 854 1752 solus
879 1724 950 1751 vivat

168 1771 273 1801 oportet
287 1768 332 1802 qui
348 1768 412 1796 velit
425 1768 521 1796 abesse
532 1776 547 1795 a
562 1769 694 1795 malorum
707 1769 857 1801 consortio,
873 1772 951 1803 quot-

168 1815 233 1846 quot
249 1811 417 1840 declinandte
435 1813 594 1848 frequentia:
621 1821 704 1841 causa
730 1813 757 1840 in
775 1821 886 1841 secessu
902 1814 950 1841 de—

168 1858 275 1892 gcbnnt,
293 1859 404 1895 μοναχοί
419 1858 512 1887 Grece
526 1859 727 1887 vocitabantur.
745 1858 870 1886 Altamen
889 1866 950 1894 qua:

167 1903 200 1931 de
215 1904 358 1932 monachis
374 1905 417 1932 hic
442 1905 525 1932 habet
552 1905 686 1933 Eusebius
713 1913 767 1932 non
789 1906 951 1940 praetermit-

167 1949 246 1976 tenda
263 1959 270 1976 :
287 1949 396 1977 Primus
412 1951 510 1986 itaque,
527 1950 574 1982 ait,
592 1949 656 1979 ordo
670 1958 760 1978 eorum
774 1950 819 1985 qui
835 1951 860 1976 in
872 1949 950 1977 Chri-

167 2001 207 2022 sto
224 1996 376 2030 proﬁciunt,
397 2001 436 2023 est
453 1996 651 2023 monachorum.
671 1995 722 2022 Sed
740 1995 796 2022 rari
819 2001 880 2022 sunt
896 1995 948 2027 illi,

167 2050 246 2079 quare
260 2041 404 2068 secundum
419 2042 554 2076 Aquilam,
571 2041 702 2076 Unigeniti
720 2041 768 2068 Dei
781 2040 865 2067 vocati
876 2045 947 2072 sunt,

167 2088 263 2115 similes
281 2088 345 2121 {acti
361 2089 494 2123 uttigcnito
513 2087 585 2115 Filio
600 2087 649 2115 Dei
663 2097 671 2115 :
683 2088 825 2115 secundum
838 2087 948 2122 Septua-

166 2135 238 2169 ginta
255 2133 413 2168 Interpretes
432 2138 529 2164 autem,
547 2134 637 2166 unius,
665 2142 718 2160 non
745 2133 841 2160 diversi
868 2133 950 2160 moris

166 2184 237 2210 sunt,
256 2187 336 2214 neque
350 2179 461 2206 subinde
476 2187 573 2205 murem
600 2179 723 2210 variant;
738 2180 783 2206 sed
807 2187 887 2205 unum
903 2187 948 2205 co-

167 2226 231 2257 lunt,
248 2226 293 2261 qui
307 2225 341 2252 ad
355 2226 460 2253 virtutis
477 2234 600 2253 cacumen
627 2225 741 2252 advenit.
763 2225 839 2260 Ipsos
860 2231 949 2252 autem

1009 308 1036 332 et
1052 305 1171 333 latibulis
1187 307 1313 341 agebant.
1331 306 1388 334 Sub
1404 308 1461 335 haec
1474 312 1563 336 autem
1580 309 1683 338 Hilario
1698 310 1725 338 in
1742 311 1793 338 Pa-

1009 351 1115 378 lzestina
1132 356 1158 379 et
1176 352 1254 388 Syria
1276 354 1374 380 mirum
1400 354 1428 381 in
1456 354 1566 381 modum
1595 357 1791 384 monachorum

1009 397 1164 425 institutum
1180 399 1266 431 auxit,
1294 403 1322 427 et
1345 404 1411 427 tunc
1434 401 1602 428 monasteria
1625 403 1693 430 bene
1708 404 1791 431 multa

1008 443 1116 471 condita
1133 448 1206 471 sunt.

1145 501 1198 526 νη.
1213 502 1346 534 Martyrum
1365 504 1489 529 cruciatus
1506 504 1653 536 singulares.

1042 552 1190 588 Martyrum
1197 555 1238 581 sui
1246 555 1375 590 temporis
1382 556 1562 588 cruciatus,in
1569 556 1626 584 htec
1632 557 1711 584 verba
1720 558 1793 592 psalo

1006 598 1043 625 mi
1054 598 1140 632 (Psal.
1148 599 1407 633 uv,10):Quoniam
1415 600 1790 636 probastinos,Deus,ignenos

1005 645 1165 671 czautinasti
1188 646 1256 672 sicut
1279 647 1448 673 examinator
1470 652 1616 682 argentum.
1634 655 1686 674 non
1703 648 1791 675 obiter

1006 689 1136 717 describit
1145 690 1289 719 Eusebius.
1298 691 1337 718 Ac
1351 692 1413 720 licet
1424 693 1451 720 in
1460 692 1582 720 Historia
1602 693 1790 726 ecclesiastica,

1006 734 1039 762 de
1051 734 1188 762 Maximini
1204 737 1361 764 carniﬁcina
1376 745 1469 772 agens,
1484 739 1631 766 multorum
1642 742 1790 774 martyrum

1005 787 1105 815 agones
1122 781 1305 816 descripserit,
1326 782 1370 810 hic
1386 787 1476 810 tamen
1492 784 1622 810 nonnulla
1637 784 1720 820 tangit
1734 785 1788 812 sin-

1005 827 1119 862 gularia,
1136 835 1186 855 nec
1203 828 1272 855 forte
1300 828 1365 855 alibi
1391 829 1544 861 enuntiata,
1573 838 1599 856 v.
1620 829 1708 864 g.:Et
1731 839 1792 858 vero

1003 871 1156 907 plerumque
1171 873 1210 899 vel
1232 873 1348 907 pupillas
1375 873 1511 900 oculorum
1535 874 1790 906 verberabant,dum

1004 916 1091 950 capita
1105 916 1264 943 athletarum
1284 916 1332 944 Dei
1357 918 1441 952 plagis
1459 918 1598 946 caaderent.
1614 919 1791 946 Atrocitatem

1004 969 1067 988 vero
1094 961 1287 996 suppliciorum
1317 963 1429 997 subjicit
1458 963 1502 991 his
1531 965 1647 992 verbis:
1676 965 1790 992 Ferrum

1003 1007 1106 1042 quippe,
1120 1012 1144 1034 et
1161 1007 1232 1042 ferro
1255 1007 1332 1034 illata
1344 1009 1474 1044 supplicia
1485 1029 1492 1042 ,
1516 1010 1621 1045 aliaque
1635 1012 1727 1037 mortis
1746 1020 1790 1046 ge-

1003 1062 1141 1088 nera,qua:
1156 1055 1271 1081 maxima
1285 1062 1347 1089 pars
1365 1061 1484 1082 nostrum
1495 1057 1629 1089 sustinuit.
1646 1065 1693 1092 pro
1707 1058 1791 1086 nihilo

1003 1104 1189 1134 computantur
1206 1107 1238 1126 ea;
1257 1099 1416 1127 deteriorum
1437 1104 1644 1136 comparatione.
1672 1103 1790 1137 Quanto-

1003 1144 1073 1171 brem
1089 1145 1143 1172 ha'c
1155 1146 1259 1180 quidem
1281 1150 1407 1174 tacemus.
1432 1147 1503 1180 Quia
1517 1156 1575 1174 τεν-ο
1590 1149 1658 1175 inter
1674 1150 1788 1182 atrocia,

1003 1191 1071 1218 nihil
1102 1191 1236 1220 crudelius
1267 1201 1327 1220 nece
1353 1201 1398 1228 per
1421 1194 1506 1228 ignem
1535 1199 1559 1221 et
1588 1203 1685 1229 aquam
1711 1196 1789 1222 illata

1001 1237 1179 1271 existimatur,
1199 1238 1254 1265 ha'c
1282 1247 1329 1266 nos
1353 1247 1487 1273 perpessos
1510 1240 1634 1268 dicimus.
1647 1240 1720 1268 Nam
1740 1242 1788 1268 alii

1002 1287 1121 1310 nostrum
1136 1284 1163 1310 in
1181 1285 1249 1311 mari
1264 1289 1288 1311 et
1304 1285 1330 1311 in
1344 1285 1498 1319 [luminibus
1515 1285 1628 1313 demersi
1651 1293 1722 1319 sunt.
1741 1288 1788 1314 alii

1001 1326 1068 1361 ignis
1081 1329 1235 1363 supplicium
1247 1330 1362 1358 luerunt.
1372 1331 1404 1358 Et
1413 1338 1509 1359 caetera
1520 1341 1579 1367 quae
1594 1333 1682 1361 fusius
1696 1334 1732 1361 ibi
1745 1334 1789 1361 ille

1001 1373 1186 1407 prosequitur.

1042 1427 1105 1452 Vlll.
1117 1428 1195 1454 δυάδι
1206 1429 1415 1460 Jerosolymorum
1427 1431 1494 1456 aditu
1506 1431 1644 1462 interclusi,
1653 1438 1740 1463 quare.

1036 1492 1111 1519 Trita
1124 1501 1168 1520 res
1184 1498 1210 1521 et
1220 1494 1287 1520 nulli
1305 1502 1359 1521 non
1376 1499 1439 1522 nota
1453 1499 1505 1526 est,
1521 1494 1623 1522 Judaeis
1642 1501 1786 1531 postquam

1000 1538 1191 1566 Barchocheba
1216 1540 1285 1567 duce
1298 1560 1306 1572 ,
1327 1540 1461 1567 seditione
1481 1541 1568 1573 facta,
1596 1541 1648 1568 sub
1666 1541 1786 1570 Adriano

964 1604 984 1634 ϐ
1001 1585 1122 1620 principe
1145 1586 1230 1613 armis
1246 1587 1352 1614 subacti
1369 1594 1400 1614 ac
1416 1595 1483 1622 pene
1497 1588 1684 1616 internecione
1706 1589 1786 1617 deleti

1001 1634 1075 1663 sunt,
1090 1630 1320 1667 Jerosolymorum
1346 1632 1449 1659 aditum
1479 1633 1657 1661 interclusum
1682 1634 1786 1667 fuisse;

1000 1684 1160 1704 concessum
1187 1681 1276 1704 tamen
1305 1681 1335 1704 ut
1356 1678 1505 1712 quotannis
1524 1679 1556 1706 ad
1576 1683 1666 1708 certos
1686 1681 1786 1709 limites

1000 1722 1109 1758 lugendi
1141 1730 1224 1750 causa
1253 1723 1375 1757 proxime
1407 1724 1501 1751 urbem
1535 1725 1707 1753 accederent.
1734 1726 1782 1755 Ve-

1000 1775 1061 1795 rum
1092 1768 1226 1797 Eusebius
1256 1769 1294 1802 ad
1327 1777 1407 1797 suum
1442 1778 1530 1804 usque
1568 1775 1674 1806 tempus
1713 1772 1786 1800 hunc

1000 1821 1103 1842 morem
1134 1815 1225 1850 vigere
1254 1815 1381 1850 graphice
1411 1821 1504 1842 narrat
1532 1816 1575 1844 his
1604 1818 1721 1845 verbis:
1742 1817 1786 1844 1r-

1001 1865 1103 1886 ruentes
1118 1859 1240 1892 Romani,
1263 1860 1341 1887 dictis
1363 1861 1518 1895 propheticis
1535 1862 1784 1896 ﬁnemintulerunt:

1000 1903 1127 1938 siquidem
1147 1903 1274 1930 victorum
1307 1904 1371 1939 lege,
1404 1905 1531 1932 universa:
1559 1905 1681 1933 Judaicte
1714 1908 1785 1942 genti

1000 1947 1075 1974 aditu
1101 1948 1217 1974 locorum
1241 1948 1408 1975 interdictum
1424 1953 1462 1974 est
1480 1956 1489 1975 :
1509 1949 1667 1976 inevitabilis
1693 1950 1787 1984 quippe

1001 1993 1062 2028 leuis
1077 1993 1314 2028 transgressoribus
1330 1993 1458 2028 impendet
1474 1993 1549 2021 ultio.
1564 1994 1739 2027 Quamobrem
1751 1995 1785 2021 ad

999 2039 1068 2066 hanc
1080 2047 1159 2075 usque
1174 2039 1252 2071 diem,
1265 2039 1299 2065 ad
1314 2045 1397 2066 certos
1413 2040 1536 2066 terminos
1556 2041 1582 2066 in
1608 2040 1720 2067 circuitu
1741 2048 1786 2067 ac—

1000 2084 1128 2116 cedentes,
1141 2085 1232 2118 procul
1243 2085 1389 2111 consislunl
1403 2091 1412 2111 :
1427 2093 1507 2120 neque
1525 2085 1610 2111 solum
1624 2085 1702 2117 illud,
1716 2085 1784 2120 quod

1000 2139 1106 2158 sacrum
1128 2131 1190 2158 olim
1204 2130 1386 2165 reputabatur,
1399 2132 1437 2157 vel
1452 2131 1545 2165 procul
1561 2132 1707 2166 συνωρίδενά
1721 2132 1785 2166 ipsi:

1000 2177 1164 2208 conceditur;
1181 2176 1225 2203 sed
1236 2177 1308 2210 [oras
1317 2177 1516 2210 circumeuntes,
1529 2176 1725 2211 Scripturw,de
1733 2186 1785 2212 qua

995 2221 1054 2255 jam
1071 2222 1169 2256 agitur,
1185 2221 1261 2255 ﬁdem
1278 2222 1430 2253 conciliant,
1446 2221 1562 2248 dicenti:
1576 2231 1585 2246 (
1599 2221 1786 2250 Convertcntur

167 2274 244 2299 unius
259 2281 342 2304 sonte,
354 2272 540 2305 Quinlacditio
556 2272 666 2304 vocavit,
677 2278 703 2298 ut
723 2278 781 2307 pote
793 2272 837 2307 qui
854 2272 949 2298 solita-

1000 2266 1033 2293 ad
1046 2274 1187 2300 vesperam,
1200 2271 1223 2292 et
1239 2266 1336 2299 [amem
1351 2266 1485 2300 patientur
1503 2270 1531 2292 ut
1547 2274 1636 2299 canes,
1647 2271 1672 2292 et
1693 2266 1785 2293 circui-

166 2319 198 2344 rii
209 2323 231 2344 ct
241 2318 489 2352 pra'cinctisint.Et
498 2319 524 2345 in
534 2319 602 2353 psal.
612 2326 726 2350 Lxxxut,
737 2319 755 2344 4
772 2318 814 2346 :E
823 2327 849 2345 re
861 2323 948 2346 autem

164 2363 272 2396 dixeris,
290 2364 423 2398 expeditos
440 2364 499 2394 illos
509 2364 616 2397 milites,
629 2365 674 2400 qui
685 2365 856 2391 monasticam
868 2365 947 2392 vitam

165 2413 278 2447 amplexi
289 2417 363 2443 sunt.
380 2421 426 2447 pro
437 2413 587 2447 passeribus
602 2412 737 2440 habendos
754 2421 827 2444 esse;
847 2421 889 2440 eos
904 2421 949 2440 au-

166 2462 213 2484 tem
229 2459 272 2492 qui
289 2458 377 2485 liberis
389 2458 453 2485 dant
471 2466 586 2492 operam,
600 2466 630 2484 ac
639 2458 746 2494 reliquis
763 2459 823 2485 vita:
836 2459 947 2493 negotiis

165 2508 187 2530 et
202 2504 271 2531 curis
296 2513 324 2531 se
346 2503 457 2536 dedant,
471 2505 581 2531 turturis
603 2505 683 2531 vicem
699 2512 785 2539 agere.
805 2504 865 2537 Quo
879 2508 948 2530 tem-

166 2557 228 2584 pore
252 2550 336 2585 igitur
358 2549 495 2579 Eusebius
519 2551 577 2578 lucc
600 2550 734 2578 scriberet
763 2549 890 2584 perpauci
919 2550 946 2577 in

165 2596 227 2623 orbe
240 2595 368 2623 monachi
383 2600 472 2628 erant,
487 2603 518 2622 ac
534 2596 644 2623 nonnisi
664 2596 689 2622 in
712 2595 830 2631 Aigypto
851 2603 947 2622 mona-

165 2641 259 2668 sticnm
276 2649 364 2676 genus
384 2640 618 2678 frequentabatur,
634 2643 793 2669 auctoribus
813 2641 943 2672 Antonio,

164 2687 309 2721 qui.anno
325 2687 390 2720 271,
415 2687 542 2714 monachi
564 2691 666 2716 statum
695 2688 847 2723 amplexus,
866 2688 947 2714 innu-

164 2740 251 2761 meros
266 2734 391 2768 exemplo
411 2741 461 2760 suo
486 2733 596 2768 pellexit
615 2733 648 2760 ad
666 2741 758 2768 parem
772 2735 834 2760 vitae
849 2733 946 2761 condi-

165 2779 261 2807 tionem
277 2780 510 2815 amplectendam;
527 2780 687 2812 Paehomio,
700 2780 746 2816 qui
767 2781 794 2807 in
807 2780 947 2807 Thebaide

163 2826 342 2853 monasticum
362 2834 448 2860 genus
470 2827 568 2853 mirum
592 2826 620 2853 in
645 2826 754 2853 modum
781 2825 902 2857 adauxit,
919 2829 947 2853 et

166 2870 266 2898 lunune
282 2871 424 2903 Nitriensi,
438 2871 618 2906 complurium
635 2871 865 2898 monasteriorum
883 2869 945 2896 fun-

165 2915 268 2945 datore.
288 2916 319 2945 ln
332 2916 478 2945 Pal-.cstiua
497 2925 572 2949 V'Cl'O,
600 2916 644 2944 ubi
660 2916 740 2946 sodes
758 2915 874 2944 habebat
890 2915 945 2943 Eu-

1000 2312 1062 2338 bunt
1077 2312 1218 2338 ciuitatem.
1238 2321 1247 2336 ι
1265 2310 1351 2347 (Psal.
1367 2318 1444 2343 LVIII,
1483 2311 1527 2346 7.)
1547 2311 1666 2346 ldipsum
1686 2311 1785 2345 repetit

998 2356 1102 2391 inpsal.
1113 2364 1184 2387 LXIX,
1202 2355 1247 2388 ‘26,
1262 2356 1412 2390 adjicitqne
1434 2355 1537 2382 nullum
1553 2355 1784 2391 JerosolymisJu-

997 2403 1116 2430 datorum
1126 2403 1291 2430 domicilium
1301 2410 1452 2437 superesse,
1462 2403 1489 2429 in
1498 2409 1551 2436 quo
1564 2401 1649 2428 Grieci
1665 2401 1785 2429 habitare

997 2446 1113 2480 possint,
1128 2453 1221 2472 verum
1234 2446 1325 2473 excisa
1338 2446 1428 2472 omnia
1440 2453 1471 2472 ac
1488 2445 1610 2473 funditus
1619 2446 1706 2473 deleta
1723 2447 1784 2473 uni-

998 2499 1130 2527 versaque
1143 2499 1256 2527 prorsus
1271 2492 1337 2526 ipsis
1350 2492 1455 2518 sublata
1477 2491 1562 2518 fuisse
1575 2500 1582 2525 ;
1596 2491 1632 2518 ita
1647 2495 1675 2518 ut
1693 2499 1785 2519 sacer-

997 2537 1103 2570 dotum,
1118 2536 1329 2565 Sadducreorum
1352 2541 1379 2564 et.
1407 2537 1607 2564 Pharisaeorum
1630 2545 1664 2564 ne
1685 2545 1784 2565 nomen

996 2584 1105 2619 quidem
1118 2587 1283 2626 superesset.

1135 2629 1342 2655 IX.Traditiooes
1361 2629 1471 2660 quaedam
1490 2629 1640 2653 Judteorum.

1032 2682 1206 2711 Hebraeorum
1227 2681 1401 2709 traditionem
1418 2680 1455 2707 ait
1469 2687 1546 2714 esse,
1570 2687 1644 2707 mare
1660 2678 1782 2707 Rubrum

996 2729 1024 2756 in
1038 2729 1176 2757 duodecim
1197 2729 1326 2756 sections
1341 2728 1454 2755 divisum
1476 2727 1559 2762 fuisse
1575 2726 1718 2754 secundum
1733 2735 1785 2754 na—

997 2786 1098 2805 nterum
1109 2777 1246 2805 duodecim
1261 2775 1392 2807 tribuum,
1410 2775 1446 2801 ita
1464 2779 1493 2801 ut
1511 2773 1625 2808 singulm
1654 2772 1741 2800 tribus
1755 2773 1782 2799 in

997 2821 1137 2856 assignato
1157 2820 1209 2848 sibi
1232 2823 1323 2847 meatu
1346 2819 1560 2854 pertransirent;
1584 2826 1644 2852 qua:
1662 2818 1783 2845 narratio

998 2875 1051 2895 non
1062 2867 1170 2894 Videtur
1185 2873 1247 2893 cum
1263 2865 1354 2893 divina
1367 2865 1509 2900 Scriptura
1519 2871 1682 2896 consonare,
1701 2868 1784 2898 atque

999 2915 1059 2943 ideo
1079 2914 1150 2942 inter
1168 2913 1333 2942 Rabbinicas
1360 2913 1465 2941 fabulas
1494 2912 1561 2940 forte
1590 2911 1782 2948 computanda.
