2055 3214
288 181 322 208 59
627 176 763 206 ECSPZBII
782 177 1022 205 CESARIENSIS
1041 176 1117 204 OPP.
1136 175 1226 203 PARS
1242 175 1286 202 lli.
1307 191 1341 196 ——
1357 173 1563 202 EXEGETICA.
1880 173 1915 199 (:0

289 239 360 266 Inter
375 237 548 265 Hebraeorum
573 237 734 264 traditiones
751 237 855 272 pariter
879 236 1073 264 recensendum
1090 238 1110 265 Α
1126 238 1199 266 runt,
1224 241 1340 268 quorum
1359 232 1400 260 vis
1416 236 1443 259 et
1467 232 1602 259 sententia
1622 231 1742 258 nondum
1759 230 1914 262 observata,

287 287 330 313 est
343 282 414 320 quod
430 284 510 311 habet
523 283 667 314 EUSebius,
682 283 792 310 Azotios
803 282 865 309 ideo
878 282 904 308 in
917 281 1077 316 posteriori-

288 331 339 358 bus
355 334 380 357 et
407 327 550 365 podicibus
566 336 712 364 percussos
727 336 799 360 esse,
815 327 890 362 quod
916 326 949 354 iis
966 326 992 353 in
1015 334 1077 361 par-

287 377 360 404 tibus
375 380 545 411 peccassent.
564 376 794 412 et‘dppsvoxoitat
821 377 925 404 essent.
941 373 993 400 nisi
1023 372 1078 399 for-

288 427 361 450 tasse
375 431 406 450 ea
426 423 532 450 Eusebii
548 422 645 456 ipsius,
658 429 708 448 nec
732 421 767 447 ab
794 420 854 447 aliis
870 425 980 454 accepta
996 416 1077 446 fuerit

286 477 390 503 opinio.

287 526 316 551 Χ.
330 524 520 551 Christianorum
534 525 672 579 irequetli‘tlia
684 524 709 547 in
721 523 862 552 Moabitide,
875 522 1039 546 Ammonitide
1052 525 1078 546 et

654 561 739 579 umzea.

654 561 739 579 amata.

324 606 351 635 hi
372 608 428 635 lucc
452 608 533 635 verba
568 608 635 642 psal.
661 614 727 639 cru,
754 605 798 636 i0,
824 604 903 632 Moab
930 604 997 632 lebes
1022 605 1077 639 spei

288 662 362 687 meae,
378 656 404 682 in
424 655 569 681 lduma'am
596 653 735 680 extendam
761 652 964 678 calceamentum
979 658 1075 683 meum,

287 701 342 729 duo
365 701 444 728 nobis
459 700 545 736 aperit
561 699 706 729 Eusebius.
724 697 851 724 nimirum
865 697 1035 724 Ammonilas
1049 701 1076 724 et

289 744 421 774 Mbabitas
450 746 523 773 inter
551 745 655 772 Arabas
680 751 738 771 aevo
753 751 803 771 suo
821 744 898 770 scdes
928 742 1074 777 habuisse;

287 795 406 829 itemque
431 800 514 828 penes
540 792 719 824 Ammonitas,
745 791 876 818 M‘oabilas
893 796 919 817 et
944 789 1076 817 ldumazos

288 841 420 867 inﬁnitam
453 847 514 867 esse
540 839 758 866 Christianorum
787 837 999 868 multitudinem,
1020 836 1076 864 haec

287 887 347 922 ejus
368 887 448 913 verba
464 889 527 913 sunt
546 895 552 912 :
570 885 603 911 Et
620 885 674 911 lure
691 892 766 918 opere
782 882 912 918 completa
934 883 993 909 licet
1013 882 1076 916 ipsis

287 931 369 959 oculis
386 932 515 966 percipere
529 932 572 961 iis,
601 931 647 965 qui
664 931 690 956 in
705 930 824 956 Arabum
846 930 947 964 regione
962 928 1077 963 peregri-

287 982 395 1007 nantur,
424 985 482 1002 cum
503 976 605 1002 videant
636 974 770 1001 Moabitas
786 980 809 1001 et
832 974 1009 1003 Ammonilas.
1034 973 1078 1007 qui

285 1026 362 1056 penes
378 1022 437 1049 illo;
455 1030 550 1056 magna
569 1029 676 1047 numero
703 1026 775 1051 sunt,
804 1019 936 1046 Ecclesias
965 1018 1013 1045 Dei
1031 1018 1078 1045 im-

286 1069 365 1101 plere.
384 1067 572 1102 Similiterque.
592 1076 600 1091 ι
621 1067 647 1092 in
666 1066 825 1096 ldumwam.
843 1065 941 1099 inquit,
958 1071 1078 1090 conscen-

286 1112 349 1141 dam
374 1114 548 1141 calreamento
579 1121 651 1142 meo,
685 1122 693 1138 ν
713 1111 856 1138 secundant
877 1110 1075 1146 Symmachum.

288 1160 373 1193 Quam
396 1161 457 1186 item
477 1159 672 1194 prwdictioncm
683 1158 708 1183 in
720 1162 841 1191 promptu
858 1161 895 1183 est
920 1156 1077 1190 completam

287 1206 371 1233 videre
397 1206 430 1232 iis
443 1206 486 1239 qui
504 1207 529 1230 in
543 1203 689 1231 [duma'am
715 1202 868 1233 concedunt,
888 1206 912 1229 et
928 1201 1078 1228 multitudi-

287 1260 344 1278 nem
364 1251 543 1277 Eeclesiarum
563 1249 611 1276 Dei
631 1249 668 1275 ibi
687 1249 869 1282 conspiciunt.
887 1252 915 1273 ut
943 1251 1077 1274 cunctetur

287 1303 361 1322 nemo
373 1295 502 1328 conﬁteri,
520 1302 576 1321 rere
593 1295 619 1321 in
646 1295 703 1320 loca
717 1293 765 1320 illa
793 1301 961 1319 conscensum
977 1292 1076 1326 factum

284 1348 350 1369 8580.

288 1396 319 1421 Xi
341 1396 464 1421 Eusebius
474 1397 509 1420 ait
520 1395 638 1419 mundum
648 1395 766 1431 sphaerica
778 1394 851 1418 forma
864 1400 929 1418 esse.
944 1391 1040 1418 Montes
1051 1395 1077 1418 et

520 1430 602 1457 petras
614 1432 706 1450 sensum
719 1431 845 1450 creseere.

321 1478 454 1506 Eusebius
479 1478 538 1513 qui,
554 1478 593 1505 uti
611 1478 748 1512 diximus,
771 1477 1002 1512 descriptionibus
1019 1477 1075 1511 ple-

286 1533 399 1560 rumque
415 1525 523 1560 gaudet,
534 1525 566 1551 ad
579 1524 717 1560 physicam
733 1523 848 1551 subinde
863 1522 1076 1557 speculationem

1129 279 1322 314 interpretibus
1338 278 1448 306 errandi
1465 278 1575 305 occasio
1595 284 1657 305 esse
1671 276 1789 311 possint.
1811 276 1914 310 Hujus-

1127 326 1199 353 modi
1213 329 1301 353 autem
1313 332 1398 360 pauca
1410 325 1451 351 bis
1460 325 1488 350 in
1499 323 1704 350 commentariis
1716 326 1834 353 exstant,
1846 328 1916 356 quo-

1128 380 1187 399 rum
1204 371 1339 407 praecipua
1355 371 1400 397 hic
1422 369 1584 404 eonsignare
1602 372 1629 396 et
1644 368 1789 402 explanare
1805 366 1913 395 visum:

1128 425 1190 445 nam
1202 417 1349 445 minutiora
1363 415 1396 443 ad
1408 415 1526 442 indicem
1542 421 1635 442 rerum
1649 414 1808 447 allegemus.

1326 472 1344 497 ῐ.
1357 473 1430 498 Vocis
1447 479 1487 502 βιυς
1500 477 1560 495 usus
1571 469 1713 501 singularis.

1164 525 1316 561 Singularis
1327 529 1368 552 est
1380 523 1452 558 apud
1465 523 1611 550 Eusebium
1624 521 1699 549 vocis
1712 520 1766 556 βίος
1782 519 1914 554 signiﬁca.

1127 572 1165 599 tio
1178 581 1184 598 :
1202 570 1303 606 passim
1318 570 1417 605 quippe
1427 576 1476 604 pro
1489 575 1588 603 genere
1606 567 1745 594 hominum
1759 566 1891 600 accipitur
1905 575 1911 592 :

1128 618 1167 645 sic
1179 618 1247 652 psal.
1259 624 1286 648 v,
1296 616 1313 642 Ξ
1325 625 1331 642 :
1342 615 1467 647 Τοιοῦτος
1484 614 1533 650 μὲν
1543 611 1589 641 οὖν
1600 612 1745 648 ἐτύγχανεν
1758 612 1812 642 πᾶς
1827 611 1841 636 ὁ
1861 611 1914 646 πρὸ

1126 663 1175 698 τῆς
1188 662 1234 689 τοῦ
1245 661 1367 697 ἣοτῆρος
1379 660 1456 697 ἡμῶν
1467 660 1616 696 παρουσίας
1627 658 1692 693 βίης,
1708 658 1734 685 id
1749 663 1802 690 Erl,
1818 652 1915 691 Hujus-

1127 709 1321 744 modiprofeclo
1337 712 1461 735 eratante
1471 707 1619 734 Saluatoris
1631 705 1769 732 adventant
1779 709 1860 731 totum
1871 702 1914 728 ha-

1127 754 1227 782 ntinum
1241 762 1343 790 genus:
1357 757 1384 781 et
1392 754 1459 789 psal.
1471 761 1555 786 uvu,
1566 761 1637 780 vers.
1648 753 1665 779 5
1679 752 1752 779 :"Iva
1767 750 1821 786 γὰρ
1831 749 1912 784 ὲπιὸῇ

1129 805 1142 830 ὁ
1153 803 1218 834 Θεὸς
1231 802 1269 837 τῷ
1283 803 1336 829 τῶν
1349 801 1497 838 ἀνθρώπων
1513 800 1572 835 βίῳ,
1587 801 1637 827 hoc
1650 804 1700 833 est,
1719 799 1786 826 Nam
1804 805 1829 825 ut
1844 799 1913 825 beas

1130 849 1164 875 ad
1180 849 1314 875 hominum
1329 856 1409 882 genus
1426 847 1566 878 accederet,
1583 851 1609 872 ct
1623 845 1721 880 passim
1737 845 1804 872 alios
1819 853 1824 870 :
1839 846 1914 871 item-

1093 901 1182 938 quue
1200 894 1225 920 in
1240 893 1293 920 (inc
1307 901 1332 919 v1
1351 892 1409 919 libri
1426 891 1630 925 Prceparutionis
1645 891 1808 926 erangelica’,
1820 891 1834 917 ὁ
1846 890 1914 925 πύμ-

1130 948 1185 971 πας
1201 938 1254 965 τῶν
1270 938 1419 974 ἀνθρώπων
1437 938 1501 973 βίος,
1514 938 1661 965 universum
1677 937 1809 963 hominum
1822 945 1921 971 genusr

1131 985 1262 1012 Similiter
1288 985 1470 1016 Athanasius.
1494 989 1514 1011 t.
1531 984 1557 1016 Ι,
1585 992 1647 1019 pag.
1667 984 1746 1016 1255,
1764 982 1913 1015 καταλαζο-

1130 1031 1269 1066 νευόμενοι
1289 1030 1335 1057 τοῦ
1358 1031 1410 1057 τῶν
1433 1029 1582 1066 ἀνθρώπων
1597 1030 1665 1065 βίον,
1687 1029 1793 1063 superbe
1809 1036 1913 1064 agentes

1131 1076 1269 1103 adversum
1285 1084 1364 1111 genus
1386 1076 1540 1102 humanum.
1561 1075 1620 1109 Quo
1639 1076 1720 1102 etiam
1741 1082 1792 1102 usu
1812 1076 1837 1101 in
1854 1074 1914 1101 aliis

1129 1122 1192 1149 item
1211 1122 1391 1156 scriptoribus
1410 1122 1539 1153 occurrit,
1562 1128 1586 1149 et
1606 1122 1632 1148 in
1657 1121 1791 1149 lieliodori
1807 1120 1915 1147 [Ethio-

1131 1169 1200 1203 picis
1213 1176 1265 1195 nou
1281 1169 1364 1196 semel
1380 1169 1549 1195 observatur.

1372 1220 1402 1245 Il.
1420 1220 1532 1250 itemque
1545 1227 1577 1244 us
1589 1223 1657 1243 tuitu-

1162 1260 1221 1288 Alia
1237 1269 1288 1288 vox
1299 1264 1351 1292 est,
1362 1261 1387 1287 in
1399 1268 1451 1295 qua
1468 1260 1530 1287 item
1546 1259 1641 1286 Latine
1656 1256 1843 1284 transferenda
1859 1263 1912 1282 non
1923 1263 1929 1273 ι’

1127 1307 1205 1341 pauci
1222 1307 1384 1342 interpretes
1408 1306 1548 1336 labuntur,
1571 1305 1675 1332 scilicet
1693 1303 1791 1334 δοκεῖν,
1819 1302 1913 1332 videri,

1126 1351 1215 1383 δοκεῖ,
1242 1352 1365 1380 videtur:
1389 1350 1461 1385 quod
1485 1351 1596 1377 verbum
1616 1349 1696 1384 vulgo
1713 1352 1860 1382 usurpatur
1880 1345 1912 1372 ad

1127 1396 1301 1424 minuendam
1310 1396 1516 1423 allirmationem
1526 1404 1534 1428 ;
1544 1395 1580 1422 ita
1596 1397 1625 1421 ut
1638 1394 1673 1425 si,
1689 1393 1764 1420 verbi
1775 1399 1868 1422 causa,
1881 1390 1916 1418 de

1127 1442 1254 1477 quopiam
1264 1441 1381 1473 dicatur,
1393 1441 1467 1468 δοκεῖ
1482 1439 1550 1467 εἶναι
1568 1440 1659 1474 σοφός,
1680 1439 1781 1466 videtur
1801 1445 1857 1464 esse
1868 1445 1915 1463 sa—

1126 1489 1211 1524 piens,
1227 1488 1253 1515 id
1267 1492 1296 1515 ut
1313 1490 1502 1516 asseveranter
1516 1487 1619 1513 dictum
1638 1493 1693 1512 non
1710 1485 1852 1517 habeatur,
1867 1484 1915 1512 sed

1126 1535 1325 1562 dubitationem
1346 1533 1492 1569 quamdam
1513 1533 1647 1569 praeferat.
1669 1532 1770 1560 Verum
1789 1531 1916 1566 frequen-

286 1571 410 1597 vertitur.
429 1570 472 1597 Ait
486 1578 550 1598 vero
566 1579 619 1598 non
644 1578 697 1597 uno
713 1570 773 1597 loco
797 1569 928 1596 mundum
942 1568 1075 1604 sphaerica
1090 1581 1233 1612 ctissime
1249 1580 1320 1616 apud
1335 1568 1484 1615 sériplores
1498 1568 1567 1606 Bene
1584 1579 1685 1606 mlmos
1700 1577 1772 1605 δοκεῖ
1784 1577 1852 1604 num
1865 1576 1917 1604 ιηί,

286 1616 373 1644 forma
401 1625 462 1644 esse
490 1627 498 1644 ι
532 1625 592 1651 quae
617 1617 709 1651 opinio
732 1616 797 1644 olim
820 1616 975 1651 agitabatur
1003 1615 1076 1643 inter

287 1663 454 1697 scriptores;
479 1663 540 1690 aliis
563 1663 682 1697 planam,
701 1662 840 1689 montibus
861 1666 951 1689 tamen
976 1661 1077 1689 distin-

287 1714 369 1738 etam,
383 1711 461 1734 terra:
475 1707 645 1741 superﬁciem
675 1707 896 1742 praedicantibus,
919 1715 934 1734 e
961 1714 1076 1741 quorum

288 1760 402 1779 numero
424 1752 592 1787 Augustinus
618 1756 644 1780 et
669 1752 783 1780 Cosmas
808 1752 953 1787 Egyptius
982 1760 1078 1780 mona-

288 1799 366 1830 chus,
395 1798 441 1833 qui
466 1798 564 1825 librmn
591 1806 623 1825 ea
651 1798 685 1825 de
710 1805 739 1824 re
765 1797 849 1824 edidit
868 1797 1076 1832 Topograpltiam

288 1843 470 1871 Christianam
487 1843 663 1878 inscriptum,
685 1843 731 1870 ubi
754 1843 887 1877 sphaeram
918 1844 1004 1870 sacris
1021 1842 1078 1869 Lit-

288 1890 354 1916 teris
379 1893 471 1923 aperte
486 1897 637 1924 repugnare
650 1889 791 1916 contendit
809 1889 870 1922 ille;
885 1889 947 1916 aliis
972 1896 1074 1921 veram,

288 1940 314 1963 et
328 1936 512 1971 experimento
533 1936 642 1962 domum
658 1941 790 1963 assertam
806 1955 813 1966 ,
828 1935 983 1970 opinionem
999 1940 1077 1963 tuen-

288 1982 371 2014 tibus,
401 1983 489 2017 quaiis
514 1982 657 2013 Eusebius,
683 1982 728 2016 qui
755 1983 884 2009 mundum
913 1981 1075 2016 sphawicum

287 2036 348 2055 esse
375 2036 429 2055 non
456 2028 538 2055 semel
554 2028 694 2055 indicavit.
712 2028 777 2054 Eam
794 2032 884 2055 tamen
901 2028 1073 2059 sententiam,

289 2082 341 2100 non
357 2077 384 2100 ut
401 2081 478 2101 suam
495 2074 550 2106 ille,
566 2073 614 2101 sed
630 2077 659 2100 ut
675 2074 791 2101 alienam
809 2073 895 2101 affert.
920 2073 1076 2101 Verisimile

289 2119 351 2146 item
369 2119 517 2146 arbitratur
531 2123 637 2146 montes
667 2123 693 2147 ct
710 2123 799 2154 petras
817 2120 919 2146 sensim
940 2127 1075 2150 crescere,

288 2169 370 2200 atque
385 2165 500 2193 occultis
516 2165 674 2201 iutimisque
691 2165 865 2193 incrementis
881 2166 998 2198 majores
1013 2174 1076 2192 eva-

287 2212 368 2244 dere;
382 2219 442 2247 qua:
456 2211 647 2246 quorumdam,
662 2212 749 2246 inquit
761 2212 815 2242 ille,
825 2212 866 2239 sui
878 2210 926 2238 aevi
941 2211 1075 2247 physiolo-

287 2266 382 2293 gorum
396 2263 454 2285 erat
464 2257 611 2292 opinio;ut
622 2258 702 2292 jame
713 2258 814 2285 nostris
823 2263 886 2285 sunt
898 2258 943 2292 qui
957 2258 1073 2292 idipsum
1092 2253 1113 2280 ι)

288 2306 468 2338 propugnent,
483 2304 730 2339 esperimcntisque
746 2303 899 2331 manifestis
920 2311 976 2330 rem
1000 2311 1073 2331 com-

288 2350 396 2386 probari
410 2349 554 2376 allirment.

598 2405 712 2433 CAPUT
732 2405 766 2433 X.

288 2469 321 2488 DE
347 2470 492 2490 IDIOTISMIS
517 2471 620 2490 EUSEBH
641 2471 667 2490 IN
683 2471 726 2490 IIIS
744 2471 963 2494 COMMENTAEIIS,
990 2471 1023 2490 ΕΤ
1041 2472 1073 2490 DE

372 2505 510 2525 SINGULARI
526 2505 689 2529 ρωκυυοω
707 2505 795 2526 TOCUII
811 2506 988 2526 SIGNIFICATL‘.

287 2551 308 2582 1.
331 2553 406 2590 Vocis
417 2554 564 2590 ﬁlpcrusus
585 2555 737 2589 singularis.
761 2554 803 2582 11.
822 2554 938 2590 Itemque
956 2553 1009 2581 τοῦ
1026 2555 1074 2581 δο-

322 2589 395 2625 κεῖν.
414 2588 704 2625 ΙΙζῖ-Ἐντυγιχάνειν
719 2590 781 2624 quid
793 2588 924 2625 signiﬁcat
936 2590 1005 2623 apud
1026 2590 1076 2616 Eu-

323 2623 432 2651 sebium.
447 2623 461 2650 Ι
469 2623 499 2651 V.
511 2623 690 2658 Περίάὺασις
697 2623 745 2659 pro
754 2623 916 2652 calamitate.
935 2626 964 2652 V.
991 2627 1075 2652 Ὑπα-

324 2660 425 2686 κούειν
438 2659 602 2694 respondere.
625 2659 673 2688 VI.
692 2660 840 2694 Σωτήριος
850 2661 922 2696 quid,
936 2666 985 2688 etc.

324 2715 382 2744 Etsi
396 2725 411 2743 a
423 2715 516 2744 multis
534 2717 681 2752 Graeceque
696 2718 869 2752 peritissimis
880 2718 957 2749 viris,
978 2719 1004 2745 in
1019 2719 1075 2745 col-

288 2761 395 2797 ligenda
419 2762 572 2790 Graecarum
601 2763 721 2790 omnium
753 2771 852 2792 vocum
878 2764 1075 2799 signiﬁcatione

288 2811 364 2834 tanta
378 2812 414 2835 Sil
432 2807 566 2835 industria
582 2808 755 2841 desudatum,
771 2814 799 2836 ut
816 2817 950 2844 perpauca
970 2809 1026 2844 jam
1040 2810 1074 2836 ad

289 2853 436 2887 perlectam
454 2853 607 2880 Grtecorum
627 2853 792 2889 scriptorum
808 2853 1012 2888 intelligentiam
1027 2853 1074 2881 de-

289 2897 439 2927 siderentur
452 2908 459 2934 ;
478 2899 593 2928 subinde
604 2903 694 2928 tamen
709 2899 820 2927 nomina
831 2899 966 2933 verbaque
977 2906 1075 2938 occur-_

1128 1628 1188 1655 nuit
1204 1627 1422 1658 aliirmationem,
1443 1629 1473 1653 ut
1493 1625 1610 1660 exempli
1628 1625 1716 1660 gratia
1737 1625 1763 1651 in
1782 1624 1825 1651 his
1841 1631 1918 1650 com-

1128 1673 1269 1700 mentariis
1287 1673 1320 1699 at]
1330 1673 1463 1707 psalmum
1477 1679 1572 1703 cxviu,
1589 1679 1660 1698 vers.
1676 1670 1739 1703 156,
1754 1670 1788 1698 de
1805 1669 1859 1697 Deo
1872 1668 1916 1696 di-

1128 1722 1199 1748 citur
1218 1720 1386 1751 δικαιότατος
1403 1717 1471 1746 εἶναι
1492 1719 1575 1750 δοκεῖ,
1593 1718 1637 1745 ubi
1667 1717 1828 1745 vertendum
1858 1717 1917 1744 sine

1128 1768 1221 1800 dubio,
1240 1767 1405 1801 justissimus
1427 1771 1475 1793 cst.
1506 1765 1649 1792 innumera
1665 1765 1780 1800 proferri
1806 1767 1918 1799 possent

1128 1820 1189 1839 cum
1203 1820 1236 1839 ex
1249 1812 1376 1842 Eusebio.
1397 1816 1453 1838 tum
1467 1818 1499 1838 ex
1513 1811 1573 1838 aliis
1587 1810 1768 1844 scriptoribus
1781 1809 1916 1843 exempla.

1129 1857 1173 1885 Sic
1189 1858 1258 1893 apud
1274 1858 1465 1888 Athanasium.
1496 1857 1539 1883 ἵνα
1558 1856 1644 1883 τοίνυν
1659 1857 1704 1882 καὶ
1718 1852 1756 1882 ὧν
1773 1855 1917 1890 ἐπιθυμεῖς

1127 1905 1305 1940 τετυχηκέναι
1324 1904 1440 1939 δοκοίης,
1464 1907 1492 1929 ut
1514 1903 1593 1937 igitur
1615 1907 1707 1937 optata
1735 1901 1915 1936 consequaris.

1128 1949 1181 1977 Sed
1194 1951 1248 1983 jam
1268 1951 1319 1977 hac
1333 1950 1367 1977 de
1382 1958 1412 1977 re
1428 1953 1572 1976 tractatum
1585 1957 1599 1976 a
1612 1949 1691 1976 nobis
1710 1952 1762 1976 est.

1220 2006 1260 2030 lli.
1273 2007 1391 2038 smmum
1399 2006 1457 2036 quid
1467 2006 1591 2037 signiﬁcet
1601 2005 1666 2036 apud
1678 2004 1821 2030 Eusebium.

1162 2059 1191 2086 ln
1205 2058 1380 2086 Onomastico
1395 2059 1428 2086 ad
1441 2058 1581 2085 Athanasii
1595 2058 1683 2093 Opera
1700 2058 1856 2085 monuimus
1868 2064 1915 2083 rn—

1126 2114 1184 2134 cem
1201 2105 1372 2140 ὲντυγχάνειν
1390 2105 1549 2140 plerumque
1565 2103 1729 2139 signiﬁcare,
1748 2104 1869 2138 conqueri
1884 2103 1916 2130 de

1127 2152 1233 2187 aliquo,
1258 2156 1398 2181 accusare,
1427 2151 1577 2184 petitionem
1611 2150 1736 2176 aduersus
1766 2149 1913 2185 quempiam

1125 2197 1238 2232 principi
1261 2196 1298 2223 vel
1318 2196 1489 2231 magistratui
1508 2195 1620 2229 o/Ierre:
1642 2199 1669 2222 et
1686 2203 1779 2222 vocem
1794 2195 1913 2229 ὲντυχία,

1125 2244 1275 2278 petitionem
1291 2242 1423 2269 adversus
1436 2240 1565 2276 aliquem,
1582 2241 1638 2268 sive
1654 2242 1849 2268 accusationem
1865 2248 1915 2268 ex-

1125 2289 1251 2324 primere.
1281 2288 1383 2315 Eodem
1401 2295 1453 2315 usu
1479 2287 1705 2322 κατεντυγχάνειν
1725 2287 1752 2313 in
1774 2287 1817 2314 his
1841 2292 1916 2314 com-

1124 2335 1264 2363 mentariis
1274 2334 1405 2365 occurrit,
1418 2342 1458 2369 ps.
1474 2334 1579 2365 xt.u,2:
1592 2333 1714 2368 Ἦρμοζε
1724 2333 1752 2359 δὲ
1763 2333 1796 2359 τὰ
1806 2332 1916 2368 προκεῖ-

1126 2387 1192 2414 μενα
1205 2379 1251 2405 καὶ
1274 2378 1311 2413 τῷ
1331 2379 1460 2414 προφήτῃ
1479 2377 1568 2414 Ἠλίᾳ,
1585 2378 1614 2410 ὃς
1637 2376 1713 2412 ἔλεγε
1734 2379 1914 2413 γατεντυγχά-

1123 2432 1176 2451 νων
1203 2424 1247 2450 τοῦ
1269 2424 1351 2451 λαοῦ·
1377 2425 1481 2458 Κύριε,
1507 2423 1579 2456 τοὺς
1600 2423 1756 2458 προφήτας·
1779 2431 1836 2450 σου
1860 2424 1916 2450 ἀπ-

1123 2471 1268 2502 έκτειναν,
1290 2471 1338 2497 καὶ
1356 2470 1392 2497 τὰ
1407 2469 1606 2503 θυσιαστήριά
1628 2476 1685 2496 σου
1709 2469 1913 2504 κατέσκαψαν.

1124 2516 1151 2543 id
1168 2521 1209 2543 est
1230 2524 1236 2542 :
1258 2516 1321 2543 ch
1332 2524 1410 2550 porro
1428 2515 1513 2542 Helia:
1527 2515 1854 2550 prop/retarcongruebant,
1869 2518 1914 2550 qui

1125 2561 1236 2588 Domino
1258 2566 1350 2588 contra
1369 2561 1495 2596 populum
1516 2561 1669 2595 nrpplicans
1688 2561 1726 2587 ita
1749 2561 1913 2595 loquebatur,

1127 2616 1137 2633 ί
1158 2607 1278 2639 Domine,
1304 2607 1443 2642 prophetas
1463 2612 1521 2634 luos
1537 2606 1697 2639 occiderunt,
1711 2612 1735 2634 et
1748 2607 1846 2634 altaria
1869 2612 1914 2633 tua

1132 2656 1324 2685 subuerterant,
1338 2658 1392 2681 etc.
1424 2663 1433 2679 ι

1337 2709 1376 2734 ιν.
1393 2717 1504 2741 nquam,
1518 2716 1563 2740 pro
1574 2709 1722 2734 calamitate.

1160 2762 1323 2797 Περίστασις
1361 2763 1431 2791 idem
1457 2763 1509 2790 sibi
1529 2762 1585 2789 vult
1607 2763 1679 2798 quod
1702 2763 1913 2794 circumstantia,

1125 2807 1194 2842 apud
1209 2807 1420 2841 Quintilianum,
1439 2808 1569 2836 Senecam
1590 2814 1616 2836 ct
1630 2808 1662 2836 Α.
1673 2808 1799 2839 Gellium.
1814 2808 1913 2836 Vcrun

1125 2854 1270 2889 aliquando
1291 2847 1426 2889 signiﬁcat
1448 2862 1610 2888 arumnam,
1634 2855 1781 2883 infaustum
1807 2863 1912 2885 rasum,

1124 2899 1317 2927 calamitatem.
1332 2899 1391 2933 Quo
1404 2907 1486 2927 sensu
1500 2907 1608 2936 semper
1618 2901 1644 2928 in
1657 2900 1699 2928 his
1711 2900 1926 2928 commentariis-
