2055 3214
180 155 210 181 61
591 155 843 183 (ΣΟΜΜΕΝΤΑΒΙΑ
864 156 895 183 IN
916 157 954 184 PS

1005 156 1084 184 MOS.
1101 173 1134 178 —
1152 157 1420 185 PRAELIMINARH.
1771 161 1805 188 62

181 217 338 248 usurpatur.
349 213 394 241 Sic
403 222 442 248 ps.
455 221 491 246 IV,
500 213 527 245 9,
538 214 570 241 i0
584 224 589 241 :
607 214 709 241 Μαθὼν
716 215 770 252 γὰρ
779 217 852 252 παρὰ
861 217 906 244 τοῦ
915 215 954 244 Σω

1004 235 1008 246 λ
1021 215 1100 242 tentia
1116 221 1157 243 e-t
1171 217 1228 244 :‘sic
1254 218 1270 252 ὴ
1289 218 1419 254 σωτήριος
1432 218 1596 250 διδασκαλία,
1609 218 1737 245 salutaris
1753 218 1803 244 do-

178 261 261 296 τῆρος
277 258 388 287 καὶτῶν
403 261 456 287 σῶν
469 259 649 295 ἐπαγγελιῶν,
659 260 709 293 ὅτι,
719 263 742 288 εξ
751 263 797 289 καὶ
812 263 844 290 τὰ
854 262 969 298 μάλιστα

179 306 248 332 κατὰ.
264 305 313 331 τὸν
336 305 470 332 ἐνεστῶτα
493 306 548 341 βίον
567 305 651 333 λύπαι
671 316 715 342 μοι
738 309 785 334 καὶ
802 308 904 344 θλίψεις
923 310 968 336 καὶ

179 353 328 387 πειρασμοὶ
351 353 398 379 καὶ
423 353 597 388 περιστάσεις
626 355 655 380 οὐ
682 354 879 387 διαλείπωσιν,
910 356 968 382 ἀλλ’

178 397 254 424 [παι
269 407 312 434 μοι
324 398 419 434 καιρδς
433 399 447 424 6
463 399 511 435 τῆς
523 399 683 435 ἀπαλλαγῆς
699 400 745 427 τοῦ
760 400 894 436 σώματος,
907 401 967 428 καθ’

177 444 206 470 ὃν
222 445 250 470 ὲν
266 445 361 480 εἰρήνῃ
375 445 523 480 ποιήσομαι
533 445 582 481 τὴν
597 445 726 481 κοίμησιν
736 455 742 461 ⁸
761 446 812 474 hoc
822 451 863 474 est
877 457 883 474 :
901 446 967 474 Cum

177 490 246 516 enim
263 499 278 516 η
295 490 444 523 Saluatore,
464 499 546 526 exque
565 494 703 526 promissis
728 493 782 520 tuis
805 493 965 527 edidicerim,

176 536 281 562 etiamsi
296 537 360 563 mihi
374 536 489 571 dolores,
503 545 637 570 arrumna',
652 540 818 572 tantationes,
830 540 966 567 calamita-

177 587 215 608 tes
239 582 264 608 in
282 584 407 616 praesenti
430 584 482 610 vita
506 593 557 611 non
579 584 715 619 deﬁciant,
740 585 860 620 futurum
878 592 965 613 tamen

176 628 246 654 milii
259 633 358 662 tempus
380 633 428 658 est,
449 638 500 664 quo
519 640 535 656 α
551 639 659 664 corpore
679 631 802 658 decedant
817 640 848 658 ac
863 633 889 658 in
902 636 966 667 pare

175 673 315 701 dormiam.
336 673 394 702 Etsi
410 679 500 709 autem
525 676 567 704 his
596 677 799 705 commentariis
819 686 869 705 vox
886 679 964 713 περί-

176 728 270 751 στασις
284 721 385 755 passim
403 725 540 754 occurrat,
558 723 601 749 vix
618 722 722 757 uspiam
739 723 793 750 alio
813 731 896 751 sensu
912 732 963 751 usu

173 766 257 797 venit,
273 773 353 800 quam
373 774 421 800 pro
444 767 621 795 calamitate:
642 768 798 802 frequenter
817 768 880 795 item
895 769 963 796 dici-

174 815 219 838 tur
237 813 428 847 περιστατικὺς
450 814 566 848 καιρός,.
583 822 631 849 pro
654 818 767 848 tempore
790 815 962 848 calamitosa,

173 861 200 883 et
214 857 343 885 arumnis
361 858 451 893 pleno.

413 924 441 950 ν.
455 926 553 951 itm-sm
566 927 727 957 respondere.

174 1021 183 1034 ,
205 995 356 1025 Observatu
382 999 444 1026 item
461 999 558 1035 dignus
576 1006 619 1028 est
637 1001 711 1029 vocis
729 1001 875 1028 ὑπακούειν
890 1010 963 1030 usus

169 1051 218 1078 pro
234 1044 412 1077 respondere:
430 1045 510 1079 cujus
537 1045 593 1080 jam
618 1047 740 1081 exempla
756 1047 898 1075 attulimus
912 1047 952 1075 t.l

168 1097 280 1124 operum
293 1090 434 1117 Athanasii
444 1099 470 1126 p.
481 1092 541 1119 554.
555 1091 617 1118 Fuit
626 1096 714 1120 autem
722 1101 772 1120 vox
784 1093 879 1121 istluec
887 1095 957 1121 inul-

168 1138 255 1161 lorum
275 1139 330 1162 tam
343 1140 475 1169 veterum,
488 1145 570 1172 quam
587 1138 768 1165 recentiorum
778 1139 955 1174 interpretum

168 1182 307 1216 scopulus,
320 1182 367 1217 qui
380 1183 472 1209 audire
480 1182 672 1210 velsubaudire
684 1188 822 1212 verterunt
834 1195 840 1212 :
857 1193 938 1220 quam
948 1201 954 1206 -

165 1227 257 1254 obrcm
274 1235 327 1254 non
338 1228 387 1256 abs
395 1236 423 1255 re
432 1228 513 1255 fuerit
521 1230 642 1264 exempla
651 1230 774 1265 quaedam
783 1239 814 1258 ex
826 1231 867 1259 his
879 1239 954 1258 com-

166 1273 308 1300 inelitariis
319 1273 452 1308 proferre.
460 1274 488 1302 In
495 1276 655 1310 prmlatione
662 1275 771 1304 Eusebii
783 1277 809 1304 in
818 1276 952 1309 Psalmos,

166 1318 258 1352 (inira,
272 1320 326 1346 col.
346 1319 392 1355 81)
412 1330 417 1347 :
435 1320 644 1355 Ἦνικαιτοίνυν
662 1321 776 1358 ἐσκίρτα
799 1323 829 1348 τὸ
841 1322 952 1357 Πνεῦμα

163 1365 209 1391 ἐπι
224 1373 285 1391 τινα
297 1366 352 1392 τῶν
369 1366 505 1401 ἀρχόντων
519 1367 573 1394 τῶν
587 1368 743 1403 ψαλτῳδῶν,
753 1370 777 1395 οἰ
791 1368 877 1395 λοιποὶ
891 1369 953 1404 ἡσυ-

162 1409 222 1444 χίαν
236 1409 303 1447 ἦγον
311 1412 485 1448 παρεστῶτες
495 1413 540 1440 καὶ
553 1414 735 1446 ὑπακούοντες
748 1414 898 1450 συμφώνως
912 1414 951 1450 τῷ

162 1457 297 1491 ψάλλοντι,
316 1458 484 1493 Ἀλληλούῖα,
502 1459 528 1487 id
543 1464 585 1488 est
596 1470 602 1487 :
615 1460 678 1487 Cum
689 1461 777 1495 itaque
792 1460 907 1494 Spiritus
923 1461 956 1487 in‘

162 1504 311 1538 quempiam
321 1504 468 1539 principum
480 1510 618 1533 cantorum
629 1506 753 1537 insiliret,
769 1507 857 1533 ueteri
865 1506 950 1541 quiete

162 1547 409 1583 agebantastnntes,
419 1558 451 1576 ηις
466 1558 525 1577 voce
537 1558 650 1578 consona
662 1550 949 1585 psullentiresponden-

163 1599 210 1625 tu,
220 1594 345 1622 Alleluia.
359 1596 486 1631 Apertius
497 1605 560 1624 vero
576 1597 650 1625 Psal.
667 1605 741 1629 tur,
757 1605 819 1625 vers
833 1597 867 1624 l9
877 1607 883 1624 :
895 1598 950 1624 Καὶ

162 1640 312 1676 ἐπειδήπερ
324 1642 408 1668 ταῦτα
416 1642 446 1669 τὺ
454 1642 566 1678 Πνεῦμα
575 1643 604 1669 τὸ
614 1644 690 1678 ἆγιον
700 1643 874 1679 προφητικῶς
887 1644 951 1680 μέλ-

161 1681 243 1711 λοντα
255 1685 361 1713 ἔσεσθαι
378 1689 574 1724 προανεφώνει,
591 1689 669 1725 χορὸς
686 1689 807 1723 ἀγγέλων
819 1689 949 1716 ὑπακούει

163 1730 356 1766 συνευχόμενος
369 1734 402 1768 τῇ
422 1733 476 1760 τῶν
491 1735 660 1770 πραγμάτων
681 1733 826 1766 τελειώσει,
844 1734 950 1761 πιστού-

162 1777 242 1810 μενός
258 1785 286 1803 τε
302 1778 371 1804 αὐτὰ
382 1779 429 1805 καὶ
442 1779 527 1814 λέγων
537 1789 543 1795 ·
562 1780 677 1811 Γένοιτο,
693 1780 812 1814 γένοιτοῐ
825 1779 877 1807 hoc
889 1785 946 1807 est:

162 1821 195 1848 Et
209 1823 270 1854 quia
285 1823 340 1850 lucc
356 1824 473 1858 Spiritus
493 1830 601 1852 satiatus
615 1825 762 1860 prophetiae
776 1825 867 1860 futura
880 1834 949 1860 prte-

160 1868 274 1901 dixerat,
288 1870 383 1898 chorus
411 1872 563 1907 angelorum
584 1873 721 1907 respondet
737 1881 789 1900 una
807 1873 950 1908 deprecans

158 1923 206 1948 pro
217 1917 254 1943 rei
268 1920 503 1952 consummatione,
517 1920 615 1955 illaque
623 1920 782 1954 conﬁrmans
796 1928 826 1946 ac
839 1920 926 1946 dicens
937 1927 946 1946 :

161 1959 233 1994 Fiat,
252 1962 316 1996 ﬁat!
331 1963 431 1991 Eodem
447 1973 556 2000 quoque
579 1966 731 2001 signiﬁcatu
752 1973 802 1992 vox
823 1973 947 2001 προσυπ-

159 2007 268 2033 ακούειν
287 2010 349 2038 alibi
369 2010 495 2045 occurrit,
510 2011 538 2037 id
552 2015 603 2041 est,
617 2010 651 2036 ad
664 2009 764 2045 aliquid
781 2010 945 2044 respondere.

159 2051 244 2087 Hujus
260 2055 348 2087 vocis,
373 2054 424 2082 hac
445 2056 580 2083 sententia
603 2060 730 2091 acet-pne,
758 2056 948 2092 frequentissi-

157 2105 218 2126 mus
241 2105 284 2127 est
308 2101 380 2136 apud
396 2102 548 2137 scriptores
568 2103 719 2136 praesertim
744 2103 946 2130 ecclesiasticos

157 2152 233 2172 usus.

440 2214 481 2240 νι.
495 2222 583 2247 ιιιινερως
596 2217 664 2247 quid,
676 2219 734 2241 etc.»

191 2274 285 2303 Parem
307 2277 440 2305 cautelam
458 2278 587 2306 adhibeas
610 2279 637 2305 in
665 2287 730 2306 voce
747 2279 878 2315 σωτήριος
894 2287 943 2314 pro

157 2324 271 2356 utroque
284 2329 383 2357 genere
397 2324 547 2352 masculino
563 2329 590 2352 et
605 2324 735 2353 feminino
756 2324 882 2359 usurpari
897 2332 943 2352 so-

157 2366 214 2399 hta,
235 2367 314 2401 cujus
331 2368 405 2402 prior
426 2369 589 2404 significatio
602 2376 643 2398 est
658 2370 802 2403 salutaris;
821 2371 868 2398 sed
885 2370 940 2398 fre-

157 2414 292 2446 quentiori
319 2422 368 2442 usu
392 2415 461 2450 apud
484 2416 700 2450 ecclesiasticos,
722 2417 860 2444 salvatoris
879 2425 939 2444 ver--

1022 260 1126 293 ctrina;
1147 261 1236 295 aptius
1254 267 1342 288 autem
1369 268 1471 294 vertas,
1490 260 1636 290 Saluatoris
1663 263 1802 294 doctrina;

1020 306 1115 333 eodem
1137 308 1216 335 modo
1239 308 1309 343 apud
1325 308 1517 341 Athanasium,
1535 308 1566 335 τδ
1582 309 1713 344 συπήριον
1733 317 1802 344 μιιρΔ

1020 353 1131 389 τύριον,
1153 356 1309 390 martyrium
1328 355 1385 382 sive
1407 354 1516 381 ecclesia
1540 354 1696 382 Servatoris.
1716 355 1744 381 In
1761 355 1803 382 his

1021 407 1084 427 vero
1099 402 1301 429 commentariis
1317 401 1357 429 sic
1372 401 1427 428 fere
1443 409 1549 436 semper
1565 401 1707 435 intelligas.

1052 436 1083 472 ιιι
1098 445 1140 472 his
1155 446 1358 474 (ommeutariis
1376 447 1476 480 passim
1490 446 1630 476 observes,
1642 453 1734 472 vocem
1745 446 1803 472 ἀλλ’

1018 492 1045 527 ἦ,
1061 499 1122 526 qum
1135 492 1280 527 signiﬁcat,
1299 493 1359 523 nisi,
1376 492 1420 519 ubi
1432 492 1555 526 sequitur
1572 491 1686 522 vocalis.
1702 491 1803 519 omissa

1017 537 1169 572 particula.
1196 536 1229 571 ἠ,
1269 537 1394 574 exprimi.
1436 536 1481 563 Sic
1509 536 1556 563 lib.
1601 545 1630 563 ιιι
1648 547 1654 564 ;
1673 536 1804 571 Κληρονοα

1017 583 1065 617 μία
1080 583 1109 608 δὲ
1129 582 1211 609 αὐτοῦ
1227 582 1269 614 τῖς
1288 580 1321 618 ἦν
1337 582 1404 617 μετὰ
1422 582 1467 608 τὸν
1484 583 1614 618 πρότερον
1634 582 1697 609 λαὸν
1711 582 1767 609 ἀλλ’
1786 582 1802 617 ἡ

1016 628 1044 660 ὲξ
1058 628 1142 655 ὲονῶν
1160 628 1316 664 Ἐκκλησία,
1332 628 1358 655 id
1374 632 1414 655 est
1433 638 1439 655 ε
1461 628 1607 655 Ilwreditas
1627 637 1706 663 porro
1718 629 1801 658 illius.

1014 681 1135 708 quamam
1150 677 1206 700 erat
1218 679 1276 708 post
1288 674 1400 708 priorem
1410 673 1486 700 illum
1496 674 1632 709 populum,
1648 675 1700 701 nisi
1711 674 1801 701 Eccle-

1014 718 1054 745 sia
1067 717 1203 753 gentium?
1218 719 1264 745 ubi
1286 717 1342 744 ἀλλ’
1359 719 1375 754 ἡ
1391 726 1439 753 pro
1456 718 1513 745 ἀλλ’
1529 718 1545 754 ἢ
1559 720 1575 754 ἡ
1597 719 1715 754 ponitur.
1734 718 1802 746 Sex-

1013 766 1093 789 ccnla
1107 766 1186 790 notes
1199 763 1300 790 similia
1321 764 1347 790 in
1364 764 1407 791 his
1420 765 1633 794 commentariis.
1650 764 1694 791 ubi
1709 764 1800 792 hiatus

1012 809 1115 836 vitandi
1127 817 1209 837 causa
1223 810 1239 845 ἡ
1254 814 1316 837 ante
1329 810 1450 837 vocalem
1461 811 1605 838 omittitur.
1620 810 1652 838 Et
1666 811 1800 846 principio

1012 857 1119 890 quidem
1150 859 1276 891 putabam
1302 864 1352 891 ego
1375 857 1580 885 amanuensium
1602 859 1668 884 vitio
1693 859 1709 894 ἦ
1733 857 1799 886 illud

1010 902 1162 936 excidisse;
1187 911 1280 930 verum
1297 902 1360 937 quia
1383 903 1411 928 in
1430 903 1567 936 omnibus,
1583 904 1658 930 nullo
1671 908 1796 940 excepto,

1010 948 1150 977 codicibus
1167 950 1247 976 etiam
1274 949 1483 984 antiquissimis,
1509 950 1546 977 ita
1565 951 1666 986 passim
1685 951 1794 986 legitur,

1008 998 1112 1021 certum
1140 995 1226 1022 habeo
1252 995 1286 1023 ab
1302 995 1361 1029 ipso
1384 999 1495 1023 auctore
1516 1003 1690 1030 suppressam
1706 998 1795 1031 εὐφω-

1008 1040 1066 1072 νίας
1079 1048 1142 1075 ergo
1170 1041 1330 1075 particulam
1348 1042 1442 1069 fuisse.
1462 1040 1556 1069 Parem
1580 1042 1701 1069 omnium
1719 1042 1795 1071 codi-

1007 1093 1069 1113 cum
1087 1093 1251 1113 consensum
1275 1087 1402 1114 advertas
1417 1087 1443 1114 in
1462 1094 1528 1115 voce
1548 1087 1730 1116 ἀποκλάεσθαι
1744 1095 1794 1124 pro

1006 1131 1213 1164 ἀποκλαίεσθαι,
1223 1132 1286 1166 [lere
1294 1140 1302 1163 ;
1310 1140 1371 1167 qua:
1378 1132 1598 1167 frequentissime
1607 1134 1658 1161 hoc
1674 1135 1700 1161 iu
1712 1143 1793 1170 opere

1005 1181 1153 1211 comparet,
1170 1179 1196 1204 et
1218 1175 1341 1209 ἐξέκαον,
1356 1184 1406 1212 pro
1423 1178 1554 1210 ἐξέκαιον.
1571 1177 1622 1206 Ubi
1640 1186 1733 1206 eorum
1746 1180 1791 1215 qui

1005 1221 1120 1248 antehac
1133 1218 1289 1248 Graecorum
1310 1222 1473 1257 scriptorum
1489 1230 1570 1257 opera
1596 1223 1703 1258 publica
1723 1223 1793 1252 iece-

1005 1272 1077 1298 runt,
1095 1273 1198 1294 morem
1210 1272 1357 1296 sectamur.
1371 1268 1389 1295 li
1405 1268 1488 1301 enim,
1503 1269 1566 1304 quia
1578 1269 1719 1304 euphonia:
1730 1277 1792 1305 gra-

1004 1314 1040 1340 tia
1055 1315 1166 1349 ταμεῖον
1181 1321 1231 1349 pro
1245 1315 1378 1350 ταμιεῖον,
1391 1314 1469 1349 ὑγεία
1485 1323 1535 1349 pro
1549 1315 1638 1349 ὑγίεια
1655 1316 1792 1351 legebatur

1003 1360 1030 1386 in
1045 1360 1196 1389 codicibus.
1208 1360 1311 1387 omisso
1329 1361 1418 1395 primo
1437 1369 1455 1392 ι,
1475 1362 1587 1396 ταμεῖον
1603 1367 1629 1389 et
1646 1361 1724 1395 ὑγεία
1736 1362 1791 1397 ple-

1001 1413 1116 1440 rumque
1133 1405 1287 1434 ediderunt.
1308 1406 1469 1441 Quanquam
1495 1407 1552 1434 leve
1573 1407 1689 1435 fortasse
1699 1409 1792 1436 videa~

1001 1456 1054 1483 tur,
1071 1459 1180 1489 monere
1198 1459 1234 1480 ne
1247 1451 1345 1487 pigeat,
1362 1460 1455 1479 vocem
1475 1453 1567 1484 Δαυῖδ,
1590 1461 1651 1488 quae
1669 1455 1749 1489 vulgo
1763 1455 1789 1482 in

1000 1481 1141 1524 codicibus
1164 1498 1217 1525 Δᾱδ
1240 1481 1354 1532 legitur;
1378 1498 1466 1525 sicubi
1491 1502 1546 1525 tota
1561 1481 1743 1527 ldescribalt‘ir

1000 1541 1194 1569 vetustioribus
1207 1541 1414 1575 manuscriptis,
1427 1549 1475 1576 per
1491 1550 1506 1567 υ
1522 1541 1609 1569 ell‘erri
1627 1542 1718 1575 Δαυῖδ,
1735 1551 1788 1570 non

1002 1593 1090 1615 autem
1108 1587 1200 1619 Δαὸξδ,
1225 1591 1255 1614 ut
1281 1588 1307 1614 in
1326 1586 1407 1614 editis
1425 1586 1573 1614 Bibliorutn
1601 1588 1707 1623 legitur.
1725 1589 1789 1623 quia

1000 1642 1096 1668 nempe
1109 1634 1137 1660 in
1152 1632 1293 1660 Hebraicis
1305 1632 1518 1667 exemplaribus,
1533 1641 1579 1668 per
1595 1642 1645 1661 vau
1660 1639 1706 1665 Ίτι·
1727 1635 1789 1664 des—

1001 1678 1124 1706 cribitur.
1140 1677 1198 1711 Qua
1219 1679 1245 1706 in
1265 1685 1295 1706 re
1309 1683 1432 1706 veterum
1448 1681 1568 1706 omnium
1593 1680 1717 1707 codicum
1735 1688 1789 1708 mo-

999 1733 1055 1753 rem
1068 1725 1145 1760 sequi
1161 1725 1247 1752 visum
1258 1728 1310 1752 est.

1034 1771 1180 1802 Caeterum.
1197 1775 1227 1798 ut
1241 1778 1383 1806 speramus
1400 1779 1454 1798 non
1472 1771 1607 1806 ingratum
1624 1771 1717 1798 lectori
1730 1770 1788 1799 fore

999 1817 1148 1844 Eusebium
1163 1821 1286 1844 nostrum
1298 1837 1305 1848 ,
1323 1817 1360 1844 ita
1373 1817 1400 1843 in
1416 1821 1520 1852 partem
1538 1817 1632 1851 gratiae
1649 1817 1786 1845 vocandus

998 1871 1142 1890 eensenms
1167 1870 1225 1894 eos,
1248 1863 1293 1898 qui
1312 1863 1389 1890 nobis
1415 1863 1456 1890 vel
1481 1862 1590 1889 codices
1612 1862 1654 1889 vel
1674 1870 1784 1896 operam

998 1909 1139 1936 contulere
1154 1916 1242 1936 suam.
1256 1908 1294 1935 Ex
1310 1908 1393 1942 Regia
1404 1913 1479 1935 certe
1490 1908 1663 1938 bibliotheca,
1672 1908 1786 1942 jubente

997 1955 1182 1982 illustrissimo
1195 1955 1290 1981 abbate
1310 1962 1343 1981 ne
1361 1954 1489 1986 Louvms,
1505 1954 1627 1988 ejusdem
1647 1953 1784 1988 praefecto,

997 2001 1105 2029 codices
1126 2001 1205 2029 nobis
1220 2009 1269 2035 pro
1287 2005 1360 2032 voto,
1378 2001 1458 2035 idque
1476 2001 1508 2027 ad
1527 2000 1685 2027 diuturnum
1705 2009 1783 2028 usqu

996 2048 1087 2074 traditi
1101 2053 1164 2074 sunt
1179 2054 1193 2073 a
1213 2047 1381 2073 doctissimis
1403 2050 1430 2073 et
1451 2046 1627 2074 amicissimis
1641 2046 1709 2074 viris
1723 2046 1783 2073 Cle-

997 2097 1080 2120 mente
1092 2097 1119 2119 et
1133 2093 1263 2124 Boivinio,
1280 2092 1451 2119 custodibus.
1468 2091 1563 2119 Parem
1578 2091 1783 2119 beneﬁcentiam

995 2139 1097 2174 experti
1125 2146 1221 2165 sumus
1245 2146 1329 2173 penes
1352 2138 1598 2165 eminentissimum
1619 2137 1783 2164 cardinalcm

996 2193 1028 2212 ne
1045 2185 1166 2216 COISLIN,
1183 2185 1229 2220 qui
1246 2185 1324 2212 nobis
1344 2185 1449 2211 codicis
1465 2184 1683 2219 praestantissimi
1701 2192 1782 2219 supra

960 2237 982 2266 ς)
997 2231 1138 2258 memorati
1160 2231 1265 2265 copiam
1284 2230 1356 2257 fecit.
1381 2229 1413 2256 Et
1439 2230 1652 2257 illustrissimum
1675 2229 1777 2257 archie~

995 2279 1137 2313 piscopum
1158 2277 1415 2312 Rothomagenscm,
1431 2276 1511 2310 cujus
1523 2276 1693 2303 bibliotheca:
1704 2274 1780 2302 codi-

995 2325 1074 2352 cibus
1086 2325 1119 2351 ad
1136 2328 1229 2351 nutum
1242 2324 1294 2350 l'rui
1312 2324 1383 2354 licet,
1402 2327 1515 2349 curante
1525 2322 1600 2349 Dom.
1614 2322 1650 2350 du
1663 2322 1780 2354 Chesne,

996 2371 1214 2399 bibiiothecario.
1228 2370 1318 2403 Salve,
1337 2369 1443 2398 erudite
1459 2369 1555 2397 lector.
