2055 3214
273 184 308 212 65
622 180 758 209 EUSEBII
777 179 1019 208 Ci‘ESARlENSIS
1038 178 1114 207 OPP.
1131 178 1231 206 PARS.
1254 179 1298 207 Ill.
1318 195 1352 199 ——
1373 178 1576 206 EXEGETICA.
1862 177 1895 204 lii

886 340 939 370 DE
961 338 1292 371 CONTINUATIONE

431 429 1013 479 COMMENTARIORUM
1053 428 1292 474 EUSEBII
1338 427 1739 472 CIESARIENSIS

592 528 619 559 Α
646 525 813 558 PSALMO
830 525 930 558 CXIX
953 524 1084 562 USQUE
1111 524 1169 554 AD
1192 523 1422 555 PSALTERII
1445 524 1588 556 FINEM

813 613 1058 654 EDITOBIS
1097 613 1360 652 MONITUM.

517 707 631 743 (Angelo
647 705 710 738 MM,
730 703 896 732 Bibliotheca
910 711 977 731 nova
992 703 1117 736 Patrum,
1133 705 1154 730 ι.
1172 701 1218 734 1V,
1242 710 1268 737 p.
1296 701 1341 730 65.
1359 703 1450 729 Romae
1467 702 1545 733 1847,
1564 701 1649 738 ἱππ-4).

310 830 357 857 Vir
374 830 551 863 doctissimus,
568 835 592 857 et
609 830 640 857 de
663 829 746 857 sacris
762 829 872 857 Litteris
888 830 1074 858 immortaliter
1095 831 1213 861 meritus,
1236 839 1267 856 ac
1286 829 1419 857 Haurina:
1441 831 1552 865 familite
1577 839 1706 858 summum
1727 831 1816 862 decus,
1835 831 1900 858 Ben

271 878 371 904 nardus
393 878 609 912 Montfauconius
626 878 651 904 in
672 877 828 912 praefatione
845 877 879 904 ad
901 877 1007 904 Eusebii
1021 877 1192 905 Cwsariensis
1208 885 1272 912 quos
1294 876 1374 903 edidit
1394 877 1603 904 Commentarios
1623 878 1656 904 ad
1670 876 1842 909 Psalterium,
1860 878 1899 903 ait

270 932 297 958 p.
313 931 343 950 HI
361 933 368 950 :
388 933 397 949 ι
419 922 509 958 Neque
530 928 617 950 tanton
632 922 658 949 id
674 923 796 957 consequi
811 923 955 956 potuimus,
972 928 1000 950 ut
1018 928 1101 950 totum
1115 922 1329 950 commentarium
1345 922 1379 948 ad
1391 922 1512 949 ultimum
1528 931 1609 958 usque
1626 923 1758 957 psalmum
1771 932 1803 950 CL
1817 925 1842 950 in
1857 923 1900 949 ln—

270 978 324 996 cem
337 969 455 1004 proferre
467 969 559 996 liceret
570 977 579 995 :
595 969 621 995 in
645 969 717 995 nullo
733 970 804 995 enim
820 976 852 995 ea:
871 969 1022 995 memoratis
1037 968 1170 995 codicibus
1185 968 1256 994 ultra
1269 975 1351 995 cxvm
1377 969 1508 1003 psalmum
1522 969 1656 1004 quidpiam
1673 969 1792 1003 oﬁ'ertur.
1809 968 1901 1002 Quod-

270 1025 319 1052 que
332 1025 378 1051 per
394 1016 457 1042 milti
471 1017 567 1042 mirum
588 1016 670 1042 visum
681 1020 730 1047 est,
749 1015 854 1042 Catenae
869 1015 925 1041 illa?
937 1014 1023 1050 Regia:
1038 1014 1206 1050 (Parisiaca’)
1221 1022 1279 1049 qua:
1294 1022 1375 1048 usque
1390 1015 1424 1040 ad
1435 1022 1517 1041 cxvm
1532 1015 1663 1048 psalmum
1677 1015 1900 1050 interpretationi.-

271 1064 319 1091 bus
341 1064 445 1091 Eusebii
456 1067 578 1094 utuntur,
597 1064 634 1089 ita
650 1067 677 1088 ut
690 1062 777 1088 nullus
791 1067 902 1089 veterum
918 1063 1087 1095 interpretum
1103 1061 1168 1088 adeo
1182 1061 1359 1096 frequentatus
1379 1065 1511 1091 occurrat.
1526 1061 1552 1087 in
1564 1069 1646 1089 cxvtu
1661 1062 1763 1096 psalmo
1774 1064 1812 1089 ita
1822 1064 1901 1098 finem

271 1113 371 1146 faciunt
388 1111 529 1138 Eusebium
541 1111 567 1137 in
585 1110 698 1137 medium
713 1110 850 1144 afferendi,
865 1115 893 1136 ut
909 1118 940 1137 ne
950 1110 1055 1136 verbum
1063 1109 1166 1143 quidem
1183 1108 1293 1135 ulterius
1307 1108 1582 1143 Eusebiicompareat.
1595 1109 1668 1136 Unde
1675 1110 1822 1145 conjectare
1834 1111 1901 1145 {orte

272 1159 359 1190 liceat.
372 1168 388 1186 a
398 1159 551 1194 multisjam
564 1158 669 1186 steculis
682 1157 789 1185 Eusebii
797 1157 1006 1184 Commentarios
1014 1157 1062 1183 hac
1070 1157 1213 1190 posteriore
1225 1156 1347 1189 suiparte
1357 1160 1491 1183 truncatas
1501 1156 1669 1183 librariorum
1681 1157 1783 1184 incuria
1791 1157 1879 1192 fuisse.
1888 1167 1897 1182 ι

271 1205 306 1232 Et
321 1205 660 1241 quidetaMontfauconius
687 1209 754 1231 recte
775 1212 821 1231 nos
845 1210 942 1236 monet,
959 1202 1102 1230 Eusebium
1122 1203 1150 1229 in
1167 1207 1250 1229 totum
1267 1210 1357 1236 reapse
1380 1202 1541 1229 Psalterium
1558 1203 1704 1238 scripsisse,
1723 1207 1785 1230 teste
1807 1203 1901 1230 Hiero-

271 1260 349 1287 nymo
369 1251 405 1279 De
422 1253 515 1286 script.
529 1252 609 1282 eccl.,
627 1259 685 1285 cap.
700 1250 730 1277 81
746 1259 752 1277 :
768 1260 777 1275 ‹
800 1249 928 1278 Eusebius
946 1250 973 1275 in
987 1256 1018 1275 CL
1030 1249 1146 1283 psalmos
1167 1247 1361 1275 eruditissimos
1378 1247 1587 1275 Commentarios
1605 1248 1696 1275 edidit.
1717 1259 1726 1275 ι
1746 1249 1780 1275 Et
1796 1249 1822 1275 in
1846 1249 1900 1283 epi-

271 1299 341 1326 stola
364 1299 407 1330 75,
423 1298 457 1325 ad
478 1298 677 1334 Augustinum:
698 1306 706 1322 ι
727 1297 848 1324 Psatmos
872 1296 1036 1330 interpretati
1054 1300 1115 1322 sunt
1139 1294 1208 1327 apud
1231 1294 1335 1322 Cruces
1357 1295 1459 1326 primus
1475 1295 1610 1336 Origenes;
1628 1295 1757 1324 secundus
1774 1295 1900 1325 Eusebius

272 1344 455 1378 Caesariensis,
477 1365 484 1372 .
506 1366 513 1373 .
536 1365 544 1372 .
564 1344 596 1372 de
606 1345 707 1381 integro
722 1343 892 1372 Psalmorum
911 1353 1020 1380 corpore
1029 1342 1151 1374 dicimus.
1172 1356 1198 1373 ›.

308 1403 358 1431 llis
371 1412 418 1439 ego
439 1404 509 1439 apud
526 1403 757 1438 llontfauconium
781 1403 865 1435 lectis,
881 1409 905 1431 et
918 1412 976 1431 cum
999 1413 1035 1431 ne
1047 1404 1117 1438 apud
1145 1404 1266 1432 Corderii
1280 1405 1383 1440 quidem
1407 1405 1534 1433 Catenam
1559 1405 1701 1433 Eusebium
1728 1406 1830 1440 uspiam
1843 1412 1901 1440 post

271 1449 371 1477 dictum
396 1451 536 1478 terminum
562 1450 667 1477 laudari
682 1450 805 1482 viderem,
822 1451 930 1485 quaesivi
944 1450 1035 1478 sedulo
1052 1451 1079 1478 in
1100 1451 1234 1479 Vaticanis
1255 1452 1388 1479 codicibus
1405 1453 1521 1488 nunquid
1537 1452 1604 1488 forte
1625 1453 1729 1484 lateret,
1748 1452 1816 1487 quod
1830 1452 1901 1479 ultra

272 1497 426 1532 pra’dictam
439 1498 496 1532 ejus
509 1497 649 1525 editionem
666 1502 826 1524 excurreret.
849 1497 884 1524 Et
897 1498 1015 1524 continui
1031 1498 1135 1533 quidem
1151 1499 1343 1530 commentarii,
1357 1499 1444 1534 qualis
1463 1498 1533 1534 apud
1546 1499 1775 1534 Montfauconium
1789 1503 1837 1529 est,
1849 1503 1900 1525 tres

272 1545 325 1571 vidi
338 1545 438 1572 codices
458 1545 611 1575 Vaticanus;
629 1553 739 1580 quorum
755 1549 842 1571 tamen
866 1544 956 1571 nullus
972 1544 1044 1572 ultra
1062 1545 1194 1580 psalmum
1213 1553 1280 1578 CXII,
1301 1551 1397 1580 prteter
1418 1546 1567 1581 intcrjectas
1588 1546 1708 1577 lacunas,
1734 1545 1900 1580 procedebat.

274 1592 344 1627 Ergo
359 1593 393 1619 ad
408 1592 523 1619 Calenus
546 1592 689 1619 Vaticanus
710 1600 862 1624 conversus,
878 1591 906 1618 in
920 1591 1014 1626 quibus
1030 1591 1136 1619 Eusebii
1152 1592 1288 1619 abundant
1301 1597 1436 1628 excerpta,
1452 1593 1479 1619 in
1499 1593 1628 1628 plerisque
1643 1593 1733 1628 utique
1750 1592 1842 1627 agnoui
1856 1591 1901 1618 de-

273 1641 350 1674 ficere
369 1640 474 1666 omnino
495 1639 636 1666 Eusebium
655 1644 713 1674 post
731 1639 861 1673 psalmum
878 1646 973 1668 cxvm,
990 1646 1047 1673 qut:
1063 1647 1102 1665 res
1123 1647 1181 1665 cum
1200 1638 1393 1673 Montfauconii
1412 1638 1444 1665 de
1468 1639 1613 1666 l’arisiacis
1629 1638 1734 1666 Catenis
1749 1638 1901 1664 narratione

273 1686 403 1720 congruit.
422 1685 473 1712 Sed
498 1690 585 1711 tamen
604 1685 673 1719 quod
687 1685 747 1711 huic
768 1684 845 1711 docto
867 1683 962 1710 editori
978 1683 1148 1719 non-obtigit,
1164 1689 1192 1710 ut
1216 1685 1287 1712 ultra
1307 1693 1365 1712 eum
1391 1685 1531 1711 terminum
1548 1684 1700 1719 pra’terrehi
1724 1688 1821 1718 posset,
1837 1683 1901 1710 mihi

274 1731 409 1759 commode
423 1740 453 1758 ac
476 1731 587 1766 feliciter
609 1731 710 1758 obvenit
724 1739 732 1757 :
748 1731 841 1758 etenim
857 1731 925 1757 inter
949 1735 985 1757 tot
1009 1730 1162 1762 Vaticanus,
1182 1735 1234 1758 tres
1251 1731 1336 1757 inueni
1352 1730 1478 1763 Calenus,
1498 1731 1525 1757 in
1543 1730 1637 1766 quibus
1656 1730 1762 1756 Eusebii
1779 1733 1901 1763 excerpta

275 1786 326 1804 non
338 1776 526 1804 contemnenda
543 1784 624 1811 usque
646 1777 680 1802 ad
695 1775 823 1803 Psalterii
839 1776 916 1811 ﬁnem
931 1776 1061 1811 leguntur.
1086 1776 1179 1803 Prima
1193 1781 1233 1804 est
1254 1782 1346 1804 catena
1360 1778 1500 1811 pervetusti
1521 1776 1678 1804 membranei
1690 1775 1797 1807 codicis,
1811 1775 1902 1802 διεδηιί

275 1824 356 1858 ferme
367 1832 394 1850 ιι
406 1832 481 1859 quem
496 1823 523 1850 in
535 1823 629 1857 Cyrilli
641 1822 754 1849 editione
765 1822 802 1858 (in
815 1831 867 1857 qua
885 1822 1029 1849 Vatiwnas
1041 1822 1075 1848 ad
1091 1823 1251 1849 Psalterium
1268 1822 1536 1858 Catenastdescripsi)
1552 1822 1685 1858 designavi
1697 1821 1786 1848 littera
1801 1821 1835 1848 D.
1853 1821 1901 1849 Se-

275 1872 362 1898 cunda
375 1875 413 1898 est
430 1870 527 1897 codicis
545 1871 606 1897 item
621 1869 726 1904 egregii,
743 1869 899 1904 bombycini,
912 1869 1003 1896 δίκαιίί
1013 1870 1118 1896 circiter
1133 1877 1194 1901 xm,
1206 1878 1282 1905 quem
1297 1870 1418 1897 tlenotavi
1439 1870 1527 1896 littera
1546 1869 1577 1897 (Σ.
1598 1869 1688 1896 Tertia
1705 1872 1743 1895 est
1755 1867 1853 1895 codicis
1867 1867 1899 1900 (ἶ,

275 1918 417 1944 rhartacei.
437 1916 550 1952 Denique
569 1916 648 1943 etiam
666 1916 694 1942 in.
709 1915 842 1942 codicibus
858 1914 881 1941 E
891 1920 915 1942 et
933 1914 964 1946 L,
980 1915 1109 1942 nonnulla
1123 1915 1229 1943 Eusebii
1242 1921 1300 1951 post
1320 1924 1402 1943 cxvtu
1418 1916 1548 1950 psalmum
1563 1915 1662 1942 scholia
1673 1920 1821 1950 supersunt.
1835 1913 1901 1946 Qus

276 1971 334 1990 cum
350 1964 387 1989 ita
403 1971 430 1990 se
443 1962 576 1994 haberent,
597 1961 670 1989 nolui
687 1961 806 1996 equidem
826 1961 944 1988 oblatam
964 1961 1118 1996 facultatem
1139 1963 1259 1990 omittere
1278 1963 1415 1997 supplendi
1429 1964 1568 1998 egregiam,
1583 1967 1712 1998 quantum
1734 1962 1797 1988 mihi
1812 1961 1897 1992 licuit,

276 2008 471 2043 Montfauconii
496 2009 651 2041 editionem,
667 2012 693 2035 et
711 2008 733 2034 si
749 2016 799 2034 non
812 2008 941 2042 integrant
963 2007 1069 2034 Eusebii
1080 2008 1314 2042 Commentarium,
1331 2009 1424 2036 saltem
1447 2009 1502 2044 ejus
1521 2014 1642 2043 excerpta
1661 2014 1685 2036 et
1702 2008 1826 2041 reliquias
1842 2012 1899 2034 stu—

275 2056 347 2082 diose
361 2064 375 2082 e
390 2055 522 2083 codicibus
534 2060 663 2090 sumptas,
679 2054 824 2082 Latinitate
839 2055 930 2087 etiam,
947 2055 1097 2083 imminente
1112 2056 1195 2090 prelo,
1213 2065 1229 2082 tt
1246 2064 1285 2082 me
1300 2056 1424 2086 donatas.
1442 2055 1476 2082 ad
1488 2055 1613 2082 Ecclesiae
1629 2063 1706 2082 usum
1716 2053 1873 2089 perducam.

312 2112 394 2139 Porro
411 2112 481 2139 haud
500 2113 651 2139 continuum
666 2112 733 2138 hunc
744 2120 799 2140 esse
814 2112 1048 2144 Commentarium,
1061 2113 1120 2147 jam
1134 2113 1203 2149 dixi,
1221 2114 1283 2149 quia
1304 2114 1408 2140 nonnisi
1426 2122 1439 2140 e
1453 2113 1552 2140 catenis
1568 2118 1704 2147 excerptas
1715 2120 1731 2138 a
1747 2111 1819 2138 nobis
1838 2110 1898 2144 fuit.

276 2158 346 2190 Quid
359 2159 436 2186 vero?
453 2157 547 2184 Nonne
557 2163 582 2184 et
596 2158 738 2185 Athanasii
752 2158 778 2184 in
794 2157 928 2190 Psalmos,
947 2166 1032 2185 nonne
1043 2159 1122 2185 etiam
1140 2148 1294 2186 Theodoreti
1311 2160 1337 2186 in
1361 2158 1462 2186 Isaiam
1474 2159 1615 2193 deperdita'
1628 2158 1812 2193 expositiones,
1829 2157 1900 2190 prio-

275 2204 313 2230 ris
326 2203 428 2239 quidem
442 2212 458 2230 a
479 2203 692 2239 Montfauconio,
712 2204 866 2238 posterioris
883 2212 899 2231 a
914 2203 1056 2231 Sirmondo
1067 2213 1080 2231 e
1095 2204 1201 2233 Catenis
1218 2206 1398 2234 tantummodo
1415 2206 1538 2234 delibata:
1551 2207 1678 2241 fuerunt?
1694 2205 1727 2232 Et
1743 2204 1845 2240 quidem
1852 2198 1913 2238 ju-'

273 2249 363 2277 dicare
376 2250 403 2277 se
421 2250 484 2277 dicit
499 2249 668 2282 Sirmondus,
687 2250 830 2278 medullam
843 2251 914 2278 haud
934 2250 1011 2277 dubie
1025 2259 1181 2286 succumque
1196 2252 1320 2287 cujusque
1329 2253 1419 2287 scripti
1430 2253 1557 2280 contineri
1572 2253 1598 2279 in
1613 2251 1720 2279 Catenis
1733 2251 1826 2278 solere.
1841 2249 1901 2277 Etsi

275 2302 361 2324 autem
377 2297 431 2324 ha'c
448 2296 554 2323 Eusebii
568 2297 671 2324 scholia
686 2297 712 2323 in
724 2297 854 2332 plerisque
871 2298 982 2332 psalmis
998 2298 1118 2325 tenuiora
1138 2303 1210 2330 sunt,
1227 2303 1343 2326 attamen
1359 2300 1385 2326 in
1404 2299 1503 2334 aliquot
1516 2299 1553 2325 ita
1572 2298 1718 2329 abundant,
1739 2302 1767 2324 ut
1780 2304 1857 2330 prope
1868 2304 1900 2323 ex

275 2346 375 2379 intequ
395 2352 470 2378 opere
494 2351 628 2378 superesse
641 2343 789 2375 videantur,
810 2345 833 2370 si
843 2348 912 2370 certe
926 2344 1024 2378 partim
1047 2344 1211 2378 psalmorum
1235 2345 1409 2380 quorumdam
1435 2345 1596 2376 brevitatem.
1616 2345 1714 2379 partim
1739 2344 1900 2371 scholiorum

274 2390 377 2424 («piam
387 2393 542 2424 spectemus,
555 2389 633 2416 veluti
648 2389 682 2415 ad
701 2388 817 2423 psalmos
827 2397 907 2421 cxxv,
921 2397 1023 2422 cum,
1038 2397 1142 2422 cxxxu,
1156 2398 1265 2423 cxxxw,
1275 2399 1318 2422 CL,
1336 2396 1360 2418 et
1376 2391 1410 2418 ad
1424 2399 1502 2424 chv,
1518 2399 1592 2424 cus,
1609 2399 1671 2418 cu.
1686 2390 1809 2417 Jamvero
1830 2389 1900 2416 theo-

275 2436 373 2471 logicus
386 2437 412 2462 in
426 2436 475 2463 hac
490 2444 556 2462 nova
567 2434 674 2462 Eusebii
686 2440 762 2470 parte
781 2437 813 2462 de
831 2435 930 2462 Christi
942 2435 1079 2463 divinitate
1095 2445 1185 2464 sensus
1201 2445 1282 2464 sanus
1300 2437 1510 2472 orthodozusque
1526 2438 1620 2472 ubique
1630 2442 1679 2468 est,
1692 2435 1800 2464 moralis
1814 2440 1900 2461 autem

273 2486 297 2510 et
315 2482 470 2510 doctrinalis
491 2482 566 2510 valde
578 2483 636 2517 pius
655 2487 679 2509 et
694 2482 778 2515 utilis,
790 2482 822 2509 de
837 2488 904 2509 recte
921 2482 1021 2518 agenda
1038 2483 1101 2515 vita,
1119 2483 1151 2510 de
1167 2484 1262 2510 orandi
1281 2493 1340 2515 usu,
1362 2484 1394 2511 de
1415 2485 1512 2510 anima:
1532 2483 1742 2515 immortalitate,
1763 2482 1795 2508 de
1808 2481 1899 2516 futura

274 2530 338 2561 vita,
355 2529 387 2555 de
400 2529 582 2555 luerettcorum
605 2529 812 2563 reprehensione,
829 2533 882 2556 etc.
900 2529 941 2556 Ad
955 2537 1060 2556 sacrant
1077 2530 1193 2556 criticem
1206 2534 1230 2556 et
1254 2530 1425 2564 philologiam
1441 2529 1510 2565 quod
1535 2530 1639 2561 attinet,
1658 2529 1750 2555 laudat
1770 2527 1899 2554 Eusebius

275 2583 327 2601 non
344 2574 424 2601 semel
439 2574 571 2609 Aquilam,
587 2575 683 2609 sapius
703 2574 899 2610 Symmachum,
915 2575 1069 2610 quandoque
1085 2575 1165 2602 etiam
1180 2575 1392 2607 Theodotionem,
1410 2575 1584 2610 Septuaginta
1599 2575 1767 2608 lnterpretes,
1780 2573 1911 2608 quintani

274 2621 424 2653 editionem,
437 2625 462 2647 et
482 2622 567 2648 varios
581 2621 712 2648 interdum
724 2621 835 2652 codices,
847 2621 956 2657 denique
973 2621 1142 2648 llebrteorum
1155 2626 1254 2648 textum
1276 2626 1353 2656 atque
1368 2622 1527 2648 idiotismos.
1544 2622 1633 2654 Quare
1646 2626 1671 2648 et
1687 2628 1753 2647 nova
1765 2618 1900 2652 hexapla—

275 2668 348 2695 ribus
362 2666 532 2694 varietatibus
548 2668 661 2695 accessio
677 2668 736 2695 hinc
749 2668 807 2702 fieri
819 2668 956 2695 videbitur.
973 2667 1013 2694 Ad
1025 2667 1156 2701 psalmum
1172 2674 1281 2699 cxxxtv,
1299 2668 1416 2702 loquitur
1438 2668 1533 2694 diserte
1551 2666 1678 2693 Eusebius
1694 2665 1726 2693 de
1737 2665 1899 2693 ethnicorum

275 2722 324 2740 sua
343 2719 421 2741 tetate
445 2714 621 2747 conversione,
637 2723 702 2749 quos
725 2722 826 2749 reapse,
843 2715 978 2748 regnantis
994 2713 1160 2748 potissimum
1175 2713 1293 2748 exemplo
1313 2713 1492 2745 Constantini,
1514 2713 1643 2746 plurimos
1668 2712 1702 2738 ad
1720 2711 1899 2739 Christianam

276 2761 354 2795 ﬁdem
365 2761 506 2789 accessisse
515 2761 621 2788 scimus.
637 2760 831 2797 Qualiscunque
849 2761 952 2788 domum
968 2761 1002 2788 sit
1020 2760 1114 2787 horum
1129 2760 1288 2788 schaliorum
1305 2769 1378 2793 usus,
1401 2766 1469 2787 certe
1488 2765 1542 2786 tam
1561 2759 1640 2794 prisci
1655 2755 1772 2793 clariq'ue
1786 2757 1912 2784 hominis.

275 2807 357 2834 nulla
371 2816 389 2834 a
405 2815 445 2834 me
456 2807 687 2842 pra'termittendw
702 2807 818 2843 reliquie:
837 2812 924 2834 erant.

1069 2872 1109 2886 r‘
