2055 3214
152 193 190 223 εδ
718 187 965 217 COMMENTARIE‘
978 187 1019 222 λΙΝ
1039 185 1211 215 PSAIMOS.
1747 185 1780 211 tn:

157 262 1765 287 W

444 355 825 436 EUSEBII
855 352 1497 432 CAESARIENSIS

537 495 981 547 COMMENTARIA
1018 496 1079 540 IN
1122 494 1405 540 PSALMOS.

150 654 307 686 EL'SEBH
324 653 369 681 IN
385 652 612 682 PSALMORUH
628 649 936 686 lNSCRIPTIONEfS.

990 639 1777 686 Eraque:.eza.er.£a'5ee¢£39:13:93-

190 689 495 719 INTERPRETATIO
512 687 747 722 QUARUMDAM
765 684 937 715 COMPEN-

187 727 245 755 ΒΗ
265 725 370 753 MORE
384 724 603 752 DESCRIPTA.

184 786 298 813 Centum
311 787 337 810 et
355 781 551 818 quinquaginta
568 781 664 816 psalmi
678 784 742 809 sunt
759 785 803 808 :et
812 787 878 808 sane
893 774 939 807 sai

148 841 196 860 cer
217 836 259 860 est
284 829 539 866 quinquagenarius
568 835 716 859 numerus,
735 827 782 854 illo
804 826 939 862 siquidem

150 879 255 906 dierum
273 877 412 904 curriculo
425 876 579 904 instituitur
594 875 767 907 Pentecoste,
779 881 812 901 ac
824 873 939 901 totidem

147 932 284 953 annorum
296 930 412 952 numero
425 922 567 954 Jubilzeus,
586 925 614 949 ut
629 926 727 949 vocant
742 920 858 954 Hebraei,
869 920 940 947 cele-

151 972 255 999 bratur.
275 970 362 997 Nabla
381 969 452 1005 apud
477 969 604 996 Hebraeos
624 972 738 995 vocatur
758 966 939 1002 psalterium;

149 1018 222 1053 quod
239 1025 273 1044 ex
297 1015 412 1043 musicis
430 1013 623 1042 instrumentis
646 1013 736 1041 solum
756 1012 939 1039 rectissimum

146 1068 201 1094 est,
214 1070 303 1098 neque
314 1062 349 1089 ab
365 1061 465 1089 inﬁmis
482 1060 606 1096 partibus
620 1059 653 1086 ad
670 1066 767 1087 sonum
784 1057 940 1089 adhibetur,

149 1110 197 1137 sed
213 1118 227 1136 a
248 1108 376 1144 supernis
391 1107 499 1135 sonanti
520 1114 573 1134 aere
590 1106 747 1133 instruitur.
767 1103 870 1132 Psalmi
893 1105 942 1131 ita-

148 1165 201 1192 que
221 1159 353 1182 vocantur
363 1157 499 1190 quotquot
516 1153 574 1181 sola
589 1153 835 1180 instrumentomm
847 1151 941 1186 pulsa-

146 1202 318 1234 tione,nullis
327 1201 452 1229 admistis
459 1199 789 1235 vocibus,pcrsolvuntur.
798 1198 941 1225 Canticum

148 1248 249 1275 dicitur
262 1247 336 1283 quod
347 1247 424 1274 suavi
439 1246 622 1281 mquabilique
637 1253 703 1273 voce
718 1245 842 1278 canitur;
854 1245 942 1272 cauti--

148 1300 210 1320 cum
223 1292 334 1328 psalmi,
345 1291 420 1327 quod
435 1298 490 1318 una
509 1299 573 1318 cum
589 1290 782 1318 instrumentis
800 1297 938 1317 consonas

1017 681 1104 708 ΜΩΝ.
1129 678 1320 706 ΕΡΜΗΝΕΙΑ
1340 676 1449 703 ΤΙΝΩΝ
1463 675 1544 702 ΚΑΤ
1558 674 1758 702 ΕΠΙΤΟΜΗΝ.

1031 790 1142 818 Ἑκατὸν
1160 788 1326 823 πεντήκοντα
1341 770 1518 819 τυκωνουσιν
1535 783 1559 810 οἱ
1573 783 1685 818 ψαλμοὶ,
1703 781 1777 818 ἱεροῦ
1799 788 1804 796 ⁵

989 838 1036 865 τοῦ
1055 841 1076 864 ν’
1092 835 1271 871 τυγχάνοντος
1291 831 1420 867 ἀριθμοῦ·
1444 831 1474 857 ὲν
1496 830 1544 865 μὲν
1559 830 1676 865 ἡμέραις
1693 828 1777 855 ποιῶν

990 885 1039 920 τὴν
1056 880 1256 918 Πεντηκοστὴν,
1270 879 1298 905 ἐν
1313 878 1341 904 δὲ
1357 878 1487 907 ἐνιαυτοῖς
1503 876 1548 902 τὸν
1562 876 1626 911 παρ’
1643 875 1777 912 Ἑϐραίοις

991 926 1249 965 καλούμενονΊωήλ.
1261 924 1354 951 Νάϐλα
1368 923 1395 949 δὲ
1407 922 1470 958 παρ’
1479 921 1611 956 Ἑϐραίοις
1625 921 1732 956 λέγεται
1747 920 1777 946 τὸ

990 976 1147 1011 ψαλτήριον,
1157 972 1210 1008 ὃδὴ
1220 971 1298 1007 μόνον
1306 969 1360 995 τῶν
1375 967 1513 1004 μουσικῶν
1530 967 1653 1003 ὀργάνων
1663 966 1776 1002 ὀρθότα-

991 1030 1046 1054 τον,
1057 1021 1104 1048 καὶ
1117 1019 1153 1056 μὴ
1167 1017 1380 1055 συνεργούμενον
1397 1017 1436 1046 είς
1445 1012 1510 1050 ἦχον
1522 1015 1554 1040 ὲκ
1568 1013 1621 1039 τῶν
1630 1012 1778 1039 κατωτάτω

994 1066 1093 1104 μερῶν,
1118 1065 1174 1092 ἀλλ’
1197 1064 1299 1092 ἀνωθεν
1322 1062 1392 1098 ἔχειν
1415 1061 1461 1087 τὸν
1487 1059 1642 1095 ὑπηχοῦντα
1666 1057 1774 1094 χαλκόν.

991 1103 1102 1149 Ψαλμοὶ
1113 1112 1161 1147 μὲν
1172 1109 1217 1138 οὖν
1227 1111 1251 1137 οἱ
1264 1110 1306 1136 διὰ
1318 1109 1399 1145 μόνου
1409 1107 1456 1133 τοῦ
1465 1106 1579 1143 ὀργάνου
1591 1104 1675 1149 χωρὶς
1685 1103 1776 1149 φωνῆς

992 1147 1213 1194 ἀναέρουόμενοι·
1229 1155 1285 1191 ᾠδὴ
1304 1154 1332 1180 δὲ
1351 1154 1376 1180 οἱ
1389 1152 1434 1179 διὰ
1449 1152 1540 1187 φωνῆς
1559 1148 1703 1185 ἐμμελοῦς·

992 1204 1020 1230 δὲ
1036 1202 1142 1238 ψαλμοῦ
1160 1201 1190 1228 τὸ
1206 1200 1244 1235 τῷ
1262 1199 1369 1235 ὀργάνῳ
1386 1198 1529 1233 σύμφωνον
1546 1196 1658 1230 ἐπάγειν
1673 1195 1773 1229 φωνήν·

992 1249 1097 1285 ψαλμὸς
1113 1249 1141 1275 δὲ
1158 1247 1228 1283 ᾠδῆς
1251 1245 1395 1277 ἀνάπαλιν,
1419 1242 1627 1281 προηγουμένης
1648 1241 1697 1277 τῆς
1721 1241 1776 1267 τῶν

993 1295 1172 1332 κρουσμάτων
1193 1292 1293 1328 φωνῆς.
1322 1290 1497 1326 ’Δλληγορίας
1517 1289 1544 1316 δὲ
1566 1288 1650 1323 νόμῳ,
1670 1286 1775 1332 ψαλμδς

147 1339 268 1366 admittit
275 1346 373 1372 voces;
385 1338 509 1373 psalmus
517 1337 618 1365 cantici
627 1345 749 1369 rursum,
760 1344 822 1363 cum
836 1336 937 1364 instrn-

992 1327 1040 1378 μὲν
1053 1327 1176 1376 σώματος
1186 1327 1292 1373 κίνησις
1303 1336 1459 1371 ἐναρμόνιος
1470 1335 1509 1365 είς
1519 1333 1649 1368 ἐργασίαν
1660 1331 1774 1378 ἀγαθὴν,

150 1388 304 1412 mentorum
322 1384 492 1411 musicorum
508 1389 593 1410 sonus
606 1383 720 1410 vocibus
729 1382 817 1417 prazit.
833 1382 861 1409 Si
877 1382 940 1409 alle-

149 1430 241 1465 gorice
253 1437 299 1457 res
315 1429 477 1464 accipiatur,
490 1429 613 1464 psalmus
628 1433 670 1456 est
681 1429 833 1456 concinnus
845 1435 939 1462 corpo-

150 1476 188 1503 ris
211 1479 302 1503 motus
321 1474 356 1502 ad
377 1482 447 1510 opus
460 1475 563 1502 bonum
587 1474 791 1509 exsequendum
803 1494 810 1507 ,
830 1473 938 1501 etiamsi

149 1521 344 1557 contemplatio
371 1528 455 1556 parva
482 1521 676 1556 subsequatur.
703 1520 846 1547 Canticum
863 1519 939 1546 nullo

149 1577 232 1604 opere
244 1569 392 1595 admistum
409 1570 452 1595 est
468 1567 594 1595 veritatis
612 1566 835 1602 comprehensio.
848 1569 939 1593 mente

149 1615 183 1642 ad
199 1614 245 1641 Dei
254 1615 369 1649 ejusque
382 1620 539 1640 sermonum
551 1612 809 1647 contemplationem
821 1611 939 1639 illustra-

150 1665 189 1687 ta.
205 1660 350 1687 Canticum
377 1658 476 1694 psalmi
499 1658 601 1686 dicitur
625 1665 687 1685 cum
709 1657 827 1692 cognitio
847 1663 937 1684 actum

151 1705 297 1741 praecedit,
326 1704 401 1739 juxta
424 1703 491 1731 illud
511 1713 518 1731 ε
542 1703 734 1738 Concupiscens
760 1703 936 1738 sapientiam,

152 1759 229 1778 serva
252 1749 387 1781 ntandata,
408 1756 434 1777 et
457 1749 586 1777 Dominus
608 1748 732 1784 praebebit
754 1750 829 1776 illam
851 1749 898 1777 tibi
915 1751 935 1778 ί.

151 1795 276 1824 Psalmus
285 1795 382 1822 cantici
395 1799 437 1822 est
451 1799 530 1822 actus
544 1795 662 1822 ducente
670 1795 823 1830 cognitione
835 1794 937 1822 admis-

153 1849 209 1874 sus,
231 1842 346 1869 docente
362 1841 467 1869 scilicet
482 1848 537 1876 quo
554 1845 634 1876 pacto
650 1848 738 1876 quove
754 1844 876 1876 tempore
901 1841 936 1869 sit

153 1887 284 1923 agendum
304 1895 311 1913 :
328 1891 495 1922 quapropter
517 1886 546 1913 in
568 1886 745 1921 inscriptione
768 1887 935 1921 psalmorum

154 1941 203 1959 vox
219 1931 337 1959 canticis
351 1930 448 1966 praeit;
463 1937 518 1957 non
533 1929 606 1957 enim
622 1937 637 1956 a
650 1930 878 1964 contemplatione
894 1930 937 1957 \ir

151 1982 261 2005 sanctus
282 1977 407 2009 orditur,
423 1976 470 2004 sed
493 1975 544 2004 ﬁde
566 1976 678 2003 omnino
693 1975 726 2002 ad
751 1983 832 2011 opera
855 1984 935 2004 exse-

989 1388 1041 1415 κᾶν
1062 1386 1180 1422 μήπάνυ
1199 1393 1240 1417 τις
1253 1382 1420 1418 ἐπακολουθῇ
1442 1380 1550 1416 θεωρία·
1568 1379 1622 1414 ᾠδὴ
1643 1378 1671 1404 δὲ
1691 1377 1775 1412 χωρὶς

990 1432 1114 1469 πράξεως
1136 1431 1264 1466 ἀληθείας
1287 1427 1449 1463 κατάληψις,
1474 1425 1664 1461 φωτιζομένης
1686 1422 1775 1469 ψυχῆς

989 1467 1053 1514 πὲρ).
1069 1477 1135 1504 Θεοῦ
1156 1477 1202 1503 καὶ
1222 1475 1276 1502 τῶν
1295 1474 1393 1508 λογίων
1409 1471 1501 1499 αὐτοῦ.
1532 1470 1591 1506 ᾨδὴ
1608 1470 1637 1496 δὲ
1654 1467 1774 1514 ψαλμοῦ,

989 1512 1161 1560 προαγούσης
1173 1521 1297 1557 πράξεως
1306 1519 1440 1554 γνώσεωςι
1449 1515 1518 1543 κατὰ
1525 1516 1563 1542 τό·
1574 1512 1774 1560 Ἑπιθυμήσας

988 1556 1096 1603 σὸφίάς
1112 1556 1295 1600 διὰτήρησον
1306 1562 1442 1595 ἐντολὰς,
1458 1560 1506 1587 καὶ
1527 1560 1632 1593 Κύριος
1644 1556 1774 1592 χορηγήο

987 1622 1035 1642 σει
1049 1622 1097 1642 σοι
1112 1613 1218 1648 αὐτήν.
1229 1610 1342 1646 Ψαλμὸς
1351 1610 1379 1636 δὲ
1389 1608 1460 1644 ᾠδῆς
1473 1607 1570 1643 πρᾶξις
1582 1605 1634 1632 ὑπὸ
1647 1603 1774 1639 γνώσεως

987 1659 1167 1696 ὁδηγουμένη,
1183 1658 1248 1694 περὶ
1260 1656 1306 1684 τοῦ
1317 1655 1375 1688 πῶς
1385 1655 1431 1681 καὶ
1442 1655 1507 1680 πότε
1518 1652 1662 1688 πρακτέων
1677 1651 1716 1678 διδ
1727 1651 1774 1678 καὶ

988 1705 1094 1741 πρῶται
1109 1704 1163 1731 τῶν
1177 1702 1292 1739 ψαλμῶν
1305 1702 1332 1728 αἱ
1346 1699 1505 1735 ἐπι-γραφαί·
1524 1699 1553 1725 οὐ
1571 1698 1625 1733 γὰρ
1640 1697 1694 1724 ἀπὺ
1707 1697 1774 1723 θεω-

988 1751 1049 1788 ρίας
1061 1751 1074 1776 ὁ
1088 1750 1164 1784 ἅγιος
1173 1749 1296 1784 ἄρχεται,
1308 1746 1366 1773 ἀλλ’
1380 1745 1452 1772 ἆπαν
1469 1744 1560 1770 πίστει
1570 1745 1630 1774 ταῖς
1643 1741 1774 1778 πράξεσιν

987 1786 1135 1831 ἐπιτρέχει.
1157 1793 1219 1820 Ἐπὶ
1232 1792 1261 1819 δὲ
1273 1791 1312 1827 τῷ
1326 1790 1397 1816 τέλει
1414 1788 1508 1815 πολλαὶ
1520 1788 1549 1814 αἱ
1561 1786 1636 1822 ᾠδαί¹
1649 1786 1695 1812 καὶ
1706 1786 1773 1812 ὅπου

987 1830 1148 1874 ἁναὸναομοὶ,
1165 1837 1282 1873 οὐδαμοῦ
1302 1835 1418 1871 ψαλμὸς,
1434 1833 1494 1861 οὔτε
1512 1833 1571 1860 καθ’
1584 1832 1690 1863 ἑαυτὸν,
1711 1830 1772 1857 οὔτε

989 1886 1047 1921 μετ’
1062 1884 1222 1921 ἐπιπλοκῆςτ
1245 1882 1318 1918 ᾬδαὶ
1335 1882 1363 1907 δὲ
1377 1880 1466 1907 πάντα
1485 1879 1545 1906 καθ’
1563 1878 1671 1909 ἑαυτάς·
1685 1878 1701 1913 ἡ
1718 1877 1774 1912 γὰρ

987 1919 1116 1963 ἀνάϐασις
1129 1930 1197 1966 πρὸς
1210 1919 1292 1964 μόνην
1303 1928 1353 1964 ὁρᾷ
1363 1925 1488 1961 θεωρίαν.
1499 1924 1643 1959 Διάψαλμα
1657 1923 1686 1949 δὲ
1697 1922 1772 1958 παρὰ

988 1978 1037 2013 μὲν
1059 1976 1159 2012 Ἀκύλᾳ
1176 1975 1223 2002 καί¹
1237 1974 1276 2010 τῷ
1294 1971 1430 2009 Ἐὗραῖκῷ
1444 1971 1474 1997 οὺ
1493 1972 1589 1997 κεῖται·
1606 1969 1666 1996 ἀντὶ
1681 1969 1710 1996 δὲ
1723 1969 1772 1995 αὑ-

152 2023 257 2058 quenda
270 2023 368 2050 currit.
387 2022 444 2050 Sub
458 2022 537 2049 ﬁnem
560 2022 645 2049 multa
664 2021 771 2048 cantica
791 2027 866 2051 sunt.
885 2022 935 2050 Ubi

989 2023 1033 2050 τοῦ
1046 2023 1077 2049 τὸ
1087 2024 1144 2050 ἀεί.

152 2075 241 2099 autem
256 2071 357 2106 gradus
370 2070 505 2098 habentur
516 2077 652 2105 nusquam
670 2069 792 2104 psalmus
805 2090 811 2101 ,
828 2078 915 2106 neque
935 2079 982 2106 per
1003 2079 1032 2099 se
1044 2072 1130 2102 solus,
1150 2076 1237 2104 neque
1258 2067 1312 2094 alia
1335 2065 1463 2100 adjuncta
1492 2071 1559 2091 voce
1590 2062 1769 2090 inscribitur:

153 2119 198 2146 sed
209 2119 244 2146 ibi
256 2118 362 2145 cantica
376 2117 463 2145 solum
476 2121 665 2152 apponuntur;
676 2124 739 2144 nam
768 2117 815 2145 ubi
843 2125 975 2147 ascensus
993 2119 1125 2155 graduum
1138 2121 1190 2149 cst,
1208 2116 1246 2143 ibi
1261 2115 1320 2142 sola
1334 2111 1527 2147 contemplatio
1541 2114 1689 2146 spectatur.
1708 2109 1770 2135 Dia-

154 2166 256 2200 psalma
270 2172 353 2200 porro
364 2165 436 2201 apud
452 2164 578 2199 Aquilam
590 2167 616 2191 et
631 2163 659 2190 in
673 2162 807 2191 llebraico
821 2172 876 2192 non
887 2170 975 2193 exstat
988 2175 995 2193 :
1008 2166 1056 2194 sed
1074 2165 1134 2200 ejus
1147 2165 1220 2196 loco,
1236 2169 1336 2196 semper
1353 2160 1511 2188 ascribitur.

220 2229 482 2257 ARGUMENTUM
498 2228 654 2257 EUSEBII
666 2229 863 2258 PAMPHILI.

187 2287 261 2314 Libri
283 2286 454 2314 Psalmorum
479 2287 575 2314 istliaec
594 2287 693 2315 divisio
711 2287 803 2320 fuerit,
819 2292 848 2315 ut
871 2297 934 2316 cum

153 2335 210 2370 ipsa
227 2335 399 2362 accuratiora
409 2335 586 2370 exemplaria,
602 2339 659 2362 tum
676 2334 827 2363 Hebraicus
844 2339 934 2362 textus

152 2381 358 2409 circumferunt.
371 2381 464 2417 Neque
477 2389 553 2415 vero,
568 2386 598 2409 nt
609 2382 670 2416 quis
684 2381 753 2409 forte
762 2382 935 2409 existimave-

154 2428 198 2461 rit,
211 2435 307 2456 omnes
322 2428 419 2463 psalmi
441 2432 506 2456 sunt
529 2427 656 2460 Davidis;
673 2427 720 2454 sed
736 2427 850 2454 aliorum
866 2435 934 2462 quo-

153 2482 205 2509 que
220 2474 425 2510 prophetarum,
437 2475 483 2509 qui
500 2474 642 2509 psallendo
652 2473 809 2509 prophetica
823 2474 933 2500 oracula

153 2521 276 2547 edebant.
290 2520 380 2553 Quare
391 2521 463 2555 apud
478 2520 751 2552 Hebraeos,universa
767 2521 933 2555 psalmorum

154 2567 297 2601 scriptura,
313 2574 367 2594 non
384 2566 493 2594 Davidis
504 2567 556 2594 fert
567 2566 782 2601 inscriptionem.
797 2566 843 2593 sed
859 2565 935 2592 indc-

156 2612 229 2640 ﬁnite
255 2612 325 2640 liber
343 2612 514 2641 Psalmorum
539 2616 662 2640 vocatur.
687 2611 716 2638 In
738 2615 830 2647 partes
852 2619 935 2646 porro

155 2658 273 2694 quinque
287 2658 392 2686 Hebraei
407 2659 507 2686 librum
519 2658 689 2687 Psalmorum
699 2658 832 2686 dividunt.
845 2656 936 2684 Prima

155 2712 219 2740 pars
234 2712 248 2731 a
260 2705 347 2740 primo
362 2705 396 2732 ad
412 2705 652 2740 quadragesimum
668 2704 802 2739 psalmum
816 2703 936 2738 comple-

155 2750 252 2783 ctitur;
274 2750 403 2782 secunda,
418 2758 433 2777 a
446 2749 653 2786 quadragesimo
668 2749 755 2785 primo
775 2747 809 2775 ad
824 2751 934 2782 septua-

156 2796 287 2831 gesimum
299 2796 460 2830 secundum;
472 2797 551 2824 tertia
566 2804 580 2824 a
602 2795 802 2832 septuagesimo
814 2794 934 2822 secundo

158 2842 193 2869 ad
213 2843 406 2878 octogesimum
428 2847 571 2878 octavum;
586 2847 700 2879 quarta,
719 2843 753 2870 ab
767 2841 934 2877 octogesimo

195 2931 205 2949 ¹
224 2931 308 2959 Eccli.
325 2939 349 2964 I,
365 2931 410 2960 55.

1038 2230 1219 2258 ΥΠΟΘΕΣΙΣ
1234 2227 1424 2255 ΕΥΣΕΒΙΟΥ
1441 2225 1512 2252 ΤΟΥ
1522 2222 1722 2251 ΠΛΜΦῙΛΟΥ.

1023 2287 1078 2322 Τῆς
1090 2285 1180 2321 βίϐλου
1193 2285 1247 2311 τῶν
1257 2282 1379 2318 Ψαλμῶν
1387 2282 1434 2317 ἥδε
1449 2281 1482 2307 ἂν
1496 2280 1539 2315 εἴη
1552 2279 1719 2314 ὴδιαίρεσις,
1731 2275 1769 2322 ῶς

986 2333 1021 2359 τὰ
1038 2320 1138 2368 ἀαριϐῆ
1157 2330 1211 2357 τῶν
1233 2328 1406 2364 ἀντιγράφων
1429 2325 1495 2353 αὑτό
1516 2334 1546 2352 τε
1568 2324 1597 2350 τὸ
1627 2320 1770 2368 Ἐίὶραῖκδν

988 2364 1119 2414 περιέχει.
1132 2364 1195 2412 Ὀὐχ
1209 2375 1247 2407 ὡς
1264 2375 1297 2402 ἄν
1315 2382 1357 2405 τις
1378 2371 1508 2398 ὑπολάὸοι
1527 2370 1627 2399 πάντες
1647 2367 1699 2393 εἰσὶ
1722 2364 1770 2414 se?

988 2410 1108 2452 Δαυίδηοί
1125 2410 1236 2458 ψαλμοὶ,
1258 2421 1326 2447 ἀλλὰ
1344 2420 1391 2446 καὶ
1409 2416 1510 2453 ἐτέρων
1528 2412 1673 2450 προφητῶν
1688 2412 1717 2438 ὲν
1730 2410 1769 2458 τῷ

986 2471 1095 2506 ψάλλειν
1108 2467 1341 2505 προφητευόντων.
1357 2464 1483 2500 Διόπερή
1501 2462 1575 2488 πᾶσα
1591 2458 1684 2506 γραφὴ

992 2503 1197 2552 ίΕῦραίοις-τῶν
1209 2512 1322 2548 ψαλμῶν
1336 2512 1365 2538 οὐ
1382 2510 1429 2537 τοῦ
1445 2507 1526 2535 Δαυῒδ
1541 2505 1697 2552 ὲπιγράφτν
1712 2503 1770 2552 ἀλλ’

986 2549 1144 2596 ἀδιορίστως
1156 2558 1245 2594 βίϐλος
1258 2556 1372 2592 ψαλμῶν
1394 2553 1565 2590 ὀνομάζεται.
1580 2551 1628 2582 Εἰς
1645 2549 1729 2596 πέντε.
1740 2549 1769 2575 δὲ

987 2594 1058 2644 μέρη
1071 2606 1119 2641 τὴν
1130 2605 1220 2631 πᾶσαν
1230 2603 1283 2630 τῶν
1292 2601 1414 2637 Ψαλμῶν
1429 2598 1518 2634 βίϐλον
1527 2597 1620 2628 παῖδες
1638 2594 1769 2644 Ἑϐραίων

985 2641 1128 2689 διαιροῦσι·
1147 2650 1254 2686 πρῶτον
1275 2650 1314 2681 εἰς
1330 2649 1392 2679 τοὺς
1406 2645 1460 2673 ἀπὸ
1486 2648 1510 2671 α’
1530 2643 1609 2679 μέχρι
1627 2645 1662 2677 μ”
1680 2641 1770 2689 ﬂeti-.5:

988 2708 1034 2736 ρον
1043 2685 1087 2730 ⁷εἰς
1100 2698 1164 2729 τοὺς
1172 2685 1232 2723 γὰπὸ
1248 2699 1291 2731 μα’
1309 2695 1403 2730 μέχρις
1416 2692 1465 2718 06"
1484 2691 1583 2736 τρίτον
1592 2689 1705 2736 εἰς-τοὺς
1715 2685 1770 2713 ἀπὸ

986 2734 1025 2780 of
1039 2745 1135 2780 μέχρις
1151 2746 1206 2778 πη¹·
1218 2741 1347 2776 τέταρτον
1361 2739 1400 2771 εἰς
1411 2737 1473 2769 τοὺς
1486 2736 1540 2764 ἀπὸ
1554 2735 1597 2762 πθ¹
1611 2734 1706 2780 μέχρις
1719 2738 1767 2769 ρξ’·

987 2779 1112 2827 πέμπτον
1132 2789 1172 2820 εἰς
1182 2788 1244 2818 τοὺς
1259 2785 1313 2813 ἀπὸ
1334 2787 1377 2820 ρξ’
1393 2783 1473 2820 μέχρι
1486 2782 1588 2827 τέλους.
1609 2779 1770 2827 Ἀκιειτίγρα-

987 2824 1032 2873 φοι
1047 2836 1075 2864 δέ
1087 2837 1140 2863 εἰσι
1150 2833 1253 2871 ψαλμοὶ
1261 2831 1304 2866 ιϐ’,
1315 2828 1549 2866 ἐπιγεγραμμένοι
1560 2826 1627 2864 ρλα¹.
1639 2824 1698 2853 Τῶν
1709 2826 1770 2851 ἐπι-
