2055 3214
169 221 203 248 73
719 212 969 241 COMMENTARIA
987 214 1019 241 IN
1040 213 1206 242 PSALMOS.
1754 215 1786 244 74

168 277 269 312 στήσας
282 276 367 312 αὐτὴν
379 275 418 307 εὶς
432 275 616 311 Ἰερουσαλὴμ,
634 275 787 310 ὲπιλέγεται
797 276 829 302 ἐκ
841 276 890 312 τῆς
906 284 955 310 φυ-
969 280 979 306 1

976 278 993 307 Α
1007 274 1175 310 reposuisset
1186 273 1269 306 illam,
1285 282 1316 302 ex
1333 274 1405 301 tribu
1423 272 1485 301 Levi
1509 275 1674 310 psalmorum
1694 281 1787 304 canto-

166 322 214 357 λῆς
226 320 292 348 Λευῒ
302 321 397 357 κλήρῳ
409 320 561 356 ψαλτῳδοὺς
574 320 705 356 ἄρχοντας
716 321 792 356 ᾠδῶν
809 321 952 357 τέσσαρας,

1005 328 1050 348 res
1061 324 1192 356 quatuor,
1211 320 1380 347 canticorum
1396 320 1543 355 principes,
1561 321 1610 348 sibi
1627 326 1700 350 sorte
1714 322 1785 349 dele-

165 368 211 394 τοῦ
226 367 338 402 ψάλλειν
355 367 403 393 καὶ
423 366 495 402 ᾅδειν
509 365 623 392 ἐνώπιον
645 367 692 401 τῆς
714 366 827 392 κιϐωτοῦ
841 367 879 402 τῷ
898 368 953 394 Κυ-

1005 367 1061 402 git;
1084 370 1113 393 ut
1130 367 1157 393 in
1182 370 1329 400 conspectu
1357 373 1427 392 arcae
1456 365 1570 394 Domino
1599 368 1744 402 psallerent
1760 372 1785 396 et

167 414 226 449 ρίῳ,
252 413 300 440 καὶ
316 412 462 448 ἀναφέρειν
479 412 569 447 φωνὴν
585 412 753 448 εὐφροσύνης
769 413 808 444 εἰς
831 413 954 450 ἐξομολό-

1004 415 1158 443 cantarent,
1181 419 1329 446 vocemque
1354 411 1463 444 laetitiae,
1494 412 1521 439 in
1545 412 1743 441 confessionem
1759 417 1784 441 ct

163 467 244 494 γησιν
256 459 303 486 καὶ
314 458 416 485 αἴνεσιν
427 459 455 485 ὲν
466 458 589 494 ὀργάνοις
598 459 790 494 ήρμοσμένοις,
803 460 849 486 καὶ
860 458 951 495 ᾠδαῖς,

1004 458 1112 485 laudem
1129 458 1319 486 instrumentis
1340 458 1486 486 concinnis
1514 458 1675 494 proferrent,
1699 460 1785 486 canti-

164 505 210 532 καὶ
225 505 359 541 κινύραις,
374 505 421 532 καὶ
439 506 560 538 νάϐλαις,
577 508 623 532 καὶ
644 506 803 541 τυμπάνοις,
823 506 867 532 καὶ
884 514 952 541 κυμ-

1003 504 1055 536 cis,
1075 504 1186 540 cyniris,
1211 504 1308 536 nablis,
1325 505 1472 540 tympanis.
1486 505 1629 540 Cymbalis,
1646 505 1783 540 psalterio,

165 551 267 583 ϐάλοις,
290 551 337 578 καὶ
363 551 513 587 ψαλτηρίῳ,
540 553 587 578 κα)¹
617 552 756 588 κερατίνη.
782 552 827 578 τὸν
855 552 951 586 Ἀσὰφ,

1002 553 1031 577 et
1048 550 1113 577 tuba
1136 557 1253 584 cornea;
1269 550 1395 578 videlicet
1420 551 1521 585 Asaph,
1543 550 1652 582 Alman,
1673 551 1785 582 Etlian.

163 597 262 631 Αξμὰν,
288 596 382 628 Λιθὰν,
412 597 543 633 Ἰδιθούμ·
560 595 735 633 οἶς-ἀριθμὸς
756 597 832 632 ᾠδῶν
859 598 952 625 ἐπετέ-

1003 595 1131 627 ldithum,
1148 596 1228 631 queis
1245 600 1338 624 certus
1354 597 1524 624 canticorum
1539 604 1668 625 numerus
1685 598 1786 624 consti-

163 650 257 673 τακτο,
272 642 389 678 ᾀδόντων
408 643 552 670 διακοσίων
571 644 733 680 ὀγδοήκοντα
747 644 827 676 ὀκτὼ,
846 643 952 679 ἑκάστῳ

1003 647 1079 671 tutus
1096 649 1172 677 erat;
1190 644 1327 679 deputatis
1339 644 1498 671 cantoribus
1511 643 1635 671 ducentis
1647 644 1784 679 octoginta

163 687 351 722 ἑϐδομήκοντα
374 688 474 726 δύοκὲκ
491 688 538 715 τοῦ
557 689 622 724 Χὰμ
637 689 686 721 λε’,
703 689 749 716 τοῦ
769 690 828 725 Σὴμ
843 690 891 721 κε’,
904 689 951 716 τοῦ

1003 695 1090 722 aeto;
1127 690 1243 724 singulis
1278 690 1407 717 nimirum
1437 690 1608 725 septuaginta
1643 690 1707 717 duo.
1746 689 1783 716 Ex

170 733 259 767 Ἰάφεο
279 737 318 760 ιε’.
335 734 449 767 Οἵτινες,
467 735 583 767 ἑστῶτες
599 735 751 771 ἔμπροσθεν
770 736 820 770 τῆς
836 735 951 762 κιϐωτοῦ

1001 735 1106 763 Chamo
1140 736 1196 763 sive
1227 736 1321 763 Chami
1353 736 1480 771 progenie
1511 736 1621 771 triginta
1651 736 1722 769 duo;
1752 743 1783 762 cx

163 779 300 815 Διαθήκης
326 780 440 816 Κυρίου.
466 781 577 816 ἔψαλλον
599 783 644 808 καὶ
660 780 724 818 ᾖδον
743 781 782 817 τῷ
798 782 904 817 Κυρίῳ’
922 781 951 814 ὃς

1004 782 1085 810 Semo
1101 782 1197 817 viginti
1214 783 1351 818 quinque;
1368 791 1400 810 ex
1419 782 1533 818 Japheto
1549 782 1715 817 quindecim.
1732 782 1783 816 Qui

164 824 214 860 μὲν
229 826 258 852 ἐν
274 826 381 862 κινύρᾳ,
393 826 422 859 ὃς
443 827 471 854 δὲ
486 828 514 854 ὲν
529 828 687 863 κυμϐάλοις,
707 828 735 860 ὃς
752 828 779 854 δὲ
795 829 824 854 ἐν
839 827 949 864 κιθάρᾳ,

1002 833 1105 856 stantes
1121 835 1213 855 coram
1235 836 1298 856 arca
1314 829 1470 856 testamenti
1485 828 1603 861 Domini,
1623 829 1783 864 psallebant,

160 870 192 902 ὂς
213 871 241 897 δὲ
263 872 292 898 ἐν
316 871 475 908 ψαλτηρίῳ·
493 870 530 900 ὧν
556 873 637 909 μέσος
657 874 748 900 ἵστατο
773 874 788 899 ὁ
818 873 951 909 μακάριος

1001 875 1189 910 canebantque
1213 874 1341 907 Domino;
1368 875 1413 901 alii
1440 875 1544 910 cinyra,
1570 874 1616 901 alii
1640 875 1782 910 cymbalis,

161 915 251 948 Δαυτδ,
263 917 344 950 αὐτὸς
357 918 448 954 ἄρχων
461 919 599 954 ἀρχόντων
618 919 703 956 ᾠδῶν,
720 919 827 955 κρατῶν
839 919 885 946 ἐπὶ
896 920 951 955 χεῖ-

1002 920 1113 956 quidam
1130 920 1247 951 cithara,
1260 919 1343 954 aliqui
1356 919 1485 954 psalterio
1501 928 1507 946 :
1526 919 1552 946 in
1563 926 1678 954 quorum
1695 919 1783 946 medio

162 971 212 998 ρας
236 964 267 990 τὸ
292 964 450 1001 ψαλτήριον.
467 966 600 998 Ἕκαστος
627 966 655 993 δὲ
678 965 740 1004 ᾖδεν
766 966 812 993 καὶ
837 958 973 1001 ἔψαλλεν1

973 958 986 985 3
1002 966 1170 994 consistebat
1185 965 1280 997 David,
1299 965 1357 1000 ipse
1372 964 1498 999 princeps
1524 965 1675 999 principum
1698 964 1784 991 canti-

160 1007 252 1043 ὑμνῶν
263 1009 310 1035 τὸν
325 1009 391 1036 Θεὸν
404 1010 473 1046 ἁγίῳ
489 1011 625 1046 Πνεύματι
644 1011 826 1046 τεταγμένως.
855 1011 948 1038 Ἡνίκα

1002 1020 1108 1044 corum,
1126 1020 1207 1039 manu
1225 1016 1345 1039 tractans
1356 1011 1525 1047 psalterium.
1543 1010 1648 1046 Singuli
1663 1018 1728 1038 vero
1739 1018 1784 1037 ca-

159 1054 248 1081 τοίνυν
259 1055 373 1091 ἐσκίρτα
386 1056 415 1082 τὸ
425 1056 536 1092 Πνεῦμα
547 1057 592 1084 ἐπί
603 1066 662 1084 τινα
675 1058 728 1084 τῶν
743 1057 879 1093 ἀρχόντων
892 1058 947 1084 τῶν

1001 1058 1102 1086 nebant
1117 1061 1145 1085 et
1161 1058 1323 1093 psallebant,
1344 1057 1452 1093 hymnis
1471 1057 1553 1084 Deum
1565 1057 1708 1087 concinne,
1722 1055 1783 1091 Spi-

159 1100 317 1137 ψαλτῳδῶν,
329 1103 353 1129 οἱ
365 1103 452 1130 λοιποὶ
477 1104 591 1139 ἡσυχίαν
611 1100 678 1139 ἦγον
706 1104 879 1139 παρεστῶτες
900 1104 948 1131 xui.

1000 1105 1054 1131 ritu
1073 1108 1167 1132 sancto
1179 1104 1256 1136 moti,
1278 1104 1455 1132 celebrantes.
1469 1103 1537 1131 Cum
1556 1104 1647 1138 itaque
1664 1102 1781 1137 Spiritus

160 1145 342 1179 ὑπακούοντες
351 1148 388 1182 (1)
398 1150 549 1184 συμφώνως
556 1149 595 1184 τῷ
605 1149 741 1184 ψάλλοντι,
757 1148 946 1182 Ἀκηλτηαῖοεύῒα⁸

1004 1151 1031 1177 in
1046 1150 1201 1185 quempiam
1213 1150 1366 1185 principum
1383 1153 1525 1177 cantorum
1550 1149 1676 1180 insilirct,
1692 1150 1781 1176 caeteri

159 1196 249 1229 quiete
270 1197 385 1230 agebant
404 1200 525 1224 astantes
548 1205 579 1224 ac
596 1205 662 1225 voce
677 1205 797 1224 consona
816 1198 942 1232 psallenti
960 1198 1169 1234 respondentes,
1190 1198 1317 1226 Alleluia.

199 1241 244 1267 Ἐν
265 1243 297 1276 τῇ
319 1241 449 1278 Ἑϐραῖκῇ
466 1242 548 1278 βίϐλῳ
565 1243 618 1269 τῶν
631 1243 745 1279 ψαλμῶν
762 1243 825 1271 ἄνευ
837 1244 886 1280 τῆς
901 1243 948 1270 τοῦ

1036 1245 1065 1272 ln
1086 1243 1219 1272 Hebraico
1235 1244 1404 1272 Psalmorum
1417 1243 1496 1276 libro,
1512 1244 1708 1279 psalmiomnes
1722 1243 1781 1270 sine

159 1287 276 1323 ἀριθμοῦ
291 1289 448 1324 προσθήκης
463 1289 654 1325 ἀνεγράφησαν
669 1291 693 1316 οἱ
711 1290 809 1322 πάντες
828 1290 874 1317 καὶ
888 1290 946 1317 δια-

1001 1289 1106 1317 numeri
1121 1289 1259 1317 additionc
1276 1290 1350 1316 varie
1365 1289 1489 1324 inscripti
1507 1294 1581 1317 sunt.
1598 1289 1630 1316 Et
1641 1292 1706 1317 sunt
1720 1289 1780 1323 qui-

159 1332 257 1368 φόρως.
285 1333 316 1359 Ol
336 1334 386 1368 μέν
404 1335 456 1361 εἰσι
481 1335 658 1370 συνημμένοι,
682 1337 706 1362 οἱ
727 1335 754 1362 δὲ
776 1335 944 1372 διῃρημένοι.

999 1337 1059 1365 dem
1075 1337 1120 1364 alii
1136 1337 1287 1372 conjuncti,
1300 1337 1345 1364 alii
1362 1345 1425 1365 vero
1439 1337 1529 1365 divisi.
1548 1336 1619 1364 Sane
1634 1337 1739 1372 primus
1754 1341 1779 1363 ct

164 1377 271 1412 Ἀμέλει
287 1379 301 1404 ὸ
316 1379 365 1413 μὲν
382 1379 489 1414 πρῶτος
503 1379 550 1406 καὶ
563 1379 686 1415 δεύτερος
710 1380 876 1416 συνημμένοι
892 1381 945 1407 εἰσὶ

999 1384 1135 1412 secundus
1149 1384 1226 1418 juxta
1240 1382 1402 1411 Hebraicum
1419 1383 1600 1418 copulantur:
1615 1391 1703 1410 nonus
1714 1391 1779 1410 con-

158 1423 228 1450 κατὰ
243 1423 273 1450 τὸ
295 1424 452 1458 Ἐϐραῐκόν·
471 1425 517 1451 καὶ
533 1425 613 1452 πάλιν
625 1427 639 1452 ὁ
655 1425 757 1457 ἔνατος,
774 1426 944 1461 συνημμένος

998 1434 1039 1457 tra
1051 1430 1098 1465 qui
1116 1430 1187 1464 apud
1203 1438 1253 1457 nos
1268 1429 1433 1463 coniunctus
1450 1433 1501 1459 est,
1518 1429 1545 1455 in
1557 1428 1626 1456 duos
1637 1428 1707 1463 apud
1722 1427 1777 1455 He-

158 1469 221 1504 παρ’
235 1469 311 1504 ἡμῖν,
335 1469 363 1495 ὲν
375 1469 413 1504 τῷ
434 1469 570 1505 Ἐϐραῖκῷ
585 1470 708 1505 διῄρηται
725 1472 764 1502 εἰς
785 1470 840 1498 δύο,
856 1472 944 1507 Παρα-

997 1476 1118 1503 braicum
1136 1479 1240 1503 textum
1261 1474 1443 1503 distribuitur.
1465 1474 1670 1501 Observandum
1687 1477 1776 1501 autem

157 1515 287 1550 τηρητέον
303 1515 342 1546 δὲ,
363 1515 404 1542 ὅτι
423 1516 459 1550 μὴ
477 1516 548 1542 κατὰ
562 1516 720 1543 ἀκολουθίαν
741 1517 794 1543 τῶν
806 1517 856 1552 τῆς
874 1517 944 1543 ιστο-

996 1524 1049 1553 est,
1067 1528 1123 1547 non
1140 1519 1173 1547 ad
1188 1520 1285 1547 seriem
1298 1520 1420 1547 historiae
1435 1524 1600 1553 temporum,
1610 1519 1776 1553 psalmorum

160 1560 217 1597 βίας
233 1562 339 1598 χρδνων
355 1563 371 1598 ἡ
388 1561 442 1588 τῶν
457 1561 572 1597 ψαλμῶν
594 1562 733 1596 σύγκειται
755 1562 845 1594 τάξις·
864 1563 942 1599 ἐνήλ-

996 1566 1120 1594 ordinem
1131 1566 1309 1593 constitutum
1326 1573 1405 1593 esse:
1425 1565 1558 1599 siquidem
1578 1564 1692 1591 multum
1703 1571 1778 1590 com-

156 1608 251 1635 λακται
262 1609 291 1636 δὲ
302 1609 377 1644 παρὰ
391 1609 468 1640 πολὺ,
486 1608 576 1640 καθὼς
591 1609 606 1644 ἡ
621 1609 709 1644 βίϐλος
720 1609 773 1635 τῶν
785 1609 940 1642 Βασιλειῶν,
958 1637 967 1646 1

966 1637 976 1646 π
996 1615 1125 1643 mutatur.
1138 1611 1177 1639 uti
1189 1611 1345 1646 Regnorum
1358 1611 1426 1637 liber
1442 1618 1473 1637 ac
1487 1610 1528 1637 vel
1538 1610 1596 1645 ipse
1610 1610 1677 1637 ordo
1691 1609 1777 1637 decla-

157 1654 203 1680 καὶ
219 1654 289 1689 αὕτη
302 1656 319 1689 ἡ
342 1637 416 1686 τάξις
431 1637 514 1690 δηλοῖ.
533 1637 636 1689 [Ioni-71.;
661 1637 748 1681 τοίνυν
773 1637 943 1691 κιτιτακροιτηζ
957 1637 968 1664 (

966 1637 977 1664 3
995 1660 1047 1684 rat.
1063 1656 1129 1684 Cum
1146 1637 1336 1690 itaqueumulto
1352 1655 1513 1682 idololatria:
1538 1637 1635 1688 g'encre
1646 1653 1777 1681 Iudaicus

158 1699 244 1734 σάτης
270 1699 486 1735 εἰδωλολατρείας
510 1699 557 1726 τοῦ
578 1699 710 1726 Ἰουδαίων
737 1699 838 1731 ἔθνους,
860 1699 943 1735 λήθην

995 1702 1111 1737 populus
1128 1702 1304 1734 detineretur,
1322 1701 1417 1728 dicunt
1434 1708 1466 1728 eo
1479 1708 1566 1735 usque
1577 1700 1730 1732 devenisse,
1746 1703 1777 1726 ut

158 1745 257 1777 αὐτούς
281 1754 346 1780 φασι
370 1746 532 1781 πεποιῆσθαι
547 1746 601 1772 τῶν
624 1746 745 1782 πατρίων
768 1747 890 1782 γραφῶν,
905 1748 943 1779 ὼς

995 1749 1097 1783 patrias
1112 1749 1262 1784 scripturas
1288 1756 1303 1776 e
1327 1747 1459 1775 memoria
1478 1747 1678 1779 oblitterarent,
1697 1747 1734 1774 ita
1747 1751 1776 1774 ut

159 1792 225 1827 μηδὲ
249 1791 296 1818 τοῦ
313 1791 450 1823 Μωῡσέως
466 1791 547 1827 νόμου
562 1791 651 1826 βίϐλον
672 1791 858 1827 ἐπιφέρεσθαι,
877 1792 942 1827 μηδὲ

994 1802 1081 1829 neque
1094 1793 1219 1822 Mosaicae
1235 1794 1301 1829 legis
1316 1793 1384 1820 liber
1409 1793 1480 1819 ultra
1495 1793 1673 1827 reperiretur,
1687 1799 1775 1826 neque

158 1838 267 1872 μνήμην
277 1837 325 1871 τῆς
338 1836 391 1863 τῶν
403 1836 527 1871 πατέρων
539 1836 678 1868 εὐσεϐείας
692 1837 852 1869 ἀποσώζειν.
865 1837 942 1864 Οὕτω

994 1842 1113 1873 paterna:
1125 1838 1232 1873 pietatis
1247 1837 1406 1865 memoriam
1416 1840 1620 1864 conservarent.
1632 1835 1775 1862 Enimvero

157 1883 219 1916 γοῦν
231 1883 294 1914 τοὺς
312 1883 452 1918 προφήτας
464 1882 578 1918 ἀνῄρουν
597 1882 780 1918 διελέγχοντας
793 1883 881 1910 αὐτῶν
893 1883 942 1914 τὰς

993 1884 1140 1919 prophetas
1167 1883 1337 1918 impietatem
1365 1889 1443 1910 suam
1463 1885 1645 1917 coarguentes
1671 1879 1774 1908 interli-

157 1928 322 1960 δυσσεϐείας.
347 1928 413 1955 Οὐδὲ
430 1929 477 1955 νῦν
498 1928 652 1963 θαυμαστὸν
674 1929 702 1954 ὲν
726 1928 836 1964 τοιαύτῃ
857 1937 941 1955 κατα-

993 1929 1110 1956 ciebant.
1126 1928 1198 1956 Nihil
1224 1929 1315 1963 itaque
1335 1928 1434 1955 mirum
1452 1931 1494 1954 est
1507 1926 1534 1953 in
1556 1926 1602 1953 tali
1620 1932 1772 1961 temporum

157 1974 248 2001 στάσει
265 1974 368 2009 καιρῶν
385 1974 432 2001 καὶ
446 1974 499 2000 τῶν
516 1974 707 2010 ἐμφερομένων
720 1974 796 2005 τινὰς
810 1975 842 2009 τῇ
860 1973 942 2009 βίϐλῳ

992 1974 1158 2007 conditione,
1168 1974 1287 2009 psalmos
1297 1974 1400 2008 aliquot
1413 1972 1478 2000 olim
1488 1973 1515 1999 in
1527 1971 1696 1999 Psalmorum
1705 1971 1773 1999 libro

155 2021 208 2047 τῶν
219 2021 335 2056 ψαλμῶν
348 2020 576 2052 διαπεπτωκέναι,
595 2021 664 2057 λήθῃ
679 2030 708 2047 τε
722 2022 835 2056 μακροῖς
852 2029 941 2058 παρα-

992 2023 1178 2052 occurrentes,
1197 2020 1277 2055 longe
1294 2027 1429 2047 annorum
1451 2018 1588 2045 curriculo
1604 2017 1709 2045 incurla
1725 2017 1774 2045 ob-

154 2065 274 2093 δεδόσθαι
284 2067 398 2102 χρόνοις.
403 2067 484 2093 Ὕστε
489 2076 533 2103 ρον
540 2066 567 2093 δὲ
576 2067 644 2102 μετὰ
650 2067 746 2099 ταῦτα,
754 2067 809 2093 εἴτε
814 2067 845 2093 Ἔ
849 2067 939 2103 σδραν,

992 2066 1128 2093 litteratos
1143 2065 1288 2095 excidisse.
1309 2064 1365 2092 Sub
1377 2065 1434 2092 hate
1451 2068 1541 2091 autem
1558 2064 1635 2090 aiunt
1650 2063 1708 2091 sive
1724 2064 1772 2090 Es-

153 2111 208 2138 εῐτε
232 2113 307 2144 τινὰς
323 2113 432 2148 ἑτέρους
449 2113 600 2149 προφήτας,
627 2114 690 2149 περὶ
710 2114 758 2149 τὴν
783 2113 941 2149 συναγωγὴν

991 2113 1079 2144 dram,
1089 2112 1147 2140 sive
1158 2112 1227 2139 alios
1238 2111 1370 2147 quosdam
1380 2112 1537 2146 prophetas,
1546 2111 1620 2146 ipsos
1630 2109 1772 2144 colligendi

153 2157 243 2184 αὐτῶν
257 2158 460 2190 ἐσπουδακέναι,
474 2159 534 2194 μεθ’
547 2155 584 2185 ὧν
595 2159 642 2185 καὶ
649 2159 697 2194 τὴν
708 2159 797 2194 βίϐλον
808 2159 861 2186 τῶν
873 2159 942 2194 ψαλ-

991 2165 1084 2185 curam
1103 2158 1258 2193 suscepisse
1271 2177 1278 2190 ,
1299 2161 1447 2192 posteaque
1475 2155 1645 2183 Psalmorum
1674 2155 1784 2182 librum'

155 2203 212 2237 μῶν
226 2203 365 2238 ήγιοχέναι
389 2204 461 2239 (sic),
477 2204 527 2230 οὐκ
549 2203 655 2239 ἁθρόως
670 2204 783 2240 εὑρόντα
797 2205 860 2236 τοὺς
874 2204 942 2231 πάν-

991 2211 1178 2237 consecrasse,
1197 2211 1247 2230 nec
1258 2202 1401 2230 confertim
1419 2206 1542 2237 repertos
1564 2209 1659 2228 omnes
1676 2200 1771 2232 fuisse,

152 2255 210 2281 τας,
228 2249 296 2276 ἀλλὰ
308 2250 375 2276 κατὰ
388 2250 530 2286 διαφόρους
546 2250 666 2285 χρόνους.
682 2251 736 2276 Καὶ
753 2250 857 2277 τάττειν
870 2250 897 2277 δὲ
911 2251 940 2277 ὲν

991 2249 1039 2277 sed
1053 2249 1170 2281 diversis
1186 2249 1364 2284 temporibus.
1386 2248 1494 2276 Primos
1516 2252 1606 2275 autem
1622 2247 1773 2274 collocasse

152 2294 272 2330 πρώτοις
283 2296 345 2326 τοὺς
355 2294 479 2330 πρώτους
495 2295 718 2331 εὑρισκομένους·
737 2295 803 2331 μηδὲ
817 2296 880 2328 τοὺς
892 2295 938 2322 τοῦ
955 2305 963 2333 ι

961 2305 977 2333 ο
991 2303 1038 2324 eos
1051 2295 1096 2330 qui
1112 2295 1194 2330 primi
1210 2295 1312 2322 inventi
1332 2295 1439 2322 fuerant
1458 2303 1465 2326 ;
1493 2294 1612 2328 hincque
1626 2293 1726 2320 factum
1742 2297 1772 2319 ut

152 2339 232 2368 Δαυτδ
249 2340 346 2376 ἐφεξῆς
362 2340 468 2367 κεῖσθαι
488 2341 608 2373 πάντας·
624 2341 652 2368 ἐν
671 2351 702 2368 τε
716 2341 755 2377 τῷ
772 2340 872 2377 μεταξὺ
891 2342 938 2369 καὶ

990 2342 1008 2369 ii
1024 2342 1100 2377 quia
1116 2340 1217 2368 Davide
1242 2340 1389 2374 conscripti
1410 2343 1473 2368 sunt
1496 2346 1550 2366 non
1573 2341 1772 2372 consequenter

150 2386 205 2412 τῶν
219 2386 286 2412 υἱῶν
298 2386 380 2422 Κορὲ,
399 2386 446 2413 καὶ
459 2386 507 2413 τοῦ
526 2387 621 2421 Ἀσὰφ,
636 2388 682 2414 καὶ
692 2387 871 2423 Σολομῶντος,
892 2388 939 2415 καὶ

986 2389 1106 2424 jaceant,
1136 2387 1183 2416 sed
1201 2386 1335 2414 commisti
1351 2393 1412 2412 cum
1436 2385 1470 2413 iis
1492 2384 1539 2419 qui
1558 2383 1673 2411 filiorum
1689 2382 1769 2414 Core,

150 2431 298 2464 Μωῠσέως,
308 2432 396 2467 Δῐμάν
409 2441 449 2465 τε,
464 2432 511 2459 καὶ
524 2432 618 2466 Δίθὰν,
629 2433 676 2459 καὶ
693 2433 817 2469 Ἰδιθοὺμ.
831 2435 877 2461 καὶ
888 2435 939 2462 πά-

988 2435 1101 2470 Asaphi,
1112 2433 1276 2466 Salomonis,
1286 2432 1396 2468 Moysis,
1406 2431 1516 2463 Eman,
1525 2429 1769 2463 Aithaanitbuni,

150 2477 192 2504 λιν
209 2478 256 2505 τοῦ
271 2478 351 2506 Δαυτδ
362 2479 536 2514 εὑρίσκεσθαι
550 2479 650 2515 ἀναμὶξ
661 2480 690 2506 ὲν
703 2480 735 2515 τῇ
756 2479 839 2516 βίϐλῳ
854 2490 932 2508 κατα-

989 2488 1154 2516 rursumque
1167 2478 1278 2507 Davidis
1296 2478 1494 2508 inscribuntur,
1514 2483 1568 2505 non
1584 2475 1689 2503 ratione
1702 2478 1770 2502 tem-

150 2525 343 2561 τεταγμένους,
369 2525 399 2551 οὐ
411 2524 470 2551 καθ’
487 2524 533 2556 οὓς
558 2524 705 2560 ἐλέχθησαν
727 2526 847 2561 χρόνους,
870 2527 936 2554 ἀλλὰ

987 2527 1064 2562 poris
1077 2533 1131 2562 quo
1147 2526 1265 2560 primum
1280 2524 1344 2551 editi
1356 2527 1383 2551 et
1398 2521 1576 2558 pronuntiati,
1592 2521 1640 2550 sed
1655 2528 1710 2557 quo
1723 2521 1770 2548 de-

151 2571 212 2597 καθ’
224 2571 269 2602 οὓς
280 2570 418 2606 εὕρηνται.
433 2571 527 2598 Ἔνθεν
537 2579 566 2597 τε
582 2571 717 2607 συμϐῆναι
733 2572 795 2603 τοὺς
805 2574 862 2605 τοῖς
875 2573 935 2609 χρό-

991 2571 1117 2606 prehensi
1128 2573 1201 2598 sunt.
1217 2569 1340 2603 Hincque
1354 2568 1513 2602 contigisse,
1537 2571 1566 2594 ut
1586 2567 1633 2602 qui
1647 2570 1770 2601 tempore

149 2624 205 2649 νος
215 2617 342 2652 ὑστέρους
354 2616 478 2651 πρώτους
491 2609 660 2652 εὑρεθέντας,
674 2616 859 2652 ἀναληφθῆναι
871 2627 934 2654 προ-

989 2616 1155 2652 posteriores
1167 2619 1255 2647 erant,
1272 2623 1334 2642 cum
1349 2614 1429 2648 primi
1440 2613 1539 2648 reperti
1556 2613 1668 2644 fuerint,
1688 2612 1768 2647 primi

148 2661 258 2698 τὲρους·
275 2663 336 2695 τοὺς
351 2663 379 2689 δὲ
395 2663 541 2699 προτέρους
558 2662 626 2697 μετὰ
640 2662 725 2690 ταῦτα
736 2664 895 2699 εὑρεθέντας
905 2665 934 2692 ἐν

986 2662 1098 2697 repositi
1117 2661 1192 2694 sint;
1208 2668 1239 2687 ac
1252 2661 1311 2688 vice
1331 2666 1408 2687 versa
1418 2659 1464 2694 qui
1474 2659 1555 2694 primi
1571 2659 1689 2691 fuerant,
1705 2658 1768 2693 quia

147 2707 262 2744 δευτέρᾳ
272 2709 387 2743 ταγῆναι
401 2707 477 2744 χώρᾳ
486 2716 492 2724 ⁸
507 2709 537 2736 τὸ
547 2708 568 2735 δ’
583 2708 648 2735 αὐτὸ
656 2708 744 2745 εὕροις
755 2710 934 2745 γεγενημένον

986 2710 1048 2742 post
1060 2706 1128 2733 alios
1143 2705 1212 2733 eruti
1222 2708 1296 2738 sunt,
1314 2704 1492 2739 posteriorem
1510 2704 1537 2731 in
1545 2704 1634 2731 locum
1642 2703 1769 2731 sintcon-

149 2751 177 2778 ὲν
189 2754 244 2783 τοῖς
257 2753 419 2788 προφήταις.

985 2752 1071 2780 stituti
1082 2761 1088 2778 :
1098 2752 1170 2786 quod
1181 2751 1269 2786 ipsum
1282 2751 1309 2778 in
1317 2750 1455 2786 prophetis
1463 2750 1563 2778 factum
1571 2749 1766 2785 deprehendas.

183 2797 276 2824 Πάντα
287 2798 381 2833 ὥσπερ
398 2799 426 2824 ὲν
441 2798 550 2832 μεγάλῳ
567 2799 620 2825 τινὶ
634 2798 680 2825 καὶ
691 2798 772 2833 κοινῷ
781 2799 886 2834 ταμείῳ
897 2799 931 2835 τῇ

1021 2798 1051 2824 In
1069 2797 1139 2824 libro
1153 2796 1322 2824 Psalmm‘um
1350 2797 1441 2823 omnia
1459 2803 1509 2823 ceu
1518 2796 1545 2823 in
1559 2802 1657 2830 magno
1670 2801 1702 2821 ac
1717 2802 1768 2829 pu-

152 2841 232 2877 βίϐλῳ
246 2843 300 2869 τῶν
312 2842 427 2878 ψαλμῶν
442 2843 660 2879 τεθησαύρισται.
675 2844 792 2870 Κάκεῖνο
807 2843 834 2870 δὲ
852 2843 935 2879 τηρή-

989 2844 1062 2871 blico
1077 2843 1208 2878 penuario
1218 2841 1356 2869 recondita
1370 2846 1443 2870 sunt.
1456 2841 1661 2870 Observandum
1676 2843 1766 2868 autem

184 2898 220 2938 ll)
241 2898 429 2938 ζχζταθιξούειν,
448 2899 474 2926 id
495 2904 537 2938 est
557 2898 709 2938 respondere
734 2900 840 2928 :multa
857 2900 938 2936 hujus
957 2901 1161 2938 signiﬁcationis
1188 2900 1308 2937 exempla
1329 2901 1469 2929 attulimus
1496 2901 1524 2928 in
1539 2900 1657 2928 editione
1683 2898 1766 2927 Atha-

150 2933 230 2961 nasii.
242 2933 310 2961 Vide
331 2934 358 2960 in
374 2933 549 2962 Onomastico
564 2934 673 2962 ibidem.

271 2981 406 3012 rmot.
423 2981 480 3012 Gn.
505 2981 624 3014 xxnl.
1642 2977 1662 3007 3
