2055 3214
288 221 323 248 π,
653 212 786 242 EUSEBll
805 212 1043 241 CAESARIENSIS
1058 212 1079 241 0

1128 234 1132 240 .
1148 212 1238 240 PARS
1256 211 1301 241 Ill.
1315 227 1351 233 —-
1369 211 1574 241 EXEGETICA.
1871 221 1904 247 τδ

286 283 330 307 est
345 279 442 306 librum
466 278 633 313 psalmorum
649 283 712 314 post
728 278 828 319 Moysis
853 277 950 312 legem,
970 285 1070 304 novam

1128 287 1188 310 ςεις,
1205 279 1242 310 ὠς
1266 280 1282 314 ὴ
1307 279 1396 314 βίϐλος
1413 280 1466 305 τῶν
1483 278 1597 313 ψαλμῶν
1621 276 1714 312 καινὴν
1733 276 1906 304 διδασκαλίαν

288 325 432 360 complecti
461 325 634 356 doctrinam,
657 325 800 359 ipsumque
818 327 879 358 post
895 327 1071 350 memoratam

288 371 389 406 Moysis
417 371 593 406 scripturam,
611 370 778 402 secundum,
795 370 828 396 ad
843 369 994 396 doctrinam
1010 377 1072 404 spe-

287 421 417 449 ctantem,
427 425 487 445 esse
499 417 607 444 librum.
616 416 684 444 Cum
696 417 787 451 itaque
800 420 861 451 post
873 419 988 442 mortem
998 415 1072 450 Moy-

289 464 327 491 sis
340 467 367 491 et
389 462 465 494 Jesu,
479 467 504 489 et
523 466 583 497 post
596 462 721 497 judicum
733 466 852 496 tempus,
869 461 952 489 David
962 465 1070 489 aetatem

288 509 415 542 duxerit;
444 511 539 543 utpote
565 509 612 543 qui
637 508 786 536 Salvatoris
813 512 891 542 pater
918 507 1072 542 nuncupari

288 555 429 588 memerit,
445 563 548 582 novum
571 555 628 589 ipse
642 555 764 586 modum,
781 553 940 589 psalmodiae
956 554 1070 585 scilicet,

288 602 392 636 primus
404 600 524 628 Hebrmis
540 601 670 633 tradidit;
684 608 738 635 quo
750 600 795 626 illa
813 607 873 634 qme
884 599 917 627 de
929 599 1072 627 sacriﬁciis

288 654 303 673 a
319 646 409 682 Moyse
428 647 532 674 sancita
548 646 655 674 fuerant
672 647 704 673 de
716 645 807 673 medio
826 646 905 677 tollit,
915 652 1072 680 novumque

288 691 373 718 divini
402 691 493 718 cultus
524 698 628 718 morem
644 698 693 726 per
708 690 824 726 hymnos
840 698 871 718 ac
894 690 1072 725 jubilationes

288 737 414 764 invehit:
432 738 540 772 aliaque
566 737 635 764 bene
660 737 746 764 multa
766 737 866 772 Moysis
891 737 979 773 legem
994 737 1073 772 longe

283 783 445 818 superantia
460 791 507 818 per
523 787 609 810 totum
624 791 693 818 opus
706 782 811 810 edocet.

411 871 520 900 Eusebii
530 871 703 899 Cmsariensis
716 871 747 898 de
759 872 947 906 diapsalmate.

323 918 479 953 Diapsalma
500 918 672 952 scripserunt
697 917 861 952 interpretes
889 916 928 944 illi
949 916 1070 953 quinque

287 965 437 1001 principes,
462 964 537 999 quia
551 963 653 991 Davide
678 971 741 998 rege
757 971 790 990 ex
807 963 880 990 tribu
903 962 968 990 Levi
982 961 1071 989 allecti
1087 961 1107 988 Β

288 1015 352 1040 sunt
370 1020 377 1044 ;
405 1009 522 1046 quorum
537 1010 596 1038 haec
613 1010 723 1038 nomina
740 1018 745 1035 :
774 1009 882 1044 Asaph,
912 1009 959 1036 ﬁlii
990 1008 1070 1040 Core,

288 1057 530 1090 Emamﬂtham,
546 1057 663 1084 ldithum
679 1067 684 1084 :
701 1056 784 1084 hosce
795 1060 887 1084 certus
902 1056 1072 1084 canticorum

289 1111 420 1131 numerus
435 1102 664 1137 consequebatur.
691 1102 795 1129 scilicet
810 1101 934 1136 singulos
963 1104 1073 1135 septua-

289 1149 365 1184 ginta
380 1147 444 1175 duo.
460 1146 493 1174 111
508 1147 619 1174 stabant
631 1147 657 1174 in
673 1151 823 1181 conspectu
843 1145 994 1173 sanctuarii
1017 1145 1073 1172 Do~

288 1195 367 1227 mini,
396 1193 538 1221 laudantes
556 1193 679 1220 omnium
694 1191 840 1219 Dominum
857 1199 864 1223 ;
878 1191 948 1218 alius
963 1190 1074 1226 cymba-

284 1240 325 1270 .la,
344 1239 415 1266 alius
441 1238 613 1273 psalterium,
632 1238 703 1264 alius
730 1237 851 1272 Cinyram
867 1256 875 1268 ,
891 1236 961 1263 alius
980 1235 1074 1262 tubam

274 1291 428 1316 corneam,
446 1284 516 1311 alius
531 1283 665 1310 citharam
677 1283 796 1310 tenebat.
809 1282 930 1315 Quorum
943 1281 971 1308 in
985 1280 1075 1308 medio

271 1345 274 1347 -
289 1331 380 1359 stabat
396 1330 491 1358 David.
508 1330 618 1365 llocque
633 1333 713 1365 pacto
727 1330 834 1356 cantica
850 1328 1074 1363 auspicabantur,

289 1378 448 1413 hujusmodi
468 1377 651 1405 instrumenta
674 1375 803 1403 manibus
824 1379 960 1403 tenentes.
986 1374 1075 1409 Atque

270 1435 273 1439 ν
289 1425 402 1460 singuli,
418 1423 522 1458 Spiritu
536 1425 631 1450 sancto
647 1425 783 1453 movente,
799 1420 883 1449 Deum
907 1420 1016 1454 hymnis
1031 1428 1076 1448 ee-

288 1469 452 1502 lehrabant,
471 1476 620 1503 omnesque
647 1475 701 1495 una
727 1467 854 1502 psallenti
883 1465 1075 1498 succinebant,

289 1515 416 1542 Alleluia.
428 1514 586 1541 Absistente
602 1516 693 1540 autem
707 1512 742 1539 ad
767 1512 850 1539 breve
865 1515 972 1546 tempus
988 1509 1077 1545 Spiri-

289 1566 335 1589 tus
343 1560 431 1589 sancti
439 1559 538 1595 gratia,
547 1559 658 1594 organis
667 1558 797 1593 deinceps
806 1557 991 1589 cessantibus,
999 1561 1076 1590 tunc,

291 1609 332 1636 uti
348 1615 397 1643 par
406 1611 477 1639 erat,
494 1606 647 1641 diapsalma
661 1604 830 1632 scribebant.

581 1649 742 1677 PSALMUS
762 1648 782 1677 1.

325 1698 409 1725 Vsus.
424 1698 450 1724 L
467 1697 564 1724 Beatus
578 1697 616 1723 vir
624 1697 668 1731 qui
681 1704 732 1722 non
745 1695 809 1722 abiit
823 1695 852 1722 in
868 1695 1080 1730 consilioimpz‘o-

293 1753 363 1772 rum.
396 1742 622 1777 Quandoquidem
652 1742 694 1769 vel
723 1742 783 1776 ipso
811 1745 917 1768 naturae
949 1741 1080 1769 instinctu

290 1798 388 1819 omnes
403 1788 784 1823 beatitudinemappetimus,
813 1788 879 1814 boni
909 1787 988 1815 ﬁnem
1018 1792 1076 1814 sta-

292 1840 399 1865 tuentes
416 1835 589 1868 felicitatem;
615 1841 764 1870 errareque
787 1834 887 1861 mentis
909 1833 983 1861 ducti
1006 1841 1082 1860 com-

291 1884 393 1920 plures,
411 1882 484 1910 illam
500 1881 529 1909 in
551 1880 737 1916 Voluptatibus
753 1880 893 1914 corporeis
907 1879 1081 1914 quaerendam

293 1934 408 1966 putant,
428 1928 548 1960 divitias,
563 1927 709 1962 dignitates
721 1946 729 1959 ,
745 1925 944 1961 praisentisque
959 1924 1021 1952 vita:
1035 1932 1082 1951 vn-

294 1978 413 2013 lnptates
434 1976 460 2003 in
487 1974 574 2010 pretio
591 1974 738 2006 habentes;
763 1972 827 1999 hinc
841 1971 903 2007 jure
918 1971 1082 2006 hymnorum

295 2023 328 2050 ad
344 2023 429 2050 Deum
443 2020 608 2048 laudandum
623 2019 767 2047 exordium
779 2018 891 2046 ductum
907 2021 959 2050 est,
973 2016 1084 2044 descri—

293 2068 425 2103 biturque
441 2066 569 2101 quisnam
591 2073 653 2092 vere
681 2065 777 2092 beatus
801 2064 856 2095 sit,
881 2066 962 2098 atque
981 2062 1083 2089 bonum

294 2114 374 2141 ﬁnem
391 2121 406 2140 a
424 2112 478 2140 Deo
494 2115 689 2146 cansequatur.
713 2110 748 2136 Et
763 2117 829 2138 sane
850 2109 911 2140 hic,
934 2108 999 2143 quia
1021 2114 1083 2143 per-

294 2168 377 2196 quam
398 2159 454 2186 rari
476 2158 584 2186 fuerant
595 2157 614 2184 ii
630 2157 677 2192 qui
688 2156 752 2184 olim
768 2155 851 2191 probe
866 2155 950 2182 vitam
960 2157 1082 2188 egerant,

295 2213 381 2234 unum
409 2205 562 2239 quempiam
590 2203 699 2230 beatum
725 2201 854 2236 praedicat
876 2199 1031 2227 Psalmista.
1050 2199 1084 2225 At

296 2253 425 2280 Servator
439 2254 532 2278 noster
547 2250 594 2284 qui
619 2248 775 2282 complures
798 2247 892 2275 beatos
909 2245 1012 2277 effecit,
1027 2245 1085 2280 plu-

296 2299 390 2327 raliter
418 2296 600 2325 beatitndincs
625 2295 737 2330 profert.
770 2293 880 2320 Primus
908 2296 997 2319 autem
1026 2291 1086 2326 ipse

294 2346 357 2381 jure
376 2345 484 2372 dicatur
503 2349 597 2370 eorum
613 2342 658 2376 qui
671 2341 741 2369 beati
768 2340 960 2375 praedicantur.
983 2337 1085 2370 Quam-

296 2391 391 2418 obrem
419 2389 448 2417 in
473 2389 548 2416 illum
573 2386 733 2414 referendus
759 2386 864 2421 primus
884 2384 1007 2420 psalmus
1029 2386 1083 2415 est,

297 2441 392 2472 utpote
402 2435 448 2471 qui
462 2435 503 2462 vir
519 2434 602 2462 fuerit
617 2432 746 2460 Ecclesia:
773 2438 881 2466 sponsae
909 2437 974 2458 suae.
1006 2428 1085 2462 Quod

297 2483 404 2511 videtur
431 2481 565 2510 Hebraica
589 2487 657 2508 voce
683 2477 851 2513 signiﬁcari,
875 2476 952 2511 juxta
986 2483 1085 2510 quam,

298 2529 397 2557 Beatus
413 2529 462 2560 vir,
478 2535 541 2555 eum
556 2525 666 2553 articuli
683 2524 775 2552 addito
791 2524 894 2551 dictum
910 2526 962 2550 est.

334 2574 370 2602 Et
381 2575 407 2601 in
423 2575 465 2601 via
483 2577 648 2608 peccatorum
671 2579 722 2598 non
737 2571 829 2603 stetit,
859 2574 883 2597 et
907 2569 936 2595 in
964 2569 1088 2595 cathedra

298 2622 481 2658 pestiferorum
510 2628 561 2647 non
580 2619 658 2646 sedit.
678 2617 764 2645 Primi
790 2620 854 2645 sunt
881 2616 928 2651 qui
956 2615 1025 2642 falso
1039 2621 1088 2641 no-

301 2669 402 2695 minata
417 2666 571 2702 cognitione
587 2665 681 2692 imbuti
700 2668 763 2692 sunt
775 2663 786 2699 {
789 2663 815 2691 id
831 2666 873 2690 est
886 2661 1026 2698 gnostici],
1040 2660 1087 2695 qui

300 2713 369 2741 nihil
381 2712 488 2740 ﬁrmum
504 2711 653 2746 stabileque
665 2710 779 2743 habent;
799 2708 846 2736 sed
861 2716 911 2744 pro
925 2707 1011 2735 lubito
1025 2714 1086 2737 suo,

300 2760 376 2788 nullo
386 2760 511 2787 examine
522 2758 680 2793 ponderatis
698 2756 910 2791 cogitationibus
924 2757 1068 2781 moventur
1077 2771 1085 2786 ,

303 2805 378 2841 impii
395 2805 529 2833 homines.
555 2802 672 2831 Secundi
690 2806 753 2831 sunt
775 2804 909 2837 quotquot
925 2803 986 2835 post
997 2798 1090 2834 cogni-

300 2853 402 2879 tionem
414 2849 538 2878 veritatis
552 2850 579 2877 in
594 2852 705 2884 peccata
729 2848 863 2876 incidunt.
890 2845 975 2873 Tertii
1002 2844 1088 2880 pesti-

334 2899 375 2934 .(ll
394 2898 423 2925 ld
438 2901 489 2929 est,
499 2898 533 2925 de
544 2897 633 2926 medio
644 2898 713 2925 tollit
726 2896 923 2934 sacriﬁciorum
940 2894 1023 2934 leges,
1036 2900 1092 2920 non

301 2930 391 2963 rei‘nsa
402 2934 545 2967 abolendo,
560 2934 607 2961 sed
623 2931 829 2962 praenuntiando
838 2930 1008 2963 abrogandas
1018 2936 1090 2958 esse.

1111 323 1243 358 -περιέχει
1258 324 1326 359 μετὰ
1335 325 1384 359 τὴν
1399 324 1536 354 Μωῡσέως
1553 323 1721 357 νομοθεσίαν,
1734 322 1781 350 καὶ
1796 323 1836 349 ὅτι
1848 322 1906 349 δευ-

1122 369 1186 403 τέρα
1203 369 1269 404 μετὰ
1283 370 1331 405 τὴν
1347 370 1480 401 Μωῡσέως
1492 369 1650 404 νομοθεσίαν
1663 369 1770 404 γραφὴν
1780 368 1906 395 διδασκα-

1121 415 1183 450 λικὴ
1199 415 1288 449 βίϐλος
1302 415 1370 450 αὕτη
1384 416 1522 450 τυγχάνει.
1535 415 1611 442 Μετὰ
1626 414 1690 449 γοῦν
1707 415 1755 449 τὴν
1769 414 1907 446 Μωῡσέως

1121 461 1168 487 καὶ
1185 462 1270 496 Ἰησοῦ
1287 462 1413 497 τελευτὴν
1429 463 1475 488 καὶ
1495 461 1563 497 μετά
1576 462 1638 493 τοὺς
1653 460 1747 496 κριτὰς
1767 459 1846 487 Δαυῗδ
1861 469 1908 495 γε-

1122 505 1241 542 νόμενος,
1260 507 1360 534 ὡσανεὶ
1375 507 1421 534 τοῦ
1437 508 1559 543 Σωτῆρος
1578 507 1657 538 αὐτὸς
1675 506 1841 542 χρηματίσαι
1857 515 1909 532 πα-

1122 554 1174 589 τὴρ
1191 554 1377 586 καταξιωθεὶς,
1396 554 1487 581 καινὸν
1504 555 1604 589 τρόπον
1621 553 1666 580 τὸν
1687 554 1734 588 τῆς
1750 553 1908 588 ψαλμῳδίας

1123 599 1228 636 πρῶτος
1246 600 1379 635 ΙΕὸραίοις
1388 600 1528 636 παρέδωκε
1537 609 1543 615 ⁸
1556 597 1629 635 δι’ἦς
1637 599 1742 635 ἀναιρεῖ
1755 599 1793 634 (1)
1814 599 1861 634 μὲν
1874 598 1909 625 τὰ

1123 645 1198 680 παρὰ
1211 647 1312 682 Μωῡσῇ
1331 646 1394 682 περὶ
1407 646 1505 672 θυσιῶν
1519 645 1758 681 νενομοθετημένα,
1774 645 1865 671 καινὸν
1880 645 1909 671 δὲ

1121 691 1167 717 τὸν
1174 691 1206 717 δι’
1218 691 1309 726 ὕμνων
1327 692 1373 718 καὶ
1379 691 1544 727 ἀλαλαγμῶν
1554 692 1652 727 τρόπον
1659 691 1709 726 τῆς
1722 691 1768 717 τοῦ
1781 691 1848 717 Θεοῦ
1862 690 1910 717 λα-

1121 738 1213 773 τρείας
1237 738 1340 772 εἰσάγει
1353 746 1359 753 ·
1376 738 1423 764 καὶ
1444 737 1510 764 ἄλλα
1526 737 1555 764 δὲ
1567 737 1680 763 πλεῖστα
1702 736 1748 763 τὸν
1772 736 1910 767 Μωΰσέως

1121 784 1202 819 νόμον
1227 783 1448 818 ὲπαναϐεϐηκότα
1469 783 1501 810 δι’
1517 783 1581 819 ὅλης
1603 783 1685 810 αὐτοῦ
1709 783 1758 819 τῆς
1780 790 1910 818 πραγμα-

1124 830 1198 862 τείας
1213 830 1343 857 διδάσκει.

1156 876 1302 904 Εὐσεϐίου
1316 876 1493 910 ΚαισαρεΙας
1505 874 1572 910 περὶ
1585 874 1636 902 τοῦ
1655 873 1868 909 διαψάλματος.

1158 922 1300 958 Ἔγραψαν
1324 921 1354 948 τὺ
1380 921 1518 957 meq/ama
1541 922 1565 947 οἱ
1591 920 1807 956 ἑρμηνεύσαντες
1829 920 1912 946 πέντε

1122 967 1260 1003 ἄρχοντες,
1282 967 1306 994 οἳ
1323 967 1475 1002 ἐξελέγοντο
1491 967 1544 994 ὑπὸ
1560 966 1639 993 Δαυτδ
1662 965 1707 992 τοῦ
1731 965 1860 1001 βασιλέως
1879 967 1912 992 ὲκ

1121 1013 1172 1048 τῆς
1187 1013 1273 1048 φυλῆς
1285 1014 1359 1039 Λευῖ·
1374 1009 1411 1039 ὧν
1422 1012 1456 1039 τὰ
1469 1012 1589 1047 ὀνόματά
1599 1012 1652 1038 εἱσι
1667 1012 1762 1044 ταῦτα,
1781 1011 1874 1045 Ἀσὰφ,
1886 1013 1911 1038 ot

1123 1059 1176 1085 υἱοὶ
1190 1059 1272 1095 Κορὲ,
1288 1058 1386 1094 Αἰμὰν,
1401 1059 1502 1094 Αίθὰμ,
1526 1056 1655 1093 Ἰδιθούμ·
1671 1057 1775 1089 τούτοις
1796 1057 1912 1093 ἀριθμὸς

1123 1105 1198 1140 ᾠδῶν
1214 1105 1423 1141 παρηκολούθει,
1437 1105 1545 1140 ἑκάστῳ
1564 1104 1746 1140 ἑϐδομήκοντα
1758 1103 1814 1131 δύο.
1833 1101 1913 1130 Οὗτοι

1124 1152 1231 1178 ἵσταντο
1251 1150 1365 1178 ἐνώπιον
1386 1151 1432 1178 τοῦ
1451 1150 1621 1186 ἁγιάσματος
1642 1150 1755 1186 Κυρίου,
1776 1148 1913 1180 αἰνοῦντες

1124 1198 1168 1224 τὸν
1185 1197 1293 1224 πάντων
1303 1197 1452 1233 δεσπότην,
1467 1197 1496 1229 ὃς
1511 1197 1559 1232 μὲν
1575 1195 1713 1231 κύμϐαλα,
1733 1196 1762 1227 ὃς
1775 1195 1803 1222 δὲ
1815 1194 1914 1230 ψαλτή-

1126 1253 1192 1280 ριον,
1213 1244 1241 1275 ὃς
1258 1243 1286 1270 δὲ
1303 1242 1431 1279 κινύραν,
1451 1243 1480 1274 ὃς
1492 1242 1521 1269 δὲ
1541 1242 1697 1277 κερατίνην,
1714 1241 1743 1273 ὃς
1759 1242 1786 1268 δὲ
1799 1241 1914 1276 κιθάραν

1125 1290 1203 1324 ἔχων,
1222 1287 1258 1316 ὧν
1277 1289 1357 1324 μέσος
1378 1288 1470 1315 ἵστατο
1485 1288 1500 1314 ὁ
1517 1288 1607 1314 Δαυῖδ.
1619 1288 1673 1314 Καὶ
1692 1287 1776 1318 οὕτως
1799 1287 1914 1322 ἤρχοντο

1124 1335 1179 1361 τῶν
1190 1334 1266 1369 ᾠδῶν
1288 1334 1450 1370 κρατοῦντες
1461 1333 1506 1359 ἐπὶ
1523 1334 1601 1368 χεῖρα
1615 1333 1648 1359 τὰ
1670 1332 1782 1359 τοιαῦτα
1795 1332 1912 1366 ὄργανα·

1126 1379 1173 1406 καὶ
1198 1379 1312 1411 ἕκαστος
1335 1378 1473 1414 Πνεύματι
1501 1379 1570 1414 ἁγίῳ
1589 1378 1747 1414 κινούμενος
1769 1377 1846 1413 ὕμνει
1869 1377 1915 1404 τὸν

1125 1425 1201 1456 Θεὸν,
1217 1425 1264 1452 καὶ
1278 1425 1377 1456 πάντες
1395 1424 1551 1459 ἐπεφώνουν
1565 1424 1603 1460 τῷ
1621 1424 1747 1460 ψάλλοντι
1762 1425 1792 1451 τὸ
1814 1425 1916 1458 Ἀλλη-

1126 1471 1224 1497 λούὶϊῑ.
1258 1470 1391 1505 Ὀπηνίκα
1416 1470 1444 1496 δὲ
1471 1470 1488 1505 ἡ
1514 1469 1560 1497 τοῦ
1584 1470 1741 1505 Πνεύματος
1764 1469 1810 1496 τοῦ
1837 1470 1915 1504 ἁγίου

1126 1515 1234 1550 ἀπέστη
1255 1515 1335 1552 χάρις
1351 1515 1419 1551 πρὸς
1437 1515 1534 1551 βραχὺ,
1549 1514 1602 1541 τῶν
1622 1514 1744 1550 ὀργάνων
1765 1514 1856 1541 λοιπὸν
1877 1515 1916 1550 μὴ

1127 1561 1304 1596 κινουμένων,
1331 1561 1362 1588 τὸ
1390 1561 1539 1597 τηνικαῦτα
1566 1561 1639 1592 εἰκὸς
1659 1561 1706 1587 καὶ
1726 1561 1756 1588 τὸ
1776 1561 1917 1596 διαψαλμα

1128 1606 1256 1642 ἔγραφον.

1424 1653 1570 1680 ΨΑΛΜΟΣ
1584 1655 1623 1679 Α¹.

1165 1697 1314 1733 Μακάριος
1332 1700 1348 1726 ὁ
1364 1698 1442 1732 ἀνὴρ
1467 1698 1501 1731 ὃς
1522 1699 1577 1725 οὐκ
1598 1698 1743 1732 ἐπορεύθη
1764 1697 1800 1724 ὲν
1814 1695 1917 1731 ,ϐουλῇ

1131 1745 1257 1773 ἀσεϐῶν.
1278 1745 1354 1772 Ἐπεὶ
1371 1745 1492 1779 φυσικῶς
1511 1744 1664 1780 ὀρεγόμεθα
1681 1744 1780 1775 πάντες
1795 1743 1841 1770 τοῦ
1865 1751 1919 1779 μα-

1131 1793 1221 1829 κάριοι
1236 1790 1315 1824 εἶναι,
1333 1791 1409 1823 τέλος
1424 1791 1527 1825 ἀγαθοῦ
1549 1791 1579 1818 τὸ
1603 1791 1736 1827 μακάριον
1754 1789 1918 1825 ὁριζόμενοι,

1132 1837 1348 1873 πεπλανημένως
1363 1846 1395 1871 γε
1415 1837 1467 1873 μὴν
1487 1836 1578 1863 πολλοὶ
1599 1835 1678 1862 τοῦτο
1693 1834 1868 1871 μεταδιώκειν
1889 1835 1918 1860 ὲν

1133 1884 1266 1918 σωμάτων
1289 1882 1395 1917 ἡδοναῖς
1422 1881 1562 1918 ἡγοῦνται,
1578 1880 1709 1913 πλούτους
1735 1879 1919 1916 θαυμάζοντες

1133 1929 1179 1955 καὶ
1198 1927 1348 1963 ἀξιώματα,
1365 1928 1412 1954 καὶ¹
1426 1928 1475 1960 τὰς
1490 1928 1520 1954 ὲν
1540 1927 1579 1962 τῷ
1596 1927 1709 1962 παρόντι
1725 1926 1774 1962 βίῳ
1796 1925 1918 1961 τρυφάς·

1133 1974 1245 2005 εἰκότως
1260 1974 1274 2000 ὁ
1293 1973 1371 2008 λόγος
1384 1974 1413 2001 ὲν
1427 1974 1531 2005 τούτοις
1543 1973 1604 2000 ὅθεν
1621 1973 1702 2008 ἐχρῆν
1716 1972 1764 2008 τὴν
1780 1972 1920 2007 καταρχὴν

1133 2022 1279 2056 ἐποιήσατο
1292 2022 1341 2057 τῆς
1356 2020 1427 2048 κατὰ
1441 2020 1507 2047 Θεὸν
1521 2019 1667 2054 ὑμνῳδίας,
1684 2018 1729 2045 τὸν
1747 2017 1853 2053 άληθῶς
1869 2027 1921 2053 μα-

1133 2067 1228 2102 κάριον
1244 2067 1291 2094 καὶ¹
1307 2066 1400 2098 τέλους
1414 2065 1515 2100 ἀγαθοῦ
1537 2064 1583 2091 τοῦ
1605 2064 1680 2099 παρὰ
1699 2064 1757 2098 Θεῷ
1771 2063 1921 2099 ἠξιωμένον

1134 2112 1312 2148 ὑπογράφων.
1330 2112 1384 2139 Καὶ
1401 2111 1495 2139 ὲνθάδε
1512 2111 1560 2146 μὲν
1578 2111 1623 2138 διὰ
1635 2110 1665 2137 τὸ
1682 2109 1795 2137 σπάνιον
1805 2109 1859 2136 τῶν
1873 2109 1922 2137 πά-

1134 2159 1178 2186 λαι
1194 2160 1325 2196 πρότερον
1354 2158 1558 2195 κατορθούντων
1581 2158 1629 2185 ἕνα
1650 2157 1711 2184 τινὰ
1727 2155 1889 2192 μακαρίζει·
1907 2157 1922 2183 ὁ

1135 2206 1164 2232 δὲ
1177 2206 1271 2242 Σωτὴρ
1286 2206 1365 2241 ἡμῶν
1380 2205 1506 2236 πλείονας
1521 2204 1605 2231 ποιῶν
1629 2203 1789 2239 μακαρίους,
1803 2201 1922 2237 πληθυν-

1133 2253 1217 2285 τικῶς
1237 2254 1299 2284 τοὺς
1326 2251 1515 2288 μακαρισμοὺς
1537 2249 1731 2286 προσφέρεται.
1759 2249 1870 2275 Πάντων
1894 2248 1922 2274 δὲ

1101 2313 1123 2339 ῃ
1137 2300 1243 2336 πρῶτος
1259 2299 1338 2331 αὐτὸς
1359 2299 1392 2326 ἂν
1412 2298 1455 2333 εἴη
1470 2299 1484 2325 ὁ
1508 2296 1739 2332 μακαριζόμενος·
1759 2295 1798 2322 διδ
1812 2295 1859 2322 καὶ
1879 2295 1922 2321 ἐπ’

1137 2346 1218 2374 αὐτὸν
1240 2345 1340 2373 ἀνοίσει
1357 2353 1398 2376 τις
1413 2344 1458 2371 τὸν
1474 2343 1594 2379 παρόντα
1607 2342 1723 2377 ψαλμὸν,
1745 2341 1792 2369 ἅτε
1809 2341 1923 2376 γενόμε-

1137 2401 1182 2419 νον
1196 2392 1280 2427 ἄνδρα
1296 2391 1345 2426 τῆς
1367 2390 1474 2426 νύμφης
1493 2388 1575 2416 αὐτοῦ
1599 2388 1760 2423 Ἑκκλησίας
1771 2396 1777 2402 ·
1801 2387 1880 2414 τοῦτο
1895 2386 1924 2413 δὲ

1138 2439 1224 2465 ἔοικεν
1241 2438 1257 2473 ἡ
1281 2436 1410 2473 Ἐῦραῐκὴ
1423 2436 1498 2471 φωνὴ
1510 2436 1653 2471 παριστᾷν,
1665 2434 1724 2462 καθ’
1736 2434 1769 2469 ἣν
1782 2433 1820 2469 (2)
1831 2432 1926 2468 pumi-

1133 2494 1199 2520 ριος
1212 2486 1228 2512 ό
1241 2483 1318 2517 ἀνὴρ
1334 2483 1401 2519 μετὰ
1409 2483 1459 2518 τῆς
1469 2482 1513 2509 τοῦ
1526 2482 1625 2518 ἄρθρου
1637 2480 1794 2517 προσθήκης
1806 2479 1923 2516 εἴρηται.

1172 2563 1227 2590 Καὶ
1244 2563 1278 2589 ἐν
1290 2561 1349 2595 ὀδῷ
1365 2560 1546 2596 ἁμαρτωλῶν
1555 2562 1611 2588 οὐκ
1623 2561 1710 2594 ἔστη,
1728 2560 1776 2586 καὶ
1792 2557 1842 2585 ἐπὶ
1857 2559 1927 2585 καθ-

1140 2609 1230 2644 έδραν
1255 2608 1367 2643 λοιμῶν
1385 2609 1440 2634 οὐκ
1462 2607 1611 2645 ἐκάθισνεν.
1635 2605 1742 2642 Πρῶτοι
1758 2605 1825 2631 εἰσιν
1839 2604 1863 2630 οἱ
1878 2603 1927 2638 τὴν

1139 2654 1312 2690 ψευδώνυμον
1331 2654 1437 2688 ἔχοντες
1450 2652 1560 2687 γνῶσιν,
1580 2652 1662 2688 μηδὲν
1683 2651 1789 2686 ἔχοντες
1803 2650 1926 2684 ἑστηκὸς,

1141 2701 1197 2728 ἀλλ’
1223 2700 1410 2733 ἀνεξετάστως
1434 2699 1586 2735 κινούμενοι
1612 2699 1752 2733 λογισμοῖς
1778 2698 1806 2723 ἐν
1834 2693 1874 2727 οἷς
1895 2695 1928 2722 ἂν

1142 2748 1318 2783 βουληθῶσιν,
1343 2747 1368 2774 οἱ
1393 2747 1510 2778 ἀσεϐεῖς.
1538 2745 1664 2781 Δεύτεροι
1686 2744 1787 2774 πάντες
1809 2742 1833 2769 οἱ
1860 2741 1928 2778 μετά

1141 2795 1241 2830 γνῶσιν
1257 2794 1384 2830 ἀληθείας
1401 2791 1642 2827 ἐξαμαρτάνοντες.
1662 2791 1693 2816 Ol
1712 2789 1740 2816 δὲ
1762 2788 1851 2823 λοιμοὶ
1872 2787 1930 2822 τρί-

1141 2850 1193 2873 τοι,
1215 2841 1252 2877 μὴ
1278 2840 1357 2876 μόνον
1377 2838 1529 2870 νοσοῦντες,
1552 2837 1620 2864 ἀλλὰ
1642 2837 1689 2863 καὶ
1709 2833 1870 2871 φθοροποιοῦ
1892 2833 1930 2859 δι-

1164 2890 1220 2932 .(2)
1240 2889 1269 2917 111
1286 2888 1421 2917 llebraico
1448 2887 1548 2922 legitur
1569 2890 1648 2917 umtn
1670 2884 1749 2920 quasi
1772 2883 1858 2915 dicas,
1885 2882 1931 2908 itte

1145 2935 1194 2953 νιν.
