2055 3214
142 199 195 230 7³1›

724 204 973 234 αολιιιικλτλιιιλ
997 202 1030 228 IN
1050 201 1218 228 PQAIAIllS
1368 175 1380 230 Ῐ
1726 198 1759 231 73

103 278 108 282 -
141 260 293 292 δασκαλίας
309 259 493 295 μεταδιδόντες
504 258 558 293 τοῖς
578 261 676 294 ἄλλοις,
691 262 708 297 ἢ
728 263 801 288 κατὰ
823 263 922 294 γνῶσιν

975 265 1024 288 teri
1041 263 1174 292 homines,
1196 268 1242 295 qui
1267 267 1320 287 non
1338 265 1418 287 mooo
1436 257 1596 294 aegritudine
1613 258 1757 291 laborant;

141 306 157 341 ἢ
172 305 242 333 κατὰ
263 306 373 341 πρᾶξιν,
388 306 404 341 ἦ
420 307 478 333 κατ’
498 306 638 342 ἀμφότερα
652 315 656 320 ”
677 307 700 332 οἳ
717 307 763 332 καὶ
777 305 925 341 ὲνὶδρυνται

127 351 180 386 ετῷ
205 351 294 386 κακῷ,
318 351 371 377 τῶν
391 351 522 387 δευτέρων
541 351 693 386 ἑστηκότων
715 352 743 377 ὲν
769 351 924 387 ἁμαρτίαις,

142 396 194 422 τῶν
213 396 242 422 δὲ
259 396 376 432 πρώτων
395 397 540 423 ὁδευόντων
557 399 585 424 ὲν
602 397 700 435 πλάνῃ.
724 399 752 424 '0
769 398 797 424 δὲ
819 398 926 425 πάντων

141 442 242 469 τούτων
254 442 463 478 ἀπηλλαγμένος
476 443 618 478 μακάριος.

980 306 1028 334 sed
1045 309 1173 340 corrupta
1189 305 1312 333 doctrina
1335 305 1403 332 alios
1427 305 1566 338 imbuunt;
1583 306 1639 332 sive
1662 312 1760 332 secun-

979 351 1043 378 dum
1057 351 1251 386 cognitionem,
1269 351 1325 378 sive
1340 350 1489 378 secundum
1499 351 1693 385 operationem.
1703 351 1760 378 sive

979 396 1130 424 secundum
1149 400 1293 430 utramque
1310 405 1318 423 :
1339 395 1384 430 qui
1401 395 1505 422 scilicet
1522 397 1549 422 in
1563 395 1633 422 malo
1647 395 1760 422 Ilrman-

979 445 1035 472 tur,
1054 440 1119 467 dum
1132 440 1244 467 secundi
1264 439 1291 466 in
1303 440 1422 475 peccatis
1437 443 1622 474 perseverant,
1639 443 1665 467 et
1679 440 1759 474 primi

143 491 170 517 in
189 489 293 516 erroris
309 489 350 515 via
373 488 543 523 gradiuntur.
565 489 617 522 Qui
633 493 722 516 autem
744 489 870 517 omnibus
890 488 925 516 iis
941 488 1073 515 liberatus
1096 489 1123 513 et
1137 493 1240 514 vacuus
1262 490 1304 513 est
1322 486 1419 513 beatus
1439 485 1547 513 dicitur.

184 535 265 563 Ἀλλ’
280 535 299 569 ἢ
316 535 351 561 ἐν
366 535 405 567 τῷ
420 535 500 570 νόμῳ
514 536 624 570 Κυρίου
644 536 676 562 τὸ
693 537 806 571 θέλημα
822 537 925 569 αὐτοῦ,

141 581 191 608 καὶ
201 580 237 606 ὲν
251 579 290 612 τῷ
303 579 383 613 νόμῳ
398 580 489 606 αὐτοῦ
506 580 666 614 μελετήσει
682 581 794 615 ’ἡμέρας
808 582 856 608 καὶ
872 591 926 608 νυ-

140 627 222 659 κτός.
247 621 357 658 Ἐπειδὴ
372 625 455 660 πολλή
472 625 513 658 τίς
530 627 586 653 ἐστι
600 627 715 662 διαφορὰ
728 627 782 654 τῶν
800 627 874 663 φόϐῳ
886 637 927 654 τι-

141 671 254 707 μωριῶν
268 669 297 698 εὖ
311 670 438 706 πράττειν
453 672 717 706 κατηναγκασμένων
732 672 778 698 καὶ
791 672 844 698 τῶν
858 681 925 708 προ-

139 717 244 753 αιρέσει
265 716 329 743 αὐτὸ
345 716 375 743 τὺ
389 717 470 743 καλὸν
487 717 666 753 αἱρουμένων,
686 718 730 744 διὰ
745 718 822 744 τοῦτό
841 726 922 753 φησι·

146 761 195 786 Ἐν
207 759 247 792 τῷ
263 760 344 794 νόμῳ
359 761 468 794 Κυρίου
481 761 595 796 θέλημα
615 762 718 788 αὺτοῦ.
732 762 822 797 Νόμου
834 763 861 789 δέ
879 771 926 798 φη-

141 813 184 831 σιν
207 804 237 831 οὐ
255 805 362 836 πάντως
378 805 423 832 τὸν
443 805 540 841 σκιώδη
559 807 605 833 καὶ
619 807 731 833 τυπικον
749 807 838 842 νόμον,
858 807 924 834 πολὺ

140 849 169 876 δὲ
180 849 311 885 πρότερον
322 850 366 876 τὸν
378 851 406 877 ὲν
419 851 492 886 αὐτῷ
504 851 634 887 λεληθότα
646 853 828 887 πνευματικὸν
837 853 923 887 λόγον.

140 894 191 930 Εἵη
203 895 225 921 δ’
242 895 275 921 ἂν
290 896 372 930 νόμος
387 897 488 932 Κυρίου
510 897 557 923 καὶ
575 899 589 923 ό
606 898 675 924 κατὰ
690 899 769 932 φύσιν
785 900 866 925 πᾶσιν
881 899 926 925 ἀν-

140 940 258 977 Θρὼποις
275 942 484 977 ὲνεσπαρμένος,
507 943 540 969 δι’
555 941 585 970 οὗ
613 944 782 980 κατορθῶσαι
805 945 925 979 λέγονται

139 988 163 1014 oi
182 988 236 1023 πρὸ
249 987 297 1013 τοῦ
313 987 356 1014 διὰ
378 987 512 1020 Μωῡσέως
534 990 614 1024 νόμου
637 989 725 1023 ἅγιοι·
744 991 808 1026 περὶ
822 988 858 1017 ὧν
875 1000 926 1027 φη-

1015 533 1098 561 Veus.
1113 533 1140 559 2.
1161 533 1212 560 Sed
1241 533 1267 559 in
1293 533 1345 568 lege
1359 532 1465 560 Domini
1478 533 1598 559 voluntas
1612 532 1679 566 ejus,
1695 537 1719 559 et
1734 533 1759 559 in

979 579 1032 614 lege
1050 579 1106 610 eius
1133 578 1302 605 meditabitur
1326 578 1367 605 die
1393 587 1424 604 ac
1449 583 1531 605 nocte.
1557 577 1626 611 Quia
1645 579 1760 605 multum

979 618 1147 652 discriminis
1161 629 1203 652 est
1220 624 1290 651 inter
1305 631 1352 652 eos
1366 624 1413 659 qui
1429 628 1501 652 metu
1519 624 1644 659 supplicii
1663 631 1760 651 neces‘

978 671 1113 705 sitateque
1128 670 1215 697 coacti
1240 671 1308 697 bene
1330 673 1431 705 agunt,
1454 677 1480 697 et
1503 677 1550 697 e0s
1573 670 1618 705 qui
1645 671 1760 705 propriae
1794 696 1797 700 ,

978 717 1126 744 voluntatis
1157 717 1261 744 delectu
1287 716 1319 743 ad
1338 716 1439 743 bonum
1463 723 1493 743 se
1516 715 1676 748 conferunt,
1700 715 1760 743 ideo

979 764 1035 792 ait:
1055 763 1088 791 In
1112 764 1165 799 lege
1190 763 1296 790 Domini
1319 762 1439 788 voluntas
1460 761 1527 795 ejus.
1555 760 1653 796 Legem
1670 765 1760 788 autem

978 809 1055 841 dicit.
1070 817 1124 836 non
1139 809 1311 836 umbratilem
1325 808 1399 835 illam
1420 810 1447 834 et
1467 807 1609 842 ﬁguratam
1620 826 1627 840 ,
1643 807 1690 835 sed
1713 815 1760 842 ροιι

977 857 1033 884 tius
1050 855 1189 891 spirituale
1203 855 1314 882 verbum
1337 854 1363 881 in
1383 861 1415 881 ea
1433 854 1520 881 latens
1541 858 1567 880 et
1591 853 1759 881 obvolutum.

979 901 1072 928 Fuerit
1086 902 1167 928 etiam
1191 900 1306 928 fortasse
1330 900 1370 926 lex
1390 899 1495 927 Domini
1513 906 1545 926 ea
1562 907 1621 934 qua:
1634 900 1760 926 omnibus

978 947 1134 975 hominibus
1146 947 1180 974 ab
1194 947 1252 982 ipsa
1267 951 1363 973 natura
1384 945 1466 972 insita
1487 949 1545 978 est;
1562 952 1615 979 qua
1635 946 1704 972 duce
1719 945 1760 971 uli-

978 997 1079 1020 cuntur
1093 993 1177 1028 probe
1193 993 1293 1019 vixisse
1313 991 1399 1019 sancti
1414 991 1460 1026 qui
1478 995 1540 1018 ante
1554 990 1654 1026 Moysis
1674 991 1759 1024 legem

140 1041 181 1060 σιν
194 1034 209 1059 ὁ
235 1031 412 1065 Ἀπόοτολος·
438 1034 525 1061 Ὅταν
547 1036 603 1070 γὰρ
625 1037 697 1070 ἔθνη
720 1038 756 1064 τὰ
773 1036 816 1072 μὴ
832 1039 923 1073 νόμον

977 1026 1104 1069 fuerunt;
1120 1040 1153 1067 de
1163 1040 1262 1074 quibus
1275 1039 1313 1066 ait
1325 1038 1471 1073 Apostolus
1482 1047 1488 1064 :
1498 1037 1564 1065 Cum
1578 1038 1646 1064 enim
1660 1041 1758 1072 gentes,

137 1079 257 1113 ἔχοντα,
281 1076 327 1105 τὸν
349 1080 469 1115 γραπτὸν
492 1080 622 1116 δηλονότι,
644 1082 733 1116 φύσει
750 1083 785 1110 τὰ
806 1083 858 1110 τοῦ
873 1085 923 1110 νό-

137 1133 194 1158 μου
214 1123 298 1158 ποιῇ.
315 1123 406 1158 οὗτοι,
424 1126 516 1160 νόμον
525 1127 568 1161 μὴ
581 1127 713 1161 ἔχοντες,
731 1128 846 1161 ἑαυτοῖς
865 1130 924 1155 εισι

137 1171 238 1205 νόμος.
257 1169 292 1198 Ἢ
316 1171 397 1207 νόμος
419 1172 520 1208 Κυρίου
541 1173 584 1208 εἴη
607 1173 639 1200 ἂν
661 1175 674 1199 ό
691 1173 758 1209 πρὸς
778 1174 859 1201 αὑτοῦ
876 1174 924 1202 τοῦ

139 1215 241 1252 Κυρίου
256 1217 304 1243 καὶ
322 1217 447 1252 Σωτῆρος
467 1217 544 1252 ἡμῶν
565 1219 630 1245 πᾶσι
649 1221 704 1251 τοῖς
718 1219 805 1246 ἔθνεσι
823 1229 924 1256 κατηγ-

138 1261 269 1297 γελμένος
279 1262 453 1296 εὐαγγελικὸς
466 1261 559 1302 λόγος⁸

173 1307 228 1335 Καὶ
242 1308 329 1334 ἔσται
340 1309 380 1341 ὡς
394 1308 427 1335 τὸ
447 1309 542 1340 ξύλον
561 1310 594 1336 τὸ
609 1311 832 1345 πεφυτευμένον
845 1312 925 1346 παρὰ

139 1353 192 1386 τὰς
206 1353 362 1388 διεξόδους
375 1353 435 1380 τῶν
451 1354 577 1387 ὑδάτων,
594 1355 609 1382 ὃ
627 1356 679 1382 τὸν
699 1357 816 1391 καρπὸν
831 1358 924 1384 αὑτοῦ

139 1399 228 1427 δώσει
243 1400 280 1427 ἐν
297 1400 389 1435 καιρῷ
406 1400 508 1428 αὐτοῦ.
533 1401 561 1428 ’0
584 1402 628 1428 διὰ
652 1403 741 1438 πάσης
761 1403 810 1438 τῆς
827 1403 923 1431 ἑαυτοῦ

139 1445 212 1481 ζωῆς
231 1447 279 1474 καὶ
299 1447 328 1473 ὲν
347 1447 429 1474 παντὶ
442 1448 531 1483 καιρῷ
547 1449 642 1480 νυκτός
661 1457 690 1474 τε
707 1450 754 1476 καὶ
768 1447 872 1484 ἡμέρας
884 1450 924 1483 τῷ

138 1491 203 1528 θείῳ
216 1492 353 1528 σχολάζων
368 1493 452 1529 νόμῳ,
470 1494 517 1520 καὶ
530 1495 584 1526 τοῖς
598 1494 628 1526 ἐξ
638 1494 720 1521 αὑτοῦ
738 1495 856 1530 λογικοῖς
876 1496 924 1523 νά-

141 1544 222 1565 ιιασιν
236 1539 394 1575 ἀρδόμενος,
409 1540 513 1575 σφόδρα
531 1541 638 1572 οἰκείως
653 1541 729 1576 φυτῷ
745 1543 810 1577 παρ’
832 1542 923 1569 ὕδασιν

137 1584 315 1620 ὶρῤιζωμένῳ
338 1585 562 1621 παραϐέϐληται·
588 1586 628 1612 διὸ
655 1587 703 1613 καὶ
730 1587 861 1622 μακάριος
886 1587 924 1619 ὡς

137 1630 246 1665 ἀληθῶς
268 1628 355 1664 οὗτος,
372 1632 418 1658 ita
441 1632 557 1667 μάλιστα
574 1632 747 1668 ποτιζόμενος
766 1635 822 1665 τοῖς
843 1633 924 1665 Gelon;

975 1094 1034 1122 qua:
1047 1085 1129 1121 legem
1156 1092 1206 1112 non
1223 1084 1317 1111 habent
1329 1105 1336 1118 ,
1357 1083 1486 1118 scriptam
1499 1082 1635 1115 videlicet,
1650 1086 1759 1109 naturaa

976 1133 1036 1160 liter
1050 1141 1081 1159 ea
1091 1141 1149 1167 quia
1164 1131 1228 1167 legis
1245 1135 1306 1158 sunt
1327 1131 1448 1165 faciunt,
1471 1128 1602 1164 ejusmodi
1615 1128 1694 1163 legem
1708 1135 1758 1154 mm

974 1177 1106 1209 habentes,
1124 1177 1174 1209 ipsi
1192 1175 1241 1203 sibi
1258 1180 1318 1202 sunt
1340 1175 1380 1202 lea:
1399 1175 1429 1200 ".
1451 1173 1504 1200 Aut
1525 1174 1569 1201 lex
1584 1171 1691 1200 Domini
1706 1172 1759 1199 fue-

975 1224 1010 1251 rit
1022 1223 1207 1258 evangelicum
1224 1221 1348 1252 verbum,
1360 1220 1394 1247 ab
1412 1220 1471 1255 ipso
1488 1218 1604 1246 Domino
1622 1222 1649 1246 et
1669 1217 1749 1246 Salva

974 1274 1033 1299 tore
1046 1275 1139 1297 nostro
1153 1270 1279 1297 manus
1293 1268 1418 1305 gentibus
1435 1267 1643 1304 annuntianm.

1009 1315 1092 1344 Vens.
1120 1315 1147 1343 5.
1171 1315 1203 1342 Et
1229 1315 1278 1342 erit
1298 1319 1423 1350 tanquam
1444 1314 1544 1348 lignum
1566 1312 1635 1348 quod
1658 1312 1749 1347 planta

975 1366 1028 1388 tum
1039 1367 1076 1388 est
1089 1369 1162 1389 secus
1177 1361 1302 1388 decursus
1316 1367 1455 1395 aquarum,
1469 1358 1539 1394 quod
1554 1359 1669 1393 fructum
1683 1366 1759 1385 suum

975 1407 1049 1434 dabit
1075 1408 1102 1434 in
1119 1412 1232 1441 tempore
1245 1414 1304 1433 suo.
1322 1405 1374 1438 Qui
1400 1412 1447 1440 per
1468 1408 1554 1431 totam
1577 1404 1661 1430 vitam
1681 1411 1758 1430 suam

975 1453 1102 1488 omnique
1119 1456 1241 1486 tempore
1263 1454 1342 1478 nocte
1365 1457 1396 1477 ac
1414 1449 1458 1477 die
1482 1449 1581 1476 divinae
1595 1448 1648 1484 legi
1661 1452 1757 1480 vacat,

974 1503 1001 1526 et
1015 1499 1089 1526 rivis.
1109 1505 1142 1525 ex
1160 1504 1192 1524 eo
1210 1495 1373 1528 ﬂuentibus,
1401 1494 1588 1530 spiritualibus
1611 1494 1756 1529 irrigatur.

975 1543 1119 1571 admodum
1137 1542 1261 1578 apposite
1283 1542 1375 1577 ligno,
1400 1541 1479 1575 cujus
1504 1540 1610 1568 radices
1636 1540 1759 1575 proxime

975 1596 1060 1624 aquas
1076 1589 1170 1623 positae
1187 1591 1262 1621 sunt,
1278 1592 1460 1622 comparatur.
1477 1586 1647 1621 Quapropter
1663 1593 1757 1613 revera

976 1635 1070 1662 beatus
1084 1634 1128 1661 ille
1142 1655 1150 1667 ,
1165 1637 1258 1669 utpote
1279 1633 1326 1668 qui
1350 1633 1450 1660 divinis
1472 1635 1552 1667 potus
1574 1632 1758 1667 irrigatusque

138 1676 311 1711 μαθήμασιν,
328 1676 430 1712 ὥριμον
449 1677 546 1705 ἑαυτοῦ
564 1678 608 1705 τὸν
629 1679 733 1714 καρπὸν
754 1679 921 1706 ἀποδίδωσιν.

975 1680 1135 1715 disciplinis.
1149 1687 1229 1708 suum
1245 1683 1398 1715 opportuno
1417 1681 1538 1713 tempore
1555 1678 1674 1705 fructum
1688 1685 1757 1712 prae-

137 1720 195 1749 Εῐτ*
213 1722 308 1750 ἐπειδὴ
329 1722 402 1756 ξύλον
419 1724 478 1750 ἐστὶ
497 1723 569 1760 ζωῆς
587 1725 601 1750 ό
624 1724 670 1751 τοῦ
693 1725 760 1751 Θεοῦ
784 1726 846 1757 Υἱὸς
855 1726 925 1753 κατὰ

134 1768 185 1795 τὸν
210 1768 366 1804 Σολομιῖιντα
390 1770 512 1806 φήσαντα
539 1771 601 1806 περὶ
616 1771 667 1806 τῆς
690 1772 803 1806 Σοφίας·
825 1772 924 1799 Ξύλον

135 1813 206 1841 ἐστὶ
228 1814 302 1849 ζωῆς
321 1814 394 1843 πᾶσι
406 1816 468 1849 τοῖς
480 1816 688 1851 ἀντεχομένοις
700 1817 795 1851 αὐτῆς
807 1817 853 1844 καὶ
868 1819 924 1849 τοῖς

135 1860 356 1896 ὲπερειδομένοις
365 1862 408 1887 ἐπ’
420 1862 504 1898 αὐτὴν
514 1863 551 1894 ὡς
562 1863 607 1889 ἐπὶ
613 1863 712 1898 Κύριον
725 1863 830 1899 ἀσφαλῆ
843 1864 903 1898 (sic)
914 1872 921 1880 '

138 1906 250 1939 εἰκότως
264 1908 279 1934 ὁ
295 1908 511 1944 μακαριζόμενος
526 1908 563 1944 τῷ
576 1908 622 1943 τοῦ
636 1909 702 1935 Θεοῦ
717 1909 773 1945 Υἱῷ
784 1910 925 1945 ἀφωμοιω-

137 1961 182 1979 ται
200 1952 240 1988 τῷ
255 1953 331 1989 παρὰ
347 1953 397 1986 τὰς
412 1953 542 1986 διεξόδους
560 1955 615 1981 ὄντι
638 1955 691 1981 τῶν
706 1955 807 1982 ὑδάτων
822 1964 924 1991 μαρτυ-

139 1998 269 2034 ρούμενος
285 1999 332 2026 καὶ
344 2000 542 2036 κηρυττόμενος
559 1999 612 2026 ὑπὸ
625 2000 678 2027 τῶν
692 2000 741 2036 τῆς
762 2001 835 2031 θείας
855 2001 924 2036 Γρα-

137 2044 192 2079 φῆς
204 2043 370 2072 διδασκάλων
387 2045 434 2072 καὶ
448 2046 608 2081 προφητῶν·
627 2047 723 2078 οἵτινες
745 2047 791 2073 καὶ
813 2046 923 2081 ἀφέσεις

139 2087 243 2115 ὑδάτων
254 2089 330 2125 παρὰ
342 2090 374 2124 τῇ
390 2089 559 2125 θεοπνεύστῳ
573 2091 696 2124 λέγονται
710 2091 817 2127 Γραφῇ.
831 2090 923 2126 Τούτῳ

135 2131 185 2160 οὖν
202 2134 379 2170 ἀφωμοιωται
401 2136 416 2162 ό
436 2136 661 2171 μακαριζόμενος,
678 2137 824 2172 ἀρδόμενος
841 2137 924 2169 διεξό-

135 2178 194 2210 δοις
207 2179 262 2206 τῶν
279 2179 334 2206 ἀπὸ
347 2180 397 2215 τῆς
411 2178 485 2212 Θείας
499 2181 610 2216 Γραφῆς
632 2183 821 2217 πνευματικῶν
835 2182 922 2218 ναμά-

137 2232 202 2256 των,
217 2225 324 2260 καρπόν
337 2233 367 2252 τε
379 2223 480 2260 ἀγαθὸν
493 2226 647 2262 προφέρων.

173 2311 228 2338 Kal
252 2311 286 2338 τὸ
300 2312 421 2346 φύλλον
436 2313 530 2340 αὑτοῦ
543 2314 598 2340 οὐκ
621 2314 852 2348 det/oppetiverat,
873 2315 924 2341 καὶ

975 1727 1047 1754 beat.
1074 1726 1207 1761 Deinceps
1235 1726 1299 1761 quia
1326 1724 1374 1752 Dei
1399 1723 1485 1751 Filius
1503 1723 1605 1760 lignum
1630 1723 1694 1750 vitae
1717 1728 1759 1750 est

971 1772 1048 1808 juxta
1073 1771 1247 1800 Salomonem
1273 1771 1321 1806 qui
1349 1771 1384 1798 de
1409 1769 1548 1805 Sapientia
1575 1769 1639 1797 talia
1663 1768 1756 1796 fatur:

973 1818 1085 1853 Lignum
1105 1818 1163 1846 vita:
1179 1822 1217 1844 est
1244 1817 1284 1844 Itis
1310 1816 1355 1852 qui
1377 1815 1591 1851 apprehenderint
1606 1823 1665 1842 eam
1677 1815 1705 1846 ',
1731 1818 1758 1841 et

973 1862 1020 1898 qui
1041 1869 1091 1895 ea,
1126 1862 1184 1890 sive
1208 1861 1268 1896 ipso
1289 1860 1413 1894 Domino,
1443 1860 1498 1887 nixi
1525 1859 1641 1891 fuerint,
1661 1866 1757 1886 secure

973 1907 1091 1942 degunt;
1118 1906 1180 1941 jure
1213 1913 1246 1933 ac
1274 1906 1372 1933 merito
1394 1904 1440 1940 qui
1463 1905 1558 1932 beatus
1578 1904 1755 1939 praedicatur,

973 1951 1042 1980 Filio
1052 1951 1100 1979 Dei
1118 1952 1215 1980 similis
1232 1951 1348 1984 dicitur,
1367 1950 1414 1985 qui
1431 1957 1510 1978 secus
1526 1950 1659 1977 decursus
1673 1956 1756 1984 aqua:

973 2007 1033 2026 rum
1050 1999 1119 2026 situs
1139 2002 1198 2030 est,
1223 1997 1324 2032 quique
1341 1995 1498 2024 testimonio
1512 2002 1545 2022 ac
1567 1995 1757 2030 praedicatione

973 2045 1112 2072 doctorum
1132 2044 1231 2071 divinae
1252 2042 1414 2078 Scriptum,
1440 2049 1473 2068 ac
1500 2041 1690 2076 prophetarum
1708 2047 1757 2067 an-

974 2090 1133 2118 nuntiatur:
1150 2097 1212 2116 nam
1241 2089 1260 2115 ii
1285 2087 1446 2116 emissiones
1478 2095 1609 2122 aquarum
1634 2087 1661 2113 in
1683 2085 1757 2113 Scri-

973 2139 1052 2171 ptura
1069 2134 1160 2162 divina
1180 2134 1357 2169 appellantur.
1378 2132 1447 2159 Huic
1470 2132 1561 2167 itaque
1581 2135 1756 2167 comparatur

973 2182 1019 2218 qui
1042 2182 1137 2209 beatus
1156 2181 1253 2208 dicitur
1265 2201 1272 2212 ,
1289 2180 1418 2215 irrigatus
1435 2179 1544 2206 ﬂuentis
1562 2179 1682 2205 rivorum
1700 2178 1756 2212 spi-

973 2227 1111 2254 ritualium
1138 2234 1154 2253 a
1179 2226 1320 2260 Scriptura
1338 2232 1416 2252 sacra
1441 2223 1626 2254 manantium,
1650 2226 1677 2249 et
1699 2221 1757 2249 ξιιμ

973 2275 1045 2298 ctum
1063 2270 1202 2305 proferens
1217 2270 1328 2297 bonum.

1009 2317 1043 2355 Et
1059 2317 1151 2351 folium
1166 2316 1223 2347 eius
1246 2324 1298 2343 non
1319 2315 1432 2350 deﬂuel,
1459 2319 1483 2342 et
1499 2314 1585 2341 omnia
1599 2319 1756 2347 quacunque

138 2356 238 2384 πάντα
262 2356 320 2383 ὅσα
346 2356 385 2384 ἂν
409 2358 479 2391 ποιῇ
504 2358 785 2392 κατευοδωθήσεται.
813 2360 866 2386 Kal
894 2360 922 2386 τὰ

975 2363 1054 2397 faciet
1064 2361 1297 2396 prosperabuntur.
1313 2360 1346 2387 Et
1360 2360 1423 2387 folia
1438 2359 1507 2393 ejus,
1525 2362 1554 2385 ut
1570 2358 1640 2384 alius
1654 2357 1752 2391 inquit,

138 2402 225 2436 φύλλα
241 2402 270 2428 δὲ
294 2402 387 2434 αὐτοῦ,
404 2403 442 2435 ὡς
458 2404 536 2435 ἄλλος
553 2403 645 2439 φησὶν,
663 2403 744 2439 ἕτερα
765 2405 829 2431 ὄντα
849 2406 923 2441 παρὰ

136 2447 186 2473 τδν
200 2448 303 2474 τέλειον
314 2448 430 2484 καρπον,
448 2449 482 2475 τὰ
495 2449 565 2475 κατὰ
586 2449 631 2476 τὸν
646 2447 741 2484 θνητὸν
757 2449 854 2486 δηλαδὴ
868 2451 923 2486 βίον

137 2493 298 2527 πράγματα,
313 2494 347 2520 τά
369 2501 399 2519 τε
415 2493 486 2520 κατὰ
499 2493 547 2529 τὴν
565 2494 736 2530 ἀνθρωπίνην
762 2495 843 2530 ζωὴν,
862 2496 922 2523 καθ’

136 2537 171 2572 ἣν
185 2538 232 2564 καὶ
245 2539 260 2563 ό
271 2537 372 2569 τέλειος
381 2538 485 2574 καρπὸς
499 2539 643 2565 σκέπτεται
659 2548 688 2565 τε
701 2539 748 2567 καὶ
762 2540 922 2574 φυλάττεται

135 2582 185 2609 καὶ
199 2584 249 2609 οὐκ
272 2585 396 2620 ἀπορρεῖ,
416 2584 495 2620 μέχρι
518 2585 564 2611 καὶ
584 2585 686 2612 τούτων
705 2586 826 2621 ἀκριϐῶς
847 2587 920 2622 βιοῦν

136 2630 414 2666 παραφυλαττομένου
426 2638 434 2646 θ
447 2631 487 2657 διὸ
498 2632 545 2658 καὶ
556 2631 585 2659 ὲν
600 2633 682 2659 πᾶσιν
695 2630 735 2664 οἷς
749 2633 782 2660 ἃν
793 2636 855 2670 ποιῇ
869 2635 921 2662 ὑπὸ

133 2674 182 2702 ’τοῦ
202 2675 269 2702 Θεοῦ
292 2676 550 2712 κατευοόωθήσεται.
573 2678 628 2704 Καὶ
650 2678 735 2710 ἄλλως
756 2679 770 2704 ὁ
788 2680 921 2716 μακάριος

132 2721 175 2747 διὰ
195 2722 296 2753 παντὸς
317 2723 463 2758 ἀρδόμενος
483 2723 559 2750 ὕδασι
574 2723 692 2757 λογικοῖς
706 2725 755 2760 τῆς
771 2725 862 2752 ἐνθέου
880 2725 920 2752 διά

133 2767 292 2799 δασκαλλας,
308 2768 354 2794 καὶ
377 2767 425 2803 τῆς
440 2768 631 2804 προσηκούσης
646 2770 781 2805 γεωργίας
794 2771 863 2798 κατὰ
875 2772 920 2799 τὸν

135 2813 258 2848 παρόντα
281 2814 337 2843 Βίον
359 2815 499 2849 τυγχάνων
519 2815 548 2842 ἐν
562 2815 650 2850 καιρῷ
673 2815 711 2850 τῷ
726 2816 822 2843 ἑαυτοῦ
842 2817 921 2844 δώσει

135 2859 178 2884 τοι
195 2859 292 2886 ἑαυτοῦ
308 2860 421 2895 καρπόν.
438 2861 538 2893 Καιρὸς
557 2861 584 2888 δὲ
599 2857 682 2888 αὐτοῦ
698 2863 715 2888 ό
729 2863 831 2898 μέλλων
849 2865 921 2892 ἐστὶν

174 2916 192 2930 ι·
214 2916 293 2945 Hom.
310 2924 348 2949 ιι,
367 2917 408 2944 H.
445 2919 457 2934 '
475 2918 554 2946 Prov.
575 2927 621 2953 ιιι,
640 2919 682 2947 18.

973 2417 1033 2445 qua:
1052 2409 1157 2436 diversa
1173 2411 1236 2435 sunt.
1254 2414 1269 2434 a
1282 2406 1401 2442 perfecto
1415 2405 1503 2432 fructu
1513 2424 1520 2436 ,
1537 2403 1662 2430 videlicet
1672 2409 1753 2437 opera

973 2454 1097 2482 mortalis
1108 2455 1221 2488 hujusce
1230 2453 1301 2485 vitae,
1314 2453 1478 2487 humanique
1490 2450 1597 2478 vivendi
1610 2449 1753 2482 curriculi,

973 2501 1001 2527 in
1016 2508 1069 2536 quo
1090 2500 1195 2527 fructus
1220 2499 1264 2527 ille
1280 2499 1414 2534 perfectus
1427 2500 1566 2532 spectatur
1581 2499 1608 2523 et
1623 2496 1754 2523 observa-

973 2549 1028 2578 tur,
1044 2553 1098 2573 non
1118 2544 1246 2578 deﬂuent,
1261 2545 1324 2571 dum
1351 2544 1409 2578 ipse
1434 2542 1517 2578 probe
1534 2540 1640 2568 vivendi
1660 2549 1754 2568 curam

974 2593 1098 2626 habebit;
1118 2592 1292 2627 quamobrem
1317 2591 1343 2617 in
1369 2589 1475 2617 cunctis
1503 2587 1631 2622 operibus
1655 2587 1712 2615 suis
1739 2594 1753 2613 ιι

973 2636 1028 2666 Deo
1041 2642 1114 2666 recte
1128 2642 1310 2673 prOSpereque
1330 2636 1470 2670 dirigetur.
1498 2633 1557 2660 Alia
1568 2640 1634 2660 vero
1648 2633 1755 2660 ratione

975 2686 1014 2712 sic
1028 2684 1177 2719 explicatur
1190 2693 1196 2711 :
1213 2682 1310 2710 Beatus
1327 2682 1372 2708 ille
1395 2681 1446 2716 qui
1456 2687 1562 2715 semper
1577 2679 1752 2713 intelligibili-

974 2729 1025 2757 bus
1042 2729 1139 2756 divinae
1166 2728 1295 2755 doctrina:
1318 2727 1396 2762 aquis
1424 2725 1569 2760 irrigatur,
1585 2728 1612 2751 et
1638 2724 1665 2751 in
1686 2731 1754 2758 pras-

973 2775 1041 2803 senti
1058 2775 1113 2802 vita
1126 2779 1174 2802 ceu
1190 2780 1252 2808 ager
1269 2776 1448 2808 congruenter
1461 2771 1576 2803 colitur;
1594 2769 1669 2796 dabit
1696 2769 1752 2796 fru-

974 2825 1047 2849 ctum
1068 2828 1146 2848 suum
1163 2820 1191 2847 in
1206 2824 1324 2854 tempore
1346 2827 1405 2847 suo.
1435 2817 1554 2852 Tempus
1579 2822 1661 2851 porro
1675 2815 1752 2851 ejus,

975 2866 1095 2894 futurum
1115 2865 1241 2894 saculum
1257 2868 1317 2893 est:
1335 2863 1475 2900 praesentis
1491 2862 1590 2898 quippe
1606 2861 1668 2888 vita:
1686 2865 1754 2888 tem~
