2055 3214
266 160 298 187 ετ
615 163 749 191 EUSEBH
769 166 1008 194 CIESAIUENSIS
1023 167 1033 195 (

1086 172 1098 195 ’.
1118 167 1208 195 PARS
1223 168 1266 196 Ill.
1283 185 1319 190 —-
1332 170 1535 198 EXELIL'I'ILA.
1859 176 1892 201 8η

264 223 304 246 est
317 218 476 254 Jerusalem,
491 222 574 250 libera
588 225 667 256 est“,
683 225 817 260 atquexliic
833 229 924 254 tamen
940 235 1033 262 regunt

1086 246 1088 258 ι
1111 227 1309 264 Ἰερουσαλὴμ
1333 230 1475 265 ἐλευθέρα
1499 230 1605 265 ἐστίν,
1636 231 1752 260 ἐνταῦθά
1777 242 1843 269 φησι
1859 235 1892 262 τὰ

265 264 318 290 sibi
332 265 511 293 constitutum
532 268 585 302 ait;
603 276 668 303 pars
693 277 760 305 ergo
782 279 908 305 supernze
923 271 1052 300 Ecclesiae

267 309 349 337 fuerit
364 311 445 338 etiam
469 320 501 340 ea
517 321 578 348 qua:
594 314 621 341 in
647 318 720 342 terra
739 321 873 348 versatur,
895 324 958 344 cum
974 326 1052 345 eum-

265 355 326 382 dem
349 356 383 383 ad
402 357 482 385 ﬁnem
499 359 557 394 ipsa
584 361 741 388 contendat.
769 361 912 395 Quomodo
928 367 1019 391 autent
1034 371 1050 391 a

264 400 345 430 Patre
361 403 387 430 in
410 402 476 431 Sion
495 405 599 433 caelesti
622 408 788 436 constitutus
809 409 890 436 fuerit
904 417 952 437 rex
972 410 1050 437 Chri-

264 452 333 478 stus.
348 449 499 485 intelligere
515 452 588 483 licet,
604 453 676 488 quod
692 454 795 481 dictum
816 455 854 482 illi
876 456 930 482 sit:
950 455 1016 483 Sede
1032 465 1049 484 a

262 494 363 521 dextris
383 497 458 528 meis,
475 497 557 524 donec
573 507 668 533 pana»:
687 501 808 529 inimicos
828 510 886 529 tuos
904 503 1048 530 scabellum

261 536 356 574 pedum
374 543 518 570 tuorum“.
543 544 618 577 Quos
633 553 730 581 nempe
746 547 882 580 inimicos,
896 548 947 576 nisi
965 558 1048 584 supra

261 591 440 621 memoratos,
455 590 501 624 qui
518 593 675 626 congregati
696 597 761 620 sunt
776 594 909 622 adversus
924 603 997 627 eum,
1021 601 1047 624 et

260 632 405 659 astiterunt
425 634 572 669 principes,
597 632 682 671 reges,
705 643 800 673 gentes
828 644 909 674 atque
935 641 1047 676 populi?

259 678 342 707 hosce
357 680 429 706 enim
445 681 496 708 sub
516 682 630 716 pedibus
643 684 704 719 ejus
717 686 926 713 substraturuiu
941 695 970 714 se
982 695 1045 722 pro-

259 725 334 752 misit
356 726 446 753 Pater.

295 770 377 799 Vens.
395 773 420 800 7.
441 773 568 801 Dominus
591 776 659 801 dixit
681 776 715 801 ad
739 785 795 803 me:
818 777 906 804 Filius
925 787 996 806 meus
1017 788 1043 806 es

257 821 296 848 tu.
320 826 366 852 ego
383 819 460 846 hodie
486 821 563 855 genui
578 825 612 849 te.
636 820 715 854 Illud,
742 823 829 855 hodie,
853 832 951 852 nomen
974 829 1043 853 lem-

257 864 331 897 poris
354 871 405 897 est,
426 866 551 902 idemque
573 868 706 902 signiﬁcat
728 873 810 904 atque
838 872 964 905 pra-senti
985 871 1039 899 die.

1105 273 1230 308 βασίλεια
1256 275 1331 310 αὐτῷ
1362 276 1536 303 τιυνεστιίινοιι⁵
1570 277 1652 313 μέρος
1677 278 1699 304 δ’
1716 278 1748 306 ἃν
1768 279 1818 314 τῆς
1836 281 1891 308 ἄνω

1111 320 1275 356 Ἐκκλησίας
1292 322 1339 349 καὶ
1359 323 1375 358 ή
1389 324 1435 350 ἐπὶ
1447 324 1500 359 γῆς
1515 325 1556 356 εἰς
1571 324 1659 351 ἐκεῖνο
1672 325 1764 358 τέλους
1785 327 1832 354 καὶ
1844 328 1892 354 αὺ-

1105 369 1138 403 τῇ
1155 369 1307 396 σπεύδουσα
1323 369 1373 405 (1).
1390 370 1484 402 Ὅπως
1505 371 1534 397 δὲ
1547 371 1599 398 ὑπὸ
1622 371 1669 398 τοῦ
1684 372 1790 408 Πατρὸς
1803 375 1831 400 ἐν
1857 376 1889 411 τῇ

1101 412 1256 450 ἐπουρανίῳ
1264 415 1332 441 Σιὼν
1345 415 1498 451 κατεστάθη
1509 416 1635 451 βασιλεὺς
1645 419 1659 444 ὁ
1668 418 1784 453 Χριστος
1794 420 1889 452 αὑτοῦ,

1101 459 1218 494 πάρεστι
1231 461 1330 494 γνῶναι
1347 462 1394 488 καὶ
1405 461 1460 488 ἀπὸ
1476 462 1521 489 τοῦ
1537 462 1662 497 λέγεσθαι
1677 465 1751 500 αὺτῴ
1761 473 1767 480 ’
1790 466 1888 494 Κάθου

1098 507 1132 533 ἐκ
1146 506 1253 539 δεξιῶν
1265 517 1324 542 μου
1335 528 1342 539 ,
1355 508 1406 541 ἕως
1424 508 1462 535 ἂν
1476 507 1516 535 θῶ
1530 509 1599 542 τοὺς
1612 509 1737 544 ἐχθρούς
1749 519 1807 538 σου
1820 513 1889 539 ὐπο-

1099 553 1206 579 πιῖὸιον
1222 553 1280 580 τῶν
1297 553 1397 582 ποδῶν
1411 562 1480 581 σου.
1510 555 1605 587 Ποίους
1619 556 1647 582 δὲ
1664 556 1776 592 ἐχθροὺς
1792 557 1808 593 ῆ
1824 559 1891 591 τοὺς

1099 599 1316 635 προλεχϐἐντας,
1335 601 1397 632 τοὺς
1411 600 1442 636 δὴ
1463 600 1643 636 συναχθέντας
1668 603 1728 629 κατ’
1741 603 1822 630 αὑτοῦ
1840 604 1886 632 καὶ

1098 646 1289 681 παραστάντας
1305 646 1438 682 ἄρχοντας
1451 647 1498 674 καὶ
1511 646 1638 682 βασιλεῖς,
1654 649 1700 675 καὶ
1726 648 1817 682 λαοὺς,
1840 651 1887 677 καὶ

1097 690 1180 727 tam;
1207 691 1319 723 τούτους
1343 692 1398 728 γὰρ
1422 693 1567 727 ὑποτάξειν
1592 696 1649 726 τοῖς
1673 695 1755 722 αὐτοῦ
1778 697 1855 724 ποσὶν
1871 698 1885 724 ό

1097 738 1191 773 Πατὴρ
1206 739 1398 774 ἐπηγγείλατο.

1130 785 1237 818 Κύριος
1261 783 1326 812 εἷπε
1351 787 1426 819 πρὸς
1442 789 1502 821 μέ·
1531 787 1594 820 Υἱός
1611 796 1670 822 μου
1690 786 1719 815 εἷ
1743 788 1783 815 σὺ
1796 809 1803 820 ,
1828 788 1886 823 ἐγὼ

1094 830 1227 865 σήμερον
1241 831 1405 866 γεγέννηκά
1418 839 1464 858 σε.
1490 831 1526 858 Τὸ
1542 832 1675 867 σήμερον
1688 833 1772 869 ὄνομα
1788 834 1884 870 χρόνου

1095 877 1188 903 ἐστίν·
1219 877 1416 913 ἰσοδυκιαμεῖδὲ
1498 879 1636 916 ἐνεστώσῃ
1651 880 1760 916 ἡμέρᾳ·
1790 881 1883 916 ἡμέρα

258 908 319 937 Dies
350 915 440 938 autem
466 917 507 940 est
527 914 706 942 interstitiqu
739 917 876 951 quoddam
899 919 1030 953 temporis

258 953 274 962 ρ.
323 955 330 961 .
351 956 368 962 ,Α
435 957 440 962 .
523 959 537 962 ,ς
592 961 597 962 ,
700 961 717 962 κ

1093 922 1121 949 δὲ
1146 923 1284 959 διάστημά
1307 933 1332 951 τι
1361 925 1486 959 κρονικόν
1503 926 1571 952 ἐστι.
1615 926 1648 951 Τί
1663 923 1710 952 οὖν
1729 935 1796 961 φησι
1815 926 1883 962 πρὸς

255 953 311 998 Cu‘r
323 955 405 990 igitur
418 957 454 984 ait
468 958 505 985 illi
523 959 670 988 Dominus:
695 961 750 996 Ego
765 962 842 989 hodie
855 964 933 998 genui
954 963 997 991 te?
1015 964 1042 992 id

253 989 381 1029 videlicet
397 1003 431 1030 de
448 1006 589 1040 temporali
602 1008 777 1041 generatione
791 1008 907 1040 dictum.
921 1017 981 1044 qua:
994 1019 1041 1046 per

253 1049 432 1075 mconomiam
447 1049 528 1078 facta.
556 1050 593 1078 De
612 1053 655 1080 illa
672 1061 790 1088 namque
808 1063 869 1089 qua:
888 1055 947 1083 sine
962 1057 1037 1091 priu-

252 1093 325 1127 cipio
342 1098 394 1124 est.
410 1095 448 1122 ait
465 1097 523 1131 ipse
541 1096 643 1125 David:
671 1098 712 1125 Ea:
726 1105 800 1127 utero
824 1106 885 1129 ante
900 1103 1040 1137 luciferum

250 1139 329 1172 genui
345 1141 410 1167 te".
436 1141 564 1177 Gignitur
579 1148 670 1172 autem
694 1146 784 1178 hodie,
801 1156 854 1175 non
871 1150 1037 1185 principium

251 1185 402 1214 exsistcndi
418 1187 445 1214 in
458 1193 520 1215 ortu
537 1190 686 1225 accipiens,
702 1192 749 1219 sed
765 1195 918 1222 secundum
938 1203 1039 1223 carna-

251 1231 304 1258 lem
326 1234 508 1261 mcouomiam
529 1235 555 1262 in
571 1235 746 1271 adoptionem
758 1240 881 1267 veniens
910 1241 943 1267 Et
960 1243 1038 1276 quis-

250 1277 314 1311 quis
339 1277 374 1305 ab
395 1286 428 1305 eo
454 1280 553 1314 accipit
579 1285 742 1316 potestatem
767 1287 797 1311 ut
820 1285 891 1314 (ilius
911 1286 955 1314 Dei
981 1288 1036 1319 ﬁat,

248 1322 358 1356 quando
372 1323 454 1354 ﬁlius.
467 1333 515 1360 per
524 1326 688 1361 baptismum
704 1335 888 1365 regeneratus,
905 1332 1036 1368 ellicitur;

249 1367 296 1402 qui
326 1372 415 1396 tamen
437 1369 542 1405 aliquid
566 1371 655 1399 fuerat
676 1378 821 1409 antequam
852 1377 924 1404 ﬁlius
950 1382 1035 1410 esset,

249 1419 314 1440 tunc
343 1415 401 1450 ipse
429 1417 600 1444 nobilitatur.
626 1418 732 1446 Dicitur
755 1422 891 1456 propriam
908 1423 1035 1452 llebraici

248 1463 340 1489 textus
356 1461 583 1495 signiﬁcationem
599 1473 659 1492 esse
673 1467 769 1500 peperi,
784 1475 837 1502 qua
853 1468 950 1504 Aquila
968 1478 1034 1498 usus

246 1511 298 1534 est.
325 1507 474 1542 Apostolus
492 1513 582 1537 autem
610 1511 784 1546 legisperitus
807 1522 869 1541 cum
897 1520 981 1547 esset,
1006 1517 1033 1544 in

245 1552 367 1588 Epistula
382 1554 414 1581 ad
430 1554 558 1584 Hebraeos
575 1556 752 1594 Sepiuagiuta
765 1559 947 1596 Interpretuui
971 1571 1032 1590 ver-

245 1599 322 1626 sione
339 1608 406 1628 usus
423 1605 475 1629 est.

279 1645 357 1678 Quod
374 1651 464 1674 autem
479 1647 536 1675 hare
557 1650 584 1676 in
600 1649 741 1679 Salvatore
756 1657 851 1680 nostro
866 1652 930 1682 Jesu
949 1655 1031 1682 Chrio

245 1693 299 1722 sto,
317 1695 344 1718 et
357 1692 454 1719 nonin
469 1694 534 1728 alio,
546 1697 682 1732 completa
697 1698 763 1731 sint,
779 1699 950 1734 declaratur;
965 1703 1031 1730 illud

244 1738 316 1764 enim
329 1748 336 1766 :

279 1782 399 1812 “mss.
417 1784 529 1812 Postulo
541 1795 557 1813 α
568 1795 617 1819 me,
637 1792 662 1814 ct
682 1789 750 1816 dabo
763 1790 811 1816 tibi
821 1798 909 1826 gemes
923 1792 1035 1820 [neredi-

1093 970 1174 996 αὐτὸν
1184 971 1198 997 ό
1213 970 1314 1006 Κύριος
1324 980 1331 986 τ
1356 970 1426 1005 Ἐγὼ
1441 971 1574 1006 σήμερον
1591 971 1753 1007 γεγέννηκά
1768 980 1820 1004 ce;
1836 973 1883 1008 δη-

1092 1015 1178 1043 λονότι
1207 1017 1271 1052 περὶ
1300 1017 1349 1052 τῆς
1379 1018 1508 1053 χρονικῆς
1534 1018 1584 1054 ἔφη
1605 1019 1742 1054 γενήσεως
1757 1019 1805 1054 τῆς
1821 1020 1881 1046 κατ’

1091 1061 1261 1096 οἰκονομίαν·
1294 1062 1358 1098 περὶ
1385 1063 1440 1098 γὰρ
1466 1063 1515 1098 τῆς
1530 1064 1648 1099 ἀνάρχου
1664 1064 1746 1099 φησὶν
1772 1065 1881 1096 αὑτὸςὸ

1091 1107 1186 1133 Aea/26'
1219 1108 1264 1134 Ἐκ
1282 1108 1412 1143 γαστρὸς
1426 1108 1482 1143 πρὸ
1497 1109 1652 1143 ἐωσφόρου
1667 1110 1816 1144 ἐγέννησά
1832 1119 1878 1137 σε.

1091 1152 1219 1180 Γεννᾶται
1235 1154 1262 1180 δὲ
1279 1155 1398 1190 σήμερον
1417 1155 1478 1190 οὐχὶ
1505 1155 1592 1191 ἀρχὴν
1611 1156 1764 1188 συστάσεως
1791 1157 1819 1183 ὲν
1840 1157 1880 1192 τῷ

1090 1199 1236 1231 γεννᾶσθαι
1262 1199 1422 1234 λαμϐάνων,
1441 1200 1511 1227 κατὰ
1529 1200 1556 1226 δὲ
1570 1201 1618 1236 τὴν
1631 1202 1763 1237 σαρκικὴν
1779 1202 1879 1228 οἰκονο-

1091 1244 1155 1278 μίαν
1170 1245 1210 1276 εἰς
1222 1244 1357 1271 υἱοθεσίαν
1371 1245 1465 1272 ἐλθών.
1484 1246 1538 1272 Καὶ
1549 1247 1562 1272 ὁ
1575 1247 1638 1281 παρ’
1652 1246 1733 1273 αὑτοῦ
1746 1246 1774 1273 δὲ
1789 1246 1879 1273 λαϐὼν

1088 1290 1210 1323 ἐξουσίαν
1224 1291 1317 1317 τέκνον
1330 1291 1397 1317 Θεοῦ
1408 1291 1547 1326 γενέσθαι,
1560 1293 1603 1319 ὅτε
1615 1292 1719 1327 γίνεται
1729 1293 1822 1320 τέγνον
1834 1293 1878 1320 διὰ

1087 1335 1134 1361 τοῦ
1153 1335 1338 1371 βαπτίσματος
1354 1336 1574 1371 ἀναγεννώμενος
1589 1357 1596 1368 ,
1613 1337 1705 1374 ἕτερον
1720 1346 1745 1364 τι
1762 1338 1814 1373 πρὸ
1829 1338 1876 1365 τοῦ

1087 1377 1155 1406 εἶναι
1172 1380 1266 1407 τέκνον
1283 1380 1413 1416 ὑπάρχων
1426 1401 1433 1413 ,
1454 1381 1660 1416 ὲξευγενίζεται.
1684 1381 1711 1410 ’0
1732 1384 1824 1419 μέντοι
1844 1393 1876 1418 γε

1092 1426 1217 1461 Ἑϐραῖος
1234 1426 1341 1460 ἐλέγετο
1359 1427 1452 1463 κύριον
1470 1425 1538 1455 εἴναι
1558 1429 1606 1463 τῆς
1621 1429 1720 1462 λέξεως
1734 1451 1741 1462 ,
1759 1430 1875 1463 ἔτεκον,

1085 1472 1153 1507 ὅπερ
1164 1472 1210 1499 καὶ
1226 1472 1341 1504 ’Λκὺλας
1355 1473 1511 1509 πεποίηκεν.
1533 1472 1561 1500 '0
1573 1474 1601 1501 δὲ
1619 1475 1788 1508 Ἀπόστολος,
1801 1486 1876 1511 νομο-

1086 1517 1175 1553 μαθὴς
1190 1519 1320 1555 ὑπάργων
1330 1540 1337 1552 ,
1351 1519 1379 1546 ὲν
1391 1521 1423 1556 τῇ
1436 1520 1503 1556 πρὸς
1521 1521 1662 1556 Ἐϐραίους
1672 1523 1704 1558 τῇ
1716 1523 1768 1550 τῶν
1785 1522 1875 1550 Ἐδόθ-

1086 1564 1206 1598 μήκοντα
1222 1565 1366 1600 ἐχρήσατο.

1117 1655 1172 1681 Καὶ
1188 1655 1228 1680 ὅτι
1246 1663 1276 1689 γε
1300 1656 1340 1686 είς
1356 1655 1402 1681 τὸν
1420 1655 1552 1691 ἡμέτερον
1568 1656 1682 1691 Σωτῆρα
1704 1656 1806 1692 Ἰησοῦν
1828 1657 1874 1683 τὸν

1082 1700 1216 1736 Χριστὸν,
1242 1701 1290 1727 καὶ
1317 1701 1366 1727 οὐκ
1381 1701 1421 1733 εἰς
1451 1701 1548 1734 ἄλλον,
1577 1701 1754 1739 πεπλήρωται
1776 1702 1872 1736 ταῦτα,

1083 1745 1246 1781 παρίστησν
1262 1745 1292 1772 τὸ
1309 1745 1363 1781 γάρ
1374 1753 1380 1760 ·

1115 1792 1240 1826 Αἱτησαι
1251 1792 1318 1826 παρ’
1329 1791 1411 1826 ἐμοῦ,
1423 1792 1472 1820 καὶ
1482 1792 1567 1820 δώσω
1582 1801 1630 1820 σοι
1644 1793 1715 1828 ἔθνη
1732 1793 1789 1828 τὴν
1804 1795 1874 1827 κλη-

244 1832 324 1856 tatem
344 1834 429 1863 tuam,
442 1836 467 1858 et
487 1834 679 1866 possessionem
700 1840 773 1862 tuam
796 1839 921 1866 terminos
943 1844 1029 1874 terra',

1086 1839 1222 1873 ῡονομίαν
1231 1846 1299 1871 σου,
1312 1839 1359 1866 καὶ
1373 1839 1429 1874 τὴν
1438 1838 1626 1873 κατάσχεσίν
1640 1847 1697 1866 σου
1712 1839 1748 1865 τὰ
1761 1839 1872 1874 πέρατα

243 1883 324 1903 nemo
335 1875 435 1904 dixerit
451 1878 478 1905 in
494 1878 548 1906 alio
563 1880 691 1915 quopiam
716 1886 838 1910 veterum
851 1883 898 1912 Dei
912 1886 1030 1921 prophe-

242 1927 331 1949 tarum
344 1923 433 1951 visum
445 1932 476 1952 ac
483 1926 647 1962 completum
658 1935 728 1955 esse.
745 1927 812 1956 Nam
824 1937 910 1965 neque
921 1931 1028 1968 Moyses

241 1968 369 1996 omnibus
387 1971 515 2005 gentibus
530 1972 683 2007 imperavit,
707 1982 796 2010 neque
821 1975 916 2008 David,
941 1985 1029 2013 neque

242 2013 383 2048 Salomon,
399 2024 486 2052 neque
501 2018 571 2045 alius
583 2020 718 2053 quispiam
732 2028 827 2048 eorum
839 2023 886 2057 qui
901 2030 916 2049 a
927 2025 1028 2052 smculo

241 2059 317 2088 fuere
329 2062 524 2096 prophetarum
541 2069 589 2091 aut
605 2073 699 2100 regum
713 2075 719 2092 :
743 2067 794 2094 soli
818 2072 910 2095 autem
934 2069 1028 2097 Salva-

239 2105 293 2132 tori
313 2110 408 2133 nostro
433 2108 489 2135 [nec
504 2114 658 2144 competere
678 2112 719 2138 vel
735 2112 792 2146 ipsa
808 2120 900 2141 rerum
916 2116 1024 2150 perspi-

238 2149 325 2182 cuitas
336 2151 513 2180 testiﬁcatur:
528 2155 747 2190 quandoquidem
757 2154 787 2184 in
804 2165 911 2186 onmem
925 2149 1026 2189 terram

237 2196 321 2223 exivit
332 2205 416 2226 sonus
432 2201 619 2234 apostolorum
632 2202 702 2236 ejus,
716 2207 743 2230 et
762 2204 788 2230 in
804 2204 872 2233 fines
885 2207 960 2234 orbis
976 2211 1026 2236 ter-

237 2250 274 2269 ηιξ
292 2243 375 2271 verba
389 2251 483 2272 eorum
499 2248 685 2278 pervasere”.

272 2288 354 2318 VERS.
375 2290 402 2319 9.
419 2291 517 2319 Pasces
530 2301 573 2320 cos
588 2294 614 2321 in
625 2295 697 2330 virga
709 2296 806 2331 [ci-rea,
822 2303 947 2334 tanquam
958 2309 1023 2328 vasa

235 2335 312 2371 ﬁguli
337 2337 485 2374 confringes
507 2348 561 2367 cos.
576 2339 693 2376 Accepta
716 2343 742 2369 in
764 2351 860 2372 omnes
877 2351 1021 2382 potestate,

235 2381 341 2417 priores
356 2384 417 2412 illos
430 2385 476 2420 qui
492 2385 636 2414 adversum
663 2392 689 2415 te
713 2388 884 2418 fremuerunt
906 2397 933 2419 et
953 2401 1022 2421 vana

235 2428 357 2456 meditati
370 2434 444 2462 sunt,
461 2431 508 2458 sed
527 2433 610 2460 etiam
626 2433 672 2468 qui
693 2436 850 2469 astiterunt,
865 2443 892 2465 et
918 2446 1019 2467 conve-

235 2479 335 2502 nerunt
344 2476 489 2505 adversum
501 2481 527 2505 te
537 2486 615 2514 reges
627 2484 706 2508 terrae
716 2485 743 2508 et
751 2482 897 2518 principes,
910 2492 1019 2519 pasces,

235 2527 288 2547 non
301 2523 432 2555 pastorali
453 2529 658 2554 mansuetarum
682 2527 774 2555 ovium
788 2530 873 2565 virga,
889 2539 949 2566 qua:
963 2540 1021 2560 scr-

234 2568 362 2596 monibus
379 2569 601 2607 salutaribusquc
618 2573 774 2610 disciplinis
786 2582 895 2605 constat
908 2587 915 2612 ;
929 2580 1021 2614 hujus-

232 2614 306 2641 modi
321 2622 440 2650 namque
455 2617 530 2653 virga
546 2619 704 2648 rationabili
720 2622 824 2651 Christi
839 2632 904 2652 oves
919 2626 945 2653 in
957 2627 1018 2661 ejus

233 2662 361 2695 ovilibus,
378 2664 435 2692 sive
449 2665 475 2692 in
487 2664 618 2696 Ecclesiis
633 2672 660 2696 et
671 2668 862 2705 spiritualibus
877 2680 1018 2701 sacrarum

233 2706 438 2743 Scripturarum
451 2712 573 2745 pascuis,
596 2721 744 2749 reguntur;
765 2717 813 2744 sed
826 2717 854 2744 in
865 2718 941 2753 virga
963 2719 1018 2746 fer-

232 2762 295 2789 rea;
312 2764 365 2791 qua
377 2760 404 2784 et
418 2757 479 2786 illos
493 2762 519 2786 et
530 2760 708 2794 cogitationes
722 2770 817 2790 eorum
831 2764 1015 2801 confringere,

268 2821 290 2838 '°
309 2822 397 2851 Galat.
414 2832 456 2858 ιν,
473 2825 517 2852 26.
558 2826 578 2841 “
599 2825 742 2860 Psal.crx,
764 2829 787 2861 Ι,
807 2829 834 2857 2.
874 2831 896 2846 ¹’
945 2833 1009 2862 ibid.

1081 1884 1134 1918 τῆς
1158 1885 1224 1920 γῆς,
1250 1886 1337 1918 οὐδεὶς
1365 1886 1397 1913 ἂν
1421 1885 1476 1921 ἔχοι
1498 1886 1580 1920 φάναι
1617 1885 1658 1919 ἐφ’
1690 1885 1783 1922 ἑτέρου
1817 1886 1872 1912 τῶν

1080 1931 1165 1958 πάλαι
1177 1932 1224 1958 τοῦ
1239 1932 1306 1959 Θεοῦ
1322 1932 1468 1968 προφητῶν
1485 1931 1696 1968 πεφανερῶσθαι
1709 1932 1755 1959 καὶ
1768 1932 1871 1968 πεπλη-

1080 1977 1192 2013 ρῶσθαι.
1209 1977 1277 2004 Οὔτε
1291 1978 1345 2014 γὰρ
1356 1979 1476 2014 Μωῡσῆς
1489 1978 1542 2004 τῶν
1551 1977 1636 2005 ἐθνῶν
1650 1978 1775 2005 ἁπάντων
1786 1979 1870 2014 ἐγρά-

1078 2033 1160 2059 τησεν
1170 2044 1178 2055 ,
1200 2023 1262 2050 οὔτε
1287 2024 1367 2051 Δαυῖδ
1379 2044 1386 2055 ,
1407 2024 1470 2050 οὔτε
1483 2023 1609 2059 Σολομὼν
1619 2045 1626 2056 ,
1642 2024 1703 2050 οὔτε
1719 2032 1761 2055 τις
1777 2024 1870 2060 ἕτερος

1078 2070 1225 2105 προφητῶν
1247 2070 1264 2106 ἢ
1287 2070 1418 2105 βασιλέων
1440 2070 1493 2096 τῶν
1523 2069 1553 2102 ἐξ
1579 2069 1675 2101 αἰῶνος
1697 2070 1867 2105 γενομένων·

1079 2116 1152 2151 μόνῳ
1161 2117 1190 2142 δὲ
1200 2115 1239 2151 τῷ
1253 2116 1378 2151 ἡμετέρῳ
1393 2116 1497 2152 Σωτῆρι
1508 2117 1525 2151 ἡ
1539 2116 1593 2142 τῶν
1608 2116 1776 2152 πραγμάτων
1791 2113 1870 2151 ἐνάρ-

1077 2171 1138 2196 γεια
1163 2164 1309 2198 μαρτυρεῖ·
1327 2162 1473 2198 ἐπειδήπερ
1499 2163 1539 2194 εἰς
1556 2163 1647 2189 πᾶσαν
1662 2163 1711 2199 τὴν
1726 2162 1778 2198 γῆν
1793 2162 1869 2198 ἐξῆλ-

1077 2208 1122 2235 Οεν
1148 2210 1162 2235 ὁ
1188 2208 1306 2243 φθόγγος
1326 2208 1379 2235 τῶν
1403 2209 1559 2236 ἀποστόλων
1583 2209 1684 2241 αὑτοῦ,
1708 2210 1755 2236 καὶ
1779 2211 1819 2241 εἰς
1835 2209 1869 2236 τὰ

1079 2255 1184 2290 πέρατα
1201 2255 1246 2289 τῆς
1258 2255 1419 2290 οἰκουμένης
1433 2255 1468 2281 τὰ
1484 2256 1593 2291 ῥήματα
1610 2255 1700 2283 αὐτῶν
1716 2255 1831 2291 διῆλθεν.

1113 2301 1270 2336 Ποίμαινεῖς
1284 2301 1395 2334 αὐτοὺς
1409 2301 1444 2327 ἐν
1454 2299 1554 2333 ῥάϐδῳ
1569 2301 1678 2336 σιδηρᾷ
1691 2323 1698 2335 ,
1717 2303 1757 2335 ὡς
1771 2303 1866 2336 σκεύη

1078 2348 1225 2382 κεραμέως
1252 2348 1430 2381 conp/dou:
1453 2348 1574 2381 αὐτούς.
1613 2347 1709 2375 Λαϐὼν
1728 2349 1777 2384 τὴν
1797 2349 1867 2376 κατὰ

1077 2394 1186 2420 πάντων
1213 2394 1354 2427 ἐξουσίαν,
1385 2394 1447 2425 τοὺς
1473 2394 1620 2430 προτέρους
1650 2394 1771 2427 ἐκείνους
1804 2395 1867 2426 τοὺς

1077 2441 1147 2468 κατὰ
1167 2441 1214 2467 σοῦ
1232 2440 1403 2475 φρυάξαντας
1420 2440 1466 2467 καὶ
1482 2441 1547 2467 κενὰ
1565 2441 1765 2477 μελετήσαντας
1776 2462 1783 2474 ,
1798 2442 1866 2469 ἀλλὰ

1075 2488 1122 2515 καὶ
1147 2489 1209 2519 τοὺς
1225 2488 1416 2522 παραστάντας
1439 2487 1486 2514 καὶ
1514 2487 1694 2522 συναχθέντας
1721 2488 1791 2514 κατὰ
1818 2488 1865 2515 σοῦ

1075 2534 1195 2570 βασιλεῖς
1207 2544 1239 2562 τε
1256 2536 1308 2570 γῆς
1327 2536 1374 2562 καὶ
1395 2535 1527 2571 ἄρχοντας
1542 2536 1695 2570 ποιμανεῖς,
1721 2535 1750 2560 οὑ
1764 2536 1796 2569 τῇ
1811 2534 1865 2561 τῶν

1074 2581 1185 2617 ἡμέρων
1200 2582 1343 2617 προϐάτων
1358 2583 1522 2617 ποιμαντικῇ
1541 2581 1630 2616 ῥάϐδῳ
1640 2601 1646 2612 ,
1670 2582 1702 2616 τῇ
1720 2580 1763 2606 διὰ
1779 2580 1865 2614 λόγων

1074 2627 1120 2653 καὶ
1132 2627 1272 2662 σωτηρίων
1287 2628 1456 2662 μαθημάτων
1465 2636 1471 2642 ·
1482 2627 1592 2662 τοιαύτῃ
1604 2626 1657 2662 γὰρ
1669 2626 1764 2662 λογικῇ
1776 2627 1866 2662 ῥάϐδῳ

1073 2673 1107 2699 τὰ
1125 2674 1244 2708 Χριστοῦ
1274 2673 1396 2708 πρόϐατα
1415 2674 1444 2700 ἐν
1462 2675 1522 2705 ταῖς
1544 2673 1675 2708 μάνδραις
1694 2672 1776 2699 αὑτοῦ
1791 2693 1799 2705 ,
1835 2673 1864 2699 ὲν

1071 2720 1132 2750 ταῖς
1154 2719 1325 2754 Ἐκκλησίαις
1341 2719 1387 2746 καὶ
1408 2720 1466 2750 ταῖς
1481 2718 1535 2745 τῶν
1553 2718 1633 2753 ἱερῶν
1646 2717 1760 2754 Γραφῶν
1784 2726 1865 2744 πνευ-

1073 2765 1202 2800 ματικαῖς
1216 2766 1312 2800 νομαῖς
1325 2766 1497 2801 ποιμαίνεται
1509 2773 1515 2779 ·
1534 2764 1590 2792 ἀλλ’
1607 2765 1636 2791 ὲν
1651 2763 1740 2802 ῥάϐδῳ
1754 2764 1863 2800 σιδηρᾷ,

1141 2832 1162 2848 ³³
1181 2832 1255 2861 Psal.
1272 2841 1356 2866 xvui,
1374 2833 1400 2861 5.

266 2900 305 2938 (l)
318 2902 411 2938 Αὑτῇ.
435 2910 489 2932 σ-τ.
507 2904 661 2941 Legendum
674 2907 753 2944 αὐτή,
769 2916 866 2943 nempe
880 2909 894 2944 ἡ
910 2909 954 2937 ἐπὶ
969 2910 1019 2944 γῆς

1086 2911 1201 2946 ικλησῐα.
1220 2911 1298 2940 Enn.
