2055 3214
271 177 301 204 91
618 174 751 203 ΕυΞΕΒΙΙ
771 165 1010 205 (ΣΑΞΞᾹἙΙΕΝέΙδ
1030 177 1215 206 0PP.PARS.
1234 179 1277 207 Ill.
1297 195 1333 201 —
1347 179 1552 208 EXEGETICA.
1857 181 1892 209 οε

270 235 418 270 propheta.
434 233 497 262 dum
514 235 593 270 quasi
608 242 640 262 ex
656 243 772 269 persona
790 235 836 263 Dei
852 235 892 263 sic
907 235 1048 270 loquitur:

1104 235 1167 270 ὑγιῆ
1181 238 1227 262 καὶ
1239 237 1367 271 ἀκέραιον
1379 236 1452 273 σώζῃ
1463 236 1510 263 τοῦ
1525 237 1668 272 κεραμέως
1683 238 1734 273 τὴν
1747 219 1892 265 οιάπλασιν

271 279 398 316 Nunquid
417 281 484 307 sicut
499 280 597 316 ﬁgulus
612 289 663 307 non
682 286 772 315 potero
790 281 861 309 vobis
878 281 978 316 facere,
997 281 1046 308 do-

269 335 328 353 mus
346 326 449 358 Israel,
468 327 534 353 dicit
550 326 679 354 Dominus
694 328 738 354 "‘3
752 327 778 354 id
794 332 850 359 est,
867 328 907 355 sic
920 332 947 355 et
963 329 1054 362 lapsos

269 373 432 404 reformare,
453 380 485 399 ac
505 380 603 400 rursus
623 373 651 400 in
671 373 815 408 pristinam
836 374 953 402 formam
973 376 1056 402 resti-

270 424 353 446 luere.

306 562 386 591 Vens.
412 563 502 591 10-12.
527 564 560 590 Et
584 573 665 597 nunc,
695 573 782 600 reges,
812 566 967 601 tntelligite,
998 575 1055 593 eru-

268 609 363 636 dimini
377 610 422 644 qui
433 610 562 644 iudicatis
579 615 687 637 terram.
706 611 807 638 Serrite
833 612 945 639 Domina
968 613 994 639 in
1020 614 1053 640 ti-

268 663 356 687 mare,
384 660 409 682 et
430 656 562 683 casu/tate
585 657 608 683 ei
631 665 690 683 cum
712 662 833 684 tremore.
863 659 1053 693 Apprehendile

267 701 435 735 disciplinam
447 721 453 732 ι
470 710 501 728 ne
522 702 627 737 quando
646 703 779 730 irascatur
801 703 939 731 Dominus.
962 705 1053 732 Evan-

267 747 381 781 gelicam
401 747 528 774 videlicet
552 747 637 782 legem
670 749 798 783 exponit,
823 750 886 776 inde
915 751 1052 777 translato

268 795 393 820 seriuone
405 814 412 825 ,
430 793 600 828 principibus
615 802 646 821 ac
667 795 777 829 regibus
789 815 796 826 ,
822 795 847 822 in
869 796 943 831 virga
965 796 1051 823 ferrea

267 839 433 873 pascendis;
449 839 564 874 aitque:
591 839 684 866 Heus!
713 848 775 872 vos,
801 841 878 876 gnari
903 846 929 868 et
952 841 1053 869 intelli-

267 889 362 920 gentes
375 889 476 919 quanta
492 889 613 919 potestas
630 885 689 920 ejus
706 886 742 913 sit
756 887 802 921 qui
818 894 832 912 a
849 886 930 914 Patre
946 889 1051 923 accepit

267 935 362 965 gentes
376 931 403 958 in
421 931 607 958 ha‘reditatem
620 951 627 963 ,
643 935 669 958 et
683 932 772 966 qualis
788 933 824 959 sit
844 933 918 968 virga
935 933 980 959 illa
996 933 1051 960 ier-

266 983 313 1003 rea
338 980 433 1003 contra
459 983 504 1003 vos
530 980 631 1008 erecta.
648 977 727 1004 ﬁnem
749 981 843 1004 contra
858 985 919 1005 eum
936 978 1053 1005 bellandi

268 1021 365 1053 facite,
390 1022 437 1049 sed
461 1023 554 1057 potius
579 1026 691 1057 accepta
710 1023 908 1058 intelligentia.
932 1024 1054 1051 rationa-

269 1066 318 1094 bili
336 1067 489 1095 disciolina:
503 1075 552 1096 vos
566 1068 751 1096 instituendos
767 1069 875 1096 tradite.

300 1153 383 1183 Vens.
404 1155 447 1181 I5.
470 1155 536 1182 Cum
554 1156 685 1183 exarserit
705 1155 733 1182 in
748 1156 817 1184 brevi
834 1157 874 1184 ira
888 1158 945 1192 ejus
957 1167 966 1184 :
984 1158 1054 1185 beati

267 1209 356 1228 omnes
376 1202 421 1235 qui
440 1201 576 1235 conﬁdunt
596 1202 622 1228 in
638 1209 678 1228 eo.
697 1201 774 1234 Quod
791 1207 882 1229 autem
899 1204 925 1230 in
942 1203 997 1231 Deo
1013 1205 1053 1231 ira

267 1252 293 1274 et
310 1246 385 1273 furor
400 1254 454 1273 non
471 1247 524 1274 sint
538 1248 675 1281 passiones
687 1268 694 1279 ,
710 1248 859 1275 declaravit
875 1249 969 1276 beatus
982 1249 1054 1276 Pau-

267 1294 310 1321 lus
325 1293 368 1320 bis
383 1293 492 1320 verbis:
510 1292 660 1320 Secundum
680 1298 768 1320 autem
787 1294 914 1320 duritiam
932 1300 1010 1321 tuam'
1027 1301 1052 1322 et

266 1340 428 1375 impaenitens
448 1347 503 1368 cor.
527 1339 692 1366 thesaurizas
709 1339 756 1365 tibi
773 1340 841 1365 iram
858 1340 885 1365 in
899 1340 941 1366 die
953 1341 1000 1366 ira:
1016 1341 1050 1368 ".

265 1386 348 1419 Qu'eis
363 1385 508 1420 signiﬁcat.
525 1389 698 1419 peccatorum
714 1385 882 1419 punitionem
897 1385 987 1412 vocari
1002 1385 1053 1412 iu—

266 1439 356 1459 rorem
371 1435 398 1458 et
412 1431 490 1458 iram.
506 1430 568 1464 Ipsi,
582 1430 679 1465 inquit.
692 1431 802 1458 Christo
816 1430 995 1464 conﬁdentes.
1005 1432 1052 1466 qui

266 1485 315 1512 per
328 1481 413 1503 totum
431 1476 502 1502 hunc
518 1475 652 1510 psalmum
673 1476 829 1510 propin-tice
842 1476 1050 1510 prmnuntiatur;

264 1531 317 1551 non
338 1523 423 1550 multo
438 1527 542 1557 postea,
559 1521 648 1548 brevis
665 1529 783 1556 uanique
798 1530 917 1556 praesens
931 1523 984 1549 vita
998 1527 1049 1555 est,

264 1571 335 1597 beati
350 1570 530 1604 reperientur.
551 1567 600 1594 llis
615 1572 705 1594 autem
717 1568 808 1595 verbis
820 1576 851 1595 ea
864 1569 963 1596 litteris
978 1577 1052 1596 con-
1066 1580 1086 1607 ο

266 1616 366 1651 signat,
384 1623 445 1649 quae
465 1615 492 1641 in
509 1614 598 1649 primo
612 1614 717 1649 psalmo
732 1614 854 1641 deerant.
872 1614 931 1641 Non
954 1615 1052 1642 suilicit

265 1663 336 1689 enim
357 1662 383 1688 in
404 1662 548 1688 consilium
567 1661 713 1695 impiorum
733 1668 788 1687 non
810 1660 950 1692 accedere,
968 1661 994 1688 in
1010 1662 1052 1688 via

265 1711 439 1742 peccatorum
456 1716 509 1734 non
523 1711 608 1738 stare,
626 1711 653 1733 et
667 1707 694 1733 in
711 1706 768 1740 lege
785 1707 930 1740 meditari;
949 1711 976 1733 at
999 1715 1052 1734 non

266 1755 368 1780 h-ustra
383 1753 570 1780 meditandum
584 1757 636 1785 est,
649 1753 696 1779 sed
707 1760 739 1779 ex
753 1753 786 1779 iis
800 1752 833 1779 ad
846 1752 946 1779 Christi
959 1753 1053 1787 cogni-

266 1800 366 1827 tionem
389 1799 480 1826 venire
498 1806 546 1833 par
565 1801 617 1829 est,
639 1798 665 1825 in
689 1797 810 1831 ejusdem
841 1802 944 1832 partem
971 1803 1052 1833 atque

266 1845 449 1872 haereditatem
476 1844 615 1875 accedere,
635 1850 666 1870 ae
689 1850 736 1877 per
755 1842 833 1869 [idem
854 1847 880 1869 et
900 1851 981 1877 opera
1000 1843 1050 1877 ipsi

265 1891 411 1919 conlidere.
425 1891 492 1918 Cum
508 1891 597 1925 itaque
609 1889 726 1916 duorum
738 1889 869 1916 horumce
884 1890 1050 1924 psalmorum

265 1945 318 1965 una
338 1938 374 1965 sit
394 1937 540 1968 sententia,
555 1936 617 1970 jure
639 1935 657 1962 ii
678 1935 749 1969 apud
767 1935 895 1962 Hebraeos
911 1935 1050 1970 conjuncti

264 1991 338 2012 ευιιι.
668 2011 671 2017 .

457 2034 657 2062 ENARRATIO
678 2034 801 2061 PSALMI
818 2034 852 2061 Ill

265 2084 390 2112 Psalmus
415 2082 510 2114 David,
531 2080 636 2116 quando
661 2081 777 2115 fugiebat
798 2089 813 2106 a
833 2080 901 2114 [acie
923 2079 1049 2106 Absalom

599 2116 649 2150 [an
668 2116 718 2143 sui.

300 2173 381 2200 Vens.
394 2173 419 2199 1.
431 2171 592 2200 Necessario
606 2175 713 2206 tempus
725 2172 847 2203 adnotat,
859 2175 888 2197 ut
898 2170 980 2198 dictis
991 2171 1048 2198 suis

265 2218 420 2253 Regnorum
434 2217 574 2244 historiam
587 2220 742 2249 connectat,
752 2220 836 2250 utque
845 2216 1011 2248 ediscamus,
1019 2224 1048 2244 se

1107 281 1212 307 οὐδέπω
1227 281 1293 316 πυρὶ
1319 281 1556 317 προσωμιληκότα.
1579 282 1689 313 Τούτοις
1710 282 1737 308 δὲ
1761 284 1893 318 μαρτυρεῖ

1107 327 1152 353 καὶ
1165 328 1179 353 6
1192 327 1326 362 μακάριος
1344 327 1477 362 Ἱερεμίας
1489 328 1502 353 ὀ
1522 328 1681 364 προφήτης,
1706 327 1792 362 λέγων
1806 329 1843 360 ὡς
1859 330 1892 356 ὲκ

1105 371 1151 398 τοῦ
1166 371 1249 398 Θεοῦ·
1270 372 1304 399 Ἦ
1318 372 1416 405 καθὼς
1429 374 1445 399 ὁ
1461 373 1617 407 κεραμεὺς,
1643 373 1733 406 οὕτως
1747 374 1782 400 οὐ
1800 373 1893 408 Burri-

1105 425 1193 451 σομαι
1208 417 1261 444 τοῦ
1272 412 1395 451 ποιῆσαί
1407 418 1488 452 ὑμῖν,
1500 418 1583 451 οἶκος
1599 418 1727 452 Ἰσραὴλ.
1740 418 1820 453 λέγει
1833 421 1892 446 K15-

1100 471 1184 496 ptoq;
1201 463 1348 495 τουτέστιν,
1381 463 1452 490 οὕτω
1468 465 1515 491 καὶ
1532 464 1710 496 διαπεσόντας
1726 465 1890 499 ἀναπλάσαι,

1105 509 1152 535 καί
1169 508 1249 535 πάλιν
1266 510 1305 540 εἰς
1320 509 1351 536 τὸ
1369 511 1480 545 ἀρχαῖον
1497 510 1731 545 ἀποκαταστῆσαι.

1139 555 1193 580 Καὶ
1208 554 1274 585 νῦν,
1288 555 1437 588 βασιλεῖς,
1452 556 1568 587 σύνετε,
1583 555 1758 590 παιδεύθητε
1780 556 1892 590 πάντες

1104 603 1130 628 οὶ
1146 602 1298 635 κρίνοντες
1315 602 1372 636 τὴν
1383 602 1451 637 ὧν.
1474 604 1661 630 Δουλεύσατε
1681 603 1720 635 τῷ
1746 604 1843 637 Κυρίῳ
1856 605 1893 631 ἐν

1104 648 1193 681 φόϐῳ,
1208 648 1254 674 καὶ
1274 648 1459 682 ἀγαλλιᾶσθε
1478 648 1557 680 αὐτῷ
1569 649 1603 674 ἐν
1616 649 1720 682 τρόμῳ.
1739 649 1892 683 Δράξασθε

1103 691 1248 725 παιδείας,
1257 692 1372 726 μήποτε
1385 693 1508 727 ἀργία-θῇ
1517 694 1632 727 Κύριος.
1648 694 1703 728 Τῆς
1712 693 1892 729 εὐαγγελικῆς

1103 738 1222 773 δηλονότι
1237 738 1404 773 νομοθεσίας.
1425 738 1562 766 Ἐντεῦθεν
1586 739 1773 774 μεταϐατικῶς
1787 741 1800 766 6
1814 740 1892 774 λόγος

1102 783 1273 810 διδασκαλίαν
1281 784 1478 816 ὲκτίθεταιτοῖς
1493 785 1605 820 ἄρχουσι
1622 786 1729 816 καὶτοῖς
1742 785 1889 820 βασιλεῦσι,

1103 829 1157 859 τοῖς
1182 829 1233 855 ὑπὸ
1256 830 1288 864 τῇ
1310 829 1407 865 σιδηρᾷ
1430 829 1520 865 ῥάϐδῳ
1544 830 1818 866 ποιμανθησομένοις,
1845 831 1891 858 καί

1103 882 1198 909 φησιν·
1211 875 1251 900 ὅτι
1264 875 1394 907 Γνῶντες,
1410 872 1432 902 ὦ
1447 873 1528 906 οὗτοι,
1545 876 1591 902 καὶ
1603 877 1727 908 συνόντες
1747 877 1834 912 ὁπόση
1850 885 1892 909 τις

1070 915 1088 940 Β
1103 920 1244 955 ήδὺναμις
1260 920 1306 947 τοῦ
1329 921 1403 956 παρὰ
1418 921 1464 947 τοῦ
1484 921 1589 956 Πατρὺς
1611 921 1750 956 εἰληφότος
1770 922 1804 949 τὰ
1827 922 1891 958 ἔθνη

1104 965 1294 1001 κληρονομίαν,
1307 966 1353 993 καὶ
1363 966 1444 993 ὁποία
1457 975 1499 998 τις
1513 967 1665 1002 τυγχάνειὴ
1684 967 1781 1003 σιδηρᾶ
1793 967 1891 1003 ῥάϐδος

1104 1012 1121 1046 ἡ
1139 1012 1200 1038 καθ’
1220 1012 1296 1047 ὑμῶν
1314 1012 1521 1048 ὲπεγειρομένη,
1545 1013 1685 1039 παύσασθε
1709 1013 1890 1049 πολεμοῦντες

1104 1058 1177 1093 αὐτῷ
1185 1067 1191 1074 '
1202 1059 1381 1091 ἀπολαϐόντες
1393 1060 1420 1086 δὲ
1436 1059 1533 1095 μᾶλλον
1546 1059 1650 1087 σύνεσιν
1662 1060 1767 1087 ὲπίδοτε
1777 1061 1891 1093 ἑαυτοὺς

1103 1106 1136 1140 τῇ
1153 1105 1247 1140 λογικῇ
1264 1105 1382 1140 παιδεία.

1141 1151 1228 1177 Ὅταν
1241 1151 1373 1185 ὲκκαυθῇ
1388 1151 1423 1177 ἐν
1439 1150 1520 1185 τάχει
1531 1153 1547 1178 ό
1565 1151 1657 1186 θυμὸς
1670 1151 1762 1179 αὑτοῦ
1772 1160 1778 1167 ’
1793 1151 1890 1186 μακά-

1100 1205 1158 1230 plot
1174 1196 1284 1229 πάντες
1307 1198 1333 1223 οἰ
1349 1198 1520 1230 πεποιθότες
1546 1198 1592 1224 ἐπ’
1615 1197 1695 1230 αὐτῷ
1706 1207 1712 1213 ·
1728 1198 1789 1225 Ὀτι
1808 1198 1836 1225 δὲ
1852 1198 1890 1234 μὴ

1104 1242 1182 1275 πάθη
1196 1242 1262 1268 Θεοῦ
1273 1242 1340 1278 ὀργὴ
1357 1243 1402 1269 καὶ
1413 1243 1506 1278 θυμὸς,
1519 1244 1532 1269 ὁ
1545 1243 1677 1279 μακάριος
1690 1243 1806 1278 ἐδήλωσε
1817 1244 1890 1270 Παῦ-

1104 1287 1147 1319 λος
1162 1288 1259 1315 εἰπών·
1275 1289 1357 1315 Κατὰ
1366 1288 1400 1314 δὲ
1412 1289 1469 1322 τὴν
1481 1289 1674 1323 σκληρότητά
1685 1297 1742 1317 σου
1757 1290 1805 1316 καὶ
1820 1290 1890 1325 άμε-

1103 1334 1249 1368 τιινόητον
1272 1334 1407 1368 καρδίαν,
1423 1334 1609 1369 θησαυρίζεις
1627 1335 1722 1368 ἐαυτῷ
1743 1336 1836 1371 ὀργὴν
1854 1337 1890 1363 ἐν

1105 1379 1197 1412 ἡμέρᾳ
1214 1379 1318 1413 ὀργῆς·
1333 1380 1366 1406 δι’
1390 1376 1427 1406 ὧν
1453 1381 1578 1415 σημαίνει
1603 1381 1652 1416 τὴν
1675 1381 1717 1416 ἐφ’
1742 1382 1888 1418 ἁμαρτίαις

1104 1423 1212 1449 κόλασιν
1232 1424 1360 1459 εἰρῆσθαι
1384 1424 1468 1459 θυμὸν
1494 1426 1540 1451 καὶ
1558 1425 1652 1461 ὀργήν.
1677 1426 1735 1452 Ἐπ’
1756 1427 1829 1462 αὐτῷ
1847 1427 1888 1460 δὲ,

1091 1467 1185 1510 λέγει,
1212 1455 1371 1501 πεποιθότες
1394 1455 1433 1505 τῷ
1459 1455 1689 1509 προφητευομένῳ
1710 1455 1821 1508 Χριστιξί
1843 1455 1892 1501 δια¹

1104 1514 1202 1545 παντὸς
1217 1514 1262 1540 τοῦ
1275 1514 1392 1549 ψαλμοῦ,
1416 1516 1439 1541 οἱ
1454 1516 1550 1551 μικρὸν
1568 1516 1679 1552 ὕστερον
1699 1517 1811 1553 (βραχὺς
1834 1519 1889 1554 γὰρ

1103 1560 1175 1592 ἄπας
1191 1561 1205 1586 6
1231 1561 1325 1596 παρὼν
1347 1561 1413 1596 βίος)
1432 1561 1623 1597 εὑρεθήσονται
1648 1564 1787 1598 μακάριοι.
1808 1564 1844 1590 Τδ
1859 1565 1890 1591 δὲ

1103 1605 1193 1632 λεῖπον
1205 1607 1260 1637 τοῖς
1273 1607 1301 1632 ἐν
1315 1606 1353 1642 τῷ
1371 1606 1470 1642 πρώτῳ
1485 1607 1585 1642 ψαλμῷ
1604 1607 1648 1634 διὰ
1667 1608 1767 1635 τούτων
1785 1609 1889 1636 ἀπέδω-

1104 1661 1160 1679 κεν.
1176 1654 1213 1679 Οὐ
1232 1653 1285 1688 γὰρ
1299 1653 1378 1688 ἀρκεῖ
1391 1653 1469 1689 μόνον
1482 1654 1513 1679 τὸ
1529 1654 1566 1689 μὴ
1582 1654 1745 1690 πορεύεσθαι
1761 1656 1790 1681 ὲν
1806 1655 1888 1692 βουλῇ

1103 1698 1218 1731 ἀσεϐῶν,
1241 1699 1300 1725 οῦδὲ
1323 1699 1352 1724 τὺ
1369 1699 1405 1734 μὴ
1421 1699 1517 1734 στῆναι
1535 1700 1564 1725 ἐν
1576 1699 1629 1734 ὁδῷ
1652 1700 1822 1736 ἁμαρτωλῶν
1841 1701 1888 1728 καὶ

1105 1745 1216 1780 μελετᾷν
1230 1746 1258 1772 ἐν
1273 1745 1312 1780 τῷ
1340 1745 1428 1780 νόμῳ·
1444 1745 1510 1772 ἀλλὰ
1523 1745 1577 1781 γὰρ
1602 1746 1633 1781 δὴ
1650 1747 1696 1773 καὶ
1713 1747 1749 1782 μὴ
1763 1742 1888 1782 διακενῆς

1105 1791 1236 1827 μελετᾷ-θ,
1254 1791 1321 1818 ἀλλὰ
1342 1791 1443 1825 γνῶναι
1465 1791 1581 1827 Χριστὸν
1601 1792 1630 1825 ἐξ
1655 1793 1752 1824 αὐτῶν,
1778 1793 1888 1828 καὶτῆς

1103 1838 1184 1863 αὑτοῦ
1201 1838 1324 1871 γενέσθαι
1341 1838 1449 1873 μερίδος
1464 1847 1493 1864 τε
1510 1838 1556 1864 καὶ¹
1576 1838 1767 1874 κληρονομίας,
1782 1839 1828 1865 καὶ
1843 1839 1890 1866 διὰ

1103 1883 1219 1914 πίστεως
1235 1884 1281 1909 καὶ
1306 1883 1392 1919 ἔργων
1418 1885 1459 1910 ἐπ’
1483 1883 1556 1918 αὐτῷ
1580 1884 1746 1910 πεποιθέναι.
1769 1885 1888 1917 Εἰκότως

1101 1929 1164 1963 ἄρα,
1197 1930 1262 1963 μιᾶς
1288 1929 1370 1965 οῠσης
1387 1929 1436 1965 τῆς
1463 1929 1597 1961 διανοίας,
1628 1930 1794 1965 συνημμένοι
1822 1932 1888 1967 παρ’

1107 1974 1241 2009 Ἑϐραίοις
1255 1975 1322 2002 εἰσὶν
1333 1976 1357 2001 οἱ
1371 1976 1417 2002 δύο
1430 1975 1540 2011 ψαλμοί.

1287 2034 1452 2060 ΕΞΗΙἮΣΙΣ
1469 2034 1536 2061 ΤΟΥ
1552 2033 1699 2061 ΨΑΛΜΟΥ
1714 2032 1749 2060 Γ’.

1104 2079 1226 2114 Ψαλμός
1234 2079 1273 2112 τῷ
1284 2079 1386 2112 Δαυῒδ,
1399 2081 1488 2106 ὁπότε
1502 2080 1721 2114 ἀπεδίδρασκεν
1729 2078 1788 2106 ἀπὸ
1799 2085 1889 2113 προσ-

1215 2115 1297 2142 ώπου
1318 2115 1506 2150 Ἀϐεσσαλὼμ
1517 2115 1569 2142 τοῦ
1585 2115 1650 2141 υἱοῦ
1665 2114 1767 2141 αὑτοῦ.

1141 2173 1309 2208 Ἀναγκαίως
1323 2173 1367 2200 τὸν
1379 2173 1472 2210 καιρὸν
1483 2174 1563 2209 ἐπιση
1568 2181 1599 2208 με
1605 2172 1700 2205 ιοῦται,
1710 2172 1746 2203 ὡς
1759 2171 1791 2198 ἂν
1802 2172 1887 2207 ἐφαρ-

1101 2220 1177 2254 μόσοι
1201 2219 1249 2254 μὲν
1279 2221 1335 2250 τοῖς
1363 2219 1518 2254 λεγομένοις
1535 2219 1583 2253 τὴν
1599 2217 1652 2244 ἀπὸ
1667 2217 1720 2243 τῶν
1741 2216 1887 2244 Βασιλειῶν

265 2269 325 2299 post
340 2263 489 2291 admissum
507 2271 568 2290 cum
587 2270 673 2289 uxore
687 2261 759 2288 Uria=
774 2265 927 2296 peccatum.
945 2266 1050 2288 tantum

1106 2265 1235 2301 ἱστορίαν,
1254 2265 1300 2291 καὶ
1313 2265 1350 2295 ὡς
1367 2264 1400 2290 ἂν
1418 2264 1561 2299 μάθοιμεν,
1574 2263 1624 2295 ὃτι,
1645 2262 1713 2297 μετὰ
1729 2263 1759 2288 τὸ
1768 2261 1888 2297 ἐξαμαρ-

265 2310 390 2337 retulisse
407 2309 573 2344 ptuniteutize
589 2308 720 2338 fructum,
737 2310 766 2334 ut
781 2315 889 2334 rursum
904 2306 996 2334 divino
1011 2306 1052 2332 af-

264 2356 344 2384 ﬂatus
360 2355 461 2390 Spiritu
477 2355 613 2389 psalleret.
629 2353 778 2381 Historiam
794 2353 865 2380 enim
878 2360 938 2387 quae
952 2361 1008 2380 rem
1024 2353 1050 2379 in

266 2401 358 2429 Uriam
373 2405 476 2436 gestam
500 2400 622 2435 respicit.
637 2399 815 2434 consequitur
835 2398 948 2425 rebellio
962 2399 1049 2425 Absa-

265 2449 335 2476 Iouis
352 2448 380 2475 in
396 2454 509 2483 patrem.
528 2446 591 2474 bule
612 2446 684 2474 enim
701 2445 735 2472 ab
752 2445 812 2472 aliis
833 2445 984 2479 exemplum
1004 2453 1050 2472 su-

265 2499 355 2522 matur
375 2493 580 2528 resipiscentiaa,
598 2497 679 2526 atque
704 2490 861 2518 mutationis
886 2498 901 2516 a
925 2490 1049 2525 pristinis

265 2541 344 2570 malis
361 2541 388 2567 in
403 2540 541 2566 meliorem
556 2539 679 2573 frugem;
695 2538 873 2571 doctrinaque
889 2537 983 2563 istlnrc
998 2537 1049 2563 erit

265 2589 377 2616 sincerae
394 2587 427 2614 ad
443 2587 527 2613 Deum
545 2585 745 2612 conversionis.
767 2584 894 2618 Aliasque
911 2583 1049 2618 proprium

262 2634 398 2667 justorum
413 2636 456 2659 est
470 2630 599 2658 :erumnis
614 2630 698 2663 aibci;
711 2629 887 2664 quamobrem
904 2629 942 2656 ait
958 2629 1052 2656 Salva-

265 2684 308 2707 tor
326 2689 331 2706 :
353 2679 384 2706 In
403 2677 498 2705 mundo
523 2685 673 2711 pressura":
698 2676 827 2703 habebitis
838 2676 876 2705 ¹¹;
894 2680 918 2702 et
938 2680 1051 2710 angusta

263 2731 288 2753 et
301 2730 375 2752 arcta
390 2725 432 2752 via
442 2729 481 2751 est
494 2732 551 2758 qtae
561 2723 633 2750 ducit
648 2723 682 2749 ad
696 2724 775 2749 vitam
787 2723 820 2748 ".

301 2770 382 2798 Vens.
411 2770 468 2796 2-4.
489 2769 611 2801 Domine,
635 2768 697 2804 quid
722 2768 891 2801 multiplicati
916 2771 976 2794 sunt
1005 2767 1048 2800 qui

265 2816 392 2843 tribulam
415 2816 475 2842 me?
492 2815 568 2842 multi
589 2816 725 2849 insurgunt
744 2814 882 2841 adversum
897 2820 945 2839 me.
969 2811 1048 2838 Multi

301 2916 321 2932 “
341 2915 438 2943 Jcrem.
457 2922 539 2948 xrui,
556 2915 581 2941 6.
621 2913 644 2929 ‘°
664 2911 743 2940 Rom.
762 2920 797 2944 ιι,

1103 2311 1183 2346 τῆσαι
1196 2312 1234 2342 εἰς
1251 2311 1300 2346 τὴν
1316 2309 1363 2336 τοῦ
1380 2310 1488 2345 Οὐρίου,
1500 2309 1623 2336 τοσοῦτον
1642 2308 1818 2343 εἰσηνέγκατο
1838 2316 1887 2343 με-

1102 2358 1210 2388 τανοίας
1226 2356 1342 2392 καρπὸν,
1358 2356 1395 2386 ὡς
1405 2355 1486 2381 πάλιν
1499 2355 1526 2380 ἐν
1541 2354 1605 2389 θείῳ
1616 2353 1752 2388 Πνεύματι
1765 2353 1886 2387 ψάλλειν.

1104 2404 1218 2429 ’Έπεται
1228 2403 1282 2437 γὰρ
1296 2404 1329 2437 τῇ
1340 2401 1410 2428 κατὰ
1419 2401 1463 2427 τὸν
1476 2401 1574 2436 Οὐρίαν
1591 2400 1717 2436 ἱστορίᾳή
1735 2399 1781 2425 τοῦ
1796 2398 1888 2425 Ἀϐεσ-

1102 2449 1199 2484 σαλὼμ
1215 2448 1285 2475 κατὰ
1300 2447 1347 2474 τοῦ
1365 2447 1469 2482 πατρὸς
1482 2446 1673 2477 ἐπανάστασις.
1697 2445 1804 2472 Γὲνοιτο
1818 2445 1840 2471 δ’
1853 2444 1886 2471 ἂν

1101 2495 1133 2519 ἐκ
1146 2492 1246 2519 τούτων
1265 2492 1310 2518 καὶ
1326 2492 1430 2527 ἑτέροις
1450 2491 1536 2526 τροπὴ
1551 2491 1599 2526 τῆς
1613 2490 1666 2517 ἀπὸ
1683 2489 1821 2525 προτέρων
1839 2498 1888 2516 κα-

1101 2538 1156 2565 κῶν
1168 2538 1213 2563 ἐπὶ
1228 2537 1260 2563 τὰ
1276 2537 1392 2572 κρείττω
1408 2536 1557 2572 μεταϐολῆς
1567 2556 1573 2568 ,
1594 2535 1752 2562 διδασκαλία
1766 2543 1795 2561 τε
1819 2543 1887 2570 γνη-

1103 2584 1160 2614 σίας
1175 2584 1241 2618 πρὸς
1258 2583 1304 2609 τὸν
1320 2583 1385 2609 Θεὸν
1398 2582 1576 2617 ἐπιστροφῆς.
1600 2582 1654 2608 Καὶ
1671 2581 1758 2611 ἄλλως
1774 2580 1802 2606 δὲ
1821 2580 1887 2606 ἴδιον

1101 2629 1210 2662 δικαίων
1232 2629 1289 2654 ἐστὶ
1312 2628 1342 2654 τὸ
1363 2627 1499 2654 θλίϐεσθαι
1510 2636 1516 2642 ·
1533 2627 1573 2654 διὸ
1588 2628 1635 2655 καὶ
1646 2627 1659 2653 ὁ
1675 2627 1770 2662 Σωτήρ
1787 2634 1884 2661 φησιν·

1109 2675 1159 2700 Ἐν
1169 2659 1211 2706 te:
1225 2673 1327 2708 κόσμῳ
1340 2674 1445 2707 θλίψιν
1468 2673 1567 2706 ἕχετε’
1585 2672 1633 2698 καὶ
1649 2659 1823 2705 στενὴ-’καί
1842 2678 1887 2697 rs-

1103 2718 1248 2753 θλιμμένη
1263 2718 1349 2744 ἐστίν
1360 2719 1378 2752 ὴ
1395 2717 1464 2751 ὁδὸς
1475 2718 1493 2751 ἡ
1505 2717 1665 2751 ἀπάγοι-σα
1678 2717 1720 2749 εις
1732 2715 1788 2750 τὴν
1801 2715 1885 2748 ζωήν.

1137 2765 1234 2797 Κύριε,
1249 2763 1276 2789 τί
1289 2763 1523 2796 ἐπληθύνθησαν
1537 2764 1563 2789 ol
1575 2761 1729 2794 θλίϐοντές
1739 2769 1777 2796 με
1785 2769 1794 2793 ;
1809 2763 1885 2788 Πυλ-

1102 2810 1150 2837 λοὶ
1171 2809 1386 2836 ἐπανίστανται
1409 2808 1455 2835 ἐπ’
1479 2807 1547 2842 ἐμέ·
1575 2807 1683 2834 πολλοὶ
1704 2807 1826 2842 λέγουσι
1850 2805 1887 2840 τῇ

882 2911 902 2925 ²¹
923 2909 1002 2937 Joan.
1022 2916 1080 2943 xw,
1099 2908 1142 2936 53.
1182 2910 1204 2924 ¹²
1225 2907 1318 2935 Matth.
1337 2915 1385 2942 vn,
1406 2907 1446 2934 li.
