2055 3214
218 171 254 199 93
789 163 1038 193 COMMEN'l'ARIA
1061 166 1094 193 IN
1112 146 1280 193 PISALMOS.
1327 162 1353 207 ⁷)
1812 165 1849 194 94

218 239 306 275 ψυχτῖ
323 247 392 274 μου·
419 239 478 266 Οὐκ
497 237 562 265 ἐστι
583 238 713 271 σωτηρία
732 236 812 269 αὐτῷ
832 237 867 263 ἐν
882 236 921 269 τῷ
941 234 1002 267 Θεῷ

1057 235 1145 262 dicunt
1160 241 1256 260 ammte
1271 240 1334 259 mete
1351 239 1360 258 :
1380 232 1440 258 Non
1458 236 1497 259 est
1509 232 1582 259 salus
1600 232 1650 267 ipsi
1667 233 1694 259 in
1705 232 1760 260 Deo
1778 234 1847 268 ejus.

218 287 323 314 αὑτοῦ.
337 286 379 313 Σὺ
398 284 442 316 δὲ,
460 285 557 318 Κύριε,
571 283 760 317 ἀντιλήπτωρ
780 292 839 318 μου
864 280 907 315 εἴ,
930 281 1005 314 δόξα

215 341 286 367 μου,
306 332 354 358 καὶ
371 329 458 364 ὑψῶν
475 328 531 363 τὴν
553 327 689 362 κεφαλήν
709 337 780 362 μου.
804 328 911 358 Πάντας
939 327 1004 353 διω-

217 379 305 414 γμοὺς
318 377 372 414 χρὴ
383 377 536 412 προσδοκᾷν
548 377 611 407 τοὺς
624 374 695 401 κατὰ
706 374 773 401 Θεὸν
784 374 832 410 ζῇν
845 382 950 410 προῃρη
956 374 1004 409 μὲ-

217 435 290 457 νους.
312 424 388 451 Ἐπεὶ
403 422 473 450 κατὰ
486 423 531 448 τὸν
546 420 704 448 Ἀπόστολον
715 429 721 435 ·
736 419 851 454 Πάντες
866 421 892 447 οἱ
907 420 1007 447 θέλον-

217 480 268 504 τες
284 469 338 504 ζῇν
354 468 485 502 εὐσεϐῶς
505 468 540 495 ἐν
561 467 675 501 Χριστῷ
702 466 798 500 Ἰησοῦ
818 465 1003 501 διωχθήσον-

218 526 275 545 ται.
296 517 365 543 ⁵Αλλ¹
380 517 408 542 ὲν
423 516 490 542 πᾶσι.
508 514 640 550 προσήκει
652 512 687 539 τὰ
702 513 777 539 δεινὰ
790 511 932 548 καρτερῶς
944 512 1008 538 ὑπο-

221 565 327 600 μένειν·
357 563 419 588 ἐπεὶ
440 561 508 597 μηδὲ
530 561 598 596 πρὸς
620 560 710 594 ὀλίγον
723 559 796 585 ἐστὶν
809 560 874 595 ἡμῖν
888 559 902 584 6
919 558 1004 592 ἁγὼν,

221 610 287 646 μηδὲ
303 609 370 645 πρὸς
385 608 513 644 μικροὺς,
537 607 605 634 ἀλλὰ.
627 606 695 642 πρὸς
715 605 840 636 πλείονας
853 604 901 631 καὶ
919 603 1005 639 μεγά-

218 657 292 688 λους,
319 655 349 681 οὐ
369 654 446 690 μόνον
462 654 524 685 τοὺς
539 654 567 679 ὲν
589 651 759 688 ἀνθρώποις,
785 649 854 677 ἀλλὰ
873 650 919 676 καὶ
942 649 1005 680 τοὺς

219 702 352 738 ἁοράτους
363 699 486 736 ἐχθρούς.
500 699 554 725 Καὶ
567 698 638 725 κατὰ
654 698 684 724 τὸ
700 697 779 733 ρητδν
795 696 839 729 δὲ,
856 695 937 722 Δαυῒδ
947 715 955 726 ,
972 696 1005 723 ἐκ

217 749 282 779 νέας
295 748 402 783 ἡλικίας
417 746 469 773 ὑπὸ
487 745 534 771 τοῦ
557 745 642 771 Σαοὺλ
663 743 843 779 πολεμηθεὶς,
869 743 916 769 καὶ
937 741 1006 778 μετὰ

218 792 305 820 ταῦτα
317 792 367 819 ὑπὸ
382 791 484 827 μυρίων
499 790 595 822 ἄλλων,
611 790 658 816 καὶ
668 788 743 820 τέλος
755 788 806 815 ὑπὸ
819 787 866 821 τοῦ
882 787 940 814 υἱοῦ
957 787 1006 821 τῆς

220 838 356 874 βασιλείας
373 837 549 871 ἐλαυνόμενος
567 836 614 862 καὶ
638 835 755 869 φεύγων,
771 833 857 861 ταῦτα
877 833 949 860 κατὰ
961 833 1006 860 τὸν

219 887 312 921 καιρὸν
325 884 375 919 τῆς
392 884 481 918 φυγῆς
491 882 592 919 ἔλεδγεν.
613 882 733 917 Ἐχθρῶν
747 882 777 909 δέ
792 883 849 908 ἐστι
872 880 902 907 τὺ
921 880 1008 916 ἐπεμ-

1058 280 1100 308 Τιι
1118 285 1216 312 autem,
1233 279 1354 311 Domine,
1375 283 1510 313 susceptor
1526 287 1597 306 meus
1613 288 1639 307 es
1656 288 1664 306 :
1681 281 1767 315 gloria
1791 289 1849 308 mea

1057 333 1082 353 et
1097 327 1219 353 exultans
1240 331 1319 359 caput
1341 333 1437 353 meum.
1457 324 1667 354 Pcrseeutiones
1688 331 1848 361 exspectare

1057 377 1169 408 oportet
1185 381 1280 400 omnes
1299 372 1346 407 qui
1366 371 1516 399 secundum
1531 371 1616 399 Deum
1637 373 1728 400 vivere
1744 374 1848 400 consli—

1057 420 1170 446 tuerint.
1191 419 1331 454 Siquidem
1350 422 1379 445 ut
1394 418 1432 445 ait
1445 418 1593 452 Apostolus
1609 427 1614 444 :
1636 418 1731 446 Omnes
1746 419 1791 454 qui
1807 420 1848 454 pie

1057 466 1147 492 volunt
1168 466 1250 492 vivere
1271 465 1298 491 in
1319 464 1423 491 Christo
1442 465 1506 490 Jesu
1522 464 1727 498 persecutionem
1746 465 1849 498 patien-

1057 514 1102 536 tur
1109 511 1143 537 ’³.
1160 510 1194 536 At
1209 510 1236 537 in
1254 510 1383 537 omnibus
1398 517 1448 544 par
1462 515 1504 537 est
1518 509 1612 544 gravia
1629 508 1738 536 fortiter
1754 509 1825 537 ferre
1838 519 1845 536 ε

1056 556 1278 591 quandoquidem
1300 563 1388 591 neque
1407 555 1440 583 ad
1459 555 1541 583 breve
1558 558 1677 590 tempus,
1695 563 1782 590 neque
1799 555 1848 582 ad-

1057 607 1153 629 versus
1167 608 1270 636 paucos
1285 604 1421 628 certamen
1438 599 1517 628 nobis
1530 604 1589 633 est;
1604 599 1652 628 sed
1669 604 1763 627 contra
1778 602 1848 627 mul-

1056 650 1101 674 tos
1115 655 1147 675 ac
1163 647 1258 678 fortes,
1276 655 1330 675 non
1352 647 1440 674 solum
1461 646 1597 679 homines,
1616 646 1664 675 scd
1679 647 1760 674 etiam
1779 647 1849 674 invi-

1057 692 1152 720 sibiles
1167 692 1303 719 inimicos.
1320 691 1353 719 Et
1369 697 1398 718 ut
1411 691 1444 718 ad
1456 699 1513 718 rem
1526 692 1693 726 propositam
1710 691 1847 722 veniatur,

1057 737 1142 767 David
1162 747 1176 766 a
1192 739 1334 774 juventute
1353 746 1401 766 sua
1418 746 1466 774 per
1483 738 1593 767 Saulem
1608 739 1679 766 bello
1695 739 1847 774 impetitus,

1058 793 1090 812 ac
1112 785 1241 820 deinceps
1265 793 1279 811 a
1304 785 1441 812 sexcentis
1467 784 1539 816 aliis,
1561 784 1725 819 demumque
1750 792 1764 811 a
1792 784 1850 812 ﬁlio

1057 831 1154 866 pulsus
1178 838 1278 866 regno,
1300 836 1382 865 atque
1404 830 1529 865 fugatus,
1553 830 1609 857 haec
1632 834 1755 866 tempore
1778 830 1849 866 fuga:

1057 877 1175 905 dicebat.
1197 876 1374 904 lnimicorum
1399 881 1489 903 autem
1511 876 1652 912 proprium
1674 880 1727 908 est,
1743 876 1849 904 irruere

219 929 320 956 ϐαίνειν
331 930 377 956 καὶ
385 928 579 955 ἐπανίστασθαι
589 929 645 960 τοῖς
657 929 751 960 κακοῖς
764 927 817 953 τῶν
828 927 860 953 δι’
871 926 1005 958 ἐναντίας·

1059 928 1140 959 atque
1157 924 1300 959 insurgere
1317 924 1344 950 in
1358 923 1462 955 hostes,
1473 923 1538 950 dum
1556 923 1583 950 in
1597 923 1667 950 mala
1680 923 1846 951 inciderunt.

217 974 310 1009 διόπερ
326 974 371 1000 καὶ
382 973 420 1008 τῷ
433 972 513 999 Δαυῖδ
529 972 698 1008 ἡμαρτηκότι
717 972 763 998 ἐπὶ
778 972 827 1008 τῆς
844 971 891 998 τοῦ
907 971 1006 1007 Οὐρίου

219 1020 310 1046 πολλοὶ
319 1020 497 1047 ἐπανίσταντο
509 1019 744 1053 ὲπιχαιρεσὶκακοι
756 1018 847 1054 ἐχθροί
858 1027 940 1050 τινες.
951 1017 1007 1045 Πά-

218 1065 263 1092 λαι
275 1066 321 1092 καὶ
332 1066 363 1092 ἐκ
377 1066 482 1101 μακροῦ
495 1066 539 1093 διὰ
549 1065 646 1100 φθόνου
661 1064 775 1098 ὑψοῦται
788 1063 892 1099 κεφαλὴ
900 1063 946 1090 τοῦ
961 1073 1007 1090 κα-

219 1111 253 1139 τὰ
266 1111 345 1146 σῶμα
360 1111 566 1147 μεγεθιτμένου,
582 1110 658 1146 παρὰ
671 1110 722 1141 τὰς
736 1109 789 1136 τῶν
806 1109 1005 1146 ὑποδεεστέρων

219 1156 338 1191 κεφαλὰς
353 1157 428 1183 κάτω
443 1157 580 1192 κειμένας.
595 1156 673 1183 Οὕτω
693 1155 873 1191 διαναστάσης
890 1156 939 1191 τῆς
959 1155 1005 1181 τοῦ

221 1202 355 1238 μακαρίου
376 1202 463 1238 ψυχῆς
481 1202 528 1229 καὶ
546 1203 585 1234 είς
602 1201 719 1228 ἐπίδοσιν
738 1201 937 1236 ἀναὸεὒηκυίας
956 1200 1005 1228 τοῦ

217 1247 255 1279 ὡς
278 1249 306 1274 ὲν
332 1247 430 1283 ψυχαῖς
455 1248 602 1283 μεγέθους,
628 1249 644 1283 ἡ
670 1247 774 1283 κεφαλὴ
800 1247 913 1282 ὑψοῦται
937 1246 1005 1273 Θεοῦ

220 1293 411 1330 συνεργοῦντος
426 1294 495 1329 αὐτῇ
510 1295 556 1320 καὶ
571 1294 638 1329 πρὸς
651 1294 745 1321 ἑαυτὸν
758 1294 796 1327 εἰς
814 1294 926 1328 οὐρανὸν
941 1294 1006 1321 ἀνά-

218 1348 321 1373 γοντος,
336 1340 380 1366 τὸν
396 1340 585 1375 ἐμπαρέχοντα
599 1340 679 1366 αὐτὸν
695 1341 729 1375 τῇ
747 1340 814 1376 πρὸς
829 1339 859 1366 τὸ
876 1339 1006 1366 ἀνωτάτω

218 1385 370 1420 ἀκολουθίᾳ.
393 1385 470 1412 Ἐπεὶ
497 1384 524 1411 δὲ
542 1384 631 1420 πολλῷ
652 1385 731 1411 πλέον
749 1385 797 1420 τῆς
822 1385 1006 1420 προαιρέσεως

219 1431 268 1466 τῆς
282 1429 442 1466 τάνθρώπου
460 1431 609 1466 χαρίζεται,
626 1430 708 1457 νικῶν
726 1431 754 1456 ἐν
773 1430 813 1465 τῷ
831 1430 975 1466 δωρεῖσθαι
991 1431 1006 1457 ὁ

220 1475 363 1510 εὐεργέτης
376 1475 421 1502 τὸν
436 1475 504 1501 κατὰ
516 1475 628 1511 δύναμιν
644 1475 772 1502 ποιοῦντα
795 1475 825 1502 τὸ
846 1475 936 1501 καλόν”
959 1475 1006 1502 καὶ

219 1521 262 1548 διὰ
278 1521 356 1547 τοῦτο
372 1521 472 1551 παντὸς
487 1520 568 1547 καλοῦ
588 1520 636 1556 τὴν
652 1521 741 1547 αἰτίαν
759 1520 773 1546 ὁ
792 1519 896 1552 Παῦλος
910 1521 1004 1548 ἀνατι-

221 1565 276 1596 Θεὶς
296 1565 335 1600 τῷ
356 1564 415 1600 Θεῴ
436 1573 526 1600 φησιν·
551 1566 591 1591 Οὺ
611 1565 664 1591 τοῦ
687 1565 839 1598 θέλοντος,
861 1565 932 1592 οὐδὲ
951 1565 1004 1593 τοῦ

220 1610 385 1645 τρέχοντος,
399 1611 477 1637 ἀλλὰ
494 1609 546 1637 τοῦ
555 1610 714 1643 ἐλεοῦντος
729 1610 812 1638 Θεοῦ.
833 1612 861 1637 Ὀ
875 1611 939 1642 θεὸς
957 1611 1005 1646 μὲν

222 1654 267 1683 οὖν
283 1656 328 1682 καὶ
346 1656 361 1689 ή
376 1655 459 1691 ἀρετὴ
478 1655 630 1690 μεγεούνει,
648 1655 694 1682 καὶ
712 1655 744 1681 δι’
763 1655 830 1682 ὅλων
845 1657 950 1683 ἐπαινεῖ
967 1656 1003 1692 (Ι)

224 1701 271 1737 τὴν
286 1702 330 1728 τοῦ
342 1701 417 1736 ἁγίου
430 1702 527 1737 ψυχήν·
546 1701 628 1728 κακία
642 1701 670 1727 δὲ
685 1701 731 1728 καὶ
745 1702 760 1736 ἡ
782 1702 909 1737 πυνεργὸς
919 1702 1004 1738 ταύτῃ

184 1766 187 1770 .
222 1747 304 1783 ἐχθρὰ
323 1748 378 1779 τοῖς
403 1748 555 1783 ἀνθρώποις
573 1747 700 1783 δύναμις,
731 1747 868 1774 συστέλλει
894 1747 941 1774 καὶ
966 1750 1006 1780 εἰς

221 1793 310 1819 στενὸν
338 1793 446 1827 συνάγει
470 1794 518 1828 τὴν
549 1793 586 1828 μὴ
609 1793 742 1828 ἑπομένην
772 1793 841 1828 Θεῷ,
866 1794 912 1820 καὶ
935 1794 1006 1822 οὕτω

221 1838 333 1873 βραχεῖα
352 1838 453 1872 γίνεται
477 1839 524 1865 καὶ
546 1838 653 1875 κολοϐὴ,
677 1839 746 1866 ὥστε
764 1840 812 1874 τῆς
832 1839 937 1875 χύσεως
956 1841 1006 1876 τῆς

219 1886 316 1916 κακίας
327 1884 516 1920 ἐπιγινομένης
525 1886 563 1916 είς
574 1885 603 1911 τὸ
619 1885 711 1921 μηδὲν,
722 1886 769 1921 τὴν
781 1886 907 1922 τοιαύτην
918 1886 1006 1923 ψυχὴν

219 1931 373 1966 λογισθῆναι
387 1931 457 1957 κατὰ
476 1931 521 1957 τὸν
540 1931 663 1958 ἨτςαΐανΔ
684 1933 707 1958 οἱ
732 1931 784 1968 γὰρ
805 1933 1006 1968 ἁμαρτάνοντες

220 1978 258 2007 εὶς
274 1977 349 2003 οὐδὲν
367 1976 552 2011 ἐλογίσθησαν.
570 1976 625 2003 Καὶ
645 1976 738 2012 ὥσπερ
761 1978 893 2012 σωμάτων
917 1977 1007 2012 ἐλάχι-

222 2023 281 2048 στόν
296 2024 367 2049 ἐστιν
380 2023 393 2048 ὁ
408 2022 480 2057 χοῦς,
490 2022 576 2054 οὕτως
592 2023 619 2048 αἰ
649 2023 735 2058 πάντη
752 2023 886 2059 μοχθηραὶ
901 2023 1004 2058 ψυχαὶ,

221 2070 264 2095 ἐπὶ
277 2069 343 2096 πολὺ
355 2069 569 2104 σμικρυνθείσαι,
583 2069 649 2096 εἰσὶν
658 2070 697 2103 ὡς
706 2071 721 2096 o'
747 2069 820 2104 χοῦς
832 2069 1007 2104 ὃνέκρίπτει

221 2117 237 2142 ὀ
251 2115 367 2149 ἄνεμος.
382 2114 508 2150 Κεφαλὴν
527 2114 555 2141 δὲ
574 2116 622 2150 τῆς
640 2115 728 2150 ψυχῆς
748 2115 856 2150 νοητέον
875 2116 923 2151 τὴν
948 2116 1006 2142 δια-

221 2162 346 2197 νοητικὴν
381 2162 502 2197 δύναμιν·
528 2161 628 2196 ταύτης
655 2162 707 2197 γὰρ
736 2162 915 2198 διαφέρουσαν
946 2162 1005 2188 οὐδὲ

223 2209 302 2244 μέχρι
317 2207 363 2234 τοῦ
377 2209 516 2244 ἐπινοῆσαι
532 2208 650 2234 δυνατόν’
667 2208 692 2234 εἴ
707 2217 738 2242 γε
755 2208 802 2234 καὶ
818 2208 864 2235 τοῦ
881 2208 1005 2244 σώματος

221 2255 237 2289 ἡ
254 2254 356 2289 κεφαλὴ
370 2254 528 2289 τιμιωτέρα.
542 2253 615 2289 Αὕτη
627 2253 715 2280 τοίνυν
727 2255 742 2289 ἡ
754 2254 865 2290 νοητικὴ
881 2254 1003 2290 δύναμις,

1058 969 1240 1002 Quamobrem
1254 974 1313 1004 post
1326 974 1466 1005 peccatum
1476 969 1586 996 Davidis
1597 976 1659 996 cum
1670 977 1754 996 uxore
1766 969 1846 1001 Uriae,

1057 1016 1136 1043 multi
1152 1015 1178 1042 in
1193 1024 1267 1048 eum,
1282 1024 1315 1043 ex
1338 1016 1372 1043 iis
1394 1016 1500 1043 scilicet
1518 1016 1565 1050 qui
1581 1015 1678 1044 alienis
1692 1015 1849 1051 gaudebant

1056 1060 1147 1092 malis,
1162 1060 1380 1088 insurrexerunt.
1396 1059 1505 1088 Jamdiu
1517 1061 1590 1088 enim
1602 1065 1629 1088 et
1645 1068 1660 1088 a
1673 1061 1762 1096 longis
1775 1065 1848 1089 retro

1058 1107 1226 1141 temporibus
1243 1114 1292 1142 per
1313 1107 1442 1134 invidiam
1458 1107 1594 1134 cxaltatur
1613 1112 1694 1142 caput
1710 1107 1782 1142 ejus,
1800 1108 1847 1142 qui

1057 1152 1206 1179 secundum
1230 1160 1329 1187 corpus
1346 1153 1378 1179 ad
1395 1152 1498 1187 majora
1518 1153 1652 1185 evehitur,
1675 1156 1701 1180 et
1725 1153 1849 1180 imminet

1056 1197 1192 1232 capitibus
1219 1197 1390 1230 intimorum,
1421 1205 1481 1233 qua:
1507 1197 1635 1225 deorsum
1664 1198 1848 1226 inclinantur.

1056 1242 1158 1270 Eodem
1176 1242 1258 1270 modo
1270 1243 1333 1270 dum
1351 1243 1422 1270 beati
1449 1244 1500 1270 viri
1525 1244 1615 1270 anima
1644 1244 1755 1277 crescit,
1771 1248 1798 1273 et
1815 1246 1848 1272 ad

1057 1288 1192 1320 altiorem,
1214 1289 1303 1324 qualis
1319 1289 1463 1317 animabus
1483 1290 1625 1324 competit,
1651 1291 1848 1326 magnitudinis

1056 1335 1170 1370 gradum
1186 1336 1321 1369 evehitur,
1339 1335 1393 1364 Deo
1408 1336 1535 1364 videlicet
1558 1337 1672 1372 juvante
1685 1341 1713 1364 et
1727 1337 1760 1364 ad
1774 1346 1803 1365 se
1819 1338 1847 1365 in

1056 1380 1155 1407 caelum
1177 1381 1307 1409 evehente
1325 1389 1386 1409 eum
1411 1382 1457 1416 qui
1474 1390 1535 1409 sese
1552 1382 1656 1416 praebet
1679 1382 1711 1410 ad
1729 1390 1847 1418 superna

1056 1425 1220 1453 ducendum.
1251 1426 1385 1459 Quoniam
1421 1435 1495 1459 vero,
1523 1427 1669 1455 munilicus
1707 1435 1770 1454 cum
1799 1428 1846 1460 sit,

1055 1472 1142 1498 multo
1154 1471 1232 1506 plura
1251 1472 1355 1499 homini
1376 1473 1479 1508 praebet
1495 1479 1575 1507 quam
1592 1474 1651 1508 ipse
1666 1473 1708 1500 vel
1724 1478 1787 1500 voto
1803 1481 1848 1501 as-

1055 1521 1194 1551 sequatur,
1207 1521 1371 1552 superatque
1387 1518 1466 1545 donis
1481 1519 1539 1546 suis
1553 1527 1614 1546 eum
1626 1540 1633 1552 ,
1653 1520 1699 1555 qui
1717 1527 1766 1554 pro
1779 1520 1847 1548 viri-

1057 1563 1108 1591 bus
1124 1563 1224 1590 bonum
1235 1567 1381 1598 operatur;
1398 1564 1457 1591 ideo
1476 1565 1566 1592 omnis
1584 1565 1647 1593 boni
1665 1573 1777 1594 causam
1792 1565 1848 1595 Dco

1059 1610 1218 1638 adscribens
1229 1609 1331 1637 Paulus
1351 1611 1388 1637 ait
1405 1620 1411 1637 :
1430 1610 1492 1637 Non
1503 1611 1611 1638 volentis
1621 1631 1628 1643 ,
1646 1620 1726 1647 neque
1740 1620 1849 1639 curren-

1057 1657 1100 1688 tis,
1114 1656 1159 1683 sed
1179 1657 1326 1684 miserantis
1341 1662 1379 1684 est
1394 1656 1441 1684 Dei
1454 1656 1487 1684 “.
1505 1657 1576 1684 Deus
1602 1657 1685 1693 igitur
1700 1663 1781 1693 atque
1792 1658 1848 1686 vir-

1057 1707 1101 1730 tus
1118 1703 1205 1730 sancti
1228 1703 1279 1730 viri
1293 1703 1412 1730 animam
1428 1703 1598 1731 incremento
1614 1704 1729 1736 donant,
1745 1701 1775 1732 et
1789 1712 1848 1731 om-

1057 1749 1122 1776 nino
1136 1749 1170 1776 ad
1187 1749 1283 1776 altiora
1300 1749 1418 1776 evehunt
1434 1757 1440 1776 :
1458 1749 1614 1784 malignitas
1631 1754 1721 1778 autem
1733 1751 1848 1786 ejusque

1057 1795 1176 1829 adjutrix
1194 1795 1303 1823 inimica
1321 1796 1478 1824 hominibus
1504 1801 1625 1831 potestas
1648 1798 1796 1829 contrahit,
1819 1799 1848 1826 in

1057 1845 1256 1876 angustumque
1281 1842 1379 1876 redigit
1393 1842 1512 1869 animam
1536 1842 1592 1870 Deo
1618 1851 1671 1869 non
1694 1843 1848 1878 obsequen-

1057 1890 1125 1920 tem;
1144 1891 1225 1922 atque
1238 1887 1274 1914 ita
1289 1887 1431 1919 minuitur,
1448 1892 1485 1919 et,
1501 1892 1530 1915 ut
1551 1888 1588 1914 ita
1601 1888 1701 1920 dicam,
1720 1889 1847 1916 decurta-

1057 1936 1116 1966 tur;
1132 1935 1161 1958 ut
1177 1931 1327 1960 inundante
1346 1933 1459 1965 malitia,
1487 1933 1644 1968 hujusmodi
1665 1934 1775 1966 anima,
1803 1942 1848 1962 se-

1056 1977 1175 2005 cundum
1202 1978 1310 2008 Isaiam.
1329 1986 1378 2013 pro
1394 1978 1479 2006 nihilo
1504 1983 1646 2014 reputetur
1662 1988 1668 2007 :
1685 1985 1847 2015 peccatores

1057 2033 1176 2059 namque
1200 2033 1248 2059 pro
1274 2025 1359 2053 nihilo
1385 2025 1530 2053 habentur.
1551 2026 1591 2053 Ac
1616 2027 1846 2061 quemadmodum

1057 2071 1178 2098 omnium
1193 2078 1337 2105 corporum
1354 2071 1496 2099 minimum
1514 2072 1603 2107 pulvis
1621 2077 1675 2105 est;
1697 2072 1734 2100 ita
1749 2073 1848 2101 anima:

1057 2117 1188 2152 improbae
1205 2117 1320 2143 multum
1347 2117 1508 2150 imminutae,
1529 2123 1594 2145 sunt
1619 2123 1746 2153 tanquam
1761 2119 1846 2153 pulvis

1056 2171 1130 2198 quem
1144 2162 1249 2197 proiicit
1258 2166 1358 2189 ventus.
1371 2162 1459 2197 Caput
1470 2167 1559 2190 autem
1572 2163 1669 2190 animas
1686 2164 1847 2192 aestimanda

1057 2212 1098 2236 est
1115 2208 1282 2243 intelligendi
1309 2208 1349 2236 vis
1367 2217 1373 2235 :
1390 2208 1457 2235 nihil
1472 2209 1545 2236 enim
1560 2216 1592 2235 ea
1609 2209 1786 2243 praestantius
1803 2209 1847 2236 vel

1058 2254 1178 2289 cogitare,
1189 2253 1269 2286 licet;
1285 2253 1418 2288 siquidem
1434 2257 1460 2280 el
1479 2258 1561 2288 caput
1573 2253 1681 2288 corpori
1698 2254 1845 2281 antecellit.

221 2286 417 2336 spatiamur-apo};
435 2286 537 2337 κεφαλὴ
560 2286 685 2335 λεχθεῖσα
706 2286 754 2335 τῆς
775 2286 873 2336 ψυχῆς,
891 2298 932 2332 οἷς
949 2286 1004 2335 ’μὲν

1059 2286 1121 2327 Ηαξο
1146 2300 1229 2333 igitur
1254 2286 1421 2334 intelligendi
1442 2286 1592 2334 vis,_qu:e
1619 2286 1698 2334 tropo
1728 2299 1846 2334 quodam

223 2343 324 2378 ΰψωται
339 2345 395 2371 ἄνω
413 2344 557 2379 βλέπουσα,
575 2345 605 2370 οὐ
628 2344 706 2380 μόνον
721 2344 769 2380 τὴν
790 2345 852 2379 γῆν,
874 2345 940 2371 ἀλλὰ
961 2344 1008 2372 καὶ

223 2391 308 2417 πάντα
327 2391 360 2417 τὰ
383 2390 495 2426 σώματα
518 2390 707 2426 ὐπερκύψασα,
734 2391 772 2422 ὼς
787 2391 897 2425 φθάνειν
927 2392 1006 2428 μέχρι

223 2437 297 2464 Θεοῦ.
310 2437 516 2473 ῐίαρατηρητέον
529 2437 557 2463 δὲ
571 2437 670 2473 τριχῶς
685 2437 734 2472 τῆς
752 2438 867 2472 σχέσεως
881 2437 928 2464 τοῦ
939 2438 1006 2465 Θεοῦ

224 2481 390 2517 ὑμνουμένης
404 2482 455 2508 ὑπὸ
466 2482 512 2508 τοῦ
529 2482 652 2516 λέγοντος
668 2482 717 2518 τὴν
733 2482 809 2515 τάξιν
828 2483 875 2509 τοῦ
896 2483 1004 2519 πρώτου

224 2526 369 2562 λεχθέντος,
394 2527 439 2554 καὶ
465 2527 510 2554 τοῦ
535 2527 598 2562 ἑξῆς
623 2527 669 2554 καὶ
695 2528 742 2555 τοῦ
764 2528 866 2555 λοιποῦ.
895 2529 1006 2564 Πρῶτον

225 2573 275 2609 γάρ
291 2582 370 2609 φησιν
384 2571 451 2600 εἶναι
467 2574 512 2600 τὸν
524 2574 589 2601 Θεὸν
603 2573 785 2611 ἁντιλὴπτορα
798 2575 880 2602 αὑτοῦ
891 2596 898 2608 ,
911 2576 1006 2603 ἔπειτα

225 2619 307 2652 δόξαν,
326 2620 420 2646 ἔπειτα
439 2619 555 2655 ὺψοῦντα
572 2620 621 2655 τὴν
636 2620 764 2655 κεφαλήν.
780 2622 833 2648 Καὶ
849 2623 915 2658 ἡμῖν
931 2623 1006 2649 ἀντι-

225 2659 342 2698 λήπτωρ,
363 2663 408 2689 καὶ
425 2663 455 2689 τὸ
474 2663 559 2698 ὄνομα
577 2663 653 2698 δηλοῖ
670 2664 944 2702 ἀντιλαμϐανόμενον,
965 2667 1008 2694 ἵνα

225 2705 291 2743 ῥύσῃ
312 2715 342 2733 τε
360 2707 414 2734 ἀπὸ
438 2707 540 2734 πολλῶν
562 2707 705 2736 Ολιϐὁντων
723 2710 768 2736 καὶ
787 2711 1008 2747 ἐπανισταμένων

226 2753 270 2778 καὶ
278 2753 515 2787 ἀπογινωσκόντων
523 2753 572 2789 τὴν
580 2754 626 2781 τοῦ
638 2755 762 2791 λέγοντος
767 2757 852 2785 ταῦτα
863 2759 1007 2794 σωτηρίαν.

260 2831 281 2845 ’³
302 2830 321 2857 ll
340 2831 409 2860 Tim.
429 2841 474 2865 in,
495 2833 535 2864 1'2.
573 2834 597 2851 "
617 2833 695 2863 Rom.
715 2843 758 2868 Ix,
779 2835 820 2863 16.

265 2908 358 2940 (If/(7.
377 2911 492 2946 ὲπαὶρῖι.

1059 2350 1141 2381 caput
1151 2346 1248 2373 animae
1262 2345 1370 2378 dicitur,
1383 2345 1409 2372 in
1423 2345 1586 2380 quibusdam
1599 2353 1708 2372 sursum
1720 2345 1845 2380 erigitur,

1059 2392 1123 2420 dum
1141 2399 1259 2427 superne
1275 2391 1396 2426 respicit,
1412 2395 1493 2425 atque
1505 2399 1559 2418 non
1575 2391 1655 2418 modo
1668 2395 1782 2424 terram,
1799 2391 1847 2419 sed

1058 2438 1148 2465 omnia
1167 2438 1248 2465 etiam
1266 2445 1382 2472 corpora
1401 2437 1587 2469 transcendit,
1604 2437 1641 2463 ita
1659 2441 1689 2464 ut
1713 2445 1800 2472 usque
1813 2437 1848 2464 ad

1059 2483 1142 2511 Deum
1160 2484 1309 2519 perveniat.
1337 2483 1543 2511 Observandum
1567 2486 1659 2510 autem
1684 2487 1746 2516 est,
1762 2483 1847 2511 Deum

1059 2530 1104 2557 hic
1128 2529 1226 2565 triplici
1245 2531 1326 2558 modo
1348 2529 1492 2561 celebrari,
1514 2536 1546 2556 ac
1561 2529 1661 2564 primo,
1681 2529 1780 2557 dehinc
1803 2537 1848 2557 se-

1059 2576 1159 2609 cundo,
1187 2576 1295 2603 demum
1322 2576 1402 2603 tertio
1426 2575 1523 2603 ordine
1549 2575 1676 2610 exprimi.
1698 2575 1744 2602 Ait
1773 2576 1846 2603 enim

1059 2622 1147 2657 primo
1164 2622 1248 2650 Deum
1264 2630 1326 2650 esse
1343 2625 1530 2656 susceptorem
1554 2629 1644 2652 suum.
1671 2621 1770 2650 deinde
1789 2622 1848 2658 glo-

1060 2667 1138 2700 riam,
1152 2666 1270 2703 denique
1290 2669 1453 2695 exaltantem
1469 2672 1560 2703 caput.
1576 2667 1632 2695 Cur
1646 2672 1735 2695 autem
1752 2676 1848 2696 susce-

1059 2719 1122 2750 ptor
1139 2714 1197 2742 sive
1214 2718 1344 2749 patronus
1365 2713 1412 2745 sit,
1429 2714 1470 2741 vel
1497 2714 1556 2749 ipso
1569 2713 1678 2740 nomine
1693 2713 1847 2750 deprehen-

1062 2759 1155 2787 ditur:
1171 2760 1234 2794 quia
1253 2759 1448 2795 patrocinamr,
1469 2763 1498 2786 ut
1520 2759 1613 2785 liberet
1628 2766 1642 2785 a
1663 2759 1755 2787 multis
1777 2760 1846 2786 mala
