2055 3214
202 144 239 174 99
548 143 682 172 EESElill
701 142 944 173 CAﬂSABlENSlS
963 143 1037 172 OPP.
1059 141 1160 173 PARS.
1181 144 1225 171 lll.
1242 145 1485 174 ——EXEGETICA.

1789 147 1840 175 100

204 206 273 232 υΙιίο
287 210 432 237 sumatur;
448 204 489 231 vel
509 208 538 230 ut
564 204 697 231 radicitus
714 205 827 231 tollatur
847 205 881 231 ab
897 213 929 232 eo
949 207 998 239 qui

1052 206 1184 239 συνεργεῖ,
1203 205 1250 231 καὶ
1267 204 1297 230 τὸ
1311 205 1339 230 ἐν
1352 204 1458 239 ἑϐδόμῳ
1472 204 1499 230 δὲ
1507 204 1607 240 ψαλμῷ
1620 200 1764 240 λεγόμενον
1774 215 1781 221 ·
1805 207 1841 232 ει

203 253 245 279 sic
254 251 366 278 adeetus
377 255 427 278 est.
441 250 528 284 Quam
537 258 593 277 rem
604 250 682 277 docet
691 250 756 277 illud
767 260 774 278 :
785 250 935 277 Precamini
946 258 993 284 pro

201 299 234 325 iis
253 298 297 333 qui
321 305 365 324 vos
389 298 511 324 molestia
535 297 702 331 afﬁciunt";
733 301 759 324 et
783 297 867 324 illud:
888 297 993 332 Diligite

202 344 323 370 inimicos
347 348 446 370 vestros
463 344 498 370 ’⁸.
526 343 577 376 Qui
603 350 687 378 porro
711 351 766 370 non
792 343 886 370 leviter
908 349 992 376 autat,

203 393 333 425 procurat
354 391 436 417 etiam
456 394 485 417 ut
513 389 633 418 inimicis
657 391 727 418 bene
747 391 897 425 contingat.
914 390 993 417 lusu-

204 441 307 467 perque
327 435 391 461 illud
412 442 438 460 m
453 435 568 469 septimo
581 436 687 470 psalmo
700 437 803 464 dictum
819 448 824 464 :
840 438 869 465 Si
884 440 987 466 reddidi

205 479 407 505 retribuentibus
417 480 481 506 mihi
494 481 574 513 mala,
588 482 706 509 decidam
719 484 812 509 merito
825 484 856 510 ab
870 485 985 511 inimicis

201 523 265 549 meis
276 524 362 550 inanis
376 525 409 556 ”,
420 525 560 560 perspicue
571 526 650 554 docet
662 528 796 556 neminem
809 529 871 556 odio
884 529 986 558 haben-

205 572 271 599 dum
282 580 353 599 esse.
373 572 428 599 Cur
442 573 533 608 itaque
545 573 649 600 dictum
660 578 702 602 est
712 583 718 601 ε
728 573 872 609 Nonncqui
882 575 992 601 oderunt

204 623 238 648 te,
266 618 386 650 Domine,
409 619 515 646 oderam
526 619 568 646 '°?
585 619 641 647 lino
658 621 750 655 politis
767 621 829 656 quis
848 621 916 648 adeo
940 622 991 648 im-

204 664 276 698 pius,
297 669 325 690 ut
344 673 406 691 eum
419 665 483 691 odio
499 664 607 696 habeat,
631 673 710 700 quem
725 664 809 692 Deum
827 665 993 692 arbitratur?

203 710 255 743 Qui
273 711 356 746 igitur
371 710 512 738 Christum
536 711 599 738 odio
626 711 728 738 habent
753 718 784 738 ac
810 711 991 742 detestantur,

203 755 289 784 Deum
302 757 421 784 oderunt
435 767 440 784 :
459 766 533 789 nam,
556 758 601 792 qui
614 766 654 784 me
666 758 768 792 recipit,
785 757 884 792 inquit,
900 758 991 792 recipit

202 811 262 829 eum
281 803 324 838 qui
347 811 388 830 me
417 804 488 830 misit
502 803 536 836 ³¹;
561 808 597 835 et,
623 803 666 838 qui
680 804 820 838 conﬁtetur
835 802 945 834 Filium,
967 807 991 829 et

203 849 313 876 Patrem
336 849 412 877 habet
431 850 463 882 “,
482 857 514 877 ac
537 850 596 876 vice
621 857 711 881 versa,
736 850 781 884 qui
803 847 903 876 Filium
924 849 989 882 odit,

1047 250 1243 277 ἀνταπέδωκα
1263 250 1323 282 τοῖς
1339 250 1576 278 ἀνταποδιὸοῦσί
1589 260 1640 286 μοι
1654 252 1732 278 κακὰ
1744 272 1751 284 ,
1767 252 1840 279 ἁπο-

1048 297 1167 331 πέσοιμι
1185 297 1242 330 ἄρα
1261 297 1320 324 ἀπὸ
1336 297 1395 323 τῶν
1409 297 1524 331 ἐχθρῶν
1541 307 1600 332 μου
1622 299 1728 331 κενὸς,
1748 299 1840 333 σαφῶς

1047 342 1166 369 διδάσκει
1180 341 1282 378 μηδένα
1293 344 1393 378 μισεῖν.
1408 343 1470 375 Πῶς
1482 342 1528 370 οὖν
1544 344 1649 379 εἴρηται
1659 353 1666 358 ·
1681 344 1755 379 Οὐχὶ
1770 345 1841 377 τοὺς

1045 387 1211 421 μισοῦντάς
1223 396 1270 421 σε,
1282 389 1380 422 Κύριε.
1394 388 1541 423 ἐμίσησα;
1551 389 1660 416 Μᾶλλον
1673 389 1701 416 δὲ
1715 390 1755 422 τίς
1767 391 1841 417 ἐστιν

1047 433 1132 465 οὕτως
1147 434 1235 465 ἄθεος,
1252 435 1290 466 ὡς
1308 436 1396 470 μισεῖν
1411 434 1440 461 ὃν
1457 436 1564 471 ἡγεῖται
1582 435 1664 468 Θεόν;
1686 436 1770 471 Δῆλον
1782 434 1838 468 οὖν,

1046 480 1083 511 ὡς
1105 482 1129 507 οἱ
1147 481 1289 517 μισοῦντες
1312 482 1357 508 καὶ
1383 481 1644 517 καταθεματίζοντες
1671 482 1773 518 Ἰησοῦν
1796 493 1840 519 μι-

1048 526 1124 554 σοῦσι
1141 528 1187 555 τὸν
1202 527 1284 555 Θεόν·
1307 527 1338 555 '0
1355 528 1407 564 γὰρ
1419 529 1480 563 ἐμὲ,
1505 529 1571 565 φησι
1584 549 1591 561 ,
1611 529 1772 565 δεχόμενος
1792 531 1838 559 δέ-

1047 583 1130 610 χεται
1150 574 1204 601 τὸν
1228 573 1454 602 ἀποστείλαντά
1467 583 1518 610 με·
1547 576 1609 608 καὶ,
1633 577 1660 602 Ὀ
1684 577 1840 612 ὁμολογῶν

1055 621 1109 648 τὸν
1127 621 1206 653 Υἱὸν,
1222 621 1271 647 καὶ
1289 621 1341 648 τίν
1357 621 1472 656 Πατέρα
1494 622 1572 656 ἔχει·
1591 622 1687 650 οὐκοῦν
1698 624 1744 649 καὶ
1760 625 1776 650 ὁ
1795 633 1840 659 μι-

1046 667 1111 695 σῶν
1118 666 1250 698 τὸνΥΙὸν,
1256 667 1304 694 καὶ
1315 667 1368 694 τὸν
1375 669 1489 701 Πατέρα
1494 667 1642 702 μισεῖ.Καὶ
1651 669 1703 700 πᾶς
1710 669 1738 695 δὲ
1749 669 1805 704 ἁμα
1809 677 1840 705 ρ-

1045 714 1132 740 τάνων
1148 715 1222 748 μισεῖ
1232 714 1277 739 τὸν
1290 713 1356 739 Θεόν
1367 722 1373 728 ·
1395 714 1468 749 μισεί
1486 714 1540 750 γὰρ
1562 715 1657 749 σοφίαν
1675 716 1721 742 καὶ
1734 715 1838 742 δικαιο-

1047 756 1141 794 σύνην,
1159 759 1228 794 ἆπερ
1241 758 1298 784 ἐστὶ
1314 751 1441 793 Χριστός.
1459 758 1513 784 Καὶ
1527 757 1554 784 τί
1577 758 1733 793 θαυμαστὸν
1744 779 1751 791 ,
1770 759 1836 784 ὅπου

1045 802 1141 830 ἑαυτὸν
1159 804 1172 830 ὁ
1186 803 1349 839 ἁμαρτάνων
1364 805 1437 838 μισεῖ
1449 811 1456 835 ;
1468 803 1545 829 Κατὰ
1556 804 1611 839 γὰρ
1622 803 1792 839 Σολομῶντα·
1811 803 1837 829 ’0

1045 849 1255 884 ἀπωθούμενος
1282 849 1420 875 παιδείαν
1440 848 1526 883 μισεῖ
1556 849 1674 875 ἑαυτόν.
1699 848 1802 875 Οὐκοῦν
1823 849 1838 874 6

203 894 260 921 odit
272 900 295 922 et
311 894 420 922 Patrem
433 895 465 922 “.
479 895 610 930 Quisquis
623 903 688 922 vero
700 899 804 931 peccat,
818 895 874 922 odit
889 895 972 922 Deum
986 904 992 922 z

1048 895 1134 931 μισῶν
1148 896 1210 927 τοὺς
1225 895 1370 931 μισοῦντας
1384 895 1429 921 τὸν
1444 895 1510 921 Θεὸν
1527 895 1597 930 πλὴν
1611 895 1707 930 λογίων
1723 894 1777 922 τῶν
1794 891 1838 921 εὑ-

201 941 257 968 odit
273 942 373 976 quippe
390 941 554 976 sapientiam
570 940 772 976 justitiamque,
787 941 893 968 scilicet
911 940 991 967 Chri-

203 996 286 1018 stum.
327 990 430 1025 Ecquid
460 990 587 1017 mirum?
609 990 720 1025 quando
745 998 774 1017 se
789 990 847 1025 ipse
865 994 992 1025 peccator

204 1037 275 1064 odit.
302 1035 383 1069 Nam.
401 1044 434 1063 ex
461 1036 616 1068 Salomone,
634 1036 678 1072 qui
693 1035 790 1063 deserit
812 1036 991 1071 disciplinam,

202 1081 257 1108 odit
276 1082 390 1116 seipsum
399 1082 436 1108 ".
461 1081 554 1117 Itaque
569 1081 616 1117 qui
634 1079 692 1109 odit
706 1089 753 1109 eos
762 1081 810 1116 qui
824 1080 910 1108 Deum
928 1081 992 1109 ode-

204 1130 281 1159 runt,
298 1135 404 1160 omnes,
422 1128 544 1163 exceptis
570 1135 636 1155 sane
661 1127 728 1154 viris
752 1126 936 1162 prudentibus
961 1133 993 1153 ac

203 1173 351 1208 religiosis,
378 1173 442 1200 odio
462 1173 590 1205 habebit;
609 1173 663 1199 imo
682 1173 803 1207 seipsum
820 1176 990 1207 peccantem.

201 1218 296 1253 Neque
315 1227 381 1246 sane
406 1219 567 1254 putandum,
586 1219 714 1246 animalia
740 1226 801 1246 esse
827 1226 888 1253 quae
905 1217 989 1245 Deum

202 1265 335 1292 oderunt:
367 1265 413 1292 sed
443 1267 513 1292 mala
540 1265 599 1300 ipsa
621 1265 779 1292 hominibus
803 1263 988 1294 obveniemia,

201 1311 292 1346 qualis
314 1315 356 1339 cst
376 1311 491 1343 malitia,
512 1310 572 1347 [Dei
596 1311 688 1339 odium
710 1310 847 1347 pariunt.]
874 1311 989 1345 ipseque

202 1357 332 1392 injustus,
351 1361 487 1393 quatenus
521 1358 641 1392 injustus
670 1363 722 1388 est,
753 1357 835 1384 Deum
862 1356 938 1389 odit;
963 1356 988 1382 id

1046 941 1214 968 σεόεστάτων
1230 941 1332 973 πάντας
1344 942 1455 977 μισήσει
1469 942 1515 968 καὶ
1527 941 1621 968 ἑαυτὸν
1636 941 1835 977 ἁμαρτάνοντα.

1046 987 1126 1013 Ὥστε
1142 987 1171 1013 οὐ
1191 986 1249 1019 ζῶα
1266 987 1407 1022 νομιστέον
1421 987 1455 1013 τὰ
1469 987 1599 1022 μισοῦντα
1613 987 1658 1014 τὸν
1673 987 1756 1019 Θεὸν,
1771 987 1838 1014 ἀλλὰ

1041 1035 1097 1065 τοῖς
1113 1033 1232 1067 λογικοῖς
1246 1033 1319 1060 κακὰ
1341 1033 1544 1069 συμϐεϐηκότα,
1557 1031 1612 1060 οἷον
1632 1034 1648 1069 ἡ
1665 1034 1771 1061 ἀδικία⁴
1788 1035 1836 1061 καὶ

1041 1081 1055 1106 ὁ
1074 1079 1164 1111 ἄδικος
1187 1079 1255 1106 καθὸ
1278 1079 1371 1111 ἄδικος
1399 1081 1473 1115 μισεῖ
1487 1080 1532 1106 τὴν
1548 1080 1630 1114 Θεὸν,
1646 1081 1696 1116 τῆς
1719 1081 1747 1107 ἐν
1761 1080 1836 1115 αὐτῷ

1042 1126 1149 1157 ἀδικίας
1160 1125 1239 1152 τοῦτο
1256 1125 1395 1161 ποιούσης.
1419 1126 1473 1152 Καὶ
1489 1125 1529 1152 δεῖ
1539 1125 1623 1152 ταῦτα
1639 1127 1727 1161 μισεῖν
1752 1125 1836 1161 ἐχθρὰ

1042 1172 1209 1207 τυγχάνοντα
1234 1172 1447 1207 προηγουμένως
1476 1172 1563 1208 ἡμῶν.
1590 1173 1645 1199 Καὶ
1669 1172 1763 1208 ὥσπερ
1779 1173 1835 1199 ἀπὸ

1042 1218 1210 1254 τελειότητος
1224 1217 1332 1253 ἔρχεται
1343 1218 1499 1254 δικαιοσύνη
1517 1219 1565 1245 καὶ
1583 1219 1753 1254 σωφροσύνη,
1765 1218 1835 1245 οὕτω

1042 1265 1089 1291 καὶ
1105 1264 1135 1290 τὸ
1149 1264 1248 1290 τοιόνδε
1264 1266 1350 1299 μῖσος.
1366 1264 1470 1291 Οὐκοῦν
1483 1265 1537 1295 πᾶς
1549 1264 1698 1300 ὲχθραίνων
1716 1265 1770 1291 τινὶ
1784 1273 1836 1300 μα-

1042 1311 1125 1342 ταίως
1150 1310 1303 1346 ἐχθραίνειε
1323 1311 1337 1337 ὃ
1355 1311 1386 1346 δὴ
1413 1310 1559 1347 προῦκειτο
1580 1311 1675 1344 δεῖξαι.
1706 1308 1835 1338 Τοιοῦτόν

1043 1357 1100 1382 ἐστι
1119 1356 1166 1383 καὶ
1179 1357 1219 1388 τὸ,
1241 1355 1408 1391 Ἐμίσησάν
1421 1365 1460 1391 με
1474 1356 1596 1390 δωρεάν.

200 1409 298 1440 tgente
315 1405 419 1432 ntalitia
439 1412 499 1440 qua
516 1405 587 1431 inest
611 1404 722 1432 eidem:
740 1410 822 1438 atque
855 1403 913 1430 haac
927 1402 1003 1434 vitia,
1026 1406 1120 1437 utpote
1152 1403 1274 1435 inimica,
1295 1411 1396 1438 perosa
1424 1408 1532 1439 oportet
1554 1412 1615 1432 esse
1638 1404 1728 1440 potius
1753 1411 1834 1438 quam

199 1458 251 1479 nos
268 1452 351 1487 ipsos.
379 1451 450 1479 Sane
468 1456 527 1478 uta
550 1450 717 1486 perfectione
750 1451 885 1482 prodeunt
914 1450 1021 1485 Iustitia
1041 1454 1068 1476 et
1084 1451 1282 1485 temperantia,
1301 1451 1338 1478 ita
1366 1452 1459 1479 odium
1487 1452 1645 1487 hujusmodi
1673 1453 1769 1480 eodem
1797 1459 1830 1479 ex

201 1500 276 1528 fonte
299 1499 434 1534 procedit.
458 1498 588 1534 Quisquis
610 1507 674 1534 ergo
689 1498 752 1525 odio
768 1498 886 1533 aliquem
903 1497 995 1527 habet,
1018 1501 1120 1523 temere
1152 1504 1183 1523 ac
1199 1504 1268 1524 vane
1287 1497 1362 1526 odit:
1387 1498 1460 1534 quod
1487 1500 1566 1527 nobis
1590 1499 1760 1535 probandum
1792 1500 1835 1526 in-

199 1544 319 1577 cumbit;
339 1544 498 1578 hujusmodi
513 1544 576 1571 item
595 1544 660 1571 illud
683 1548 735 1575 est,
754 1542 814 1570 odio
838 1543 983 1570 habuerunt
999 1551 1039 1570 me
1047 1543 1130 1578 gratis
1142 1542 1174 1569 ³⁵.

234 1589 335 1616 Eorum
352 1597 416 1616 vero
434 1597 517 1617 causa
535 1590 581 1624 qui
598 1589 724 1624 superius
745 1589 873 1616 dixerant
890 1590 989 1615 anima:
1004 1597 1024 1625 ο

200 1636 270 1671 ejus,
286 1644 338 1662 non
354 1640 393 1662 est
410 1635 484 1662 salus
496 1635 546 1670 ipsi
560 1636 586 1661 in
603 1635 656 1662 Deo
669 1635 738 1669 ejus,
757 1643 831 1662 nunc
843 1636 890 1666 ait,
918 1634 989 1661 Den-

201 1686 239 1710 ιιι
267 1686 437 1715 peccaturum
468 1679 627 1712 contrivisti,
653 1681 704 1708 hoc
724 1685 776 1712 est,
802 1688 944 1708 sermones
963 1684 990 1706 et

200 1727 359 1762 blasphema
379 1726 451 1753 dicta
467 1726 613 1754 adversum
640 1735 682 1753 me
702 1726 810 1762 prolata
834 1727 988 1758 abstulisti;

200 1773 256 1800 imo
269 1780 345 1805 vero,
365 1779 413 1799 eos
433 1772 479 1807 qui
503 1772 568 1798 talia
583 1772 727 1799 adversum
744 1780 787 1799 me
812 1772 987 1807 spargebant,

200 1819 298 1854 impios
316 1818 442 1846 homines
456 1818 554 1846 alienis
574 1818 653 1846 malis
670 1819 831 1854 gaudentes,
855 1818 990 1845 contrivit-

202 1865 248 1897 sti,
278 1873 415 1900 vocesque
435 1872 531 1892 eorum
563 1863 723 1892 confudisti.
749 1864 843 1899 Neque
860 1864 926 1892 mihi
943 1865 988 1892 uni

200 1916 262 1947 post
278 1912 382 1939 obitum
398 1932 405 1944 ,
422 1912 469 1939 sed
484 1913 565 1939 ctiam
582 1912 721 1943 universo,
738 1912 785 1947 qui
802 1917 865 1939 tuus
880 1911 989 1939 futurus

199 1962 268 1989 erat,
284 1958 383 1992 populo
396 1960 626 1985 resurrectionem
647 1957 759 1992 parasti.
779 1956 987 1985 Observandum

199 2007 290 2030 autent
307 2007 359 2034 est,
370 2003 430 2030 loco
446 2004 519 2031 illius
533 2003 618 2036 vocis,
632 2003 717 2034 salus,
734 2001 895 2030 llebraicam
907 2011 990 2030 usur-

200 2053 294 2083 patam
323 2057 385 2077 esse
409 2057 515 2081 vocem,
545 2057 604 2084 quze
624 2057 724 2077 nomen
744 2048 810 2076 Jesu
837 2050 986 2085 exprimit:

199 2099 281 2130 atque
295 2096 380 2123 totius
398 2096 495 2130 psalmi
509 2097 665 2127 terminum,
682 2096 737 2123 duo
751 2097 839 2131 capita
858 2097 989 2123 doctrinae

199 2141 361 2176 complecti;
390 2142 518 2168 nimirum
544 2142 671 2169 virtutem
704 2142 810 2170 Domini
838 2143 986 2170 salutarem

198 2194 277 2220 esse;
295 2187 438 2222 ipsumque
453 2188 552 2223 populo
570 2196 630 2221 suo,
644 2189 690 2224 qui
703 2197 751 2224 per
765 2190 852 2224 ipsutn
872 2189 987 2215 Salutem

199 2237 365 2261 consecutus
389 2238 442 2265 est,
464 2233 680 2262 benedictionem
697 2235 910 2269 impertiturum.
938 2234 988 2262 Be-

1083 1587 1162 1614 Ἀλλὰ
1175 1588 1220 1614 καὶ
1235 1587 1278 1614 διὰ
1298 1589 1360 1620 τοὺς
1381 1587 1510 1624 ἀνωτέρω
1535 1588 1682 1624 εἰρηκότας
1704 1591 1737 1626 τῇ
1759 1591 1833 1628 ψυχῇ

1041 1632 1135 1665 αὑτοῦ,
1157 1635 1215 1660 uim
1233 1634 1298 1660 ἔστι
1314 1634 1447 1668 σωτηρία
1459 1634 1540 1666 αὐτῷ
1552 1634 1636 1667 ἐντῷ
1651 1635 1711 1668 Θεῷ
1728 1637 1832 1670 αὐτοῦ,

1040 1679 1087 1706 νῦν
1102 1686 1184 1714 φησιν
1195 1688 1201 1694 ·
1227 1679 1363 1712 Ὀὸόντης
1372 1678 1553 1714 ἁμαρτωλῶν
1565 1680 1760 1716 συνέτριψας,
1775 1692 1835 1710 tou-

1039 1725 1184 1756 τέστιτοὺς
1194 1725 1288 1759 λόγους
1300 1725 1348 1752 καὶ
1361 1726 1410 1757 τὰς
1421 1726 1481 1753 κατ’
1491 1725 1557 1760 ἐμοῦ
1569 1726 1744 1763 βλασφημίας
1758 1737 1835 1765 περι-

1039 1773 1125 1804 εῖλας·
1145 1771 1213 1799 ἀλλὰ
1235 1772 1282 1799 καὶ
1299 1773 1397 1804 αὐτοὺς
1418 1773 1481 1805 τοὺς
1502 1774 1562 1800 κατ’
1580 1774 1647 1809 ἐμοῦ
1667 1774 1701 1801 τὰ
1721 1775 1833 1803 τοιαῦτα

1041 1818 1255 1853 φθεγξαμένους,
1268 1818 1377 1850 ἀσεϐεῖς
1391 1819 1472 1850 ὄντας
1494 1819 1541 1846 καὶ
1565 1821 1832 1857 ὲπιχαιρεσικάκους,

1042 1864 1215 1900 συνέτριψας,
1237 1865 1283 1892 καὶ
1298 1865 1347 1897 τὰς
1360 1865 1451 1900 φωνὰς
1468 1866 1556 1893 αὐτῶν
1570 1865 1753 1902 κατῄσχυνας.
1776 1869 1832 1894 Καὶ

1040 1911 1070 1937 οὐ
1087 1910 1166 1946 μόνον
1181 1916 1213 1945 γε
1228 1911 1289 1946 ἐμοὶ
1304 1911 1373 1946 μετὰ
1389 1911 1420 1937 τὸ
1433 1911 1599 1947 κοιμηθῆναι
1615 1914 1662 1939 καὶ
1682 1914 1830 1949 ἀναστῆναι

1040 1957 1188 1992 παρέσχου,
1202 1956 1269 1983 ἀλλὰ
1285 1959 1332 1984 καὶ
1349 1958 1430 1984 παντὶ
1441 1957 1479 1993 τῷ
1503 1958 1626 1993 μέλλοντι
1650 1960 1831 1994 χρηματίζειν

1041 2012 1087 2029 σου
1105 2003 1170 2038 λαῷ.
1196 2003 1336 2039 Τηρητέον
1357 2003 1385 2030 δὲ
1399 2023 1405 2035 ,
1424 2003 1479 2035 ὡς,
1497 2004 1558 2031 ἀντὶ
1574 2004 1621 2031 τοῦ
1639 2006 1785 2039 Σωτηρία,
1813 2007 1830 2041 ὴ

1046 2049 1176 2085 Ἐϐραῖκὴ
1193 2051 1268 2086 φωνὴ
1284 2050 1320 2086 (l)
1335 2047 1365 2076 τὸ
1389 2050 1442 2077 τοῦ
1469 2050 1567 2084 Ἰησοῦ
1589 2051 1675 2086 ὃνομα
1699 2051 1831 2087 παρείλη-

1040 2104 1121 2122 πται·
1139 2097 1186 2122 καὶ
1203 2096 1234 2131 δὴ
1249 2096 1279 2122 τὸ
1295 2097 1483 2132 συμπέρασμα
1495 2097 1541 2124 τοῦ
1554 2097 1654 2129 παντὸς
1671 2097 1719 2124 δύο
1739 2098 1831 2133 περιέ-

1040 2151 1081 2177 χει
1097 2142 1284 2174 διδασκαλίας⁸
1304 2143 1344 2169 ὅτι
1360 2152 1389 2170 τε
1405 2144 1421 2178 ἡ
1438 2143 1484 2170 τοῦ
1502 2144 1604 2179 Κυρίου
1615 2144 1729 2180 δύναμις
1742 2145 1830 2179 σωτή-

1042 2189 1097 2224 ριός
1111 2189 1179 2219 ἐστι,
1196 2189 1242 2215 καὶ
1254 2189 1294 2215 ὅτι
1310 2188 1392 2221 αὐτὸς
1405 2189 1443 2224 τῷ
1458 2188 1540 2216 αὑτοῦ
1557 2189 1622 2225 λαῷ,
1641 2190 1681 2225 τῷ
1696 2190 1730 2216 δι’
1747 2191 1829 2217 αὑτοῦ

1041 2234 1214 2270 σεσωσμένῳ,
1230 2235 1279 2270 τὴν
1292 2235 1416 2269 εὐλογίαν
1433 2235 1556 2270 παρέξει.
1582 2235 1698 2270 Εὐλογία
1721 2236 1749 2262 δὲ
1763 2237 1832 2263 πάν³

199 2279 319 2307 nedictio
355 2284 445 2308 autem
470 2281 621 2315 spiritualis
650 2289 763 2316 prorsus
789 2284 844 2311 est,
873 2288 906 2307 ex
934 2280 986 2307 hoc

1043 2289 1092 2311 τως
1115 2281 1287 2316 πνευματικὴ
1307 2280 1377 2307 κατὰ
1394 2280 1437 2307 τὸν
1459 2281 1618 2308 Ἀπόστολον
1632 2283 1758 2308 εἰπόντα·
1773 2283 1831 2309 Εὐ»

201 2327 322 2362 Aposloli
341 2328 432 2355 dicto:
451 2327 610 2354 Benedictus
636 2326 705 2353 Deus
721 2332 746 2354 et
772 2327 854 2353 Pater
879 2326 987 2353 Domini

199 2376 284 2402 nostri
297 2375 362 2402 Jesu
379 2374 491 2407 Christi,
503 2375 548 2409 qui
561 2373 695 2401 benedixit
711 2382 758 2400 nos
774 2375 802 2400 in
819 2374 890 2400 omni
908 2374 985 2400 bene-

198 2421 312 2447 dictione
324 2420 459 2454 spirituati
472 2421 499 2446 in
515 2419 662 2446 cwlestibus
678 2419 704 2445 in
720 2419 826 2445 Christo
836 2418 868 2444 ³⁸.
885 2417 968 2444 Proin
979 2432 986 2436 ι

199 2467 288 2502 deque
301 2467 328 2493 in
345 2467 447 2494 Christi
464 2470 525 2506 ortu
547 2465 668 2501 Josepho
683 2465 786 2492 dictum
811 2465 861 2492 fuit
884 2465 918 2491 ab
939 2472 986 2490 an-

200 2513 276 2547 gelo:
295 2511 331 2539 Et
347 2513 453 2539 vocabis
469 2520 562 2539 nomen
579 2511 636 2545 ejus
653 2511 756 2543 Jcsum,
773 2511 828 2545 ipse
846 2511 915 2537 enim
930 2510 986 2536 sal—

199 2567 258 2586 vum
273 2558 488 2593 facietpopulum
502 2567 580 2585 suum
589 2558 622 2590 ³⁷,
639 2558 685 2593 qui
698 2559 778 2586 etiam
791 2557 894 2592 populi,
911 2555 983 2584 beati

199 2608 342 2632 vocantur.
360 2604 423 2632 Hmc
445 2605 640 2639 speculationis
657 2611 731 2631 more
745 2604 818 2631 dicta
838 2608 914 2630 sunt.
930 2602 983 2630 Po-

199 2654 253 2677 test
269 2652 351 2678 etiam
369 2651 422 2678 dici
449 2651 553 2683 isthaec,
585 2660 645 2687 qua;
667 2656 758 2678 tamen
785 2650 944 2686 prophetico
970 2657 984 2675 ιι

200 2696 301 2724 Davide
317 2696 495 2732 przennntiata
521 2697 638 2730 fuerant,
663 2697 696 2724 ad
726 2697 845 2723 litteram
872 2695 984 2729 impleta

200 2742 283 2770 fuisse
303 2743 348 2769 illo
363 2748 483 2778 tempore
498 2751 529 2771 ac
547 2752 637 2771 rerum
654 2743 894 2774 eonditione,cum
911 2739 983 2767 ﬁlius

233 2799 254 2814 ’⁷
276 2799 342 2826 Luc.
360 2807 404 2830 vt,
420 2799 465 2827 28.
503 2801 526 2816 ’⁸
547 2800 641 2828 Matth.
660 2809 694 2831 ν,
713 2801 756 2826 Li.
796 2800 818 2815 ¹⁹
838 2798 909 2826 Psal.
927 2806 982 2827 vn.
999 2796 1025 2824 8.
1065 2798 1087 2813 ³⁸³
1107 2797 1178 2825 Psal.
1197 2806 1339 2831 cxxxvul,
1352 2799 1397 2826 2|.

734 2836 755 2851 ³⁵
772 2835 843 2862 I’sal.
865 2841 955 2866 χχχιιι,
975 2833 1015 2861 l9.
1049 2833 1071 2847 ”
1089 2834 1188 2868 Epltes.
1202 2843 1221 2867 ι,
1235 2839 1260 2864 3,
1295 2839 1315 2854 =7
1334 2838 1426 2866 nam),
1440 2848 1458 2871 ι,
1475 2840 1518 2872 εει.

203 2834 311 2861 "Joan.
327 2843 370 2864 xv,
386 2836 430 2862 25.
470 2836 491 2852 ³¹⁵
502 2835 581 2863 Prov.
593 2845 637 2867 xv,
649 2836 693 2863 32.

231 2880 270 2911 ti)
285 2881 416 2910 llebraica
434 2890 484 2910 vox
499 2887 541 2911 est
558 2893 563 2910 :
581 2886 679 2914 .‘I'J‘rtL‘l.

1041 2326 1167 2361 λογιητὸς
1184 2328 1200 2352 ό
1216 2327 1288 2359 Θεὸς
1304 2327 1353 2352 καὶ
1369 2326 1471 2361 Πατὴρ
1483 2326 1537 2354 τοῦ
1547 2328 1659 2361 Κυρίου
1674 2327 1756 2362 ἡμῶν
1778 2328 1830 2362 Ἰη-

1041 2372 1099 2399 σοῡ
1113 2373 1242 2406 Χριστοῦ
1252 2381 1258 2388 ·
1273 2375 1288 2400 ό
1302 2373 1473 2407 εὐλογήσας
1491 2373 1569 2408 ἡμᾶς
1588 2374 1623 2400 ὲν
1641 2373 1725 2409 πάσῃ
1741 2375 1829 2402 ed10-

1040 2419 1089 2452 γίᾳ
1106 2420 1295 2454 πνευματικῇ
1314 2420 1349 2447 ἐν
1370 2421 1432 2453 τοῖς
1451 2421 1640 2455 ἐπουρανίοις
1656 2422 1690 2448 ἐν
1703 2421 1829 2456 Χριστῷ.

1043 2464 1137 2490 Ἔνθεν
1152 2464 1198 2491 ἐπὶ
1214 2466 1263 2500 τῆς
1286 2466 1333 2492 τοῦ
1348 2467 1473 2502 Σωτῆρος
1496 2467 1629 2501 γενέσεως
1647 2467 1771 2494 λέλεκται
1790 2467 1829 2502 τῷ

1047 2510 1144 2546 Ἰωσὴφ
1162 2508 1214 2537 ὑπὸ
1224 2511 1271 2537 τοῦ
1289 2512 1406 2546 ἀγγέλου
1417 2521 1423 2527 ·
1448 2511 1504 2539 Καὶ
1521 2513 1663 2546 καλέσεις
1684 2512 1715 2540 id
1736 2513 1830 2548 ὄνομα

1037 2555 1130 2582 αὑτοῦ
1163 2556 1280 2590 Ἰησοῦν
1291 2565 1297 2572 ·
1321 2558 1412 2591 αὐτὸς
1425 2558 1481 2593 γὰρ
1502 2558 1593 2586 σώσει
1609 2559 1663 2586 τὸν
1678 2558 1754 2585 λαὸν
1777 2561 1829 2586 αἰν-

1039 2601 1101 2633 τοῦ,
1118 2601 1163 2634 οὓς
1178 2603 1225 2629 και¹
1243 2603 1394 2640 μακαρίους
1409 2606 1423 2631 ό
1438 2605 1516 2638 λόγος
1539 2605 1651 2639 ἔφασκε.
1671 2605 1764 2632 Ταῦτα
1780 2606 1828 2640 μὲν

1039 2645 1085 2674 οὖν
1100 2656 1140 2680 τις
1151 2648 1221 2675 κατὰ
1233 2648 1348 2684 θεωρίαν
1362 2650 1416 2677 τῶν
1437 2650 1632 2686 προκειμένων.
1661 2651 1740 2677 Εἴποι
1753 2650 1775 2676 δ’
1796 2650 1828 2676 ἄν

1039 2702 1080 2726 τις
1092 2694 1138 2720 καὶ
1154 2694 1221 2730 πρὸς
1230 2694 1302 2728 λέξιν
1320 2696 1515 2732 πεπληρῶσθαι
1537 2696 1622 2723 αὐτά·
1646 2695 1828 2732 προλεχθέντα

1041 2739 1090 2774 μὲν
1104 2739 1155 2768 ὑπὸ
1172 2740 1218 2767 τοῦ
1228 2741 1308 2768 Δαυῖδ
1323 2743 1498 2778 προφητικῶς
1515 2743 1544 2769 ὲν
1566 2742 1655 2778 καιρῷ
1675 2742 1725 2778 τῆς
1751 2748 1826 2777 περι-

1438 2799 1458 2815 ²¹
1477 2799 1571 2827 Matth.
1592 2800 1675 2834 x,40.
1715 2801 1738 2817 "
1759 2799 1823 2829 ibid.
