2055 3214
203 162 250 189 101

768 159 1022 188 COMMENTARIA
1042 160 1074 187 IN
1094 159 1264 188 PSALMOS.
1441 150 1469 184 vl

1785 163 1836 191 10⁸3

202 221 334 252 στάςεως,
350 220 469 256 ὁπηνίκα
482 218 497 244 ὁ
510 219 567 251 υἱὸς
579 219 689 247 ἐδίωκεν
704 221 794 252 αὐτὸν,
807 221 853 248 ἐπὶ
868 222 954 257 πέρας
967 222 992 248 δὲ

1050 224 1258 255 persequeretur
1271 227 1332 247 eum
1345 229 1353 253 ;
1369 219 1417 247 sed
1431 219 1464 246 ad
1482 219 1628 247 terminum
1646 227 1701 247 non
1717 220 1832 247 multum

201 267 308 303 ἢγμένα
331 266 389 301 μετ’
413 266 443 292 οὐ
469 265 536 292 πολὺ
549 286 556 298 ,
575 266 618 292 ὅτε
637 267 665 293 ὲν
679 267 712 302 τῇ
724 266 771 293 τοῦ
793 267 912 302 πολέμου
925 276 994 302 συμ-

201 313 265 348 ϐολῇ
281 311 376 339 πίπτει
395 311 444 346 μὲν
458 312 472 338 ὁ
493 311 680 347 Ἀϐεσσαλὼμ,
700 312 829 338 πίπτουσι
852 312 882 338 δὲ
897 313 944 339 καὶ
970 314 993 339 οἱ

200 359 235 385 τὰ
257 357 323 392 φίλα
347 357 421 392 αὐτῷ
435 356 613 391 φρονοῦντες·
639 358 736 392 κρατεῖ
755 357 783 384 δὲ
801 358 823 392 ,ἡ
839 357 887 384 τοῦ
912 354 994 384 Δαυῒδ

203 404 356 440 πρόρρησις
371 405 388 439 ἡ
406 404 532 439 φήσασα·
564 403 624 432 Ὅτι
642 403 683 430 σὺ
705 403 856 436 ἐπάταξας
880 402 994 436 πάντας

201 450 272 483 τοὺς
285 448 498 485 ἐχθραίνοντάς
507 458 557 484 μοι
565 450 696 484 ματαίως
707 457 713 464 ·
727 449 852 482 ὀδόντας
864 449 995 484 ἀμαρτω-

200 497 265 524 λών
277 496 472 531 συνέτριψας.
486 496 541 523 Τοῦ
558 497 668 530 Κυρίου
683 497 702 530 ἡ
716 496 859 530 σωτηρία.
877 497 926 523 καὶ
945 496 995 523 ἐπὶ

201 544 256 571 τὸν
266 543 343 570 λαόν
357 550 416 570 σου
432 543 452 577 ἡ
471 543 593 577 εὐλογία
608 549 677 569 σου.
697 541 820 576 Ἐλέγετο
831 541 896 576 γοῦν
909 542 995 569 ταῦτα

201 589 389 625 προφητικῶς,
397 588 435 620 ὡς
445 588 478 615 ἃν
494 588 543 625 ἠδη
558 588 605 615 τοῦ
618 587 684 615 λαοῦ
696 588 877 624 σεσωσμένον,
886 589 933 615 καὶ
943 589 995 614 ὑπὸ

201 636 250 662 τοῦ
263 635 345 663 Δαυῖδ
361 644 427 670 γενη
433 635 526 670 μένου.

406 692 572 718 ΕΞΙΠῊΣΙΣ
592 692 742 719 ΨΑΛΜΟΥ
764 693 799 719 Δ’.

255 746 294 781 (1)
309 747 360 779 Είς
370 746 403 773 τὸ
420 746 507 779 τέλος
523 747 558 773 ὲν
568 747 705 782 ψαλμοῖς
712 746 774 781 ᾠδὴ
787 746 827 780 τῷ
839 747 939 774 Δαυΐδ.

255 804 308 837 Εὶς
320 803 353 830 τὸ
364 803 453 836 τέλος
472 804 507 831 ὲν
521 803 627 838 ὕμνοις
639 803 762 838 ψαλμὸς
779 804 819 837 τῷ
840 804 939 831 Δαυῖδ.

240 850 344 886 ’Ὠσπερ
361 850 450 885 πάσης
473 851 571 885 τέχνης
588 851 634 877 καὶ
653 850 807 886 ἐπιστήμης
829 850 904 882 τέλος
922 851 994 877 ἐστὶν

202 896 253 931 (2).
268 916 275 923 .
288 917 294 923 .
305 916 312 923 .
328 917 334 923 .
352 916 358 923 .
373 916 381 925 .
396 915 403 923 .
418 917 424 923 .
443 897 609 932 καταντῆσαι
626 896 670 923 τόν
689 897 887 932 μετερχόμενον
897 905 903 912 ·
923 897 994 924 οὕτω

201 943 293 978 πάσης
311 942 422 978 λογικῆς
438 942 554 977 φύσεως,
574 943 604 969 τὺ
619 943 648 969 ἐν
665 942 775 978 Χριστῴ
795 943 994 979 ζωοποιηθῆναι

200 990 277 1021 τέλος
291 990 374 1021 ἐστὶν,
387 989 424 1021 ὡς
435 990 463 1016 ἒν
479 990 512 1024 τῇ
530 989 625 1025 πρώτῃ
642 989 710 1025 πρὸς
726 989 884 1024 Κορινθίους
898 989 995 1016 (5Παῦ-

200 1035 248 1067 λός
259 1043 325 1070 φησι
339 1035 424 1069 λέγων
435 1034 473 1070 τῷ
487 1035 544 1070 ἰδίῳ
561 1035 680 1070 τάγματι
690 1043 696 1049 ”
710 1035 788 1061 Δοκεῖ
803 1043 896 1070 μη.....
965 1041 994 1062 εν

201 1082 370 1117 ὑπογράφειν
387 1081 524 1113 ἁπάντων,
538 1080 575 1112 ὼς
590 1081 617 1107 αἱ
630 1081 744 1107 ἑκάστου
761 1079 993 1116 ζωοποιουμένου

200 1126 270 1162 πρὸς
284 1126 333 1162 τὴν
349 1125 427 1158 ἀξίαν
442 1125 510 1161 μετὰ
522 1125 662 1161 βασάνους.
679 1127 715 1153 Ἣ
729 1126 776 1153 καὶ
793 1126 894 1153 τούτων
910 1127 994 1162 χωρὶς

201 1172 385 1205 ζὼοποιήσιις
400 1173 429 1199 δὲ
452 1172 555 1204 πάντας
577 1173 693 1208 Χριστὸς
716 1173 744 1199 ὲν
764 1173 852 1208 ἐαυτῷ
867 1173 930 1205 τοὺς
955 1173 994 1208 τῷ

207 1218 292 1254 ’Δόὰμ
301 1218 520 1254 ἀποθνήσκοντας
533 1217 668 1252 βασιλεύει
677 1218 735 1246 τῶν
747 1218 991 1253 ζωοποιηθέντων·

200 1267 244 1300 ἐφ’
257 1266 271 1292 ὃ
282 1265 499 1301 παρεκάλειτοὺς
513 1265 650 1296 συνιέντας
659 1266 726 1300 ὴείς
739 1265 771 1291 τὸ
784 1265 870 1298 τέλος
880 1267 994 1301 ἐπιγρα-

201 1312 249 1348 φή.
259 1312 345 1338 Παντὶ
351 1311 379 1338 δὲ
388 1310 579 1346 ἀγωνιζομένῳ
592 1310 667 1342 τέλος
678 1311 694 1346 ὴ
706 1311 778 1345 νίκη.
788 1311 885 1339 Πολλαὶ
889 1311 938 1347 μὲν
946 1309 993 1338 οὖν

200 1358 230 1384 αἱ
243 1357 313 1384 κατᾶ
331 1357 413 1393 μέρος
423 1357 506 1389 νίκαι,
524 1357 570 1383 καὶ
584 1356 659 1388 τέλος
674 1357 691 1392 ἢ
716 1356 781 1383 ποτὲ
806 1357 854 1392 μὲν
870 1357 993 1391 λέγοντος

201 1402 322 1429 Παύλοψ
347 1403 398 1429 Ἑν
419 1403 534 1434 τούτοις
549 1401 642 1430 πᾶσιν
658 1401 862 1437 ὑπερνικῶμεν
877 1402 925 1429 διὰ
939 1402 992 1429 τοῦ

199 1447 415 1482 ἀγαπήσαντος
425 1447 520 1482 ἡμᾶς’
537 1447 601 1474 ποτὲ
618 1447 645 1474 δέ
657 1456 664 1462 θ
681 1448 736 1475 Τὸν
751 1447 851 1483 ἀγῶνα
867 1448 920 1474 τὸν
938 1456 992 1474 κα-

201 1493 258 1520 λὸν
271 1494 447 1529 ἠγώνισμαι,
460 1494 515 1521 τὸν
529 1493 640 1528 δρόμον
653 1494 804 1525 τετέλεκα,
820 1493 877 1527 τὴν
889 1495 993 1521 πίστιν

201 1539 363 1574 τετήρηκα·
380 1541 488 1567 λοιπὸν
505 1539 659 1567 ἀπόκειταί
676 1548 727 1574 μοι
741 1540 757 1566 ὁ
773 1538 827 1573 τῆς
838 1539 991 1566 δικαιοσύ-

200 1594 257 1619 νης
267 1585 427 1620 στέφανος,
442 1586 478 1613 ὃν
495 1585 645 1613 ἀποδώσει
661 1594 712 1620 μοι
729 1587 745 1612 ό
767 1586 884 1619 Κύριος.
901 1586 932 1612 Oi
946 1583 992 1612 οὖν
1006 1601 1027 1630 c

202 1632 433 1668 ἐπιγεγραμμένοι
447 1633 490 1665 εις
508 1633 542 1659 τὸ
561 1632 649 1665 τέλος
663 1631 703 1664 τῷ
723 1631 822 1663 Δαυῒδ,
851 1632 926 1664 τέλος
947 1633 994 1659 καὶ

203 1678 281 1713 νίκην
293 1679 489 1713 ἀπαγγέλλουσι
502 1679 549 1706 τοῦ
558 1678 676 1714 Χριστοῦ
689 1678 835 1713 λεγομένου
843 1678 932 1705 Δαυῖδ·
946 1680 994 1706 καὶ

202 1725 264 1751 ἀντὶ
279 1724 336 1757 τοῦ,
353 1727 395 1759 εἰς
411 1725 508 1758 τέλος,
527 1725 598 1752 κατὰ
615 1726 660 1751 τὸν
682 1725 808 1757 Ἀκύλαν,
825 1725 992 1752 νικοποιοῦ.

204 1769 286 1796 Παντὶ
309 1769 362 1805 γὰρ
385 1770 553 1806 νενικημένῳ
576 1770 782 1806 περιποιήσεται
808 1771 896 1806 νίκην.
927 1770 993 1797 ’Υπὸ

201 1813 317 1850 Χριστοό
334 1816 388 1853 γάρ
410 1825 451 1848 τις
472 1815 638 1852 νικώμενος,
660 1816 709 1852 τὴν
731 1816 830 1843 κακίαν
854 1816 991 1851 νενίκηκε,

201 1863 301 1897 ταύτην
323 1862 493 1897 ἐξαφανίζων
510 1862 548 1898 τῷ
575 1863 758 1898 ὑποτετάχθαι
777 1863 897 1899 Χριστῷ.
920 1864 994 1899 Νικᾷ

201 1909 254 1945 γὰρ
269 1909 320 1935 οὐκ
334 1909 461 1942 ἄκοντας,
476 1909 544 1936 ἀλλὰ
561 1909 663 1936 πείθων
678 1909 715 1941 ὡς
729 1909 808 1943 λόγος
826 1909 903 1936 Θεοῦ.
923 1909 992 1941 Τοὺς

201 1954 229 1980 δὲ
243 1954 379 1986 τοιούτους
397 1955 497 1990 ὒμνους
512 1955 528 1991 ἢ
544 1955 678 1991 ψαλμοὺς,
696 1956 740 1988 εὶς
761 1955 795 1981 τὸ
811 1954 906 1987 νῖκος,
925 1955 992 1982 Θεο-

201 2000 292 2027 δοτίων
313 2001 468 2037 ἐπέγραψε·
494 2001 642 2038 Σύμμαχος
656 2001 695 2035 δὲ,
716 2001 891 2034 ἐπινικίους.
913 2001 993 2028 Οὕτω

201 2047 230 2076 δὲ
246 2049 316 2077 νοεῖν
336 2048 457 2082 εὔλογον,
470 2048 522 2075 κᾶν
536 2048 573 2084 μὴ
586 2048 625 2083 τῷ
639 2047 721 2074 Δαυῒδ
735 2045 802 2074 ὦσιν
818 2048 991 2083 ἐπιγεγραμ-

203 2097 287 2132 μένοι,
301 2096 358 2123 ἀλλ’
371 2098 415 2129 εις
436 2095 469 2123 τὸ
488 2094 575 2128 τέλος
598 2095 678 2130 τυχὸν
703 2093 743 2127 τῷ
764 2094 865 2128 Ὰσὰφ,
889 2094 906 2129 ἢ
930 2094 992 2127 τοῖς

201 2142 275 2175 νίοῖς
288 2142 374 2177 Κορὲ,
390 2141 428 2177 τῷ
442 2142 504 2174 τοὺς
521 2142 616 2175 ἁγίους
632 2140 806 2176 ἀναδεδέχθαι
825 2141 929 2172 πάντας
943 2140 992 2175 τὴν

201 2189 292 2216 εἰκόνα
307 2187 436 2224 Χριστοῦ.
449 2187 486 2213 Τὸ
501 2187 529 2214 δὲ
543 2188 578 2214 ἐν
592 2187 726 2222 ψαλμοῖς
743 2186 818 2222 παρὰ
831 2187 887 2218 τοῖς
901 2186 991 2213 Ἑϐδο-

203 2237 322 2271 μήκοντα
339 2235 387 2262 καὶ
407 2235 532 2267 Ἀκύλας,
550 2235 609 2271 (sic)
627 2235 792 2270 σαφέστερον
806 2235 820 2261 ὁ
833 2233 989 2272 Σύμμαχος,

1045 273 1140 303 postea
1163 268 1290 300 deducta,
1313 275 1375 294 cum
1397 267 1425 294 in
1450 274 1600 302 congressu
1624 267 1710 302 praelii
1735 267 1835 294 cecidit

1045 314 1172 342 Absalom
1189 335 1196 346 ,
1222 314 1381 342 ceciderunt
1418 314 1521 348 pariter
1546 314 1592 348 qui
1619 314 1678 348 ejus
1709 314 1833 348 partibus

1045 361 1198 388 hmrebaut:
1222 360 1394 396 obtinuitque
1408 359 1548 395 praedictio
1563 360 1607 387 illa
1620 360 1729 388 Davidis
1744 357 1834 390 τρασ-

1045 407 1118 433 niam
1142 411 1170 432 tu
1193 406 1349 440 percussisti
1373 414 1461 432 omnes
1490 405 1658 432 adversantes
1684 405 1748 432 mihi
1776 406 1833 433 sine

1046 461 1149 480 causa:
1172 452 1262 480 dentes
1289 457 1458 487 peccatorum
1483 452 1641 479 contrivisti.
1670 452 1774 479 Domini
1793 457 1833 479 est

1044 500 1128 531 salus.
1162 504 1186 526 et
1219 507 1298 533 super
1323 499 1449 534 populum
1481 504 1556 526 tuum
1591 498 1736 526 benedictio
1775 503 1832 525 tua.

1047 545 1109 573 Ha:c
1125 546 1217 580 itaque
1242 545 1401 580 prophetica
1429 545 1502 572 dicta
1529 549 1603 577 sunt,
1629 552 1662 572 ac
1678 545 1700 573 si
1717 545 1833 580 populus

1043 591 1099 626 jam
1116 591 1208 618 salvus
1224 595 1308 623 esset,
1325 595 1352 618 et
1375 591 1409 618 ad
1437 591 1547 618 Davidis
1576 590 1722 626 imperium
1748 590 1832 617 redu-

1045 641 1116 665 ctus.

1230 691 1431 720 ENARRATIO
1452 692 1578 720 PSALMI
1596 692 1639 720 ιν.

1134 751 1160 778 1.
1174 749 1207 777 1η
1224 751 1302 785 ﬁnem
1317 750 1345 778 in
1359 750 1470 785 psalmis
1491 750 1624 776 canticum
1644 749 1740 776 David.

1170 805 1203 832 In
1217 806 1296 840 ﬁnem
1312 806 1338 832 in
1353 805 1457 841 hymnis
1475 805 1592 840 psalmus
1603 804 1699 832 David.

1082 852 1158 879 Sicut
1174 851 1296 887 cujusvis
1311 852 1380 879 artis
1395 859 1427 878 ae
1443 851 1563 879 scientiae
1577 851 1639 879 ﬁnis
1651 855 1703 885 est,
1716 855 1746 878 ut
1757 851 1833 886 quis-

1045 897 1107 932 quis
1121 897 1206 932 ipsam
1222 896 1279 924 adit
1294 897 1326 923 ad
1347 897 1540 932 perfectionem
1554 896 1680 923 deveniat
1695 905 1702 927 ;
1718 896 1755 923 ita
1771 904 1832 923 om-

1047 945 1090 972 nis
1104 944 1247 971 rationalis
1261 948 1367 970 naturae
1383 943 1444 971 linis
1459 947 1500 970 est
1526 947 1556 969 ut
1580 943 1606 969 in
1623 942 1733 969 Christo
1747 943 1831 969 vitam

1046 990 1181 1030 accipiat,
1201 990 1432 1025 quemadmodum
1461 989 1489 1016 in
1507 989 1595 1024 prima
1617 989 1650 1016 ad
1673 988 1832 1016 Corinthios

1046 1035 1166 1071 Epistola
1176 1038 1214 1063 ait
1228 1035 1329 1063 Paulus
1345 1035 1378 1063 ³⁸.
1401 1054 1409 1063 .
1430 1055 1436 1062 .
1460 1056 1467 1063 .
1490 1056 1497 1064 .
1520 1055 1527 1063 .
1550 1057 1556 1062 .
1578 1055 1585 1061 .
1607 1055 1614 1062 .
1636 1035 1756 1070 Singulis
1771 1039 1833 1070 post

1045 1083 1184 1110 cruciatus
1198 1091 1247 1117 pro
1263 1082 1361 1110 merito
1379 1089 1430 1110 suo
1453 1081 1601 1116 viriﬁcatis.
1620 1081 1768 1116 Postquam
1783 1089 1833 1108 au-

1046 1132 1098 1154 tem
1112 1128 1237 1156 Christus
1251 1135 1347 1155 omnes
1361 1127 1407 1163 qui
1424 1127 1451 1154 in
1467 1127 1571 1153 Adamo
1587 1126 1687 1152 mortui
1706 1129 1795 1158 erant,
1805 1125 1832 1152 in

1045 1175 1135 1208 seipso
1161 1173 1312 1208 viviﬁcavit,
1343 1180 1439 1208 regnat
1456 1173 1482 1199 in
1499 1172 1667 1207 viviﬁcatos.‘
1693 1171 1727 1197 ad
1749 1178 1831 1207 quam

1044 1228 1102 1247 rem
1115 1220 1238 1247 homines
1247 1219 1424 1254 intelligentia
1435 1219 1564 1254 prmditos
1574 1222 1668 1245 evocat
1676 1218 1830 1252 inscriptio,

1045 1267 1073 1293 in
1086 1267 1173 1301 ﬁnem.
1188 1266 1268 1294 Omni
1295 1270 1386 1293 autem
1410 1265 1544 1300 prmlianti
1564 1264 1625 1291 ﬁnis
1641 1264 1754 1290 victoria
1778 1268 1830 1291 est.

1051 1313 1140 1340 Multm
1151 1320 1233 1348 porro
1246 1316 1310 1340 sunt
1320 1312 1476 1347 singulatim
1492 1315 1610 1346 aceeptm
1623 1311 1743 1339 victoria!
1753 1319 1833 1345 ;qua-

1044 1367 1104 1386 rum
1112 1359 1191 1386 linem
1204 1357 1453 1387 describitPaulus,
1465 1357 1545 1384 modo
1557 1357 1668 1385 dicens:
1687 1355 1718 1382 In
1727 1356 1767 1382 his
1777 1364 1833 1382 om—

1044 1404 1121 1432 nibus
1137 1412 1295 1437 superamus
1307 1408 1414 1438 propter
1424 1411 1482 1430 eum
1493 1403 1536 1438 qui
1548 1402 1640 1429 dilexit
1649 1411 1695 1429 nos
1707 1401 1740 1434 "3
1750 1401 1832 1428 modo

1044 1454 1149 1478 autent:
1162 1450 1263 1476 Bonum
1276 1454 1408 1476 certante»
1417 1449 1524 1479 certavi,
1536 1455 1643 1474 cursum
1651 1446 1842 1479 consummavi,

1044 1498 1122 1533 [idem
1136 1497 1261 1524 servavi:
1281 1497 1308 1522 in
1334 1496 1433 1530 reliquo
1453 1495 1567 1529 reposita
1593 1498 1632 1521 est
1653 1494 1717 1520 mihi
1732 1501 1831 1520 corona

1039 1542 1165 1578 justitial,
1173 1550 1252 1577 quant
1261 1541 1349 1568 reddet
1360 1541 1424 1568 mihi
1433 1539 1561 1566 Domitius
1571 1539 1604 1566 ⁵⁸³.
1614 1538 1715 1566 Psallni
1725 1539 1828 1574 itaque,

1046 1590 1073 1615 in
1089 1589 1168 1624 ﬁnem
1197 1588 1248 1622 ipsi
1264 1587 1349 1615 David
1379 1587 1515 1621 inscripti,
1533 1586 1612 1613 linem
1633 1585 1782 1620 praediCant
1799 1592 1832 1611 ac

1045 1635 1187 1662 victoriam
1212 1634 1314 1661 Christi
1329 1653 1336 1665 ,
1358 1633 1404 1668 qui
1422 1632 1507 1659 David
1521 1636 1643 1659 vocatur.
1666 1630 1731 1658 V'ice
1742 1635 1832 1658 autem

1045 1682 1128 1712 illius,
1143 1681 1170 1707 in
1183 1679 1426 1715 ﬁnem,secundum
1440 1678 1578 1714 Aquilam,
1592 1676 1830 1708 victoris,dieitur.

1043 1726 1068 1754 is
1094 1727 1166 1754 enim
1191 1725 1302 1753 cuilibet
1317 1724 1537 1751 victovictoriam
1553 1723 1664 1750 tribuet.
1675 1721 1741 1749 Nam
1755 1721 1832 1756 quis-

1043 1775 1104 1808 quis
1118 1781 1132 1799 a
1147 1772 1258 1800 Christo
1271 1772 1401 1802 vincitur,
1427 1771 1559 1797 malitiam
1575 1770 1670 1799 vincit.
1690 1769 1832 1804 ipsamque

1043 1820 1076 1846 de
1091 1820 1179 1846 medio
1192 1819 1273 1851 tollit,
1289 1819 1352 1853 quia
1368 1817 1512 1851 subjicitur
1523 1816 1644 1843 Christo.
1657 1814 1750 1850 Neque
1758 1814 1832 1841 enirn

1043 1864 1144 1892 invitos
1162 1864 1245 1891 vincit
1261 1864 1316 1895 ille,
1330 1861 1378 1890 sed
1390 1862 1529 1892 suasione,
1548 1864 1642 1896 utpote
1651 1860 1763 1887 verbum
1773 1859 1830 1887 Dei.

1043 1910 1206 1945 llujusmodi
1224 1917 1306 1945 porro
1329 1909 1445 1944 hymnos
1466 1908 1507 1935 vel
1530 1908 1651 1942 psalmos
1669 1906 1831 1938 Theodotio,

1042 1958 1069 1984 in
1081 1957 1231 1988 victoriam,
1245 1954 1386 1990 inscripsit
1401 1963 1407 1987 ;
1428 1953 1620 1988 Symmachus,
1647 1951 1830 1985 triumphales.

1042 2002 1200 2037 Eademque
1231 2002 1338 2029 ratione
1367 1999 1574 2035 intelligendum
1598 2002 1640 2026 est
1656 1998 1831 2025 etiamsinon

1043 2047 1139 2074 Davidi
1154 2046 1280 2081 inscripti
1295 2045 1362 2078 sint,
1382 2045 1429 2073 sed
1444 2044 1512 2072 forte
1524 2044 1552 2070 in
1569 2044 1648 2079 ﬁnem
1666 2043 1765 2077 ΑεαρΙι,
1783 2047 1831 2069 aut

1042 2094 1107 2129 ﬁliis
1121 2093 1197 2127 Core,
1213 2094 1278 2128 quia
1302 2092 1388 2120 sancti
1402 2099 1497 2119 onmes
1516 2098 1566 2126 pro
1582 2090 1700 2125 imagine
1728 2089 1829 2116 Christi

1042 2140 1188 2168 habentur.
1218 2138 1286 2166 illud
1316 2142 1403 2164 autem
1437 2137 1464 2163 in
1479 2136 1588 2170 psallitis
1614 2135 1687 2170 quod
1714 2135 1741 2162 in
1760 2133 1831 2161 LXX

1042 2192 1069 2215 et
1082 2187 1109 2214 in
1121 2186 1218 2221 Aquila
1230 2185 1340 2220 legitur,
1356 2183 1479 2219 apertius
1492 2182 1673 2219 Symmachus
1688 2189 1747 2208 cunt
1760 2181 1831 2215 psal-

1044 2232 1115 2259 teriis
1141 2230 1250 2263 edidit;
1275 2230 1409 2264 docetque
1436 2236 1498 2256 cum
1523 2227 1663 2263 psaltcriis
1691 2227 1830 2253 canticum

201 2281 248 2308 διὰ
266 2281 441 2316 ψαλτηρίων
453 2281 566 2313 ἐξέδωκε
583 2280 701 2307 διδασκο.
713 2301 719 2308 .
728 2301 735 2307 .
745 2300 751 2307 .
761 2299 767 2306 .
778 2299 785 2306 .
794 2299 800 2306 .
809 2299 816 2306 .
825 2299 833 2307 .
850 2280 900 2316 τὴν
917 2280 988 2316 ᾠδὴν

1043 2277 1211 2314 persolutum
1237 2276 1331 2304 fuisse.
1365 2275 1498 2303 Psalteria
1526 2275 1626 2309 quippe
1649 2274 1831 2300 instrumenta

202 2327 334 2363 εἰρῆσθαι.
349 2348 356 2354 .
370 2346 377 2353 .
391 2346 398 2353 .
412 2347 419 2353 .
433 2346 440 2353 .
454 2346 460 2352 .
475 2345 482 2352 .
497 2345 504 2353 .
526 2326 560 2352 τὰ
574 2325 712 2360 ψαλτήρια
730 2323 825 2351 πλείω.
841 2343 848 2350 .
862 2343 868 2350 .
883 2344 890 2350 .
904 2344 910 2350 .
922 2342 928 2349 .
940 2345 947 2352 .
959 2343 966 2352 .
980 2344 986 2350 .

201 2373 302 2408 δργανα
314 2373 347 2400 δι’
364 2369 401 2399 ὧν
416 2372 507 2408 ᾅδεται
520 2372 549 2398 τὸ
565 2373 609 2404 είς
620 2371 653 2397 τὸ
666 2371 765 2403 τέλος,
777 2370 794 2405 ἢ
807 2371 822 2396 ό
832 2370 988 2402 ἐπινίκιος,

202 2419 218 2454 ἢ
233 2419 271 2452 τῷ
286 2418 436 2451 νικοποιῷ,
451 2418 465 2444 ὃ
481 2417 577 2454 δηλοῦν
590 2417 661 2444 ἔοικε
677 2418 724 2444 καὶ
743 2416 773 2443 τὺ
788 2418 831 2450 εἰς
853 2417 938 2449 νῖκος
955 2417 989 2443 ἐν

202 2466 304 2500 ὕμνοις
317 2466 393 2502 παρὰ
407 2465 445 2501 τῷ
460 2464 626 2491 Θεοδοτίωνι.
648 2463 721 2498 Αὕτη
738 2463 828 2489 τοίνυν
852 2463 868 2498 ἡ
890 2462 955 2498 ᾠδὴ,
971 2462 988 2497 ἢ

203 2512 232 2539 τὸ
245 2512 401 2548 μελῴδημα,
413 2511 430 2547 ἢ
444 2511 550 2546 ψαλμδς
560 2510 609 2546 τὴν
620 2509 768 2546 εἰρημένην
781 2509 850 2544 ἔχων
862 2509 989 2535 ὑπόθεσιν

204 2558 395 2593 ἐπαγγέλλεται
411 2556 512 2592 ταύτην
526 2556 686 2592 κοινώτερον
703 2555 750 2591 μὲν
767 2556 796 2581 έν
808 2554 847 2590 τῷ
860 2555 988 2590 προφήτῃ

204 2605 290 2637 Λαυῖδ,
308 2603 509 2640 μυστικώτερον
527 2603 555 2630 δὲ
572 2602 611 2638 τῷ
632 2601 757 2638 Χριστῷ,
783 2601 814 2628 τὺ
839 2601 988 2637 πρόσωπον

1043 2329 1117 2356 sunt,
1137 2323 1239 2358 quibus
1252 2321 1318 2349 illud
1338 2321 1365 2347 in
1377 2321 1456 2356 ﬁnem
1473 2320 1593 2351 canitur,
1608 2319 1666 2346 sive
1679 2326 1728 2349 pro
1752 2323 1831 2352 parta

1042 2371 1161 2401 victoria,
1178 2369 1236 2396 sive
1255 2368 1366 2395 victori:
1382 2367 1455 2402 quod
1472 2367 1561 2401 ipsum
1581 2364 1738 2400 signiﬁcare
1751 2365 1832 2392 vidc-

1043 2420 1089 2443 tur
1109 2415 1174 2442 illud
1187 2415 1216 2442 in
1238 2412 1376 2441 victoriam
1392 2413 1420 2439 in
1441 2411 1544 2446 hymnis
1570 2409 1642 2444 apud
1659 2408 1829 2437 Theodotio-

1043 2469 1117 2490 nem.
1132 2461 1190 2488 lloe
1204 2460 1288 2495 igitur
1304 2459 1454 2490 canticum,
1470 2457 1512 2484 vel
1529 2454 1658 2488 melodia,
1674 2456 1732 2483 sive
1754 2456 1830 2492 psal-

1043 2514 1115 2539 mus,
1139 2509 1320 2533 memoratum
1346 2504 1451 2531 habens
1465 2505 1670 2537 argumentum,
1687 2501 1830 2529 victoriam

1043 2552 1196 2588 pollicetur,
1209 2559 1241 2578 ex
1251 2549 1402 2586 vulgatiore
1414 2548 1549 2577 sententia
1561 2547 1667 2579 Davidi,
1678 2546 1830 2574 secundum

1043 2605 1172 2626 arcanam
1188 2605 1252 2625 vero
1271 2595 1511 2632 signiﬁcationem,
1535 2593 1647 2622 Christo
1672 2600 1830 2621 sanetorum

238 2683 261 2700 "
280 2683 369 2711 ICor.
386 2690 438 2716 xv,
453 2682 499 2710 22.
537 2681 559 2698 ³⁵
579 2680 659 2708 Rom.
677 2688 741 2713 vtn,
758 2679 802 2707 57.
840 2679 863 2694 ⁶⁰
881 2678 903 2705 ll
918 2677 990 2706 Tim.
1008 2685 1051 2709 tv,
1068 2676 1096 2706 ’1,
1113 2673 1139 2702 8.

238 2756 276 2798 (ι’)
296 2762 428 2790 Hebraica
451 2761 532 2789 lectio
555 2764 724 2794 est;'11D'tD
740 2761 845 2789 mam
860 2747 956 2787 madv
979 2766 984 2782 :

205 2800 263 2838 πί)
280 2816 340 2843 quae
359 2808 399 2835 sie
417 2808 451 2834 ab
463 2807 561 2842 Aquila
576 2805 780 2843 exprimuntur,
797 2803 836 2838 τῷ
857 2802 990 2843 νικοποιῷ

208 2844 234 2868 ὲν
241 2838 358 2878 ψαλμοῖς
391 2838 537 2878 μελῴδημα
562 2841 601 2876 τῷ
611 2838 749 2878 ’Δαυῖᾷ
764 2838 928 2878 Symmacho
943 2844 988 2878 att-

208 2872 275 2912 ζιιιιῖ,
297 2872 426 2910 ἒπιῦίκίος
449 2872 504 2904 ’6ιᾶ
525 2872 684 2912 ψαλτηρίων
845 2872 935 2912 dabit}.
965 2872 987 2912 ᾼ

208 2911 399 2945 'l‘heodotione,
416 2908 467 2945 “εις
488 2913 520 2940 τὸ
533 2908 622 2944 ’νῖκοξ
650 2913 679 2939 ἐν
700 2908 794 2945 ὕμνοις
813 2908 919 2944 ψαλμδς
950 2908 988 2940 τῷ

1040 2764 1131 2791 Δαυῖδ.
1148 2762 1345 2791 Theodotionis
1365 2761 1500 2789 diversam
1526 2760 1605 2788 allert
1636 2758 1827 2787 Theodoretns

1041 2800 1194 2829 lectionem,
1207 2798 1345 2830 nimirum,
1355 2797 1394 2832 τῷ
1402 2796 1532 2832 νικοποιῷ
1541 2797 1569 2823 ὲν
1585 2795 1692 2832 ὕμνοις,
1701 2799 1767 2829 elc.,
1780 2794 1827 2822 sed

1041 2835 1115 2870 prior
1125 2841 1263 2870 germana.

1077 2870 1114 2905 (2)
1135 2869 1180 2897 Sic
1194 2869 1284 2897 lacera
1303 2872 1367 2897 sunt
1385 2868 1442 2896 haec
1462 2868 1490 2896 in
1510 2875 1578 2896 mss.
