2055 3214
144 223 195 250 405

707 223 960 251 (ἶΟλΙΜΕΝΤΛΠΙΑ
979 224 1013 251 IN
1030 225 1196 251 PSALMOS.
1283 213 1312 248 υ(

1707 230 1758 257 1⁸⁵6

140 280 200 306 δέον
216 279 266 306 ἐπὶ
281 278 423 314 μετάνοιαν
439 279 486 306 καὶ
509 279 557 316 τὴν
575 280 655 316 φίλην
671 280 710 316 τῷ
725 281 785 316 Θεῴ
806 282 925 316 ἐξομολό-

983 282 1170 317 paenitentiam
1186 286 1212 310 et
1233 283 1267 309 ad
1287 282 1412 309 dilectam
1430 281 1484 308 Deo
1504 281 1703 309 confessionem
1722 290 1758 308 es

142 333 238 360 γησινς
254 325 325 351 κατὰ
347 325 375 351 δὲ
401 324 450 360 τὴν
475 325 605 360 ίστορίαν,
625 326 712 352 ἔοικεν
727 328 741 353 ὁ
755 327 836 353 Δαυῒδ
863 327 930 362 πρὸς

141 371 203 403 τοὺς
226 371 273 398 ἐπὶ
296 372 353 402 τοῖς
372 371 535 405 πειρασμοῖς
555 371 602 398 καὶ
617 373 676 403 ταῖς
689 373 863 407 περιστάσεσι
881 382 930 400 τα-

144 415 335 451 ραττομένους,
353 416 399 443 καὶ
413 416 637 452 (θορυϐουμένους,
655 418 701 444 καὶ
721 419 810 446 πάντα
831 419 930 454 μᾶλλον

140 461 310 496 πράττοντας
328 461 344 496 ἢ
360 462 410 488 ἐπὶ
434 462 478 488 τὸν
498 462 563 489 Θεὸν
589 463 826 498 καταφεύγοντας,
843 466 929 493 ταῦτα

139 509 239 543 λέγειν.
258 509 291 535 Τί
306 509 359 544 γὰρ
379 509 432 545 χρὴ
448 510 588 545 ταράττειν
607 510 653 538 καὶ
668 511 856 546 ταράττεσθαι,
879 521 930 548 φη-

140 555 192 585 σὶν,
212 555 240 580 ἐν
264 556 322 586 τοῖς
342 556 545 590 περιστατικοῖς
567 557 690 592 καιροῖς;
705 557 736 582 Τί
756 557 784 583 δὲ
806 557 858 593 χρὴ
877 567 928 594 μα-

138 599 261 634 ταιότητι
284 599 398 631 ἑαυτοὺς
423 600 569 632 ἐκδιδόναι,
586 598 609 627 ὧ
626 601 801 637 βαρυκάρδιοι
816 603 926 638 ἄνδρες

137 644 172 669 Τί
188 644 216 670 δὲ
237 644 267 670 τὸ
279 644 377 678 ψεῦδος
397 645 529 680 μετιέναι,
546 646 576 672 τὺ
599 646 698 682 ἀληθὲς
715 647 926 681 καταλιπόντας;

145 689 226 715 Ἀλλὰ
242 689 296 726 γὰρ
313 689 438 716 ἐντεῦθεν
461 691 601 725 μαθόντες,
618 692 659 718 ὅτι
680 692 745 724 Θεὸς
765 693 812 720 καὶ
826 693 929 728 Κύριός

138 736 213 762 ἐστιν
228 737 243 762 ό
258 736 312 762 τῶν
328 736 395 762 ὅλων
407 735 503 772 ἔφορος
522 737 569 764 καὶ
587 740 748 776 προνοητὴς,
764 740 778 766 6
793 739 927 775 μηδέποτε

138 781 311 807 καταλείπων
328 781 417 808 πάντα
437 782 509 808 ὅσιον
527 781 625 814 αὑτοῦ,
644 783 702 809 ἀλλ’
716 783 760 809 ἀεὶ
784 783 927 818 θαυμαστὰ

138 827 183 854 ἐπ’
196 827 270 862 αὐτῷ
283 827 401 858 δεικνὺς,
424 827 587 859 σπουδάζετε
604 828 650 854 καὶ
669 827 746 854 αὐτοὶ
764 828 832 855 ὅσιοι
851 829 927 863 γενέ-

139 873 214 904 σθαι,
232 871 261 900 εὖ
285 873 332 899 καὶ
354 873 475 908 ἀκριϐῶς
496 873 605 904 εἰδότες,
619 873 660 900 ὅτι
674 874 720 900 καὶ
740 873 816 909 ὑμῶν
832 873 927 910 ὥσπερ

137 917 186 946 οὖν
201 920 249 946 καὶ
273 919 340 954 ἐμοῦ
362 919 444 946 αὐτοῦ
473 919 574 954 Κύριος
603 919 810 950 είσακούσεται,
837 921 865 946 ὲν
887 920 926 955 τῷ

138 964 303 1000 κεκραγέναι
321 964 389 1000 πρὸς
402 964 491 990 αὐτόν.
511 964 726 997 Ἐπακούσαντος
742 965 770 992 δὲ
787 965 862 1000 ὑμῶν
878 965 924 992 τοῦ

138 1010 243 1045 Κυρίου
258 1030 265 1042 ,
294 1009 372 1036 οὐδὲν
391 1010 431 1036 δεῖ
456 1009 547 1036 λοιπὸν
579 1011 730 1046 μεριμνᾷν,
762 1010 871 1045 ἔχοντας
895 1011 925 1038 τὸ

138 1056 258 1090 ἀσφαλὲς
272 1055 326 1082 ἀπὺ
343 1056 393 1091 τῆς
412 1057 476 1091 παρ’
493 1056 575 1082 αὑτοῦ
598 1056 731 1092 βοηθείας.
749 1056 817 1090 Δόξα
833 1065 863 1083 τε
877 1057 924 1084 τοῦ

139 1100 212 1127 θείου
227 1100 307 1134 λόγου
332 1097 387 1127 εἷεν
400 1100 432 1127 ἂν
449 1101 474 1127 οἱ
488 1101 541 1127 υἱοὶ
554 1101 608 1127 τῶν
624 1101 774 1137 ἀνθρώπων
790 1101 859 1128 κατὰ
879 1101 924 1128 τὸν

145 1144 260 1172 Ἀκύλαν
275 1145 322 1172 καὶ
333 1145 477 1180 Σύμμαχον
492 1146 540 1181 (1)⁸
553 1147 567 1172 ὁ
585 1146 633 1181 μὲν
644 1148 696 1182 γάρ
715 1147 836 1178 Ἀκύλας.
849 1147 924 1180 vi)“;

138 1191 222 1222 πότε,
235 1194 261 1219 οι
274 1191 394 1223 ἔνδοξοι
403 1199 480 1225 μου;
494 1192 508 1217 ὁ
518 1191 546 1218 δὲ
560 1191 714 1227 Σύμμαχος·
728 1193 803 1225 Ἕως
815 1193 923 1227 noted,

138 1236 214 1268 δόξα
223 1245 282 1271 μου
291 1244 301 1268 ;
317 1235 361 1262 διὰ
377 1235 426 1271 τὴν
443 1237 471 1262 ἐν
488 1236 580 1268 αὐτοῖς
597 1237 692 1273 νοερὰν
707 1236 795 1273 ψυχὴν
818 1237 864 1264 καὶ
880 1237 924 1271 λο-

138 1282 222 1317 γικὴν
238 1281 286 1317 τὴν
310 1283 370 1309 κατ’
385 1283 475 1310 εἰκόνα
497 1283 543 1310 τοῦ
562 1282 628 1310 Θεοῦ
651 1283 845 1319 πεποιημένην.
870 1283 924 1315 Οὓς

139 1328 187 1354 ἐπὶ
202 1327 232 1354 τὸ
245 1329 335 1363 χεῖρον
349 1329 461 1360 ἑαυτοὺς
474 1329 682 1364 διαστρέφοντας
696 1330 710 1356 ὁ
730 1329 807 1364 λόγος
820 1330 924 1356 ἐπονει-

138 1373 442 1408 δίζει,βαρυχαρδίους
453 1374 552 1405 καλῶν,
561 1373 607 1401 καὶ
615 1374 663 1400 ἀνο
667 1376 764 1409 ρώπων
773 1374 856 1406 υἱούς⁸
866 1374 923 1401 δέον

139 1417 208 1446 εἶναι
221 1420 295 1451 υἱοὺς
311 1418 390 1452 Θεοῦ,
407 1419 477 1446 κατὰ
488 1420 518 1446 τό
528 1428 534 1434 ”
553 1419 626 1455 Ἐγὼ
640 1418 741 1447 εἷπον·
761 1420 827 1447 Θεοί
841 1420 921 1452 ἐστε,

138 1463 187 1490 καὶ
205 1463 264 1490 υἱοὶ
284 1464 426 1498 Ὑψίστου
440 1463 559 1497 πάντες.

174 1508 229 1534 Καὶ
243 1507 345 1543 γνῶτε,
361 1507 405 1535 ὅτι
423 1508 634 1543 ἐθαυμάστωσε
644 1509 752 1543 Κύριος
767 1509 820 1536 τὸν
837 1509 923 1536 ὅσιον

137 1552 240 1580 αὑτοῦ.
259 1553 288 1580 '0
303 1554 445 1589 προφήτης
460 1554 522 1589 περὶ
538 1553 654 1590 Χριστοῦ
669 1553 786 1581 διδάσκει
799 1555 883 1590 ἡμᾶς,
894 1555 924 1586 ὃς

137 1598 210 1623 ἐστιν
238 1597 341 1634 ἀληθὴς
361 1598 448 1630 ὅσιος,
469 1598 541 1625 κατὰ
567 1598 596 1625 τὺ
624 1599 768 1635 εἰρημένον
793 1599 821 1626 ἐν
838 1599 876 1635 τῷ
894 1602 923 1626 ιε’

137 1643 238 1679 ψαλμῷ
248 1651 254 1658 ·
271 1644 318 1670 καὶ
337 1645 360 1670 οἱ
381 1644 523 1670 ἀπόστολοι
540 1644 568 1672 δὲ
581 1645 774 1681 ἐμαρτύρησαν
784 1665 791 1677 ,
808 1645 846 1677 ὡς
861 1645 925 1681 περὶ

137 1689 258 1725 Χριστοῦ
274 1691 509 1726 προφητευομένου
522 1691 645 1726 λέγοντες
664 1691 789 1728 εἰρῆσθαι
802 1691 847 1723 τὸ,
864 1692 925 1718 Οὐκ

137 1735 364 1770 ἐγκαταζείψεις
384 1735 441 1771 τὴν
465 1736 571 1771 ψυχήν
590 1745 650 1771 μου
668 1738 711 1770 εἰς
737 1737 832 1771 ᾅδην,
854 1736 924 1764 οὐδὲ

137 1781 244 1814 δώσεις
256 1781 309 1808 τὸν
319 1781 405 1809 ὅσιόν
421 1790 478 1809 σου
493 1782 567 1809 ἰδεῖν
576 1782 748 1817 διαφθοράν.
766 1783 881 1811 Δυνατὸν
896 1783 924 1810 δὲ

137 1827 183 1854 καὶ
201 1828 264 1863 περὶ
278 1827 378 1860 παντὸς
394 1827 466 1854 ὁσίου
482 1828 655 1855 διδάσκεσθαι
674 1829 757 1864 ἡμᾶς.
775 1829 813 1856 Οὐ
826 1829 923 1856 ταυτὸν

136 1872 164 1899 δέ
178 1874 234 1899 ἐστι
256 1872 418 1905 πιστεῦσαι,
442 1872 486 1900 ὅτι
508 1873 720 1908 ἐθαυμάστωσε
747 1875 851 1910 Κύριος
871 1875 924 1902 τὸν

137 1918 222 1944 ὅσιον
237 1918 342 1950 αὐτοῦ,
363 1919 411 1946 καὶ
426 1919 536 1953 γνῶναι,
556 1919 593 1952 ὡς
609 1920 669 1947 οὐδὲ
692 1921 790 1948 ταυτόν
815 1922 873 1947 ὲστι
889 1922 922 1956 τῇ

137 1962 248 1999 ἀληθείᾳ
266 1963 428 1995 πιστεῦσαι,
453 1965 498 1990 καὶ
522 1964 622 1999 γνῶναι
639 1965 687 2000 τὴν
705 1965 850 2001 ἀλήθειαν,
878 1966 924 1992 καὶ

139 2007 280 2033 πιστεῦσαι
296 2007 335 2042 τῷ
345 2007 404 2043 Ε)εῷ
419 2008 465 2035 καὶ
475 2008 576 2042 γνῶναι
589 2009 634 2035 τὸν
644 2009 719 2035 Θεόν.
734 2010 766 2036 Οἱ
780 2009 923 2036 ἀπόστολοι

138 2050 183 2078 οὖν
198 2054 232 2088 τῇ
247 2052 361 2088 ἀληθείᾳ
376 2053 532 2080 ἐπίστευον
551 2054 607 2081 ἀλλ’
623 2054 653 2080 οὐ
681 2062 787 2086 παντως
803 2056 847 2082 ὅτε
864 2055 922 2081 ἐπί-

139 2106 231 2124 στευον
251 2098 418 2132 ὲγνώκεισαν
434 2100 528 2135 αὑτήν.
557 2100 704 2132 Ἀπόδειξις
727 2100 756 2126 δὲ
777 2100 829 2126 τῶν
848 2102 923 2136 είρη-

140 2143 228 2177 μένων
251 2143 281 2169 τὸ
296 2143 471 2179 Εὑαγγὲλιον,
493 2144 556 2171 ἔνθα
569 2145 692 2181 εἴρηται⁵
714 2146 785 2172 Ἐὰν
802 2146 924 2180 μείνητε

138 2187 172 2213 ἐν
186 2187 224 2219 τῷ
242 2187 302 2222 ἐμῷ
318 2188 406 2223 λόγῳ,
427 2189 544 2223 ἀληθῶς
561 2190 690 2224 μαθηταί
699 2191 758 2225 μού
772 2191 857 2223 ἐστε,
875 2191 923 2218 καὶ

137 2233 290 2269 γνώσεσθε
304 2234 362 2269 τὴν
374 2235 528 2268 ἀλήθειαν,
547 2236 595 2262 καὶ
618 2237 636 2270 ἡ
656 2236 780 2269 ἀλήθεια
806 2237 920 2264 ἐλευθε-

137 2280 223 2314 ρώσει
241 2280 330 2315 ὑμᾶς.
353 2282 513 2309 Πιστεύουσι
526 2282 579 2318 γὰρ
596 2284 629 2318 τῇ
649 2283 771 2318 ἀληθείᾳ,
793 2284 868 2318 φησὶ,
891 2283 921 2310 τὸ
938 2295 959 2324 ο

138 2326 289 2360 γνώσεσθαι
315 2328 364 2364 τὴν
378 2329 520 2364 ἀλήθειαν·
537 2330 608 2356 κατὰ
628 2329 682 2366 γὰρ
706 2330 767 2361 τοὺς
782 2330 923 2365 προφήτας

139 2372 282 2399 πιστεῦσαι
300 2373 340 2399 δεῖ
360 2374 424 2409 πρὶν
447 2375 564 2401 συνιέναι
586 2376 633 2402 καὶ
658 2375 784 2411 λαλῆσαι·
805 2375 852 2402 τοῦ
874 2375 923 2411 μὲν

144 2416 251 2445 Ἡσαΐου
270 2419 408 2454 λέγοντος·
436 2421 506 2447 Ἐὰν
524 2421 567 2456 μὴ
590 2422 786 2456 πιστεύσητε,
808 2421 870 2449 οὐδ’
887 2423 922 2449 οὺ

138 2462 178 2496 μὴ
199 2463 327 2497 συνῆτε·
352 2464 399 2491 τοῦ
420 2464 448 2491 δὲ
466 2466 561 2492 ΔαυὶῗΞ·
587 2467 779 2499 Ἐπίστευσα,
791 2466 836 2493 διὸ
853 2466 921 2494 ἐλά-

138 2509 230 2542 λησα.
245 2509 304 2536 Ὀτι
318 2509 347 2535 δὲ
361 2509 392 2536 τὸ
413 2509 556 2544 γινώσκειν
571 2511 617 2537 τὸν
639 2511 704 2538 Θεὸν
719 2511 766 2538 τοῦ
787 2511 922 2538 πιστεύειν

139 2553 213 2588 αὐτῷ
228 2553 361 2590 διαφέρει,
387 2555 415 2581 ὲν
437 2557 493 2587 τοῖς
518 2556 641 2591 Ψαλμοῖς
657 2556 862 2592 ἀναγέγραπται
878 2557 922 2584 διὰ

134 2597 197 2629 τοῦ.
222 2599 397 2633 Σχολάσατε
412 2601 459 2627 καὶ
477 2600 580 2636 γνῶτε,
593 2602 638 2629 ὅτι
658 2603 715 2638 ἐγώ
729 2604 787 2638 ειμι
804 2605 820 2630 ὁ
836 2604 922 2637 Θεός·

136 2644 167 2670 οὐ
181 2645 235 2680 γὰρ
248 2647 302 2678 τοῖς
318 2646 461 2673 ἀπιστοῦσί
475 2656 539 2682 φησι
550 2656 556 2662 ·
573 2648 743 2678 Eludant“:
757 2649 806 2675 καὶ
821 2648 922 2683 γνῶτε,

135 2690 180 2716 ὅτι
194 2690 252 2725 ἐγώ
269 2693 327 2727 ειμι
345 2694 362 2719 ό
378 2693 460 2726 Θεός.
479 2693 540 2719 Ἐπὶ
555 2694 654 2728 γνῶσιν
668 2692 714 2722 οὗν
729 2695 801 2731 ἡμᾶς
815 2696 830 2722 ὁ
845 2695 924 2729 λόγος

135 2737 357 2773 προκαλούμενος
375 2738 518 2766 ὑποϐάλλει
538 2740 585 2766 καὶ
597 2739 646 2776 τὴν
659 2740 731 2773 τίνος
744 2740 843 2775 γνῶσιν
859 2742 923 2768 ἀνα-

983 328 1044 355 set?
1057 329 1134 360 Quod
1153 328 1176 356 si
1193 328 1306 355 historia
1321 330 1468 362 spectetur.
1487 327 1594 354 videtur
1609 327 1694 354 David
1713 334 1760 354 eos

981 373 1093 408 alloqui,
1111 373 1159 409 qui
1180 373 1207 400 in
1225 373 1420 400 tentationihus
1432 376 1459 399 et
1477 372 1504 398 in
1520 372 1659 400 eventibus
1677 372 1760 400 variis

980 419 1136 450 turbantur,
1159 419 1304 454 omniaque
1315 417 1404 453 potius
1420 420 1513 452 agunt,
1533 424 1614 451 quam
1629 418 1661 444 ad
1676 416 1760 444 Deum

980 464 1150 499 confugiant.
1173 464 1243 497 Quid
1269 471 1349 499 opus,
1368 463 1465 498 inquit,
1485 462 1588 490 turbari
1612 469 1643 488 ac
1658 463 1759 489 lumul-

979 510 1050 537 tuari
1070 517 1119 544 pro
1133 509 1291 537 conditione
1307 508 1477 543 temporum?
1495 507 1565 540 Quid
1579 507 1655 541 juvat
1671 514 1699 534 se
1717 514 1761 533 va-

979 556 1058 583 nitati
1072 555 1189 588 tradere,
1205 563 1222 582 o
1238 555 1313 590 gravi
1337 555 1420 582 corde
1438 554 1580 581 homines?
1593 553 1662 586 Quid
1686 562 1761 580 men-

978 600 1086 627 dacium
1109 607 1242 635 quaerere,
1259 599 1356 627 relicta
1380 598 1512 626 veritate?
1526 597 1596 630 Quin
1617 597 1707 632 potius
1726 605 1759 623 ex

978 645 1054 673 hisce
1066 644 1167 676 edocti,
1184 644 1268 672 Deum
1291 652 1323 671 ac
1338 644 1482 671 Dominum
1502 651 1563 670 esse
1581 643 1702 670 omnium
1719 643 1761 669 in-

979 695 1130 727 spectarem
1156 699 1188 718 ac
1213 691 1422 721 moderatorem.
1441 690 1488 724 qui
1510 690 1613 716 nullum
1639 696 1758 724 unquam

977 740 1136 764 sanctorum
1156 743 1268 763 suorum
1292 735 1403 768 deserit,
1429 734 1476 762 sed
1500 734 1634 762 mirabilia
1652 741 1761 768 semper

977 782 1083 809 illorum
1100 789 1183 809 causa
1198 781 1286 813 ellicit,
1301 785 1394 808 curate
1412 789 1461 809 vos
1473 781 1524 816 ipsi
1539 784 1568 807 ut
1583 781 1668 807 sancti
1686 781 1759 811 sitis.

977 826 1097 861 apprime
1108 827 1196 862 gnari,
1213 826 1357 853 Dominum
1371 825 1460 857 vobis,
1476 825 1587 860 perinde
1600 828 1682 859 atque
1693 825 1758 851 mihi

977 872 1123 907 propitium
1139 871 1207 904 fore,
1226 872 1249 899 si
1262 871 1371 906 quando
1387 870 1420 897 ad
1443 871 1531 905 ipsum
1549 870 1713 898 clamabitis.
1729 869 1758 897 Si

977 921 1067 944 autem
1084 925 1133 944 vos
1150 916 1280 943 Dominus
1303 916 1466 947 exaudierit,
1484 915 1558 942 nulla
1580 915 1696 942 ulterius
1711 922 1759 942 vo-

940 959 961 987 B
975 962 1018 989 bis
1032 959 1186 990 sollicitudo
1201 962 1292 995 fuerit,
1306 969 1369 989 cum
1383 962 1443 996 ejus
1455 962 1586 988 auxilium
1598 961 1675 989 vobis
1688 961 1759 989 scia-

976 1001 1011 1035 tis
1034 1008 1202 1036 adfuturum.
1225 1008 1317 1035 Gloria
1343 1013 1432 1036 autem
1458 1009 1542 1035 divini
1568 1009 1643 1036 verbi
1658 1008 1759 1036 fuerint

975 1053 1023 1080 ﬁlii
1039 1053 1191 1085 hominum,
1207 1053 1284 1088 juxta
1296 1054 1419 1089 Aquilam
1433 1057 1460 1081 et
1474 1053 1683 1089 Symmachum;
1695 1061 1758 1080 nam

974 1097 1072 1132 Aquila
1087 1099 1126 1126 sic
1143 1098 1242 1125 habet:
1258 1098 1405 1133 Usquequo,
1420 1098 1529 1133 gloriosi
1546 1099 1597 1125 mei
1606 1099 1618 1126 II
1633 1097 1760 1134 Symma-

975 1143 1044 1170 chus
1061 1151 1125 1171 vero
1137 1153 1143 1171 :
1159 1143 1306 1179 Usquequo,
1318 1143 1404 1178 gloria
1421 1144 1501 1171 mea?
1515 1142 1639 1171 videlicet
1650 1147 1759 1178 propter

975 1187 1093 1214 animam
1116 1187 1284 1223 intelligendi
1301 1188 1326 1214 vi
1344 1187 1484 1222 praeditam
1508 1192 1535 1216 et
1558 1188 1757 1219 rationabilem,

975 1233 1008 1261 ad
1033 1233 1180 1269 imaginem
1208 1233 1254 1262 Dei
1279 1233 1388 1261 iactam.
1413 1233 1519 1267 Quibus
1542 1234 1587 1261 hic
1614 1235 1760 1269 exprobrat

973 1277 1127 1309 Psalmista.
1145 1286 1256 1314 eosque,
1282 1282 1375 1312 utpote
1392 1279 1425 1306 ad
1453 1279 1544 1313 pejora
1562 1286 1668 1310 versos,
1684 1279 1758 1313 grai-1'

974 1324 1052 1352 corde
1071 1324 1204 1357 homines,
1227 1332 1258 1352 ac
1281 1324 1349 1352 ﬁlios
1367 1324 1508 1352 hominum
1525 1329 1621 1358 vocat;
1642 1333 1710 1359 quos
1727 1325 1756 1352 li-

972 1369 1024 1397 lios
1048 1377 1109 1397 esse
1132 1369 1177 1397 Dei
1198 1371 1372 1404 oportuisset,
1392 1371 1470 1406 juxta
1495 1370 1560 1398 illud
1578 1379 1584 1397 :
1600 1369 1655 1406 Ego
1676 1370 1757 1396 dixi:

973 1415 1019 1442 Dii
1028 1416 1100 1448 estis,
1113 1421 1137 1443 et
1147 1416 1198 1450 ﬁlii
1209 1415 1313 1444 Ezcelsi
1328 1425 1416 1444 omnes
1427 1416 1460 1444 “.

1009 1503 1092 1531 Vens.
1109 1503 1135 1531 4.
1158 1503 1191 1530 Et
1213 1504 1306 1530 scitote
1326 1504 1450 1539 quoniam
1466 1502 1757 1538 miriﬁcavitbominus

974 1553 1096 1577 sanctum
1106 1557 1194 1577 suum.
1217 1551 1253 1576 De
1266 1549 1376 1576 Christo
1398 1556 1449 1577 nos
1463 1548 1598 1584 Propheta
1619 1548 1756 1579 admonet.

975 1593 1021 1630 qui
1045 1601 1125 1621 verus
1144 1597 1255 1621 sanctus
1278 1597 1332 1624 est,
1357 1597 1387 1619 ut
1407 1593 1433 1620 in
1453 1593 1558 1628 psalmo
1575 1601 1608 1620 xv
1630 1593 1757 1625 habetur,

975 1647 1055 1675 quem
1072 1639 1161 1667 locum
1185 1639 1367 1667 testificantur
1392 1639 1507 1674 apostoli
1523 1638 1556 1666 de
1567 1639 1678 1666 Christo
1695 1647 1758 1674 pro-

974 1687 1082 1722 phetico
1106 1686 1323 1720 intelligendum,
1344 1686 1494 1714 videlicet:
1511 1686 1573 1713 Non
1593 1686 1757 1722 derelinquas

976 1733 1091 1759 animum
1109 1740 1194 1758 ineant
1210 1732 1236 1758 in
1261 1731 1376 1766 inferno,
1398 1740 1444 1759 nec
1460 1731 1535 1759 dabis
1551 1738 1669 1759 sanctum
1683 1737 1756 1759 tuum

974 1778 1059 1806 videre
1073 1778 1263 1812 corruptionem
1272 1778 1305 1806 ⁵⁸,
1319 1777 1390 1806 Fieri
1405 1782 1495 1805 tamen
1507 1782 1595 1813 potest
1605 1783 1633 1806 ut
1647 1778 1681 1806 de
1695 1786 1758 1806 san~

974 1829 1018 1851 cto
1032 1824 1153 1859 quolibet
1172 1824 1217 1851 hic
1239 1823 1395 1851 doceamur.
1418 1824 1510 1860 Neque
1533 1828 1622 1852 tamen
1638 1825 1756 1859 idipsum

974 1875 1016 1898 est
1037 1871 1159 1903 credere,
1174 1871 1298 1905 quoniam
1318 1871 1469 1905 miriﬁcavit
1485 1871 1615 1898 Dominus
1636 1876 1756 1898 sanctum

974 1925 1062 1948 suum,
1088 1924 1120 1944 ac
1136 1924 1299 1952 cognoscere
1327 1924 1381 1943 non
1396 1917 1466 1944 idem
1491 1924 1552 1945 esse
1576 1917 1686 1944 credere
1712 1925 1758 1944 ve-

973 1962 1058 1996 ritati,
1073 1966 1100 1990 et
1113 1971 1195 1990 nosse
1207 1963 1365 1996 veritatem;
1379 1967 1406 1991 et
1423 1963 1533 1991 credere
1548 1963 1613 1997 Deo,
1630 1972 1662 1991 ac
1676 1971 1757 1991 nosse

973 2000 1068 2037 Deum.
1085 2009 1206 2044 Apostoli
1224 2013 1299 2037 certe
1319 2009 1427 2037 veritati
1449 2009 1612 2043 credebant;
1627 2010 1675 2038 sed
1690 2010 1755 2038 dum

974 2055 1126 2087 crederent,
1141 2063 1194 2082 non
1212 2063 1324 2091 prorsus
1338 2055 1491 2085 noscebant
1503 2055 1588 2083 illam.
1604 2055 1669 2089 Quae
1686 2055 1755 2083 dici-

974 2109 1035 2129 mus
1049 2101 1134 2136 probe
1144 2105 1392 2128 commonstrantur
1408 2109 1442 2129 ex
1458 2101 1510 2128 hoc
1521 2100 1660 2136 Evangelii
1676 2101 1736 2128 loco
1749 2111 1756 2128 :

974 2146 1004 2174 Si
1019 2147 1170 2174 manseritis
1183 2147 1209 2174 in
1221 2155 1338 2174 sermone
1350 2155 1416 2179 meo,
1436 2155 1491 2174 vere
1501 2147 1625 2181 discipuli
1640 2147 1691 2174 mei
1705 2148 1758 2174 cri—

975 2193 1019 2224 tis,
1030 2197 1054 2220 et
1065 2193 1223 2228 cognoscetis
1236 2193 1382 2223 veritatem,
1397 2197 1421 2220 et
1434 2193 1530 2220 veritas
1542 2192 1662 2219 liberabit
1672 2201 1715 2219 vos
1723 2193 1756 2220 “.

973 2238 1094 2266 Credunt
1108 2240 1190 2272 enim,
1205 2239 1304 2274 inquit,
1323 2239 1442 2271 veritati,
1460 2244 1489 2266 ut
1502 2243 1670 2275 cognoscant
1687 2238 1758 2265 veri-

974 2287 1056 2311 tatem
1079 2292 1177 2316 :nam,
1213 2285 1363 2312 secundum
1400 2285 1565 2320 prophetas,
1592 2283 1757 2311 credendum

975 2330 1050 2365 prius
1072 2334 1114 2357 est
1131 2338 1212 2364 quam
1229 2330 1412 2365 intelligamus
1433 2334 1460 2358 et
1471 2330 1626 2365 loquamur,
1649 2329 1758 2357 dicente

975 2375 1042 2402 Isaia
1058 2385 1064 2403 :
1093 2376 1125 2404 Si
1147 2385 1199 2402 non
1222 2375 1397 2408 credideritis,
1415 2383 1494 2411 neque
1510 2375 1662 2410 intelligetis
1672 2375 1714 2408 ";
1731 2379 1758 2403 et

975 2419 1076 2448 Davide
1091 2430 1097 2448 :
1115 2419 1233 2454 Credidi,
1248 2425 1353 2455 propter
1373 2421 1442 2455 quod
1460 2420 1562 2448 locutus
1571 2427 1630 2447 sum
1638 2419 1670 2448 ⁸⁸.
1679 2419 1757 2453 Quod

975 2470 1064 2493 autem
1080 2466 1227 2493 discrimen
1243 2466 1279 2494 sit
1296 2466 1366 2494 inter
1379 2465 1464 2494 Deum
1485 2472 1566 2493 nosse
1581 2469 1608 2492 et
1628 2464 1682 2493 Deo
1698 2473 1758 2493 cre-

975 2511 1048 2543 dere,
1071 2512 1098 2538 in
1115 2511 1227 2546 psalmis
1246 2511 1410 2539 describitur
1432 2511 1475 2538 his
1491 2510 1581 2539 verbis
1595 2520 1601 2538 :
1622 2510 1720 2538 Vacate
1732 2516 1757 2538 et

974 2556 1058 2584 videte
1071 2556 1194 2591 quoniam
1211 2565 1256 2592 ego
1270 2565 1328 2584 sum
1343 2556 1411 2583 Dcus
1425 2553 1448 2570 "
1463 2566 1469 2583 :
1487 2564 1539 2584 non
1557 2556 1629 2584 enim
1646 2556 1703 2584 haec
1716 2557 1756 2584 lo-

974 2602 1067 2638 quitur
1082 2611 1136 2630 non
1153 2603 1329 2631 credentibus
1344 2612 1350 2630 :
1369 2602 1466 2629 Vacate
1486 2608 1511 2630 et
1534 2603 1615 2630 videte
1631 2604 1756 2637 quoniam

973 2656 1018 2684 ego
1032 2657 1090 2676 sum
1113 2647 1194 2676 Deus.
1225 2650 1293 2678 Cum
1320 2649 1412 2684 itaque
1435 2656 1485 2677 nos
1504 2657 1593 2677 sermo
1608 2650 1642 2677 ad
1661 2649 1756 2684 cogni-

974 2695 1075 2722 tionem
1090 2699 1194 2728 evocat,
1206 2695 1309 2723 indicat
1323 2695 1403 2722 simul
1421 2696 1500 2730 cujus
1518 2696 1555 2723 rei
1569 2696 1692 2723 notitiam
1706 2703 1757 2723 nos

974 2741 1082 2777 assequi
1096 2745 1236 2778 oporteat;
1250 2741 1375 2768 videlicet
1397 2741 1535 2769 mirabiles
1550 2740 1618 2768 ellici
1634 2744 1755 2773 sanctos.

170 2813 277 2842 “Psal.
294 2815 422 2847 Lxxxl,6.
461 2815 562 2844 "Psal.
579 2825 629 2849 xv,
649 2819 688 2845 l0.
711 2819 734 2834 "
745 2818 892 2852 Joan.vut,
907 2819 998 2852 51,52.
1019 2820 1040 2835 ⁸⁷
1061 2819 1111 2846 lsa.
1128 2827 1177 2852 vn,
1195 2819 1222 2847 9.
1238 2819 1261 2836 ⁸⁸
1275 2819 1348 2847 Psal.
1363 2826 1427 2852 cxv,
1442 2819 1483 2847 l0.
1516 2819 1538 2836 "'
1552 2818 1689 2850 PsuiJLV.
1711 2819 1755 2846 ll.

169 2917 207 2951 (t)
227 2917 257 2944 In
277 2917 411 2945 llebraico
425 2918 522 2953 legitur
533 2923 618 2951 71m,
639 2920 664 2948 id
680 2924 731 2953 est,
749 2920 833 2955 gloria
849 2929 916 2954 mea,
931 2924 961 2949 ut
976 2922 1058 2956 probe
1071 2922 1251 2957 Symmachus
1263 2923 1467 2958 interpretatur.

237 2968 373 2998 Ps't'nOL.
392 2966 448 2996 Gn.
469 2965 581 2997 XXI".
