2055 3214
278 234 329 261 1οἹ

612 232 746 261 EllSEBll
763 232 1003 262 CAESABIENS-IS
1019 234 1062 262 ΟΡ

1113 233 1201 262 PARS
1229 233 1273 262 Ill.
1294 249 1328 253 —-
1349 233 1554 262 EXEGETICA.

1859 235 1909 262 1118

265 293 343 321 "dum
360 300 523 321 arcanorum
543 293 737 328 mysteriorum
756 300 953 329 sacrarumque
968 302 1062 329 specu-

1120 294 1212 321 λαϐεῖν
1224 296 1299 330 ἡμᾶς
1312 295 1374 330 χρὴ,
1389 294 1426 327 ὦς
1435 296 1502 321 εἰσιν
1513 294 1564 321 ὑπὸ
1573 295 1640 322 Θεοῦ
1655 295 1910 330 τεθαυμαστωμένοι

276 339 410 366 lationum
434 338 609 366 mirabilibus
630 337 812 366 admoventur
827 343 926 373 :atque
951 339 1003 373 ipsi
1019 347 1067 374 per

276 385 324 413 Dei
351 385 466 421 gratiam
497 385 673 420 divinumque
699 385 898 420 inspectionem
928 385 1067 413 mirabiles

275 433 404 460 evadunt.

313 523 399 550 τεῆς.
418 523 444 550 5.
467 521 620 549 Irascimiui
632 526 656 549 et
669 521 749 548 milite
762 528 869 556 peccare
882 529 890 548 :
902 530 964 557 qua:
977 522 1066 550 dicitis

275 570 305 596 in
328 568 451 596 cordibus
472 569 575 601 vestris,
595 569 622 595 in
643 567 773 595 cubilibus
799 569 891 595 rastris
913 569 1067 603 compungi-

275 615 351 642 mini.
367 614 469 641 Suadet
489 614 535 641 iraa
552 614 682 650 impetum
701 613 839 643 cohibere,
853 613 876 640 si
897 613 1008 648 quando
1024 622 1068 640 ve-

274 660 394 688 hementi
421 660 604 687 commotione
630 659 751 691 feratur,
777 665 924 694 monetque
949 667 982 687 ne
1000 660 1065 695 quid

274 706 315 734 ira
331 707 487 742 impellente
496 710 593 741 agatur
609 715 615 733 :
631 714 719 741 neque
735 706 892 741 importune
904 707 969 733 talia
982 706 1062 733 fatur.

273 753 341 780 Nam
363 753 427 788 quia
447 752 465 780 ii
483 752 529 788 qui
546 760 561 779 a
579 751 680 779 Davide
693 752 813 785 stabant,
829 752 1005 780 rebellionem
1019 753 1066 780 lilii

274 800 302 827 in
315 804 430 833 patrem,
447 799 486 826 uti
501 807 550 834 par
565 802 633 832 erat,
649 798 759 834 indigne
774 798 904 829 ferentes,
922 799 949 825 in
965 799 1065 825 bellum

274 851 371 874 contra
397 845 561 874 Absalonem
592 845 633 872 ira
657 845 776 880 correpti
801 844 1064 880 proﬁciscebantur;

273 893 336 920 ideo
359 892 399 920 sic
420 900 468 920 eos
491 891 656 927 compellare
679 890 805 918 videtur:
821 890 876 918 Vos
899 890 1020 925 quidem,
1046 898 1066 917 ‘o

272 941 324 968 viri
356 939 577 970 commilitones,
603 937 650 973 qui
678 945 741 965 vere
767 937 878 972 gloriosi
901 937 954 964 mei
979 936 1064 966 estis.

272 990 366 1022 utpote
382 986 434 1021 ﬁlii
447 985 595 1016 hominum,
618 984 694 1019 gravi
711 986 790 1010 corde
805 982 925 1018 praediti,
942 986 969 1010 et
989 990 1065 1019 mor_-
1083 979 1103 1006 Β

271 1033 335 1060 talis
356 1033 439 1067 hujus
461 1032 523 1059 vitae
549 1030 664 1058 vanitati
687 1031 834 1063 hatrentes,
852 1030 1065 1065 ignorantesque

269 1080 374 1115 justum
389 1079 436 1106 Dei
452 1082 549 1106 contra
566 1077 665 1112 impios
678 1077 823 1112 judicium,
847 1076 998 1104 irascimini
1017 1076 1067 1103 ad-

271 1135 368 1154 versus
392 1125 506 1160 impium
535 1124 620 1152 ﬁlium
637 1133 643 1151 :
663 1130 694 1150 ac
717 1123 779 1158 jure
793 1122 902 1158 quidem
923 1121 1063 1152 commoti,

272 1171 440 1207 indigneque
456 1177 514 1197 rem
531 1169 661 1201 ferentes,
679 1169 706 1196 in
721 1169 821 1196 bellum
844 1167 1062 1203 proﬁciscimini.

271 1218 329 1252 Ego
346 1225 409 1244 vero
424 1223 472 1244 vos
491 1224 588 1244 omnes
607 1223 717 1246 moneo,
735 1215 788 1242 etsi
803 1215 900 1241 merito
925 1214 964 1241 ira
981 1214 1065 1248 perci-

271 1270 326 1296 tos,
348 1271 384 1292 ne
406 1264 467 1291 sitis
488 1262 639 1291 clementia:
654 1262 848 1297 patientiaeque
875 1261 1062 1294 immemores,

272 1317 324 1338 neu
354 1310 391 1337 ita
418 1309 615 1342 suceenseatis,
642 1313 673 1336 ut
701 1308 728 1336 in
755 1312 898 1344 peccatum
922 1307 1062 1335 labamini.

271 1357 455 1390 Quamobrem
478 1356 539 1383 dico
561 1365 567 1382 :
589 1355 758 1389 Irascimini,
779 1354 824 1382 sed
847 1355 926 1382 nolite
945 1362 1062 1389 peccare.

270 1401 386 1430 Etiamsi
404 1409 487 1437 porro
514 1405 625 1436 propter
648 1401 788 1436 improbos
810 1400 957 1428 Absalonis
979 1408 1062 1428 ausus

271 1449 375 1482 animo,
393 1449 472 1484 juxta
495 1448 634 1483 Aquilam,
661 1447 883 1478 commoremini,
907 1450 1002 1474 cavete
1021 1451 1062 1473 ta-

271 1505 345 1528 men,
362 1504 395 1524 ne
411 1496 549 1532 prioribus
565 1494 684 1530 peccatis
709 1501 810 1521 novum
827 1492 973 1528 adjiciatis,
995 1492 1018 1520 si
1034 1493 1061 1519 in

270 1542 413 1570 iracundia
434 1540 627 1576 perseveretis.
645 1538 840 1575 Deprehendes
862 1542 953 1565 autem
976 1538 1003 1564 in
1020 1537 1062 1563 hi-

270 1590 355 1617 storia
383 1589 475 1624 ipsum
499 1587 647 1615 admodum
674 1585 839 1622 praecepisse
863 1588 893 1612 ut
920 1585 976 1612 ﬁlio
999 1592 1062 1620 par-

270 1640 374 1663 cerent.

306 1723 617 1758 Vsus.6.‘7.Sdcri/icate
633 1722 795 1757 sacriﬁcium
804 1721 936 1755 justitiw,
961 1725 985 1747 et
1005 1729 1062 1754 spe-

270 1777 328 1798 rate
351 1771 379 1797 in
407 1769 530 1797 Domtno.
549 1768 662 1796 Etiamsi
682 1772 712 1795 ut
736 1768 861 1794 homines
884 1766 1013 1794 mortales
1034 1767 1062 1794 in

270 1818 365 1845 multis
405 1816 636 1852 cogitationibus,
672 1814 713 1841 ira
743 1814 878 1849 permoti,
916 1822 965 1849 per
991 1814 1062 1841 diem

270 1863 437 1898 versamini;
462 1867 492 1890 at
517 1863 545 1889 in
574 1861 710 1888 cuhilibus
736 1861 828 1896 quiete
852 1860 924 1895 apud
946 1867 996 1888 vos
1021 1861 1062 1895 ip-

270 1918 317 1938 sos
342 1913 472 1945 agentes,
497 1912 582 1944 atque
609 1908 655 1935 illa
681 1915 741 1943 quae
768 1906 796 1934 in
826 1906 870 1934 die
885 1906 1062 1941 perpetrastis

269 1956 410 1983 vobiscum
454 1958 629 1990 reputantes,
679 1951 904 1988 compungimini.
943 1951 982 1979 Ne
1015 1951 1063 1987 igi-

270 2006 314 2028 tur
334 2001 464 2030 adversus
487 2008 535 2027 eos
561 2000 608 2035 qui
633 2007 682 2027 vos
706 1998 876 2025 facinoribus
899 1997 1063 2033 aggrediun-

269 2051 324 2078 tur,
345 2054 441 2081 .neque
471 2045 604 2073 adversus
639 2046 723 2072 ﬁlium
758 2045 828 2080 patri
855 2045 984 2072 rebellem
1021 2044 1062 2071 ira

268 2091 445 2119 concitemini
464 2101 470 2118 ;
490 2099 540 2118 neu
565 2099 623 2122 vos,
647 2090 845 2118 lacessentibus
869 2090 933 2117 licet
960 2090 1060 2125 impiis,

269 2141 352 2173 atque
375 2137 410 2164 ad
437 2136 607 2164 iracundiam
636 2136 868 2171 provocantibus,
894 2137 922 2163 in
949 2141 1060 2171 peccata

269 2183 416 2215 labamini;
437 2183 492 2210 imo
517 2184 620 2218 potius,
645 2183 668 2210 si
691 2182 800 2218 quidem
827 2182 853 2209 in
879 2186 938 2210 tuto
962 2183 1061 2218 degere

269 2230 398 2266 cupiatis,
416 2229 565 2264 sacriﬁcate
576 2230 739 2263 sacriﬁcium
758 2228 886 2263 justitite,
908 2234 932 2256 et
956 2234 1061 2263 sperate

268 2277 297 2304 in
320 2274 452 2309 Domino;
475 2284 564 2312 neque
591 2277 805 2309 contui-homini,
824 2281 918 2312 utpote
939 2276 986 2311 qui
1012 2285 1060 2311 per

1118 342 1142 368 οἱ
1159 342 1237 372 ὅσιοι,
1257 341 1376 376 θαύμασι
1391 341 1591 376 προσαχθέντες
1605 342 1661 368 τῶν
1678 343 1840 378 ἀπορρήτων
1861 351 1910 377 μν-

1119 387 1237 423 στηρίων
1251 388 1298 414 καὶ
1317 387 1372 414 τῶν
1396 387 1481 422 ἁγίων
1503 388 1699 424 θεωρημάτων,
1715 389 1762 415 καὶ
1777 389 1853 415 αὐτοὶ
1878 389 1910 415 δι’

1117 434 1201 470 αὐτὴν
1212 433 1259 461 τοῦ
1272 434 1339 460 Θεοῦ
1357 434 1437 470 χάριν
1454 435 1501 460 καὶ
1512 433 1587 461 θείαν
1598 435 1748 469 ἐπισκοπὴν
1759 434 1910 469 θαυμαστοὶ

1117 480 1179 514 γενό
1183 489 1246 515 μενο
1251 489 1268 507 ι.
1500 482 1506 490 ‘
1671 479 1674 481 ’

1160 525 1320 561 Ὀργίζεσθε
1348 525 1396 552 καὶ
1416 525 1461 560 μὴ
1484 525 1683 560 ἁμαρτάνετε·
1704 525 1723 552 ἃ
1747 525 1851 560 λέγετε
1873 526 1908 552 ἐν

1117 572 1182 606 ταῖς
1198 572 1333 606 καρδίαις
1343 571 1436 606 ὑμῶν,
1447 571 1496 597 ἐπὶ
1514 571 1578 604 ταῖς
1593 572 1706 604 κοίταις
1727 572 1808 606 ὑμῶν
1817 580 1907 598 κατα-

1117 620 1236 655 νύγιητε.
1253 619 1434 654 Συμῦουλεύει
1452 619 1566 646 κωλύειν
1586 619 1617 645 τὸ
1638 619 1689 653 τῆς
1709 619 1793 654 ὀργῆς
1812 618 1908 651 πάθος,

1117 665 1144 692 εἴ
1157 674 1222 692 ποτε
1237 664 1429 699 ὰγανακτικῶς
1445 665 1622 696 ἁνακινεῐται,
1639 664 1706 700 μηδὲ
1723 665 1763 695 εἰς
1774 664 1853 700 ἔργον
1864 664 1910 690 τὸν

1117 711 1202 747 θυμὸν
1219 711 1352 737 κινεῖσθαι
1378 711 1527 747 παραινῶν.
1552 711 1608 737 Οὐκ
1632 710 1752 746 ἀκαίρως
1773 710 1801 737 δὲ
1824 710 1910 738 ταῦτά

1118 764 1216 793 φησιν·
1238 757 1295 783 ἀλλ’
1312 756 1406 792 ἐπειδὴ
1427 757 1497 783 κατὰ
1512 757 1558 783 τοῦ
1578 756 1754 791 Ἀὅεσσαλὼμ
1771 757 1910 792 ὁρμῶντες

1117 805 1155 836 εἰς
1171 804 1298 838 πόλεμον,
1314 803 1372 838 μετ’
1385 803 1471 838 ὀργῆς
1488 803 1617 839 ἐξῄεσαν,
1637 803 1674 835 ὡς
1690 804 1777 834 εἰκὸς,
1798 804 1822 829 οἱ
1841 803 1910 837 μετὰ

1116 850 1163 878 τοῦ
1180 849 1270 881 Ama,
1290 849 1509 884 ἀγανακτοῦντες
1524 848 1570 875 ἐπὶ
1593 850 1624 884 τῇ
1643 848 1690 875 τοῦ
1704 848 1763 875 υἱοῦ
1777 847 1848 874 κατὰ
1861 847 1909 874 τοῦ

1118 896 1221 933 πατρὸς
1250 895 1448 921 ἐπαναστάσει’
1471 895 1567 921 τούτου
1595 894 1674 931 χάριν
1696 895 1767 921 ἔοικε
1795 894 1911 921 τοιαῦτά

1117 949 1176 969 τινα
1190 941 1259 977 πρὸς
1274 940 1374 972 αὐτοὺς
1388 941 1491 975 λέγειν·
1517 941 1610 976 Ὑμεῖς
1626 941 1686 976 μὲν.
1698 938 1720 967 ὦ
1731 940 1826 976 ἄνδρες
1840 941 1910 976 σύμ-

1118 997 1210 1024 μαχοι.
1229 989 1252 1016 οἳ
1268 989 1300 1024 δὴ
1320 988 1367 1015 καὶ
1382 987 1502 1019 ἔνδοξοί
1530 995 1597 1022 μου,
1612 987 1649 1019 ὡς
1668 987 1726 1013 vlo)
1747 986 1910 1020 ἀνθρώπων

1114 1034 1313 1068 βαρυκάρδιοί
1338 1042 1409 1065 τινες
1426 1033 1516 1064 ὄντες,
1534 1032 1580 1059 καὶ
1606 1033 1638 1068 τῇ
1658 1032 1704 1059 τοῦ
1729 1033 1827 1068 θνητοῦ
1850 1033 1909 1068 βίον

1119 1082 1278 1116 ματαιότητι
1306 1079 1498 1116 προσέχοντες,
1513 1079 1563 1105 οὐκ
1579 1079 1680 1110 εἰδότες
1703 1079 1752 1114 τὴν
1771 1078 1817 1106 τοῦ
1840 1079 1909 1105 Θεοῦ

1116 1126 1186 1153 κατὰ
1203 1126 1258 1153 τῶν
1275 1126 1381 1153 ἀσεϐῶν
1397 1124 1604 1160 δικαιοκρισίαν,
1622 1123 1758 1159 θυμοῦσθε
1775 1125 1844 1151 κατὰ
1861 1124 1908 1151 τοῦ

1116 1172 1232 1204 ὰσεόοὖς
1253 1171 1327 1198 uio-3'
1345 1171 1393 1197 καὶ
1418 1170 1529 1201 δικαίως
1547 1169 1717 1204 κινούμενοι,
1743 1170 1790 1196 καὶ
1806 1170 1909 1204 ἀγανα-

1115 1219 1217 1250 κτικῶς
1232 1217 1413 1253 ὀργιζόμενοι,
1432 1216 1478 1243 ἐπὶ
1504 1217 1549 1242 τὸν
1575 1216 1691 1251 πόλεμον
1715 1216 1818 1252 ὁρμᾶτε
1830 1225 1836 1230 ·
1853 1215 1909 1250 ἐγὼ

1115 1265 1144 1292 δὲ
1168 1265 1224 1296 τοῖς
1242 1265 1307 1291 πᾶσι
1326 1264 1453 1299 παραινῶ
1465 1284 1472 1295 ,
1492 1263 1516 1289 εί
1537 1263 1584 1290 καὶ
1598 1263 1737 1297 εὔλογοςὴ
1754 1262 1832 1298 ὀργὴ,
1850 1263 1906 1289 ἀλλ’

1116 1311 1189 1347 ὑμᾶς
1205 1311 1235 1337 οὐ
1258 1311 1310 1347 χρὴ
1334 1311 1383 1346 τῆς
1405 1309 1507 1341 οἰκείας
1529 1308 1755 1336 ἐπιλανθάνεσθαι
1781 1308 1907 1341 ἀνεξικα-

1115 1357 1186 1389 κίας,
1200 1357 1253 1384 οὐδ’
1265 1357 1311 1383 ἐπὶ
1325 1357 1404 1383 πλέον
1420 1356 1594 1388 ἐξάπτεσθαι,
1607 1355 1644 1387 ὡς
1654 1356 1701 1382 καὶ
1713 1355 1759 1381 ἐπὶ
1770 1355 1907 1390 ἁμαρτίας

1114 1403 1269 1430 ἐκπίπτειν.
1285 1403 1330 1430 Διό
1347 1411 1435 1438 φημι·
1461 1401 1633 1436 Ὀργίζεσθε,
1653 1401 1732 1428 ἀλλὰ
1754 1401 1797 1435 μὴ
1813 1401 1906 1436 ἁμαρ-

1114 1447 1227 1474 τάνετε.
1243 1449 1274 1474 Ει
1286 1447 1315 1474 δὲ
1332 1448 1380 1474 καὶ
1395 1447 1542 1478 κλονεῖσθε,
1561 1446 1631 1473 κατὰ
1645 1446 1691 1472 τὸν
1715 1446 1839 1478 Ἀκύλαν,
1857 1446 1907 1478 τὰς

1113 1493 1201 1529 ψυχὰς
1215 1493 1259 1521 διὰ
1277 1494 1310 1521 τὰ
1325 1493 1363 1529 τῷ
1382 1492 1560 1528 Ἀὃεσσαλὼμ
1574 1492 1813 1528 προτετολμημένα
1827 1513 1834 1524 ,
1848 1492 1905 1519 ἀλλ’

1112 1539 1194 1575 ὁρᾶτε
1218 1540 1255 1576 μὴ
1271 1540 1318 1567 καὶ
1331 1539 1426 1576 ἑτέραν
1441 1539 1487 1565 ἐπὶ
1502 1540 1562 1570 ταῖς
1580 1538 1727 1574 προτέραις
1744 1538 1906 1574 προσθεῖ-ητα

1113 1587 1268 1622 ἁμαρτίαν,
1292 1588 1325 1622 τῇ
1348 1588 1416 1623 ὀργῇ
1438 1586 1624 1622 ἐπιμένοντες.
1646 1586 1744 1622 Εὗροις
1763 1586 1786 1613 δ’
1806 1586 1838 1613 ἂν
1860 1587 1907 1613 καὶ

1076 1653 1096 1681 C
1115 1635 1186 1661 κατὰ
1203 1635 1252 1670 τὴν
1264 1635 1384 1670 ἱστορίαν
1399 1634 1484 1661 πολλὰ
1505 1632 1688 1670 παραινοῦντα
1711 1633 1792 1660 αὑτὸν
1814 1633 1907 1668 φείσα-

1116 1681 1177 1708 σθαι
1192 1681 1240 1707 τοῦ
1253 1681 1357 1712 παιδός.

1151 1727 1268 1753 Socrate
1281 1727 1391 1753 θυσίαν
1401 1726 1609 1760 δικαιοσύνης,
1627 1725 1676 1752 καὶ
1693 1725 1839 1753 ἐλπίσατε
1856 1726 1906 1753 ἐπὶ

1114 1772 1234 1806 Κύριον.
1243 1773 1275 1799 Et
1287 1772 1334 1799 καὶ
1347 1772 1384 1804 ὡς
1398 1772 1536 1807 ἄνθρωποι
1554 1772 1647 1807 θνητοὶ
1662 1772 1745 1799 πολλὰ
1758 1772 1907 1800 διανοεῖσθε

1115 1819 1174 1854 μεθ’
1190 1819 1297 1855 ἡμέραν
1311 1819 1491 1855 ὀργιζόμενον
1506 1819 1562 1846 ἀλλ’
1576 1819 1621 1845 ἐπὶ
1636 1821 1696 1851 ταῖς
1712 1819 1814 1850 κοίταις
1830 1819 1907 1854 ὑμῶν

1113 1865 1155 1900 ἐφ’
1171 1865 1296 1900 ἡσυχίας,
1313 1867 1377 1900 παρ’
1392 1867 1500 1897 ἑαυτοῖς
1511 1866 1662 1901 γενόμενοι,
1677 1865 1859 1901 κατανύγητε,
1872 1864 1907 1893 τὰ

1112 1911 1145 1938 δι’
1165 1912 1273 1947 ἡμέρας
1304 1912 1368 1947 ὑμῖν
1399 1912 1582 1948 πεπραγμένα
1606 1910 1830 1947 διαλογιζόμενοι.
1860 1912 1907 1946 Μὴ

1113 1957 1188 1993 γοῦν,
1201 1958 1293 1994 φησὶν,
1308 1958 1451 1994 ὀργίζεσθε
1468 1957 1539 1985 κατὰ
1560 1958 1614 1984 τῶν
1631 1959 1671 1989 εἰς
1691 1958 1762 1993 ὑμᾶς
1780 1957 1908 1993 πλημμε-

1112 2004 1246 2037 λούντων,
1265 2005 1333 2040 μηδὲ
1352 2005 1423 2032 κατὰ
1447 2004 1494 2031 τοῦ
1521 2004 1724 2036 ἐπαναστάντος
1746 2003 1784 2039 τῷ
1804 2004 1904 2040 πατρί·

1114 2051 1183 2087 μήτε
1211 2050 1288 2077 αὐτοὶ
1314 2051 1537 2086 ἁμαρτάνοντες,
1555 2050 1607 2077 κᾶν
1634 2050 1721 2085 ἕτεροι
1744 2049 1906 2081 ἀσεϐοῦντες

1113 2095 1313 2132 προκαλοῦνται
1330 2097 1402 2132 ὑμᾶς
1429 2097 1470 2128 είς
1494 2096 1579 2132 ὀργῆς
1604 2095 1672 2132 ἔργα
1688 2096 1735 2122 καὶ
1751 2096 1791 2127 εἰς
1814 2096 1906 2132 ἁμαρ-

1112 2142 1181 2174 τίας,
1198 2142 1254 2169 ἀλλ’
1284 2142 1345 2168 ἀντὶ
1361 2142 1464 2168 τούτων
1488 2141 1604 2177 μᾶλλον,
1629 2141 1709 2176 εἴπερ
1727 2140 1852 2175 βούλεσθε
1874 2140 1906 2167 τὸ

1112 2188 1232 2223 ἀσφαλὲς
1248 2188 1330 2224 ἔχειν,
1355 2189 1467 2215 θύσατε
1483 2188 1594 2215 θυσίαν
1616 2187 1830 2220 δικαιοσύνης,
1854 2187 1905 2213 καὶ

1111 2234 1258 2261 ἐλπίσατε
1278 2234 1327 2261 ἐπὶ
1352 2235 1480 2268 Κύριον,
1511 2233 1559 2260 καὶ
1596 2233 1695 2269 μηκέτι
1721 2232 1904 2268 ταράττεσθε,

1112 2281 1297 2312 οίκειωθὲντες
1313 2281 1352 2316 τῷ
1366 2281 1461 2316 Κυρίῳ
1478 2280 1522 2306 διὰ
1541 2279 1592 2315 τῆς
1608 2278 1791 2314 δικαιοσύνης.
1815 2278 1907 2304 Ἐπεί-

267 2325 403 2360 justitiam
428 2325 456 2351 in
472 2323 519 2352 Dei
545 2323 675 2351 familiam
699 2325 810 2360 ascripti
834 2325 911 2352 estis.
929 2323 1060 2357 Quando-

1114 2335 1166 2361 περ
1185 2327 1245 2353 ἀντὶ
1274 2326 1364 2361 πάσης
1382 2325 1478 2356 θυσίας
1501 2325 1592 2360 χαίρει
1617 2323 1836 2358 δικαιοπραγίαις
1859 2323 1906 2348 καὶ

269 2373 380 2409 quidem
395 2374 440 2401 ille
455 2381 510 2409 pra:
525 2374 653 2401 erunibus
671 2374 826 2404 sacriﬁciis,
841 2374 955 2408 justitiae
970 2374 1060 2408 operi-

269 2420 323 2447 bus
336 2425 363 2447 et
378 2423 451 2448 recte
469 2419 550 2448 lactis
566 2420 735 2452 delectatur;
755 2420 842 2446 multo
858 2420 930 2446 enim
947 2424 1060 2454 praesta-

269 2467 354 2494 bilius
375 2471 417 2495 est
438 2467 476 2494 ita
495 2475 586 2504 agere,
603 2475 685 2502 quam
702 2467 785 2495 irasci
805 2473 832 2495 et
854 2468 986 2495 ultionem
1004 2476 1060 2495 me-

269 2513 367 2546 ditari;
383 2521 442 2540 eam
463 2514 499 2541 ob
515 2521 584 2546 rem,
608 2513 760 2541 rebellante
773 2513 839 2548 ﬁlio,
855 2522 887 2541 ea
915 2514 980 2541 mihi
1006 2522 1059 2541 una

270 2567 336 2587 cura
353 2559 413 2592 luit,
427 2563 456 2586 ut
471 2568 518 2594 per
530 2560 666 2595 justitiam
687 2560 771 2588 Deum
786 2561 922 2595 placarem
939 2570 945 2587 :
961 2568 1057 2596 quare,

269 2614 329 2633 cum
344 2606 491 2632 invocarem
512 2607 647 2634 exaudiuit
663 2615 703 2634 me
718 2607 788 2634 Deus
799 2607 914 2642 justitia:
929 2615 1004 2639 metu,
1020 2612 1058 2638 et,

270 2651 296 2677 in
313 2650 484 2678 tribulatione
505 2652 627 2678 dilatasti
649 2652 725 2684 mihi,
743 2651 806 2687 quia
823 2660 885 2679 cum
906 2647 1060 2680 sacriﬁcas-

270 2705 327 2725 sem
344 2697 508 2724 saerilicium
521 2698 645 2733 justitias,
663 2699 691 2726 in
707 2699 767 2734 ipso
784 2699 902 2734 speravi.

305 2741 386 2769 Multi
399 2742 491 2770 dicunt
507 2752 516 2770 :
530 2745 588 2779 quis
602 2744 721 2772 ostendet
736 2745 810 2772 nobis
827 2745 915 2773 bona?
932 2745 986 2773 Alii
999 2746 1060 2781 qui-

268 2789 330 2816 dem
356 2790 596 2825 alia,cogitautes,
614 2791 787 2827 maximeque
809 2792 854 2827 qui
878 2792 953 2827 gravi
975 2792 1059 2820 corde

268 2838 334 2862 sunt
351 2834 399 2862 ﬁlii
413 2835 566 2868 hominum,
579 2837 625 2872 qui
646 2838 793 2865 vanitatem
808 2838 869 2865 vita:
884 2837 1011 2873 diligunt,
1027 2845 1059 2865 ac

268 2881 396 2917 ignorant
409 2891 470 2918 quae
484 2891 547 2911 vere
562 2884 633 2912 bona
648 2884 713 2918 sint,
725 2888 753 2912 et
771 2892 831 2912 curn
847 2892 936 2919 neque
948 2888 1059 2919 sperent

267 2937 357 2964 neque
374 2930 488 2957 credant
501 2939 532 2958 ea
552 2939 582 2959 se
601 2931 710 2959 visuros
727 2938 858 2965 unquam,
875 2930 952 2957 aiunt
968 2939 975 2957 :
991 2930 1058 2963 Quir

268 2976 386 3004 ostendet
410 2977 483 3005 nobis
508 2978 594 3005 bona?
617 2977 711 3010 Neque
733 2977 804 3005 enim
825 2985 857 3005 ea
875 2976 977 3006 vident.
992 2976 1057 3004 auia

1111 2374 1170 2405 ταῖς
1193 2374 1253 2400 κατ’
1274 2372 1373 2409 ἀρετὴν
1392 2371 1518 2407 πράξεσι.
1541 2371 1596 2397 Καὶ
1617 2370 1695 2397 τοῦτο
1719 2369 1785 2396 πολὺ
1802 2368 1906 2404 βέλτιον

1111 2421 1240 2456 πράττειν
1261 2420 1277 2455 ἦ
1298 2419 1453 2456 ὀργίζεσθαι
1471 2420 1518 2446 καὶ
1544 2419 1658 2450 ἑαυτοὶις
1682 2417 1799 2444 ἐκδικεῖν
1818 2424 1904 2441 σπου-

1110 2467 1219 2500 δάζειν.·
1237 2466 1282 2493 Διὸ
1305 2467 1338 2502 δὴ
1352 2467 1398 2494 καὶ
1421 2466 1512 2498 αὐτὸς,
1537 2464 1740 2495 ἐπαναστάντος
1756 2463 1803 2489 τοῦ
1830 2462 1903 2493 υἱοῦ,

1112 2514 1176 2549 περὶ
1203 2514 1283 2540 τοῦτο
1307 2513 1386 2549 μόνον
1414 2512 1568 2540 ἐσπούδασα
1595 2512 1640 2539 διὰ
1663 2510 1836 2545 δικαιοσύνης
1858 2509 1906 2536 τὸν

1111 2561 1176 2587 Θεὸν
1199 2560 1386 2595 ἱλασκόμενος·
1413 2559 1484 2592 ὅθεν,
1505 2559 1556 2586 Ἐν
1575 2558 1615 2591 τῷ
1635 2556 1844 2584 ἐπικαλεῖσθαί
1865 2565 1905 2590 με

1110 2606 1276 2639 εἰσήκουσέ
1289 2616 1348 2641 μου
1360 2608 1376 2633 ὀ
1392 2605 1464 2638 Θεὸς
1485 2604 1538 2639 τῆς
1560 2604 1755 2637 δικαιοσύνης
1766 2611 1835 2638 μου,
1845 2604 1904 2635 καὶ,

1110 2654 1145 2680 ἐν
1162 2653 1264 2687 θλίψει
1283 2651 1456 2684 ἐπλάτυνάς
1476 2659 1543 2686 μοι’
1570 2649 1682 2686 ἐπειδὴ,
1699 2649 1782 2680 θύσας
1807 2648 1902 2674 θυσίαν

1110 2699 1294 2734 δικαιοσύνης,
1309 2699 1352 2725 ἐπ’
1371 2698 1452 2725 αὐτὸν
1468 2698 1581 2734 ἤλπισα.

1145 2745 1417 2779 Πολλοὶλέγουσιν·
1438 2745 1484 2777 Τίς
1501 2743 1590 2776 δείξει
1601 2742 1674 2777 ἡμῖν
1685 2741 1798 2777 ἁγαθά;
1809 2740 1902 2767 "amt

1112 2791 1262 2827 μὲν,φησὶν
1273 2811 1279 2823 ,
1294 2791 1381 2822 ἄλλως
1391 2789 1575 2825 διανοούμενοι
1587 2809 1594 2818 .
1612 2789 1657 2815 καὶ
1676 2787 1792 2824 μάλιστα
1808 2788 1832 2813 0i.
1851 2786 1900 2821 βα-

1112 2837 1250 2873 ρυκάρδιοι
1267 2838 1320 2864 υἱοὶ
1332 2837 1386 2863 τῶν
1407 2835 1558 2872 ἀνθρώπων
1571 2856 1577 2866 ,
1594 2835 1619 2861 οἱ
1639 2835 1688 2870 τὴν
1705 2834 1751 2861 τοῦ
1775 2833 1832 2868 βίου
1850 2841 1902 2867 μα-

1109 2884 1240 2918 ταιότητα
1259 2883 1430 2917 ἀγαπῶντες.
1448 2882 1498 2908 οὑκ
1520 2881 1620 2912 ειδότες
1635 2881 1657 2907 τ’
1673 2879 1780 2915 ἀληθῶς
1797 2877 1901 2912 ἀγαθὰ,

1109 2928 1169 2955 οὐδὲ
1186 2928 1357 2961 ἐλπίζοντες,
1383 2927 1443 2954 οὐδὲ
1470 2927 1643 2958 πιστεύοντες
1660 2925 1745 2952 ταῦτα
1766 2923 1876 2958 amem
1891 2942 1901 2954 ,

1110 2975 1191 3003 φασί*
1210 2975 1257 3007 Τίς
1271 2974 1361 3007 δείξει
1376 2973 1446 3007 ὑμῖν
1461 2973 1498 3000 τὰ
1511 2971 1625 3006 draod;
1638 2971 1674 2998 (ὶὺ
1685 2971 1739 3006 γὰο
1751 2969 1901 2996 συνοοῷσιν
