2055 3214
199 258 249 283 illi)

757 255 1012 282 LUMMLNTARIA
1031 254 1061 280 IN
1083 253 1249 280 PSALMOS.
1319 252 1345 287 Δ,

1765 256 1815 281 illi

195 312 274 343 αὐτὰ,
286 311 324 346 τῷ
342 312 377 347 μή
395 311 611 346 καταυγάξεσθαι
628 311 665 346 τῷ
684 312 753 346 φωτὶ
772 313 817 338 τοῦ
836 311 974 348 προσώπω

1035 311 1127 337 vultus
1137 311 1174 337 tui
1188 311 1291 337 lumine
1303 318 1357 337 non
1373 311 1545 340 illustrantur
1559 321 1564 338 :
1577 310 1752 346 quamobrem
1765 312 1816 338 rati

196 366 259 385 σου·
280 358 320 383 διὺ
334 358 366 392 δὴ
383 357 450 392 μόνα
465 358 498 384 τὰ
521 357 609 392 γεώδη
629 358 674 384 καὶ
696 358 803 394 φθαρτά
824 357 985 393 ὑπολαμϐά-

194 412 286 434 νοντες
299 401 367 429 εἶναι
378 403 478 437 ἀγαθὰ,
492 404 556 439 περὶ
569 403 655 429 ταῦτα
673 403 849 438 ἀσχολοῦνται
860 404 906 429 καὶ
920 403 985 430 ταῦ-

194 457 228 475 τα
243 449 462 484 μεταδιώκουσιν.
480 449 510 476 Et
527 449 554 475 δέ
572 457 614 480 τις
628 449 719 480 αὐτοῖς
733 449 796 485 περὶ
814 449 868 476 τῶν
881 448 984 476 θειοτέ-

195 504 250 530 ρων
263 495 309 521 καὶ
322 495 491 530 ἐπουρανίων
506 494 590 529 λέγοι,
602 496 707 531 ἐρωτᾷν
720 495 846 522 εἰώθασιν
856 504 862 510 ·
878 496 931 522 Καὶ
942 495 986 526 τίς

195 539 250 575 ἆρά
266 542 340 567 ἐστιν
366 542 380 567 ὁ
403 541 496 574 δείξων
519 542 585 576 ἡμῖν
606 542 707 574 mota;
730 542 799 568 Ἀλλ’
815 543 913 568 ἐκεῖνοι
934 542 984 576 μὲν

193 587 308 613 τοιοῦτοί
322 596 402 618 τινες.
418 588 513 623 Ἡμεῖς
523 587 551 614 δὲ
563 588 627 623 παρ’
638 585 677 620 οἷς
693 587 857 622 ὲσημειώθη
874 586 905 613 τὸ
921 587 984 621 φῶς

194 631 247 657 τοῦ
261 630 422 665 προσώπου
436 638 506 663 σου,
518 629 542 658 ὦ
555 633 653 666 Κύριε,
669 632 716 658 καὶ
732 631 777 658 τὸν
799 630 919 663 δείξοντα
935 631 984 658 καὶ

194 677 241 703 τὸν
267 678 388 705 δώσοντα
411 678 477 714 ἡμῖν
499 678 568 705 αὐτὰ
593 677 763 714 ἐπιστάμεθα
787 677 839 704 ὑπὸ
865 677 911 704 τοῦ
935 686 982 703 σου

193 723 283 757 φωτὸς
305 725 344 755 εἰς
363 724 412 759 τὴν
427 725 527 758 γνῶσιν
543 725 632 751 αὐτῶν
652 724 826 760 ἐληλυθότες·
850 724 983 758 Ἕδωκας

194 770 389 803 εὐφροσύνην
404 771 447 803 εὶς
463 771 520 804 τὴν
532 771 657 804 καρδίαν
667 779 736 805 μου.

235 815 301 842 Ἀπὸ
325 817 440 849 καρποῦ
458 817 511 844 τοῦ
532 817 618 843 σίτου
637 817 687 843 καὶ
706 817 790 844 alr-0v
809 818 857 844 καὶ
877 817 982 844 ἐλαίου

192 860 292 887 αὐτῶν
306 861 550 895 ἐπληθύνθησαιε,
568 862 645 889 Ἐπεὶ
655 862 682 889 δὲ
700 863 833 898 πολλαχοῠ
847 863 900 889 τῶν
912 863 982 898 Γρα-

194 906 252 940 φῶν
269 907 297 932 ἐν
313 906 447 940 εὐλογίαις
464 908 535 939 σῖτος
550 907 597 934 καὶ
613 905 681 938 οἶνος
695 908 751 938 τοῖς
774 907 862 942 ἁγίοις
877 909 980 934 κεῖνται

191 953 221 978 ὲν
234 951 394 987 ἐπαγγελίᾳ,
409 952 446 984 ὡς
470 952 516 979 τοῦ
539 953 658 980 ἐναντίου
690 955 746 985 τοῖς
774 953 944 988 ἁμαρτωλοῖς
962 955 979 989 ἡ

1037 357 1094 384 sola
1109 361 1216 384 terrena
1232 361 1259 384 ct
1273 357 1461 392 corruptibilia
1477 357 1547 384 bona
1561 365 1631 390 esse,
1646 358 1681 384 iis
1695 358 1815 390 student,

1035 411 1066 430 ea
1090 408 1300 439 persequuntur.
1318 403 1397 436 Quod
1419 404 1443 431 si
1463 403 1526 439 quis
1544 412 1590 431 eos
1611 404 1645 432 de
1665 405 1764 432 divinis
1784 412 1816 432 ac

1035 449 1194 476 coelestibus
1221 449 1384 484 alloquetur,
1409 457 1506 485 rogare
1532 449 1617 477 solent
1636 458 1643 477 :
1661 450 1727 483 Quis
1751 458 1816 486 ergo

1034 498 1076 521 est
1090 495 1136 529 qui
1160 496 1216 522 haec
1237 495 1363 523 ostendet
1387 495 1485 523 nobis?
1500 495 1538 522 Eo
1565 495 1604 522 illi
1627 496 1706 523 modo
1728 496 1815 523 alTecti

1035 544 1107 569 sunt.
1126 540 1182 569 Nos
1200 549 1265 569 vero
1281 541 1354 577 apud
1368 549 1438 577 quos
1452 542 1586 576 signatum
1599 546 1638 568 est
1653 542 1738 569 [unum
1759 543 1816 569 vul-

1034 591 1076 613 tus
1090 587 1140 618 tui,
1155 587 1276 619 Domine,
1294 588 1339 622 qui
1354 588 1456 615 lumine
1472 591 1520 614 tuo
1535 587 1663 614 illustrati
1681 588 1708 614 in
1720 595 1814 615 eorum

1033 633 1214 668 cognitionem
1232 633 1365 665 venimus,
1381 634 1466 669 probe
1481 633 1584 661 scimus
1599 637 1626 660 et
1644 633 1705 668 quis
1723 637 1814 661 osten-

1033 677 1080 704 dat
1094 681 1120 704 et
1136 678 1199 714 quis
1215 677 1337 705 conferat
1352 677 1397 705 illa
1415 687 1421 705 :
1441 678 1542 705 Dedisti
1562 677 1681 704 lwlitiam
1697 678 1723 704 in
1738 678 1815 705 corde

1033 732 1098 750 ηιεο.

1068 811 1150 839 Vens.
1165 811 1191 839 8.
1211 812 1231 839 A
1247 812 1334 847 fructu
1354 813 1490 848 frumenti.
1511 814 1564 840 viui
1577 819 1601 840 et
1616 814 1668 840 olei
1687 813 1729 840 sui
1745 813 1814 840 mu!-

1033 857 1145 891 tiplicatt'
1167 862 1239 884 sunt.
1263 858 1331 890 Quia
1354 858 1380 884 in
1404 859 1496 885 multis
1518 858 1722 893 Scripturarum
1748 859 1815 886 locis

1032 903 1196 930 frumentum
1218 906 1244 930 et
1263 903 1356 929 vinum
1380 903 1451 930 inter
1471 903 1668 938 promissiones
1685 911 1717 930 ac
1733 903 1816 930 bene-

1031 947 1164 975 (lictiones
1187 951 1334 983 ponuntur,
1350 952 1432 983 atque
1446 956 1478 976 ex
1496 948 1610 976 adverso
1625 949 1815 982 peccatoribus

191 997 294 1023 τούτων
308 997 447 1032 στέρησις·
462 997 535 1030 ἄξιον
550 998 702 1033 ἀποστῆσαι
714 998 763 1033 τῆς
777 998 847 1025 κατὰ
860 999 890 1024 τὺ
900 999 974 1034 ρητὸι

1032 993 1189 1020 eorumdem
1205 993 1321 1028 privatio
1332 993 1518 1026 denuntiatur;
1528 994 1584 1028 jam
1596 1001 1684 1029 operae
1697 995 1813 1029 pretium

190 1042 268 1076 ψιλὸν
287 1042 457 1078 ὑπολήψεως,
476 1042 540 1075 τούς
552 1052 581 1069 τε
601 1044 808 1080 ἀκεραιοτέρους
826 1043 879 1070 τῶν
899 1052 979 1070 πεπι-

190 1089 354 1119 στευκότων,
371 1089 492 1120 καὶτοὺς
514 1089 557 1116 διὰ
580 1089 629 1124 τὴν
657 1089 805 1125 μικρότητα
819 1089 869 1124 τῆς
894 1090 979 1124 ἑπαγ-

191 1134 283 1168 γελίας
297 1134 382 1169 ἑτέρῳ
396 1133 454 1169 Θεῷ
470 1133 699 1170 ἀναπλαττομένῳ
718 1135 763 1161 ὑπ’
777 1135 866 1161 αὐτῶν
885 1135 978 1170 βουλο-

191 1180 291 1214 μένους
309 1181 487 1215 προσκυνείνο
515 1180 562 1206 καὶ
587 1179 776 1215 φιλοτιμητέον
799 1181 830 1207 τὸ
858 1181 979 1208 ποικίλον

190 1226 243 1251 τῶν
262 1225 426 1260 σωματικῶν
442 1226 593 1261 βρωμάτων
612 1226 759 1260 ἀναγαγεῖν
773 1227 819 1253 ἐπὶ
830 1227 925 1260 ταῦτα,
941 1225 978 1254 ὧν

191 1271 435 1306 μεταλαμϐάνουσα
451 1273 510 1299 κατ’
533 1272 611 1304 ἀξίαν
628 1272 728 1308 ἑκάστη
748 1273 820 1308 ψυχὴ
837 1273 978 1308 ἁγιάζεται

190 1326 219 1342 τε
237 1317 283 1343 καὶ
295 1317 402 1344 εύεκτεῖ
417 1318 464 1344 καὶ
479 1319 687 1353 ίσχυροποιεῖται
707 1319 776 1354 πρὸς
791 1320 821 1346 τὸ
849 1319 977 1348 δύνασθαι

189 1360 222 1386 τὰ
243 1361 421 1388 ἐπιϐάλλοντα
437 1362 504 1397 αὐτῇ
530 1362 598 1398 ἔργα
622 1364 764 1391 ἐπιτελεῖν·
777 1364 847 1399 Ἐγὼ
864 1366 891 1392 δὲ
902 1364 977 1401 οἶμαι

189 1406 258 1432 αὐτὰ
271 1407 319 1433 καὶ
335 1408 376 1438 είς
387 1407 432 1434 τὸν
449 1408 579 1443 μέλλοντα
597 1409 682 1436 αἰῶνα
696 1410 852 1444 ἀνάγεσθαι.
867 1412 921 1438 Καὶ
935 1412 977 1438 ἵνα

191 1453 228 1486 μὴ
245 1453 307 1487 περὶ
331 1452 385 1479 τῶν
406 1453 571 1488 τηλικούτων
592 1455 758 1490 ἀμαρτύρως
773 1456 891 1491 δόξωμεν
910 1457 977 1483 ἁπο-

189 1497 342 1530 φαίνεσθαι,
362 1498 473 1534 ἀρκέσει
499 1500 563 1535 ἡμῖν
591 1500 695 1532 Παῦλος
722 1501 876 1534 σαφέστατα
898 1501 976 1528 τοῦτο

188 1542 320 1569 διδάσκων
344 1544 373 1570 ἐν
383 1545 415 1580 τῇ
433 1545 502 1580 πρὸς
515 1544 709 1581 Φιλιππησίους
721 1546 862 1579 Ἐπιστολῇ
873 1546 958 1578 οὕτως
967 1554 973 1562 '

187 1589 217 1615 Μ
221 1589 236 1622 ὶι
252 1586 308 1616 οὖν
323 1599 367 1623 τίς
382 1589 459 1625 ὑμᾶς
471 1591 593 1625 κρινέτω
612 1591 647 1617 ἐν
659 1591 772 1625 ,ϐρώσει
788 1591 807 1625 ἢ
826 1592 861 1618 ἐν
877 1592 973 1625 πόσει,

139 1658 142 1662 .
187 1635 207 1668 ῆ
221 1635 255 1660 ἐν
264 1635 347 1669 μέρει
363 1635 496 1670 ἐορτῆςῆ
510 1637 675 1672 νουμηνίας
687 1637 857 1665 σαϐϐάτων’
872 1637 891 1665 ιῖ
909 1638 974 1666 ἐστι

189 1681 261 1707 σκιὰ
271 1681 329 1707 τῶν
338 1682 524 1716 μελλόντων.

232 1771 278 1797 ‘Er
302 1771 402 1807 εἰρήνῃ
429 1772 478 1799 ἐπὶ
508 1773 541 1800 τὸ
571 1773 644 1800 αὐτὸ
676 1773 891 1808 κοιμηθήσομαι
924 1774 973 1802 καὶ

188 1816 331 1847 ὐπνὼσω,
351 1817 395 1844 ὅτι
412 1817 463 1850 σὺ,
483 1818 581 1852 Κύριε,
604 1818 678 1846 κατὰ
695 1819 790 1853 μόνας
809 1819 855 1846 ἐπ’
873 1820 973 1847 ἐλπίδι

188 1862 356 1896 κατῴκισάς
366 1872 413 1897 με.
430 1864 521 1890 Ἐοικε
535 1863 628 1899 δηλοῦν
641 1864 690 1899 τὴν
706 1864 809 1900 ἀϐλαῦῆ
820 1865 911 1892 ἄνεσιν
927 1865 973 1892 καὶ

186 1907 340 1934 ἀνάπαυσιν
355 1907 405 1942 τῆς
420 1908 519 1943 ψυχῆς,
536 1907 688 1943 συμφώνως
702 1909 740 1944 τῷ
749 1909 812 1944 θείῳ
827 1909 899 1945 λόγῳ
913 1911 972 1937 ὲσο-

187 1952 271 1987 μένην
294 1953 363 1987 μετὰ
384 1953 433 1985 τὰς
454 1953 522 1988 πρὸς
545 1953 580 1980 τὰ
601 1953 730 1980 κάλλιστα
754 1954 878 1990 θεωρίας.
897 1955 972 1990 Τάχα

185 1998 239 2034 γὰρ
255 1999 284 2025 ὃν
297 1999 397 2035 τρόπον
419 1999 490 2026 κατὰ
507 1999 538 2026 τὸ
560 2000 639 2035 σῶμα
656 2001 785 2035 φαγόντες
805 2001 852 2027 καὶ
866 2001 972 2032 πιόντες

186 2044 305 2074 ἀνέσεως
314 2045 428 2080 δεόμεθα
441 2045 490 2079 τῆς
501 2046 571 2072 κατά
587 2046 632 2073 τὸν
644 2047 739 2073 ὗπνον·
756 2046 840 2078 οὕτως
857 2047 887 2073 οὐ
905 2047 972 2073 πάν-

185 2097 248 2115 τοτε
266 2089 401 2125 δυναμένη
413 2090 535 2125 διαρκεῖν
550 2091 566 2126 ὴ
583 2091 655 2127 ψυχὴ
674 2093 742 2127 πρὸς
755 2092 786 2118 τὸ
805 2091 926 2127 θεωρεῖν,
943 2093 971 2118 ὲν

184 2135 274 2170 καιρῷ
288 2135 436 2168 ὲνατενίξει
450 2138 505 2168 τοῖς
526 2137 596 2163 κατὰ
618 2137 667 2172 τὴν
684 2137 783 2172 ἑαυτῆς
803 2137 915 2172 δύναμιν
932 2137 970 2172 τῷ

184 2181 328 2216 αὐτάρκει·
343 2180 401 2208 εἶτα
421 2182 597 2209 διανάπαυσιν
614 2183 753 2218 ἡγούμεθα
771 2183 913 2218 δηλοῦσθαι
926 2184 969 2210 διὰ

183 2226 232 2252 τοῦ
244 2235 251 2241 ⁸
275 2226 327 2253 Ἔν
348 2226 451 2261 εΙρήνῃ
469 2227 517 2253 ἐπὶ
538 2227 572 2254 τὸ
590 2229 663 2254 αὐτὸ
683 2228 898 2263 κοιμηθήσομαι
920 2229 969 2256 καὶ

184 2271 323 2298 ῠπνώσω.

225 2359 338 2386 Ἐκεῖνοι
360 2361 420 2396 μὲν,
437 2361 528 2397 φησιν,
545 2362 570 2387 οἱ
596 2362 689 2388 πολλοὶ
717 2363 764 2389 ac:
788 2363 819 2398 δὴ
840 2364 967 2391 πλατεῖαν

183 2404 231 2430 καὶ
246 2404 402 2440 εὐρύχωρον
419 2405 566 2438 ὁδεύοντες,
583 2406 616 2432 δι’
629 2405 662 2442 ἦς
676 2408 699 2433 οῖ
716 2407 806 2434 πολλοὶ
821 2409 966 2443 βαδίζουσι,

182 2449 232 2475 οὐκ
244 2449 351 2482 ἐλπίζον
359 2451 408 2483 τες,
429 2452 471 2483 τίς
486 2451 566 2483 δείξει
581 2452 673 2484 αὐτοῖς
691 2453 723 2479 τὰ
745 2453 814 2480 κατά
840 2453 968 2489 ἀλήθειαν

183 2495 281 2528 ἀγαθὰ,
297 2497 326 2522 ὲν
340 2496 403 2531 οἴνῳ
418 2498 464 2523 καὶ
480 2497 561 2533 ἐλαίῳ
583 2498 629 2525 καὶ
645 2499 711 2533 σίτῳ
727 2491 916 2535 πληθύνοντες,
930 2501 967 2532 ὡς

183 2540 292 2573 ἀγαθῶν
308 2542 409 2569 τούτων
425 2543 570 2570 ἀπολαύειν
583 2544 711 2578 ἡγοῦνται
722 2553 728 2559 ”
743 2545 804 2580 ἐμοὶ
824 2545 852 2572 δὲ
863 2546 901 2581 τῷ
916 2556 965 2573 κα-

182 2585 341 2622 ταξιωμένῳ
362 2587 409 2614 τοῦ
431 2589 519 2623 φωτὸς
542 2589 587 2615 τοῦ
610 2589 753 2625 προσώπου
776 2599 837 2622 σου,
862 2591 963 2626 Κύριε,

182 2629 284 2662 ἔδωκας
301 2631 468 2668 εὐφροσύνην
484 2633 612 2668 καρδίας’
625 2633 682 2660 ἀλλ’
699 2634 758 2660 οὐδὲ
776 2635 884 2670 σαρκῶν
905 2635 964 2661 οὐδὲ

181 2677 324 2711 σωμάτων,
341 2678 389 2705 καὶ
405 2679 435 2704 οὐ
448 2678 497 2714 τὴν
518 2679 547 2711 ἐξ
566 2679 636 2706 οἴνου
650 2679 696 2706 καὶ
713 2679 786 2707 σίτου
807 2681 854 2707 καὶ
875 2680 963 2707 ἐλαίου

179 2722 287 2757 σώμασι
315 2725 539 2760 χορηγουμένην,
561 2725 618 2752 ἀλλ’
635 2726 801 2761 εὐφροσύνην
824 2726 872 2762 τὴν
895 2727 964 2753 κατὰ

178 2767 309 2796 διάνοιαν.
329 2769 432 2796 Μαθὼν
455 2770 508 2805 γὰρ
526 2771 600 2807 παρὰ
621 2771 667 2797 τοῦ
693 2772 816 2806 Σωτῆρος
835 2771 882 2798 καὶ
909 2771 963 2798 τῶν

179 2813 235 2838 σῶν
254 2814 434 2848 ἐπαγγελιῶν,
448 2816 499 2848 ὅτι,
521 2817 545 2842 εἰ
562 2816 608 2843 καὶ
624 2816 658 2843 τὰ
682 2817 798 2852 μάλιστα
827 2817 896 2844 κατὰ
918 2818 963 2844 τὸν

177 2855 313 2883 ἐνεστῶτα
332 2858 388 2892 βίον
407 2858 489 2885 λύπαι
506 2868 550 2895 μοι
570 2861 615 2887 καὶ
637 2860 739 2895 θλίψεις
757 2862 802 2888 καὶ
818 2863 963 2898 πειρασμοὶ

178 2901 226 2926 καὶ
240 2903 414 2935 περιστάσεις
427 2905 457 2930 οὐ
471 2904 661 2937 διαλείπωσιν,
679 2907 734 2933 ἀλλ’
751 2907 824 2934 ἔσται
842 2916 886 2942 μοι
902 2917 960 2935 και-

213 2957 236 2972 ⁸⁰
256 2958 362 2986 Coloss.
378 2967 416 2991 ιι,
434 2961 482 2992 16,
500 2961 543 2989 Π.

1030 1041 1082 1069 est.
1097 1042 1126 1065 ut
1141 1039 1309 1066 credentium
1324 1039 1515 1074 simpliciores,
1530 1047 1636 1066 necnon
1650 1047 1697 1067 eos
1714 1040 1759 1075 qui
1779 1041 1815 1068 ob

1030 1083 1220 1118 promissionis
1246 1085 1405 1112 tenuitatem
1429 1084 1509 1112 deum
1534 1085 1633 1118 alium,
1657 1092 1737 1120 quem
1763 1086 1814 1120 ipsi

1030 1129 1081 1156 sibi
1102 1129 1359 1162 comminiscuntur,
1376 1130 1490 1157 adorare
1506 1131 1611 1162 volunt,
1628 1131 1662 1157 ab
1686 1131 1815 1166 opinione

1029 1179 1111 1210 atque
1127 1176 1263 1203 sententia
1279 1175 1447 1210 huiusmodi,
1466 1183 1498 1203 ex
1515 1176 1611 1204 litteras
1627 1177 1731 1204 vilitate
1747 1185 1814 1204 con-

1029 1225 1116 1256 cepta,
1130 1222 1312 1249 retrahamus.
1330 1221 1362 1248 Et
1377 1229 1483 1249 summo
1496 1222 1605 1257 quidem
1619 1230 1700 1257 opere
1715 1230 1815 1249 curan-

1029 1267 1104 1300 dum,
1120 1271 1150 1294 ut
1165 1268 1256 1294 varios
1271 1268 1332 1295 illos
1348 1269 1504 1302 corporales
1520 1268 1596 1296 cibos
1609 1269 1641 1295 ad
1660 1269 1728 1295 alios
1742 1269 1814 1295 refc-

1028 1320 1132 1345 ramus,
1150 1314 1228 1348 queis
1252 1321 1302 1348 pro
1326 1314 1424 1341 merito
1448 1313 1550 1341 refecta
1575 1314 1666 1344 anima
1688 1323 1813 1349 qumque,

1028 1363 1120 1386 sancta
1138 1359 1264 1390 ellicitur,
1281 1359 1349 1386 bene
1372 1359 1452 1391 valet,
1469 1360 1595 1394 viresque
1616 1360 1715 1395 accipit
1733 1360 1765 1387 ad
1782 1368 1812 1386 ea

1027 1411 1120 1438 opera.
1137 1413 1197 1439 quae
1219 1405 1261 1432 sui
1288 1405 1368 1432 nllicii
1391 1409 1455 1432 sunt
1477 1406 1661 1440 exsequenda.
1678 1406 1732 1441 Ego
1749 1413 1813 1432 vero

1027 1449 1132 1477 aestimo
1148 1450 1206 1484 ipsa
1221 1450 1301 1477 etiam
1318 1451 1350 1477 a-l
1365 1451 1486 1477 futurum
1505 1451 1633 1478 saeculum
1647 1450 1810 1478 reducenda.

1026 1495 1065 1521 Ac
1088 1502 1122 1521 ne
1144 1495 1177 1522 de
1200 1495 1284 1523 tantis
1304 1496 1386 1523 rebus
1406 1496 1547 1523 videamur
1569 1497 1628 1524 sine
1653 1497 1812 1524 testimonio

1026 1540 1187 1567 sententiam
1206 1540 1287 1572 ferre,
1309 1541 1423 1568 sulliciat
1445 1541 1523 1568 nobis
1543 1541 1657 1569 Paulum
1672 1541 1768 1569 all‘erre
1783 1542 1811 1568 in

1026 1583 1147 1619 Epistola
1174 1585 1207 1613 ad
1233 1585 1423 1622 Pliilippenses
1449 1587 1566 1622 idipsum
1594 1587 1737 1615 docentem
1767 1587 1811 1615 his

1025 1631 1116 1659 verbis
1129 1641 1134 1658 :
1151 1631 1235 1659 Nemo
1248 1641 1291 1659 vos
1301 1632 1403 1667 judicet
1416 1633 1442 1659 in
1456 1633 1523 1665 cibo,
1536 1638 1581 1660 aut
1595 1634 1621 1660 in
1635 1638 1709 1667 potu,
1722 1638 1768 1659 aut
1784 1635 1811 1659 in

1024 1680 1100 1710 parte
1127 1675 1179 1703 diei
1204 1676 1264 1711 festi
1299 1683 1343 1703 aut
1367 1678 1505 1704 neomenia
1537 1677 1723 1709 sabbatorum.
1750 1686 1809 1712 qum

1025 1726 1086 1749 sunt
1101 1722 1194 1749 umbra
1208 1722 1358 1756 [utut-oram
1370 1723 1404 1749 ⁵⁸.

1059 1767 1143 1795 Vens.
1159 1768 1186 1801 9,
1200 1768 1243 1796 10.
1267 1768 1298 1795 In
1313 1778 1376 1804 pace
1395 1770 1425 1796 in
1442 1769 1558 1804 idipsum
1580 1769 1712 1796 dormiant
1728 1773 1751 1796 et
1768 1777 1810 1795 re-

1023 1814 1175 1849 quiescam;
1195 1815 1320 1850 quoniam
1343 1820 1382 1849 tu,
1398 1815 1519 1848 Domine,
1534 1815 1704 1850 singulariter
1722 1815 1749 1841 in
1765 1823 1809 1849 spe

1023 1861 1185 1887 constituisti
1206 1869 1256 1888 me.
1278 1861 1401 1888 lndicare
1416 1861 1523 1889 videtur
1537 1861 1673 1888 innoxiam
1689 1861 1808 1895 quietem

1023 1907 1160 1942 animique
1183 1908 1383 1939 remissionem,
1401 1915 1462 1942 qua:
1483 1912 1545 1942 post
1567 1907 1809 1942 praestantissima-

1023 1961 1082 1980 rum
1097 1961 1187 1980 rerum
1201 1953 1470 1988 contemplationem,
1486 1957 1515 1980 ut
1533 1953 1626 1980 divino
1641 1953 1724 1980 verbo
1738 1961 1806 1980 con-

1022 1999 1105 2032 venit,
1122 2000 1254 2028 sumenda
1265 2004 1317 2027 est.
1332 2000 1460 2027 Fortasse
1474 1999 1545 2027 enim
1558 1999 1629 2027 sicut
1640 2004 1701 2034 post
1714 1999 1806 2026 cibum

1021 2049 1168 2081 potumque
1189 2047 1368 2080 corporalem,
1384 2046 1474 2080 quiete
1493 2045 1539 2072 illa
1561 2053 1671 2080 egemus
1685 2052 1745 2080 quae
1758 2052 1806 2080 per

1021 2098 1146 2118 somnum
1162 2091 1289 2123 sumitur,
1306 2091 1343 2118 ita
1358 2099 1420 2118 cum
1436 2098 1490 2118 non
1510 2091 1599 2119 valeat
1621 2091 1710 2118 anima
1735 2100 1806 2119 sem-

1021 2144 1068 2171 per
1090 2144 1121 2163 ac
1143 2137 1203 2163 sine
1227 2137 1430 2165 intermissione
1454 2137 1677 2172 contemplationi
1697 2144 1805 2168 vacare,

1020 2185 1095 2208 certo
1118 2176 1226 2216 quidem
1250 2186 1372 2216 tempore
1399 2181 1553 2216 spiritualia
1577 2182 1690 2216 respicit
1709 2189 1740 2208 ac
1757 2189 1806 2215 pro

1019 2227 1124 2255 viribus
1148 2228 1322 2263 speculatur;
1341 2227 1439 2255 deinde
1458 2235 1524 2255 vero
1538 2227 1683 2262 requiescit
1699 2236 1706 2254 :
1722 2234 1803 2261 quam

1018 2277 1146 2308 putamus
1159 2273 1280 2308 requiem
1296 2273 1338 2301 bis
1354 2273 1503 2309 signiﬁcari
1516 2282 1522 2300 :
1533 2272 1566 2300 In
1576 2281 1638 2307 pace
1651 2273 1678 2300 in
1691 2272 1804 2306 idipsum

1018 2317 1150 2345 dormiam
1163 2324 1187 2346 et
1203 2319 1373 2354 requiescam.

1053 2365 1094 2392 llli
1109 2369 1192 2396 certe,
1205 2366 1252 2397 ait,
1267 2365 1313 2400 qui
1330 2365 1407 2392 multi
1422 2372 1535 2392 numero
1549 2364 1710 2396 sunt,multi
1726 2372 1804 2391 nam-

1018 2419 1072 2446 que
1095 2412 1122 2438 in
1144 2412 1198 2438 lata
1218 2413 1393 2447 spatiosaque
1407 2412 1450 2438 via
1466 2411 1644 2446 gradiuntur;
1669 2418 1724 2438 non
1740 2418 1802 2445 spe-

1018 2462 1110 2485 rantes
1125 2457 1222 2485 adesse
1235 2457 1400 2492 quempiam,
1415 2458 1462 2492 qui
1474 2458 1599 2484 ostendat
1612 2457 1680 2493 ipsis
1694 2465 1726 2484 ea
1740 2465 1802 2492 qua:

1017 2503 1167 2530 secundum
1182 2503 1221 2530 rei
1234 2503 1376 2531 veritatem
1397 2503 1467 2530 bona
1489 2507 1566 2537 sunt;
1583 2503 1656 2536 vino,
1672 2504 1732 2530 oleo
1757 2507 1800 2530 at-

1016 2556 1069 2583 que
1088 2548 1224 2576 frumento
1237 2548 1378 2576 afﬂuentes
1388 2568 1396 2580 ,
1410 2549 1443 2576 iis
1458 2556 1487 2576 se
1500 2553 1628 2584 tanquam
1643 2556 1706 2576 vere
1720 2549 1800 2576 bonis

1015 2593 1069 2621 frul
1091 2594 1272 2622 arbitrantur.
1299 2595 1364 2622 Mihi
1381 2603 1463 2627 vero,
1481 2603 1561 2630 quem
1584 2595 1686 2622 lumine
1706 2595 1799 2623 vultus

1015 2640 1054 2666 tui
1070 2639 1197 2675 dignatus
1213 2648 1260 2673 es,
1280 2640 1409 2673 Domine,
1430 2641 1523 2668 cordis
1540 2641 1660 2668 lwtitiam
1676 2641 1775 2668 dedisti
1789 2650 1797 2673 ;

1014 2693 1069 2713 non
1095 2686 1168 2713 illam
1195 2694 1261 2713 sane
1283 2694 1342 2721 qua:
1361 2686 1438 2713 carni
1463 2687 1627 2722 corporique
1652 2686 1796 2721 competit,

1015 2739 1103 2766 neque
1120 2732 1194 2758 illam
1211 2739 1272 2767 quae
1287 2732 1425 2759 frumento
1435 2752 1442 2764 ,
1457 2733 1522 2760 vino
1544 2737 1582 2770 'et
1598 2733 1657 2760 oleo
1672 2731 1795 2764 all‘ertur,

1014 2777 1061 2804 sed
1088 2777 1208 2804 laetitiam
1232 2785 1293 2812 quae
1314 2781 1405 2805 mente
1426 2778 1585 2813 percipitur.
1608 2778 1674 2805 Cum
1690 2779 1761 2805 enim
1780 2785 1794 2804 ιι

1014 2822 1156 2850 Salvatore
1168 2831 1258 2858 exque
1272 2824 1415 2858 promissis
1430 2823 1484 2850 tuis
1498 2823 1654 2851 edidicerim
1664 2843 1672 2855 ,
1687 2824 1795 2850 etiamsi

1013 2869 1079 2896 mihi
1106 2869 1230 2902 dolores,
1256 2877 1400 2904 aerumnae,
1422 2871 1600 2902 lentationes,
1626 2869 1795 2896 calamitates

1013 2914 1041 2941 in
1073 2915 1198 2950 prmsenti
1223 2915 1277 2943 vita
1302 2923 1358 2944 non
1383 2915 1529 2948 deﬁciant,
1556 2915 1677 2943 futurum
1703 2920 1792 2941 tamen
