2055 3214
258 241 311 269 Ml

608 235 741 269 EUSEBll
761 241 1000 269 CASSARIENSIS
1019 241 1094 270 OPP.
1115 240 1204 268 PARS
1224 240 1266 267 Ill.
1286 255 1316 260 ——
1337 239 1539 268 EXEGETICA.

1819 239 1870 266 ΗΞ

248 303 324 332 'mihi
339 307 446 339 tempus
462 310 517 338 quo
533 310 548 330 a
564 309 677 337 corpore
702 302 848 336 decedam,
871 312 903 330 ac
924 304 952 330 in
972 310 1038 338 pace

1095 302 1138 338 ρὸς
1153 302 1167 328 6
1177 302 1227 336 τῆς
1239 301 1397 336 ἀπαλλαγῆς
1410 299 1458 327 τοῦ
1470 299 1602 333 σώματος,
1615 298 1676 325 καθ’
1687 298 1716 324 ὃν
1733 299 1761 324 ὲν
1776 298 1871 334 εἰρήνῃ

257 349 389 377 dormiam
400 369 408 381 ,
425 353 451 377 et
467 357 482 376 a
497 357 610 383 corpore
625 349 780 382 liberabor;
797 358 943 385 persuasus
959 351 1039 385 plane

257 402 318 422 sum
337 398 406 421 tunc
425 394 491 421 mihi
512 394 605 421 adfore
616 394 715 422 laetitia;
731 395 810 422 linem
824 402 855 422 ac
869 403 1040 424 consumma-

257 441 358 468 tionem
372 449 379 473 ;
396 447 458 467 cum
473 440 578 468 scilicet
592 448 635 468 me
647 447 731 476 sopor
745 441 789 468 ille
802 441 952 477 mortisque
966 450 1039 470 som-

257 494 310 514 nus
325 486 572 521 comprehenderit.
590 486 666 513 Tunc
680 486 753 514 enim
768 490 797 514 tu
815 487 889 522 ipse,
909 487 1036 520 Domine,

257 540 301 559 me
317 532 365 558 tali
381 539 428 567 spe
450 532 520 559 bona
540 532 703 560 instructum
725 533 846 568 excipies
867 537 894 560 et
913 533 940 560 in
955 534 1039 561 cmle-

258 578 347 605 stibus
359 578 548 606 mansionibus
562 579 719 607 collocabis.
733 578 852 607 Observa
863 586 945 614 porro
958 579 1038 606 etiam

259 621 310 649 hoc
327 621 387 649 loco
401 622 610 657 diapsalmatum
624 622 815 651 distinctiones
825 644 832 654 ,
847 631 907 659 quae
921 624 962 651 vel
978 631 1041 651 sen-

259 667 352 694 tentiae
366 668 544 695 mutationem
558 668 680 695 indicant
689 689 696 700 ,
710 669 752 696 vel
767 669 882 697 fortasse
896 669 1039 697 melodiam

259 718 436 744 conversam,
453 713 511 740 sive
527 712 644 748 denique
660 713 828 749 rhythmum.

294 798 420 827 Asterius
434 803 526 826 autem
539 800 651 826 arianus
665 799 736 826 hunc
751 799 884 834 psalmum
901 800 942 827 sic
956 807 1041 834 expo-

259 844 335 872 suit:
362 843 468 877 Quare.
492 844 519 870 in
540 844 618 878 ﬁnem
641 845 668 871 in
686 844 804 879 hymnis,
828 844 976 879 inscriptus
997 845 1042 872 hic

259 890 382 924 psalmus
406 890 469 918 est?
489 890 557 923 Quia
579 890 664 925 probe
685 891 784 925 ccepit,
802 897 834 917 ac
852 890 935 925 probe
959 890 1041 917 vitam

258 936 326 963 obiit
341 945 348 962 ε
364 937 404 963 vel
415 956 422 968 ,
436 936 499 971 quia
513 936 583 963 male
597 937 735 971 inceperat
747 957 754 968 ,
770 943 832 962 cum
847 935 918 963 Uria;
930 943 1041 963 uxorem

1092 349 1240 384 ποιήσομαι
1255 347 1304 383 τὴν
1318 347 1444 382 κοίμησιν
1462 347 1509 373 καὶ
1522 346 1570 381 τὴν
1587 344 1743 379 ἀπαλλαγὴν
1758 344 1804 370 τοῦ
1820 343 1872 370 σώ-

1093 402 1193 430 ματος·
1218 391 1247 420 εὖ
1266 393 1294 420 δὲ
1313 392 1432 428 ἀκριϐῶς
1446 393 1609 427 πέπεισμαι,
1624 392 1664 417 ὅτι
1681 390 1739 417 τότε
1755 398 1798 425 μοι
1817 399 1872 417 πα-

1093 440 1185 476 ρέσται
1200 439 1235 466 τὰ
1254 439 1316 475 τέλη
1329 439 1378 474 τῆς
1399 438 1575 474 εὐφροσύνης,
1592 436 1700 464 ἐπειδὰν
1716 437 1732 472 ἡ
1747 436 1873 471 κοίμησίς

1093 495 1126 522 με
1143 485 1284 522 καταλάϐῃ
1299 485 1346 512 καὶ
1370 486 1384 511 6
1408 484 1479 512 κατὰ
1496 484 1542 510 τὸν
1563 483 1675 510 θάνατον
1697 482 1786 514 ὕπνος,
1806 483 1872 509 Τότε

1091 533 1146 568 γὰρ
1162 532 1200 566 σὺ⁴
1217 531 1299 563 αὐτὸς
1317 532 1341 562 6,
1367 530 1463 566 Κύριε,
1480 529 1548 565 μετὰ
1573 530 1621 565 τῆς
1641 529 1745 563 ἀγαθῆς
1771 528 1873 564 ταύτης

1091 577 1198 609 ἐλπίδος
1212 575 1353 604 ἀναλαϐών
1370 585 1403 611 με
1418 576 1564 607 κατοικιεῖς
1581 576 1610 601 ἐν
1630 576 1689 606 ταῖς
1706 574 1874 610 ἐπουρανίοις

1093 624 1197 659 μοναῖς.
1212 623 1369 658 Σημείωσαι
1379 622 1407 648 δὲ
1421 621 1558 648 κάνταῦθα
1573 621 1621 653 τὰς
1635 621 1681 646 ἐπὶ
1696 622 1749 652 τοῖς
1764 620 1875 654 διαψάλ-

1093 678 1158 705 μασι
1177 668 1328 701 διαστολὰς,
1345 669 1402 703 ἤτοι
1422 668 1470 703 τῆς
1490 667 1608 699 διανοίας
1629 667 1776 702 ἐναλλαγὴν
1795 674 1876 701 παρι-

1091 714 1208 747 στὼσας,
1220 715 1236 750 ἢ
1248 714 1318 750 τάχα
1329 714 1478 750 μεταϐολὴν
1489 713 1534 740 τοῦ
1551 713 1645 748 μέλους
1662 712 1874 745 ὲναλλάττοντος,

1092 760 1109 795 ἢ
1126 760 1170 786 τὸν
1189 759 1237 795 ρυθ
1243 760 1301 795 μὸν.

1129 806 1165 841 (l)
1195 805 1331 841 Ἀστέριος
1354 805 1382 832 δὲ
1410 806 1424 832 6
1446 806 1570 841 ἀρειανὸς
1592 806 1677 837 οὕτως
1708 805 1751 832 τὸν
1770 804 1876 840 ψαλμὸν

1093 851 1255 888 ἐξηγήσατο*
1270 851 1319 878 Διὰ
1333 851 1369 882 τί,
1390 852 1433 884 είς
1449 851 1480 878 τὸ
1498 851 1585 884 τέλος
1602 851 1637 878 ὲν
1653 852 1767 885 ὕμνοις,
1782 851 1875 884 ἐπιγέ-

1093 906 1214 933 γραπται
1228 898 1242 924 6
1256 897 1378 932 ψαλμόςς
1402 896 1508 932 Ἐπειδὴ
1526 896 1616 928 καλῶς
1631 897 1680 931 μὲν
1698 897 1807 932 ἧρξατο,
1827 905 1877 924 κα-

1094 943 1148 974 λῶς
1157 943 1184 969 δὲ
1197 942 1242 969 τὸν
1258 942 1313 977 βίον
1327 942 1433 968 ἐτέλεσε
1442 950 1448 956 ’
1461 942 1477 977 ἥ
1492 942 1584 977 ἐπειδὴ
1598 942 1688 974 κακῶς
1703 943 1750 977 μὲν
1764 941 1875 977 ἡρξατο,

259 981 414 1009 abluentem
436 989 465 1010 se
486 982 677 1017 conspicatus.
703 982 756 1016 ipsi
780 987 905 1016 stuprum
931 981 1042 1014 intulit;

1095 988 1235 1024 θεωρήσας
1252 987 1301 1023 τὴν
1322 987 1368 1013 τοῦ
1393 987 1492 1023 Οὐρίου
1518 988 1634 1021 γυναῖκα
1655 987 1800 1022 λουομένην
1828 986 1876 1013 καὶ

258 1027 328 1056 bene
343 1033 433 1056 autem
447 1036 479 1055 se
494 1029 579 1064 gessit
593 1028 665 1063 quod
683 1033 792 1063 peracta
812 1028 971 1063 poenitentia
987 1029 1041 1055 vita

258 1073 369 1101 functus
385 1073 431 1101 sit.
448 1073 581 1108 Ideoque,
598 1074 626 1100 in
640 1074 799 1108 principium
816 1074 843 1100 in
854 1074 1003 1108 vituperiis,
1016 1074 1043 1100 in

260 1120 338 1154 finem
357 1120 384 1146 in
403 1120 506 1154 hymnis
526 1120 642 1147 dicatur.
661 1119 787 1147 Psalmus
805 1119 899 1148 Davidi
914 1140 921 1151 ,
940 1119 967 1146 id
983 1123 1041 1151 est,

259 1166 427 1201 pmnitentite
453 1173 553 1201 opera,
577 1166 639 1201 quia
665 1166 710 1192 ubi
734 1165 877 1193 abundauit
900 1166 1042 1198 delictum,

260 1211 489 1245 superabundavit
507 1211 616 1246 justitia
638 1213 672 1240 ".
697 1211 879 1245 Quamobrem
902 1213 961 1240 ait:
977 1212 1044 1249 Cum

260 1255 408 1283 invocarem
421 1257 553 1283 exaudiuit
567 1265 606 1283 me
619 1257 687 1284 Deus
695 1257 809 1292 justitite
822 1266 896 1289 mea,
909 1257 1043 1292 justitiam

255 1308 340 1328 suam
354 1301 440 1329 David
456 1303 642 1337 pcenitentiam
661 1308 751 1331 vocat.
769 1302 843 1330 Vidit
862 1303 933 1331 Deus
948 1311 1045 1331 emun-

260 1345 351 1373 datam
376 1347 512 1379 animam,
535 1348 699 1383 admisitque
717 1349 878 1377 orationem.
901 1349 965 1377 Sive
989 1349 1045 1376 for-

255 1396 334 1419 ttasse
349 1393 413 1428 quia
428 1393 456 1420 in
477 1393 636 1428 praecedenti
662 1395 776 1429 psalmo,
804 1402 865 1422 cum
893 1395 929 1422 ab
954 1395 1043 1422 Absa—

260 1438 324 1466 ione
348 1439 420 1466 bello
446 1439 586 1475 impetitus
612 1441 734 1475 lugeret,
752 1441 934 1469 interveniens
959 1442 1044 1468 oratio

257 1488 410 1519 tyrannum
425 1484 459 1512 de
471 1485 562 1512 medio
578 1486 690 1513 sustulit
704 1495 711 1519 ;
727 1494 777 1513 ceu
791 1486 975 1522 interrogatus
990 1493 1043 1520 qua

261 1530 366 1557 ratione
398 1531 563 1558 Absalonem
596 1532 762 1564 debellarct,
794 1532 942 1567 respondet
967 1531 1044 1559 initio

261 1577 369 1610 pialmi.
388 1575 465 1604 Sicut
483 1577 556 1604 enim
568 1597 575 1609 ,
595 1577 700 1613 inquit,
719 1581 780 1613 post
796 1582 937 1614 peccatum
954 1586 1043 1605 meum

262 1621 334 1649 Deus
349 1622 424 1653 illum
441 1623 586 1650 adversum
603 1631 645 1651 me
665 1624 823 1655 suscitavit,
844 1624 884 1651 sic
901 1624 1043 1658 ptenitenti

260 1668 405 1694 victoriam
431 1669 549 1703 paravit.
574 1669 631 1695 Cur
651 1673 741 1697 autem
761 1669 804 1697 vel
823 1670 883 1704 ipso
899 1669 1043 1696 invocandi

262 1717 384 1746 tempore
399 1714 543 1741 exauditus
566 1718 609 1740 est
634 1713 740 1741 David?
763 1714 833 1747 Quia
857 1714 1013 1748 increpatus
1030 1721 1045 1740 a

263 1757 368 1785 Natltan
383 1759 507 1793 protinus
522 1759 556 1786 ad
574 1759 760 1793 paenitentiam
783 1767 879 1787 versus
899 1763 941 1787 est
955 1769 961 1786 :
978 1767 1045 1794 qna-

263 1808 374 1838 propter
388 1810 450 1830 cum
466 1809 634 1838 precaretur,
648 1804 739 1832 subito
753 1805 897 1832 exauditus
912 1809 962 1833 est.
977 1804 1044 1832 Nam

263 1849 353 1881 Deus,
381 1850 428 1885 qui
457 1851 547 1877 omnia
566 1859 728 1886 quaecunque
749 1850 804 1878 vult
824 1850 888 1885 facit
904 1851 938 1883 ",
953 1851 1045 1878 statim

263 1895 395 1929 exaudit;
419 1900 446 1924 et
471 1897 561 1924 adhuc
587 1897 716 1932 loquente
739 1897 852 1925 homine
876 1897 961 1925 dicit:
979 1897 1046 1924 Ecce

263 1941 358 1968 adsum
374 1942 407 1968 ⁵³.

297 2029 400 2058 Deinde
413 2039 478 2058 vero
495 2036 639 2067 postquam
654 2032 835 2061 familiaribus
851 2033 966 2061 dixisset
991 2041 1046 2068 quo

264 2080 344 2110 pacto
361 2077 453 2103 statim
468 2077 613 2106 exauditus
634 2083 717 2111 esset,
747 2086 902 2106 sermonem
916 2079 996 2106 vertit
1012 2079 1044 2106 ad

264 2121 359 2154 Deum,
390 2123 604 2158 propitiantique
618 2124 669 2152 sibi
686 2125 788 2159 gratias
803 2125 876 2159 agit,
892 2126 920 2152 in
935 2125 1047 2153 tribula-

265 2168 335 2195 tione
363 2168 487 2195 ἀξίαισιιί
508 2169 583 2196 mihi.
601 2169 797 2197 Erumnarum
821 2168 931 2203 fluctus,
947 2171 1045 2205 inquit,

264 2215 407 2249 repentina
422 2216 609 2250 tranquillitas
631 2217 801 2251 compescuit
817 2225 825 2243 :
841 2217 966 2251 fameque
981 2224 1046 2244 con-

265 2259 364 2287 fectum
380 2268 423 2288 me
439 2260 530 2288 fructu
539 2260 680 2293 frumenti,
693 2262 749 2289 vini
764 2267 790 2289 et
806 2264 857 2290 olei
867 2263 987 2291 dilatasti
999 2273 1006 2297 ;
1018 2268 1047 2290 ut

265 2316 319 2335 non
348 2308 423 2335 solus
443 2315 510 2343 ego,
542 2308 588 2336 sed
605 2316 701 2336 omnes
726 2309 828 2337 subditi
857 2309 909 2337 mei
924 2317 954 2338 ea
968 2311 1047 2345 copia

266 2353 432 2382 fruerentur.
448 2355 628 2388 Quamobrem
649 2355 707 2382 haec
728 2355 843 2384 inferius
865 2356 1014 2392 subjungit,
1031 2365 1047 2382 a

265 2400 355 2434 fructu
381 2400 516 2434 frumenti,
530 2401 584 2428 vini
605 2405 629 2428 et
651 2401 702 2428 olei
717 2403 759 2428 sui
781 2402 950 2437 multiplicati
976 2408 1050 2430 sunt:

267 2446 386 2478 illorum,
402 2447 501 2481 inquit,
516 2447 681 2475 abundantia
697 2448 789 2476 cordis
804 2449 870 2475 mihi
882 2449 974 2476 laetitia
986 2449 1046 2476 fuit.

262 2493 334 2521 Illud
350 2497 440 2520 autem
457 2494 491 2521 ab
508 2495 566 2529 ipsa
581 2494 696 2522 historia
713 2495 872 2523 ediscimus.
893 2496 959 2523 Nam
986 2504 1048 2522 cum

266 2537 338 2564 bello
352 2537 492 2573 impetitus
505 2540 539 2566 ab
551 2540 689 2568 Absaloue
704 2540 810 2576 fugeret
825 2541 853 2568 in
870 2541 979 2568 deserta
1009 2545 1050 2568 at-

266 2591 320 2618 que
345 2587 463 2616 montes.
482 2584 552 2613 fame
569 2594 601 2613 ac
622 2594 712 2614 rerum
731 2587 854 2622 penuria,
873 2594 908 2614 eo
929 2591 1051 2621 tempore

267 2630 440 2662 calamitatis,
459 2630 604 2659 aliiictatus
618 2652 625 2663 .
650 2632 711 2667 ejus
734 2634 876 2668 angustias
894 2632 966 2660 Deus
984 2641 1049 2660 con-

268 2675 383 2703 solatur.
401 2675 508 2704 Primus
524 2678 596 2705 enim
613 2678 693 2711 Siba,
708 2686 742 2706 ex
758 2679 839 2706 domo
856 2678 946 2706 Saulis
960 2679 1049 2705 famu-

268 2721 322 2753 lus,
338 2721 427 2749 attulit
442 2722 492 2757 ipsi
506 2730 589 2757 panes
604 2724 747 2756 ducentos,
760 2724 865 2756 vinum,
883 2724 1007 2759 palathas
1021 2729 1047 2751 et

268 2773 336 2794 uvas
349 2774 446 2802 passas
463 2776 470 2793 :
506 2771 599 2803 postea
613 2775 677 2796 vero
700 2769 814 2797 Berzelli
831 2768 987 2797 Galaadites
1002 2769 1049 2796 ob-

304 2856 325 2872 "
348 2857 427 2886 Rom.
445 2866 478 2891 ν,
496 2859 540 2886 20.
579 2859 601 2875 "
622 2859 694 2887 l-‘sal.
710 2867 793 2891 cxiii,
812 2860 838 2887 5.

1093 1033 1252 1068 ἐμοίχευσε·
1268 1031 1358 1063 καλῶς
1377 1031 1414 1064 δὲ,
1433 1032 1610 1066 μετανοήσας,
1623 1031 1667 1057 τὸν
1684 1030 1738 1065 βίον
1751 1030 1875 1056 ἐτέλεσε·

1092 1079 1137 1106 διὰ
1152 1077 1230 1104 τοῦτο
1242 1078 1285 1110 εις
1299 1076 1356 1110 τὴν
1371 1076 1470 1111 ἀρχὴν
1486 1076 1521 1103 ἐν
1536 1077 1658 1110 ψόγοις,
1679 1077 1721 1108 εἰς
1735 1075 1768 1101 τὸ
1791 1075 1878 1108 τέλος

1093 1124 1128 1151 ἐν
1142 1124 1255 1159 ὕμνοις.
1271 1122 1394 1157 Ψαλμὸς
1406 1121 1446 1154 τῷ
1468 1121 1558 1148 Δαυῒὸ
1573 1122 1589 1156 ἠ
1604 1121 1702 1156 πρᾶξις
1723 1120 1772 1155 τῆς
1795 1128 1877 1155 μετα-

1093 1170 1182 1202 νοιας·
1203 1170 1251 1196 καὶ
1273 1169 1367 1204 ἐπειδὴ
1390 1169 1466 1196 ὅπου
1488 1168 1674 1195 ἐπλεόνασεν
1691 1167 1710 1202 ἡ
1732 1166 1877 1201 ἁμαρτία,

1093 1215 1389 1250 ὑπερεπερίσσευσεν
1412 1215 1431 1249 ή
1450 1214 1636 1248 δικαιοσύνη,
1656 1213 1699 1240 διὰ
1723 1212 1801 1239 τοῦτο
1821 1213 1878 1239 ἑλε-

1093 1271 1154 1298 γεν·
1165 1261 1259 1295 Ἐντῷ
1268 1261 1475 1288 ἐπικαλεῖσθαί
1481 1269 1520 1295 με
1542 1259 1701 1293 εἰσήκουσέ
1710 1268 1769 1294 μου
1782 1261 1798 1286 ὁ
1807 1258 1878 1291 Θεὸς

1093 1308 1149 1343 τῆς
1161 1309 1355 1341 δικαιοσύνης
1372 1316 1442 1342 μου.
1466 1306 1642 1342 Δικαιοσύνην
1661 1306 1713 1341 γὰρ
1735 1304 1816 1332 αὐτοῦ
1830 1304 1879 1331 νῦν

1094 1352 1167 1387 λέγει
1187 1353 1201 1379 6
1223 1352 1303 1379 Δαυῖδ
1320 1352 1369 1388 τὴν
1388 1352 1539 1387 μετάνοιαν.
1558 1349 1633 1377 Εῐδεν
1647 1352 1662 1377 6
1687 1349 1751 1382 Θεὸς
1773 1349 1879 1385 καθαρο

1095 1398 1187 1425 θεῖσαν
1209 1398 1258 1433 τὴν
1278 1398 1365 1433 ψυχὴν
1376 1417 1384 1429 ,
1401 1398 1447 1424 καὶ
1467 1397 1575 1429 ἐδέξατο
1591 1397 1640 1432 τὴν
1666 1395 1826 1432 προσευχήν.
1843 1395 1878 1421 Ἣ

1096 1444 1190 1480 ἐπειδὴ
1206 1445 1235 1471 ὲν
1258 1443 1297 1479 τῷ
1314 1443 1366 1478 πρὸ
1387 1443 1481 1470 τούτου
1498 1442 1597 1478 ψαλμῷ
1623 1442 1668 1468 τὺν
1692 1441 1808 1476 διωγμὸν
1833 1440 1879 1467 τδν

1095 1491 1148 1518 ὑπὸ
1160 1491 1207 1518 τοῦ
1233 1489 1400 1517 Ἀϐεσσαλὼν
1426 1489 1559 1525 ὠδύρετον
1585 1487 1721 1525 προσευχὴ
1749 1487 1778 1515 δὲ
1803 1495 1880 1523 μεσι-

1095 1537 1215 1565 τεύσασα
1230 1537 1275 1563 τδν
1299 1536 1428 1572 τύραννον
1443 1535 1563 1562 ἀνεῖλενο
1580 1535 1617 1566 ὼς
1627 1553 1633 1565 ,
1660 1533 1804 1569 ἐρωτηθεὶς
1819 1532 1879 1564 πῶς

1095 1584 1142 1611 τοῦ
1171 1583 1347 1618 ’Δὸεσσαλὼμ
1367 1582 1508 1617 ἐνίκησεν,
1536 1581 1702 1616 ἀπεκρίνατο
1724 1579 1773 1614 τὴν
1792 1578 1878 1614 ἀρχὴν

1095 1630 1142 1657 τοῦ
1158 1629 1274 1665 ψαλμοῦ.
1291 1630 1395 1665 Ὥσπερ
1411 1628 1475 1664 γὰρ,
1493 1627 1586 1663 φησὶν.
1604 1625 1790 1662 ἁμαρτήσαντί
1804 1633 1848 1661 μοι
1864 1625 1879 1651 6

1058 1663 1080 1692 ε
1095 1663 1254 1707 Θεὸςήαιᾘὺν
1268 1675 1328 1701 κατ’
1347 1663 1414 1709 ἐμοῦ
1430 1674 1550 1709 ἤγειρεν,
1572 1671 1659 1704 οὕτως
1687 1671 1879 1706 μετανοήσαντι

1095 1721 1143 1757 τὴν
1160 1721 1219 1747 κατ’
1238 1719 1320 1746 αὐτοῦ
1338 1719 1491 1756 ἐδωρήσατο
1507 1719 1595 1754 νίκην.
1619 1717 1667 1744 Διὰ
1683 1716 1741 1743 τίδ’
1761 1717 1789 1742 ὲν
1804 1714 1880 1751 αὐτῷ

1095 1766 1134 1801 τῷ
1146 1765 1332 1792 ἐπικαλεῖσθαι
1343 1763 1506 1800 εἰσηκούσθη
1521 1764 1535 1790 6
1550 1763 1646 1796 Δαυῖδ;
1671 1761 1786 1796 Ἐπειδὴ1
1803 1760 1880 1795 ἐλεγ-

1096 1811 1208 1847 χόμενος
1225 1810 1276 1837 ὑπὸ
1289 1810 1337 1837 τοῦ
1359 1810 1462 1842 Νάθαν,
1474 1808 1555 1841 εὐθὺς
1571 1809 1610 1840 εἰς
1634 1808 1774 1844 μετάνοιαν
1795 1806 1880 1841 ἐκάμ-

1097 1856 1161 1892 φθη,
1177 1855 1220 1883 διὰ
1234 1855 1313 1882 τοῦτο
1332 1855 1410 1886 εὐθὺς
1433 1854 1648 1890 προσευχόμενος
1662 1851 1832 1887 εἰσηκούσθη.
1849 1851 1879 1877 Ὁ

1096 1902 1151 1938 γὰρ
1160 1901 1257 1928 πάντα
1268 1901 1361 1928 ποιῶν
1372 1901 1430 1928 ὅσα
1440 1901 1594 1932 βούλεται,
1607 1900 1621 1925 6
1629 1899 1705 1930 Θεὸς,
1715 1897 1879 1924 ὑπακούεται

1097 1948 1266 1984 παραχρῆμα
1277 1967 1284 1980 ,
1300 1947 1347 1974 καὶ
1364 1946 1403 1973 ἔτι
1420 1945 1562 1977 λαλοῦντος
1583 1946 1641 1980 ἐρεῖ
1662 1946 1676 1971 6
1698 1944 1763 1976 Θεός
1774 1951 1781 1958 ·
1805 1942 1879 1970 Ἰδοὺ

1098 1990 1224 2025 πάρειμι.

1132 2035 1198 2063 Εἶτα
1211 2035 1328 2072 είρηκὼς
1347 2037 1404 2067 τοῖς
1424 2035 1538 2071 πλησίον
1559 2035 1634 2066 ὅπως
1649 2034 1741 2069 τάχιον
1756 2031 1881 2068 εἰσηκοὺ-

1098 2081 1159 2118 σθη,
1175 2082 1270 2118 τρέπει
1292 2082 1337 2108 τὸν
1359 2081 1436 2116 λόγον
1462 2081 1530 2116 πρὸς
1544 2081 1589 2107 τὸν
1602 2080 1677 2111 Θεὸν,
1695 2079 1741 2105 καὶ
1755 2078 1793 2113 τῷ
1807 2078 1882 2104 είσα-

1097 2128 1225 2155 κούσαντι
1251 2129 1420 2164 εὐχαριστεῖ·
1452 2127 1499 2154 Ἐν
1520 2127 1620 2160 θλίψει
1639 2125 1808 2157 ἐπλάτυνὰς
1817 2133 1879 2158 μοι.

1097 2174 1138 2200 Τὰ
1148 2174 1256 2209 κύματα
1267 2173 1320 2200 τῶν
1329 2173 1453 2208 θλίψεων,
1466 2172 1557 2207 φησὶν,
1572 2173 1589 2207 ἡ
1604 2173 1698 2206 ταχεῖα
1713 2171 1814 2205 γαλήνη
1826 2170 1880 2196 διέ-

1096 2220 1170 2251 λυσε,
1181 2220 1227 2246 καὶ
1238 2218 1308 2254 λιμῷ
1325 2228 1357 2255 με
1383 2219 1533 2254 τηκόμενον
1553 2215 1729 2251 ἀπὺ-καρποῦ
1747 2215 1818 2241 σίτου
1836 2215 1882 2241 καὶ

1095 2265 1166 2291 οῐνου
1180 2265 1225 2291 καὶ
1239 2264 1328 2291 ἐλαίου
1343 2264 1512 2295 ἐπλούτισας,
1527 2263 1564 2294 ὡς
1585 2262 1622 2298 μὴ
1640 2262 1718 2296 μόνον
1739 2261 1798 2296 ἐμὲ,
1814 2259 1882 2286 ἀλλὰ

1097 2310 1144 2337 καὶ
1156 2310 1259 2341 πάντας
1275 2310 1337 2339 τοὺς
1351 2309 1395 2334 ὑπ’
1408 2309 1457 2344 ἐμὲ
1468 2307 1628 2334 ἀπολαῦσαι.
1643 2305 1688 2332 Διὸ
1701 2305 1881 2335 ὑπωκαταὸἁς

1099 2355 1200 2389 ἔλεγεν·
1221 2355 1292 2382 Ἀπὸ
1318 2354 1433 2388 καρποῦ
1452 2354 1537 2381 σίτου
1553 2353 1601 2379 καί
1618 2353 1702 2379 οἴνου
1717 2352 1764 2378 καὶ
1779 2351 1882 2379 ἐλαίου

1100 2401 1198 2429 αὐτῶν
1211 2401 1452 2435 ἐπληθύνθησαν.
1472 2400 1504 2426 Ἠ
1520 2399 1631 2426 ἐκείνων
1645 2398 1768 2424 συνουσία
1783 2397 1867 2432 εὺφρο
1876 2411 1882 2417 ι

1102 2448 1169 2484 σύνη
1182 2447 1294 2483 καρδίας
1312 2455 1357 2482 μοι
1368 2446 1487 2481 γέγονεν.
1505 2445 1589 2472 Τοῦτο
1610 2445 1637 2471 δὲ
1654 2444 1822 2480 μανθάνομεν
1835 2442 1882 2469 ἀπ’

1100 2494 1185 2529 αὐτῆς
1200 2494 1249 2528 τῆς
1266 2493 1396 2529 ἱστορίας.
1408 2493 1470 2520 Ὅτε
1479 2492 1532 2528 γὰρ
1550 2491 1750 2526 πολεμούμενος
1764 2490 1815 2516 ὑπὸ
1835 2489 1882 2515 τοῦ

1106 2539 1281 2574 Ἀὁεσσαλὼμ
1293 2539 1390 2573 ἔφυγεν
1403 2540 1431 2566 ὲν
1449 2539 1508 2570 ταῖς
1521 2537 1634 2572 ἐρήμοις
1649 2536 1694 2563 καὶ
1707 2537 1734 2562 ὲν
1750 2537 1805 2567 τοῖς
1822 2535 1883 2569 ὄρε-

1102 2595 1155 2618 σιν,
1169 2585 1239 2620 λιμῷ
1251 2586 1298 2611 κα¹ι
1309 2585 1415 2621 ἀνάγκῃ
1432 2584 1470 2616 ὠς
1486 2585 1515 2610 ὲν
1529 2583 1640 2618 διωγμῷ
1654 2581 1790 2618 ἐκρατήθη
1803 2589 1808 2596 ·
1825 2579 1882 2607 ἀλλ’

1102 2631 1192 2663 ὁθεὸς
1214 2630 1296 2658 αὐτοῦ
1317 2631 1366 2667 τὴν
1385 2630 1506 2664 ἀνάγκην
1527 2628 1748 2664 παρεμυθήσατο.
1774 2626 1883 2661 Πρῶτος

1102 2677 1156 2712 γὰρ
1169 2677 1182 2703 6
1195 2676 1259 2703 Σί6α
1274 2678 1288 2703 6
1303 2677 1335 2702 ὲκ
1358 2676 1405 2702 τοῦ
1426 2676 1499 2702 οἴκου
1515 2675 1562 2701 τοῦ
1577 2674 1662 2700 Σαοὺλ
1683 2673 1796 2707 ἡνεγκεν
1810 2670 1883 2705 αὑτῷ

1103 2723 1199 2757 ἄρτους
1208 2722 1369 2754 διακοσίους,
1388 2722 1435 2748 καὶ
1452 2719 1520 2748 οἶνον
1535 2721 1582 2746 καὶ
1595 2719 1717 2750 παλάθας
1733 2718 1780 2745 καὶ
1791 2716 1884 2751 σταφί-

1102 2769 1150 2800 δας
1161 2778 1168 2784 ·
1194 2767 1252 2796 εἶτα
1271 2768 1339 2803 μετὰ
1365 2767 1458 2794 τοῦτον
1477 2766 1603 2802 Βερζελλὶ
1617 2767 1630 2793 ὁ
1646 2764 1820 2800 Γαλααδίτης,
1837 2763 1884 2790 καὶ

876 2860 899 2875 ⁸³
919 2858 970 2887 lsa.
990 2866 1069 2891 LVIII,
1085 2859 1113 2886 9.

303 2945 347 2981 (il
364 2944 426 2974 llmc
447 2946 473 2973 in
485 2947 578 2975 codice
596 2946 759 2976 Taurincusi
774 2949 807 2975 ab
827 2956 991 2976 amanuensc
1007 2949 1131 2981 adjuncta
1153 2951 1226 2979 sunt.
1245 2955 1293 2974 nec
1307 2946 1438 2974 habentur
1454 2946 1481 2973 iu
1495 2945 1555 2973 aEiis
1572 2952 1638 2972 mss.
