2055 3214
208 123 258 151 “5

768 129 1019 158 COMMENTARIA
1039 129 1071 158 ΙΝ
1092 130 1260 159 PSALMOS.

1772 133 1824 160 114

1333 159 1363 180 L4

205 180 286 212 αὐτὸς
296 180 369 217 αὐτῷ
382 183 550 218 προσήνεγκε
564 183 629 211 δέκα
640 180 741 217 κοίτας,
753 185 796 213 ἴνα
807 186 844 221 μὴ
857 188 989 222 χαμευνῇ,

1045 187 1106 215 tulit
1121 189 1172 224 ipsi
1186 188 1279 217 decem
1293 185 1378 217 lectos
1396 197 1428 217 ne
1441 189 1516 218 humi
1532 190 1662 222 cubaret,
1675 196 1702 218 et
1719 191 1824 226 amphi-

205 226 253 254 καὶ
266 227 471 264 ἀμφιτάπητας,
488 229 552 261 τοὺς
575 230 757 266 καλουμένους
775 231 824 258 νῦν
836 232 990 268 τυλοτάπη-

204 281 263 305 τας,
279 274 325 299 καὶ
337 273 408 300 οἴνου
426 275 546 311 κεράμια
572 276 619 303 καὶ
639 278 742 312 πυροὺς
759 279 806 305 καὶ
826 279 923 315 κριθὰς
943 279 990 306 καὶ

204 318 318 354 ἄλευρον
332 319 378 346 καὶ
389 319 494 356 κύαμον
501 322 548 348 καὶ
562 322 655 356 φακὸν,
665 323 712 349 καὶ
724 323 783 359 μέλι
796 325 842 352 καὶ
851 324 988 361 βούτυρον,

203 365 250 391 καὶ
265 365 397 400 πρόϐατα,
427 366 473 393 καὶ
491 366 631 403 γαλαθηνὰ
653 369 797 405 μοσχάρια·
815 370 990 406 Εὑχαριστῶν

201 408 248 436 οὖν
261 411 308 437 ἐπὶ
318 411 422 443 τούτοις
435 412 531 448 φησίν-
555 413 606 441 Ἐν
625 415 724 449 θλίψει
739 415 911 449 ἐπλάτυνάς
928 425 988 452 μοι.

237 455 271 482 Τί
287 455 326 489 δὲ,
352 456 438 490 λέγων
460 458 648 494 είσηκούσθην,
665 460 702 495 μὴ
726 460 829 496 μακρὸν
845 461 990 494 κατέτονας

201 500 299 535 λόγον;
315 501 360 536 Μὴ
375 502 478 529 πλατὺν
493 503 632 538 ὀνομάτων
646 504 693 531 καὶ
710 504 839 541 ῥημάτων
855 505 990 542 κατέγρα-

200 547 255 583 ψας
264 547 381 581 πίνακας
395 548 537 584 Οὐδαμῶς,
554 551 636 586 φησὶν
648 551 662 577 ό
675 551 754 578 Δαυϊδ
763 560 770 567 ’
787 552 816 579 οὐ
831 552 886 588 γὰρ
896 553 990 590 χρῄζει

201 593 363 626 πολυλογίας
378 595 393 620 ὀ
408 594 483 627 Θεὸς,
505 595 519 621 ὁ
537 596 584 623 καὶ
600 597 672 632 μόνῳ
689 598 832 634 στεναγμῷ
853 599 989 635 ἀρχούμε-

201 649 256 672 νος.
273 639 357 667 Τοῦτο
371 641 450 676 μόνον
466 641 558 676 ἔλεγον
576 644 794 680 προσευχόμενος
806 653 812 660 ·
842 646 990 680 Οικτείρη-

201 693 269 718 σον,
288 687 336 713 καὶ
357 686 542 716 εἰσάκουσον
560 688 616 724 τῆς
631 691 804 725 προσευχῆς
822 700 892 726 μου.
912 692 990 718 Εἴποι

201 731 230 758 δὲ
244 731 329 759 ταῦτα
344 732 392 759 καὶ
407 733 421 758 ὁ
437 733 537 770 λῃστὴς
558 735 586 761 ὲν
604 726 648 770 θεῷ’
665 735 772 772 σταυρῷ
788 737 856 771 πρὸς
869 737 915 764 τὸν
933 737 989 764 Κύ-

203 778 373 814 ριοι-εἰπὼν
396 779 450 816 γὰρ
475 781 522 807 καὶ
548 780 779 818 ἐπικαλεσάμενος
801 783 830 810 ὲν
853 785 886 820 τῇ
908 783 990 811 αὐτοῦ

201 823 305 859 θλίψει·
336 824 496 860 Μνήσθητι
508 835 578 860 μου,
601 828 697 861 Κύριε,
715 827 789 856 ὅταν
802 829 895 864 ἔλθῃς
905 830 940 857 ἐν
954 829 991 865 τῇ

1042 234 1142 268 tapetia
1159 241 1222 268 quae
1235 235 1291 269 jam
1317 235 1477 271 tylotapetia
1502 240 1635 263 vocantur
1651 256 1659 268 ,
1676 235 1732 263 vini
1759 243 1824 263 vasa

1043 280 1145 315 ﬁglina,
1164 280 1341 313 frumentum,
1366 281 1518 314 hordeum,
1542 282 1669 315 farinam,
1694 281 1771 310 fabas
1798 285 1825 309 et

1042 327 1141 359 lentes.
1157 328 1210 355 mel
1221 331 1248 355 et
1262 327 1402 364 butyrum,
1433 335 1497 357 oves
1507 333 1534 356 et
1546 329 1648 356 lacteos
1659 328 1769 356 vitulos.
1787 328 1824 356 De

1041 373 1084 401 his
1102 374 1193 409 itaque
1204 374 1305 409 gratias
1319 381 1401 411 agens
1411 375 1460 408 ait,
1474 374 1500 401 in
1509 374 1675 403 tribulatione
1703 375 1824 402 dilatasti

1042 419 1116 446 mihi.
1283 420 1288 425 ‘

1075 465 1133 493 Cur
1148 470 1238 493 autem
1253 473 1314 493 cum
1329 469 1354 492 te
1369 465 1527 493 exauditum
1544 465 1595 498 ais,
1610 474 1664 493 non
1688 466 1823 501 prolixum

1042 517 1197 538 sermonem
1227 509 1416 538 contexuisti?
1439 510 1529 543 Quare
1543 518 1598 538 nou
1617 511 1724 546 longam
1738 511 1824 538 ιιυιιιί-

1041 564 1106 583 num
1122 556 1322 592 verborumque
1338 556 1463 592 paginam
1486 557 1628 585 exarasti?
1654 556 1824 589 Nullatenus,

1043 601 1131 637 inquit
1149 601 1233 630 David
1251 625 1258 637 ,
1271 610 1360 638 neque
1372 604 1458 631 multo
1472 611 1598 631 sermone
1618 611 1687 639 opus
1703 603 1758 631 Deo
1773 607 1825 635 est.

1041 649 1086 675 cui
1112 649 1153 676 vel
1177 649 1253 677 solus
1269 650 1385 683 gemitus
1409 649 1445 677 sit
1460 650 1563 684 .satis:
1587 650 1653 677 illud
1679 654 1783 677 tantum
1799 651 1825 677 in

1042 694 1242 728 orationedixi,
1253 693 1375 722 Miserere
1393 696 1453 729 mei,
1469 700 1493 722 et
1506 695 1603 722 exaudi
1618 695 1762 722 orationem
1771 704 1826 722 me-

1042 748 1096 767 am.
1118 740 1186 768 ιιιυά
1204 741 1286 768 etiam
1300 741 1415 769 Domino
1438 742 1540 770 dixerit
1554 742 1582 769 in
1600 749 1682 770 cruce
1706 742 1827 778 pendens

1043 787 1124 821 latro,
1142 788 1189 823 qui
1204 788 1231 815 in
1248 788 1371 816 cruciatu
1387 788 1477 824 ipsum
1497 789 1633 816 invocavit
1654 789 1698 817 his
1712 790 1803 816 verbis
1819 797 1826 815 ε

1043 834 1175 862 Memento
1183 835 1243 866 mei,
1253 835 1373 868 Domine,
1383 843 1441 862 cum
1449 836 1547 863 veneris
1556 836 1583 863 in
1595 844 1700 871 regnum
1712 841 1785 863 tuum
1795 837 1826 864 ⁵⁸.

199 869 344 903 βωιᾴείᾳ
368 878 436 902 σου,
464 870 639 907 εἰσηκούσθη,
661 872 709 900 καὶ
733 873 794 900 ἀντὶ
809 874 926 910 σταυροῦ
945 875 989 902 τὸν

1042 879 1067 908 ls
1084 881 1149 909 item
1178 881 1323 908 exauditus
1338 885 1397 914 est,
1414 888 1446 908 ac
1462 882 1552 910 crucis
1579 882 1639 909 loco
1669 883 1827 917 paradisum

203 915 367 952 παράδεισον
382 915 484 952 ᾤκησε,
500 917 546 944 καὶ
563 917 673 954 πολίτης
688 918 783 954 γέγονε
802 919 849 946 τοῦ
863 920 988 956 οὐρανοῦ.

200 962 288 994 Δὺτὸς
301 962 349 989 καὶ
366 962 433 998 πρὸς
455 963 518 995 τοὺς
545 963 686 996 Ἰουδαίους
699 964 825 1000 βοήσεται
835 974 841 980 ·
866 966 924 992 ΥΙοι
937 967 990 994 ἁν-

201 1007 335 1041 θρὼπων,
344 1007 398 1041 ἕως
406 1009 479 1035 πότε
483 1008 677 1043 ,βαρυκάρδιοι
687 1017 695 1041 ;
709 1009 841 1036 θεάσασθε
848 1011 896 1046 τὴν
903 1011 990 1038 κτίσιν

199 1055 240 1091 τῷ
249 1055 345 1091 κτίστῃ
360 1055 583 1092 συμπάσχουσαν.
595 1056 636 1088 Εἰ,
648 1057 693 1083 τὸν
702 1056 827 1093 Λάζαρον
841 1059 991 1094 τετραήμε-

203 1110 249 1137 ρον
257 1101 311 1128 ἀπὸ
319 1102 366 1129 τοῦ
376 1102 462 1137 τάφου
473 1102 603 1138 τρέχοντα
615 1102 722 1136 ἰδόντες,
739 1103 789 1130 οὐκ
802 1103 989 1137 ἐπιστεύσατε,

199 1146 250 1173 νῦν
265 1146 330 1181 γοῦν
345 1148 553 1183 προσκυνήσατε
569 1146 616 1173 τοῦ
633 1147 838 1183 Σταυρωθέντος
849 1149 897 1185 τὴν
909 1149 990 1176 δύνα-

202 1201 248 1228 μιν
262 1201 268 1207 ·
285 1192 399 1228 νεκροὺς
424 1193 438 1218 ὁ
465 1194 575 1228 σεισμὸς
601 1193 759 1229 ἀνέστησεν,
781 1195 830 1221 καὶ
852 1195 932 1230 ὑμεῖς
956 1197 990 1232 τῇ

199 1239 315 1274 ἀπιστίᾳ
329 1239 485 1266 καθεύδετε.
516 1239 565 1266 Διὰ
585 1239 610 1266 τί
631 1239 820 1277 βαρυκάρδιοι;
839 1241 923 1269 Τοῦτο
942 1243 990 1278 μὲν

199 1284 243 1311 διὰ
255 1285 285 1312 τὸ
296 1285 333 1322 μὴ
346 1286 529 1322 κατανυγῆναι
542 1287 597 1318 τοῖς
611 1285 660 1313 Θαύ
665 1295 756 1322 μασιν,
775 1277 892 1315 τοῦτοδὲ
900 1277 947 1317 atat
960 1289 990 1316 τὸ

199 1329 232 1363 ἐξ
246 1330 402 1367 ἀφροσύνης
424 1331 527 1367 βαρέως
554 1333 623 1360 κατὰ
636 1333 683 1360 τοῦ
701 1334 818 1370 Χριστοῦ
838 1335 988 1372 ὀργίζεσθε.

200 1378 313 1413 Μάρτυς
330 1380 346 1414 ἡ
359 1379 453 1415 Γραφὴ
464 1379 578 1407 εἰποῦσα
589 1388 595 1395 ⁸
614 1380 694 1414 Rapit
709 1381 794 1414 λίθος
810 1381 860 1408 καὶ
878 1381 990 1409 δυσϐά-

200 1431 331 1458 σταχτος
354 1424 462 1459 ἅμμος·
481 1425 601 1460 ὀργὴδὲ
618 1426 748 1461 ἄφρονος
766 1427 932 1462 ,βαρυτέρα-
950 1428 991 1455 ὅτι

199 1469 262 1496 οὔτε
286 1470 412 1506 νουθεσίᾳ
440 1471 574 1505 θέλγεται,
589 1472 635 1498 καὶ
657 1471 783 1508 θαύματα
795 1472 902 1508 βλέπων
915 1473 990 1508 ὀργί-

199 1515 275 1547 ζεται
280 1536 286 1542 .

1043 926 1148 960 incolit,
1165 929 1246 962 atque
1264 927 1336 954 inter
1351 927 1424 955 cives
1438 927 1500 954 caeli
1522 927 1670 963 ascriptus,
1688 928 1728 956 sic
1739 927 1828 955 Iudic-

1042 979 1073 999 os
1090 970 1213 999 clamans
1237 971 1411 1014 compellabit
1427 981 1432 999 :
1455 971 1521 999 Filii
1535 972 1680 1006 hominum,
1695 980 1827 1007 usquequo

1042 1017 1117 1052 gravi
1129 1016 1218 1049 corde,
1231 1024 1277 1045 res
1289 1021 1396 1045 creatas
1411 1017 1570 1053 conspicitis
1586 1017 1710 1045 Creatori
1725 1018 1828 1045 condo-

1041 1062 1148 1090 lcntcs?
1163 1062 1191 1090 Si
1206 1063 1420 1098 quatriduanum
1439 1062 1571 1090 Lazarum
1588 1070 1604 1092 θ
1625 1063 1751 1098 sepulcro
1764 1071 1828 1090 cur-

1040 1112 1144 1135 rentem
1157 1115 1218 1135 cum
1230 1108 1369 1141 videretis,
1383 1116 1438 1137 non
1453 1108 1619 1141 credidistis,
1638 1113 1666 1136 at
1685 1116 1758 1136 nunc
1773 1109 1827 1136 sal-

1042 1156 1096 1179 tem
1113 1153 1243 1181 Crucitixi
1260 1157 1421 1189 potestatem
1450 1153 1561 1182 adol-ale
1575 1164 1582 1182 :
1596 1158 1719 1182 mortuos
1747 1158 1834 1182 terrae-

1041 1202 1133 1226 motus
1150 1198 1289 1232 excitavit,
1308 1202 1334 1226 et
1345 1206 1394 1226 vos
1409 1199 1437 1226 in
1453 1199 1612 1227 inﬁdelitate
1625 1204 1715 1227 vestra
1723 1199 1827 1227 dormi-

1043 1245 1089 1272 tis.
1102 1244 1192 1277 Quare
1201 1244 1276 1281 gravi
1291 1245 1373 1273 corde
1385 1246 1491 1281 praediti
1506 1246 1517 1272 ?
1533 1245 1645 1274 Scilicet
1657 1246 1720 1282 quia
1734 1247 1768 1274 ob
1776 1247 1827 1274 mi-

1041 1290 1139 1318 rabilia
1162 1295 1237 1326 gesta
1252 1299 1307 1318 non
1325 1292 1540 1327 compungimini
1560 1301 1567 1325 ;
1591 1292 1647 1320 sive
1661 1300 1693 1320 ex
1710 1293 1827 1320 stultitia

1039 1337 1159 1371 graviter
1170 1335 1280 1365 Christo
1291 1337 1471 1364 succensetis.
1485 1337 1606 1372 Hujusce
1630 1337 1669 1364 rei
1691 1338 1769 1365 lCStlS
1784 1342 1827 1365 est

1041 1382 1183 1418 Scriptura
1201 1391 1261 1418 qua:
1278 1384 1318 1411 sic
1334 1383 1414 1411 habet
1429 1393 1436 1411 :
1454 1383 1538 1411 Grave
1554 1388 1592 1410 est
1606 1391 1712 1417 saxum,
1726 1389 1750 1411 et
1765 1393 1826 1412 one-

1039 1437 1103 1456 rosa
1126 1437 1208 1457 arena
1224 1439 1233 1457 :
1245 1429 1290 1457 sed
1309 1430 1352 1457 ira
1365 1431 1442 1458 stulti
1456 1431 1564 1463 gravior
1585 1430 1608 1446 "
1623 1439 1630 1463 ;
1651 1430 1715 1466 quia
1738 1439 1826 1466 neque

1041 1475 1153 1503 monitis
1168 1476 1297 1510 allieitur,
1311 1480 1338 1504 et
1353 1477 1487 1504 miracula
1501 1484 1563 1504 cum
1576 1476 1658 1508 videt,
1676 1477 1743 1504 iram
1758 1486 1824 1504 con-

1041 1519 1118 1555 cipit.

236 1574 298 1601 Ἶνα
314 1575 344 1600 τι
366 1573 499 1609 ἀγαπᾶτε
511 1575 702 1609 ματαιότητα,
719 1575 765 1602 τὸν
779 1575 925 1611 Βαραὸὁὰν
941 1575 988 1604 τοῦ

1078 1576 1112 1604 Ut
1120 1577 1183 1613 quid
1192 1577 1304 1614 diligitis
1319 1579 1462 1605 vanitatem
1475 1579 1539 1614 ,'qui
1555 1579 1704 1608 Barabbam
1716 1581 1825 1609 Christo

201 1620 319 1656 Χριστοῦ
342 1621 572 1656 προτιμήσαντες,
595 1621 641 1648 τὸν
664 1621 747 1657 φονέα
773 1622 843 1658 ὑπὲρ
863 1622 908 1650 τὴν
922 1621 988 1654 ζωο-

201 1666 278 1692 ποιὺν
292 1685 299 1697 ,
311 1666 360 1701 τὴν
375 1666 512 1701 βασιλείαν
538 1667 584 1695 τοῦ
605 1668 745 1704 Καίσαρος
765 1668 835 1704 ὑπὲρ
851 1668 900 1704 τὴν
913 1667 989 1704 βασι-

204 1711 279 1738 λείαν
294 1712 346 1739 τῶν
360 1713 491 1749 οὐρανῶν,
508 1714 558 1750 τὴν
579 1715 716 1750 ἁμαρτίαν
731 1715 780 1751 τὴν
795 1714 887 1751 ἄμμου
902 1724 990 1750 παρα-

205 1756 265 1789 λίας
279 1756 429 1794 βαρυτέραν
444 1759 514 1796 ὑπὲρ
523 1759 572 1796 τὴν
588 1759 772 1796 δικαιοσύνην,
790 1761 824 1787 τὰ
835 1761 990 1797 πρόσκαιρα

204 1803 274 1839 ὑπὲρ
287 1804 322 1830 τὰ
345 1803 452 1836 αἰώνια,
475 1805 525 1841 τὴν
543 1805 645 1841 φθορὰν
669 1806 740 1842 ὑπὲρ
755 1806 804 1842 τὴν
821 1806 989 1842 ἀφθαρσίαν;

207 1850 288 1877 ’Δλλὰ
299 1851 365 1886 πρὸς
373 1851 477 1884 τούτοις
489 1853 535 1879 καὶ
552 1851 681 1887 ζητεῖσθδ
692 1852 817 1887 ψεῦδος,
837 1852 991 1888 ψευδομάρ-

200 1905 286 1933 τυρας
312 1897 489 1934 ἐξωνούμενοι
517 1898 588 1927 κατὰ
623 1899 673 1934 τῆς
696 1898 821 1935 ὶληθείας
846 1898 989 1933 λέγοντας·

204 1943 314 1970 Τοῦτον
326 1943 452 1978 εὕρομεν
475 1943 691 1979 διαστρέφοντα
712 1944 746 1971 τὸ
761 1944 859 1978 ἔθνος,
875 1944 922 1971 καὶ
934 1952 990 1971 κω-

200 1989 314 2015 λύοντα
325 1988 365 2021 τῷ
378 1990 504 2024 Καίσαρι
519 1991 613 2025 φόρον
631 1990 754 2018 διδόναι.
780 1990 922 2017 Ἀνασείει
938 1989 992 2017 τὸν

200 2034 278 2060 λαὸν
294 2034 456 2062 διδάσκων.
471 2037 506 2062 Et
519 2035 562 2070 μὴ
580 2033 620 2070 ἦν
635 2032 724 2069 οὗτος
745 2035 916 2068 κακοποιὸς,
935 2036 992 2062 οὐκ

202 2078 241 2106 ἄν
257 2087 306 2106 σοι
319 2079 530 2116 παρεδώκαμεν
546 2082 647 2108 αὐτόν.
660 2081 716 2108 Καὶ
735 2081 761 2108 τί
777 2081 991 2117 ἐκακοποίησεν;

1038 1623 1207 1658 prmtulistis,
1216 1623 1380 1652 homicidam
1389 1626 1451 1652 vita:
1459 1626 1574 1657 auctori,
1587 1634 1700 1661 regnum
1711 1626 1826 1654 Caesaris

1040 1677 1124 1704 regno
1130 1669 1273 1701 caelorum,
1285 1675 1426 1705 peccatum
1434 1678 1516 1699 arena
1524 1672 1609 1700 maris
1623 1671 1734 1707 gravius
1749 1671 1828 1707 justi-

1040 1714 1094 1746 tiae,
1120 1717 1295 1750 temporanea
1318 1714 1439 1746 εισι-πίε,
1457 1715 1660 1749 corruptionem
1684 1715 1829 1750 incorrup-

1039 1759 1121 1795 tioni‘t,
1126 1759 1179 1787 Sed
1186 1760 1327 1795 etinsuper
1333 1760 1451 1796 quwritis
1460 1760 1636 1791 mendacium,
1644 1759 1781 1796 falsosque
1788 1763 1828 1788 te-

1040 1809 1096 1833 stes
1107 1810 1202 1833 contra
1210 1806 1353 1833 veritatem
1371 1806 1524 1834 conducitis
1534 1807 1590 1834 haec
1598 1806 1720 1835 dicentes
1732 1816 1739 1834 ε
1751 1806 1828 1834 Hunc

1040 1850 1185 1878 invenimur
1215 1849 1405 1877 subvertentem
1434 1850 1571 1885 populum,
1600 1854 1624 1878 et
1650 1849 1828 1885 prohibentem

1042 1895 1141 1923 tributa
1152 1895 1217 1923 dare
1232 1894 1346 1923 Cwsari.
1374 1895 1524 1923 Commovet
1545 1895 1670 1931 populum
1684 1895 1778 1922 docens
1793 1896 1826 1922 “.

1042 1941 1104 1970 Nisi
1122 1946 1189 1969 esset
1201 1942 1243 1969 hic
1255 1941 1423 1976 malefactor,
1437 1950 1489 1968 non
1498 1940 1544 1968 tibi
1557 1940 1760 1967 tradidissemux
1768 1948 1828 1967 eum

1041 1989 1075 2017 ⁸⁷.
1090 1988 1162 2023 Quid
1177 1992 1268 2015 autem
1287 1988 1356 2015 mali
1372 1987 1436 2015 fecit
1450 1988 1461 2014 ’ἰ
1475 1995 1509 2014 an
1530 1987 1594 2022 quia
1609 1994 1697 2022 aegros
1709 1987 1826 2018 curavit,
1856 1986 1858 1988 ’

1041 2033 1182 2061 daemones
1198 2032 1310 2068 fugavit,
1332 2036 1456 2060 mortuos
1475 2032 1619 2060 suscitavit
1636 2032 1646 2058 ?
1662 2040 1695 2058 an
1713 2031 1776 2067 quia
1793 2039 1828 2058 ex

1044 2080 1167 2115 quinque
1181 2079 1297 2114 panibus
1310 2077 1425 2106 totidem
1443 2078 1528 2105 millia
1536 2077 1679 2105 hominum
1696 2078 1723 2104 in
1738 2085 1828 2105 eremo

201 2125 244 2151 ὅτι
254 2125 397 2158 νοσοῦντας
421 2127 525 2159 ἰάσατο,
540 2127 581 2154 ὅτι
603 2127 733 2164 δαίμονας
746 2128 939 2163 ἐφυγάδευσεν,
952 2128 989 2155 ὅτι

1043 2126 1154 2154 satiavit
1167 2125 1289 2160 exceptis
1299 2124 1460 2153 mulieribus
1470 2128 1497 2152 et
1509 2124 1650 2160 parvulis?
1659 2123 1755 2152 Adhuc
1765 2132 1828 2152 esca

202 2172 317 2207 νεκροὺς
345 2172 475 2207 ἢγειρεν,
497 2173 537 2200 ὅτι
558 2174 590 2200 ὲκ
619 2174 700 2201 πέντε
721 2174 811 2209 ἄρτων
834 2173 989 2210 ἰσαρίθμους

1043 2172 1071 2199 in
1089 2175 1198 2208 gutture
1221 2171 1344 2206 ipsorum
1359 2176 1429 2203 erat,
1449 2171 1513 2198 dum
1534 2171 1707 2198 mendacium
1725 2170 1753 2197 in
1770 2178 1826 2198 ore.

203 2218 325 2253 χιλιάδας
344 2218 373 2245 ὲν
383 2219 432 2254 ὲρή
438 2216 480 2255 μῳ
492 2219 615 2255 διέθρεψε
632 2219 717 2255 χωρὶς
726 2220 863 2254 γυναικῶν
874 2220 920 2246 καὶ
931 2219 989 2246 παί-

1043 2219 1133 2253 Atque
1148 2218 1181 2246 iis
1195 2218 1242 2253 qui
1255 2217 1290 2245 ad
1305 2217 1471 2246 Absalonem
1484 2217 1656 2245 desciverant
1673 2216 1762 2244 aiebat
1777 2215 1828 2242 Da-

203 2264 271 2297 δων;
285 2265 371 2300 Ἔτιὴ
384 2265 471 2301 τροφὴ
493 2266 522 2292 ὲν
547 2265 586 2301 τῷ
609 2266 725 2302 λάρυγγι
747 2265 795 2293 καὶ
809 2266 839 2292 τὸ
852 2265 949 2300 ψεῦδος
963 2266 989 2292 ὲν

1044 2265 1090 2292 vid
1106 2274 1113 2292 :
1127 2264 1183 2292 Cur
1197 2272 1259 2293 cum
1271 2264 1397 2300 improbo
1418 2263 1473 2291 ﬁlio
1490 2262 1653 2291 defecistis?
1669 2262 1724 2290 Cur
1742 2261 1829 2288 lilium

203 2309 242 2345 τῷ
253 2311 376 2346 στόματι.
397 2312 452 2338 Καὶ
472 2313 529 2343 τοῖς
549 2311 589 2352 τῷ
609 2312 786 2348 ’Λὸεσσαλὼμ
805 2311 989 2344 συναποξενω-

1044 2311 1176 2339 adversus
1191 2315 1299 2346 patrem
1315 2309 1482 2338 concitatis?
1509 2308 1602 2343 Quare
1624 2308 1701 2336 vanis
1715 2307 1828 2336 Achito~

184 2375 190 2380 ρ
203 2358 290 2385 θεῖσιν
304 2357 396 2392 ἔλεγεν
414 2359 428 2384 ὁ
443 2358 523 2385 Δαυῖδ
532 2367 538 2373 ·
557 2358 589 2385 Τί
604 2358 643 2394 τῷ
654 2358 765 2394 ἀτάκτῳ
784 2358 859 2385 παιδὶ
873 2359 992 2394 συναπή-

204 2403 305 2440 χθητε;
328 2404 361 2431 Τί
382 2404 428 2431 τὸν
451 2405 514 2431 Υἱὸν
531 2405 603 2431 κατὰ
619 2404 721 2441 πατρὸς
741 2404 883 2439 ἀλείψετε;
901 2404 933 2430 Τί
957 2405 989 2440 τῇ

205 2450 309 2486 ματαία
327 2450 406 2486 βουλῇ
424 2451 472 2477 τοῦ
505 2451 643 2486 Ἀχιτόφελ
666 2451 883 2486 ὴκολουθήσατε;
915 2451 947 2476 Εἰ
976 2452 990 2477 ὁ

205 2495 363 2530 κακολογῶν
380 2497 486 2533 πατέρα
499 2497 515 2533 ἢ
531 2496 638 2533 μητέρα
662 2497 776 2524 θανάτου
791 2496 876 2529 ἄξιος,
891 2497 905 2523 ὁ
919 2496 989 2524 κατὰ

205 2542 307 2578 πατρὸς
320 2543 425 2570 ἀκονῶν
445 2543 520 2578 ξίφος
536 2543 593 2575 υἱὸς
615 2543 729 2574 ποσάκις
746 2543 820 2569 ἐστὶν
833 2542 907 2574 ἄξιος
923 2542 991 2569 ἀπο-

204 2588 313 2622 θανεῖν;
340 2590 402 2617 Ἵνα
422 2590 451 2616 τί
474 2587 520 2616 οὖν
538 2588 671 2624 ἀγαπᾶτε
683 2590 865 2624 ματαιότητα
877 2588 926 2615 καὶ
947 2588 991 2622 ζη-

204 2633 279 2661 τεῖτε
308 2633 440 2673 deliciae,-
468 2635 573 2667 Ψεῦδος
601 2635 676 2670 λέγει
713 2634 761 2662 νῦν
791 2636 845 2662 πᾶν
874 2635 990 2670 πρᾶγμα

207 2679 331 2714 μάταιον,
355 2681 466 2715 ταχεῖαν
491 2681 542 2716 τὴν
564 2680 666 2707 πτῶσιν
688 2681 735 2707 καὶ
753 2680 903 2716 μεταὼλὴν
919 2680 989 2715 ἔχον.

204 2725 292 2760 Πλὴν
299 2726 418 2760 μάταιοι
433 2728 459 2754 οἱ
475 2727 534 2754 υἱοὶ
553 2726 611 2754 τῶν
626 2727 797 2760 ἀνθρώπων,
820 2726 944 2761 ψευδεῖς
963 2728 991 2753 οἱ

204 2772 263 2799 υἱοὶ
279 2771 338 2798 τῶν
356 2772 521 2807 ἀνθρώπων
531 2773 566 2800 ἐν
576 2773 683 2808 ζυγοῖς,
698 2773 752 2800 τοῦ
776 2772 917 2807 ἀδικῆσαι

242 2863 267 2879 ⁵⁸
286 2862 355 2892 Luc.
372 2871 456 2895 χχιιι,
478 2864 518 2891 i2.

1045 2357 1133 2393 phelis
1148 2357 1274 2385 consiliis
1301 2365 1403 2385 morem
1420 2356 1517 2392 geritis
1531 2357 1542 2383 ‘l
1558 2355 1586 2383 Si
1605 2356 1629 2384 is
1650 2356 1696 2390 qui
1716 2355 1818 2383 maledi-

1046 2403 1115 2431 xerit
1127 2403 1198 2438 patri
1212 2403 1254 2430 vel
1269 2403 1350 2429 matri
1375 2409 1462 2430 morte
1473 2402 1572 2437 dignus
1586 2407 1628 2429 est
1644 2421 1652 2434 ,
1670 2401 1716 2436 qui
1732 2405 1827 2428 contra

1044 2455 1148 2485 patrem
1166 2450 1283 2485 gladium
1304 2449 1378 2476 acuit
1407 2453 1474 2484 quot
1488 2448 1623 2476 mortibus
1640 2455 1672 2475 ac
1687 2448 1827 2483 suppliciis

1043 2497 1144 2532 dignus
1158 2498 1169 2524 ‘.'
1195 2496 1229 2523 Ut
1241 2496 1304 2532 quid
1325 2496 1407 2532 igitur
1422 2495 1532 2530 diligitis
1547 2495 1690 2523 vanitatem
1712 2499 1738 2522 ct
1757 2503 1831 2530 quia.

1044 2543 1104 2569 ritis
1132 2542 1326 2569 mendacium?
1355 2542 1526 2569 Mendacium
1541 2545 1620 2568 vocat
1645 2541 1827 2577 quodcunque

1045 2595 1145 2617 vanum
1156 2596 1235 2623 opus,
1244 2587 1328 2622 cujus
1337 2591 1461 2622 prompta
1476 2586 1567 2618 ruina,
1584 2589 1725 2622 repentina
1738 2590 1828 2613 muta'

1045 2634 1093 2661 tio.
1117 2634 1298 2661 Verumtamen
1312 2635 1373 2661 vani
1388 2633 1440 2668 ﬁlii
1456 2633 1601 2669 hominum,
1618 2633 1754 2661 mendaces
1776 2632 1826 2668 lilii

1043 2681 1178 2709 hominum
1195 2682 1221 2708 in
1234 2682 1350 2714 stataria,
1369 2685 1397 2708 ut
1409 2681 1506 2716 injuste
1519 2687 1600 2717 agant
1615 2681 1646 2709 ⁵³.

557 2865 577 2880 ³⁸
599 2864 677 2892 l‘t‘m’.
697 2873 785 2897 xxv",
801 2865 827 2892 5.
866 2865 888 2881 ⁵⁸
911 2864 974 2892 Luc.

1041 2872 1077 2897 ιι,
1093 2864 1120 2891 9.
1161 2864 1182 2880 ³⁷
1204 2863 1281 2891 Joan.
1302 2870 1356 2890 xv“
1370 2883 1376 2895 ,
1392 2864 1435 2891 50.
1474 2863 1496 2879 ”
1516 2861 1588 2890 Psal.
1605 2869 1669 2894 ut,
1687 2861 1730 2888 l0.
