2055 3214
234 103 287 131 115

391 159 668 188 INTERPRETATlO
688 160 812 188 PSALMI
831 160 863 187 V.

233 224 260 252 ί.
269 224 301 252 In
317 225 395 259 linem
409 233 455 258 pro
467 233 498 252 ea
512 233 570 259 qua:
579 225 759 253 hwreditatem
771 226 938 260 consequitur
949 225 1017 260 psal-

542 268 599 287 mus
614 260 710 288 David.

268 315 295 344 ln
309 317 388 345 ﬁnem
402 317 520 352 hymnus
535 317 686 352 gratiarum
707 317 823 344 actionis
839 317 948 344 canitur
967 324 1017 352 pro

232 363 321 390 anima
335 363 392 390 sive
409 372 458 398 pro
469 363 603 394 Ecclesia,
617 371 678 397 qua:
695 363 721 389 in
733 363 853 391 divinam
874 362 1017 390 hmredita-

232 415 285 435 tem
305 408 351 435 Dei
368 408 478 436 famulis
504 413 684 443 praaparatam
714 408 835 435 ducitur.
853 406 900 435 Est
915 401 1016 442 quippe

232 455 377 482 ham-editas
389 454 474 482 Deum
485 454 649 482 .colcntibus
667 459 775 489 parata,
793 458 820 482 et
835 454 892 481 hare
907 453 1015 489 quidem

231 509 284 528 non
298 501 498 536 corruptibilis,
514 509 604 536 neque
619 501 645 527 in
662 501 767 528 divitiis
784 508 894 528 sensum
909 507 1017 527 moven-

230 547 304 574 tibus
319 547 456 574 consistit.
474 546 580 574 Dicitur
597 547 670 574 enim
697 545 868 574 inducendos
894 545 1016 573 haeredes

231 593 317 627 ipsius
326 599 398 624 esse,
413 593 440 619 in
448 592 630 619 [nereditatem
643 592 881 626 incorruptibilem,
894 592 1016 618 inconta-

231 639 371 670 vninatam,
385 639 643 670 inmarcescibilem,
661 643 845 665 conservatam
859 639 886 665 in
899 637 970 665 caelis
980 638 1014 664 ⁵³.

230 685 258 711 lu
275 685 348 711 illam
367 692 415 712 eos
435 683 483 719 qui
500 684 575 720 digni
603 688 667 712 sunt
688 691 806 711 evocans
822 683 947 710 Salvator
957 683 1013 710 ait:

235 732 325 759 Venite
340 732 385 766 qui
401 740 417 758 a
429 731 530 758 dextris
544 732 608 758 meis
621 731 696 763 estis,
714 730 840 758 benedicti
856 730 947 757 Patris
954 730 1013 761 mei,

228 777 358 812 possidete
367 782 491 814 paratum
507 777 578 805 vobis
596 784 706 811 regnum
719 777 752 804 ⁵ο.
768 775 857 810 Hujus
867 782 960 802 amore
969 782 1016 802 ca-

566 101 700 129 EUSEBII
721 101 960 130 CIESARIENSIS
979 101 1054 129 OI‘P.
1075 100 1165 128 PARS
1185 100 1226 127 Ill.
1244 114 1280 120 —
1298 96 1502 125 EXEGETICA.

1800 93 1851 121 H6

1261 159 1330 184 EPM
1336 157 1439 184 ΗΝΕῘΛ
1452 155 1602 182 ΨΑΛΜΟΥ
1618 155 1655 181 E'.

1069 227 1120 260 Εἰς
1137 227 1168 252 τὸ
1185 225 1273 258 τέλος
1294 223 1370 259 ὑπὲρ
1398 222 1457 284 ἶπῆὲ
1465 221 1711 282 κ.ᾝρονομοὺσης
1731 218 1852 253 ψαλμὸς

1378 268 1416 284 τω
1461 266 1508 284 αιί
1532 277 1537 282 .

1378 268 1416 290 τῳ
1439 266 1537 284 Δαυιο.

1101 318 1148 348 Εἰς
1165 317 1197 343 τὸ
1221 315 1296 347 τέλος
1323 315 1499 351 χαριστήριος
1513 313 1595 349 ὕμνος
1611 312 1702 348 ᾅδεται
1723 311 1791 346 ὑπὲρ
1801 310 1854 346 τῆς

1067 362 1202 398 ἀγομένης
1217 362 1315 397 ψυχῆς,
1333 362 1392 396 ἦτοι
1417 360 1588 395 Ἐκκλησίας,
1600 359 1644 389 ἐἰς
1663 357 1735 384 θείαν
1752 357 1851 392 κληρο-

1066 409 1160 444 νομίαν
1169 408 1373 444 ἡτοιμασμένην
1384 409 1440 439 τοῖς
1447 406 1493 433 τοῦ
1500 405 1567 433 Θεοῦ
1576 405 1763 440 θεραπευταῖς.
1778 403 1853 431 Ἐστι

1066 455 1119 491 γὰρ
1135 455 1301 491 κληρονομία
1327 456 1382 485 τοῖς
1409 452 1588 488 θεραπεύουσι
1601 451 1715 486 Κύριονσ
1734 450 1810 476 Ἔστι
1823 449 1852 476 δὲ

1066 501 1134 537 αὕτη
1146 501 1176 528 ού
1193 501 1298 536 φθαρτή
1308 500 1354 526 καὶ
1367 501 1395 526 ἐν
1408 498 1528 534 αἰσθητῷ
1538 497 1644 532 πλούτῳ
1659 496 1756 531 ἔχουσα
1771 494 1850 522 εἶναι.

1066 548 1179 584 Εἴρηται
1198 548 1251 582 γὰρ
1276 546 1433 580 εἰσάγεσθαι
1457 545 1520 577 τοὺς
1540 543 1640 578 ταύτης
1669 542 1852 578 κληρονόμους

1064 595 1108 626 εὶς
1119 593 1319 627 κληρονομίαν
1333 592 1484 626 ἄφθαρτον
1497 590 1546 617 καὶ
1556 590 1700 624 ἀμίαντον
1716 588 1764 614 καὶ
1780 586 1854 621 ἀμά-

1061 649 1185 674 ραντον,
1196 638 1397 673 τετηρημένην
1406 638 1441 664 ἐν
1449 636 1598 671 οὐρανοῖς.
1615 636 1660 667 Εἰς
1675 634 1776 670 ταύτην
1790 634 1854 666 τοὺς

1066 686 1157 718 ἀξίους
1169 685 1259 711 καλῶν
1274 686 1288 711 ὁ
1299 684 1394 719 Σωτήρ
1403 692 1409 698 ·
1424 682 1512 708 Δεῦτε
1526 681 1559 707 ἑκ
1571 679 1678 712 δεξιῶν
1685 688 1754 713 μου,
1771 676 1854 711 εἴπερ

1066 733 1124 768 (sic)
1144 734 1170 759 οὶ
1193 730 1390 765 εὐλογημένοι
1412 727 1464 755 τοῦ
1490 727 1605 761 Πατρός
1622 735 1692 761 μου,
1711 726 1854 758 κληρονο-

1062 779 1179 814 μήσατε
1190 778 1247 811 τὴν
1255 775 1478 811 ἡτοιμασμένην
1485 773 1557 809 ὑμῖν
1564 772 1737 805 βασιλείαν.
1745 770 1853 805 Ταύτης

229 827 292 858 ptus
321 823 367 858 qui
401 827 561 858 praesentem
590 822 736 860 psalmum_
759 822 864 853 recitat,
890 821 944 848 Deo
968 820 1014 855 qui

1066 824 1154 859 ἔρωτα
1170 822 1258 849 λαϐὼν
1269 823 1282 849 ὁ
1296 822 1341 848 τὸν
1354 821 1511 855 ἐγκείμενον
1531 818 1637 854 ψαλμὸν
1657 817 1754 851 λέγων,
1771 816 1853 851 εὐχὴν

229 871 317 905 ipsam
330 870 489 905 praeparavit
503 869 654 897 orationem
664 868 772 900 emittit,
782 872 811 896 ut
820 868 918 903 dignus
935 868 1016 895 habe-

227 921 289 943 atur
302 916 348 951 qui
363 923 423 943 eam
438 916 588 943 secundum
613 920 807 943 testamentum
825 922 926 941 novum
947 921 1014 941 con-

228 966 369 997 sequatur,
385 961 422 988 ita
437 965 466 988 ut
478 961 658 996 inscriptione
675 960 732 992 illa,
747 969 795 996 pro
812 968 845 987 ea
860 967 918 996 quw
931 959 1014 987 fuere-

227 1008 337 1034 ditatem
362 1007 541 1042 consequitur,
556 1013 634 1034 suam
663 1006 751 1042 ipsam
776 1006 895 1032 animam
925 1006 1012 1040 signi-

227 1053 300 1082 licet.

262 1099 346 1128 VERS.
358 1100 387 1128 2.
406 1099 490 1127 Verba
506 1107 563 1126 mea
578 1098 686 1126 auribus
706 1099 817 1133 percipe,
833 1097 953 1131 Domine,
971 1099 1013 1125 in-

227 1147 313 1183 tellige
329 1147 470 1175 clamorem
487 1155 582 1173 meum.
601 1145 672 1172 Sane
684 1145 768 1173 verba
782 1153 829 1172 ore
846 1145 951 1179 prolata
965 1152 1014 1172 au-

226 1191 304 1218 ribus
329 1191 518 1226 percipiuntur
533 1194 561 1218 et
576 1189 725 1217 audiuntur
751 1199 758 1216 :
786 1189 890 1217 clamor
911 1193 1013 1221 autem,

226 1245 281 1266 non
298 1236 408 1271 quidem
423 1236 525 1268 verbis,
553 1235 659 1262 etiamsi
676 1236 728 1270 ipsi
745 1235 844 1263 dican't
855 1234 938 1262 Deum
954 1235 1015 1262 uni-

225 1291 367 1312 versorum
385 1290 415 1310 se
429 1289 605 1318 cognoscere,
617 1289 648 1309 ac
664 1281 743 1309 labiis
757 1281 901 1313 conﬁteri;
921 1281 969 1308 sed
987 1281 1015 1308 in

226 1329 320 1359 corde.
344 1328 402 1355 sive
425 1328 452 1354 in
467 1331 557 1355 mente
579 1335 673 1354 eorum
691 1326 798 1354 exsistit
818 1335 826 1353 :
853 1334 884 1353 ac
903 1334 937 1353 ne
961 1334 1014 1354 una

225 1374 335 1411 quidem
350 1381 413 1401 vera
430 1373 464 1401 de
475 1373 530 1400 Deo
546 1372 676 1408 cogitatio
688 1376 756 1399 erat.
773 1371 934 1406 llujusmodi
952 1379 1015 1408 pro-

225 1420 296 1448 fecto
307 1424 366 1447 crat
382 1423 445 1449 ante
454 1419 602 1447 Salvatoris
611 1419 756 1455 adventum
770 1422 856 1445 totum
873 1417 1013 1445 hominum

225 1474 321 1500 genus.
334 1465 469 1500 Insipicns
489 1469 579 1492 autem
601 1464 746 1491 admodum
759 1471 824 1490 vere
838 1470 870 1490 ac
885 1470 1014 1498 germane

1065 870 1221 906 ἀναπέμπει
1243 869 1281 904 τῷ
1304 868 1492 904 εύτρεπίσαντι
1506 866 1591 902 αὐτὴν
1608 865 1677 900 Θεῷ,
1693 865 1737 891 ἴνα
1751 863 1852 899 ἀξιωθῇ

1065 915 1232 951 κληρονόμος
1264 914 1347 949 αὐτῆς
1376 912 1446 939 κατὰ
1459 912 1508 947 τὴν
1525 911 1620 946 καινὴν
1639 909 1770 945 διαθήκην
1786 909 1853 934 ἀνα-

1064 961 1220 996 δειχθῆναι·
1236 960 1273 992 ὡς
1293 959 1340 986 καὶ
1373 959 1438 994 περ)¹
1461 958 1511 993 τῆς
1524 956 1606 984 αὑτοῦ
1624 955 1712 991 ψυχῆς
1727 954 1854 990 σημαίνει

1064 1007 1113 1043 τὴν
1129 1006 1284 1042 ἐπιγραφὴν
1299 1005 1348 1041 τὴν
1361 1004 1437 1039 ὑπὲρ
1451 1003 1507 1037 τῆς
1525 1002 1784 1046 κλτιρονομούσης.

1102 1096 1140 1123 Τὰ
1163 1094 1282 1130 ῥήματά
1307 1103 1366 1129 μου
1396 1093 1545 1123 ὲνωτίσαι,
1568 1092 1673 1125 Κύριε,
1696 1090 1788 1122 σύνες
1813 1088 1852 1122 τ]

1064 1141 1180 1176 κραινγῇ
1204 1150 1274 1176 μου.
1297 1140 1337 1166 Τὰ
1365 1139 1415 1175 μὲν
1441 1136 1486 1165 οὖν
1516 1138 1625 1173 ῥήματα
1650 1136 1694 1163 διὰ
1719 1136 1852 1170 στόματος

1063 1186 1284 1221 ἐπαγγελλόμενα
1302 1185 1368 1211 ὠσὶν
1391 1183 1518 1210 ἀκούεται
1541 1183 1586 1209 καὶ
1600 1180 1754 1212 ὲνωτίζεται
1765 1189 1772 1195 ·
1788 1181 1804 1214 ὴ
1821 1179 1853 1206 δὲ

1065 1231 1171 1268 κραυγὴ
1194 1231 1224 1257 οὺ
1251 1230 1294 1257 διὰ
1310 1229 1364 1256 τῶν
1389 1229 1485 1263 λόγων,
1507 1227 1558 1254 κᾶν
1582 1227 1659 1254 αὐτοὶ
1682 1222 1851 1252 εἰδέναιὲκαὶ

1063 1278 1203 1314 ὁμολογεῖν
1216 1277 1261 1303 τὸν
1271 1277 1318 1303 ἐπὶ
1334 1276 1441 1303 πάντων
1451 1275 1517 1302 Θεὸν
1527 1275 1582 1306 τοῖς
1591 1273 1690 1308 χείλεσι
1704 1272 1831 1306 φάσκοιεν
1840 1279 1848 1286 ·

1064 1325 1120 1353 ἀλλ’
1132 1325 1159 1350 ἐν
1175 1325 1207 1359 τῇ
1224 1323 1323 1358 καρδίᾳ⁴
1351 1321 1466 1353 ἑαυτῶν,
1484 1320 1623 1348 τουτέστιν
1640 1320 1668 1345 ὲν
1683 1319 1714 1352 τῇ
1727 1315 1850 1352 διανοίᾳ·

1063 1370 1123 1397 οὐδὲ
1152 1369 1201 1405 μία
1226 1378 1267 1400 τις
1295 1368 1398 1404 ἀληθὴς
1425 1367 1490 1403 περὶ
1515 1365 1583 1392 Θεοῦ
1606 1364 1728 1400 ὑπῆρχεν
1751 1362 1848 1388 ἔννοια.

1064 1417 1188 1447 Τοιοῦτος
1206 1416 1254 1451 μὲν
1274 1413 1320 1441 οὖν
1347 1414 1494 1449 ἐτύγχανεν
1505 1414 1558 1444 πᾶς
1575 1411 1589 1437 ὁ
1601 1411 1653 1446 πρὸ
1668 1410 1717 1444 τῆς
1731 1408 1777 1435 τοῦ
1796 1408 1852 1434 Σω-

1063 1462 1144 1498 τῆρος
1156 1460 1233 1496 ἡμῶν
1244 1459 1392 1496 παρουσίας
1405 1459 1469 1493 βίος.
1481 1458 1518 1492 (l)
1529 1457 1637 1491 ’Ἀφρων
1643 1455 1671 1481 δὲ
1683 1453 1852 1489 ἀληθέστατα

224 1513 325 1540 dicitur
339 1499 482 1548 quiinegat
504 1511 599 1539 Deum.
613 1510 681 1537 Nam
709 1510 732 1537 si
751 1509 857 1536 initium
879 1509 1014 1542 sapientite

1065 1507 1112 1534 καὶ
1139 1505 1314 1542 φυσικώτατα
1335 1506 1349 1531 ὁ
1371 1504 1530 1540 ὰρνησίθεος
1555 1502 1720 1537 ὠνόμασται.
1746 1500 1776 1525 Εἰ
1797 1499 1851 1534 γὰρ

227 1561 305 1587 timor
316 1559 467 1590 Domini“,
484 1557 625 1592 despcctio
641 1565 673 1584 ac
696 1560 870 1592 contemptus
885 1555 942 1588 Dei,
965 1563 1014 1590 op-

226 1606 331 1641 positus
347 1604 486 1640 sapientiae
498 1603 589 1631 fuerit.

260 1649 344 1677 Vsus.
359 1650 386 1677 4.
405 1649 537 1682 Quoniam
554 1648 588 1674 ad
617 1653 641 1674 te
665 1647 756 1680 orabo,
779 1647 908 1678 Domine,
939 1653 1015 1672 mane

226 1696 349 1724 exaudies
363 1703 449 1721 uocem
466 1703 550 1721 meam
564 1703 572 1720 :
587 1703 663 1721 mane
680 1694 790 1721 adstabo
806 1693 852 1720 tibi
868 1697 893 1719 et
916 1692 1014 1719 videbis

226 1750 275 1768 me.
291 1740 339 1768 liis
366 1740 480 1767 docetur
496 1739 587 1765 anima
603 1746 664 1773 quae
692 1738 879 1765 haereditatem
904 1738 1013 1772 accipit,

226 1788 388 1817 diurnorum
416 1793 529 1823 operum
556 1784 692 1819 primitias
717 1784 810 1812 divino
841 1792 901 1812 esse
925 1785 1012 1811 cultui

226 1832 429 1861 consecrandus
446 1841 452 1858 :
470 1830 541 1866 quod
559 1830 653 1865 utique
676 1837 731 1856 non
747 1829 859 1861 faceret.
877 1829 900 1856 si
916 1829 943 1856 in
955 1829 1014 1864 ipso

225 1879 308 1907 cubili
329 1879 356 1906 in
373 1878 432 1913 ejus
449 1877 613 1904 oblivionem
630 1876 743 1903 veniret.

261 1924 344 1952 Vsus.
361 1924 387 1956 5,
402 1924 429 1951 6.
444 1923 576 1956 Quoniam
592 1930 644 1948 non
657 1920 727 1948 Deus
742 1920 828 1947 volens
850 1920 1015 1956 iniquitatem

226 1976 254 1997 tu
268 1979 294 1998 es
311 1978 319 1998 :
335 1977 415 2004 neque
429 1968 558 1995 habitabit
567 1968 648 2002 juxta
668 1971 691 1994 te
704 1967 848 2001 malignus,
864 1975 945 2004 neque
957 1974 1016 2001 per-

225 2017 366 2045 manebunt
373 2003 469 2049 injusti
483 2019 542 2041 ante
556 2013 645 2041 oculos
661 2018 730 2040 tuos.
750 2012 847 2047 Utpote
861 2003 1015 2048 quae-digna

225 2062 317 2089 habita
344 2061 380 2089 sit
397 2067 456 2096 qua:
473 2060 669 2094 promissorum
684 2059 817 2086 bonorum
830 2058 1014 2085 haareditatem
1048 2084 1051 2087 Α

225 2108 371 2142 acciperet.
389 2106 498 2141 iniquos
516 2105 569 2133 sibi
596 2104 683 2132 oculis
703 2104 822 2139 subjicit.
840 2103 927 2139 Iniqui
942 2103 1015 2131 enim

224 2153 333 2182 etiamsi
345 2155 491 2194 antequam
516 2150 762 2187 pra-varicarentur
774 2150 853 2184 juxta
868 2154 894 2177 te
909 2149 1016 2176 habita-

1064 1554 1174 1588 σοφίας
1189 1552 1266 1587 ἁρχὴ
1277 1552 1368 1586 φόϐος
1380 1550 1464 1583 Θεοῦ,
1478 1548 1577 1584 ἀφοὸία
1589 1547 1635 1574 καὶ
1650 1546 1777 1581 ἀθέτησις
1791 1545 1852 1571 τοὺ-

1064 1599 1168 1626 ναντίον
1179 1599 1212 1626 ἂν
1231 1599 1334 1633 γένοιτο
1349 1597 1398 1631 τῆς
1413 1596 1517 1630 σοφίας.

1101 1646 1160 1672 ’Ότι
1173 1644 1247 1679 πρὸς
1260 1644 1298 1670 σὲ
1317 1642 1528 1677 προσεύξομαι,
1538 1641 1635 1674 Κύριε,
1656 1639 1687 1665 τὸ
1701 1637 1776 1672 πρωῒ
1790 1637 1853 1664 εισ-

1065 1692 1181 1725 ακοὺσῃ
1213 1691 1269 1725 τῆς
1292 1689 1394 1724 φωνῆς
1401 1696 1474 1723 μουε
1488 1687 1521 1714 τὸ
1535 1687 1608 1721 πρωϊ
1623 1682 1854 1720 παραστήσομαι

1065 1747 1114 1765 σοι
1129 1738 1177 1764 καὶ
1191 1736 1292 1771 ἐπόψῃ
1303 1745 1350 1771 με.
1368 1735 1529 1762 Παιδεύεται
1547 1734 1591 1760 διὰ
1605 1733 1706 1759 τούτων
1723 1732 1739 1766 ὴ
1755 1731 1854 1766 κληρο-

1065 1782 1184 1818 νομοῦσα
1206 1782 1254 1816 τὴν
1276 1780 1402 1816 ἀπαρχὴν
1427 1779 1480 1806 τῶν
1509 1776 1645 1814 ἡμερινᾶη
1667 1774 1794 1812 πράξεων
1823 1774 1852 1807 τῇ

1066 1829 1133 1864 πρὸς
1145 1828 1211 1854 Θεὸν
1225 1827 1377 1853 ἀνατιθέναι
1387 1824 1500 1860 λατρεία
1508 1832 1514 1839 ·
1526 1824 1593 1858 ὅπερ
1604 1823 1653 1848 οὐκ
1663 1821 1696 1847 ἂν
1713 1819 1798 1846 ἐποίει
1814 1818 1852 1854 μὴ

1066 1874 1113 1900 καὶ
1128 1873 1182 1899 ἀπὸ
1196 1872 1290 1907 κοίτης
1307 1871 1405 1906 ξχουσα
1419 1869 1468 1904 τὴν
1483 1867 1629 1902 ἀγνωσίαν.

1103 1920 1165 1946 ’Ὁτι
1181 1919 1248 1952 οὐχὶ
1262 1918 1331 1950 Θεὸς
1350 1916 1445 1944 θέλων
1454 1914 1581 1949 ἀνομίαν
1590 1913 1630 1940 σὺ
1646 1910 1682 1939 εἴ·
1702 1912 1738 1938 οὐ
1755 1919 1854 1944 παροι-

1067 1966 1153 2000 κνὶσει
1164 1974 1213 1992 σοι
1227 1964 1477 1998 πονηρευόμενος,
1495 1961 1565 1988 οὐδὲ
1575 1958 1748 1994 διαμενοῦσι
1760 1955 1854 1990 παρά-

1066 2021 1149 2046 νομοι
1162 2011 1319 2038 κατέναντι
1329 2009 1388 2036 τῶν
1402 2007 1563 2042 ὀφθαλμῶν
1577 2013 1645 2032 σου.
1672 2005 1715 2035 Ὠς
1732 2003 1764 2030 ἂν
1776 2001 1852 2038 ἠξιω-

1068 2058 1135 2093 μένη
1153 2057 1206 2084 τῶν
1233 2055 1444 2091 ἐπηγγελμένων
1465 2052 1574 2087 ἀγαθῶν
1596 2052 1613 2086 ἡ
1635 2048 1851 2086 κληρονομοῦσα,

1065 2104 1129 2135 τοὺς
1143 2103 1260 2137 ἀνόμους
1275 2101 1456 2128 ἐπιδείκνυσιν
1471 2100 1565 2134 ἑαυτῇ.
1576 2098 1607 2124 0i
1618 2097 1671 2131 γὰρ
1690 2095 1851 2131 παράνομοι,

1067 2150 1091 2176 εἰ
1106 2149 1153 2176 καὶ
1165 2148 1218 2184 πρὸ
1241 2148 1288 2174 τοῦ
1314 2146 1504 2183 παρανομῆσαι
1526 2143 1693 2179 παρῴκησαν
1716 2141 1757 2167 σοί
1776 2148 1851 2170 ποτε.

225 2201 322 2233 verint,
347 2184 576 2236 quemadmodum
603 2197 622 2224 ii
647 2196 693 2232 qui
710 2196 810 2232 Moysis
827 2196 914 2231 legem
935 2203 1013 2223 acce-

1065 2195 1191 2230 καθάπερ
1217 2194 1241 2220 oi
1258 2194 1302 2220 τὸν
1328 2192 1466 2222 Μωῦσέως
1493 2184 1633 2225 δεξάμενοι
1658 2188 1756 2223 νόμον,
1785 2185 1853 2219 ἀλλὰ

225 2256 303 2284 pere;
319 2250 347 2274 at
360 2250 503 2282 postquam
531 2244 699 2282 przevaricati
714 2247 789 2276 sunt,
810 2243 967 2270 nullatenus
984 2242 1010 2269 in

226 2294 342 2330 pristino
353 2293 412 2320 loco
423 2294 536 2319 manent
555 2300 562 2317 :
579 2294 607 2317 tu
627 2298 692 2318 vero
703 2289 793 2317 oderis
806 2296 853 2316 eos
867 2288 915 2323 qui
930 2295 945 2315 a
964 2287 1012 2315 Dei

225 2339 299 2366 cultu
314 2345 453 2366 recessere
463 2356 470 2370 ,
486 2340 590 2372 quanto
605 2340 726 2371 tempore
741 2335 759 2362 ii
774 2334 837 2362 odio
853 2334 934 2369 digna
949 2341 1011 2369 per-

225 2388 341 2421 petram.

217 2432 229 2435 "
263 2430 345 2458 Vsus.
363 2431 388 2461 7.
406 2429 432 2457 8.
449 2428 548 2460 Odisti,
570 2427 690 2460 Domine,
709 2435 797 2454 omnes
814 2425 859 2460 qui
873 2430 1014 2460 operantur

227 2477 401 2512 iniquitatem,
414 2475 504 2509 perdes
516 2482 604 2502 omnes
622 2473 667 2508 qui
682 2473 824 2507 loquuntur
837 2472 1013 2498 mendacium.

231 2523 323 2550 Virum
336 2522 493 2557 sanguinum
508 2526 532 2548 et
551 2520 673 2548 dolosam
691 2519 860 2546 abominetur
874 2517 1013 2544 Dominus.

226 2568 286 2597 Non
302 2568 390 2596 solum
419 2574 466 2595 eos
493 2566 539 2601 qui
559 2566 636 2598 olim,
655 2564 702 2593 sed
719 2564 801 2591 etiam
823 2571 871 2591 eos
888 2563 934 2598 qui
957 2563 1013 2597 jam

227 2617 376 2650 operantur
388 2612 569 2647 iniquitatem,
592 2611 616 2639 si
631 2611 739 2646 quidem
755 2610 783 2637 in
799 2609 903 2636 malitia
920 2617 1011 2644 perse-

227 2664 332 2692 verent.
351 2659 408 2687 odit
425 2658 496 2686 Deus
511 2667 518 2686 :
537 2665 568 2685 ac
579 2666 634 2693 prae
644 2657 773 2686 omnibus
789 2655 918 2691 perniciei
932 2655 1014 2683 tradit

263 2738 288 2755 "
307 2737 405 2765 lPetr.
422 2745 450 2769 ι,
466 2736 492 2763 4.
532 2736 555 2751 ⁸⁸
574 2735 670 2774 Matth.
685 2743 757 2768 xxv,
774 2735 818 2763 31.
858 2734 879 2749 "
899 2732 972 2761 Psal.
990 2740 1024 2759 cx
1036 2752 1043 2764 ,

265 2831 303 2868 (l)
323 2830 391 2859 Vide
405 2834 499 2858 notam
510 2828 540 2857 ‘in
554 2826 623 2864 psal.
639 2833 703 2854 xvu.

1066 2240 1222 2276 παραὸάται
1234 2238 1375 2273 γεγονότες
1385 2238 1416 2263 οὺ
1431 2236 1564 2272 μένουσιν.
1576 2235 1672 2265 Μισεῐς
1691 2233 1720 2259 δὲ
1732 2232 1778 2258 καὶ
1789 2231 1852 2261 τοὺς

1066 2286 1118 2319 ἔξω
1131 2286 1180 2321 τῆς
1195 2285 1350 2316 θεοσεϐείας
1370 2284 1399 2310 ὲν
1413 2284 1468 2318 ὅσῳ
1490 2283 1586 2318 μίσους
1600 2281 1662 2314 ἀξια
1676 2280 1850 2315 πράττουσιν.

1106 2426 1281 2460 Ἐμίσησας,
1304 2424 1402 2457 Κύριε,
1419 2422 1534 2453 πάντας
1549 2419 1620 2452 τοὺς
1639 2417 1852 2453 ἐργαζομένους

1065 2472 1121 2506 τὴν
1135 2472 1272 2506 ἀνομίαν,
1287 2469 1410 2502 ἀπολεῖς
1421 2468 1534 2500 πάντας
1549 2467 1619 2499 τοὺς
1633 2464 1802 2496 λαλοῦντας
1820 2462 1851 2488 τὸ

1065 2519 1188 2554 ψεῦδος.
1207 2517 1314 2551 ’Ἄνδρα
1328 2516 1459 2551 αΙμάτων
1472 2514 1520 2541 καὶ
1534 2513 1637 2540 δόλιον
1647 2511 1852 2544 βδελύσσεται

1065 2565 1181 2598 Κύριος.
1196 2564 1233 2591 Οὐ
1245 2563 1308 2594 τούς
1329 2570 1394 2589 ποτε
1417 2559 1630 2596 ἐργασαμένους,
1642 2557 1709 2583 ἀλλὰ
1728 2555 1774 2582 καὶ
1790 2554 1853 2585 τοὺς

1066 2609 1106 2635 ἔτι
1135 2609 1182 2635 καὶ
1207 2608 1254 2634 νῦν
1273 2606 1481 2643 ἐργαζομένους,
1503 2605 1541 2636 ὼς
1562 2603 1595 2630 ἂν
1619 2601 1794 2637 ἐπιμένοντας
1816 2599 1850 2634 τῇ

1067 2654 1163 2690 κακίᾳ,
1184 2654 1258 2689 μισεῖ
1269 2653 1284 2679 ὁ
1301 2652 1376 2684 Θεός.
1405 2650 1484 2686 Παρὰ
1498 2651 1600 2682 πάντας
1612 2648 1641 2675 δὲ
1657 2647 1766 2678 τούτοις
1777 2645 1853 2672 ἀκω-

1065 2732 1107 2760 10.
