2055 3214
211 70 261 98 117

779 70 1030 99 COMMENTARIA
1045 70 1080 98 IN
1101 69 1268 98 PSALMOS.
1320 63 1347 94 δέ)

1334 44 1357 60 ί.

1787 67 1838 95 HS

206 130 266 166 λείᾳ
297 132 462 168 παραδίδωσι
480 133 541 164 τοὺς
566 132 602 168 μὴ
619 133 698 169 μόνον
719 133 787 160 κατὰ
805 133 912 168 ἀπάτην
923 132 987 167 λογι-

1049 139 1107 163 eos,
1124 131 1169 166 qui
1194 138 1249 158 nan
1276 129 1356 157 modo
1370 137 1419 165 per
1447 128 1581 156 fallaciam
1605 128 1746 156 mendacia
1762 129 1840 164 cogi-

205 178 336 214 ζομένους
358 179 391 205 τὰ
403 179 500 214 ψευδῆ,
513 179 581 206 ἀλλὰ
602 180 650 207 καὶ
669 179 814 211 λαλοῦντας
845 179 924 211 αὐτὰ,
951 180 997 206 καὶ

205 224 309 260 ἑτέροις
322 225 555 260 διακονουμένους,
570 226 658 252 ὁποῖοι
682 227 862 261 τυγχάνουσιν
874 227 898 252 οἱ
913 225 995 256 ἄθεοι,

203 270 374 306 αίρεσιῶται.
390 273 444 298 Καὶ
457 272 503 298 ἐπὶ
514 273 580 298 πᾶσι
590 272 694 305 τούτοις
704 273 757 299 τὸν
766 272 861 307 ἄνδρα
868 272 997 307 ηίμιὶτων

205 312 531 348 βδειιύσσεταιιίύριος.
545 317 591 344 καὶ
607 318 635 344 ὲν
649 320 682 354 τῇ
700 317 744 354 ἴση
765 318 852 354 τούτῳ
877 317 996 353 τιμωρίᾳ

203 361 251 387 καὶ
274 361 323 388 τὸν
346 361 432 388 δόλιον
456 362 572 398 τίθησιν.
597 364 626 390 'U
648 364 676 391 δὲ
697 364 844 399 βδελυγμὸς
862 364 997 401 ὑπερϐάλ-

203 405 302 432 λουσαν
329 407 515 443 ἀποστροφὴν,
539 409 577 440 ὡς
599 409 646 436 ἐπὶ
667 410 776 445 μεγάλῳ
797 409 995 446 βιάσματι,τοῦ

204 451 416 488 βδελυσσομὲνου
433 454 501 490 πρὸς
509 454 554 481 τὸν
572 455 715 490 βδελυκτδν
732 456 892 491 παρίστησι.

238 499 337 533 Κύριε,
348 499 543 535 ὁδήγησόνμε
551 500 627 535 ὲντῇ
637 501 814 536 δικαιοσύνῃ
825 509 882 529 σου
890 511 896 517 ·
906 502 996 529 ἕνεκα

201 544 262 571 τῶν
287 545 403 579 ἐχθρῶν
422 555 482 580 μου
510 547 694 574 κατεύθυνον
714 548 844 575 ἐνώπιόν
864 557 922 576 σου
939 548 996 583 τὴν

202 590 276 617 ὀδόν
287 599 358 625 μου.
375 592 492 627 Χριστὸς
501 592 530 618 δὲ
543 594 560 627 ἡ
578 592 734 628 δικαιοσύνη
745 601 751 608 ·
772 593 855 625 αὐτὸς
868 593 921 629 γὰρ
936 595 995 628 ἐγε-

201 637 270 673 νήθη
287 638 368 672 σοφία
384 639 449 674 ἡμῖν
475 639 529 666 ἀπὸ
549 639 627 672 Θεοῦ,
643 639 800 676 δικαιοσύνη
813 649 842 667 τε
855 641 902 667 καὶ
915 641 994 675 ἁγια-

202 683 271 719 σμὸς
282 685 328 711 καὶ
342 685 540 721 ἀπολύτρωσις.

237 729 302 757 Ὀτι
319 732 373 758 οὐκ
396 731 482 758 ἔστιν
499 732 534 758 ἐν
554 731 594 764 τῷ
609 733 734 767 στόματι
747 733 847 761 αὐτῶν
857 733 991 767 ἀλήθεια,

200 777 220 810 ἡ
236 776 344 810 καρδία
372 777 472 804 αὐτῶν
491 779 611 813 ματαία.
628 779 736 806 Ματαία
757 780 784 806 δὲ
805 781 852 807 καὶ
871 780 926 807 τῶν
940 780 992 813 ἔξω

200 823 289 856 σοφῶν
303 823 318 859 ἡ
336 823 434 859 καρδία
451 826 515 861 περὶ
540 822 577 852 ὧν
595 826 700 862 εἴρηται
713 835 718 841 ·
732 827 839 860 Κύριος
854 826 993 861 γινώσκει

199 869 270 901 τοὺς
289 868 505 904 διαλογισμοὺς
524 871 583 898 τῶν
603 871 716 906 σοφῶν,
729 872 773 898 ὅτι
785 872 844 899 sla-2
852 872 971 907 μάταιοι
983 881 990 888 ο

197 912 234 942 ὧν
250 917 265 942 ὁ
282 916 385 951 λάρυγξ
405 917 521 943 ἀπέπνει
544 917 628 952 νεκρὰ
647 917 781 952 δόγματα,
797 917 843 943 τὸν
861 916 992 949 ζωοποιὸν

197 961 244 988 τοῦ
257 962 324 988 Θεοῦ
338 961 416 996 λόγον
430 962 466 997 μὴ
480 962 669 994 διδασκόντων,
686 962 732 990 τὸν
748 962 777 989 δὲ
792 963 875 998 ψευδῆ
888 963 935 989 καὶ
946 971 991 989 νε-

197 1008 263 1043 κρόν
273 1015 280 1022 ο
294 1007 404 1041 Κρῖνον
429 1007 550 1040 αὐτοὺς.
566 1009 582 1034 ὁ
596 1009 679 1040 Θεὸς,
693 1007 757 1039 τοὺς
768 1007 991 1040 ἐπιϐουλεύοντάς

199 1062 250 1088 μου
259 1054 320 1085 ταῖς
335 1054 397 1089 περὶ
413 1054 462 1089 τῆς
472 1053 523 1089 κλη
529 1054 654 1090 ρονομίας
669 1053 774 1080 ἐλπίσιν
784 1063 790 1069 ·
809 1051 882 1081 οὗτοι
896 1054 949 1090 γάρ
961 1063 990 1081 σε

196 1099 459 1136 παραπικραινοῠσι.
473 1099 601 1133 Κρῖνον·
630 1099 677 1126 σοῦ
688 1099 743 1134 γὰρ
759 1099 854 1132 σώζειν
880 1100 992 1128 σπουδά-

196 1145 300 1178 ζοντος,
315 1146 478 1182 πολεμοῦσιν
500 1146 730 1178 ἐπιϐουλεύοντες.
755 1147 884 1174 Βούλεται
899 1147 929 1174 δὲ
943 1147 991 1174 καὶ

196 1193 296 1225 αὐτοὺς
322 1193 446 1220 ἐντεῦθεν
476 1193 527 1230 ἢδη
556 1194 712 1228 κριθέντας
737 1194 921 1230 ὠφεληθῆναι,
941 1194 989 1222 τοῦ

196 1239 316 1275 πλήθους
325 1238 380 1266 τῶν
396 1239 482 1275 ἀσεόη
487 1240 579 1275 μάτων
592 1239 644 1272 ἔξω
658 1240 866 1276 γεγενημένους.

230 1327 286 1355 Καὶ
298 1328 555 1363 εὐφρανθήτωσαν
570 1329 681 1363 πάντες
706 1330 733 1356 οὶ
750 1329 922 1363 ἐλπίζοντες
939 1330 988 1357 ἐπὶ

194 1373 242 1406 σὲ,
260 1375 305 1406 εις
323 1373 417 1400 αιῶνα
432 1373 670 1408 ἀγαλλιάσονται
682 1374 731 1402 καὶ
744 1374 990 1409 κατασκηνώσεις

194 1419 230 1446 ἐν
243 1418 355 1452 αὐτοῖς.
372 1419 452 1446 Ἀλλὰ
464 1420 512 1446 καὶ
525 1419 572 1446 ἐπὶ
582 1420 635 1455 τῆς
644 1419 692 1446 τοῦ
702 1420 829 1456 Σωτῆρος
843 1418 988 1454 ἐπιδημίας

194 1464 391 1500 ηὖφράνθησαν
407 1465 431 1491 οἱ
444 1465 494 1500 τὴν
506 1465 588 1492 αὐτοῦ
602 1466 841 1502 καραδοκήσαντες
852 1466 989 1502 ὲνανθρώ-

194 1521 278 1547 πησιν
288 1521 294 1527 ·
307 1512 367 1547 ἤτις
391 1513 449 1544 τοῖς
472 1513 625 1549 προφήταις
642 1514 690 1540 καὶ
705 1515 761 1545 τοῖς
773 1513 862 1541 νοοῦσι
875 1515 909 1542 τὰ
925 1514 988 1541 τού-

193 1567 248 1584 των
261 1558 401 1592 ἠλπίζετο.
431 1558 603 1594 Ἐπεδήμησε
618 1559 672 1595 γὰρ
688 1561 702 1587 ό
720 1560 786 1592 Θεὸς
812 1560 898 1595 Λόγος
920 1560 989 1597 σὰρξ

194 1604 324 1638 γεγονὼς,
338 1604 487 1640 προσλήψει
509 1605 619 1640 σαρκὸς,
630 1606 674 1632 ἵνα
692 1605 818 1642 σκηνώσῃ
834 1607 862 1633 ὲν
874 1608 930 1639 τοῖς
943 1614 988 1633 πε-

197 1650 370 1677 πιστευκόσιν
383 1649 467 1686 αὐτῷ,
483 1650 604 1682 κατὰτὸ,
624 1651 651 1677 ’0
669 1652 764 1686 Λόγος
777 1652 855 1686 σὰρξ
868 1652 987 1688 ἐγένετο

197 1696 248 1723 καὶ
270 1696 442 1728 ἐσκήνωσεν
456 1698 491 1723 ἐν
501 1697 574 1731 ’ἡμῖν
589 1706 596 1713 ·
613 1698 637 1725 οἳ
650 1699 696 1724 καὶ
709 1699 749 1730 εὶς
762 1694 848 1726 αἰῶνα
858 1698 987 1733 ἀγαλλιά-

198 1751 298 1776 σονται,
316 1743 431 1778 ὁρῶντες
445 1743 492 1770 τοῦ
507 1744 694 1780 σαρκωθέντος
706 1744 791 1778 Λόγου
812 1744 868 1779 τὴν
880 1744 984 1777 δόξαν,

193 1788 234 1821 ὡς
257 1790 449 1824 Μονογενοῦς
477 1791 558 1824 παρὰ
586 1790 712 1824 Πατρός,
732 1792 851 1827 πλήρης
866 1791 987 1826 χάριτος

192 1836 241 1862 καὶ
252 1836 395 1869 ἀληθείας
421 1835 446 1862 οἵ
461 1836 508 1862 καί
518 1844 600 1870 φασιν
613 1846 618 1851 ·
629 1837 663 1863 El
673 1837 723 1864 καὶ
732 1837 903 1872 ἑγνωκαμεν
910 1837 986 1867 κατὰ

191 1881 294 1915 σάρκα
318 1882 458 1916 Χριστὸν,
487 1883 567 1909 ἀλλὰ
588 1882 647 1909 νῦν
662 1883 762 1910 οὐκέτι
787 1884 984 1919 γινώσκομεν,

193 1928 300 1962 ἔχοντες
313 1928 431 1963 Θεωρίαν
446 1929 495 1964 τῆς
509 1927 689 1964 δόξηςαὺτοῦ,
706 1929 765 1958 καθ’
784 1930 817 1965 ἢν
830 1930 986 1966 Μονογενὴς

191 1973 269 2009 παρὰ
286 1974 393 2010 Πατρός
407 1975 492 2001 ἐστιν.

227 2019 282 2045 Καὶ
298 2018 504 2053 καυχήσονται
516 2020 551 2047 ἐν
563 2021 611 2047 σοι
621 2022 648 2047 οἱ
659 2020 833 2055 ἀγαπῶντες
845 2021 878 2048 τὸ
892 2022 986 2058 ὄνομά

190 2071 260 2095 σου,
272 2065 315 2091 ὅτι
323 2065 363 2091 σὺ
374 2064 553 2100 εὐλογήσας
567 2065 683 2094 δίκαιον
694 2087 700 2093 .
717 2066 808 2103 Οὔσης
822 2067 901 2102 λόγου
912 2076 981 2095 καυ-

183 2109 383 2144 χήσεως,περὶ
393 2106 428 2146 ἦς
439 2111 454 2136 ὁ
466 2109 571 2142 Παῦλός
584 2119 666 2146 φησιν
678 2119 685 2126 ·
701 2111 810 2145 Μηδεὶς
822 2111 982 2146 καυχάσθω

1048 181 1122 209 tant;
1136 177 1183 204 sed
1195 176 1275 203 etiam
1292 176 1336 202 illa
1353 175 1504 210 proferunt,
1522 174 1636 210 aliisque
1650 183 1681 202 ea
1700 175 1726 201 in
1743 183 1772 202 re
1787 175 1838 202 ad-

1047 223 1167 250 ministri
1191 218 1280 250 sunt:
1298 221 1453 256 cujusmodi
1479 225 1543 248 sunt
1567 221 1637 248 athei
1659 227 1685 249 et
1706 221 1836 249 haeretici.

1049 270 1100 297 Sed
1119 270 1179 305 plus
1193 276 1274 304 quam
1298 276 1346 296 eos
1360 276 1466 299 omnes,
1491 268 1574 294 virum
1597 268 1754 303 sanguinum
1772 268 1838 295 abo-

1047 316 1165 342 minatur
1181 315 1319 346 Dominus,
1352 321 1384 341 ac
1397 313 1456 341 viro
1476 314 1539 341 item
1553 313 1646 342 doloso
1666 322 1716 349 par
1734 314 1840 350 suppli-

1047 364 1118 391 cium
1133 362 1262 390 destinat.
1272 361 1445 388 Abominatio
1462 365 1552 388 autem
1570 365 1717 388 extremam
1735 361 1837 389 abomi-

1047 409 1136 436 nantis
1156 409 1182 436 in
1197 408 1381 436 abominatum
1397 407 1577 441 aversionem,
1593 411 1685 442 utpote
1698 409 1725 436 in
1743 408 1838 436 fwdis-

1046 454 1116 481 simo
1132 453 1244 484 scelere,
1263 453 1406 488 significat.

1082 499 1166 527 Vens.
1203 499 1230 527 9.
1251 499 1382 531 Domine,
1409 499 1493 527 deduc
1509 508 1547 527 me
1575 500 1602 527 in
1631 500 1734 532 iustitia
1762 505 1836 528 tua:

1044 551 1148 580 propter
1168 546 1289 573 inimicos
1304 554 1374 573 meos
1390 545 1474 581 dirige
1491 546 1518 573 in
1540 551 1679 582 conspectu
1703 552 1746 573 tuo
1767 550 1836 574 viam

1045 602 1139 620 meam.
1158 593 1286 620 Christus
1302 600 1368 620 sane
1380 592 1487 627 justan
1500 598 1559 625 est;
1581 593 1639 628 ipse
1654 601 1771 628 namque
1787 602 1837 621 no-

1045 640 1086 667 bis
1100 647 1115 666 a
1127 639 1180 667 Deo
1196 639 1285 667 iactus
1299 644 1342 666 est
1357 639 1502 675 sapientia,
1516 639 1622 674 justitia
1640 640 1715 673 item,
1732 642 1836 668 sancti-

1045 685 1134 712 ﬁcatio
1150 690 1176 712 et
1193 685 1353 720 redemptio.

1078 731 1161 759 Vsus.
1192 731 1236 764 10,
1267 731 1310 759 il.
1343 730 1474 764 Quoniam
1506 740 1558 759 non
1587 733 1665 760 estin
1683 741 1726 760 ore
1744 742 1836 760 eorum

1044 777 1148 809 ve-itas,
1159 784 1204 803 cor
1218 784 1309 803 eorum
1327 784 1420 803 vanum
1431 782 1481 804 est.
1491 775 1598 803 Vanum
1613 783 1721 812 quoque
1736 780 1779 804 est
1789 785 1836 804 cur

1043 822 1211 850 exoticorum
1225 822 1461 858 philosophorum,
1476 822 1509 850 de
1518 823 1619 857 quibus
1636 823 1736 850 dicitur
1754 833 1761 850 :
1780 823 1836 850 Do-

1043 869 1129 896 minus
1155 869 1226 896 novit
1252 869 1424 904 cogitationes
1440 869 1600 903 sapientum,
1623 870 1748 905 quoniam
1762 878 1836 897 vuum

1043 919 1103 941 sunt
1118 914 1141 931 "
1154 924 1161 941 :
1183 922 1299 950 quorum
1314 919 1407 950 guttur
1421 915 1563 942 mortifera
1573 915 1682 943 exhalat
1696 915 1834 950 dogmata,

1043 967 1105 987 cum
1129 967 1184 986 non
1204 960 1340 996 viviﬁcum
1358 960 1405 988 Dei
1429 960 1543 988 verbum
1559 960 1673 992 doceat,
1690 961 1736 989 sed
1758 970 1835 989 men-

1042 1006 1120 1034 dacia
1134 1010 1160 1034 et
1177 1010 1285 1034 mortua
1298 1006 1421 1041 proferat
1435 1007 1529 1035 verba.
1548 1007 1646 1034 Judica
1663 1007 1736 1038 illos.
1753 1007 1831 1039 Deus,

1042 1053 1088 1088 qui
1115 1061 1181 1081 mete
1195 1053 1229 1081 de
1250 1053 1342 1081 futura
1370 1054 1528 1082 haereditate
1559 1054 1616 1090 spei
1641 1054 1832 1082 insidiantur:

1042 1107 1105 1126 nam
1122 1100 1140 1127 ii
1156 1103 1182 1128 te
1195 1108 1301 1128 summe
1314 1100 1433 1128 irritant.
1447 1100 1559 1133 Judica,
1581 1105 1607 1128 te
1626 1109 1744 1136 namque
1760 1101 1835 1129 salu-

1042 1149 1095 1174 tem
1111 1151 1233 1175 nostram
1249 1151 1424 1183 procurante,
1438 1148 1598 1176 insidiosum
1611 1149 1647 1176 illi
1665 1148 1765 1176 bellum
1784 1157 1832 1184 pa-

1041 1198 1112 1220 rant.
1125 1192 1252 1228 Peroptat
1270 1193 1353 1220 etiam
1371 1193 1504 1222 Dominus
1522 1194 1596 1229 ipsos
1609 1194 1651 1222 vel
1661 1194 1717 1227 ,iam
1726 1194 1834 1229 judica-

1042 1244 1082 1266 tas
1097 1239 1161 1267 inde
1172 1239 1273 1274 juvari,
1284 1240 1307 1267 si
1321 1239 1429 1275 quidem
1445 1247 1459 1266 a
1473 1240 1648 1268 multitudine
1663 1241 1832 1276 impietatum

1040 1284 1200 1313 abscedant.

1076 1330 1160 1359 Vens.
1178 1330 1227 1358 12.
1241 1330 1275 1358 Et
1287 1331 1410 1358 laetentur
1426 1339 1515 1359 omnes
1531 1332 1576 1368 qui
1592 1337 1699 1367 sperant
1710 1331 1737 1359 in
1755 1338 1789 1363 te.
1805 1333 1832 1360 in

1040 1381 1165 1404 aeternum
1177 1377 1347 1404 exsultabant
1361 1381 1387 1405 et
1403 1377 1538 1405 habitabis
1555 1378 1583 1404 in
1594 1378 1642 1405 eis.
1655 1378 1685 1405 ln
1698 1378 1756 1413 ipso
1770 1378 1831 1406 Sal-

1039 1422 1141 1449 vatoris
1155 1422 1273 1449 adventu
1289 1422 1371 1450 letali
1388 1426 1452 1450 sunt
1468 1422 1487 1449 ii
1512 1423 1559 1458 qui
1578 1422 1642 1457 ejus
1664 1423 1832 1452 incarnatio-

1040 1474 1100 1493 nem
1117 1467 1313 1501 exspectabant
1330 1476 1336 1494 :
1351 1475 1412 1502 quae
1427 1467 1536 1502 quidem
1565 1475 1628 1502 spes
1650 1467 1790 1502 prophetis
1799 1472 1832 1496 ,ει

1042 1512 1076 1539 iis
1091 1512 1141 1547 qui,
1153 1512 1229 1546 paria
1258 1512 1413 1540 sentiebant
1442 1513 1544 1542 inerat.
1566 1513 1684 1542 Advenit
1712 1521 1830 1549 namque

1040 1557 1112 1585 Deus
1126 1556 1245 1585 Verbum
1257 1565 1319 1585 cum
1332 1565 1398 1586 caro
1412 1558 1512 1586 factum
1525 1563 1579 1592 est,
1590 1563 1730 1595 assumpta
1747 1567 1830 1588 carne

1039 1607 1068 1630 ut
1078 1611 1139 1631 cum
1154 1603 1279 1631 ﬁdelibus
1292 1604 1349 1632 suis
1362 1604 1593 1640 habitaret,juxta
1610 1605 1677 1632 illud
1690 1615 1696 1633 :
1717 1605 1830 1632 Verbum

1038 1658 1100 1676 caro
1113 1649 1212 1685 factum
1228 1654 1267 1677 est
1283 1655 1307 1677 et
1321 1650 1450 1678 habitavit
1473 1651 1500 1678 in
1516 1651 1590 1678 nobis
1608 1651 1641 1678 ⁸³.
1657 1652 1677 1678 li
1695 1656 1784 1679 autem
1802 1652 1830 1678 in

1037 1700 1168 1723 :eternum
1195 1697 1392 1729 exsultabunt,
1420 1697 1544 1724 videntes
1578 1697 1712 1724 incarnati
1747 1696 1829 1724 Verbi

1037 1742 1150 1777 gloriam
1170 1743 1248 1777 quasi
1268 1742 1400 1778 Unigeniti
1417 1751 1432 1770 a
1451 1742 1542 1775 Patre.
1570 1743 1676 1777 plenum
1697 1744 1791 1778 gratio:
1805 1748 1829 1770 et

1037 1789 1154 1816 veritatis
1170 1789 1203 1817 ".
1224 1789 1276 1823 Qui
1302 1789 1397 1816 dicunt
1420 1789 1526 1817 etiam:
1549 1789 1610 1816 Etsi
1635 1790 1830 1825 cognoverimus

1037 1833 1172 1861 Christum
1183 1833 1326 1861 secundant
1340 1842 1460 1865 carnem,
1475 1841 1535 1868 jam
1550 1841 1602 1860 non
1618 1833 1690 1860 ultra
1711 1833 1830 1860 novimus

1036 1889 1096 1908 eum
1110 1881 1145 1913 ”,
1161 1881 1294 1908 habentes
1309 1880 1564 1915 contemplationem
1581 1880 1675 1915 gloria:
1693 1879 1764 1914 ejus,
1785 1887 1826 1907 se,

1036 1927 1156 1954 cundum
1169 1934 1250 1962 quam
1267 1931 1309 1954 est
1323 1926 1484 1962 Unigenitus
1496 1933 1511 1953 a
1525 1925 1616 1954 Patre.

1071 2013 1154 2042 Vsus.
1175 2014 1217 2042 15.
1235 2014 1270 2041 Et
1293 2013 1479 2050 gloriabuntur
1501 2016 1529 2043 in
1549 2019 1572 2042 te
1588 2015 1632 2050 qui
1651 2015 1764 2051 diligunt
1781 2024 1824 2042 no-

1035 2068 1093 2086 men
1120 2064 1205 2090 tuum,
1220 2061 1345 2096 quoniam
1372 2064 1399 2087 tu
1421 2060 1553 2088 benedices
1569 2061 1655 2095 justo.
1671 2060 1739 2088 Cum
1770 2061 1822 2096 glo-

1035 2105 1157 2132 riationis
1172 2106 1286 2133 verbum
1305 2106 1359 2139 sit,
1381 2106 1416 2134 de
1437 2114 1492 2141 quo
1510 2107 1614 2134 Paulus
1634 2106 1672 2134 ait
1692 2116 1698 2134 :
1728 2105 1826 2134 Nullus

190 2153 226 2179 ἑν
244 2154 419 2196 ἀνθρώποις,
441 2156 488 2182 καὶ
509 2156 523 2182 ὁ
540 2157 682 2193 προφήτης
693 2166 699 2172 ·
723 2157 772 2191 Μὴ
790 2158 952 2192 καυχάσθω
965 2158 981 2184 d

1039 2150 1160 2185 alorietur
1175 2151 1201 2178 in
1213 2151 1362 2179 honiinibus
1381 2152 1418 2186 “;
1433 2156 1461 2180 et
1474 2152 1605 2188 propheta
1619 2162 1624 2180 :
1646 2152 1688 2180 Ne
1699 2153 1826 2188 glorietur

191 2197 288 2232 σοφὸς
302 2198 337 2225 ὲν
353 2197 388 2232 τῇ
400 2199 493 2233 σοφίᾳ
506 2199 610 2232 αὑτοῦ,
627 2200 674 2227 καὶ
685 2200 719 2227 τὰ
732 2201 795 2236 ἑξῆς
805 2210 811 2216 ·
824 2202 855 2228 οὺ
869 2201 980 2238 τοιαύτη

190 2244 319 2279 τυγχάνει
334 2245 350 2280 ἡ
362 2244 410 2271 τοῦ
424 2245 549 2279 λέγοντος
558 2254 565 2260 ·
585 2246 666 2281 Ἐμοὶ
676 2247 710 2273 δὲ
722 2247 762 2282 μὴ
778 2248 895 2282 γένοιτο
911 2257 983 2278 καυ-

190 2290 302 2325 χᾶσθαι
322 2292 349 2317 εὶ
371 2291 414 2326 μὴ
437 2292 471 2318 ὲν
488 2291 528 2325 τῷ
548 2292 669 2327 σταυρῷ
691 2293 744 2320 τοῦ
766 2294 877 2328 Κυρίου
897 2293 983 2329 ἡμῶν

197 2336 300 2369 Ἰησοῦ
312 2337 441 2370 Χριστοῦ
451 2346 457 2352 ·
482 2338 547 2370 atat,
569 2338 595 2364 '0
616 2338 818 2373 καυχώμενος,
833 2339 868 2366 ἐν
883 2340 983 2374 Κυρίῳ

190 2381 362 2416 καυχάσθω.
380 2383 500 2410 Τοιοῦτοι
526 2384 591 2419 περὶ
616 2380 653 2411 ὧν
667 2385 681 2411 ὀ
695 2374 784 2419 λὸτγος,
798 2385 981 2420 ὴγαπηκότων

181 2428 272 2458 ἀὑτοῦ
294 2429 325 2455 τὸ
351 2429 445 2464 ὄνομα.
471 2429 632 2466 Προαιρέσει
652 2430 716 2465 γὰρ,
729 2431 759 2457 οὐ
772 2431 981 2467 φό6ῳ,τετιμη-

190 2474 269 2506 me;
297 2474 463 2509 ὲκαυχῶντο.
478 2475 569 2503 Αῐτιον
580 2475 608 2502 δὲ
624 2475 679 2510 τῆς
692 2476 869 2511 καυχήσεως
882 2477 911 2504 τδ
924 2477 980 2503 τῶν

191 2520 357 2555 ἐπουρανίων
381 2522 525 2556 τυγχάνειν
549 2522 697 2556 εύλογιῶν·
720 2523 784 2559 περὶ
808 2520 845 2550 ὧν
866 2532 948 2559 φησιν
966 2525 981 2550 ὁ

197 2567 355 2598 Ἀπὸστολος
364 2576 371 2582 υ
381 2567 553 2602 Εὐλογητὸς
569 2569 585 2594 ό
600 2568 672 2601 Θεὸς
686 2570 703 2595 ὀ
718 2567 890 2603 εὐλογήσας
902 2568 980 2603 ἡμᾶς

188 2611 224 2639 ἐν
235 2612 318 2647 πάσῃ
329 2613 452 2647 εὐλογίᾳ
464 2614 650 2648 πνευματικῇ
660 2614 695 2641 ἐν
707 2615 769 2648 τοῖς
779 2615 977 2650 ἐπουρανίοις.

188 2659 244 2685 Καὶ
260 2658 336 2690 τέλος
357 2658 385 2685 δὲ
407 2659 517 2693 ἀγαθῶν
536 2660 587 2695 τῆς
604 2659 784 2698 ἐλπιζομένης
796 2660 980 2698 κληρονομίας

223 2749 245 2763 θ’
266 2747 340 2775 Psal.
361 2755 443 2779 xcm,
462 2749 505 2776 ll.

189 2783 225 2800 "'
245 2783 333 2812 Galat.
353 2792 398 2817 vl,
421 2784 462 2812 Μ.
501 2784 522 2800 ⁶⁹²
543 2785 552 2812 1
569 2784 634 2812 Cor.
653 2795 680 2818 ι,
697 2786 742 2813 51.

544 2749 566 2765 ⁸³
583 2749 660 2777 Joan.
680 2758 705 2781 ι,
724 2750 767 2778 Η.
808 2751 831 2768 ⁸⁵
850 2751 916 2780 ibid.
955 2751 978 2767 ⁸⁸

1039 2751 1098 2780 Cor.
1119 2760 1132 2779 κ
1147 2771 1155 2784 .
1176 2752 1217 2779 16.
1257 2751 1279 2768 ⁸⁸
1300 2752 1389 2780 l‘Cor.
1409 2761 1454 2784 Ill.
1472 2754 1518 2782 ει.

1035 2197 1138 2230 sapiens
1157 2198 1184 2224 in
1210 2198 1341 2232 sapientia
1358 2207 1407 2225 sua
1423 2199 1444 2214 ⁵⁷
1455 2219 1462 2231 ,
1480 2203 1507 2226 ει
1523 2198 1644 2234 reliqua;
1657 2207 1711 2226 non
1730 2199 1824 2234 hujus-

1035 2244 1107 2270 modi
1122 2251 1188 2271 sane
1199 2244 1286 2279 gloria
1308 2244 1369 2280 ejus
1392 2248 1444 2277 est.
1456 2245 1502 2280 qui
1522 2245 1562 2272 sic
1578 2245 1618 2275 ait
1635 2255 1640 2272 :
1654 2245 1722 2272 Mi/ti
1739 2252 1825 2277 autem

1034 2289 1104 2316 absit
1128 2289 1256 2329 gloriari,
1277 2291 1330 2317 nisi
1350 2291 1377 2317 in
1407 2299 1484 2318 crure
1510 2290 1616 2318 Domini
1644 2291 1729 2318 nostri
1760 2290 1825 2318 Jesu

1034 2334 1133 2363 Christi
1149 2337 1194 2370 “7';
1207 2339 1256 2364 et:
1270 2337 1322 2370 Qui
1339 2337 1508 2373 gloriaturin
1523 2337 1638 2366 Domtno
1655 2337 1824 2373 glorietur“.

1034 2382 1115 2411 Tales
1129 2383 1147 2410 ii
1163 2388 1227 2412 sunt
1247 2383 1281 2412 de
1294 2384 1394 2419 quibus
1402 2384 1458 2419 jam
1477 2391 1567 2412 sermo
1584 2386 1636 2415 est,
1650 2383 1697 2419 qui
1720 2385 1824 2412 scilicet

1034 2429 1188 2459 dilexerunt
1207 2438 1307 2458 nomen
1332 2430 1403 2465 ejus.
1434 2430 1549 2465 Proprio
1575 2430 1649 2457 enim
1675 2430 1824 2459 voluntatis

1032 2476 1150 2509 delectu,
1168 2485 1223 2504 non
1237 2482 1326 2504 autem
1345 2477 1454 2510 timore,
1473 2476 1557 2503 Deum
1584 2476 1706 2504 colentes
1723 2477 1823 2513 gloria‘

1032 2521 1141 2549 bantur.
1160 2522 1246 2550 Porro
1260 2523 1426 2558 gloriatiom's
1438 2522 1596 2558 hujusmodi
1614 2530 1697 2550 causa
1711 2530 1726 2550 a
1739 2523 1819 2551 cmle-

1031 2569 1118 2597 stibus
1138 2569 1461 2605 benedictionibusquas
1478 2571 1652 2598 consecuturi
1674 2574 1739 2597 sunt
1755 2570 1820 2605 peti-

1031 2620 1092 2649 tur;
1109 2616 1142 2643 de
1156 2616 1257 2651 quibus
1271 2617 1308 2648 ait
1322 2616 1469 2652 Apostolus
1485 2627 1493 2644 -.
1510 2616 1668 2644 Benedictus
1682 2616 1822 2648 Dominus,

1027 2662 1074 2697 ‘qui
1087 2661 1218 2691 benedixit
1235 2673 1281 2693 nos
1301 2664 1329 2693 in
1352 2664 1424 2691 omni
1449 2664 1626 2692 benedictione
1639 2664 1774 2699 spirituali
1796 2665 1821 2692 in

1567 2754 1589 2769 "
1601 2752 1702 2781 Jerum.
1719 2760 1757 2785 Ix,
1774 2751 1820 2780 σε.
