2055 3214
270 123 322 151 “9

618 120 753 149 EUSEBII
772 120 1013 149 CAESARIENSIS
1032 119 1108 149 OPP.
1119 120 1208 148 PARS
1228 120 1270 149 ΙΙΙ.
1290 135 1327 142 —
1344 119 1550 148 EXEGETICA-
1631 112 1661 154 ψ

1846 123 1898 150 120

269 178 415 206 ιιιἸειιίὁιιδ
430 179 462 205 θ’.
493 177 568 205 Finis
599 183 688 206 autem
712 178 846 205 bonorum
872 177 899 205 in
928 185 959 204 ea
978 185 1054 213 quam

1114 178 1128 203 ὁ
1141 177 1191 213 τῆς
1214 178 1386 213 δικαιοσύνης
1409 177 1550 212 στέφανος,
1569 175 1600 205 οὗ
1623 179 1762 212 τεύξονται
1783 182 1806 208 οἱ
1828 182 1899 209 κατὰ

268 231 411 259 :peramns
437 223 611 257 haereditate,
630 228 672 252 est
694 232 798 252 corona
826 223 953 258 justitiaa,
977 231 1056 258 quam

268 274 468 298 consecuturus
481 274 523 297 est
539 269 665 305 quisquis
679 278 741 297 cum
756 270 841 298 Paulo
853 271 944 298 dicere
960 271 1032 298 valet
1050 281 1057 299 :

268 315 302 343 In
317 316 549 351 reliquovreposita
565 321 603 342 ut
620 316 685 342 milii
700 324 797 343 corona
808 316 923 351 justitia:
936 317 959 332 "
979 325 987 343 :
1005 323 1059 351 quo

267 369 368 397 genere
383 369 522 389 armorum
534 361 572 388 uti
585 361 657 390 Deus
673 362 770 395 voluit,
788 368 817 390 ut
836 370 901 390 suos
911 369 926 390 a
939 362 1060 398 quolibet

267 406 361 435 hostili
379 407 552 434 inimicorum
569 408 680 435 incursu
695 407 861 436 defenderet.

511 461 675 491 PSALMUS
691 463 797 490 DAVlD
814 463 855 491 Vi.

413 519 438 545 l.
457 518 489 546 In
502 519 581 553 ﬁnem
596 519 623 547 in
640 519 755 555 hymnis,
770 529 818 555 pro
832 526 934 549 octava.

301 587 403 616 Octava
420 592 462 616 est
476 588 605 616 salutaris
618 591 830 618 resurrectionis
845 591 948 620 Christi
966 591 1059 620 Domi-

265 634 327 661 nica
341 633 412 666 dies,
429 634 457 662 in
472 642 526 670 qua
542 639 717 670 peccatorum
734 637 855 664 omnium
871 638 1057 674 purgationem

265 686 326 707 esse
342 679 497 715 credimus;
512 682 539 709 in
555 689 609 717 qua
620 682 771 718 symbolice
786 684 896 719 quidem
914 686 1058 713 circumci-

266 723 400 752 iehantur
409 733 504 754 omnes
520 725 650 759 infantes,
668 726 717 754 sed
733 735 828 755 revera
845 736 892 763 per
911 737 1057 764 regenera-

265 771 368 799 tionem
395 775 528 807 purgatur
555 772 647 800 anima
675 773 804 808 quaelibet
832 774 859 801 in
883 773 937 802 Deo
955 775 1056 810 genita.

264 817 359 853 Usque
371 819 438 846 adeo
460 822 551 846 autem
577 819 753 854 praestantior
769 824 811 847 est
825 820 870 848 die
885 821 1010 856 septima,
1028 824 1058 848 ut

265 863 293 891 in
316 871 347 892 ea
372 865 495 893 solvatur
508 865 549 894 lex
569 864 694 897 Sabbati,
713 865 735 893 si
751 873 813 893 cum
833 870 930 893 octava
943 866 1057 894 infantis

263 909 309 938 die
322 910 424 938 incidat
439 911 552 939 Sabbati
569 911 628 940 dies
644 921 650 939 :
670 911 752 939 homo
767 911 867 947 quippe
884 912 927 940 vel
942 914 969 940 in
988 911 1057 940 Sab-

264 957 328 985 bato
346 958 561 986 circumciditur.

301 1000 383 1030 Vens.
417 1002 476 1030 2-4.
508 1001 628 1034 Domine,
667 1011 698 1029 ne
726 1003 754 1029 in
771 1002 860 1037 furore
888 1007 932 1031 tuo
958 1012 1056 1039 arguas

263 1054 314 1079 me,
326 1055 405 1082 neque
416 1047 442 1074 in
458 1048 500 1074 ira
516 1050 561 1074 tua
572 1047 701 1082 corripias
717 1056 768 1075 me.
785 1047 911 1076 Miserere
923 1049 983 1083 mei,
998 1049 1054 1077 Do-

263 1095 343 1126 mine,
371 1095 497 1130 quoniam
516 1095 637 1129 inﬁrmus
667 1102 744 1128 sunt;
774 1103 841 1122 sana
869 1095 1054 1130 me,Domine,

263 1140 387 1175 quoniam
402 1141 561 1168 conturbata
578 1144 640 1168 sunt
657 1149 718 1168 oua
741 1149 809 1168 mea.
825 1140 892 1168 Nam
914 1149 994 1170 omne
1008 1142 1056 1172 de~

263 1187 358 1215 lictum
373 1196 406 1216 ex
423 1187 582 1215 inﬁrmitate
597 1187 696 1220 oritur,
715 1187 779 1223 quia
790 1188 882 1215 anima
904 1188 937 1216 ad
956 1197 1055 1224 pravos

265 1240 372 1268 semper
382 1233 495 1261 allectus
506 1233 654 1261 inclinatur
670 1242 676 1260 :
693 1238 860 1268 quapropter
878 1233 912 1260 ad
929 1233 1056 1262 Servato-

264 1285 320 1305 rem
332 1282 359 1306 et
369 1278 516 1313 medicum,
534 1278 581 1306 Dei
597 1279 701 1307 scilicet
718 1278 828 1312 Filium,
843 1279 975 1315 confugit.
987 1280 1054 1308 Nam

262 1331 326 1351 eum
348 1324 375 1351 in
393 1325 512 1352 animam
537 1325 726 1352 rationabilem
751 1325 869 1358 advenit,
886 1330 978 1361 utpote
994 1334 1053 1354 ver-

262 1369 327 1396 bun
353 1374 380 1397 et
395 1370 466 1398 ratio
480 1370 539 1403 Dei,
563 1370 624 1405 ejus
639 1371 842 1399 irrationabiles
857 1376 948 1400 motus
967 1373 1055 1400 elimi-

262 1419 330 1448 nat;
347 1420 376 1442 ιιι
391 1416 536 1451 sapientia,
554 1416 587 1443 ab
603 1417 762 1452 insipientia
781 1417 866 1453 ipsam
890 1417 996 1450 liberat,
1025 1423 1054 1446 ut

262 1461 367 1495 iustitia
382 1461 416 1488 ab
433 1462 580 1497 injustitia.
608 1466 637 1488 ut
658 1462 757 1490 veritas
779 1471 792 1489 a
818 1463 970 1490 mendacio.
1000 1463 1054 1491 Ro-

261 1509 356 1537 bustas
379 1516 462 1544 porro
477 1509 560 1536 animi
587 1509 657 1537 vires
673 1509 840 1541 subindicat,
863 1517 924 1536 cum
938 1510 975 1536 ait
987 1518 1054 1538 con-

1113 224 1218 251 Παῦλον
1235 224 1323 259 λέγειν
1340 225 1497 260 δυνάμενοι·
1515 224 1626 252 Λοιπὸν
1642 226 1796 254 ἀπόκειταί
1810 236 1860 262 μοι
1881 229 1900 256 ὁ

1110 269 1165 304 τῆς
1175 270 1368 304 δικαιοσύνης
1378 270 1527 306 στέφανος
1536 280 1542 287 ·
1558 268 1634 308 ᾧπερ
1646 272 1793 308 ηὐδόκησεν
1807 275 1822 300 ὸ
1831 274 1900 308 Θεὸς

1109 315 1186 350 ὅπλῳ
1201 315 1354 351 χρήσασθαι
1371 316 1527 352 φυλακτικῷ
1541 316 1631 352 πάσης
1653 317 1747 352 ἐφόδου
1763 318 1898 354 πολεμίων

1114 359 1246 396 ἐπιούσης
1259 360 1330 386 κατὰ
1341 360 1396 387 τῶν
1407 361 1514 388 οἰκείων
1527 360 1620 388 αὑτοῦ.

1303 462 1450 489 ΨΑΔΜΟΣ
1473 462 1516 488 ΤΩ
1539 462 1639 490 ΔᾹΥΙΔ
1657 464 1702 497 (τ’.

1162 519 1215 551 Εις
1233 518 1267 545 τὸ
1283 518 1370 552 τέλος
1384 518 1418 545 ὲν
1441 518 1546 553 ὕμνοις
1562 519 1637 554 ὑπὲρ
1649 519 1706 554 τῆς
1724 520 1841 555 ὀγδόης.

1151 584 1245 620 Ὀγδόη
1255 586 1272 620 ἡ
1280 585 1464 620 ἀναπάσιμος
1471 585 1518 612 τοῦ
1532 586 1657 625 Σωτῆρος
1669 587 1760 623 ἡμέρα
1777 590 1896 625 κυριακὴ

1110 631 1259 667 σωτήριος,
1270 633 1299 658 ὲν
1339 632 1448 659 πάντων
1458 623 1664 670 ἁμαρτημάτων
1672 623 1819 670 καθάρσιον
1828 623 1897 662 εἶναι

1109 678 1273 714 πιστεύομεν
1282 687 1289 694 ί
1304 681 1332 706 ὲν
1375 679 1545 716 συμϐολικῶς
1559 681 1608 716 μὲν
1619 681 1690 708 ἆπαν
1706 682 1897 717 Ικεριειτέμνετιι

1109 724 1220 760 βρέφος,
1237 725 1308 752 κατὰ
1322 725 1350 752 δὲ
1363 725 1394 752 τὸ
1405 725 1504 762 ἀληθὲς
1525 727 1686 762 καθαίρεται
1701 727 1735 754 δι’
1751 728 1897 764 ἀναγεννή-

1109 779 1178 803 σεως
1193 772 1269 799 πᾶσα
1294 771 1324 798 ὲν
1350 771 1411 807 Θεῷ
1427 772 1501 808 ψυχὴ
1527 773 1693 808 γεννωμένη.
1715 773 1847 800 Τοσοῦτον
1868 774 1896 800 δὲ

1109 818 1233 852 κρεῖττον
1260 817 1329 853 αὑτὴ
1345 817 1395 852 τῆς
1407 817 1533 854 ἑϐδόμης,
1544 817 1582 850 ὡς
1592 819 1622 844 ὲν
1634 818 1702 854 αὐτῇ
1727 818 1836 846 λύεσθαι
1847 818 1897 854 τὴν

1108 862 1173 898 περὶ
1197 861 1244 889 τοῦ
1276 862 1410 890 σαϐϐάτου
1437 862 1606 898 νομοθεσίαν,
1629 864 1654 889 εί
1672 862 1819 891 καταλάϐοι
1835 864 1897 890 κατ’

1071 893 1093 922 Β
1108 893 1192 944 αὐτὴν
1205 909 1222 944 ἡ
1230 907 1276 935 τοῦ
1289 908 1405 944 βρέφους
1416 893 1495 944 ὀγδύη
1504 917 1510 925 ~
1526 893 1718 945 περιτέμνεται
1728 908 1782 944 γὰρ
1793 908 1896 945 ἀνθρω-

1107 962 1156 986 πος
1169 955 1198 981 ὲν
1213 954 1349 990 σαϐϐάτῳ.

1142 1001 1241 1035 Κύριε,
1260 1001 1303 1036 μὴ
1328 1001 1370 1034 τῷ
1384 1000 1467 1035 θυμῷ
1489 1009 1547 1028 σου
1558 1001 1686 1036 ἐλέγξῃς
1703 1009 1751 1036 με,
1763 999 1840 1035 μηδὲ
1857 999 1896 1035 τῇ

1106 1046 1181 1083 ὀργῇ
1195 1055 1254 1075 σου
1265 1047 1431 1082 παιδεύσῃς
1438 1055 1487 1082 με.
1514 1047 1660 1081 Ἐλέησόν
1671 1055 1720 1081 με,
1736 1047 1833 1081 Κύριε,
1850 1046 1895 1073 ὅτι

1106 1093 1240 1127 ἀσθενής
1262 1095 1337 1128 ειμι⁸
1355 1093 1440 1121 Iaca!
1458 1102 1506 1128 με,
1520 1093 1619 1127 Κύριε,
1637 1093 1682 1120 ὅτι
1694 1093 1842 1133 ἐταράχθη
1858 1092 1895 1120 τὰ

1107 1138 1182 1167 ὀστᾶ
1190 1148 1259 1174 μου.
1282 1139 1326 1172 Ἐξ
1342 1139 1483 1171 ἀσθενείας
1499 1138 1555 1174 γὰρ
1569 1138 1641 1166 ἅπαν
1654 1139 1806 1174 ἁμάρτημα
1819 1138 1894 1173 γίνε-

1106 1194 1162 1217 ται,
1182 1185 1251 1221 πρὸς
1273 1185 1304 1212 τὸ
1318 1186 1404 1219 πάθος
1418 1185 1462 1212 ἀεὶ
1486 1186 1536 1221 τῆς
1551 1185 1640 1220 ψυχῆς
1662 1184 1831 1220 ἐνδιδούσης·
1854 1185 1895 1211 διὸ

1105 1231 1273 1267 καταφεύγει
1286 1232 1354 1267 πρὸς
1375 1232 1422 1259 τὸν
1438 1231 1553 1267 Σωτῆρα
1580 1232 1626 1258 καὶ
1639 1231 1741 1267 ἰατρὸν,
1762 1230 1808 1257 τὺν
1829 1231 1894 1257 Ὶῖἱὸν

1105 1278 1152 1306 τοῦ
1167 1278 1245 1306 Θεοῦ.
1266 1278 1460 1314 Ἐγγενόμενος
1471 1277 1525 1314 γὰρ
1537 1277 1610 1314 ψυχῇ
1627 1279 1660 1313 τῇ
1673 1277 1779 1313 λογικῇ,
1793 1277 1829 1309 ὡς
1843 1277 1894 1312 μιν

1105 1324 1181 1359 λόγος
1194 1324 1261 1352 Θεοῦ
1278 1324 1327 1360 τὴν
1341 1324 1453 1360 ἀλογίαν
1467 1324 1551 1360 αὐτῆς
1561 1325 1732 1360 ἀφαιρεῖται·
1751 1323 1789 1355 ὡς
1805 1323 1832 1349 δὲ
1849 1331 1894 1349 σο-

1105 1372 1154 1407 φία
1166 1372 1217 1407 τῆς
1230 1371 1385 1407 ἀφροσύνης
1396 1371 1480 1407 αὐτὴν
1494 1370 1669 1402 ἀπαλλάττει,
1683 1369 1730 1396 καὶ
1744 1369 1781 1402 ὼς
1794 1369 1894 1396 δικαιο-

1106 1417 1172 1453 σύνη
1187 1418 1236 1453 τῆς
1250 1417 1366 1450 ἀδικίας,
1378 1418 1426 1444 καὶ
1446 1416 1484 1449 ὡς
1504 1416 1617 1452 ἀλήθεια
1629 1415 1676 1443 τοῦ
1692 1415 1806 1451 ψεύδους
1819 1417 1894 1443 ἐλευ-

1105 1465 1188 1503 θεροῖ.
1203 1466 1259 1498 Τὰς
1276 1466 1403 1498 νεανικὰς
1421 1465 1449 1493 δὲ
1469 1466 1520 1500 τῆς
1538 1466 1627 1501 ψυχῆς
1651 1466 1793 1500 ὑποφαίνει
1814 1466 1893 1494 δυνά-

1106 1521 1177 1548 μεις,
1187 1512 1352 1548 τεταράχθαι
1365 1512 1453 1547 φήσας
1469 1511 1551 1538 αὑτοῦ
1564 1511 1599 1538 τὰ
1610 1511 1688 1543 ὀστᾶ,
1702 1512 1735 1538 δι’
1748 1508 1784 1538 ὧν
1798 1511 1893 1539 εἴωθεν

260 1555 370 1582 turbata
390 1563 452 1582 esse
477 1562 540 1582 ossa
567 1563 635 1586 sua,
660 1555 761 1590 quibus
784 1555 899 1583 viriliter
926 1555 1053 1583 violentis

1105 1557 1269 1585 ἀντιϐαίνειν
1283 1558 1339 1589 τοῖς
1353 1557 1468 1584 πάθεσιν
1490 1556 1623 1592 ἀνδρικῶς
1637 1565 1644 1572 ·
1662 1557 1676 1583 ὃ
1692 1557 1724 1592 δὴ
1737 1557 1893 1592 σαφηνίζων

261 1601 344 1629 animi
356 1601 476 1628 motibus
490 1601 624 1628 obsistere
647 1601 771 1635 solebat;
786 1601 859 1636 quod
885 1601 911 1628 in
938 1609 1055 1637 sequen-

261 1647 334 1674 tibus
349 1647 471 1673 declarat
498 1647 541 1674 his
556 1647 644 1674 verbis
662 1657 669 1674 :
695 1646 731 1673 Et
751 1648 840 1675 anima
870 1656 927 1674 mea
949 1648 1054 1675 turbata

261 1699 299 1721 est
315 1693 400 1721 valde.
420 1693 523 1721 Medela
540 1698 631 1721 autem
651 1702 701 1729 pro
715 1694 873 1724 infirmitate
889 1696 997 1729 animze,
1014 1703 1055 1724 est

261 1747 276 1766 a
293 1739 348 1767 Deo
364 1739 462 1767 collata
486 1739 590 1771 virtus,
605 1747 689 1774 quam
716 1741 843 1776 quisquis
868 1741 973 1769 obtinet
987 1742 1024 1769 ait
1046 1752 1052 1770 :

262 1785 358 1814 Omnia
375 1793 483 1820 possunt
502 1787 530 1813 in
544 1785 649 1814 Christo
665 1787 709 1821 qui
728 1795 768 1814 me
784 1787 916 1822 confortat
927 1788 960 1815 '”.
975 1788 1053 1822 Quod

260 1835 350 1859 autem
364 1839 418 1859 non
431 1832 465 1859 de
479 1832 656 1860 sensibilibus
680 1833 791 1860 ossibus
811 1833 948 1868 loquatur,
964 1834 1053 1870 palam

260 1877 325 1904 facit
338 1877 404 1905 illud
420 1887 426 1905 :
443 1877 540 1906 Omnia
564 1887 625 1906 ossa
652 1887 709 1906 mea
729 1879 817 1906 dicent
833 1887 841 1906 :
857 1879 978 1913 Domine,
995 1881 1053 1916 quis

259 1923 355 1950 similis
370 1923 418 1950 tibi
433 1923 476 1950 "?
490 1927 517 1951 et
531 1923 598 1951 illud
620 1932 728 1960 quoque
741 1933 747 1951 :
762 1923 898 1959 Dissipata
914 1930 976 1952 sunt
992 1934 1053 1953 ossa

259 1973 351 1995 nostra
370 1977 444 1996 secus
460 1969 592 2004 infernum
605 1971 637 1996 ⁷⁸.

297 2014 328 2040 Et
350 2019 388 2046 tu,
422 2015 545 2048 Domine,
563 2017 716 2051 usquequn?
733 2016 895 2044 Diuturnum
919 2017 1054 2052 pmniten-

260 2059 303 2086 tia:
325 2068 381 2087 sua:
399 2064 507 2095 tempus
520 2062 656 2089 enuntiat.
682 2061 787 2089 Etenim
808 2062 916 2096 sapiens
934 2063 979 2089 ille
993 2062 1054 2089 ani-

259 2113 365 2132 marum
388 2106 521 2138 medicus,
551 2115 604 2134 non
631 2108 733 2139 statim,
759 2115 846 2143 neque
876 2107 910 2135 ad
936 2108 1052 2143 primam

258 2152 478 2186 elliagitationem
495 2153 694 2188 supplicantem
708 2154 826 2186 exaudit.
839 2159 869 2182 ut
883 2155 910 2182 in
922 2155 968 2182 i-llo
981 2154 1051 2190 aequi

258 2197 378 2232 bonique
400 2198 498 2226 affectu
521 2198 626 2227 diutius
642 2204 809 2234 permaneat.
826 2208 858 2227 ac
873 2201 978 2228 firmam
994 2206 1051 2228 sta-

1106 1603 1228 1640 ὲπήγαγε
1238 1612 1245 1619 ο
1263 1603 1317 1630 Καὶ
1331 1604 1350 1638 ἠ
1367 1603 1453 1638 ψυχή
1469 1612 1529 1638 μου
1539 1602 1686 1637 ἐταράχθη
1695 1603 1821 1638 σφόδρα.
1836 1604 1892 1630 Ἰα-

1107 1660 1149 1682 cn;
1164 1651 1192 1678 δὲ
1205 1651 1346 1682 ἀσθενείας
1358 1651 1446 1686 ψυχῆς
1457 1651 1474 1686 ὴ
1491 1651 1523 1676 ὲκ
1540 1650 1608 1677 Θεοῦ
1626 1650 1755 1686 δύναμιςσ
1771 1649 1804 1686 ἦς
1819 1651 1833 1677 ὸ
1846 1659 1892 1677 τν-

1106 1696 1160 1731 χών
1173 1705 1254 1732 φησι·
1272 1696 1374 1723 Πάντα
1395 1697 1490 1731 ἰσχύω
1505 1696 1540 1722 ἐν
1554 1695 1593 1728 τῷ
1610 1695 1830 1731 ἐνδυναμοῦντί
1853 1704 1892 1731 με

1105 1742 1228 1777 Χριστῷ.
1247 1742 1306 1769 Ὅτι
1324 1742 1352 1768 δὲ
1367 1743 1404 1777 μὴ
1422 1742 1532 1774 πάντως
1543 1741 1660 1778 αἰσθητὰ
1677 1742 1712 1769 τὰ
1729 1743 1805 1774 ὀστᾶ,
1818 1742 1892 1778 δηλοῖ

1104 1789 1146 1822 τὸ,
1160 1788 1262 1816 Πάντα
1269 1788 1305 1816 τὰ
1312 1787 1388 1817 ὀστᾶ
1397 1797 1457 1823 μου
1472 1788 1608 1823 ἐροῦσιν·
1626 1789 1724 1822 Κύριε,
1738 1789 1783 1822 τίς
1792 1788 1892 1824 ὅμοιός

1104 1842 1171 1867 σοι;
1202 1835 1256 1862 Καὶ
1272 1835 1313 1868 τὸ,
1329 1835 1546 1870 Διεσκορπισθη
1558 1834 1594 1862 τὰ
1607 1834 1683 1863 ὀστᾶ
1702 1834 1786 1870 ἡμῶν
1812 1834 1892 1870 παρὰ

1104 1881 1157 1909 τὸν
1170 1881 1256 1915 ᾅδην.

1139 2016 1193 2043 Καὶ
1220 2016 1272 2047 σὺ,
1296 2017 1404 2050 Κύριε,
1435 2014 1490 2047 ἕως
1524 2014 1612 2046 adre;
1642 2014 1698 2049 Τὴν
1723 2015 1769 2041 ἐπὶ.
1794 2013 1891 2049 μακρῷ

1103 2061 1191 2098 χρόνῳ
1210 2062 1362 2098 παράτασιν
1389 2062 1439 2097 τῆς
1462 2056 1559 2088 ἑαυτοῦ
1589 2061 1732 2096 μετανοίας
1752 2059 1889 2095 ἐμφαίνει.

1109 2109 1137 2135 Ὀ
1151 2109 1204 2144 γάρ
1216 2117 1257 2135 τοι
1280 2108 1360 2143 σοφὸς
1377 2107 1432 2135 τῶν
1453 2107 1546 2144 ψυχῶν
1567 2107 1657 2143 ἰατρὸς
1674 2107 1704 2134 οὺ
1722 2107 1890 2142 παραχρῆμα

1101 2155 1172 2182 κατὰ
1185 2154 1233 2190 τὴν
1248 2154 1359 2190 πρώτην
1371 2154 1537 2190 ἐπιστροφὴν
1551 2154 1680 2180 ἐπακούει
1690 2154 1736 2180 τοῦ
1751 2153 1888 2189 δεομένου,

1102 2201 1139 2233 ὡς
1150 2201 1179 2227 ἐν
1194 2200 1251 2233 ἔξει
1266 2201 1417 2236 παραμόνῳ
1440 2201 1552 2236 γένηται
1567 2199 1696 2234 τάγαθοῦ,
1712 2200 1822 2235 βεϐαίαν
1835 2200 1889 2226 δει-

259 2243 396 2278 bilemque
403 2243 530 2271 exhibeat
545 2245 748 2279 paenitentiam;
764 2246 811 2274 sed
820 2252 881 2281 post
895 2254 1049 2281 congruen—

1103 2247 1149 2281 ξας
1163 2248 1306 2283 μετάνοιαν
1318 2256 1326 2263 ο
1355 2248 1402 2274 καὶ
1418 2247 1486 2282 μετὰ
1505 2246 1554 2281 τὴν
1575 2247 1669 2282 ἱκανὴν
1682 2247 1831 2282 καρτερίαν
1842 2247 1890 2282 τὴν

258 2293 312 2318 teni
339 2291 365 2318 in
390 2290 545 2320 confitendo
570 2294 798 2327 perseverantiam
827 2304 834 2321 :
870 2294 921 2326 Me,
950 2295 1047 2331 inquit,

258 2336 388 2366 exorasti.
402 2340 516 2370 tempore
528 2343 632 2372 accepto
645 2339 768 2366 exaudiui
783 2344 807 2366 te
819 2339 852 2367 ⁷⁸.
869 2339 936 2367 Nam
951 2341 984 2368 iis
1001 2341 1048 2376 qui

258 2389 312 2408 non
326 2381 352 2408 in
364 2386 478 2416 peccato
494 2383 583 2418 ipsum
600 2383 728 2411 invocant
742 2385 816 2412 dicet
833 2394 838 2412 :
859 2385 956 2413 Adhuc
970 2391 996 2414 te
1011 2387 1048 2413 lo-

257 2431 368 2460 quente,
385 2427 452 2455 Ecce
466 2427 560 2455 adsum
572 2429 605 2456 ⁷⁸.

293 2472 378 2501 Vsus.
401 2475 460 2503 5-9.
481 2475 614 2509 Quoniam
639 2484 690 2503 non
722 2481 761 2504 est
783 2478 811 2504 in
832 2482 914 2505 morte
931 2479 976 2513 qui
994 2487 1047 2506 me-

258 2529 316 2547 mor
328 2521 362 2547 sit
383 2522 440 2553 tui;
455 2522 481 2548 in
494 2522 597 2556 inferna
617 2528 705 2551 autem
721 2525 781 2558 quis
796 2525 964 2558 conﬁtebitur
979 2525 1047 2554 tibi?

258 2565 388 2594 Laboravi
409 2568 435 2594 in
451 2569 549 2604 gemitu
566 2577 633 2602 meo,
653 2570 745 2597 lavabo
761 2579 806 2604 per
823 2571 943 2606 singulas
958 2576 1046 2599 noctes

256 2613 349 2640 lectum
374 2622 477 2647 meum,
498 2615 623 2651 Iacrymis
637 2617 700 2643 meis
712 2622 826 2643 stratum
847 2625 931 2644 meum
945 2617 1045 2653 rigabo.

256 2658 371 2695 Sapiens
385 2668 448 2687 cum
464 2665 536 2689 esset
551 2661 645 2695 David,
673 2671 727 2690 non
744 2663 889 2698 ignorabat
905 2664 1046 2698 praesentis

254 2707 316 2734 vita:
331 2710 448 2742 tempus,
466 2707 576 2736 medela?
587 2717 648 2736 esse
659 2713 862 2744 opportunum;
879 2718 934 2745 quo
953 2710 1046 2745 elapso

255 2759 334 2780 nemo
367 2759 441 2780 recte
455 2761 535 2789 agere
562 2755 644 2782 valet.
674 2755 802 2790 Nihilque
828 2763 882 2783 non
892 2756 946 2789 agit
958 2759 987 2782 ut
999 2764 1040 2783 sa-

292 2808 314 2826 "
334 2808 432 2847 Ephes.
452 2818 475 2847 ι,
493 2810 520 2847 ἦ.
559 2811 582 2826 ⁷⁰
602 2810 622 2836 ΙΙ
640 2810 710 2847 Tim.
729 2819 766 2846 tv,
783 2812 809 2840 8.
850 2813 871 2828 ⁷¹
892 2811 1010 2847 Philipp.
1028 2819 1070 2845 tv,
1090 2811 1134 2839 13.

255 2843 320 2872 Cor.
337 2853 361 2871 vr
374 2865 381 2877 ,
396 2844 423 2872 2.
463 2846 484 2862 ⁷³
506 2844 558 2874 lsa.
575 2854 657 2877 Lvni.
673 2846 699 2874 9.

1101 2295 1130 2320 ὲν
1153 2293 1360 2329 ἐξομολογήσει·
1386 2293 1470 2328 φησὶν
1499 2293 1656 2325 ὲνέπεισας·
1680 2292 1771 2326 καιρῷ
1797 2292 1889 2325 δεκτῷ

1100 2338 1258 2372 ἐπήκουσά
1281 2346 1350 2366 σου.
1381 2339 1443 2370 Τοῖς
1465 2338 1520 2374 γὰρ
1546 2338 1583 2374 μὴ
1601 2338 1631 2370 ἐξ
1652 2338 1786 2374 ἁμαρτίας
1809 2339 1889 2365 αὐτὸν

1101 2383 1326 2420 ἐπικαλουμένοις
1361 2385 1433 2419 ἐρεῖ·
1468 2385 1528 2411 Ἔτι
1559 2384 1703 2415 λαλοῦντός
1729 2392 1793 2416 σου,
1816 2382 1888 2411 Ἰδοὺ

1099 2431 1229 2465 πάρειμι.

1138 2477 1198 2503 Ὅτι
1217 2476 1272 2503 οὐκ
1298 2475 1383 2503 ἔστιν
1410 2476 1445 2502 ἐν
1463 2475 1504 2509 τῷ
1519 2476 1637 2510 θανάτῳ
1659 2478 1676 2503 ὁ
1694 2476 1889 2511 μνημονεύων

1100 2531 1169 2554 σου,
1181 2523 1216 2550 ἐν
1229 2522 1263 2549 δὲ
1276 2523 1316 2556 τῷ
1327 2522 1384 2556 ᾄδῃ
1402 2523 1447 2556 τίς
1459 2522 1713 2558 ἐξομολογήσεται
1729 2531 1792 2554 σοι;
1811 2523 1888 2549 Ἑκο-

1100 2570 1196 2596 alam:
1222 2570 1257 2596 ἐν
1281 2569 1437 2604 στεναγμῴ
1463 2578 1533 2604 μου,
1550 2570 1652 2596 λούσω
1671 2569 1736 2596 καθ’
1755 2568 1888 2602 ἑκάστην

1101 2615 1195 2642 νύκτα
1208 2614 1265 2649 τὴν
1278 2616 1388 2649 κλίνην
1399 2624 1470 2650 μου,
1486 2615 1654 2650 ἑνδάκρυσι
1662 2624 1722 2650 μου
1732 2614 1788 2648 τὴν
1797 2623 1887 2649 στρω·

1096 2661 1179 2696 μνήν
1192 2670 1251 2696 μου
1265 2662 1373 2696 βρέξω.
1393 2662 1476 2696 Σοφὸς
1492 2661 1529 2689 ὢν
1541 2662 1555 2688 ὁ
1569 2661 1649 2688 Δαυῒδ
1668 2662 1718 2688 οὐκ
1732 2661 1824 2696 ἠγνόει
1840 2660 1885 2695 τὴν

1100 2707 1240 2743 παροῦσαν
1255 2707 1327 2742 ζωὴν
1348 2707 1495 2743 θεραπείας
1514 2706 1582 2734 εἶναι
1601 2707 1706 2743 καιρὸν,
1724 2706 1782 2742 μεθ’
1799 2706 1828 2732 ὃν
1843 2706 1873 2732 οὐ

1093 2754 1148 2784 Gel:
1165 2753 1291 2789 κατορθοῖ
1301 2761 1307 2768 ·
1323 2753 1370 2780 καὶ
1381 2753 1470 2780 πάντα
1484 2754 1599 2788 πράττει
1610 2753 1810 2790 Θεραπευθῆναι
1827 2753 1884 2787 βουι

1184 2811 1207 2827 ’³
1227 2810 1300 2838 Psal.
1322 2818 1422 2844 ualv,
1441 2810 1484 2839 10.
1522 2811 1546 2827 ⁷³
1566 2810 1637 2839 Psal.
1654 2818 1722 2843 ειη,
1742 2809 1767 2837 7.
1824 2810 1846 2824 τε
1865 2808 1885 2836 ll
