2055 3214
169 149 217 176 121

733 142 984 173 COMMENTARIA
1004 142 1036 170 IN
1057 142 1226 175 PSALMOS.

1306 115 1340 158 Ἴ
1738 141 1791 170 r22

167 209 291 244 λόμινος,
319 207 384 242 πρὶν
408 205 460 231 ὑπὸ
486 205 532 231 τοῦ
563 207 652 233 κοινοῦ
674 203 885 238 καταληφθῆναι.
909 201 953 228 Διό

1008 200 1120 227 nitatem
1144 200 1282 231 obtineat,
1305 200 1462 235 priusquam
1502 206 1517 225 a
1544 196 1682 226 communi
1699 195 1793 226 debito

168 264 250 291 φησιν
261 264 268 270 '
303 253 377 279 ’Λντὶ
400 253 464 288 μιᾶς
479 252 574 283 νυκτὸς
592 251 652 278 καθ’
670 251 703 286 ἣν
719 250 850 286 ἥμαρτον,
865 249 955 280 πάσας

166 300 382 337 ὲξομολογοῦμαι
413 299 463 331 τὰς
486 300 598 330 νύκτας,
611 297 764 324 ἀποπλῦναι
787 295 956 332 πειρώμενος

167 348 296 384 ἐμαυτὸν.
309 347 357 374 καὶ
370 346 419 382 τὴν
433 346 475 381 ἐφ’
487 346 520 382 ἢν
533 345 655 380 ἥμαρτον
671 343 764 378 κλίνην
780 343 894 381 δᾷκρυσι
907 350 955 378 με-

167 395 287 426 τανοίας.
310 391 375 421 Οἶδα
401 392 454 430 γὰρ
471 392 499 419 δὲ
518 391 570 419 κᾶν
587 390 657 427 τύχῃ
671 390 719 426 τῆς
731 389 854 424 ἀφέσεως
872 389 956 422 ἐπαγ-

169 441 309 477 γέλληται,
324 441 449 477 δακρύων
464 442 548 478 πέρας
563 442 611 477 οὐχ
625 441 704 474 ἕξειν.
721 441 757 467 Τδ
770 440 808 474 δὲ,
834 439 883 472 Τίς
903 437 952 470 ἐξ·

169 487 390 523 ομολογήσεταί
412 496 477 519 σοι;
502 488 561 514 ἀντὶ
580 488 638 521 τοῦ,
652 487 761 521 οὐδείς,
777 487 880 513 κεῖται·
904 484 952 512 νῦν

170 534 224 570 γὰρ
241 534 271 560 οὐ
289 534 416 570 σημαίνει
429 534 460 561 τὸ
472 534 591 562 σπάνιον.

209 662 370 697 Έταράχθη
396 661 456 689 ἀπὸ
482 661 576 696 θυμοῦ
591 662 608 688 ὁ
630 661 783 696 ὀφθαλμός
797 669 867 695 μου,
883 660 954 687 ἐπα-

167 708 299 743 λαιώθην
321 708 356 735 ἐν
384 707 460 735 πᾶσι
477 707 539 741 τοῖς
565 707 682 742 ἐχθροῖς
698 716 768 742 μου.
790 707 822 734 Ἦ
847 707 953 743 μνήμη,

166 755 246 790 φησὶ,
256 754 302 781 τοῦ
316 753 402 789 θυμοῦ
410 763 455 781 σου
473 754 519 781 καὶ
534 754 583 789 τῆς
606 754 690 790 ὀργῆς
704 753 750 780 τὴν
762 753 828 789 ὲμὺν
840 753 954 789 ἐτάραξε

167 801 244 829 νοῦν·
259 801 310 837 δδὴ
323 801 457 828 διδάσκων
472 801 589 836 ὁΣωτὴρ
600 801 692 836 ἔλεγεν
702 809 708 816 ·
727 797 760 824 ’0
772 801 887 835 λύχνος
901 799 954 827 τοῦ

164 849 303 883 σώματος
325 847 411 875 ἐστίν
434 849 450 875 ό
471 848 633 882 ὀφθαλμός.
652 848 688 874 Οὺ
703 847 757 883 γὰρ
779 847 896 883 ἐγχωρεῖ
907 847 955 874 ἕνα

163 894 220 921 τῶν
234 895 306 921 δυεῖν
322 893 468 929 ὀφθαλμῶν
480 893 525 921 τοῦ
540 893 664 929 σώματος
683 893 778 929 λύχνον
793 891 860 920 εἶναι
874 901 881 908 θ
896 892 953 919 ἀλλ’

162 940 223 967 οὐδὲ
239 941 394 976 σωματικδς
406 940 544 976 ὀφθαλμὸς
556 941 609 967 ὑπὸ
625 939 710 976 θυμοῦ
726 940 892 976 ταράσσεται
906 938 952 966 τοῦ

163 986 243 1014 Θεοῦ.
276 987 349 1014 Ἀντὶ
372 986 583 1023 κατορθώματος
614 987 642 1014 δὲ
667 986 876 1022 καταριθμεῖται
904 986 953 1018 τὰς

165 1033 236 1065 ἰδίας
260 1033 444 1065 κακοπαθείας
456 1042 462 1049 ·
481 1035 510 1060 ὲν
527 1031 570 1065 αἶς
586 1034 632 1061 καὶ
657 1033 706 1069 τὴν
721 1033 841 1060 κάκωσιν
857 1041 887 1060 τε
906 1033 954 1060 καὶ

163 1079 339 1112 ταπείνωσιν,
350 1079 384 1115 ἢν
395 1079 441 1106 ἐπὶ
451 1079 574 1106 πλεῖστον
582 1079 677 1116 χρόνον
690 1080 719 1106 ὲν
733 1079 825 1114 μέσοις
837 1080 954 1106 ἐποιεῖτο

164 1128 222 1158 τοῖς
236 1127 312 1158 ίδίοις
327 1126 444 1162 ἐχθροῖς.

204 1173 364 1207 Ἁπόστητε
377 1172 427 1199 ἀπ’
441 1171 525 1207 ἐμοῦ.
538 1171 684 1204 πάντες-οι
699 1170 884 1206 ἐργαζόμενοι
897 1170 954 1205 τὴν

162 1218 301 1254 ἀνομίαν,
325 1219 369 1246 ὅτι
399 1218 564 1252 είσήκουσε
585 1219 691 1252 Κύριος
709 1217 763 1252 τῆς
778 1217 881 1252 φωνῆς
900 1217 953 1244 τοῦ

163 1264 320 1299 κλαυθμοῦ
337 1273 407 1298 μου.
431 1263 602 1297 Είσήκουσε
617 1264 725 1298 Κύριος
737 1263 792 1298 τῆς
823 1263 954 1297 δεήσεώς

161 1320 232 1346 μου,
258 1311 366 1345 Κύριος
396 1309 454 1345 τὴν
468 1309 646 1345 προσευχήν
661 1319 721 1345 μου
740 1309 951 1344 προσεδέξατο.

162 1357 410 1393 Αισχυνθείησαν
443 1357 494 1384 καί
525 1357 749 1391 ταραχθειησαν
783 1356 893 1390 πάντες
927 1358 954 1384 οἱ

162 1404 265 1439 ἐχθροί
276 1413 347 1439 μου,
371 1403 629 1439 ἐπιστραφείησαν
650 1404 699 1431 καὶ
715 1403 955 1439 αἰσχυνθείησαν

162 1449 282 1485 σφόδρα
307 1449 357 1477 διὰ
380 1449 500 1484 τάχους.
535 1450 669 1486 Ἐπηκόου
695 1450 783 1485 τυχὼν
803 1449 851 1476 τοῦ
875 1449 952 1482 Θεοῦ,

163 1495 323 1531 ἐπιστρέφει
347 1495 429 1522 πάλιν
443 1495 511 1531 πρὸς
530 1495 611 1523 αὐτὸν
623 1496 672 1530 τὴν
687 1496 780 1531 εὐχὴν,
797 1496 844 1522 καὶ
862 1503 953 1531 παρα-

1007 246 1264 280 comprehendatur.
1275 245 1455 279 Quamobrem
1465 245 1502 272 ait
1512 254 1518 272 :
1527 244 1581 273 Pro
1590 251 1643 271 una
1652 247 1731 272 nocte
1739 251 1793 279 qua

1005 296 1147 328 peccatum
1162 292 1269 323 admisi,
1291 299 1338 327 per
1357 291 1478 326 singulas
1495 295 1588 319 noctes
1606 290 1748 324 conﬁteor,
1765 291 1793 318 id

1006 343 1133 374 satagens
1148 343 1177 366 ut
1199 338 1332 372 meipsum
1357 341 1384 365 et
1411 337 1510 365 lectum
1535 337 1563 364 in
1587 345 1641 372 quo
1669 336 1791 372 peccavi,

1005 384 1173 420 ptenitentia:
1199 383 1327 419 lacrymis
1352 383 1471 411 abluam.
1497 381 1585 410 Probe
1611 382 1669 410 scio
1699 382 1791 414 enim,

1005 431 1111 459 etiamsi
1141 430 1331 458 remissionem
1356 429 1528 465 polliceatur,
1548 436 1590 456 me
1624 428 1792 464 lacrymandi

1004 481 1097 506 tamen
1126 477 1206 504 ﬁnem
1237 483 1377 511 nunquam
1410 475 1557 503 facturum.
1578 473 1648 502 Illud
1673 479 1762 501 autem
1784 484 1790 502 :

1005 523 1071 557 Quis
1087 522 1253 558 conﬁtebitur
1274 521 1342 549 tibi?
1366 521 1426 548 loco
1441 521 1528 554 verbi,
1549 520 1648 552 nullus,
1675 520 1794 554 positum

1004 573 1057 603 est,
1072 577 1161 605 neque
1178 569 1252 597 enim
1268 568 1434 604 paucitatem
1449 566 1638 595 conﬁtentium
1660 574 1733 594 nunc
1756 566 1794 595 si-

1004 615 1124 652 gniﬁcat.

1040 660 1123 690 Vens.
1140 661 1167 689 8.
1187 660 1319 688 Turbatus
1331 665 1371 687 est
1385 668 1402 687 α
1419 659 1508 694 furore
1525 658 1616 686 oculus
1641 667 1713 686 meus
1733 666 1742 685 :
1758 659 1796 686 in-

1004 708 1117 735 veteravi
1133 708 1201 734 inter
1227 714 1315 734 omnes
1340 706 1461 733 inimicos
1487 714 1567 733 meas.
1587 706 1726 738 Memoria.
1753 707 1796 733 in-

1005 755 1075 790 quit.
1091 754 1191 782 luroris
1214 754 1314 788 ineque
1329 758 1381 780 tua:
1398 757 1516 780 utentem
1539 759 1626 780 meam
1651 753 1769 780 turbavit
1786 762 1793 780 ι

1005 800 1078 835 quod
1092 800 1181 835 ipsum
1209 799 1334 827 Salvator
1358 799 1401 827 his
1422 798 1514 827 verbis
1538 798 1632 826 docuit
1650 808 1657 827 :
1673 798 1794 826 Lucerna

1005 847 1123 881 corporis
1149 847 1187 873 tui
1217 850 1256 873 est
1280 845 1371 872 oculus
1389 850 1449 872 tuus
1470 845 1505 872 ⁷⁸.
1523 845 1617 880 Neque
1637 846 1710 873 enim
1735 845 1794 873 ﬁeri

1004 896 1104 928 potest,
1119 897 1149 919 ut
1166 901 1237 920 unus
1255 896 1360 919 tantum
1374 899 1408 920 ex
1420 891 1529 919 duobus
1542 891 1630 920 oculis
1646 892 1682 920 sit
1696 899 1795 927 corpo-

1003 941 1043 968 ris
1067 939 1178 967 lucerna
1195 948 1201 966 :
1221 941 1248 965 at
1264 945 1352 973 neque
1373 945 1524 975 corporeus
1552 938 1650 966 oculus
1667 945 1682 965 a
1701 937 1795 966 furore

1004 985 1052 1014 Dei
1063 985 1200 1013 turbatur.
1219 982 1293 1011 Inter
1309 986 1384 1010 recte
1398 982 1471 1010 facta
1493 990 1560 1010 vero
1581 982 1752 1010 calamitates
1766 985 1795 1009 et

1003 1039 1139 1060 mrumnas
1153 1038 1217 1058 suas
1233 1033 1392 1068 enumerat;
1413 1029 1441 1056 in
1457 1028 1557 1064 quibus
1572 1027 1738 1056 recensenda
1752 1030 1795 1054 est

1004 1077 1115 1105 atllictio
1127 1076 1173 1104 illa
1191 1079 1217 1103 et
1232 1075 1360 1110 abjectio,
1378 1083 1459 1110 quam
1473 1074 1605 1102 diuturno
1621 1079 1741 1108 tempore
1752 1072 1796 1100 inn

1003 1129 1045 1152 ter
1061 1122 1165 1150 medios
1180 1121 1307 1149 inimicos
1320 1128 1469 1156 perpessus
1479 1123 1531 1148 est.

1039 1169 1122 1198 Vens.
1153 1168 1231 1196 9-H.
1262 1166 1392 1194 Discedite
1420 1175 1436 1194 ιι
1463 1175 1514 1198 me,
1539 1173 1627 1193 omnes
1646 1165 1690 1200 qui
1703 1172 1795 1199 opera-

1004 1216 1069 1243 mini
1083 1209 1258 1251 iniquitatem,
1278 1213 1402 1250 quoniam
1416 1212 1549 1239 exaudivit
1567 1211 1695 1238 Dominus
1709 1218 1795 1237 vocem

1003 1262 1081 1297 ﬂetus
1098 1261 1159 1288 mei.
1177 1258 1320 1287 Exaudivit
1333 1257 1461 1285 Dominus
1477 1257 1686 1292 deprecatione»:
1699 1265 1794 1289 meum,

1004 1307 1133 1334 Dominus
1160 1306 1305 1334 orationem
1323 1313 1408 1332 meam
1428 1304 1552 1339 suscepit.
1587 1302 1751 1330 Erubescaut
1771 1307 1796 1329 et

1004 1344 1190 1380 cointurbcntur
1223 1360 1311 1379 omnes
1336 1351 1438 1378 inimici
1468 1350 1530 1381 mei,
1556 1348 1755 1383 confundantur
1771 1354 1797 1375 et

1004 1399 1156 1427 erubescant
1173 1397 1248 1425 valde
1265 1397 1395 1425 velociter.
1421 1396 1491 1424 Cum
1516 1395 1603 1423 Deum
1632 1394 1684 1422 sibi
1702 1394 1796 1429 propi-

1004 1448 1072 1475 tium
1088 1450 1185 1474 nactus
1199 1446 1244 1478 sit,
1263 1445 1296 1472 ad
1318 1445 1408 1480 ipsum
1434 1443 1525 1470 denuo
1549 1441 1700 1469 orationem
1717 1447 1796 1467 suam

1005 1494 1157 1527 convertit;
1187 1495 1319 1527 rogatque
1336 1494 1366 1518 ut
1389 1489 1519 1517 recedant
1539 1491 1567 1514 et
1592 1486 1796 1514 confundantur

163 1541 242 1568 καλεῖ
267 1541 336 1577 πρὸς
352 1541 383 1568 τὸ
409 1541 584 1577 ἀναχωρῆσαι
601 1541 648 1568 καὶ
669 1541 846 1577 αἰσχυνθῆναι
869 1540 950 1567 αὐτοῦ

1005 1540 1107 1568 inimici
1120 1539 1172 1570 sui.
1191 1541 1334 1573 postquam
1346 1535 1452 1564 insidia:
1462 1535 1595 1570 ipsorum,
1611 1532 1665 1559 Deo
1681 1531 1732 1560 sibi
1746 1539 1796 1567 per

163 1589 226 1620 τοὺς
239 1587 363 1624 ἐχθροὺς,
389 1587 574 1622 ἁποτυχόντας
590 1588 619 1614 ὲν
637 1584 678 1618 οἷς
693 1586 901 1618 ἐπεϐούλευσαν,
920 1586 952 1612 δι’

163 1632 201 1662 ὧν
216 1634 291 1670 αὺτῷ
301 1634 366 1667 Θεδς
377 1633 426 1670 τὴν
443 1633 580 1669 σωτηρίαν
594 1633 755 1669 παρέσχετο.
776 1632 858 1665 Ἀξιοῖ
869 1632 897 1659 δὲ
907 1633 954 1660 καὶ

166 1682 226 1708 Δίαν
254 1680 350 1713 αὐτοὺς
365 1679 549 1716 ταραχθῆναι·
565 1679 579 1706 ὃ
596 1679 628 1715 δὴ
644 1679 751 1711 πάντως
768 1679 866 1711 αὐτοὺς
884 1678 956 1706 κατὰ

165 1728 213 1754 τὸν
230 1727 324 1763 καιρὸν
346 1727 394 1762 τῆς
418 1726 464 1754 τοῦ
486 1726 552 1753 Θεοῦ
584 1725 781 1762 δικαιοκρισίας
805 1725 953 1757 ἐκδέξεται.

374 1785 520 1813 ΨΑΔΜΟΣ
533 1785 577 1812 Ta
592 1785 692 1811 ΔΑΥΙΔ
709 1785 746 1811 Z’.

167 1842 220 1869 Ὃν
233 1839 291 1878 ᾖσε
303 1841 344 1875 τῷ
370 1842 469 1876 Κυρίῳ
492 1841 570 1904 olm)
589 1841 649 1881 τῷν
667 1841 767 1876 λόγων
777 1839 872 1868 Χουσὶ
886 1839 954 1867 υίοῦ

518 1884 626 1904 atterat.

518 1884 626 1911 εμενει.

200 1935 288 1969 Κύριε
300 1936 317 1962 ὁ
334 1935 406 1968 Θεός
417 1943 488 1970 μου,
505 1934 555 1962 ἐπὶ
571 1934 620 1961 σοὶ
637 1933 755 1968 ἤλπισα
768 1941 774 1948 ·
798 1932 901 1959 σῶσόν
915 1941 954 1967 με

164 1981 199 2008 ἐκ
212 1981 333 2008 πάντων
351 1982 413 2009 τῶν
432 1981 598 2008 διωκόντων
607 1989 655 2015 με,
675 1979 723 2007 καὶ
733 1978 827 2013 ῥῦσαί
832 1987 880 2014 με,
895 1978 954 2013 μή·

164 2035 237 2054 ποτε
250 2026 372 2062 ἁρπάσῃ
389 2027 430 2060 ὡς
445 2026 523 2054 λέων
536 2026 594 2060 τὴν
610 2025 715 2060 ψυχήν
727 2034 797 2060 μου,
811 2024 853 2060 μὴ
867 2025 954 2057 ὄντος

163 2073 382 2108 λυτρουμένου,
395 2072 473 2108 μηδὲ
488 2072 642 2106 σώζοντος.
659 2072 716 2098 Οὐκ
730 2073 774 2098 ἐπ’
789 2070 952 2107 ἀνθρώποις,

164 2121 224 2147 οὐδὲ
241 2120 406 2155 συμϐουλαῖς
432 2119 597 2156 ἀνθρώπων,
617 2119 634 2154 ἢ
662 2117 777 2154 στρατοῦ
791 2117 888 2153 πλήθει
904 2117 954 2150 τὰς

164 2167 235 2202 ἐμὰς
254 2167 365 2198 ἐλπίδας
391 2167 559 2202 ἀπήρτησα·
580 2165 625 2192 Διό
652 2174 685 2201 με
712 2165 791 2201 ῥῦσαι
816 2164 954 2199 πολεμίων

1004 1594 1051 1615 eas
1071 1587 1186 1614 salutem
1213 1583 1379 1615 conferente,
1395 1582 1465 1609 male
1480 1584 1632 1608 cesserunt.
1664 1578 1794 1606 Precatu:

1005 1636 1106 1664 autem,
1123 1635 1155 1659 ut
1181 1630 1355 1658 vehementer
1381 1627 1600 1656 conturbenlur:
1630 1624 1704 1659 quod
1728 1624 1796 1659 ipsis

1005 1679 1147 1716 sane’justi
1160 1677 1207 1706 Dei
1220 1676 1318 1713 judicii
1334 1680 1457 1710 tempore
1478 1677 1638 1701 eventurum
1654 1674 1708 1699 est.

1204 1774 1365 1803 PSALMUS
1384 1772 1490 1800 DAVlD
1510 1771 1567 1799 VII.

1005 1836 1031 1863 Ι.
1062 1834 1144 1868 Quem
1171 1833 1287 1861 cantat-it
1312 1831 1423 1868 Domino
1443 1838 1494 1868 pro
1520 1829 1607 1857 verbis
1635 1827 1718 1856 Chusi
1746 1827 1796 1861 filii

1349 1866 1459 1894 Jemini.

1038 1927 1121 1955 Vens.
1136 1927 1164 1960 2,
1178 1926 1205 1953 5.
1224 1925 1334 1952 Domine
1357 1923 1428 1950 Deus
1457 1930 1541 1954 meus,
1565 1921 1594 1948 in
1622 1925 1645 1948 te
1661 1919 1765 1955 speravi
1780 1929 1790 1947 .-

1004 1976 1106 2002 salvum
1138 1981 1179 2000 me
1208 1971 1252 2006 fac
1281 1978 1313 1997 ea:
1343 1969 1463 1996 omnibus
1490 1967 1703 2003 persequentibus
1735 1975 1794 1999 me,

1003 2026 1028 2047 et
1045 2019 1126 2047 libera
1141 2026 1192 2046 me.
1205 2015 1352 2052 Nequando
1368 2015 1455 2050 rapiat
1469 2019 1499 2042 ut
1513 2014 1553 2041 [eo
1569 2014 1685 2040 animum
1699 2020 1794 2045 meum,

1004 2066 1066 2092 dum
1089 2073 1140 2092 non
1163 2068 1202 2091 est
1215 2063 1259 2098 qui
1287 2061 1412 2094 redimat,
1428 2069 1509 2095 neque
1522 2060 1567 2096 qui
1587 2059 1688 2086 s'alvum
1701 2058 1794 2093 faciat.

1003 2112 1180 2148 Nequaquam
1196 2111 1223 2138 in
1241 2108 1416 2140 hominibus,
1434 2114 1523 2142 neque
1539 2106 1566 2133 in
1593 2104 1717 2133 consiliis
1744 2104 1795 2131 ho-

1005 2158 1120 2192 minum,
1136 2163 1223 2191 neque
1239 2155 1265 2182 in
1281 2154 1419 2183 exercitus
1444 2153 1531 2187 copiis
1548 2159 1623 2186 spem
1637 2157 1725 2177 meam
1752 2157 1796 2177 re-

167 2221 212 2247 μοι
222 2212 357 2239 τοσούτων
380 2213 562 2248 ἐπικειμένων
577 2211 620 2238 διὰ
633 2211 744 2243 παντός.
755 2211 793 2237 Οὐ
811 2210 891 2246 μόνον
907 2209 953 2236 νῦν

1006 2204 1085 2238 posui
1104 2212 1110 2229 :
1127 2205 1292 2237 quapropter
1309 2207 1324 2226 a
1336 2202 1376 2226 tot
1393 2205 1501 2233 semper
1516 2196 1684 2224 instantibus
1704 2195 1796 2223 inimi-

171 2258 359 2294 Ἀὃεσσαλὼμ,
389 2260 434 2286 καὶ
456 2258 606 2294 ῖΔχιτόφελ,
623 2258 669 2285 καὶ
690 2257 744 2283 τῶν
770 2257 818 2283 σὺν
841 2256 951 2288 αὐτοῖς·

165 2303 234 2331 ἀλλὰ
249 2305 296 2331 καὶ
305 2304 388 2331 πάλαι
403 2304 456 2339 νέῳ
469 2304 525 2331 δντι
541 2303 627 2330 Σαούλ
646 2312 676 2329 τε
692 2302 738 2329 καὶ
752 2302 885 2329 πλείστων
899 2301 953 2328 τῶν

165 2358 195 2377 τε
205 2350 238 2377 δι’
251 2350 341 2377 αὐτῶν
353 2351 463 2385 ἀφανῶς
481 2359 525 2386 μοι
541 2349 730 2385 πολεμούντων
746 2349 881 2384 δαιμόνων
893 2357 900 2363 ·
915 2345 953 2374 ὧν

167 2397 230 2432 περὶ
242 2396 289 2423 τοῦ
304 2397 432 2433 ἄρχοντος
443 2397 565 2433 εἴρηται·
589 2397 616 2423 '0
629 2396 779 2429 ἀντίδικος
798 2394 883 2429 ὑμῶν
892 2393 955 2420 διά-

167 2443 256 2476 ϐολος
278 2446 322 2475 ὡς
347 2442 426 2470 λέων
451 2442 619 2477 ὠρυόμενοι,-
647 2442 829 2477 περιέρχεται
861 2439 955 2475 ζητῶν

168 2490 234 2517 τίνα
259 2490 390 2525 καταπίῃ
403 2499 410 2506 ·
428 2490 458 2524 ἐξ
469 2488 499 2517 οὗ
513 2490 629 2526 μάλιστα
646 2489 776 2525 ῥωσθῆναι
791 2488 952 2525 παρακαλῶ.

206 2627 289 2661 Κύριε
303 2630 319 2654 ό
334 2627 405 2659 930’;-
422 2635 493 2661 μου,
509 2628 534 2653 εί
556 2626 684 2659 ἐποίησα
707 2625 804 2656 τοῦτο,
825 2625 851 2651 ει
871 2624 956 2651 ἐστιν

169 2673 268 2701 ἀδικία
283 2675 319 2700 ἐν
334 2674 421 2708 χερσί
434 2683 504 2708 μου,
523 2675 549 2700 εἰ
569 2672 762 2701 ὰνταπέὸωχα
785 2671 847 2704 τοῖς
865 2672 955 2698 ἀντα-

169 2719 327 2746 ποὸιὸοῦσί
348 2728 399 2755 μοι
423 2719 518 2751 κακὰ,
537 2718 716 2753 ἀποπέσοιμι
738 2717 794 2752 ἄρα
817 2716 876 2744 ἀπὸ
898 2716 957 2744 τῶν

169 2764 283 2801 ἐχθρῶν
293 2775 353 2800 μου
368 2767 555 2802 κενός.”οσην
565 2765 625 2800 ἄγει
637 2765 791 2801 παρρησίαν
802 2764 848 2790 ἐπὶ
863 2763 901 2799 τῷ
917 2763 954 2798 μὴ

171 2814 362 2848 μνησικακεῖνῐ
387 2813 538 2849 Ἐξαίρετον
558 2812 612 2847 γὰρ
630 2811 710 2838 τοῦτο
728 2810 892 2846 κατόρθωμα
907 2808 954 2836 τοῦ

204 2895 226 2911 ⁷⁶
247 2894 341 2922 Muttn.
360 2901 399 2928 VI,
419 2891 464 2919 '22.
504 2892 525 2908 ⁷⁷
547 2891 554 2918 l
572 2889 643 2918 Petr.
662 2898 677 2916 v
690 2909 696 2917 .
714 2890 740 2917 8.

1006 2251 1047 2278 cis
1063 2249 1138 2284 eripe
1164 2255 1216 2274 me.
1234 2246 1327 2281 Neque
1355 2245 1442 2272 solum
1457 2243 1530 2270 enim
1556 2242 1590 2270 ab
1610 2241 1747 2269 Absalone
1768 2245 1797 2268 et

1007 2294 1183 2330 Acbilophele
1211 2300 1360 2327 eorumque
1388 2289 1553 2325 sequacibus
1585 2288 1632 2324 qui
1661 2294 1705 2314 me
1722 2294 1796 2314 nunc

1008 2343 1187 2373 adoriunlur;
1206 2339 1254 2366 sed
1276 2338 1333 2373 jam
1353 2337 1418 2364 olim
1442 2334 1552 2370 juvenis
1567 2340 1630 2360 cum
1649 2339 1749 2363 essem,
1779 2339 1795 2359 a

1008 2390 1101 2418 Saule.
1120 2392 1146 2416 et
1159 2395 1174 2414 a
1188 2386 1280 2414 multis
1295 2385 1340 2420 qui
1357 2391 1400 2411 me
1417 2382 1504 2417 ipsius
1517 2387 1599 2416 opera
1616 2379 1685 2406 clam
1705 2377 1795 2413 impu-

1007 2436 1128 2472 guabant
1152 2432 1332 2461 daemonibus.
1356 2430 1389 2457 de
1415 2434 1530 2463 quorum
1546 2425 1668 2460 principe
1690 2423 1794 2472 dictum

1007 2468 1254 2509 estzAdversarius
1280 2481 1363 2503 uester
1386 2472 1519 2502 diabolus,
1539 2475 1664 2504 tauquam
1692 2468 1731 2496 leo
1749 2476 1795 2495 ru-

1007 2530 1079 2563 giens
1090 2526 1182 2553 circuit
1192 2531 1311 2560 quwrens
1323 2530 1398 2557 quem
1415 2519 1518 2546 devoret
1531 2518 1564 2544 ⁷⁷.
1580 2517 1602 2543 A
1613 2524 1668 2552 quo
1678 2523 1794 2551 praeser-

1009 2575 1054 2602 tim
1067 2581 1110 2600 me
1121 2573 1220 2600 liberes
1232 2578 1308 2605 rogo.

1035 2620 1118 2647 Vsus,
1136 2619 1163 2650 4,
1176 2618 1202 2645 5.
1219 2617 1328 2644 Domine
1341 2615 1408 2641 Deus
1426 2612 1540 2644 meus,si
1555 2611 1604 2646 feci
1619 2611 1700 2642 istud,
1719 2609 1741 2636 si
1753 2613 1792 2636 est

1008 2667 1136 2703 iniquitas
1159 2665 1185 2692 in
1203 2663 1324 2690 manibus
1347 2661 1410 2688 meis
1427 2667 1436 2686 .'
1455 2660 1479 2687 si
1497 2657 1599 2686 reddidi
1622 2654 1792 2684 retribuenti-

1009 2715 1056 2742 bus
1076 2713 1140 2740 mihi
1165 2712 1249 2742 mala,
1265 2707 1386 2737 decidam
1413 2706 1506 2734 merito
1527 2705 1559 2732 ab
1587 2702 1702 2731 inimicis
1725 2708 1791 2729 men

1007 2761 1106 2788 inanis.
1131 2758 1268 2792 Quantam
1280 2762 1314 2782 ex
1333 2753 1470 2781 oblivione
1492 2750 1653 2786 injuriarum
1678 2755 1710 2775 ac
1723 2745 1792 2774 tole-

1008 2806 1096 2835 rantia
1111 2791 1236 2832 ﬁduciam
1254 2799 1338 2828 David
1353 2798 1479 2827 exhibet!
1497 2796 1560 2824 Haec
1574 2801 1639 2823 sane
1655 2791 1791 2828 praecipua
