2055 3214
129 140 182 170 ίὲὅ

692 134 945 166 COMMENTAMA
967 135 999 163 ΙΝ
1017 136 1189 164 PSALMOS.

1705 139 1758 167 1‘26

165 196 399 229 Συντελεσθήτω
411 196 448 230 δὴ
463 196 591 230 πονηρία
607 195 785 230 ἁμαρτωλῶν
803 195 852 222 καί
872 202 924 221 κα-

1014 192 1096 221 νιιιις.
1115 194 1160 226 l0,
1180 193 1224 221 li.
1238 193 1416 220 Consumatur
1427 194 1544 228 nequitia
1555 198 1720 221 oeccalorum
1733 199 1760 221 ct

129 243 282 276 τευθιινεῖς
302 243 428 274 δίκαιον,
440 242 548 272 ἑτάζων
560 242 683 276 καρδίας
696 242 745 269 καὶ
760 241 888 276 νεφροὺς
905 242 921 268 ό

131 288 448 323 Θεός.Ὲπιστημονικὺν
469 288 517 314 καὶ
540 288 610 323 μέγα
627 287 657 314 τὸ
678 287 765 323 πέρας
787 287 921 314 αἰτεῖσθαι

129 334 256 369 γενέσθαι
276 334 385 365 κακίας,
405 333 568 369 κυσέρνησιν
590 334 618 360 δὲ
638 333 677 368 τῷ
693 333 790 368 δικαίῳ
806 333 873 369 πρὸς
891 333 922 359 τὺ

132 381 232 416 μηκέτι
259 380 447 416 χειμάζεσθαι.
462 380 528 415 Περὶ
553 380 751 415 δικαιοκρισίας
774 379 859 406 εἰπὼν
873 379 921 405 τοῦ

130 426 209 456 Θεοῦ,
225 425 303 461 μόνον
324 425 427 452 δίκαιον
443 425 587 459 ἀποφαίνει
608 424 714 459 κριτὴν,
727 424 763 455 ὡς
779 423 922 459 καὶ-μόνον

130 473 236 508 ὁρῶντα
249 472 362 508 καρδίας
371 480 378 486 ο
393 471 474 503 αὐτὸς
489 470 544 506 γὰρ
559 470 719 497 ἀποδίδωσιν
732 470 839 504 ἑκάστῳ
851 469 922 496 κατὰ

130 520 166 546 τὰ
183 519 253 554 ἔργα
268 517 537 551 αὐτοῢ.“Ανθρωπος
556 516 604 551 μὲν
621 516 675 551 γὰρ
697 517 741 548 είς
765 516 837 550 ὄψιν
848 514 919 549 ὁρᾷ·

131 565 213 596 αὐτὸς
225 565 253 591 δὲ
267 563 390 599 κριτικὸς
402 563 475 589 ἐστιν
489 562 663 597 ἐνθυμήσεων
675 561 722 588 καὶ
732 561 840 588 ὲννοιῶν
854 570 922 597 καρ-

129 611 190 642 δίας
200 619 207 626 °
225 611 274 636 οὐκ
288 610 346 636 ἐστι
364 609 453 644 κρίσις
468 607 573 643 ἀφανὴς
587 607 701 634 ἐνώπιον
717 607 810 634 αὐτοῦ.
826 607 920 633 Τοιοῦ-

129 665 177 682 τον
189 655 276 688 δείξας
290 656 336 681 τὸν
350 655 425 686 Θεὸν,
441 653 710 690 πεπαρρησιασμένῳ
725 654 854 679 συνειδότι
869 661 921 688 φη-

131 702 190 728 σίν·
213 703 243 729 Ἠ
252 701 378 734 βοήθειά
391 709 450 735 μου
466 699 544 734 παρὰ
559 699 612 726 τοῦ
628 699 702 726 Θεοῦ
714 699 767 726 τοῦ
777 699 922 732 σώζοντος

130 748 204 781 τοὺς
222 748 318 780 εὐθεῖς
331 747 367 781 τῇ
381 747 494 780 καρδίᾳ.
507 746 621 782 Χρηστὰ
636 746 689 782 γὰρ
703 744 808 777 ἐλπίζει
820 746 864 772 διὰ
876 746 922 772 τὸν

131 791 261 823 italo-na
277 791 391 826 καρδίας
410 791 457 818 καὶ
474 791 599 826 νεφροὺς,
623 791 661 822 ὡς
678 791 710 826 δὴ
732 791 837 818 σκολιὸν
853 791 922 826 ἔχων

130 838 208 864 οὐδὲν
222 839 250 864 ὲν
264 837 371 873 καρδίᾳ.

175 884 245 913 Ἐὰν
266 883 309 918 μὴ
332 884 546 918 ἑπιστραφῆτε,
572 885 629 919 τὴν
649 884 802 918 ῥομφαίαν
826 882 922 910 αὑτοῦ

131 929 291 956 στιλόώσει
304 938 310 944 ·
337 930 370 956 τὸ
392 930 482 962 τόξον
493 931 585 958 αὑτοῦ
597 930 725 957 ἐνέτεινε
738 930 786 956 καὶ
799 929 921 963 droma-

131 984 188 1002 σεν
209 977 291 1002 αὑτό.
310 977 422 1011 Μήποτε
447 976 737 1012 παρασεσιωπημένως
757 975 842 1002 ταῦτα
858 974 922 1010 περὶ

130 1023 178 1049 τοῦ
203 1022 327 1049 διαόόλου
349 1023 473 1056 λέγεται-
489 1020 566 1054 οὗτος
587 1022 640 1058 γὰρ
664 1022 732 1057 πρὸς
751 1021 862 1052 τούτους
877 1021 922 1047 καὶ

130 1069 262 1104 ὠδίνησεν
277 1069 395 1101 ἀδικίαν,
414 1069 460 1095 καὶ
473 1069 506 1095 τὰ
523 1068 596 1104 ἑξῆς.

173 1115 246 1142 Ἰδοὺ
264 1115 414 1149 ὠδίνησεν
432 1115 560 1147 ἀδικίαν,
583 1114 733 1142 συνέλαϐε
751 1116 856 1147 πόνον,
873 1115 922 1141 καί

130 1161 234 1188 ἔτεκεν
257 1160 395 1194 ἀνομίαν.
412 1159 531 1186 Adnitar
557 1159 653 1194 ὤρυξε
677 1159 726 1186 καὶ
748 1159 923 1193 ἀνέσκαψεν

131 1206 235 1237 αὐτὸν,
254 1205 486 1240 καίέμπεσεῖται
505 1207 549 1238 είς
561 1206 676 1240 βόθρον
698 1205 734 1232 ὃν
754 1205 921 1240 εἰργάσατο.

138 1252 324 1286 Ἐπιστρέψει
341 1253 358 1278 ὀ
373 1252 465 1284 πόνος
481 1251 574 1279 αὐτοῦ
595 1253 639 1285 εἰς
659 1251 797 1286 κεφαλὴν
819 1251 921 1284 αὐτοῦ,

131 1299 180 1325 καὶ
197 1299 247 1325 ἐπὶ
267 1297 405 1332 κορυφὴν
417 1297 511 1324 αὑτοῦ
530 1298 548 1332 ἡ
563 1297 665 1325 ἀδικία
679 1298 773 1325 αὐτοῦ
795 1297 922 1330 κατασή-

130 1352 227 1372 σετιιι.
248 1344 340 1370 Ταῦτα
376 1343 465 1379 ῥητῶς
495 1344 538 1370 ἐπ’
562 1340 702 1379 ’Δχίτόφελ
736 1344 922 1379 πεπλήρωται.

131 1390 383 1426 Παρευδοκιμηθεὶς
404 1391 458 1426 γὰρ
480 1391 532 1417 ὑπὸ
555 1390 602 1416 τοῦ
617 1390 714 1422 Χουσὶ,
730 1390 776 1417 καὶ
796 1389 830 1416 τὰ
851 1389 923 1424 πρά-

130 1446 224 1473 γματα
240 1437 287 1464 τοῦ
307 1436 493 1472 Ἀὗεσσαλὼμ,
509 1437 547 1468 ὡς
561 1437 593 1473 δὴ
611 1437 701 1471 σοφὸς,
719 1436 864 1470 ἀπογνοὺς,
877 1435 924 1461 καὶ

131 1484 180 1518 τὴν
207 1484 356 1519 μέλλουσαν
381 1484 414 1509 ἐκ
437 1482 483 1508 τοῦ
501 1481 581 1508 Δαυῒδ
597 1481 763 1516 φοϐούμενος
782 1481 869 1515 δίκην,
883 1479 924 1506 οἵ·

972 239 1068 274 diriges
1075 239 1190 274 justum,
1202 243 1324 266 scrutaris
1338 239 1418 266 corda
1427 245 1451 266 et
1460 248 1543 272 renes,
1556 239 1635 268 Deus.
1653 239 1759 267 Scitum

972 294 1159 323 magnumque
1172 289 1214 314 est
1233 286 1373 321 postulare
1391 289 1420 312 ut
1435 286 1498 314 linis
1515 286 1550 313 sit
1570 287 1697 320 malitiae;
1716 290 1764 313 ut-

973 341 1024 368 que
1034 333 1126 368 justus
1141 333 1178 360 ita
1193 332 1337 368 dirigatur,
1355 336 1386 358 ut
1400 339 1538 366 nunquam
1550 332 1621 359 ultro
1635 332 1758 360 ﬂuctuet.

972 379 1040 407 Cum
1058 384 1147 406 autem
1160 378 1194 406 de
1217 378 1347 406 tribunali
1365 378 1410 406 Dei
1434 378 1565 412 loquitur,
1588 379 1676 406 solum
1695 386 1758 405 eum

972 433 1034 453 esse
1050 425 1156 460 justum
1181 425 1300 460 judicent
1314 425 1486 460 pronuntiat,
1501 428 1595 458 utpote
1619 425 1666 460 qui
1683 425 1759 452 solus

972 473 1056 501 corda
1070 473 1170 501 videat.
1197 472 1257 507 Ipse
1271 481 1389 508 namque
1409 473 1500 500 reddit
1514 472 1663 507 unicuique
1680 473 1760 507 juxta

973 527 1055 555 opera
1069 526 1129 547 sua.
1153 518 1239 546 Homo
1250 519 1352 554 quippe
1367 519 1434 546 videt
1449 519 1475 546 in
1487 519 1556 553 {acie
1567 519 1589 534 ³³
1604 528 1610 552 ;
1628 519 1686 554 ipse
1695 526 1760 546 vero

970 566 1054 600 judex
1071 566 1270 601 cogitationum
1285 570 1326 594 est
1341 569 1368 593 et
1382 565 1465 593 animi
1482 568 1632 594 sensuum:
1654 565 1760 592 nullum

970 612 1105 647 judicium
1121 612 1258 638 occultum
1277 610 1329 645 ipsi
1345 615 1396 638 est.
1417 611 1486 638 Cum
1501 611 1582 638 talem
1602 618 1663 637 esse
1676 609 1760 637 Deum

972 657 1151 688 declarasset.
1173 657 1314 684 conlidens
1331 665 1363 684 ac
1381 657 1552 684 conscientia
1569 664 1618 684 sua
1644 663 1759 683 securus

972 703 1055 730 dicit:
1073 703 1243 738 Adjutorium
1258 711 1343 729 meum
1357 711 1373 728 ιι
1392 702 1457 735 Deo,
1475 703 1520 737 qui
1535 702 1622 729 salvos
1637 702 1703 736 facit
1720 710 1761 729 τεο

972 754 1026 776 Mos
1043 750 1130 776 corde.
1153 748 1226 775 Bona
1245 749 1346 775 etenim
1362 751 1454 782 sperat
1473 748 1507 774 ab
1517 755 1550 775 eo
1561 748 1607 782 qui
1621 751 1761 775 scrutatur

972 796 1055 823 corda
1067 799 1093 823 et
1107 803 1196 827 renes,
1218 794 1291 830 quod
1309 794 1378 821 nihil
1393 797 1549 822 tortuosum
1570 793 1597 820 in
1611 793 1694 820 corde
1711 793 1761 820 ba-

973 841 1047 870 beat.

1008 886 1092 915 Vens.
1115 887 1158 913 l5.
1182 885 1245 913 Nisi
1272 886 1388 913 conuersi
1410 885 1525 920 fueritis,
1541 885 1660 920 gladium
1683 892 1761 911 suum

972 933 1103 960 uibrauit:
1130 941 1222 959 arcum
1256 940 1332 958 suum
1360 931 1469 958 tetendit
1492 936 1516 957 et
1541 932 1645 964 pararit
1671 931 1760 958 illum.

972 978 1042 1006 Num
1059 979 1116 1006 haec
1138 979 1219 1006 tacite
1247 982 1275 1005 et
1292 977 1410 1005 obscure
1426 976 1460 1004 de
1482 976 1591 1004 diabolo
1612 976 1759 1004 dicuntur:

973 1033 1036 1052 nam
1070 1026 1095 1052 i's
1126 1025 1258 1052 adversus
1284 1023 1560 1058 homines'parturiit
1585 1023 1760 1057 injustitiam,

972 1075 1000 1099 et
1011 1076 1120 1099 cetera.

1009 1118 1092 1145 VERS.
1110 1117 1144 1145 i5
1158 1133 1171 1138 -
1186 1117 1229 1145 l7.
1259 1116 1324 1143 Ecce
1343 1116 1470 1150 parturiit
1497 1116 1668 1150 injustitiam.
1695 1123 1761 1142 con-

973 1165 1039 1198 cepit
1054 1163 1172 1190 dolorem
1185 1167 1209 1190 et
1222 1163 1320 1198 peperit
1340 1162 1516 1197 iniquitatem.
1542 1161 1641 1188 Lacum
1658 1162 1761 1195 aperuit

973 1215 997 1237 et
1008 1209 1098 1244 effodit
1109 1217 1180 1240 eum,
1194 1214 1217 1236 et
1229 1208 1326 1236 incidet
1340 1208 1368 1235 in
1386 1208 1488 1242 foveam
1502 1216 1580 1243 quam
1595 1208 1668 1242 fecit.
1689 1207 1760 1235 Con-

974 1261 1088 1284 vertelur
1111 1256 1188 1282 dolor
1211 1255 1268 1290 ejus
1292 1255 1319 1281 in
1340 1259 1419 1288 caput
1444 1254 1513 1289 ejus,
1535 1259 1559 1281 et
1586 1255 1613 1280 in
1640 1255 1762 1281 verticem

974 1303 1057 1336 ipsius
1076 1303 1200 1337 iniquitas
1222 1302 1279 1336 ejus
1304 1301 1451 1328 descendet.
1475 1301 1537 1328 Haec
1553 1301 1586 1327 ad
1604 1301 1716 1328 verbum
1732 1300 1762 1328 in

974 1348 1152 1383 Achitophele
1173 1348 1310 1383 completa
1341 1353 1416 1375 sunt.
1451 1347 1518 1375 Nam
1536 1355 1551 1374 a
1571 1347 1656 1375 Chusi
1679 1355 1762 1382 supe-

976 1397 1066 1427 ratus,
1080 1401 1142 1421 cum
1160 1394 1194 1421 de
1206 1394 1290 1421 rebus
1302 1394 1458 1426 Absalonis,
1471 1397 1565 1428 utpote
1577 1394 1618 1421 vir
1629 1393 1759 1428 prudens,

975 1441 1144 1475 desperaret,
1174 1440 1350 1474 futuramque
1374 1439 1485 1472 Davidis
1503 1439 1652 1466 vindictam
1677 1439 1761 1473 perti-

975 1491 1119 1518 mesceret,
1135 1487 1162 1513 in
1177 1487 1286 1514 domum
1310 1486 1442 1513 secedens
1456 1493 1516 1513 sese
1532 1485 1630 1519 laqueo
1644 1493 1761 1519 suspen-

132 1531 197 1557 καδε
223 1531 405 1565 ἀναχωρήσας
428 1528 578 1565 ἀπήγξατο,
601 1528 695 1555 παθὼν
718 1528 790 1562 ἅπερ
810 1525 924 1552 ἐπεϐού-

977 1531 1027 1563 dit,
1043 1538 1075 1557 ea
1089 1538 1248 1566 perpessus.
1261 1538 1322 1565 qua:
1341 1530 1573 1557 machinamentis
1591 1529 1649 1556 suis
1664 1528 1761 1556 Davidi

131 1577 192 1603 λευε
218 1577 315 1603 παθεῖν
335 1577 379 1602 τὸν
398 1576 488 1608 Aetola,
504 1576 551 1602 ml.
574 1575 623 1611 τὴν
646 1574 706 1601 κατ’
723 1572 805 1600 αὐτοῦ
827 1573 926 1599 κακίαν

131 1624 179 1650 ἐπὶ
197 1623 247 1658 τὴν
265 1623 347 1650 αὑτοῦ
363 1622 485 1658 κεφαλὴν
503 1621 673 1656 ἀπεμάξατο,
698 1620 754 1646 Καὶ
768 1619 882 1646 καθόλου
898 1618 926 1644 δὲ

132 1669 189 1700 πᾶς
205 1669 238 1694 δι’
254 1665 291 1694 ὧν
304 1669 447 1704 εἰργάσατο
463 1667 555 1695 κακῶν
573 1667 632 1694 καθ’
648 1665 744 1692 ἑαυτοῦ
765 1665 813 1701 τὴν
833 1664 926 1700 ψῆφον

134 1714 164 1740 ὲν
181 1714 274 1748 ἡμέρᾳ
290 1713 404 1747 κρίσεως
419 1713 505 1749 φέρει.

180 1757 450 1792 Ἐξομολογήσομιιι
466 1758 506 1790 τῷ
527 1757 625 1791 Κιφίῳ
640 1756 716 1784 κατὰ
737 1755 794 1790 τὴν
817 1754 927 1782 δικαιο-

133 1805 238 1838 σύνην
251 1804 353 1835 αὐτοῦ,
370 1803 458 1838 ψαλῶ
473 1803 512 1836 τῷ
527 1804 648 1838 ὀνόματι
662 1803 772 1836 Κυρίου
786 1801 838 1828 τοῦ
850 1801 927 1836 Ὑψί-

133 1858 221 1877 στου.
231 1850 274 1881 Ὡς
286 1849 315 1876 δὲ
333 1850 425 1885 μηδενὶ
438 1850 518 1881 αὐτὸς
531 1849 735 1880 ἐπιϐουλεύσας,
749 1848 815 1884 μηδὲ
827 1848 927 1874 λάκκον

134 1896 244 1931 ὀρύξας,
267 1895 394 1931 παρορῶν
417 1897 446 1922 δὲ
469 1897 532 1928 τοὺς
556 1894 716 1927 ἀδικοῦντας
742 1893 796 1921 τῶν
821 1893 927 1921 ἀσεϐῶν

134 1942 329 1977 ἀπολλυμένων
354 1942 383 1968 ὲν
410 1942 518 1978 κρίσει,
535 1940 825 1976 Ἐξομολογήσομαι,
848 1940 926 1975 φησὶ,

134 1989 174 2022 τῷ
186 1989 285 2022 Κιψίῳ
295 1989 370 2015 κατὰ
383 1988 440 2022 τὴν
449 1988 647 2021 δικαιοσύνην
658 1987 752 2014 αὑτοῦ
765 1996 771 2002 ·
786 1987 826 2014 Τὰ
840 1987 926 2021 ὲμαυ-

134 2033 181 2060 τοῦ
196 2034 288 2060 δίκαια
308 2033 432 2069 καθάπερ
447 2035 476 2060 ὲν
487 2034 655 2069 δικαστηρίῳ
669 2032 780 2069 προθείς
790 2041 797 2046 ·
814 2031 863 2059 καὶ
874 2033 928 2065 ψω-

134 2077 178 2106 λῶ
201 2079 235 2105 δὲ
255 2079 295 2112 τῷ
307 2080 428 2113 ὀνιψατι
442 2079 551 2114 Κυρίου
563 2079 616 2106 τοῦ
629 2080 762 2113 ὑψίστου
771 2087 777 2093 '
793 2077 927 2104 πιστεύων

136 2125 389 2161 καταξιωθήσεπθαι
401 2125 447 2152 τοῦ
462 2125 542 2161 χοροῦ
556 2125 610 2152 τῶν
626 2126 690 2160 παρ’
706 2123 789 2152 αὑτοῦ
806 2122 926 2157 σωζομέ-

135 2181 199 2198 νων,

338 2227 485 2254 ΨΑΛΜΟΣ
503 2228 546 2254 ΤΩ
565 2227 663 2254 ΔΑΥΙΔ
683 2227 738 2269 Ην..

283 2286 334 2317 Εἰς
352 2285 385 2311 τὸ
400 2285 488 2318 τέλος
507 2285 584 2319 ὑπὲρ
600 2285 658 2312 τῶν
673 2284 786 2320 ληνῶν.

171 2344 212 2370 Τὰ
227 2344 274 2370 ἐπὶ
293 2345 327 2379 τῇ
345 2343 484 2378 συντελείᾳ.
500 2343 548 2370 νῦν
565 2344 619 2370 τῶν
634 2342 740 2370 αἰώνων
763 2343 929 2378 προφητευό-

139 2399 205 2426 μενα
221 2390 271 2426 τὴν
285 2390 450 2426 ἐπιγραφὴν,
467 2391 510 2422 είς
531 2389 564 2416 τὸ
585 2390 680 2422 τέλος,
696 2388 928 2425 ὲποίησεν.Ὑπὲρ

136 2437 165 2464 δὲ
178 2436 237 2463 τῶν
250 2436 354 2471 λιν-ῶν
366 2436 410 2462 διὰ
425 2436 474 2468 τὰς
491 2437 519 2462 ὲν
536 2435 609 2471 πάσῃ
619 2437 652 2471 τῇ
665 2437 699 2471 γῇ
714 2436 849 2467 συστάσας
869 2436 929 2462 Ἐκ-

138 2483 264 2518 κλησίας,
288 2481 453 2518 ἀλληγορίας
479 2482 553 2517 νόμῳ
578 2481 726 2516 λεγομένας
754 2481 929 2517 ληνούς.’¹οτε

141 2528 189 2562 μὲν
206 2525 244 2559 εἷς
260 2527 293 2564 ἦν
308 2528 386 2559 λαός·
405 2526 438 2563 ἦν
451 2528 479 2554 δὲ
494 2525 571 2559 οὗτος
592 2527 711 2563 Ἰσραὴλ.
728 2524 750 2562 ᾧ
762 2527 929 2564 ἐχρημάτιζε

140 2573 187 2598 καὶ
202 2572 304 2608 πύργος
318 2574 332 2600 ὁ
353 2573 428 2609 παρὰ
440 2573 546 2605 τούτοις
566 2572 642 2605 νεὼς,
657 2573 703 2599 καὶ
720 2573 887 2606 προλήνιον
900 2573 930 2600 τὸ

140 2617 195 2652 πρὸ
208 2618 254 2644 τοῦ
271 2619 335 2645 ναοῦ
348 2618 540 2654 Θυσιαστήριον
554 2618 626 2646 κατὰ
638 2619 687 2655 τὴν
703 2619 814 2645 Ἡσαΐου
827 2620 929 2654 φωνήν.

138 2662 176 2688 Τὸ
189 2662 216 2689 δὲ
235 2663 336 2698 πλῆθος
357 2664 415 2690 νυνὶ
439 2663 494 2690 τῶν
515 2664 603 2699 ληνῶν
621 2663 656 2690 τὰ
674 2663 759 2690 πολλὰ
776 2663 872 2699 μηνύει
889 2664 931 2690 θυ-

140 2709 298 2744 σιαστήρια,
312 2710 372 2740 ταῖς
394 2709 465 2736 κατὰ
487 2710 569 2745 μέρος
591 2709 750 2745 ἐκκλησίαις
764 2709 931 2744 συνδιαιρούο

141 2763 220 2790 μενα.
236 2755 281 2781 Διὸ
305 2756 352 2782 καὶ
372 2757 401 2782 ὲν
421 2759 466 2790 πγ¹
480 2756 579 2792 ψαλμῷ
599 2757 644 2783 τὸν
658 2756 739 2783 αὑτὸν
753 2756 932 2791 ἐπιγραφέντι

174 2845 198 2861 ⁵³
220 2844 228 2871 1
249 2844 314 2880 Reg.
335 2846 439 2878 xvr,"l.

979 1579 1132 1612 paraverat,
1155 1583 1288 1611 suamque
1317 1575 1450 1602 adversus
1470 1582 1532 1601 eum
1556 1573 1706 1608 nequitiam
1732 1573 1762 1600 in

977 1626 1056 1657 caput
1075 1621 1133 1656 ipse
1151 1629 1230 1650 suum
1247 1621 1392 1656 expressit.
1414 1619 1446 1647 Et
1462 1627 1527 1647 velo
1540 1627 1636 1646 omnes
1648 1627 1763 1654 prorsus

978 1667 1115 1699 homines,
1135 1675 1169 1694 ex
1187 1667 1268 1694 editis
1289 1666 1430 1701 operibus,
1446 1672 1523 1693 suam
1548 1665 1576 1691 in
1598 1664 1643 1692 die
1664 1663 1762 1699 judicii

979 1713 1073 1741 ferunt
1090 1712 1266 1740 sententiam.

1013 1758 1096 1785 Vsus.
1111 1758 1153 1786 18.
1171 1756 1322 1792 Confitebor
1336 1756 1449 1783 Domino
1469 1756 1612 1783 secundum
1627 1755 1763 1790 justitiam

978 1804 1046 1838 ejus,
1059 1804 1176 1837 psallam
1195 1803 1294 1831 nomini
1312 1803 1454 1830 Altissimi.
1479 1802 1578 1836 Ulpole
1597 1801 1643 1836 qui
1661 1800 1762 1828 nemini

979 1849 1094 1877 insidias
1107 1849 1248 1881 struxerit,
1266 1850 1367 1877 nemini
1386 1850 1474 1877 lacum
1495 1848 1636 1880 elfoderit;
1654 1848 1763 1882 iniquos

978 1904 1041 1924 cum
1057 1896 1222 1931 despiceret,
1239 1903 1342 1931 gnarus
1357 1895 1440 1921 futuri
1456 1895 1484 1921 in
1497 1894 1602 1929 judicio
1616 1894 1763 1928 impiorum

978 1943 1053 1971 exitii
1067 1951 1074 1970 :
1088 1941 1238 1976 Conﬁtebor
1249 1960 1256 1973 ,
1275 1941 1376 1975 inquit,
1388 1940 1502 1966 Domino
1519 1939 1662 1966 secundum
1679 1938 1763 1972 justi-

979 1989 1044 2015 tiam
1056 1988 1132 2022 ejus;
1153 1981 1326 2022 justis‘meis
1352 1986 1482 2021 operibus
1496 1986 1570 2012 velut
1586 1985 1612 2011 in
1632 1983 1763 2010 tribunali

979 2034 1135 2069 productis;
1151 2038 1175 2060 et
1186 2033 1301 2068 psallunt
1316 2032 1415 2059 nomini
1426 2031 1534 2058 Domini
1559 2030 1698 2062 altissimi,
1712 2029 1764 2057 fre-

979 2087 1024 2109 tus
1038 2089 1086 2117 spe
1100 2089 1142 2108 me
1155 2082 1182 2108 in
1201 2081 1286 2108 choro
1301 2088 1395 2107 eorum
1411 2080 1457 2114 qui
1472 2087 1521 2114 per
1536 2079 1625 2113 ipsum
1647 2078 1763 2105 salutem

979 2131 1194 2162 consequentur,
1216 2126 1277 2161 ejus
1293 2125 1452 2161 dignatione
1475 2123 1665 2160 recipiendum
1688 2130 1760 2151 esse.

1179 2226 1340 2254 PSALMUS
1361 2225 1464 2252 DAVID
1490 2223 1554 2251 Vlll.

1154 2286 1180 2313 l.
1201 2284 1234 2311 In
1250 2285 1327 2320 ﬁnem
1340 2291 1387 2318 pro
1403 2281 1587 2310 torcularibus.

1013 2341 1080 2376 Qum
1100 2341 1144 2368 hic
1162 2341 1196 2369 de
1216 2340 1454 2368 consummatione
1470 2338 1631 2367 saeculorum
1646 2336 1765 2372 prophe-

979 2387 1032 2415 tice
1051 2386 1238 2419 enuntiantur,
1263 2387 1291 2412 in
1315 2393 1398 2412 causa
1420 2384 1495 2411 fuere
1521 2382 1592 2417 quod
1610 2381 1764 2416 inscriptio,

978 2433 1006 2459 in
1019 2433 1109 2466 ﬁnem,
1127 2434 1320 2466 apponeretur.
1344 2430 1398 2457 Pro
1415 2428 1591 2456 torcularibus
1611 2432 1702 2454 autem
1723 2427 1765 2454 di-

979 2478 1052 2505 citur
1078 2477 1262 2505 Ecclesiarum
1286 2476 1385 2512 gratia,
1405 2483 1466 2511 qua:
1482 2483 1530 2510 per
1545 2473 1700 2501 universam
1714 2478 1766 2500 ter-

981 2531 1038 2549 ram
1059 2523 1207 2554 exsistunt,
1220 2526 1248 2549 et
1269 2522 1414 2557 allegorice
1445 2519 1593 2547 torcularia
1618 2523 1763 2546 vocantur.

981 2569 1097 2602 Quando
1113 2569 1185 2595 enim
1213 2576 1284 2595 unus
1299 2572 1356 2595 erat
1373 2567 1501 2602 populus,
1522 2566 1628 2593 scilicet
1642 2565 1764 2598 lsraelis,

981 2615 1044 2642 huic
1065 2618 1124 2642 erat
1142 2613 1238 2646 turris,
1252 2615 1382 2649 templum
1404 2613 1476 2647 apud
1496 2612 1571 2648 ipsos
1592 2615 1764 2647 nuncupata:

981 2663 1008 2687 et
1029 2659 1207 2692 protorcular,
1234 2659 1339 2686 scilich
1363 2658 1449 2685 altare
1477 2665 1525 2692 pro
1550 2658 1643 2693 templi
1671 2656 1766 2685 limine

980 2705 1057 2740 juxta
1082 2704 1157 2733 Isaia:
1170 2712 1274 2732 vocem.
1292 2703 1350 2730 Jam
1374 2711 1439 2730 vero
1454 2703 1654 2730 multitudinem
1671 2707 1765 2730 torcu-

984 2751 1082 2779 larium
1098 2751 1182 2779 multa
1194 2751 1335 2778 declarant
1352 2749 1448 2777 altaria
1479 2750 1506 2777 in
1522 2750 1639 2778 diversis
1653 2757 1701 2785 per
1720 2756 1769 2776 ar-
