2055 3214
303 131 355 160 ητ

648 130 783 158 EUSEBII
801 130 1041 160 CESARIENSIS
1058 131 1132 160 ΟΡΡ.
1152 131 1242 159 PARS
1261 131 1305 159 Ill.
1326 147 1359 151 ——
1378 129 1581 158 EXEGETICA.

1867 130 1920 158 128

303 191 363 219 bent
381 190 505 220 ecclesiis
518 190 626 219 dissita.
647 190 737 224 Quare
749 191 778 218 in
794 192 900 227 psalmo
916 200 1020 220 uxxm
1041 193 1081 227 qui

1138 193 1236 229 τρόπον
1252 192 1336 219 πολλὰ
1351 192 1528 228 θυσιαστήρια
1544 192 1590 218 καὶ
1604 190 1768 227 σκηνώματα
1781 191 1920 224 θεσπίζον-

301 247 394 276 parem
411 246 472 266 cum
487 238 613 273 praesenti
629 237 680 265 fert
695 239 912 274 inscriptionem,
931 240 1016 267 multa
1041 241 1081 266 al-

301 285 381 317 taria,
395 283 580 314 tabernacula,
592 283 661 310 atria
674 283 701 310 in
716 285 846 312 vaticinio
855 284 992 318 feruntur,
1003 287 1082 320 juxta

300 331 382 359 illud:
402 331 488 364 Quam
499 330 596 356 dilecta
607 329 777 357 tabernacula
793 335 848 364 tua,
864 331 979 359 Domine
1000 333 1084 359 virtu-

301 377 377 404 tum!
394 376 554 410 concupiscit
575 380 599 402 et
622 375 711 410 deﬁcit
727 376 817 403 anima
832 385 889 403 mea
903 377 930 404 in
946 377 1016 404 atria
1030 377 1085 404 Do-

300 424 365 450 mini
376 423 417 456 ";
431 421 530 450 deinde
545 429 608 450 vero
624 421 783 457 suhjungit,
799 422 905 449 Altaria
920 428 977 457 tua,
992 422 1084 450 Domi-

300 478 332 496 ne
344 470 470 496 virtutum
479 467 512 496 “.

335 515 417 543 Vens.
434 515 462 547 2,
477 515 504 542 5.
520 514 631 542 Domine
645 514 774 542 Dominus
790 520 887 546 noster,
903 523 982 549 quam
997 514 1086 541 admi-

298 562 382 589 rabile
398 567 436 589 est
452 569 545 589 nomen
561 567 635 588 tuum
652 562 680 589 in
694 562 817 590 uniuersa
838 562 930 589 terra!
951 562 1084 595 Quoniam

297 610 398 635 elevata
418 613 457 636 est
479 608 676 644 magnificentia
698 612 745 635 tua
765 616 845 642 super
863 607 951 635 βοείας.
979 607 1020 633 Ea:
1041 616 1085 635 ore

299 654 443 688 infantium
466 658 490 680 et
515 654 669 680 lactentium
690 653 824 688 perfecisti
849 652 954 679 laudem
979 657 1085 687 propter

299 699 418 726 inimicos
441 704 510 731 tuos,
534 703 562 725 ut
583 698 704 725 dextrum
728 698 866 725 inimicum
882 703 907 725 et
924 697 1046 724 ultorem.
1061 697 1085 713 "

299 743 359 770 Non
375 743 440 770 olim
460 743 620 770 admirabile
644 743 694 770 fuit
716 743 744 770 in
768 743 896 771 universa
922 747 1014 775 terra;
1036 742 1085 770 sed

299 792 360 823 post
388 787 538 816 Salvatoris
567 788 715 816 adventum
747 787 873 815 mirabile
901 787 1001 814 factum
1030 791 1084 820 est,

298 836 408 871 quando
439 834 581 871 Synagoga
608 836 771 871 populorum
801 835 978 863 circumdedit
1003 843 1081 869 eum;

1137 248 1180 266 ται
1194 240 1239 266 καὶ
1253 239 1344 271 αὐλαὶ,
1358 239 1429 266 κατὰ
1439 239 1532 271 τὺ,Ὠς
1544 238 1680 273 ἀγαπητὰ
1694 237 1728 265 τὰ
1740 237 1921 272 σκηνώματά

1136 294 1205 318 σου,
1221 287 1309 320 Κύριε
1325 285 1384 313 τῶν
1403 285 1574 320 δυνάμεωί
1588 284 1722 311 ἐπιποθεῖ
1746 284 1794 310 καὶ
1821 283 1919 314 ἐκλεί-

1136 340 1183 359 πει
1204 333 1223 366 ἠ
1243 332 1327 366 ψυχή
1341 341 1399 366 μου
1413 332 1457 364 εὶς
1469 331 1522 363 τὰς
1535 331 1630 364 αὐλὰς
1649 329 1702 357 τοῦ
1716 331 1840 364 Κυρίου·
1860 329 1920 366 μεθ’

1136 379 1154 406 ἃ
1168 378 1278 412 ἐπάγει·
1297 378 1334 405 Τὰ
1348 376 1546 412 θυσιαστήριά
1557 385 1625 409 σου,
1641 377 1730 412 Κύριε
1750 375 1810 405 τῶν
1827 377 1919 405 δυνά-

1133 433 1224 459 ιιεων.

1169 513 1258 546 Κύριε
1275 513 1291 539 ό
1302 513 1409 547 Κύριος
1426 511 1520 546 ἡμῶν,
1534 512 1574 546 ὡς
1591 512 1763 547 θαυμαστὸν
1777 512 1810 540 τὸ
1826 512 1923 548 ὄνομά

1135 566 1193 586 σου
1207 559 1242 585 ἐν
1260 558 1343 593 πάσῃ
1358 557 1395 592 τῇ
1411 558 1468 593 τῇ]
1485 558 1544 585 Ὅτι
1565 557 1679 592 ἐπήρθη
1700 559 1720 593 ἠ
1736 560 1921 594 μεγαλοπρέ-

1135 605 1203 632 πειά
1214 612 1272 631 σου
1282 603 1418 638 ὑπεράνω
1429 604 1490 631 τῶν
1499 604 1643 638 οὐρανῶν.
1653 605 1702 631 Ἐκ
1714 605 1862 638 στόματος
1872 613 1922 638 νη-

1135 651 1211 678 πίων
1223 651 1271 678 καὶ
1289 649 1476 684 θηλαζόντων
1486 650 1653 684 κατηρτίσω
1667 648 1754 676 αἶνον
1763 649 1851 676 ἕνεκα
1861 649 1922 677 τῶν

1134 695 1248 730 ἐχθρῶν
1258 704 1324 728 σου,
1331 695 1384 723 τοῦ
1391 695 1558 723 καταλῦσαι
1565 695 1672 730 ἐχθρὸν
1684 695 1731 722 καὶ
1743 695 1919 728 ἐκδικητὴν.

1135 741 1173 768 οὐ
1187 741 1270 768 πάλαι
1283 741 1437 776 Θαυμαστὸν
1449 742 1478 768 ὲν
1490 742 1563 778 πάσῃ
1576 743 1608 778 τῇ
1619 743 1654 777 γῇ
1665 751 1671 757 ι
1691 741 1759 777 μετὰ
1773 741 1801 768 δὲ
1812 741 1862 777 τὴν
1874 741 1920 768 τοῦ

1136 788 1261 823 Σωτῆρος
1278 788 1428 824 παρουσίαν
1442 788 1559 822 ἐγένετο,
1572 788 1616 815 ὅτε
1633 788 1679 814 καὶ
1691 787 1834 823 συναγωγὴ
1847 787 1922 814 λαῶν

1136 832 1289 860 ὲκύκλωσεν
1307 832 1404 859 αὐτόν·
1421 832 1571 868 συμφώνως
1593 833 1632 868 τῷ
1653 832 1700 859 νῦν
1720 832 1843 868 ῥηθέντι·
1869 832 1920 860 Ἐκ

298 882 370 917 quod
384 889 450 909 sane
467 890 617 910 consonum
636 882 699 909 huic
723 881 823 917 psalmi
846 882 988 916 praesentis
1010 882 1081 910 dicto

1133 879 1280 913 στόματος
1304 878 1430 913 νηπίων,
1443 878 1489 906 καὶ
1506 879 1540 905 τὰ
1557 878 1628 914 ἑξῆς.
1645 879 1700 914 Τὴν
1722 878 1776 914 γὰρ
1789 878 1852 905 νέαν
1872 878 1920 905 καὶ

297 935 329 954 ex
353 935 397 954 ore
422 926 562 961 infantium
587 931 611 954 et
629 927 783 954 iacientium
808 926 941 962 perfecisti
965 926 1081 960 laudem,

296 977 323 1000 et
335 976 443 1000 caetera.
456 971 558 999 Novam
573 973 645 1000 enim
659 980 824 1008 synagogam
841 979 903 1008 post
915 973 1083 1008 assumptio.

296 1025 357 1045 nem
374 1017 433 1052 ejus
450 1017 478 1044 in
493 1018 578 1044 altum
595 1025 627 1044 ex
642 1017 788 1045 animabus
805 1017 832 1044 in
850 1016 966 1044 infantia
982 1017 1083 1053 degen-

296 1063 371 1091 tibus
385 1064 544 1091 constitisse
560 1063 649 1096 docet,
664 1069 774 1098 propter
790 1064 1028 1099 regenerationem
1054 1064 1082 1091 in

296 1109 407 1138 Christo
421 1115 479 1137 tum
495 1110 606 1145 ubique,
624 1114 685 1145 post
706 1110 766 1145 ejus
791 1110 897 1138 scilicet
914 1111 1080 1146 assumptio-

297 1164 370 1189 nem,
393 1165 442 1191 per
467 1157 561 1184 orbem
586 1160 757 1192 usurpatam.
781 1156 964 1190 Quamobrem
991 1157 1082 1184 accla-

298 1203 436 1230 mantibus
451 1202 502 1238 ipsi
523 1202 625 1238 pueris,
643 1202 772 1230 "osanna
788 1203 815 1229 in
837 1203 958 1236 excelsis,
977 1203 1083 1230 benedi-

296 1249 354 1272 ctus
371 1246 415 1281 qui
431 1247 498 1273 venit
530 1246 557 1273 in
575 1246 679 1273 nomine
695 1245 814 1278 Domini,
832 1247 942 1282 indigne
965 1247 1082 1276 ferentes

296 1291 403 1325 aliquos
422 1292 462 1319 sic
481 1292 646 1328 alloquitur:
669 1291 814 1327 Nunquam
839 1292 950 1328 legistis,
966 1293 1028 1328 quia
1042 1291 1082 1319 Ea:

295 1345 342 1364 ore
369 1337 514 1372 Infantiam
538 1342 563 1364 et
588 1337 742 1364 faetentium
765 1337 899 1372 perfecisli
925 1337 1030 1364 laudem
1041 1337 1082 1365 “7

295 1391 472 1419 umquamne
499 1383 587 1410 illud:
626 1383 739 1418 Propter
774 1384 894 1410 inimicos
924 1384 1081 1412 tuosHizcc

295 1438 361 1458 vero
386 1433 495 1465 propter
526 1429 699 1458 sacerdotum
736 1430 887 1465 principes,
915 1434 942 1458 et
972 1434 1082 1466 propter

295 1475 447 1504 Pharisaaos
473 1476 575 1512 scripta
594 1480 679 1504 sunt:
708 1475 742 1504 de
766 1476 800 1505 iis
823 1484 941 1512 namque
967 1476 1079 1508 dicitur,

294 1521 426 1554 inimicus,
442 1522 522 1554 ultor,
540 1526 567 1549 et
581 1522 608 1549 in
622 1523 784 1557 praecedenti
803 1523 918 1557 psalmo,
937 1522 987 1550 leo.
1002 1521 1081 1555 Quod

1133 924 1228 960 καινὴν
1243 925 1402 960 συναγωγὴν
1416 924 1484 960 μετὰ
1500 924 1548 960 τὴν
1560 926 1600 956 εἰς
1613 923 1677 959 ὕψος
1689 924 1820 960 ἀνάληψιν
1835 924 1918 951 αὑτοῦ

1133 971 1166 997 ὲκ
1187 970 1290 1006 νηπίων
1311 970 1431 999 διδάσκει
1451 970 1610 997 συνεστάναι
1623 970 1716 1006 ψυχῶν
1731 970 1775 997 διὰ
1791 970 1840 1006 τὴν
1853 970 1919 997 ἀνα-

1133 1017 1257 1052 γέννησιν
1272 1017 1322 1052 τὴν
1337 1018 1365 1044 ὲν
1386 1016 1425 1052 τῷ
1441 1015 1550 1052 Χριστῷ
1565 1015 1702 1051 πανταχοῦ
1716 1016 1851 1045 συστᾶσαν
1869 1016 1919 1052 τῆς

1133 1063 1294 1098 οἰκουμένης
1322 1062 1391 1098 μετὰ
1413 1063 1462 1098 τὴν
1484 1062 1617 1098 ἀνάληψιν
1642 1062 1691 1098 τὴν
1705 1061 1798 1089 αὑτοῦ.
1814 1061 1859 1088 Διὸ
1871 1061 1919 1088 καὶ

1134 1108 1257 1145 βοώντων
1282 1108 1356 1144 αὑτῷ
1378 1108 1432 1135 τῶν
1453 1109 1565 1142 παίδων,
1574 1107 1702 1135 Ὡσαννὰ
1716 1108 1751 1134 ἐν
1767 1107 1828 1140 τοῖς
1846 1107 1919 1141 aut:

1133 1163 1228 1188 στοις,
1247 1154 1451 1190 εὐλογημένος
1467 1155 1483 1181 ὁ
1495 1154 1656 1189 ἐρχόμενος
1671 1154 1706 1180 ὲν
1722 1154 1842 1188 ὀνόματι
1858 1154 1919 1180 Κυ-

1128 1201 1208 1234 ρίου,
1223 1200 1406 1234 ἀγανακτοῦσι
1428 1207 1520 1235 φησιν·
1539 1199 1687 1227 οὐδέποτε
1702 1198 1861 1234 ἀνέγνωτε,
1875 1198 1920 1225 ὅτι

1139 1246 1186 1272 Ἐκ
1201 1246 1350 1280 στόματος
1357 1245 1473 1279 νηπίων
1492 1245 1539 1272 καὶ
1549 1243 1737 1279 θηλαζόντων
1751 1245 1920 1279 κατηρτίσω

1132 1290 1235 1324 aii-or;
1251 1291 1298 1318 καὶ
1322 1291 1426 1327 μήποτε
1451 1291 1497 1318 1'6-
1513 1291 1620 1317 Ἕνεκα
1638 1290 1696 1317 τῶν
1713 1289 1827 1325 ἐχθρῶν
1848 1297 1922 1319 σου.

1132 1339 1188 1365 Καὶ
1213 1337 1258 1365 διὰ
1285 1338 1347 1369 τοὺς
1372 1337 1509 1373 ἀρχιερεῖς
1533 1336 1641 1371 λέγεται
1667 1337 1713 1363 καὶ
1736 1337 1917 1373 Φαρισαίους’

1132 1384 1237 1418 ἐχθρὲς
1252 1384 1298 1410 καὶ
1313 1382 1475 1416 ἑκδικητὴς
1491 1383 1506 1409 6
1523 1382 1591 1409 λέων
1606 1383 1750 1418 εἰρημένος
1767 1384 1795 1409 ὲν
1811 1383 1850 1418 τῷ
1865 1382 1919 1418 πρὸ

1132 1429 1226 1456 τούτου
1246 1428 1355 1464 ψαλμῷ.
1373 1428 1409 1455 Τὸ
1422 1426 1468 1454 οὖν
1487 1427 1614 1463 μέγιστον
1629 1427 1730 1463 θαῦμα,
1744 1429 1784 1455 ὅτι
1798 1430 1812 1455 6
1826 1428 1920 1455 τοσοῦ-

1131 1484 1188 1508 τος,
1205 1475 1300 1510 ἐχθρός
1313 1483 1343 1501 τε
1359 1474 1407 1501 καὶ
1423 1473 1502 1506 λέων,
1516 1474 1530 1500 6
1546 1473 1636 1509 ἄρχων
1647 1473 1694 1501 τοῦ
1709 1474 1804 1506 αἰῶνος
1811 1474 1918 1507 τούτου,

1131 1520 1176 1547 διὰ
1190 1520 1295 1556 νηπίων
1311 1520 1357 1546 καὶ
1376 1519 1545 1555 θηλαζόντων
1561 1519 1731 1555 καθῄρηται-
1748 1520 1806 1555 μεθ’
1823 1520 1837 1546 6
1853 1529 1921 1547 παν-

296 1571 386 1594 autem
407 1567 524 1594 maxime
541 1567 695 1594 mirandum
710 1572 752 1594 est
775 1567 856 1595 talem
881 1567 1023 1594 inimicum
1048 1571 1076 1595 et

1133 1551 1222 1602 ταχοῦ.
1235 1566 1301 1598 Θεὸς
1317 1567 1346 1592 ὲν
1361 1551 1427 1593 πᾶσι
1443 1551 1785 1602 θαυμάζεταιξϊεχῡροςίδὲ
1803 1566 1840 1594 ὣν
1863 1568 1920 1594 ἐνε-

296 1611 411 1643 leonem,
429 1612 578 1646 principem
596 1612 678 1647 hujus
701 1613 806 1644 seculi,
836 1620 884 1647 per
900 1612 1021 1640 infantes
1037 1616 1078 1639 at-

296 1666 350 1692 que
370 1658 501 1685 lactentes
516 1658 550 1685 de
569 1658 660 1686 medio
675 1659 812 1686 sublatum
827 1666 909 1686 esse:
925 1666 980 1693 quo
997 1666 1078 1694 pera-

1131 1612 1222 1648 δρεύει
1243 1612 1311 1648 πρὸς
1327 1612 1464 1648 ἁμαρτίαν
1480 1613 1673 1645 ὑποσκελίζων,
1689 1613 1735 1640 καὶ
1751 1614 1814 1645 τοὺς
1827 1614 1920 1650 ἡμαρ-

1131 1657 1250 1694 τηκὸταζ
1266 1659 1334 1694 μετὰ
1350 1659 1436 1686 ταῦτα
1453 1658 1571 1692 κολάζει.

296 1709 341 1730 eto
372 1703 443 1730 Deus
466 1703 567 1738 diique
589 1708 724 1732 terrarum
749 1705 819 1739 apud
844 1712 939 1732 omnes
968 1704 1102 1732 mirabilis
1121 1704 1297 1739 praedicatur,
1331 1706 1377 1740 qui
1400 1705 1528 1740 princeps
1549 1706 1632 1741 hujus
1661 1705 1767 1736 smeuli,
1792 1705 1921 1734 inimicus

296 1757 359 1777 cum
371 1750 417 1781 sit,
426 1749 539 1777 insidias
553 1753 630 1783 parat
646 1753 676 1776 ut
688 1750 845 1784 supplantet
856 1754 884 1777 et
898 1750 925 1776 in
938 1754 1078 1784 peccatum
1098 1749 1228 1785 dejiciat;
1247 1754 1304 1777 tum
1320 1756 1478 1784 peccatores
1493 1752 1626 1786 supplicio
1644 1751 1693 1778 alii:
1704 1752 1733 1778 it.

332 1795 391 1828 Qua
405 1796 511 1823 ratione
533 1800 624 1822 autem
638 1803 736 1823 nomen
754 1795 871 1828 Domini,
891 1796 957 1823 olim
980 1796 1082 1824 nemini

298 1847 403 1874 notum,
429 1841 588 1870 admirabile
607 1843 737 1874 evaserit,
752 1843 872 1871 declarat
894 1844 922 1871 in
938 1843 1079 1879 sequenti-

299 1888 349 1916 bus
372 1888 415 1915 his
437 1888 539 1920 vetbis,
565 1888 690 1923 quoniam
707 1889 809 1916 eleuata
831 1894 870 1916 est
885 1890 1082 1925 magniﬁcentia

298 1940 345 1961 tua
361 1942 437 1968 super
451 1935 545 1962 calas:
556 1939 636 1970 atque
651 1935 761 1962 tertium
780 1935 846 1963 illud
860 1935 1080 1971 superadditum,

297 1988 329 2008 ex
344 1989 388 2008 ore
410 1981 551 2015 infantium
575 1985 599 2008 et
624 1981 778 2008 lactenlium
799 1981 933 2016 perfeciin
957 1981 1081 2014 laudern,

298 2027 419 2062 aliquam
435 2034 501 2054 sane
516 2027 598 2054 habet
613 2027 771 2054 affinitatem
787 2035 847 2054 cum
873 2027 932 2059 illo,
948 2035 1082 2062 synagoga

298 2073 452 2109 populorum
467 2072 641 2100 circumdabit
657 2078 691 2101 te.
714 2073 797 2101 Docet
824 2074 896 2101 enim
919 2081 1016 2101 novam
1037 2081 1082 2108 sy—

299 2127 443 2155 nagogam,
464 2127 523 2154 qua:
552 2118 634 2146 Deum
660 2119 848 2146 circumdabat
885 2123 946 2154 post
972 2119 1032 2154 ejus
1053 2119 1081 2146 in

299 2167 383 2193 altum
398 2165 621 2199 assumptionem,
640 2172 672 2191 ex
688 2164 850 2196 infantibus,
872 2164 962 2192 animo
976 2165 1081 2192 scilicet

1170 1797 1225 1823 Καὶ
1240 1796 1298 1829 πῶς
1311 1798 1340 1824 ὲν
1360 1798 1432 1833 πάσῃ
1447 1799 1480 1834 τῇ
1494 1800 1528 1834 γῇ
1545 1799 1576 1825 τὸ
1590 1799 1673 1825 πάλαι
1685 1798 1777 1834 μηδενὶ
1790 1799 1916 1833 γινωσκό-

1136 1851 1215 1879 μενον
1227 1843 1312 1878 6νομα
1323 1843 1370 1870 τοῦ
1382 1845 1483 1880 Κυρίου
1499 1845 1545 1872 καὶ
1559 1845 1712 1880 Θαυμαστὸν
1723 1845 1853 1880 κατέστη,
1864 1846 1907 1872 δια

1136 1890 1215 1924 σαφεῖ
1231 1889 1316 1923 λέγων
1337 1890 1416 1925 ἑξῆς
1435 1891 1494 1917 Ὅτι
1509 1891 1621 1925 ἐπήρθη
1642 1892 1661 1925 ἡ
1680 1886 1921 1926 μεγαλοπρέπειά

1133 1942 1191 1962 σου
1208 1935 1344 1970 ὑπεράνω
1359 1935 1417 1962 τῶν
1431 1937 1582 1970 οὺρανών’
1603 1937 1648 1963 καὶ
1673 1937 1704 1963 τὺ
1728 1937 1920 1972 ἐπιλεγόμενον

1132 1980 1161 2007 δὲ
1175 1981 1265 2016 τρίτον
1281 1982 1309 2007 ὲν
1327 1980 1377 2016 τῷ,
1387 1982 1436 2008 Ἐκ
1450 1982 1598 2016 στόματος
1613 1982 1730 2015 νηπίων
1751 1982 1799 2009 καὶ
1825 1985 1918 2016 θηλα-

1133 2026 1241 2057 ἅίντων
1260 2029 1428 2062 κατηρτίσω
1441 2027 1537 2060 αἶνον,
1555 2028 1610 2064 ἔχοι
1628 2028 1660 2055 ἃν
1677 2030 1835 2064 συμφωνίαν
1852 2029 1917 2065 πρὸς

1132 2074 1177 2100 te"
1194 2074 1356 2109 Συναγωγὴ
1387 2072 1461 2103 ιοῶν
1484 2075 1632 2101 κυκλώσει
1651 2083 1697 2104 σε.
1717 2075 1753 2102 Τὸ
1774 2075 1833 2110 γὰρ
1858 2075 1919 2103 νέαν

1131 2120 1179 2146 uel.
1191 2120 1286 2156 καινὴν
1304 2120 1462 2156 συναγωγὴν
1477 2120 1529 2147 τῶν
1548 2120 1717 2147 κυκλούντων
1731 2120 1777 2147 τὸν
1791 2121 1857 2147 Θεὸν
1872 2130 1919 2156 με-

1131 2164 1165 2191 τὰ
1180 2165 1228 2200 τὴν
1241 2166 1280 2196 εἰς
1295 2165 1361 2200 ὕψος
1371 2165 1503 2201 ἀνάληψιν
1515 2166 1596 2192 αὑτοῦ
1611 2167 1643 2193 ὲκ
1657 2166 1760 2202 νηπίων
1772 2166 1859 2202 ψυχῆς
1872 2167 1919 2194 καὶ

298 2216 326 2240 et
343 2210 516 2242 lactentibus.
533 2209 691 2236 collectam:
710 2213 790 2244 atque
805 2209 841 2235 ita
864 2213 943 2236 vocat
964 2210 1080 2245 populos

1133 2211 1302 2246 θηλαζόντων
1327 2213 1485 2239 συνεστάναι
1505 2212 1638 2240 διδάσκει’
1653 2213 1724 2240 οὕτω
1746 2213 1835 2240 καλῶν
1856 2214 1919 2246 τοὺς

299 2258 326 2285 in
355 2256 464 2284 Christo
486 2258 674 2290 regeneratos.
693 2253 760 2281 Nam
781 2259 925 2290 postquam
951 2255 978 2281 in
994 2255 1078 2282 altum

298 2303 432 2334 ascendit,
445 2306 506 2337 post
517 2301 670 2336 ingressum
681 2308 760 2327 suum
775 2301 802 2326 in
811 2300 921 2333 ccelum,
935 2299 1078 2334 Dominus,

298 2349 345 2384 qui
362 2356 409 2384 per
422 2347 588 2383 prophetiam
604 2346 774 2378 enuntiatur,
789 2345 905 2373 adscivit
925 2346 975 2373 sibi
993 2354 1078 2381 popu-

299 2395 387 2423 lorum
401 2400 577 2430 synagogam,
591 2393 619 2420 in
635 2396 707 2420 terra
724 2400 757 2420 ex
772 2391 925 2420 infantibus
935 2396 962 2420 et
975 2393 1080 2420 lactei».

299 2442 373 2468 tibus
388 2444 509 2476 paratam
518 2464 524 2471 ,

335 2486 417 2514 Vens.
435 2487 462 2519 4,
480 2487 507 2514 5.
523 2486 655 2520 Quoniam
668 2485 758 2513 videbo
773 2486 862 2518 cwlos,
878 2493 955 2519 opera
981 2485 1079 2521 digito-

300 2541 359 2560 rum
376 2537 489 2564 tuorum,
501 2533 590 2560 lunam
605 2538 629 2560 et
644 2532 736 2560 stellas
748 2539 807 2568 qua”.
823 2537 850 2559 tu
863 2532 993 2567 fundasti.
1008 2532 1078 2565 Quid

300 2586 338 2609 est
349 2581 425 2607 homo
441 2581 508 2616 quod
535 2589 634 2608 memor
659 2589 685 2608 es
707 2581 774 2616 ejus,
797 2584 843 2607 aut
869 2581 941 2615 ﬁlius
967 2580 1080 2608 hominis

299 2627 425 2664 quoniam
445 2627 538 2654 υἱείιαι
559 2629 636 2655 eum?
667 2626 790 2658 Etiamsi,
816 2627 915 2662 inquit,
941 2627 1078 2654 mirabilia

300 2677 365 2702 sunt
375 2672 481 2708 opilicia
495 2677 552 2704 tua,
567 2673 666 2700 caelum
680 2675 707 2700 et
721 2679 780 2707 qua:
792 2671 818 2698 in
831 2679 864 2699 eo
883 2676 958 2703 sunt,
973 2679 1032 2707 qua:
1047 2675 1077 2699 tu

301 2719 420 2748 fundasti
433 2723 463 2746 ut
477 2727 524 2753 per
541 2726 621 2746 omne
643 2719 773 2747 saeculum
793 2718 996 2750 consisterent;
1014 2724 1075 2744 nam

1130 2257 1367 2292 ἀναγεννωμένους
1379 2258 1407 2283 ὲν
1419 2257 1528 2293 Χριστῷ
1542 2258 1632 2290 λαούς.
1641 2259 1688 2291 Εἰς
1703 2259 1768 2293 ὕψος
1782 2258 1837 2294 γὰρ
1851 2260 1917 2286 ἀνα-

1131 2301 1181 2334 ϐὰς
1199 2302 1267 2338 μετὰ
1281 2303 1330 2339 τὴν
1347 2304 1386 2335 εἰς
1401 2304 1511 2340 οὐρανὸν
1524 2305 1561 2339 (1)
1576 2304 1698 2336 κάθοδον,
1717 2306 1730 2332 6
1743 2304 1787 2331 διὰ
1799 2305 1920 2341 τῆςπρο-

1132 2349 1243 2384 φητείας
1251 2349 1456 2385 παριστώμενος
1471 2350 1510 2376 Κὺ
1516 2359 1571 2386 ριος
1579 2359 1647 2386 κατη
1653 2351 1761 2386 ρτίσατο
1777 2351 1865 2386 ἑαυτῷ
1874 2352 1919 2377 ἐπὶ

1135 2393 1183 2428 τῆς
1193 2395 1244 2429 γῆς
1253 2394 1301 2430 τὴν
1314 2394 1366 2421 τῶν
1381 2395 1453 2422 λαῶν
1467 2396 1635 2432 συναγωγὴν,
1646 2397 1679 2423 ὲκ
1694 2396 1798 2432 νηπίων
1814 2398 1862 2423 καὶ
1876 2397 1919 2433 θη-

1135 2439 1268 2472 λαζόντων
1282 2441 1366 2477 αὐτὴν
1383 2442 1594 2477 συστησάμενος.

1171 2486 1230 2512 ’Ότι
1245 2486 1353 2521 ἅψομαι
1371 2488 1442 2521 τοὺς
1451 2488 1597 2522 οὐρανοὺς
1610 2489 1681 2524 ἔργα
1690 2489 1751 2516 τῶν
1761 2489 1919 2515 δακτύλων

1133 2539 1201 2563 σου,
1217 2532 1352 2567 σελήνην
1370 2534 1418 2560 καὶ
1435 2534 1563 2569 ἀστέρας
1578 2534 1597 2561 ἁ
1610 2535 1650 2561 σὺ
1665 2535 1873 2569 ἐθεμελίωσας.
1890 2535 1919 2561 Τί

1131 2578 1216 2605 ἐστιν
1234 2578 1397 2613 ἅνθρωπος,
1410 2579 1454 2607 ὅτι
1464 2580 1620 2615 μιμνήσκῃ
1631 2581 1741 2612 αὑτοῦ;
1758 2581 1776 2615 ἢ
1790 2580 1855 2614 υίὸς
1868 2581 1918 2607 ἀν-

1132 2623 1258 2657 θρώπου,
1271 2625 1315 2651 ὅτι
1334 2625 1500 2661 ἐπισκέπτῃ
1520 2627 1630 2658 miror;
1653 2627 1685 2653 Εἰ
1706 2627 1752 2653 καὶ
1775 2626 1919 2662 θαυμαστά

1132 2678 1188 2702 σου,
1207 2671 1283 2706 φησὶ,
1304 2672 1530 2708 δημιουργήματα
1549 2673 1660 2709 οὐρανὸς
1678 2673 1774 2700 καὶτὰ
1797 2674 1825 2699 ἐν
1843 2672 1919 2708 αὐτῷ

1128 2716 1200 2752 ἆπερ
1215 2717 1336 2753 ἦδρασας
1355 2719 1387 2745 δι’
1403 2719 1463 2746 ὅλου
1477 2719 1525 2745 τοῦ
1540 2719 1639 2751 αἰῶνος
1655 2719 1766 2746 ἑστάναι
1779 2728 1785 2734 ·
1800 2719 1914 2752 ἔστησε

333 2791 356 2807 ⁸³
375 2789 444 2817 Psal.
465 2794 582 2819 Luxut,
596 2785 660 2822 2,3.
678 2787 702 2803 “
721 2786 786 2814 ibid.
803 2786 832 2816 4,
869 2787 892 2802 ³⁸
912 2785 1005 2813 Matth.
1023 2793 1081 2819 ut,

1172 2787 1195 2802 ⁸⁸
1215 2787 1280 2815 ibid.
1302 2788 1342 2815 l6.
1360 2790 1362 2793 ’

335 2850 373 2886 (1)
389 2848 468 2877 Forte
482 2846 557 2883 ᾅδην.
