2055 3214
149 243 200 270 129

716 238 964 269 ῦΟΜΜΕΝΤᾹΒΙΑ
983 239 1015 266 ΙΝ
1036 237 1205 266 PSALMOS.

1720 237 1771 264 150

149 299 201 336 γὰρ
216 299 294 328 αὐτὰ
314 300 358 332 εις
378 299 432 326 τὰν
453 299 555 333 αἰῶνα,
571 299 642 327 καθά
668 308 749 336 φησιν
772 301 800 327 ἐν
823 299 934 335 ἑτέροις,

988 297 1082 324 statuit
1097 305 1127 324 ea
1150 296 1178 323 in
1190 300 1328 326 aeternum,
1344 299 1374 322 ut
1388 296 1442 323 alio
1462 296 1522 323 loco
1540 296 1646 328 dicit“,
1673 305 1771 331 pro-cc-

150 345 200 372 καὶ
220 346 398 380 πρόσταγμα
418 346 512 378 ἔθετο.
528 347 577 373 καὶ
600 348 635 374 οὐ
656 347 887 381 παρελεύσεται·
904 347 935 373 οὑ

152 392 204 428 μήν
219 399 260 418 σοι
276 383 381 426 μεγάλα
402 392 470 428 πρὸς
484 392 610 429 ὕπαρξιν,
624 393 691 420 ἀλλὰ
706 392 834 429 βραχείας
857 393 936 420 δυνά-

152 446 224 474 μεως
238 437 380 469 δακτύλοις
394 438 588 474 ἀναλογούσης·
605 438 675 465 οὕτω
694 439 748 474 γὰρ
766 439 815 471 τὰς
836 438 936 475 μικρὰς

150 481 279 520 δυνάμεις
293 484 406 511 ἐκάλεσε
422 485 468 512 τοῦ
483 485 561 513 Θεοῦ.
574 487 628 513 Καὶ
642 486 727 513 ταῦτα
739 487 788 520 μὲν
802 486 937 522 ἡδρασμέ-

150 539 183 558 να
202 530 297 564 μένει·
316 530 457 566 ἄνθρωπον
477 530 506 557 δὲ
527 531 572 558 τὸν
595 531 655 558 καθ’
670 532 717 559 ἕνα
733 532 936 568 παρερχόμενον

151 573 345 609 ἐκπέπληγμαι
369 574 487 610 θεωρῶν,
507 575 580 607 ὅπως
602 577 650 603 καὶ
676 576 811 612 μέμνησαι
828 578 934 609 τούτου,

151 619 198 645 καὶ
213 620 313 655 προνοῇ
327 628 333 634 ”
356 620 424 656 ὅπερ
446 629 495 647 ουκ
511 620 544 647 ἂν
559 621 678 657 ὑπῆρξεν
698 623 722 649 εί
739 622 834 659 μικρόν
848 632 873 649 τι
889 624 936 650 καὶ

151 665 268 701 φθαρτὸν
282 666 412 701 ἐτύγχανε
428 667 495 698 ζῶον
504 675 510 683 ·
521 667 592 694 οὕτω
605 668 632 694 δὲ
642 669 730 704 τίμιον
744 669 782 701 ὡς
792 670 824 696 ἐκ
838 670 938 704 στόμα.-

149 721 197 744 τος
208 712 311 746 νηπίων
327 713 374 739 καὶ
387 713 555 749 θηλαζόντων
570 715 652 751 ὖμνον
661 716 735 752 αὐτῷ
746 716 934 752 κατηρτίσθαι.

151 757 183 784 Εἰ
197 758 244 784 καὶ
258 758 373 794 σμικρὸς
387 759 477 786 τοίνυν
487 761 558 788 κατὰ
571 761 601 788 τὸ
618 761 710 797 σῶμα·
724 761 792 789 ἀλλὰ
804 762 874 789 κατὰ
886 762 937 797 ψυ-

151 802 202 837 χὴν
211 802 259 838 τὴν
271 804 330 830 κατ’
344 804 436 831 εἰκόνα
447 805 589 841 τετίμηται
600 815 606 822 ·
627 806 696 834 ὥστε
711 807 755 834 διὰ
764 807 858 834 τούτου
869 807 935 835 θαυ-

152 848 255 882 μαστόν
270 857 317 874 σου
335 850 502 885 καταστῆναι
517 851 546 878 τὸ
560 851 644 888 ὄνομα
657 853 686 880 ὲν
702 853 775 889 πάσῃ
791 854 824 888 τῇ
841 854 887 889 γῇ.

192 935 392 971 ’Δποθαυμάζει
419 937 448 963 τὸ
470 937 541 964 Θεῖον
563 938 675 974 Πνεῦμα
692 939 739 966 καὶ
759 939 866 974 εὔχεται
889 939 936 966 τοῦ

987 348 1059 378 ptum
1077 343 1164 377 posuit
1181 347 1206 369 et
1234 350 1284 369 non
1305 341 1469 374 prseteribit:
1491 350 1548 369 non
1567 346 1657 370 tamen
1674 351 1770 377 magna

987 388 1036 415 tibi
1054 391 1228 422 reputantur,
1244 387 1292 415 sed
1307 395 1356 414 ceu
1372 387 1468 422 exigua
1486 387 1586 415 virtute
1598 387 1689 423 digitis
1705 396 1771 415 cou-

987 434 1107 463 cinnata.
1126 435 1169 460 sic
1188 433 1260 460 enim
1279 432 1398 460 minores
1413 432 1459 460 Dei
1481 433 1596 460 virtutes
1621 439 1770 468 nuncupat.

989 481 1020 509 Et
1035 481 1093 509 haec
1117 481 1228 517 quidem
1254 479 1367 508 fundata
1391 487 1424 507 ac
1445 479 1522 507 ﬁrma
1542 486 1718 515 permanent;
1743 485 1771 508 at

988 527 1138 557 hominem.
1152 527 1313 562 singulatim
1331 526 1423 554 omnia
1445 533 1621 562 percurrens,
1643 534 1697 554 non
1712 527 1772 554 sine

987 578 1100 608 stupore
1122 573 1293 608 contemplor
1307 592 1314 604 ,
1330 580 1385 607 quo
1409 576 1490 608 pacto
1509 573 1613 599 scilicet
1627 572 1699 601 illius
1715 581 1771 600 me-

987 619 1110 651 mineris,
1138 623 1219 654 atque
1242 619 1328 654 ipsius
1352 625 1446 646 curam
1458 618 1572 650 habeas,
1584 618 1655 653 quod
1678 618 1773 653 utique

986 672 1041 691 non
1059 664 1175 696 faceres,
1195 665 1218 692 si
1234 671 1348 699 parvum
1371 667 1399 691 et
1412 663 1591 698 corruptibile
1612 663 1712 690 animal
1727 670 1772 691 es-

987 714 1047 743 set;
1067 709 1115 738 sed
1132 715 1208 738 tanto
1223 711 1327 738 honore
1341 709 1442 744 dignus
1456 716 1509 742 est,
1525 713 1555 736 ut
1568 717 1599 737 ex
1615 717 1663 737 ore
1682 708 1773 737 infan-

987 756 1055 783 tium
1072 760 1099 783 et
1115 756 1274 784 lactentium
1288 756 1397 792 hymnis
1411 756 1572 784 celebretur.
1595 755 1709 784 Etiamsi
1722 756 1774 790 igi-

987 805 1033 829 tur
1048 809 1166 837 corpore
1182 809 1284 838 parvus
1305 801 1352 834 sit,
1376 801 1528 829 secundum
1544 801 1662 828 animam
1682 801 1715 828 ad
1734 801 1773 829 si-

987 847 1168 875 militudinem
1181 848 1227 876 Dei
1240 847 1340 874 factam
1356 847 1516 879 honoratur,
1529 847 1566 874 ita
1580 852 1609 874 ut
1620 855 1667 882 per
1683 847 1773 881 ipsutn

987 893 1146 922 admirabile
1160 894 1195 922 sit
1210 901 1309 922 nomen
1322 897 1398 921 tuum
1415 895 1443 920 in
1459 894 1585 921 universa
1600 898 1682 921 terra.

1023 938 1182 967 Admiratur
1199 940 1318 975 Spiritus
1335 939 1456 973 divinus,
1470 943 1498 967 et
1521 940 1549 967 in
1570 940 1629 974 ipsa
1653 940 1772 967 admira-

149 980 312 1016 θαυμασμοῦ
328 980 430 1015 λέγων·
446 982 582 1018 Οὑρανοὺς
599 983 647 1018 μὲν
662 983 717 1019 ὁρῶ
735 984 798 1016 τοὺς
811 984 856 1010 τὸν
870 984 938 1020 σύμ-

988 985 1061 1013 tione
1083 985 1225 1020 gloriatur.
1250 986 1363 1014 dicens:
1388 986 1480 1014 leos
1500 986 1610 1021 quidem
1634 986 1711 1014 video
1725 986 1772 1020 qui

148 1035 239 1053 ταντα
251 1026 352 1061 κόσμον
366 1026 556 1062 περιέχοντας·
575 1028 630 1064 ὁρῶ
645 1028 673 1055 δὲ
693 1029 740 1055 καὶ
759 1028 873 1064 σελήνην
891 1029 936 1055 καὶ

149 1071 249 1107 ἄστρα,
264 1071 311 1098 καὶ
326 1071 411 1098 ταῦτα
425 1073 512 1100 πάντα
528 1073 654 1110 γνωρίζω
667 1076 700 1110 τῇ
719 1075 798 1110 φύσει
811 1075 874 1102 ὄντα
889 1084 936 1111 με-

149 1116 222 1150 γάλα.
237 1116 282 1143 καὶ
296 1116 438 1152 θαυμαστὰ
451 1118 501 1153 τῆς
511 1118 576 1154 ὅλης
586 1119 762 1155 δημιουργίας
777 1119 847 1156 μέρη
857 1129 863 1135 .
879 1121 935 1148 ἀλλ’

149 1163 235 1198 ὅμως,
251 1163 351 1199 καίπερ
362 1164 426 1190 ὄντα
439 1164 563 1196 τοιαῦτα,
578 1163 646 1196 οἶδα,
657 1169 700 1196 ὅτι
716 1166 872 1202 βραχύτατα
883 1167 936 1195 τῶν

149 1208 205 1235 σῶν
222 1208 310 1244 ἔργων
323 1210 554 1246 τυγχάνει.Ἔργα
568 1210 634 1245 γοῦν
649 1212 707 1238 ἐστι
718 1213 804 1241 ταῦτα
815 1212 869 1239 τῶν
883 1213 937 1240 σῶν

147 1255 301 1282 δακτύλων⁸
322 1256 382 1291 οὐχὶ
394 1256 422 1281 δὲ
436 1256 545 1291 χειρῶν,
559 1257 618 1283 οὐδὲ
633 1258 752 1293 μεγάλης
770 1259 841 1291 τινὸς
859 1259 937 1286 δυνά-

150 1309 239 1336 μεως·
259 1301 327 1333 ἀλλ’,
341 1302 379 1333 ὡς
395 1302 429 1328 ἂν
444 1301 516 1329 εἴποι
532 1311 583 1335 τις,
602 1303 693 1338 ἄκρων
707 1303 855 1337 δακτύλων,
873 1313 936 1341 τρο-

148 1347 239 1379 πικῶς
253 1347 339 1379 οὕτως
350 1348 404 1375 τῶν
419 1348 559 1384 δυνάμεων
574 1349 780 1385 ὀνομαζομένων
796 1350 842 1378 τοῦ
857 1351 935 1384 Θεοῦ,

148 1393 182 1420 δι’
197 1390 235 1420 ὧν
247 1393 280 1421 τὰ
293 1393 410 1429 αἰσθητὰ
424 1395 471 1422 καὶ
486 1394 611 1431 ὁρώμενα
627 1395 854 1433 δημιουργήματα
873 1406 937 1425 συν-

147 1440 292 1475 εστήσατο.
735 1470 739 1473 .

191 1485 378 1520 Ἠλάττωσας
410 1487 502 1514 αὑτὸν
520 1487 621 1523 ,βραχύ
641 1497 669 1515 τι
695 1489 764 1522 παρ’
780 1489 935 1524 ἀγγέλους,

148 1531 223 1566 δόξῃ
244 1533 293 1560 καὶ
312 1532 383 1568 τιμῇ
399 1533 611 1568 ἐστεφάνωσας
627 1535 729 1562 αὐτόν.
744 1536 799 1562 Καὶ
815 1535 869 1571 μὴν
880 1535 938 1562 ἑτέ-

150 1586 206 1615 ρως
230 1579 294 1616 δόξῃ
318 1580 366 1607 καὶ
391 1582 458 1615 τιμῇ
480 1580 525 1607 τὸν
552 1580 694 1617 ἄνθρωπον
722 1581 908 1616 ἐστεφάνωσεν
923 1582 937 1608 ὁ

147 1624 225 1657 θεὸς,
239 1625 285 1652 ἐπὶ
307 1625 388 1661 μόνου
408 1625 454 1652 τοῦ
472 1626 615 1662 ἀνθρώπου
637 1627 742 1663 φήσας·
762 1626 937 1662 Ποιήσωμεν

148 1670 308 1705 ἄνθρωπον
325 1673 386 1698 κατ’
401 1673 504 1699 εἰκόνα
522 1673 668 1708 ἡμετέραν
683 1673 732 1700 καὶ
749 1674 813 1700 καθ’
833 1674 935 1708 ὁμοίω·
951 1665 972 1694 c

149 1725 216 1748 σιν,
235 1717 280 1744 καὶ
297 1718 428 1754 διαφόρως
440 1720 496 1751 τοῖς
516 1719 604 1754 ἁγίοις
618 1719 770 1756 ἀνθρώποις
785 1720 935 1754 ἐπιφανεὶς,

150 1763 201 1790 καὶ
218 1762 371 1799 Πνεύματος
391 1765 480 1799 ἁγίου,
496 1765 543 1792 καὶ
563 1766 701 1802 δυνάμεως
715 1766 841 1802 οὐρανίου
856 1775 938 1802 μετα-

148 1807 224 1839 δοὺς,
239 1808 277 1840 ὡς
291 1809 322 1835 τὺ
339 1809 433 1845 μέλλον
450 1811 559 1843 ειδέναι,
577 1811 624 1838 καὶ
634 1811 728 1843 νόσους
741 1811 872 1843 ἐλαύνειν,
890 1811 938 1838 καὶ⁸

149 1855 264 1890 νεκροὺς
280 1855 390 1892 ἅνιστᾷν
400 1865 407 1871 ·
425 1857 473 1884 καὶ
489 1857 519 1883 τὸ
541 1857 667 1892 μέγιστον
681 1858 818 1890 ἁπάντων,
835 1858 868 1894 τῇ
890 1857 937 1884 τοῦ

148 1900 320 1934 Μονογενοῦς
333 1903 452 1937 τιμήσας
469 1903 550 1930 αὐτὸν
568 1903 714 1940 παρουσίᾳ.

183 1947 261 1981 Δόξῃ
286 1947 335 1974 καὶ
352 1947 419 1982 τιμῇ
435 1948 649 1983 ἐστεφάνωσας
669 1950 772 1982 αὐτὸν,
791 1949 840 1976 καὶ
867 1958 937 1977 κατ-

148 1991 285 2025 έστησας
310 1992 404 2020 αὑτὸν
428 1993 476 2020 ἐπὶ
502 1994 539 2020 τὰ
563 1994 636 2029 ἔργα
662 1994 722 2021 τῶν
744 1994 851 2029 χειρῶν
867 2003 935 2022 σου.

148 2037 254 2065 Πάντα
281 2039 432 2073 ὑπέταξας
460 2040 600 2068 ὑποκάτω
624 2039 683 2067 τῶν
708 2041 809 2068 ποδῶν
834 2041 937 2074 αὐτοῦ,

148 2085 283 2118 πρόϐατα
307 2085 355 2112 καὶ
382 2086 461 2119 βόας
483 2085 595 2119 πάσας,
612 2086 656 2113 ἔτι
671 2086 706 2113 δὲ
727 2087 776 2113 καὶ
791 2086 827 2114 τὰ
843 2087 938 2121 κτήνη

148 2131 202 2158 τοῦ
228 2131 344 2164 πεδίου,
363 2132 399 2158 τὰ
423 2133 543 2160 πετεινὰ
558 2132 611 2160 τοῦ
634 2133 773 2167 οὐρανοῦ,
796 2134 846 2161 καὶ
868 2134 939 2167 τοὺς

150 2179 257 2213 ιχθύιις
273 2177 327 2212 τῆς
343 2180 512 2214 θαλάσσης,
527 2180 563 2207 τὰ
574 2180 809 2215 διαπορευόμενα
821 2181 940 2214 τρίϐους

150 2225 326 2253 θαλασσῶν.
345 2225 383 2261 Τῇ
406 2225 460 2261 γὰρ
486 2225 581 2262 λογικῇ
607 2226 696 2261 φύσει,
717 2227 755 2258 ὡς
778 2227 811 2253 ἂν
834 2227 941 2262 ὡμοιωο

151 2271 221 2308 μένῃ
247 2271 318 2306 Θεῷ,
340 2272 389 2307 τὴν
415 2272 485 2299 κατὰ
513 2273 620 2300 πάντων
645 2273 731 2308 ἀρχὴν
755 2273 802 2300 καὶ
825 2273 939 2309 δύναμιν

150 2318 318 2353 ἐδωρήσατο.
339 2318 368 2344 '0
382 2318 535 2354 ἄνθρωπος.
550 2319 600 2355 τῆς
612 2319 705 2354 οεῖκῆς
721 2319 823 2351 είκόνος
836 2319 937 2352 λαϐὼν,

149 2363 187 2395 ὡς
213 2364 342 2399 βασιλεὺς
364 2364 490 2392 ἁπάντων
507 2366 580 2392 ἐστὶν
600 2367 614 2392 ὁ
636 2366 710 2397 Θεὸς,
735 2365 820 2398 οὕτως
846 2366 938 2401 ἄρχων

150 2411 269 2447 κατέστη
287 2411 341 2437 τῶν
358 2411 403 2437 ἐπὶ
414 2411 474 2446 γῆς.
490 2411 522 2437 Εἰ
535 2411 563 2437 δὲ
578 2411 728 2443 καθολικῶς
743 2411 849 2447 εἴρηται
861 2406 937 2438 "Kal

150 2456 342 2490 κατέστησας
364 2457 457 2484 αὐτὸν
471 2457 520 2483 ἐπὶ
534 2457 569 2483 τὰ
583 2457 653 2492 ἔργα
668 2456 726 2483 τῶν
743 2457 849 2492 χειρῶν
862 2464 919 2484 σου
930 2465 937 2472 '

151 2502 223 2537 λέγει
239 2503 268 2529 δὲ
291 2502 422 2538 ἀλλαχοῦ·
442 2503 497 2529 Καὶ
518 2503 554 2529 τὰ
576 2503 647 2537 ἔργα
671 2503 731 2529 τῶν
753 2503 860 2537 χειρῶν
881 2511 938 2530 σου

152 2550 231 2576 είσὶν
243 2551 271 2577 οὶ
292 2550 423 2584 οὐρανοὶ,
441 2550 519 2586 δῆλον
539 2550 577 2581 ὡς
598 2550 645 2576 καὶ
664 2550 711 2576 ἐπὶ
730 2550 793 2581 τοὺς
809 2550 939 2585 οὐρανοὺς

153 2597 320 2632 κατέστησεν
343 2596 436 2624 αὐτόν.
456 2597 510 2623 Καὶ
527 2597 638 2632 μήποτε
661 2596 825 2632 ἅπορῤήτως
845 2596 894 2632 τὴν
914 2597 942 2622 ὲν

152 2642 258 2678 οὐρανῴ
271 2642 411 2679 διατριϐὴν
424 2643 560 2678 σημαίνει,
574 2642 627 2669 τῶν
641 2642 695 2669 ἀπὸ
704 2642 756 2677 γῆς
772 2642 860 2668 ἐκεῖσε
877 2641 942 2678 μεθ-

152 2690 315 2725 ισταμένων,
331 2689 374 2715 ὅτε
400 2689 525 2724 μέλλουσι
544 2688 681 2724 βασιλείαν
705 2687 880 2723 κληρονομεῖν
895 2687 942 2713 οὐ-

152 2735 241 2772 ρανῶν
258 2736 297 2766 ὡς
320 2735 496 2771 ἐπήγγελται.
512 2736 592 2769 Λέγει
609 2735 637 2761 δὲ
660 2735 674 2761 ό
690 2734 794 2766 Παῦλος
805 2742 811 2749 ·
829 2735 943 2767 Κληρο-

151 2783 235 2816 νόμοι
266 2782 325 2816 μὲν
353 2782 444 2813 Θεοῦ,
471 2781 711 2816 συγνκληρονόμοι
739 2781 773 2807 δὲ
800 2780 938 2814 Χριστοῦ.

152 2827 229 2854 Οὕτω
249 2827 298 2855 καὶ
315 2828 356 2860 τὸ,
374 2827 465 2854 Πάντα
483 2827 615 2860 ὑπέταξεν
632 2827 759 2853 ὑποκάτω
779 2825 834 2853 τῶν
850 2825 938 2852 ποδῶν

152 2873 246 2906 αὑτοῦ,
265 2874 374 2909 νοητέον
391 2873 438 2900 νῦν
456 2874 504 2909 μὲν
521 2873 554 2900 τὰ
569 2873 642 2905 ζῶα·
660 2871 752 2908 ἐπειδὴ
769 2872 798 2899 δὲ
819 2872 866 2898 καὶ
881 2871 939 2906 βίος

987 1035 1075 1058 totutn
1091 1031 1222 1058 mundum
1247 1031 1526 1067 circumplectuntur;
1550 1032 1629 1059 video
1648 1032 1712 1059 item
1731 1032 1773 1059 lu-

987 1085 1051 1105 nam
1064 1081 1091 1105 et
1106 1079 1212 1107 stellas.
1231 1083 1258 1106 et
1273 1078 1352 1113 plane
1367 1086 1453 1106 nosco
1472 1079 1529 1106 haec
1545 1079 1636 1106 omnia
1658 1086 1773 1114 magnas

986 1123 1181 1158 mirabilesque
1193 1124 1312 1151 universi
1326 1124 1428 1159 opiﬁcii
1445 1129 1535 1160 partes
1550 1132 1611 1152 esse
1624 1134 1630 1151 :
1653 1128 1773 1152 attamen

987 1169 1038 1196 etsi
1063 1170 1127 1196 talia
1154 1173 1225 1203 sunt,
1252 1170 1316 1197 novi
1336 1177 1368 1197 ea
1392 1170 1502 1197 minima
1527 1178 1640 1206 operum
1664 1175 1774 1198 tuorttm

986 1223 1057 1244 esse.
1077 1215 1139 1243 Haec
1164 1217 1255 1252 itaque
1277 1220 1341 1244 sunt
1366 1217 1513 1252 digitorum
1537 1221 1646 1245 tuorum
1671 1226 1773 1254 opera;

986 1269 1042 1290 non
1057 1270 1121 1289 vero
1139 1270 1280 1293 manuum,
1297 1270 1386 1298 neque
1401 1271 1506 1299 magnae
1520 1264 1663 1298 cujusdam
1679 1268 1775 1299 poten-

988 1309 1032 1337 tiae
1046 1313 1114 1342 tuae;
1142 1309 1200 1341 sed,
1222 1314 1251 1336 ut
1280 1309 1317 1336 ita
1345 1309 1446 1342 dicam,
1472 1315 1655 1338 extremorum
1674 1309 1772 1346 digito-

987 1362 1062 1382 rum:
1081 1355 1118 1383 ita
1142 1355 1267 1382 videlicet
1292 1356 1397 1390 tropice
1414 1360 1548 1383 vocantur
1572 1356 1686 1383 virtutes
1714 1355 1772 1389 Dei,

987 1401 1088 1436 quibus
1104 1402 1246 1429 scnsibilia
1261 1402 1434 1437 visibiliaqne
1450 1410 1533 1437 opera
1549 1403 1701 1430 constituit.

1023 1488 1108 1516 Vens.
1124 1489 1151 1516 6.
1169 1488 1292 1516 Μὶηιιὶιιί
1312 1497 1371 1515 eum
1392 1489 1473 1523 paulo
1490 1489 1576 1516 minus
1602 1489 1635 1515 ab
1662 1489 1774 1523 angelis,

987 1534 1073 1568 gloria
1085 1539 1110 1560 et
1125 1534 1222 1561 Itonore
1236 1534 1372 1561 coronasti
1387 1542 1458 1561 eum.
1477 1534 1509 1561 Et
1523 1541 1588 1561 sane
1602 1535 1655 1562 alia
1669 1535 1775 1563 ratione

988 1579 1126 1607 hominem
1143 1580 1229 1615 gloria
1245 1585 1272 1607 et
1287 1579 1391 1606 honore
1408 1580 1550 1606 coronavit
1566 1579 1657 1614 Deus;
1673 1580 1706 1608 de
1716 1582 1775 1608 solo

988 1628 1089 1663 quippe
1103 1627 1213 1654 homine
1227 1626 1313 1654 dixit:
1341 1625 1486 1654 Faciamus
1507 1626 1637 1653 hominem
1657 1626 1691 1653 ad
1707 1627 1776 1654 ima-

988 1674 1074 1708 ginem
1086 1677 1110 1700 et
1123 1672 1324 1700 similitudinem
1338 1672 1495 1699 nostram".
1515 1672 1682 1707 Diversoque
1694 1673 1776 1701 modo

988 1719 1090 1746 sanctis
1099 1718 1253 1746 hominibus
1260 1718 1396 1753 apparuit,
1407 1717 1593 1753 Spiritumque
1602 1723 1726 1746 sanctum
1744 1727 1777 1747 ac.

988 1765 1130 1792 cmlestem
1149 1767 1311 1799 potestatem
1330 1764 1439 1796 indidit,
1465 1768 1495 1792 ut
1517 1765 1608 1791 futura
1623 1773 1776 1800 prtenosce-

988 1813 1060 1842 rent,
1088 1811 1199 1838 morbos
1226 1811 1367 1845 pellerent.
1392 1815 1516 1839 mortuos
1539 1811 1725 1838 suscitarent:
1749 1816 1777 1839 et

988 1857 1063 1893 quod
1088 1857 1210 1885 omnium
1227 1857 1498 1892 prmstantissimum,
1520 1857 1660 1885 hominem
1677 1857 1774 1893 Unige-

989 1904 1039 1930 niti
1053 1904 1095 1930 sui
1110 1904 1228 1931 adventu
1245 1903 1400 1930 honoravit.

1025 1948 1109 1976 Vens.
1129 1948 1185 1976 7-9.
1204 1948 1297 1975 Gloria
1323 1953 1348 1975 et
1381 1949 1478 1975 honore
1509 1949 1642 1976 coronasti
1657 1957 1726 1983 eum,
1751 1957 1776 1978 et

989 1995 1153 2022 constituisti
1169 2002 1228 2021 eum
1250 2002 1329 2029 super
1342 2002 1420 2028 opera
1438 2003 1563 2022 manuum
1577 2000 1692 2023 tuarum.
1711 1996 1777 2024 0m-

989 2041 1035 2068 m'a
1049 2040 1183 2075 subjecisti
1198 2039 1245 2067 sub
1259 2040 1368 2074 pedibus
1384 2041 1452 2075 ejus,
1465 2048 1524 2068 oves
1538 2046 1562 2068 et
1585 2041 1658 2069 boves
1673 2044 1777 2070 univer-

990 2096 1045 2119 sas,
1063 2087 1170 2122 insuper
1182 2091 1207 2114 et
1220 2094 1316 2122 peoora
1327 2089 1425 2122 campi,
1437 2087 1554 2115 volucres
1571 2088 1630 2115 coeli
1648 2094 1671 2116 et
1693 2091 1776 2123 pisces

989 2134 1084 2166 maris.
1100 2134 1144 2168 qui
1158 2133 1349 2168 'perambulant
1366 2135 1474 2161 semitas
1499 2135 1590 2161 maris.
1610 2134 1776 2163 Rationahili

989 2180 1063 2207 enim
1079 2183 1193 2211 naturae,
1211 2183 1306 2215 utpote
1327 2179 1361 2207 ad
1387 2179 1595 2208 similitudinem
1614 2180 1661 2209 Dei
1685 2181 1775 2214 factae,

990 2226 1160 2254 dominatum
1182 2229 1399 2261 potestatemque
1414 2226 1441 2253 in
1458 2226 1550 2254 omnia
1566 2227 1670 2255 tribuit.
1689 2227 1777 2254 llomo

990 2281 1056 2302 sane
1071 2273 1118 2301 Dei
1133 2273 1278 2308 imaginem
1296 2274 1409 2309 accepit,
1426 2282 1457 2301 ac
1471 2278 1501 2301 ut
1515 2282 1563 2302 rex
1571 2274 1693 2301 omnium
1704 2273 1776 2302 Deus

991 2326 1043 2351 est,
1064 2320 1105 2348 sic
1127 2320 1185 2355 ipse
1215 2321 1343 2356 princeps
1358 2324 1532 2348 terrenarum
1549 2321 1669 2348 omnium
1685 2328 1776 2348 rerum

990 2367 1156 2394 constitutus
1171 2370 1224 2394 est.
1242 2366 1320 2399 Quod
1337 2367 1360 2393 si
1372 2367 1522 2402 generatim
1537 2366 1593 2393 haec
1605 2367 1691 2400 posita
1700 2371 1775 2396 sunt.

992 2412 1025 2439 Et
1041 2413 1202 2440 constituisti
1224 2421 1283 2439 eum
1304 2419 1382 2446 super
1400 2421 1480 2447 opera
1500 2420 1626 2438 manuum
1644 2416 1750 2438 tuarum
1765 2419 1777 2439 :

991 2467 1054 2486 cum
1080 2459 1146 2486 alibi
1169 2459 1287 2492 dicatur,
1305 2458 1339 2485 Et
1356 2466 1434 2492 opera
1450 2466 1577 2485 manuum
1593 2463 1699 2485 tuarum
1714 2464 1776 2486 sunt

992 2506 1049 2532 caeli
1063 2505 1097 2537 ⁸⁹,
1123 2505 1187 2532 hinc
1203 2505 1392 2540 consequitur.
1407 2504 1488 2531 etiam
1515 2512 1596 2539 super
1611 2505 1695 2532 cmlos
1710 2513 1777 2532 con-

992 2551 1117 2579 stitutum
1130 2558 1145 2577 a
1161 2550 1216 2578 Deo
1233 2550 1329 2578 fuisse.
1354 2551 1390 2578 Ac
1406 2558 1545 2585 nunquam
1561 2558 1654 2578 eorum
1677 2551 1724 2586 qui
1743 2551 1777 2579 ad

992 2603 1125 2632 supernas
1141 2596 1221 2624 sedes
1235 2596 1444 2628 transferentur,
1460 2596 1655 2624 habitationem
1667 2597 1693 2624 in
1707 2597 1777 2624 ccelo

992 2642 1112 2669 futuram
1127 2642 1235 2669 occulte
1249 2644 1456 2673 commemorat,
1478 2641 1523 2668 ubi
1539 2642 1704 2677 promissum
1723 2642 1777 2669 sibi

992 2687 1124 2714 caelorum
1150 2694 1264 2722 regnum
1282 2686 1437 2721 possessuri
1461 2690 1544 2720 sunt;
1562 2687 1599 2714 ait
1613 2688 1685 2714 enim
1705 2686 1777 2714 I‘au-

992 2732 1035 2759 lus
1054 2741 1060 2759 :
1082 2730 1207 2759 Iiteredes
1229 2732 1333 2766 quidem
1352 2731 1411 2764 Dei,
1434 2732 1580 2760 colta’redes
1595 2737 1682 2759 autem
1699 2732 1777 2760 Chri-

991 2777 1067 2805 sti".
1081 2777 1126 2805 Sic
1141 2778 1219 2809 illud,
1236 2779 1334 2808 Omnia
1362 2778 1480 2813 subjecit
1496 2779 1546 2806 sub
1560 2779 1672 2813 pedibus
1706 2776 1778 2811 eiust

990 2823 1047 2858 jam
1063 2823 1267 2858 intelligendum
1280 2824 1314 2852 de
1329 2824 1494 2852 animalibus
1513 2834 1519 2852 :
1542 2828 1569 2851 at
1581 2824 1645 2859 quia
1662 2823 1778 2851 homini-

993 2870 1045 2898 bus
1058 2870 1084 2897 in
1101 2870 1172 2897 coelo
1189 2877 1237 2905 par
1250 2871 1378 2906 angelicae
1394 2872 1446 2899 vita
1462 2872 1580 2907 reposita
1598 2874 1650 2903 est,
1666 2876 1729 2898 cum
1743 2869 1779 2897 ii-

185 2965 207 2981 "
228 2964 304 2992 Psal.
322 2972 385 2997 vm,
406 2964 450 2992 45.
488 2964 511 2980 ⁸⁸
530 2963 627 2991 Gencs.
648 2971 674 2995 t,
692 2962 736 2989 26.
776 2962 798 2978 ⁸ο
817 2961 938 2995 l’sal.ct,

988 2962 1001 2989 ἰ.
1040 2961 1062 2977 ⁹⁰
1083 2959 1162 2989 Rom.
1182 2970 1245 2996 vni,
1264 2962 1308 2990 η.
