2055 3214
290 244 335 270 151

636 240 767 268 EUSEBII
788 241 1026 269 CIESARIENSIS
1042 242 1117 270 OPP.
1138 241 1227 269 PARS
1246 241 1289 270 Ill.
1307 239 1553 269 ~EXEGETlCA.

1856 241 1907 267 I32

288 302 323 329 lic
337 301 501 329 constitutus
517 299 598 327 fuerit
621 308 704 335 super
729 308 811 335 opera
841 309 970 329 manuum
997 302 1067 336 ejus,

1123 301 1263 336 ίσάγγελος
1279 301 1422 328 ἀπόκειται
1439 303 1495 332 τοῖς
1511 299 1665 335 ἀνθρώποις
1677 300 1705 326 ὲν
1719 299 1837 336 οὐρανῷ,
1849 292 1909 326 ἐκεῖ

287 347 371 374 οωιοε
385 350 413 373 et
437 346 528 372 omnia
544 353 605 380 quae
621 345 647 372 in
672 346 712 372 eis
736 349 801 373 sunt
830 347 1068 381 contemplabitur.

288 393 386 419 Beatus
400 396 489 418 autem
505 391 606 418 Paulus
623 391 674 417 hoc
688 391 722 418 de
741 390 882 418 Salvatore
899 393 1014 427 accepit,
1031 397 1072 419 ut.

286 441 350 472 pote
371 436 442 471 quod
470 435 522 470 ipsi
547 435 574 462 in
600 435 691 461 futuro
713 435 812 462 sarculo
828 435 1009 463 obventurum
1024 437 1070 465 sit.

286 483 457 518 Quapropter
473 481 510 508 ait
526 481 564 507 illi
580 480 660 507 Pater
674 489 681 507 :
698 480 765 508 Sede
779 490 795 507 a
819 481 919 508 dextris
939 482 1013 513 meis,
1028 481 1074 508 ὀο-

285 535 332 553 nec
345 534 440 560 ponam
452 526 571 552 inimicos
583 529 641 552 tuos
655 525 798 552 scabellum
809 526 904 560 pedunt
919 531 1024 554 tuorum
1037 527 1070 555 ".

502 620 662 649 PSALMUS
679 620 784 648 DAVID
802 621 849 649 IX.

443 668 467 694 Ι.
482 668 515 695 1η
528 669 606 702 ﬁnem
625 676 672 702 pro
688 667 798 694 occultis
811 667 886 695 Fiiii.

322 713 405 741 Multa
422 720 501 742 erant
514 722 575 749 qua:
591 715 649 749 ipse
662 714 770 741 occulte
791 717 943 748 peregerat,
960 722 1073 749 genera-

287 761 324 788 tio
342 761 447 788 scilicet
463 768 495 788 ex
513 760 623 795 Virgine
639 759 789 787 secundum
807 767 917 787 carnem
942 768 990 794 per
1012 760 1074 796 Spi-

286 807 368 832 ritum
383 810 518 837 sanetum,
531 805 671 840 stupenda:
686 805 738 832 illae
751 805 865 832 virtutes
879 805 979 840 quibus
991 805 1075 832 mira-

286 851 351 878 bilia
367 851 472 883 edebat,
488 859 563 879 mors
584 852 644 886 ejus
659 856 686 878 et
710 850 861 879 descensus
876 852 904 878 in
926 851 1073 883 infernum,

285 905 317 923 ac
333 896 499 924 resurrectio
513 905 545 924 ex
562 897 686 924 mortuis.
704 897 776 930 llazc,
793 898 915 932 inquam,
932 897 1023 924 omnia
1035 897 1075 924 la-

285 946 374 970 tenter
395 943 429 970 ab
453 943 512 977 ipso
536 947 702 978 perpetrata.
725 944 792 971 Nam
819 944 877 971 haec
904 943 1074 979 principibus

1123 348 1259 379 καταστὰς
1275 348 1321 374 ἐπὶ
1342 347 1376 374 τὰ
1401 347 1469 383 ἔργα
1489 346 1542 373 τῶν
1565 346 1662 381 χειρῶν
1688 345 1781 377 αὑτοῦ,
1807 345 1908 380 θεωρὸς

1120 393 1242 429 οὐρανῶν
1258 394 1333 420 ἔσται
1353 394 1399 420 καὶ
1423 393 1476 420 τῶν
1498 394 1526 419 ὲν
1550 393 1650 424 αὺτοῖς.
1674 392 1703 419 '0
1722 392 1750 418 δὲ
1774 391 1909 427 μακάριος

1123 440 1227 472 Παῦλος
1249 440 1295 467 καὶ
1319 440 1398 467 τοῦτο
1421 440 1484 476 περὶ
1507 439 1553 466 τοῦ
1574 439 1699 474 Σωτῆρος
1719 438 1854 472 ἐξέλαϐεν,
1879 439 1909 464 ἐν

1123 485 1199 512 αἰῶνι
1214 485 1254 521 τῷ
1271 486 1392 520 μέλλοντι
1409 485 1599 521 γενησόμενον.
1621 484 1666 511 Διό
1686 492 1752 519 φησι
1773 484 1840 520 πρὸς
1857 484 1907 510 αὐ-

1122 531 1168 558 τὸν
1184 533 1198 558 ὁ
1220 532 1332 567 Πατήρ·
1350 531 1448 558 Κάθου
1469 531 1503 557 ἐκ
1525 530 1631 563 δεξιῶν
1643 539 1714 565 μου,
1735 530 1790 563 ἕως
1810 529 1848 556 ἂν
1869 529 1910 556 θῶ

1122 578 1193 611 τοὺς
1209 578 1334 612 ἐχθρούς
1349 586 1406 605 σου
1421 577 1587 605 ὑποπόδιον
1600 576 1659 603 τῶν
1673 576 1773 603 ποδῶν
1785 585 1854 603 σου.

1329 624 1474 650 ΨΑΆΜΟΣ
1489 623 1533 649 ΤΩ
1549 622 1646 649 ΔΑΥΙΔ
1660 622 1688 648 Θ¹

1176 672 1228 703 Ε’Ζς
1245 670 1279 696 τὸ
1295 669 1382 702 τέλος
1397 669 1473 703 ὑπὲρ
1486 667 1545 694 τῶν
1558 668 1691 702 κρυφίων
1705 668 1758 694 τοῦ
1777 668 1855 696 Υίοῦ.

1159 717 1248 744 Πολλὰ
1268 716 1296 742 δὲ
1315 713 1350 751 ἦν
1364 715 1439 750 αὐτῷ
1455 714 1489 742 τὰ
1506 714 1629 750 κρυφίως
1646 714 1828 749 πεπραγμένα
1845 715 1862 749 ἡ
1882 723 1910 741 ἰτ

1124 764 1156 789 ὲκ
1173 762 1312 799 Παρθένου
1333 761 1376 788 διὰ
1393 761 1549 796 Πνεύματος
1565 760 1642 794 ἁγίου
1654 760 1724 787 κατὰ
1741 761 1829 795 σάρκα
1848 761 1911 794 γέν-

1124 817 1211 844 νησις,
1227 807 1254 834 αῖ
1273 815 1302 833 τε
1324 806 1468 841 παράδοξοι
1485 806 1531 832 καὶ
1549 805 1750 841 θαυματουργοὶ
1771 805 1910 840 δυνάμεις,

1125 853 1138 879 ὅ
1153 861 1181 879 τε
1196 852 1308 883 Θάνατος
1327 851 1409 883 αὐτὸς
1423 851 1469 877 καὶ
1483 852 1500 886 ἡ
1518 851 1558 882 είς
1574 850 1639 885 ᾅδου
1657 849 1768 881 κάθοδος
1785 850 1831 876 καὶ
1847 851 1862 884 ή
1880 850 1912 875 ὲκ

1124 899 1228 934 νεκρῶν
1245 897 1402 929 ἀναὸίωσις.
1417 896 1509 924 Ταῦτα
1524 896 1578 932 γὰρ
1595 895 1668 931 αὐτῷ
1685 895 1774 922 πάντα
1790 895 1913 930 κρυφίως

1125 946 1293 981 πέπρακται.
1315 943 1471 979 ’Λπέκρυψε
1489 942 1542 978 γὰρ
1558 942 1628 968 αὐτὰ
1644 941 1690 968 καὶ
1705 942 1766 973 τοὺς
1781 941 1913 976 ἄρχοντας

285 990 366 1024 hujus
392 990 486 1016 mundi
504 990 664 1017 abscondita
686 990 783 1018 voluit.
812 990 850 1018 De
866 991 910 1018 his
928 998 1011 1025 porro
1027 997 1072 1017 oc-

1125 991 1170 1018 τοῦ
1192 991 1294 1026 κόσμου
1310 989 1414 1016 τούτου,
1433 989 1519 1024 ’Υπὲρ
1532 988 1564 1024 δὴ
1581 987 1682 1014 τούτων
1696 987 1749 1014 τῶν
1764 987 1886 1022 κρυφίων
1899 988 1914 1012 ὁ

283 1036 366 1063 cultis
384 1036 421 1062 ait
436 1035 570 1070 Propheta
587 1045 593 1063 :

322 1081 405 1109 Vens.
420 1081 447 1108 2.
471 1081 623 1117 Can/itebor
644 1081 702 1114 tibi,
732 1081 854 1114 Domine,
878 1083 905 1110 in
922 1087 976 1110 toto
994 1082 1072 1109 corde

285 1135 352 1158 meo,
369 1127 484 1154 narrabo
498 1128 587 1154 omnia
604 1128 738 1155 mirabilia
755 1133 811 1156 tua.
834 1128 940 1156 Similia
956 1128 1015 1163 ipse
1034 1127 1072 1154 ait

285 1173 312 1199 in
329 1173 485 1207 Evangeliis
500 1175 523 1190 "
535 1184 540 1201 :
553 1173 706 1208 Conﬁtebor
717 1174 776 1206 tibi,
788 1174 879 1207 Pater,
891 1174 1001 1201 Domine
1014 1173 1072 1200 caeli

283 1224 308 1246 et
324 1223 410 1250 term,
426 1219 488 1253 quia
511 1220 674 1247 abscondisti
688 1221 743 1248 ίιιῑέ
762 1230 778 1248 ιι
794 1221 955 1255 sapientibus
970 1225 994 1247 et
1008 1228 1072 1255 pru-

283 1264 416 1296 dentibus,
432 1270 456 1291 et
471 1266 592 1292 rccelasti
610 1274 641 1292 ea
652 1266 780 1301 parvulis.
796 1266 825 1293 ln
842 1267 948 1301 psalmo
963 1273 1072 1301 quoqu

283 1311 317 1338 de
331 1311 446 1339 o'ccultis
459 1313 562 1347 gratias
577 1312 643 1348 agit.
671 1318 698 1340 et
722 1317 784 1348 post
809 1312 957 1348 gratiarum
983 1313 1070 1339 actio-

283 1363 358 1387 nem,
372 1364 453 1392 quam
470 1365 520 1392 pro
534 1358 622 1385 salute
641 1362 737 1386 nostra
751 1358 848 1391 edidit,
865 1366 916 1385 nos
931 1358 966 1385 de
988 1359 1072 1384 mira-

284 1402 384 1429 bilibus
400 1401 490 1430 Patris
505 1403 547 1430 sui
561 1403 723 1431 edocturum
739 1412 778 1436 se,
792 1404 825 1432 de
834 1404 892 1439 ipsa
905 1403 995 1431 Patris
1010 1411 1072 1431 eon-

283 1449 460 1483 templatione
475 1449 627 1481 exsultans,
653 1451 807 1485 pollicetur.
827 1449 898 1478 Sane
918 1455 1012 1485 utpote
1027 1450 1072 1478 Fi-

283 1494 320 1520 lio
335 1495 424 1521 inerat
440 1495 490 1529 ipsi
504 1496 625 1531 cognitio
639 1497 759 1524 nominis
776 1496 849 1531 quod
868 1496 964 1524 deitati
981 1496 1072 1524 Patris

282 1541 336 1572 sui.
353 1541 427 1567 nulla
441 1549 507 1569 voce
524 1542 654 1577 nulloque
673 1542 786 1570 nomine
804 1542 982 1577 explicandm,
998 1550 1073 1569 com-

283 1586 403 1620 pctebat.
428 1585 492 1613 Hinc
524 1587 653 1619 maxime,
680 1586 779 1621 inquit,
807 1586 905 1614 faciam
925 1591 1071 1622 postquam

282 1631 421 1659 inimicam
448 1632 510 1659 vitae
537 1637 650 1660 mortem
670 1633 773 1664 vicero,
797 1632 831 1660 de
854 1641 909 1667 qua
935 1632 1036 1659 dicitur
1062 1641 1070 1660 :

1125 1038 1270 1073 Προφήτης
1282 1036 1355 1070 λέγει
1365 1044 1372 1050 ⁸

1167 1080 1442 1117 Ἐξομολογήσομαι
1467 1087 1527 1112 σοι,
1552 1080 1650 1113 Κύριε,
1670 1078 1704 1105 ἐν
1725 1078 1781 1113 ὅλῃ
1807 1077 1914 1111 καρδίᾳ

1122 1136 1193 1162 μου,
1209 1127 1389 1162 διηγήσομαι
1414 1125 1513 1152 πάντα
1531 1126 1567 1153 τὰ
1587 1124 1737 1160 θαυμάσιά
1761 1132 1828 1150 σου.
1850 1125 1913 1150 Τοι-

1125 1173 1194 1199 αῦτα
1208 1172 1254 1199 καὶ
1268 1172 1348 1203 αὐτὸς
1360 1172 1389 1197 ὲν
1398 1170 1572 1205 Εὐαγγελίοις
1585 1170 1666 1206 φησιν
1675 1178 1682 1184 '
1701 1169 1914 1204 Ἐξομολογοῦ-

1122 1217 1178 1252 μαί
1191 1225 1251 1248 σοι,
1271 1216 1377 1250 Πάτερ,
1393 1216 1483 1249 Κύριε
1499 1215 1551 1242 τοῦ
1564 1214 1694 1249 οἰιοανοῦ
1714 1214 1763 1241 καὶ
1777 1214 1832 1248 τῆς
1847 1213 1912 1249 γῆς,

1125 1263 1170 1290 ὅτι
1193 1263 1372 1297 ἀπέκρυψας
1391 1262 1484 1289 ταῦτα
1502 1262 1561 1289 ἀπὸ
1577 1261 1680 1296 σοφῶν
1703 1262 1751 1288 καὶ
1767 1260 1914 1292 συνετῶν,

1124 1310 1174 1337 καὶ
1187 1309 1387 1343 ἀπεκάλυψας
1399 1308 1493 1335 ταῦτα
1508 1308 1636 1342 νηπίοις.
1650 1308 1705 1335 Καὶ
1718 1309 1747 1334 ἐν
1763 1308 1801 1343 τῷ
1815 1308 1915 1343 ψαλμῴ

1125 1357 1179 1392 γὰρ
1196 1357 1260 1392 περὶ
1279 1355 1332 1383 τῶν
1351 1355 1473 1391 κρυφίων
1489 1355 1651 1391 εὐχαριστεῖ.
1670 1355 1746 1381 Μετὰ
1762 1355 1789 1381 δὲ
1810 1355 1858 1389 τὴν
1875 1355 1914 1380 εὐ-

1124 1402 1278 1438 χαριστίαν,
1296 1402 1326 1438 ἢν
1342 1401 1412 1437 ὑπὲρ
1431 1401 1479 1437 τῆς
1499 1401 1638 1437 ἡμετέρας
1661 1402 1806 1436 ἐποιήσατο
1828 1409 1915 1435 σωτη-

1126 1449 1196 1485 ρίας,
1213 1448 1276 1484 περὶ
1288 1447 1342 1474 τῶν
1359 1447 1518 1482 θαυμασίων
1532 1447 1578 1474 τοῦ
1592 1447 1698 1483 Πατρὸς
1710 1447 1826 1487 διδάξειν
1841 1448 1856 1482 ἡ
1862 1448 1914 1482 μᾶς

1125 1494 1323 1529 ἐπαγγέλλεται
1335 1495 1368 1530 τῇ
1388 1493 1434 1520 τοῦ
1450 1494 1556 1529 Πατρδς
1569 1494 1782 1529 ὲναγαλλόμενος
1795 1493 1853 1529 Θέᾳ.
1872 1494 1914 1524 Ὠς

1124 1541 1152 1568 δὲ
1169 1541 1227 1576 Υίῷ
1242 1541 1288 1567 καὶ
1301 1542 1318 1576 ἡ
1334 1540 1432 1574 γνῶσις
1448 1541 1539 1576 παρῆν
1554 1539 1601 1566 τοῦ
1618 1540 1748 1575 ὀνόματος
1761 1540 1810 1575 τῆς
1822 1539 1914 1574 θεότη-

1124 1597 1170 1619 τος
1184 1588 1230 1615 τοῦ
1247 1588 1367 1624 ἀρῤήτου
1384 1587 1430 1614 καὶ
1446 1587 1666 1622 ἀκατονομάστου
1683 1587 1798 1622 Πατρός.
1822 1585 1914 1612 Ταῦτα

1125 1634 1153 1660 δὲ
1181 1634 1306 1669 μάλιστα,
1328 1634 1405 1668 φησὶ,
1432 1633 1536 1669 ποιήσω
1561 1632 1607 1659 τὸν
1632 1633 1681 1668 τῆς
1707 1632 1780 1668 ζωῆς
1800 1632 1914 1666 νικήσας

283 1678 436 1705 Novissima
453 1679 563 1704 inimica
582 1678 732 1706 destruetur
747 1687 817 1706 mors
830 1679 865 1705 ’³.
883 1678 950 1705 Nam
968 1683 1072 1706 retror-

1124 1680 1220 1716 ὲχθρὸν
1234 1681 1357 1713 Θάνατον,
1374 1681 1438 1716 περὶ
1453 1678 1484 1707 οὗ
1495 1680 1634 1707 λέλεκται·
1652 1681 1796 1715 Ἐσχατος
1810 1679 1914 1713 ἐχθρὸς

283 1731 345 1751 sum
359 1726 546 1755 convertetur,
562 1724 588 1750 id
605 1728 658 1755 est,
674 1724 702 1750 in
719 1724 864 1758 pristinam
882 1732 961 1751 suam
977 1725 1073 1752 condi-

284 1770 396 1800 tionem,
413 1777 466 1804 qua
489 1777 542 1796 non
557 1769 708 1796 exsistebat
730 1779 737 1796 :
765 1769 837 1796 Deus
861 1771 934 1798 enim
962 1776 1073 1799 mortem

283 1824 336 1842 non
353 1815 414 1850 fecit
437 1815 471 1848 ’³,
495 1815 542 1843 sed
568 1815 668 1842 invidia
695 1815 797 1842 diaboli
821 1823 892 1843 mors
918 1817 1028 1844 intravit
1045 1818 1073 1844 in

284 1862 412 1888 mundum
423 1862 457 1888 ".
473 1861 538 1894 Qua:
553 1869 615 1888 cum
630 1861 782 1894 evenerint,
800 1862 897 1897 reliqui
918 1863 1000 1890 etiam
1015 1871 1074 1890 om-

284 1915 332 1935 nes
349 1907 424 1935 verbi
440 1908 479 1936 tui
501 1908 615 1941 inimici,
631 1907 730 1934 inﬁrmi
755 1907 871 1935 evadent
886 1915 918 1936 ac
938 1909 966 1936 in
980 1909 1073 1944 perni-

285 1953 353 1981 ciem
371 1953 458 1981 ibunt.

322 2041 403 2069 Vens.
420 2042 446 2069 9.
471 2040 504 2068 Et
523 2041 578 2075 ipse
595 2041 729 2076 judicabit
749 2041 838 2068 orbem
854 2045 930 2068 terrm
946 2042 973 2068 in
989 2045 1072 2080 justi-

288 2089 337 2122 tia,
355 2087 488 2122 judicabit
499 2087 609 2122 populos
621 2088 648 2114 in
659 2088 828 2124 wquitate.Si
840 2088 858 2115 ii
872 2089 919 2124 qui
931 2089 957 2116 in
971 2089 1073 2116 mundo

283 2137 439 2162 versantur.
457 2141 511 2159 non
527 2133 628 2160 similia
651 2141 734 2168 opera
762 2134 923 2166 edidissent,
939 2134 1072 2169 judicium

285 2178 332 2206 Dei
350 2178 455 2213 justum
471 2186 525 2206 non
543 2183 635 2212 esset;
653 2180 700 2214 qui
716 2179 775 2214 pari
792 2180 897 2207 ratione
916 2185 1073 2215 peccatores

284 2224 430 2260 supplicio,
445 2225 535 2258 justos
551 2225 638 2260 gloria
649 2225 740 2252 allicit.
757 2225 895 2252 Judicabit
916 2227 1027 2261 populos
1044 2228 1073 2254 in

284 2273 417 2307 mquitate.
433 2270 532 2298 Orbem
546 2275 625 2305 terra:
643 2277 720 2299 vocat
737 2271 897 2305 Ecclesiam,
919 2281 979 2308 quae
995 2274 1072 2300 inha-

284 2319 386 2345 bitatur
401 2326 416 2345 a
431 2317 522 2351 Patre,
552 2317 623 2346 Filio
644 2323 671 2346 et
693 2317 796 2353 Spiritu
814 2323 920 2350 sancto,
945 2319 1022 2353 juxta
1041 2320 1073 2347 il-

284 2364 329 2391 lud
344 2374 351 2392 :
370 2364 426 2399 Ego
437 2368 465 2391 et
478 2364 560 2391 Pater
576 2364 610 2391 ad
625 2373 684 2392 eum
706 2365 849 2397 veniemus,
869 2370 893 2392 et
908 2366 1072 2393 mansionem

285 2410 354 2444 apud
363 2419 421 2438 eum
437 2411 566 2446 faciemus
577 2411 610 2438 ³⁸.
623 2410 742 2446 Populos
753 2415 844 2439 autem
858 2412 976 2447 appellat
991 2416 1073 2440 cmte-

283 2464 330 2484 ros
346 2465 441 2484 omnes
459 2458 504 2492 qui
527 2460 605 2485 extra
622 2457 770 2485 Ecclesiam
789 2462 946 2490 versantur,
965 2461 1012 2484 aut
1025 2458 1071 2493 qui

284 2509 318 2529 ex
336 2502 546 2530 circumcisione
561 2506 637 2530 sunt.
656 2503 790 2538 Quotquot
804 2504 875 2530 ιιιιὶηι
891 2503 920 2530 in
939 2503 993 2539 lege
1011 2511 1072 2538 pec-

284 2553 420 2581 cat-erunt,
433 2557 478 2582 per
493 2549 574 2584 legem
585 2549 798 2585 iudicabuntur;
813 2551 858 2586 qui
872 2558 932 2578 vero
948 2551 1004 2578 sine
1017 2551 1071 2586 lege

285 2596 444 2629 transgressi
455 2600 526 2628 sunt,
542 2597 600 2623 sine
618 2596 672 2630 lege
686 2597 807 2630 peribunt
825 2597 861 2626 9",

321 2641 404 2669 Vens.
429 2641 472 2673 10,
489 2642 531 2669 ll.
555 2641 589 2668 Et
614 2642 702 2677 factus
721 2648 761 2670 est
785 2643 915 2670 Dominus
939 2643 1072 2678 refugium

283 2688 403 2722 pauperi,
419 2687 527 2721 adjutor
538 2681 566 2714 in
582 2688 834 2723 opportunitatibus,
847 2689 875 2716 in
888 2689 1070 2717 tribulatione.

286 2735 319 2761 Et
335 2739 437 2769 sperent
452 2735 478 2760 in
497 2740 522 2761 te
536 2736 581 2770 qui
596 2740 722 2762 noverunt
736 2743 829 2762 nomen
847 2740 931 2767 tuum,
945 2736 1070 2770 quoniam

285 2789 337 2807 non
356 2780 520 2815 dereliquisti
534 2786 677 2814 querentes
703 2786 737 2813 te,
753 2781 875 2808 Domine.
891 2781 941 2808 Cui
959 2783 1071 2816 pauperi

283 2827 366 2862 judex
382 2826 517 2861 refugium
530 2826 617 2853 factus
629 2831 682 2856 est.
696 2827 750 2854 nisi
762 2828 789 2855 in
804 2827 893 2863 primo
907 2828 969 2856 vitae
979 2828 1070 2855 curri-

1124 1727 1341 1762 καταργήσεται
1354 1729 1370 1753 ὁ
1384 1726 1522 1761 θάνατος.
1541 1727 1792 1762 ’Δποστραφήσεται
1805 1725 1860 1761 γὰρ
1876 1726 1915 1756 εἰς

1123 1772 1158 1799 τὰ
1178 1773 1275 1805 ὀπίσω,
1292 1773 1417 1800 τουτέστι
1432 1772 1480 1809 τὴν
1503 1772 1614 1809 πρώτην
1640 1772 1721 1799 αὐτοῦ
1739 1772 1914 1802 κατάστασιν,

1123 1819 1167 1846 ὅτε
1183 1819 1219 1854 μὴ
1231 1820 1389 1855 ὑφεστήκει.
1409 1820 1439 1846 '0
1452 1819 1506 1856 γὰρ
1525 1820 1597 1852 Θεὸς
1613 1819 1741 1847 θάνατον
1753 1820 1807 1845 οὐκ
1819 1819 1914 1852 ἐποίη-

1123 1873 1193 1893 σεν·
1216 1868 1316 1900 φθόνῳ
1341 1867 1370 1893 δὲ
1393 1867 1534 1894 διαϐόλου
1557 1867 1684 1900 θάνατος
1709 1867 1852 1900 εἰσῆλθεν
1872 1867 1914 1900 εἰς

1123 1911 1177 1938 τὸν
1193 1913 1308 1946 κόσμον
1319 1921 1326 1927 ·
1342 1909 1373 1939 οὗ
1394 1913 1425 1949 δὴ
1441 1913 1581 1947 γεγονότος
1601 1913 1649 1940 καὶ
1663 1914 1688 1939 oi.
1705 1913 1794 1939 λοιποὶ
1815 1913 1914 1944 πάντες

1124 1956 1216 1992 ἐχθροὶ
1240 1957 1286 1983 τοῦ
1314 1957 1393 1992 λόγου
1420 1965 1467 1984 σου
1493 1958 1540 1984 καὶ
1567 1957 1692 1992 πολέμιοι
1717 1956 1914 1992 ἀσθενήσαντες

1124 2002 1296 2029 ἀπολοῦνται.

1158 2048 1213 2075 Καὶ
1243 2049 1334 2082 αὐτὸς
1356 2049 1452 2083 κρινεῖ
1472 2049 1530 2083 τὴν
1553 2050 1731 2084 οἰκουμένην
1749 2049 1783 2075 ἑν
1805 2048 1914 2075 δικαιο-

1124 2094 1214 2128 σύνῃ,
1229 2095 1326 2128 κρινεῖ
1346 2095 1440 2128 λαοὺς
1458 2095 1493 2121 ὲν
1508 2095 1655 2129 εὐθύτητι.
1681 2095 1713 2121 Εἰ
1734 2096 1758 2121 οἱ
1775 2095 1803 2120 ἐν
1825 2095 1858 2130 τῇ
1875 2095 1914 2121 οξ-

1125 2141 1242 2176 κουμένῃ
1260 2141 1309 2167 οὐκ
1322 2141 1349 2167 ἐν
1361 2141 1463 2176 ὁμοίοις
1471 2141 1538 2167 εἰσιν
1552 2140 1652 2176 ἔργοις,
1664 2141 1713 2167 οὐκ
1723 2140 1755 2167 ἂν
1763 2138 1864 2175 dav“)
1877 2139 1914 2166 δι-

1125 2186 1253 2222 καιοσύνη
1275 2187 1291 2222 ἡ
1310 2188 1401 2223 κρίσις
1417 2187 1464 2214 τοῦ
1487 2187 1572 2213 Θεοῦ·
1591 2187 1692 2222 ὁμοίως
1708 2188 1771 2218 τοὺς
1790 2186 1914 2222 ἁμαρτὰ-

1124 2240 1217 2263 νοντας
1242 2232 1362 2265 κολάζει,
1388 2232 1403 2268 ἢ
1429 2233 1491 2265 τοὺς
1519 2233 1640 2264 δικαίους
1667 2232 1782 2265 δοξάζει.
1814 2232 1914 2266 Κρινεὶ

1124 2278 1218 2311 λαοὺς
1230 2279 1264 2305 ἑν
1274 2280 1421 2312 εὐθύτητι.
1437 2280 1605 2315 Οἰκουμένην
1619 2280 1667 2315 μὲν
1678 2280 1727 2315 τὴν
1741 2279 1913 2314 Ἐκκλησίαν,

1124 2324 1184 2359 ἥτις
1200 2325 1313 2350 οἰκεῖται
1327 2324 1379 2350 ὑπὸ
1397 2325 1443 2351 τοῦ
1457 2325 1562 2361 Πατρός
1579 2326 1625 2352 καὶ
1651 2324 1697 2351 τοῦ
1714 2325 1789 2357 Υἰοῦ,
1806 2325 1852 2351 καὶ
1866 2325 1913 2351 τοῦ

1089 2357 1112 2386 D
1127 2357 1204 2403 άγίου
1222 2370 1388 2406 Πνεύματος,
1404 2371 1475 2398 κατὰ
1490 2357 1536 2398 τό·
1555 2371 1626 2405 Ἐγὼ
1638 2372 1685 2398 καὶ
1700 2372 1715 2398 ὁ
1727 2372 1822 2408 Πατὴρ
1834 2372 1914 2398 ἐλευ-

1126 2416 1238 2450 σόμεθα
1252 2417 1326 2450 πρὸς
1348 2417 1450 2450 αὑτὸν,
1473 2417 1523 2444 καὶ
1536 2417 1637 2452 μονὴν
1659 2419 1727 2452 παρ’
1740 2418 1820 2451 αὐτῷ
1834 2427 1914 2452 ποιη-

1125 2463 1237 2495 σιζιιεθα
1250 2471 1256 2477 ·
1278 2462 1358 2494 λαοὺς
1376 2463 1404 2489 δὲ
1423 2463 1486 2494 τοὺς
1501 2463 1609 2495 λοιποὺς
1632 2463 1706 2500 παρὰ
1728 2463 1776 2500 τὴν
1799 2463 1913 2499 Ἐκκλη-

1133 2504 1210 2536 σίαν,
1233 2504 1250 2538 ἢ
1274 2505 1336 2536 τοὺς
1358 2506 1390 2530 ὲκ
1413 2506 1570 2541 περιτομῆς.
1595 2506 1678 2533 Ὅσοι
1700 2506 1755 2540 γὰρ
1778 2506 1813 2532 ἐν
1836 2506 1917 2539 νιῇιῳ

1132 2549 1281 2584 ἥμαρτον,
1301 2550 1350 2577 διὰ
1368 2552 1462 2585 νόμου
1486 2551 1694 2584 κριθήσονται,
1718 2551 1777 2578 τῶν
1800 2550 1916 2586 ἀνόμως

1131 2595 1361 2630 ἁμαρτανόντων
1374 2597 1489 2631 ἀνόμως
1505 2597 1732 2632 dacili-1Mer

1158 2645 1212 2671 Καὶ
1224 2644 1341 2680 ἐγένετο
1354 2647 1460 2680 Κύριος
1475 2647 1632 2682 καταφυγὴ
1654 2646 1694 2679 τῷ
1710 2646 1824 2679 πένητι,
1836 2645 1912 2679 βοη-

1124 2691 1175 2724 θὸς
1194 2691 1230 2718 ἐν
1252 2693 1426 2726 εὐκαιρίαις.
1442 2693 1477 2720 ἐν
1499 2693 1610 2727 θλίψει.
1635 2693 1689 2719 Καὶ
1712 2691 1912 2729 ἐλπιζέτωσιξν

1123 2737 1172 2764 ἐπὶ
1192 2737 1229 2763 σὲ
1252 2739 1280 2764 οι
1302 2738 1500 2773 γινώσκοντες
1522 2739 1555 2764 τὸ
1583 2737 1677 2773 ὄνομά
1698 2747 1767 2770 σου,
1791 2737 1836 2764 ὅτι
1855 2738 1911 2765 οὐκ

1123 2781 1316 2817 ἐγκατέλιπες
1331 2783 1403 2816 τοὺς
1423 2782 1623 2817 ἑκζητοῦντάς
1641 2791 1688 2812 σε,
1715 2783 1813 2816 Κύριε.
1839 2782 1911 2816 Ποίῳ

1122 2829 1151 2856 δὲ
1176 2830 1272 2864 πένητι
1296 2830 1440 2865 καταφυγὴ
1463 2830 1573 2865 γέγονεν
1591 2831 1606 2856 ὁ
1628 2829 1734 2866 κριτὴς,
1754 2828 1845 2863 ἀλλ’ἢ
1873 2827 1912 2862 τῷ

319 2887 340 2902 ἰ
361 2885 433 2924 Psal.
450 2893 494 2913 cut
506 2905 513 2914 .
530 2885 618 2924 LM"
639 2885 731 2912 Matth.
751 2895 788 2913 xu.
804 2887 849 2914 ‘25.
888 2887 912 2902 ”
931 2886 940 2913 1
956 2887 1020 2915 Cor.
1038 2896 1072 2915 xv

1123 2889 1148 2917 6.
1187 2889 1210 2906 ”
1230 2889 1294 2924 Sap.
1313 2897 1331 2922 ι,
1351 2889 1394 2916 15.
1433 2888 1455 2905 ⁹¹
1493 2894 1557 2924 bap.
1577 2897 1612 2921 ll,
1630 2888 1675 2915 Ἡ.
1712 2887 1736 2904 ’⁸
1755 2886 1834 2914 Joan.
1856 2893 1911 2918 υτ,

284 2922 328 2950 25.
366 2922 390 2963 ’1
409 2921 487 2948 Rom.
505 2929 542 2953 ll,
561 2920 603 2947 12.

322 2966 442 3002 (ΠΙ-Εἶεν.
457 2967 539 2996 Forte
551 2967 607 2995 εῖν.
622 2967 701 2995 Enn.
