2055 3214
251 234 302 262 I35

603 233 738 261 EUSEBII
757 232 996 262 C/ESABIENSIS
1015 232 1089 261 OPP.
1110 232 1199 260 PARS
1219 232 1263 260 lll.
1283 248 1316 252 —
1342 230 1547 259 EXECETICA.

1812 236 1864 264 156

726 281 896 310 PSALMUS
916 281 941 309 X
971 280 1174 309 SECUNDUM
1197 279 1388 307 HEBR/EOS.

286 328 369 356 Vens.
393 328 419 362 1,
442 329 470 356 2.
492 328 527 355 Ut
551 328 624 364 quid,
651 328 773 362 Domine,
796 329 926 356 recessisti
948 329 1031 363 longe,
1047 331 1070 359 Α

251 376 363 404 desvicis
381 376 410 403 in
428 376 679 409 opportunitatibus,
702 376 730 402 in
753 375 942 403 tribulatione?
961 375 1031 402 Dum

253 422 369 456 superbit
384 423 490 454 impius,
509 422 658 449 incenditur
678 430 776 456 pauper
787 430 796 448 :
810 421 1031 456 comprehendun-

253 474 295 495 tur
310 471 337 496 in
351 469 467 495 consiliis
484 467 576 504 quibus
594 468 719 502 cogitant.
742 469 783 495 An
804 468 867 502 quia
894 467 965 496 Deus
979 472 1030 501 est,

252 514 403 542 secundum
417 513 589 548 Apostolum,
606 515 652 548 qui
672 513 880 548 comprehendit
894 512 1032 547 sapientes

252 560 279 587 in
305 559 406 587 astutia
423 567 483 591 sua,
508 558 625 593 idipsum
641 558 696 593 jam
719 558 776 585 iieri
802 557 941 593 postulat?
957 556 1033 584 Multi

252 607 324 634 enim
340 614 402 634 cum
420 606 529 633 videant
539 613 579 638 se,
594 605 646 632 etsi
661 605 687 632 in
701 604 887 639 impietatibus
908 604 1033 639 plurimis

252 657 405 685 versantes,
423 659 554 688 prospere
580 659 670 688 agere,
686 659 718 679 ac
734 651 762 678 in
776 652 947 679 calamitates
965 651 1034 678 inci-

254 698 319 726 dere
332 699 435 730 nullas,
451 706 511 726 sese
531 698 626 726 beatos
647 703 674 726 et
689 698 768 725 laude
783 698 881 734 dignos
896 698 1034 725 arbitran-

253 749 310 771 tur.
323 745 357 771 At
375 749 432 772 tum
455 745 518 779 ipsi,
541 749 597 772 tum
620 744 802 779 improbitatis
817 745 917 777 aemuli,
932 745 1034 780 ingenti

253 791 410 818 adiciuntur
423 790 597 818 detrimento.

288 836 371 864 Vens.
398 836 456 863 5—5.
478 835 609 868 Quoniam
639 836 766 863 laudatur
791 841 912 870 peccator
929 836 959 862 in
992 835 1035 863 de-

253 881 360 909 sideriis
381 882 476 908 animo:
491 889 560 913 sure,
575 886 599 908 et
611 881 716 916 iniquus
731 881 902 909 benedicitur.
918 881 1035 908 Exacer—

254 927 321 954 baoit
344 927 483 954 Dominum
505 933 626 962 peccator
649 935 658 954 :
683 927 825 954 secundum
840 928 1035 955 multitudinem

253 974 302 1000 ine
319 981 373 1000 suae
386 981 436 1000 non
448 978 556 1007 quaeret.
569 972 632 1000 Non
647 977 686 1001 est
696 973 767 1000 Deus
777 975 805 1000 in
818 979 955 1008 conspectu
966 974 1034 1009 ejus,

1124 327 1220 360 Ἰνατί,
1234 327 1331 361 Κύριε,
1350 326 1525 361 ἀφέστηκας
1541 326 1701 360 μακρόθεν,
1717 326 1866 361 ὑπερορᾷς

1080 373 1115 400 ἐν
1125 373 1335 410 εὐκαιρίαιςτὲν
1346 373 1466 407 0.11mi,-
1482 373 1530 398 Ἐν
1539 373 1579 405 τῷ
1590 372 1867 406 ὑπερηφανεύεσθαι

1081 419 1134 445 τὸν
1148 417 1242 452 ἀσεϐῆ
1260 417 1443 452 ὲμπυρίζεται
1462 419 1478 444 ό
1491 417 1607 452 πτωχός
1619 425 1626 432 ·
1642 417 1868 452 συλλαμϐάνον-

1080 474 1130 494 ται
1147 466 1182 492 ἐν
1195 464 1375 497 διαϐουλίοίς
1388 461 1433 497 οἷς
1455 462 1678 499 διαλογίζονται.
1692 461 1731 490 Ἦ
1747 463 1840 500 ἐπειδὴ
1852 465 1868 491 ὁ

1082 512 1148 544 Θεὸς
1163 512 1178 538 ὁ
1192 511 1374 547 δρασσόμενος
1390 511 1447 537 ἐστι
1463 510 1525 542 τοὺς
1547 510 1645 545 σοφοὺς
1659 510 1687 536 ὲν
1706 511 1739 545 τῇ
1753 519 1869 546 πανουρ-

1082 557 1130 593 γίᾳ
1142 557 1242 589 αὐτῶν,
1255 556 1325 584 κατὰ
1335 557 1380 583 τὸν
1392 556 1561 588 Ἀπόστολον,
1574 556 1651 582 τοῦτο
1661 556 1727 582 αὐτὸ
1736 556 1785 592 ἤδη
1797 556 1869 590 γενέ-

1084 601 1146 628 σθαι
1161 601 1331 638 παρακαλεῖς
1353 601 1414 628 Ἐπὶ
1431 600 1542 633 πολλαῖς
1556 601 1611 637 γὰρ
1631 600 1770 632 ἀσεϐείαις
1783 601 1869 636 ὁρῶν-

1082 656 1129 680 τες
1145 648 1243 679 αὐτοὺς
1262 649 1287 674 οι
1310 647 1403 674 πολλοὶ
1422 647 1634 683 εὑθυνουμὲνους
1657 656 1687 674 τε
1707 648 1755 674 καὶ
1775 647 1871 683 μηδενὶ

1083 694 1196 730 λυπηρῷ
1224 694 1447 730 περιπίπτοντας,
1476 693 1626 729 μακαρίους
1651 694 1749 726 αὐτοὺς
1773 693 1870 729 ἡγοῦν-

1083 749 1127 767 ται
1140 741 1187 767 καὶ
1200 740 1316 767 ἐπαίνων
1329 739 1429 772 ἀξίους.
1442 740 1570 767 Κάκεῖνοί
1580 749 1610 766 τε
1627 739 1731 775 μεγάλα
1743 739 1871 774 βλάπτον-

1083 794 1127 813 ται
1141 786 1188 813 καὶ
1198 787 1222 812 oi
1238 785 1356 822 ζηλωταὶ
1369 786 1419 822 τῆς
1431 786 1529 818 κακίας
1543 786 1692 822 γενόμενοι.

1122 832 1182 858 Ὅτι
1206 832 1369 859 ἐπαινεῖται
1391 833 1407 859 ό
1432 831 1605 866 ἁμαρτωλὸς
1627 832 1661 858 ὲν
1684 831 1748 865 ταῖς
1770 832 1872 860 ἐπιθυ-

1081 878 1164 912 μίαις
1183 878 1238 913 τῆς
1251 878 1356 913 ψυχῆς
1371 878 1474 910 αὑτοῦ,
1490 878 1539 905 καὶ
1550 879 1566 905 ό
1578 877 1689 905 ἀδικῶν
1706 878 1873 914 ἑνευλοτεῖ-

1084 934 1142 953 ται.
1163 924 1324 959 Παρώξυνε
1346 925 1399 951 τὸν
1420 925 1529 959 Κύριον
1548 926 1565 951 ὁ
1587 924 1777 958 ἁμαρτωλός·
1797 925 1873 953 κατὰ

1085 971 1118 998 τὸ
1134 971 1252 1005 πλῆθος
1267 971 1322 1005 τῆς
1342 970 1433 1006 ὀργῆς
1446 971 1538 998 αὐτοῦ
1556 972 1610 998 οὐκ
1624 971 1789 1006 ἐκζητήσει.
1810 973 1871 998 Οὐκ

252 1019 397 1053 inquinotw
418 1023 479 1046 sunt
497 1020 545 1046 uice
569 1019 643 1046 illius
667 1020 695 1046 in
713 1020 784 1046 omni
814 1027 937 1054 tempore.
954 1020 1036 1055 Aule-

1090 1016 1171 1042 ἕστιν
1194 1017 1210 1042 ό
1237 1015 1309 1048 Θεὸς
1335 1015 1463 1042 ἐνώπιον
1485 1016 1588 1049 αὑτοῦ,
1612 1016 1812 1050 ,βεϐηλοῦνται
1841 1018 1872 1044 at

253 1070 348 1089 runtur
360 1063 465 1097 judicia
481 1068 527 1090 tua
543 1072 559 1090 a
571 1063 639 1099 {acie
649 1064 717 1098 ejus,
731 1066 848 1092 omnium
866 1066 1035 1093 inimicorum

253 1117 361 1136 suorum
380 1109 570 1137 dominabitur.
587 1109 751 1138 Praesentem
774 1111 918 1146 impiorum
940 1112 1036 1140 condi-

254 1155 356 1182 tionem
374 1155 535 1188 insectatur,
558 1160 587 1183 ut
615 1155 699 1184 futuri
723 1157 819 1192 judicii
843 1159 1035 1186 necessitatem

253 1202 421 1236 comprobet.
450 1202 519 1230 lllud
545 1210 637 1237 porro,
662 1203 838 1235 exacerbavit,
854 1205 962 1240 Aquila,
980 1210 1036 1232 tra-

254 1248 340 1280 duxit,
355 1248 549 1283 interpretatus
564 1253 616 1277 est.
629 1248 775 1277 Sermones
787 1249 886 1285 quippe
899 1250 932 1278 de
944 1250 1036 1278 futuro

255 1293 301 1321 Dei
315 1293 420 1328 judicio
444 1294 496 1329 ipsi
522 1302 615 1322 revera
631 1294 790 1323 traducunt.
808 1295 876 1323 Dum
895 1303 960 1323 vero
975 1296 1037 1331 quis

254 1338 281 1366 in
296 1339 417 1374 peccatis
427 1343 592 1375 perseverat,
605 1340 628 1368 is
646 1340 793 1375 impeditur
809 1341 956 1377 quominus
967 1350 1037 1377 quai-

253 1388 297 1410 rat
305 1383 400 1417 Deum,
410 1392 443 1412 ac
453 1385 506 1419 vim
521 1386 569 1412 irae.
581 1393 705 1421 magnam
717 1386 768 1414 sibi
777 1391 926 1422 comparat.
936 1387 1038 1421 Quam-

254 1430 348 1458 obrem
375 1439 409 1458 ne
431 1431 517 1458 nimio
544 1431 638 1460 labore
662 1436 689 1459 et
703 1433 841 1461 anxietate
857 1434 970 1462 notitias
988 1435 1037 1462 Dei

255 1476 395 1505 naturales
409 1477 566 1512 expetieris,
592 1477 657 1506 dum
676 1479 739 1506 vitae
759 1482 813 1506 tuae
827 1479 876 1506 viae
891 1480 1037 1515 inquinata;

254 1526 319 1550 sunt
335 1532 341 1550 :
359 1523 440 1558 idque
456 1531 487 1550 ea
502 1524 619 1551 maxime
631 1524 665 1552 de
679 1532 774 1557 causa,
786 1525 859 1560 quod
873 1525 975 1560 judicia
989 1525 1037 1554 Dei

254 1576 311 1597 non
339 1570 431 1597 animo
457 1574 578 1604 reputes.
603 1578 665 1599 cum
690 1571 807 1599 maxime
825 1579 974 1600 concessus
987 1572 1037 1601 tibi

254 1615 412 1643 dominatus
428 1615 510 1643 fuerit
521 1616 548 1643 in
559 1623 654 1643 omnes
665 1616 790 1645 inimicos
802 1620 876 1645 tuos.

1089 1061 1151 1088 ὁδοὶ
1175 1060 1268 1088 αὑτοῦ
1291 1061 1326 1088 ἐν
1351 1061 1441 1088 παντὶ
1467 1062 1565 1096 καιρῷ.
1592 1062 1815 1096 Ἀνταναφεῖται
1835 1063 1873 1089 τὰ

1088 1107 1214 1142 κρίματά
1231 1115 1290 1134 σου
1310 1107 1369 1134 ἀπὸ
1389 1108 1549 1141 προσώπου
1563 1108 1665 1141 αὑτοῦ,
1676 1108 1796 1135 πάντων
1813 1108 1873 1135 τῶν

1088 1154 1201 1189 ἐχθρῶν
1227 1155 1318 1183 αὐτοῦ
1342 1154 1577 1188 κατακυριεύσει.
1601 1155 1641 1190 Τῇ
1669 1154 1792 1191 παρούσῃ
1817 1154 1873 1181 τῶν

1089 1200 1194 1228 ἀσεϐῶν
1207 1200 1383 1237 ἐπεξέρχεται
1399 1200 1573 1232 καταστάσει,
1587 1199 1634 1236 τὴν
1653 1200 1799 1236 μέλλουσαν
1814 1201 1874 1236 κρί-

1089 1255 1131 1273 σιν
1146 1241 1296 1281 ἀναγκαίαν
1308 1246 1392 1279 δεῖξαι
1410 1246 1580 1282 βουλόμενος.
1607 1246 1643 1273 Τὸ
1656 1246 1685 1273 δὲ
1705 1245 1872 1280 παρώξυνε,

1089 1291 1227 1326 διέσυρεν
1250 1291 1365 1323 Ἀκύλας
1381 1292 1547 1328 ἡρμήνευσε.
1563 1290 1632 1322 Τοὺς
1656 1291 1719 1325 περὶ
1735 1289 1802 1316 Θεοῦ
1818 1290 1873 1325 γὰρ

1090 1339 1206 1374 κρίσεως
1228 1337 1323 1372 λόγους
1343 1338 1449 1374 ἀληθῶς
1469 1337 1651 1374 διασύρουσιν.
1670 1336 1821 1372 Ἐπιμένων
1844 1336 1874 1362 δέ

1089 1394 1131 1417 τις
1158 1385 1316 1421 ἁμαρτίαις,
1334 1384 1402 1421 πρὸς
1425 1384 1456 1410 τὸ
1481 1383 1547 1410 Θεὸν
1573 1383 1663 1418 ζητεῖν
1688 1382 1873 1418 ὲμποδίζεται,

1090 1431 1213 1467 συνάγων
1229 1430 1317 1466 ἑαυτῷ
1333 1430 1434 1466 πλῆθος
1443 1429 1537 1466 ὀργῆς.
1555 1429 1600 1456 Διὸ
1617 1429 1654 1465 μὴ
1673 1428 1747 1465 ζήτει
1762 1429 1808 1455 καὶ
1824 1427 1874 1460 τὰς

1091 1477 1154 1514 περὶ
1170 1477 1237 1504 Θεοῦ
1257 1476 1373 1512 φυσικὰς
1388 1475 1491 1507 ἑννοίας
1509 1475 1749 1510 περικοπτόμενος,
1767 1473 1874 1501 καὶτοῦ

1090 1523 1148 1560 βίου
1169 1523 1218 1555 τὰς
1235 1523 1311 1555 ὁδοὺς
1335 1522 1505 1557 ἀκαθάρτους
1525 1521 1609 1557 ἔχων·
1631 1520 1725 1547 τούτου
1743 1529 1774 1555 γε
1795 1521 1874 1556 χάριν

1090 1569 1133 1597 διὰ
1148 1570 1248 1602 παντὸς
1264 1569 1371 1596 καὶτοῦ
1390 1568 1458 1595 Θεοῦ
1480 1568 1515 1595 τὰ
1536 1569 1657 1605 κρίματα
1675 1568 1711 1604 μὴ
1730 1567 1875 1603 λαμϐάνων

1090 1617 1131 1649 εἰς
1144 1615 1215 1650 νοῦν,
1232 1617 1263 1643 ὲν
1278 1616 1317 1652 τῷ
1339 1615 1537 1652 συγχωρεῖσθαι
1560 1616 1675 1652 μάλιστα
1696 1615 1876 1652 κατακυριεῦ-

1092 1669 1136 1687 σαι
1149 1661 1202 1688 τῶν
1217 1661 1332 1696 ἐχθρῶν.

291 1702 374 1730 Vnus.
393 1703 418 1730 7.
431 1702 513 1738 Cujus
525 1704 707 1732 maledictione
720 1713 748 1732 os
763 1705 867 1740 plenum
879 1710 918 1734 est
929 1711 954 1733 et
963 1715 1039 1734 oma-

1126 1705 1168 1735 οὗ
1182 1707 1257 1742 ἀρᾶς
1269 1707 1303 1734 τὸ
1317 1708 1413 1743 στόμα
1426 1707 1520 1735 αὑτοῦ
1536 1706 1617 1743 τέμει
1630 1707 1680 1735 καὶ
1696 1705 1816 1741 πικρίας
1826 1707 1876 1733 καί

256 1748 372 1776 ritudine
386 1753 411 1776 et
426 1749 505 1781 dolo;
517 1749 565 1777 sub
582 1750 673 1785 lingua
688 1751 745 1785 ejus
759 1751 836 1778 labar
849 1756 873 1778 et
892 1752 979 1780 dolor.
997 1752 1041 1780 Si-

256 1795 366 1830 quidem
388 1795 617 1823 beterodoxorum
642 1804 673 1824 os
698 1796 891 1825 maledictione
908 1799 1039 1833 repletur,

257 1844 351 1875 utpote
364 1840 409 1875 qui
424 1840 581 1868 Creatorem
598 1841 731 1869 conviciis
746 1841 895 1876 incessant,
913 1844 985 1878 quod
998 1844 1042 1871 iti<

258 1887 319 1915 dem
337 1886 462 1915 maledici
477 1886 581 1915 faciunt
598 1897 604 1915 :
622 1895 654 1915 os
672 1887 735 1915 item
759 1888 954 1917 iracundorum
967 1897 1043 1918 ama-

258 1933 389 1965 ritudine,
402 1933 559 1962 dolosorum
572 1933 645 1967 dolo,
660 1934 770 1969 plenum
784 1939 837 1962 est.

295 1978 377 2007 Vens.
393 1979 420 2006 8.
443 1978 522 2006 Sedet
537 1979 565 2006 in
583 1979 688 2007 insidiis
704 1988 762 2006 cum
777 1980 902 2008 divitibus
915 1982 942 2009 in
953 1982 1042 2009 occul-

260 2024 305 2056 tis,
322 2029 350 2051 ut
368 2025 510 2059 interficiat
531 2025 705 2053 innocentem.
730 2025 798 2053 Dum
815 2030 905 2054 autem
928 2028 955 2055 id
973 2029 1040 2064 agit,

259 2071 380 2106 seipsum
392 2071 503 2107 decipit,
519 2072 599 2107 quasi
611 2073 714 2100 scilicet
726 2073 794 2100 nihil
806 2073 895 2101 videat
907 2073 989 2102 Deus.

295 2116 380 2145 Vens.
398 2118 442 2144 il.
464 2117 539 2144 Dixit
560 2119 629 2144 enim
651 2119 678 2145 in
698 2118 776 2146 corde
796 2127 843 2146 suo
859 2127 868 2146 :
885 2119 989 2147 Oblitus
1003 2125 1043 2148 est

259 2162 341 2196 Deus,
356 2163 449 2190 avertit
462 2163 557 2197 faciem
573 2172 651 2190 suam
665 2172 696 2191 ne
715 2164 801 2191 uideat
824 2165 853 2192 in
874 2166 963 2199 ﬁnem.
980 2165 1043 2194 Haec

261 2210 353 2237 omnia
370 2210 425 2245 agit
442 2209 542 2245 impius
556 2210 689 2239 adversus
704 2210 752 2239 Dei
769 2219 912 2247 pauperes.
937 2212 1044 2248 sibique

261 2255 320 2290 ipse
341 2255 507 2287 ludiﬁcatur,
521 2255 586 2283 dum
603 2257 661 2285 suis
684 2256 737 2285 sibi
752 2258 964 2293 cogitationibus
978 2266 1044 2286 con-

264 2302 342 2337 tingit
359 2309 415 2330 non
428 2301 491 2330 ess'e
504 2301 590 2330 Deum
606 2303 798 2339 inspectorem.

912 2363 928 2378 ﬂ

1090 1747 1193 1786 δόλου,
1206 1753 1266 1781 ὑπὸ
1278 1753 1335 1788 τὴν
1347 1753 1481 1789 γλῶτταν
1494 1754 1586 1782 αὐτοῦ
1600 1755 1692 1787 κόπος
1706 1754 1756 1781 καὶ
1772 1754 1824 1780 ad,
1832 1762 1876 1786 ος.

1091 1799 1151 1826 Τῶν
1166 1799 1220 1835 γὰρ
1243 1800 1402 1836 ἑτεροδόξων
1417 1801 1447 1827 τὸ
1463 1801 1549 1836 στόμα
1567 1801 1636 1837 ἀρᾶς
1661 1801 1750 1836 γέμει,
1765 1800 1877 1828 κακολο-

1091 1845 1210 1880 γούντων
1225 1846 1270 1873 τὸν
1285 1847 1464 1883 Δημιουργὸν,
1480 1846 1590 1874 καὶτῶν
1605 1848 1730 1883 λοιδόρων
1740 1856 1746 1862 ·
1766 1847 1877 1884 πικρίας

1091 1892 1119 1918 δὲ
1129 1892 1183 1919 τῶν
1194 1892 1328 1928 θυμικῶν,
1344 1892 1420 1919 δόλου
1434 1892 1488 1920 τῶν
1500 1893 1603 1920 δολίων.

1133 1979 1304 2015 ’Ξῖ-κάθηται
1323 1981 1429 2015 ἐνέδρᾳ
1442 1981 1517 2016 μετὰ
1529 1982 1685 2009 πλουσίων
1697 1982 1731 2009 ὲν
1746 1982 1878 2016 ἀποκρύ-

1092 2035 1170 2061 φοις,
1194 2026 1247 2054 τοῦ
1267 2027 1440 2057 ἀποκτεῖναι
1457 2028 1565 2057 ἀθῶον.
1585 2028 1641 2054 Καὶ
1657 2028 1743 2056 ταῦτα
1763 2029 1878 2063 πράττει

1093 2073 1341 2110 παραλογιζόμενος
1354 2074 1460 2107 ἑαυτὸν,
1477 2074 1514 2106 ὡς
1527 2074 1575 2110 οὐχ
1587 2074 1704 2110 ὁρῶντος
1719 2074 1796 2102 Θεοῦ.

1128 2116 1202 2145 Eine
1227 2119 1282 2153 γὰρ
1304 2119 1339 2145 ἐν
1365 2118 1471 2153 καρδίῃ
1496 2119 1603 2146 αὐτοῦ’
1629 2118 1837 2152 Ἐπιλέλησται
1861 2119 1878 2145 d

1095 2164 1175 2197 Θεὸς,
1197 2164 1368 2199 ἀπέστρεψέ
1380 2165 1413 2191 τὸ
1431 2165 1591 2198 πρόσωπον
1606 2164 1700 2191 αὑτοῦ
1717 2164 1770 2191 τοῦ
1787 2164 1830 2199 μὴ
1840 2165 1877 2191 εί-

1093 2209 1157 2236 δεῐν
1168 2211 1209 2242 εἰς
1222 2210 1318 2242 τέλος.
1337 2209 1428 2236 Ταῦτα
1445 2210 1473 2236 δὲ
1490 2211 1577 2237 πάντα
1591 2211 1604 2237 ὁ
1621 2210 1721 2246 ἀσεϐὴς
1736 2209 1807 2236 κατά
1825 2209 1879 2236 τῶν

1094 2255 1217 2290 πενήτων
1228 2255 1274 2282 τοῦ
1290 2255 1357 2282 Θεοῦ
1372 2256 1576 2293 διαπράττεται,
1593 2256 1688 2283 ἑαυτὸν
1705 2255 1816 2283 ἀπατῶν
1833 2257 1879 2282 καὶ

1094 2303 1149 2333 τοῖς
1167 2302 1264 2329 ἑαυτοῦ
1280 2302 1420 2337 λογισμοῖς
1438 2302 1475 2338 μὴ
1492 2301 1561 2329 εἶναι
1577 2302 1641 2329 Θεὸν
1654 2303 1750 2338 ἔφορον
1762 2301 1866 2329 διανοοῦ

1097 2355 1185 2382 μενος.

296 2393 379 2422 Vens.
397 2393 491 2421 12-15.
513 2392 641 2428 Exsurge,
661 2393 770 2421 Domine
789 2393 859 2421 Deus
875 2402 957 2427 meus,
969 2394 1041 2422 exal-

1137 2392 1300 2426 Ἀνάστηθι,
1317 2393 1405 2427 Κύριε
1418 2393 1433 2418 d
1451 2393 1522 2426 Θεός
1535 2402 1604 2428 μου,
1621 2393 1768 2427 ῠψωθήτω
1782 2393 1800 2427 ἡ
1817 2392 1880 2426 χείρ

263 2444 332 2466 tetur
359 2448 453 2467 manus
487 2445 543 2472 tua,
568 2447 600 2466 ne
622 2439 786 2467 obliviscaris
815 2448 958 2474 pauperum
985 2444 1037 2467 tuo-

264 2493 323 2512 rum
341 2486 367 2512 in
391 2487 478 2520 ﬁnem.
504 2486 581 2513 Vides
596 2487 719 2522 quoniam
748 2492 776 2513 tu
793 2486 909 2514 laborem
923 2491 948 2514 et
969 2487 1044 2514 dolo-

264 2539 319 2558 rem
338 2531 500 2564 consideras,
519 2537 555 2565 ιιι,
570 2533 661 2559 tradas
678 2541 721 2560 eos
740 2533 768 2559 in
782 2541 876 2560 manus
897 2537 966 2560 tuas.
985 2532 1045 2560 Tibi

264 2577 405 2604 derelictus
419 2581 457 2604 est
468 2585 574 2612 pauper,
591 2578 707 2613 orphano
727 2582 754 2604 tu
769 2586 828 2605 eras
843 2578 960 2613 adjutor.
976 2577 1046 2605 Con-

266 2628 319 2651 tcre
333 2623 467 2650 brachium
483 2625 625 2658 peccatoris
636 2629 660 2652 et
672 2625 781 2660 maligni
792 2633 801 2652 :
813 2631 945 2660 queretur
953 2633 1046 2659 pecca-

267 2673 322 2696 tum
336 2669 403 2703 ejus,
423 2673 510 2697 etnon
524 2669 677 2697 invenietur.
694 2669 742 2698 Dei
756 2670 928 2697 tolerantiam
945 2670 1047 2697 excitat

267 2715 301 2742 ad
317 2715 450 2750 judicium
464 2715 498 2742 de
513 2715 604 2750 impiis
619 2716 770 2744 ferendum.
795 2716 846 2744 Per
861 2723 971 2743 manum
988 2713 1046 2743 'au-

267 2764 321 2788 tem
334 2761 492 2793 exaltatam,
501 2761 555 2788 vim
569 2761 725 2795 iudicialem
737 2762 883 2798 signiﬁcat.
892 2762 960 2789 Dmn
972 2762 1045 2789 enim

268 2807 327 2841 ipsa
343 2807 441 2841 impios
456 2814 510 2833 non
526 2807 678 2840 ulciscitur,
694 2815 744 2835 ceu
754 2808 827 2835 victa
843 2807 929 2835 videri
943 2810 1045 2842 potest.

268 2853 384 2886 Quando
403 2860 466 2879 vero
489 2853 636 2888 unicuique
659 2854 749 2881 reddit
772 2853 845 2888 quod
866 2860 972 2888 aequum
990 2857 1045 2886 est,

268 2900 381 2929 exaltari
406 2899 515 2932 dicitur,
542 2907 675 2935 nemoque
700 2900 787 2935 ipsam
818 2898 937 2934 etl'ugere
961 2899 1045 2927 valet.

1096 2448 1164 2471 σου,
1187 2439 1230 2474 μὴ
1249 2439 1376 2474 ἐπιλάϐῃ
1399 2439 1458 2467 τῶν
1478 2440 1614 2474 πενήτων
1634 2447 1691 2467 σου
1714 2440 1757 2472 είς
1782 2438 1879 2472 τέλος.

1096 2485 1232 2518 Βλέπεις,
1249 2485 1293 2512 ὅτι
1308 2485 1349 2512 σὺ
1362 2487 1458 2513 πόνον
1476 2486 1525 2513 καὶ
1541 2485 1636 2520 θυμὸν
1650 2485 1813 2517 κατανοεῖς,
1828 2483 1880 2511 τοῦ

1098 2531 1281 2565 παραδοῦναι
1299 2532 1409 2565 αὐτοὺς
1427 2533 1471 2566 εὶς
1488 2532 1589 2567 χεῖράς
1606 2539 1674 2559 σου.
1691 2531 1743 2559 Σοὶ
1758 2531 1880 2566 ἐγκατα-

1098 2577 1250 2604 λέλειπται
1265 2579 1281 2604 ό
1304 2578 1432 2612 πτωχὸς,
1457 2577 1576 2612 ὀρφανῷ
1595 2577 1635 2604 σὺ
1658 2575 1738 2613 ἦσθα
1757 2576 1880 2610 βοηθός.

1099 2623 1268 2657 Σύντριψον
1283 2623 1336 2650 τὸν
1352 2625 1502 2659 βραχίονα
1515 2623 1568 2651 τοῦ
1582 2622 1756 2658 ἁμαρτωλοῦ
1770 2622 1818 2649 καὶ
1831 2630 1873 2648 »πο

1099 2669 1206 2703 νηροῦ·
1235 2669 1429 2704 ζητηθήσεται
1452 2671 1471 2705 ὴ
1494 2670 1621 2704 ἁμαρτία
1645 2669 1745 2702 αὐτοῦ,
1771 2669 1820 2696 καὶ
1847 2669 1880 2695 οὐ

1097 2715 1139 2750 μὴ
1153 2715 1269 2750 εὑρεθῇ.
1297 2715 1389 2747 Οὕτως
1404 2717 1450 2743 ἐπὶ
1468 2715 1517 2752 τὴν
1534 2715 1589 2743 τῶν
1607 2715 1711 2743 ἀσεϐῶν
1730 2715 1821 2751 κρίσιν
1846 2715 1880 2741 δι-

1099 2762 1200 2797 εγείρει
1212 2762 1304 2789 λοιπὸν
1314 2762 1363 2797 τὴν
1375 2763 1473 2798 ἀνοχὴν
1489 2762 1536 2789 τοῦ
1551 2762 1630 2790 Θεοῦ.
1648 2763 1680 2789 Ἠ
1690 2762 1718 2789 δὲ
1731 2762 1791 2798 χεὶρ
1807 2761 1884 2796 ὑψου-

1102 2810 1169 2845 μένη
1187 2809 1300 2845 δύναμιν
1322 2810 1439 2846 ἐδήλωσε
1456 2811 1590 2846 κριτικήν.
1612 2811 1655 2837 Ἐν
1671 2811 1725 2846 ὅσῳ
1746 2809 1799 2846 γὰρ
1815 2809 1884 2844 αὑτὴ

1101 2855 1138 2890 μὴ
1152 2855 1380 2890 τιμωρεῖταιτοῦς
1393 2855 1510 2887 ἀσεϐεῖς,
1525 2855 1734 2891 τετιμωρεῖσθαι
1745 2855 1782 2889 (ι)
1793 2854 1882 2880 δοκεῖ·

1099 2899 1260 2926 ἀποδιδοῦσα
1272 2899 1300 2926 δὲ
1312 2899 1420 2935 ἑκάστῳ
1440 2899 1508 2927 κατὰ
1524 2900 1555 2927 τὶ
1568 2900 1681 2932 δίκαιον,
1695 2891 1826 2934 ὑψοῦσθαι
1842 2897 1884 2924 λέσ-

305 2959 341 2995 (i)
360 2959 591 2995 Τετιμωρεῖσθαι.
607 2959 658 2988 Pro
670 2959 881 2993 τετιμωρῆσθαι,
895 2962 958 2987 utet
972 2959 1044 2987 alibi.
1061 2956 1137 2985 Eutr
