2055 3214
191 186 239 214 Ml

755 187 1004 216 COMMENTARIA
1027 187 1060 214 IN
1080 186 1248 215 PSALMOS.
1342 174 1352 213 Ι
1359 178 1366 211 I

1423 182 1528 221 ην
1762 182 1814 208 tu

190 247 252 273 σθαι
268 247 376 279 κακίας,
391 247 437 274 καὶ
454 247 548 274 σϐέσαι
575 248 669 282 λόγους
691 248 916 284 βλασφημοῦντας
934 250 979 275 τὸν

1031 253 1058 275 et
1072 247 1230 283 blasphema
1246 247 1273 274 in
1290 245 1381 274 Jcsum
1393 243 1474 272 verba
1491 242 1682 278 comprimere.
1698 241 1814 268 Perinde

196 292 308 328 Ἰησοῦν.
331 293 445 328 Ὁμοίως
458 294 486 320 δὲ
501 294 540 329 τῷ
559 294 658 329 Φαραὼ
681 295 811 330 φήσαντιν
830 296 890 321 Οὐκ
910 293 978 321 οἶδα

188 337 243 365 τὸν
271 339 390 373 Κύριον,
413 340 459 366 καὶ
485 340 560 367 αὐτοί
587 344 681 375 φασι·“
698 342 746 374 Τίς
767 341 851 375 ἡμῶν
870 342 977 374 Κύριός

187 383 272 415 ἐστι;
293 384 452 419 νομίσαντες
472 383 539 412 εἶναι
556 386 644 422 κύριοι
667 386 710 412 διὰ
732 385 785 412 τῶν
803 386 875 412 ἰδίων
892 386 977 421 λόγων

187 428 238 464 τὴν
260 429 308 455 τοῦ
328 430 454 466 Σωτῆρος
478 431 570 457 σϐέσαι
594 431 775 465 διδασκαλίαν,
789 432 826 464 ὡς
848 432 880 459 ἂν
903 433 978 464 ὄντες

188 475 367 508 αὕτεξούσιοι.
382 476 473 503 Ταῦτα
489 477 519 503 δὲ
540 474 573 512 ἦν
585 477 619 504 τὰ
633 478 785 514 Φαρισαίων
800 478 846 504 καὶ
867 478 978 504 Σαδδου-

187 521 274 547 καίων
290 521 376 557 χείλη,
402 522 460 557 μεθ’
479 523 648 558 ὑποκρίσεως
671 523 836 558 προσιόντων
857 522 896 558 τῷ
919 524 977 550 Σω-

187 566 260 602 τῆρι,
274 567 319 593 καὶ
336 565 421 594 Ραϐϐὶ
433 568 584 595 καλούντων
601 568 690 601 αὐτὸν,
704 568 790 604 λάθρα
811 568 838 594 δὲ
856 568 915 595 κατ’
932 569 979 595 αὑ-

186 611 234 638 τοῦ
247 612 424 647 τυρευόντων.
439 613 687 649 Μεγαλοῤῥήμονες
698 613 726 640 δὲ
738 611 807 649 ἦσαν
822 614 846 639 οἱ
864 613 978 648 πρεσϐύ-

186 665 261 693 τεροι
280 659 327 684 καὶ
340 659 363 684 ni
385 659 523 695 ἀρχιερεῖς
537 660 584 686 τοῦ
604 659 680 691 λαιοῦ,
699 659 853 694 τολμῶντες
867 660 979 696 ἀνακρί-

187 712 243 730 νειν
256 704 301 730 τὸν
318 705 432 740 Σωτῆρα
452 706 498 732 καὶ
517 706 606 739 λέγειν
625 706 716 741 αὐτῷ·
742 707 792 733 Ἑν
807 707 878 739 ποίᾳ
893 706 979 738 ἐξου-

187 750 241 783 σίᾳ
261 749 354 777 ταῦτα
380 751 483 784 ποιεῖς,
509 752 557 778 καὶ
579 752 626 784 τίς
645 759 694 778 σοι
713 751 805 778 ἔδωκε
819 751 876 784 τὴν
893 751 979 783 ἐξου-

163 797 169 801 ⁴
187 795 261 821 σίαν
274 796 386 829 ταύτην
396 804 405 827 ;

226 841 331 868 Ἕνεκε
344 842 400 876 τῆς
421 843 620 876 ταλαιπωρίας
646 842 705 870 τῶν
721 842 846 876 πτωχῶν
860 843 910 869 καὶ
926 842 979 869 τοῦ

187 888 356 922 στεναγμοῦ
370 887 430 915 τῶν
442 888 578 922 πενήτων
590 889 648 916 νῦν
663 889 884 923 ἀναστήσομιιι,
895 889 978 923 λέγει

185 935 304 969 Κύριος.
321 934 454 969 ϐήσομαι
470 935 504 962 ἐν
524 936 669 969 σωτηρίῳ,
685 934 926 970 παρῤησιάσομαι
943 936 978 962 ἐν
993 925 1014 952 Β

184 979 275 1012 αὐτῷ.
293 981 330 1006 Ἢ
343 980 390 1006 καὶ
403 979 489 1011 οὕτως
499 989 505 995 ·
525 981 556 1006 υἱ
572 980 674 1015 πτωχοὶ
688 980 721 1007 δι’
735 980 784 1015 ἐμὲ
802 980 848 1006 καὶ
862 980 978 1015 πένητες

185 1026 328 1060 γεγονότες
345 1026 383 1062 τῷ
406 1026 541 1061 πνεύματι
558 1027 695 1053 στένουσιν
709 1027 752 1054 ἀεὶ
771 1027 978 1062 ταπεινούμενοι

184 1072 366 1108 προσέχοντες
380 1081 432 1108 μου
446 1072 485 1108 τῷ
500 1073 582 1108 λόγῳ,
600 1074 647 1099 καὶ⁸
661 1073 751 1098 πίστιν
768 1073 863 1108 ἀκλινῆ
880 1072 977 1098 διασώ-

185 1117 279 1150 ζοντες
289 1128 295 1134 ·
311 1115 348 1145 ὧν
365 1119 456 1145 ἕνεκεν
469 1119 667 1155 ἀναστήσομαι,
684 1120 730 1145 καὶ
746 1118 816 1145 κατὰ
830 1119 859 1145 τδ
873 1119 978 1155 πρέπον

184 1165 217 1199 τῇ
249 1165 302 1200 ἐμῇ
330 1165 477 1191 ἀναστάσει
503 1165 635 1200 σωτήριον
662 1165 794 1200 στήσομαι
823 1166 905 1191 πᾶσιν
932 1165 980 1191 ἀν-

184 1209 323 1245 θρώποις·
339 1211 382 1245 ἐφ’
401 1207 477 1246 ᾧπερ
491 1211 529 1242 ὡς
547 1211 656 1246 μεγάλῳ
674 1211 898 1247 παρρησιάσομαι
910 1220 977 1238 κατ-

183 1254 335 1290 ορθώματι.

223 1301 262 1328 Τὰ
275 1302 363 1336 λόγια
386 1302 495 1336 Κυρίου
509 1303 596 1337 λόγια
610 1301 697 1337 ἁγνὰ,
720 1303 861 1337 ἀργύριον
881 1310 977 1329 πεπυ-

182 1347 328 1382 ρωμένον,
345 1347 482 1381 δοκίμιον
498 1346 534 1381 τῇ
558 1346 607 1382 γῇ,
625 1348 882 1382 κεκαθαρισμένον
894 1348 979 1374 enra-

185 1393 331 1426 πλασίως.
354 1393 382 1419 ’0
397 1393 425 1420 δὲ
441 1394 560 1428 ἄργυρος
582 1393 711 1426 πολλάκις
729 1394 898 1430 πυρούμενος
913 1395 979 1429 ἀμι-

185 1439 237 1474 γὴς
251 1439 348 1475 ἑτέρας
363 1438 428 1474 ὕλης
454 1439 547 1465 ἐστίν·
571 1438 641 1465 οὕτω
662 1438 770 1475 καθαρά
793 1439 908 1474 ψεύδους
931 1438 978 1466 τοῦ

189 1485 294 1521 Κυρίου
306 1485 342 1512 τὰ
365 1485 453 1519 λόγια.

223 1530 276 1561 Σὺ,
305 1531 404 1564 Κύριε,
433 1530 580 1564 φυλάξεις
608 1530 686 1566 ἡμᾶς
709 1531 759 1558 καὶ
785 1529 978 1565 διατηρήσεις

1028 297 1109 329 atque
1129 293 1235 321 Pharao
1250 293 1318 320 dixit
1333 302 1341 320 :
1356 286 1418 318 Non
1435 290 1493 318 novi
1505 289 1648 317 Dominum
1663 287 1702 322 “;
1717 288 1773 322 jam
1793 286 1815 313 ii

1028 339 1132 372 dicunt,
1159 339 1224 372 Quis
1253 342 1340 366 noster
1362 337 1490 364 Dominus
1512 337 1571 364 est?
1594 335 1647 363 rati
1668 333 1815 361 verborum

1029 392 1139 412 suorum
1157 384 1285 416 eﬂicacia,
1306 391 1390 418 penes
1409 389 1439 410 se
1458 384 1620 416 potestatem
1636 386 1698 406 esse
1709 377 1815 405 exstin-

1029 430 1142 465 guendw
1158 429 1309 456 Salvatoris
1324 428 1467 460 doctrinae,
1484 425 1562 462 quasi
1577 425 1682 452 scilicet
1697 423 1750 458 ipsi
1772 422 1815 449 sui

1026 477 1098 511 juris
1120 479 1147 503 et
1164 475 1269 503 arbitrii
1286 478 1389 503 essent.
1411 473 1474 500 “me
1491 472 1550 507 ipsa
1568 475 1645 499 erant
1662 469 1814 496 Pharisaeo-

1029 531 1089 551 rum
1110 528 1136 550 et
1161 522 1372 549 Sadducaaorum
1394 519 1484 553 labia;
1508 518 1554 553 qui
1577 524 1638 545 cum
1661 514 1816 543 dissimula-

1029 570 1103 597 tione
1119 569 1288 596 Salvatorcm
1306 568 1428 599 adibant,
1446 563 1534 593 Rabbi
1557 564 1764 599 compellantes,
1787 564 1815 588 et

1029 616 1098 642 clam
1122 615 1230 642 interim
1246 613 1480 649 conspirationem
1505 613 1533 639 in
1558 612 1633 638 illum
1649 608 1823 655 conﬂabant.‘

1030 661 1195 697 Magniloqui
1217 667 1307 688 autem
1323 664 1401 687 erant
1417 659 1539 687 seniores
1561 662 1588 684 et
1605 656 1743 692 principes
1767 662 1814 681 sa-

1029 708 1171 736 cerdotum
1183 707 1286 743 populi,
1305 706 1364 733 ausi
1381 704 1536 740 percontari
1553 702 1734 733 Salvatorem,
1750 700 1818 735 ipsi-

1030 762 1082 789 que
1101 754 1192 782 dicere
1206 763 1213 781 :
1231 753 1264 779 In
1278 761 1329 788 qua
1346 756 1474 785 potestate
1495 750 1550 777 Itcec
1564 749 1642 784 facis,
1660 753 1685 775 et
1701 747 1760 782 quis
1771 746 1818 772 de-

1029 800 1069 826 dit
1085 800 1133 826 tibi
1145 799 1212 826 hanc
1226 797 1431 834 potestatem“?

1065 845 1149 874 Vens.
1174 846 1200 873 6.
1227 845 1340 880 Propter
1359 843 1495 871 miseriam
1514 843 1622 876 inopum
1640 844 1665 867 et
1692 839 1818 876 gemitum

1030 901 1175 928 pauperum
1192 900 1261 919 nunc
1276 898 1427 926 exsurgam,
1440 882 1519 915 Idicit
1546 887 1687 915 Dominus.
1715 886 1819 913 Ponant

1029 941 1057 966 in
1072 939 1197 970 salutari,
1213 936 1375 972 ﬁducialiter
1391 943 1468 970 agam
1485 935 1512 961 in
1524 941 1563 961 eo.
1583 932 1639 960 Hoc
1656 932 1720 959 item
1738 931 1819 958 modo

1029 983 1205 1019 interpretari
1219 983 1298 1010 licet:
1311 982 1363 1016 Qui
1378 982 1431 1010 mei
1445 988 1529 1009 causa
1545 977 1663 1006 mendici
1680 982 1706 1005 et
1720 984 1820 1012 paupeu

1029 1039 1074 1058 res
1091 1029 1191 1064 spiritu
1205 1028 1270 1056 facti
1287 1032 1362 1062 sunt,
1383 1027 1480 1054 humili
1496 1033 1603 1061 semper
1620 1024 1719 1052 ali'ectu
1734 1023 1819 1050 verho

1029 1083 1090 1102 meo
1117 1075 1251 1102 hmrentes
1282 1073 1475 1109 ingemiscunt,
1499 1071 1633 1106 iidemque
1660 1069 1818 1097 inviolatam

1029 1123 1211 1148 conservant:
1227 1120 1324 1147 horum
1340 1126 1390 1154 ego
1414 1125 1498 1146 causa
1508 1124 1669 1152 exsurgam;
1683 1119 1764 1150 atque
1789 1119 1820 1141 ut

1029 1165 1227 1194 resurrectioni
1252 1173 1319 1193 mea:
1337 1168 1553 1192 consentaneum
1575 1166 1628 1194 est,
1645 1162 1761 1190 salutem
1775 1167 1820 1196 pa-

1029 1213 1098 1239 riam
1112 1212 1241 1239 omnibus
1265 1211 1425 1238 hominibus
1440 1220 1446 1237 ε
1463 1217 1517 1245 qua
1537 1209 1566 1236 in
1579 1216 1620 1241 re,
1636 1211 1666 1235 ut
1688 1207 1819 1242 praeclare

1030 1262 1115 1293 gesta,
1132 1257 1294 1285 [iducialiter
1307 1264 1397 1292 agam.

1066 1305 1147 1332 Vnus.
1163 1305 1189 1332 7.
1207 1300 1322 1339 Eloquia
1343 1303 1450 1330 Domini
1462 1302 1566 1337 eloquia
1580 1305 1665 1332 easta,
1683 1305 1818 1336 argentum

1029 1353 1087 1387 igne
1099 1352 1293 1384 examinatum,
1310 1349 1451 1385 probatum
1466 1353 1553 1382 terrm,
1575 1353 1717 1384 purgatum
1736 1352 1821 1381 septu-

1028 1399 1110 1434 plum.
1139 1399 1289 1433 Argentum
1318 1405 1383 1424 vero
1406 1397 1460 1431 igni
1494 1403 1566 1431 saepe
1595 1394 1738 1426 traditum,
1756 1401 1820 1421 cum

1027 1446 1104 1472 nulla
1122 1445 1176 1471 alia
1190 1443 1305 1472 materia
1316 1443 1526 1475 commiscetur;
1539 1441 1689 1475 eodemque
1706 1447 1820 1475 prorsus

1029 1490 1111 1517 modo
1124 1489 1233 1524 eloquia
1246 1488 1354 1515 Domini
1370 1487 1444 1514 omni
1462 1486 1604 1513 mendacio
1617 1492 1704 1512 vacua
1725 1488 1799 1511 sunt.

1065 1536 1148 1563 Vens.
1166 1537 1192 1563 8.
1210 1536 1259 1567 Tu,
1273 1535 1393 1566 Domine,
1404 1533 1519 1561 servabis
1534 1541 1580 1559 nos
1594 1537 1618 1559 et
1630 1531 1759 1559 custodies
1771 1538 1819 1558 no:

185 1575 266 1611 ἡμᾶς
286 1576 346 1602 ἀπὸ
363 1575 418 1609 τῆς
432 1576 537 1610 γενεᾶς
556 1577 667 1610 ταύτης
681 1576 730 1602 καὶ
748 1577 790 1608 εὶς
806 1576 859 1602 τὸν
875 1576 977 1602 αἰῶνα.

1031 1592 1047 1610 a
1060 1583 1226 1617 generatione
1244 1581 1292 1607 hac
1310 1577 1336 1606 in
1352 1585 1488 1607 wtcrnum.
1509 1578 1579 1606 Cum
1596 1578 1737 1605 mendicos
1756 1581 1819 1604 tuos

191 1620 318 1647 Ἐπειδὰν
333 1620 454 1657 φυλάξῃς
477 1622 540 1653 τοὺς
565 1622 628 1653 σοὺς
649 1623 782 1657 πτωχοὺς,
805 1621 852 1648 καὶ
867 1621 978 1648 ἐπειδὰν

188 1666 263 1700 ἡμᾶς
278 1667 462 1702 περιτειχίσῃς
480 1667 537 1701 ἅμα
551 1668 584 1702 τῇ
605 1667 739 1702 ἐρχομένῃ
756 1668 846 1702 γενεᾷ,
871 1669 903 1702 τῇ
928 1676 977 1694 κα-

188 1709 309 1745 λουμένῃ
324 1711 427 1746 αἰωνίᾳ,
440 1712 465 1737 οἱ
488 1711 640 1746 παράνομοι
662 1712 733 1744 τότε,
748 1712 825 1742 ἐκτὸς
838 1712 977 1747 γενόμενοι

190 1755 242 1790 τῆς
267 1757 305 1787 είς
331 1757 433 1788 πάντας
447 1756 606 1792 ἀνθρώπους
629 1757 816 1793 χυθησομένης
833 1766 878 1784 σου
900 1757 978 1794 χάρι-

190 1809 246 1834 τος,
261 1802 351 1838 κύκλῳ
372 1804 599 1839 περιπατήσουσι,
617 1803 715 1839 ῦεωροὶ
733 1804 910 1839 γενησόμενοι
923 1804 978 1831 τῶν

190 1847 368 1883 σωζομένων·
384 1849 432 1875 καὶ
446 1848 525 1876 τοῦτο
539 1848 615 1876 ἔσται
627 1850 690 1876 ὅταν
706 1848 849 1884 ὑψωθῶσιν
862 1849 886 1875 οἱ
907 1849 979 1875 εὐτε-

187 1892 243 1925 λεῖς
258 1894 311 1920 τῶν
326 1894 487 1930 ἀνθρώπων.

223 1941 332 1973 Κύκλῳ
353 1942 381 1967 ol
400 1941 518 1974 ἀσεϐεῖς
534 1941 739 1974 περιπατοῦσι,
755 1941 830 1968 κατά
849 1942 882 1968 τὸ
900 1941 978 1975 ὕψος

188 1995 247 2014 σου
269 1987 489 2021 ἑπολυώρησας
516 1988 586 2020 τοὺς
605 1988 692 2020 υὶοὺς
719 1987 778 2014 τῶν
804 1987 976 2022 ἀνθρώπων.

195 2033 304 2069 Ἐπειδὴ
332 2035 345 2060 ό
369 2034 468 2066 κύκλος
493 2036 526 2070 τῇ
551 2034 642 2070 εὐθείᾳ
670 2035 789 2066 ἐναντίος
817 2035 874 2060 ἐστὶ
906 2034 978 2061 κατὰ

188 2080 238 2115 τὴν
259 2080 419 2116 σκολιότητα
444 2081 491 2107 καὶ
506 2080 650 2116 εὐθύτητα,
672 2083 695 2107 οἱ
719 2081 746 2108 δὲ
763 2081 870 2113 ἀσεϐεῖς
887 2081 978 2116 κύκλῳ

189 2127 399 2162 περιπατοῦσιν,
417 2129 442 2154 οἱ
464 2129 585 2160 εὐσεϐεῖς
609 2129 663 2163 ἄρα
684 2127 790 2154 εὐθεῖαν
814 2129 978 2164 περιπατοῦ-

191 2181 245 2200 σιν.

256 2219 311 2245 ΕΙΣ
330 2217 375 2246 ΤΟ
395 2219 506 2246 ΤΕΔΟΣ
522 2219 667 2246 ΨΑΛΜΟΣ
686 2219 729 2245 ΤΩ
737 2219 838 2246 ΔᾹΥΙΔ
859 2220 916 2246 IB’.

1031 1627 1205 1660 custodieris,
1223 1633 1340 1661 cumque
1350 1633 1401 1652 nos
1415 1624 1650 1652 circummunieris
1665 1623 1693 1650 in
1705 1630 1820 1658 genera-

1031 1675 1105 1701 tione
1126 1673 1227 1705 l‘utura,
1244 1681 1304 1708 qum
1323 1676 1423 1699 aeterna
1436 1673 1569 1704 vocatur;
1582 1673 1647 1697 tunc
1660 1669 1746 1704 iniqui
1767 1669 1818 1701 illi,

1031 1720 1136 1748 exclusi
1154 1723 1201 1746 tua
1216 1719 1304 1754 gratia
1326 1726 1375 1762 per
1396 1724 1491 1745 omnes
1518 1716 1643 1744 homines
1668 1715 1777 1753 dili‘usa,
1790 1715 1820 1742 in

1031 1766 1148 1793 circuitu
1169 1761 1357 1797 ambulabunt,
1371 1767 1401 1792 ut
1411 1771 1459 1792 eos
1470 1763 1516 1799 qui
1527 1763 1642 1791 salutem
1657 1761 1819 1789 obtinebunt

1032 1811 1257 1846 circumspiciunt
1274 1821 1280 1839 :
1300 1811 1382 1846 idque
1410 1815 1477 1837 tunc
1506 1808 1631 1840 eveniet,
1645 1815 1708 1835 cum
1721 1807 1763 1835 vel
1780 1810 1820 1834 te-

1032 1857 1143 1884 nuiores
1158 1863 1191 1883 ex
1204 1856 1362 1884 hominibus
1377 1855 1488 1883 exaltati
1504 1853 1614 1882 fuerint.

1067 1946 1151 1973 Vens.
1166 1945 1194 1972 9.
1206 1945 1239 1972 In
1258 1945 1371 1971 circuitu
1392 1943 1466 1977 impii
1490 1942 1654 1970 ambulant:
1677 1939 1819 1968 secundum

1028 1991 1200 2019 altitudinem
1215 1996 1288 2018 tuam
1304 1989 1489 2024 multiplicasti
1505 1989 1575 2023 ﬁlios
1591 1988 1734 2014 hominum.
1748 1985 1818 2019 Quia

1031 2038 1151 2065 circulus
1179 2040 1260 2064 rectae
1285 2036 1365 2063 lineae
1391 2035 1541 2063 secundum
1572 2033 1761 2068 obliquitatem
1792 2035 1819 2059 et

1032 2083 1224 2110 rectitudinem
1240 2083 1381 2117 oppositus
1396 2085 1453 2115 est;
1481 2088 1544 2108 cum
1561 2079 1638 2115 impii
1661 2080 1688 2106 in
1701 2079 1819 2107 circuitu

1032 2130 1180 2161 ambulent,
1197 2128 1235 2164 pii
1250 2135 1317 2156 sane
1334 2128 1385 2155 viri
1402 2128 1430 2154 in
1446 2130 1523 2155 recto
1538 2127 1710 2162 gradiuntur.

1134 2219 1160 2246 1.
1176 2218 1210 2245 IN
1231 2217 1338 2245 FINEM
1356 2216 1520 2245 PSALMUS
1540 2215 1647 2243 DAYlD
1667 2214 1724 2243 XII.

227 2262 278 2289 Διά
296 2262 326 2288 τὺ
346 2262 422 2294 τέλος
437 2263 467 2289 τὸ
482 2263 556 2298 παρά
572 2263 610 2299 τῷ
626 2264 685 2299 Θεῷ
699 2263 787 2290 πάντα
809 2265 862 2300 πρὸ
876 2265 922 2291 τοῦ
938 2265 979 2292 τέ-

1065 2265 1181 2300 Propter
1205 2264 1297 2296 lilium,
1311 2271 1390 2299 quem
1410 2263 1481 2298 apud
1509 2262 1594 2290 Deum
1619 2265 1818 2289 consecuturus

191 2308 255 2340 λους
270 2309 404 2345 ἀνδρικῶς
418 2310 567 2345 ἠγωνίζετο
578 2320 584 2326 ·
601 2311 631 2338 τὸ
649 2312 677 2338 δὲ
693 2312 768 2344 τέλος
783 2313 798 2339 ό
819 2313 873 2339 τῶν
893 2314 980 2341 πόνων

191 2355 250 2381 ἐστὶ
273 2356 388 2391 καρπὸς,
405 2355 477 2393 ζωὴν
498 2358 605 2385 αἰώνιον
628 2359 674 2385 καὶ
700 2358 838 2393 βασιλείαν
858 2360 980 2396 οὐρανῶν

192 2401 340 2436 προξενῶν.
360 2403 407 2434 Εἰς
425 2403 473 2437 μὲν
486 2401 532 2430 οὖν
547 2404 578 2430 τὸ
597 2404 672 2436 τέλος
691 2404 831 2440 ἀνέπεμψε
847 2405 896 2441 τὴν
910 2406 981 2442 ᾠδὴν

190 2449 230 2484 τῷ
247 2449 321 2485 Θεῷ’
343 2450 413 2476 κατὰ
434 2450 462 2477 δὲ
476 2450 525 2486 τὴν
540 2451 636 2486 ἀρχὴν,
654 2452 692 2483 ὼς
713 2452 911 2488 ἀγωνιζόμενος
929 2453 979 2486 ἔτι,

191 2494 241 2526 τὰς
264 2493 375 2528 πρώτας
398 2495 530 2530 προφέρει
553 2495 662 2530 φωνάς-

228 2583 306 2616 Ἕως
319 2584 401 2615 πότε,
417 2585 516 2618 Κύριε,
536 2585 668 2620 ἐπιλήσῃ
677 2595 736 2621 μου
749 2587 792 2620 εις
803 2586 907 2620 telae;
927 2587 982 2621 ἓως

193 2629 265 2655 τότε
271 2630 473 2665 ἀποστρέψεις
482 2631 514 2657 τὸ
527 2631 688 2665 πρόσωπόν
698 2640 756 2659 σου
767 2633 816 2660 ἀπ’
824 2633 898 2668 ἐμοῦ
907 2643 916 2666 ;
927 2635 981 2668 Λή-

193 2676 243 2710 θην
263 2676 292 2702 δὲ
313 2676 380 2708 Θεὸς
399 2678 514 2703 ποιεῖται
536 2678 589 2705 τῶν
626 2678 875 2715 ἐπιλανθανομὲνων
896 2680 978 2707 αὐτοῦ

194 2721 239 2749 διὰ
255 2721 306 2757 τῆς
315 2722 450 2758 ἁμαρτίας
459 2731 465 2737 ·
477 2723 642 2758 ἀποστρέφει
658 2724 745 2751 καὶτὸ
771 2726 914 2760 πρόσωπον
926 2727 979 2752 ἀπὸ

190 2767 247 2795 τῶν
274 2769 385 2804 αἰσχρόν
407 2777 432 2795 τι
456 2770 638 2804 πραττόντων,
653 2770 777 2803 ἀναξίους
795 2769 862 2798 εἶναι
884 2772 979 2807 κρίνας

190 2814 242 2851 τῆς
253 2815 398 2848 ἐποπτείας
409 2815 490 2842 αὑτοῦ
501 2825 507 2831 ⁸
522 2816 615 2852 διόπερ
631 2816 682 2842 ὑπὸ
690 2817 736 2843 τοῦ
754 2818 902 2850 συνειδότος
920 2827 980 2845 νυτ-

188 2859 305 2895 τόμενος
324 2861 370 2888 καὶ
389 2861 438 2896 τὴν
451 2860 496 2887 τοῦ
513 2860 579 2887 Θεοῦ
595 2860 686 2892 δεδιὼς
707 2861 796 2897 κρίσιν
809 2862 916 2897 ἐπάγει·

230 2915 253 2931 ³³
272 2914 357 2943 Exod.
372 2924 401 2950 v,
417 2916 445 2945 2.
486 2916 507 2932 ¹²
528 2916 625 2944 Matth.
641 2924 705 2950 nl,
719 2917 765 2945 23.

1031 2313 1100 2342 erat,
1117 2314 1179 2337 ante
1197 2309 1277 2337 linem
1294 2309 1410 2336 viriliter
1423 2307 1534 2336 omnino
1547 2306 1733 2335 concertabat.
1750 2304 1819 2332 Nam

1032 2356 1155 2383 laborum
1172 2355 1288 2387 fructus,
1305 2357 1347 2382 est
1361 2354 1433 2388 lin-is,
1445 2353 1491 2389 qui
1508 2357 1535 2381 et
1549 2354 1631 2380 vitam
1648 2355 1778 2380 aeternam
1791 2356 1819 2379 et

1031 2409 1144 2437 regnum
1169 2401 1300 2429 caelorum
1326 2405 1466 2436 procurat.
1488 2400 1516 2427 In
1533 2399 1612 2426 ﬁnem
1629 2399 1714 2434 igitur
1727 2399 1819 2426 canti-

1031 2455 1093 2475 cum
1108 2447 1164 2474 Deo
1177 2448 1276 2474 emittit
1293 2455 1300 2474 :
1319 2451 1399 2481 atque
1413 2454 1428 2473 a
1445 2445 1591 2481 principio,
1614 2448 1709 2480 utpote
1727 2444 1818 2471 adhuc

1032 2493 1060 2520 in
1076 2492 1225 2520 certamine
1238 2491 1416 2523 constitutus,
1434 2491 1516 2518 hasce
1535 2490 1637 2525 primas
1654 2488 1759 2524 profert
1774 2495 1819 2515 vo-

1032 2545 1097 2566 ces:
1132 2539 1135 2541 ’

1067 2583 1150 2611 Vsus.
1177 2584 1205 2611 2.
1226 2582 1373 2619 Usquequo,
1392 2582 1511 2614 Domine,
1539 2581 1699 2608 oblivisceris
1725 2588 1765 2607 me
1790 2580 1818 2606 in

1033 2632 1131 2666 ﬁnem?
1149 2630 1285 2666 Usquequo
1302 2630 1397 2656 avertis
1413 2629 1509 2664 facient
1521 2633 1593 2655 tuam
1611 2636 1627 2654 α
1643 2628 1701 2654 me?
1714 2626 1819 2654 Oblivi-

1033 2679 1117 2706 scitur
1132 2682 1222 2704 autem
1245 2677 1316 2705 Deus
1331 2684 1424 2703 eorum
1440 2676 1486 2710 qui
1509 2683 1558 2710 per
1573 2678 1713 2710 peccatum
1730 2672 1819 2707 ipsius

1034 2725 1206 2752 immemores
1231 2728 1316 2751 sunt:
1339 2722 1492 2757 avertitque
1518 2721 1615 2749 faciem
1640 2727 1717 2747 suam
1735 2718 1819 2745 abiis

1034 2770 1079 2805 qui
1094 2771 1182 2805 turpia
1201 2769 1303 2804 quaevis
1320 2772 1485 2804 perpetrant,
1498 2772 1567 2800 ques
1580 2765 1749 2807 providentia
1766 2770 1818 2790 sua

1033 2817 1159 2852 indignos
1171 2819 1287 2850 reputat.
1305 2815 1487 2848 Quamobrem
1501 2813 1658 2841 stimulante
1673 2811 1818 2840 conscien-

1033 2862 1224 2898 tia,judicium
1241 2860 1289 2888 Dei
1302 2861 1510 2896 pertimescens,
1527 2858 1668 2893 subjungit
1684 2866 1692 2884 :
