2055 3214
166 221 219 249 N5

727 220 978 247 CUMMENTAIHA
996 220 1030 247 IN
1048 218 1216 248 PSALMOS.
1298 231 1309 265 Ι

1739 218 1789 246 Mf

165 279 198 305 ἐκ
221 277 269 305 τοῦ
291 278 405 313 οὐρα-,οὗ
420 277 522 314 Κύριος
545 277 591 303 καὶ
611 277 798 311 ἐπισκοπῆς-ας
822 277 885 308 τοὺς
905 277 951 303 ἐπὶ

1003 277 1153 311 respiciens
1164 275 1197 303 de
1208 275 1278 303 coelo
1290 274 1431 304 Dominus
1442 279 1523 312 atque
1536 275 1727 308 considerans,
1741 275 1791 303 de-

163 324 216 360 γῆς
244 323 350 355 πάντας
369 320 447 359 εὗρεν
472 323 648 354 ὲκκλίναντας
672 323 719 350 καὶ
744 323 951 358 ἀχρειωθέντας,

162 369 201 400 ὡς
212 369 316 404 μηδένα
333 369 466 404 μηδαμῶς
479 368 653 404 εὑρίσκεσΰαι
667 370 697 395 ὲν
707 368 870 404 ἀνθρώποις,
886 368 952 404 μηδὲ

165 415 262 450 μέχρις
285 414 361 446 ἑνὸς,
382 415 429 441 τὸν
454 414 520 450 μηδὲ
547 414 742 451 ἠχρειωμένον,
768 415 835 450 μηδὲ
860 414 952 442 ὲκκλί-

162 467 263 486 ναντα-
291 459 436 486 ἀκόλουθόν
456 460 514 486 ἐστι
530 461 586 491 τοῖς
603 460 670 486 πᾶσι
695 459 953 494 συμπεριλαμϐάνε-

164 506 236 539 σθαι,
245 506 333 533 καὶτὸ
346 505 479 532 Ἰουδαίων
491 506 577 538 ἔθνος,
586 506 634 533 καὶ
643 506 723 533 αὑτὸν
733 506 777 532 τὺν
788 505 953 541 καλούμενον

169 552 288 588 Ἰσραήλ.
314 551 354 579 Τὰ
374 552 465 586 μέντοι
488 552 656 588 προκείμενα
672 551 750 587 λόγια
775 552 869 586 σαφῶς
900 553 953 579 ὰπ-

163 599 294 633 εφήνατο,
304 598 451 630 ὃτιπάντες
463 598 612 632 ἐξέκλιναν,
625 598 684 634 ἅμα
697 598 899 634 ἠχρειώθησαν,
914 599 952 631 ὡς

166 644 233 680 μηδὲ
257 642 326 677 εἶναι
351 644 480 672 ποιοῦντα
504 645 694 682 χρηστότητα,
719 645 786 681 μηδὲ
804 645 856 678 ἕως
881 646 950 678 ἑνός.

164 690 240 718 Ἔδει
257 690 311 726 γὰρ
331 690 362 717 τὸ
387 691 501 726 μέγεθος
525 691 700 727 παραστῆναι
717 692 767 727 τῆς
783 692 812 718 ἑν
832 693 889 724 τοῖς
905 693 952 720 ἅν-

163 737 283 773 θρώποις
308 737 488 773 ἐγγενομένης
511 738 589 764 νόσου
616 738 668 774 πρὸ
690 738 740 774 τῆς
762 738 809 766 τοῦ
827 739 953 775 Σωτῆρος

163 783 330 819 παρουσίας·
345 784 383 815 ὡς
399 783 432 810 ἂν
445 785 462 819 ἡ
474 783 565 818 ἄφιξις
579 784 661 812 αὐτοῦ
679 785 774 821 φανείη
789 786 846 817 τοῖς
869 786 952 812 πᾶσιν

164 829 311 864 ἀναγκαία.
329 830 433 862 Πάντες
447 831 500 866 γὰρ
516 831 639 867 ἥμαρτον
651 832 698 858 καὶ
713 830 888 868 ὑστεροῦνται
902 831 953 866 τῆς

162 877 244 914 δόξης
263 877 309 904 τοῦ
325 877 404 911 Θεοῦ,
421 879 606 913 δικαιούμενοι
628 879 732 915 δωρεὰν
750 881 784 916 τῇ
805 879 886 906 αὑτοῦ
905 879 955 914 χάο

163 931 230 958 ριτι.
247 923 354 959 Ταύτην
366 923 395 950 δὲ
411 924 457 951 καὶ
480 924 494 950 ὸ
513 924 626 957 Ἡσαΐας
641 924 795 960 συμφώνως
808 925 954 952 ἀποδίδωσι

162 968 212 1004 τὴν
229 969 349 996 διάνοιαν
369 971 399 996 ὲν
416 967 457 1001 οἷς
476 978 543 1005 φησι
571 970 639 1006 πρὸς
658 971 708 1006 τὴν
732 971 867 998 Ἰουδαίων
891 979 953 998 συν-

160 1015 274 1051 αγωγὴν
290 1016 514 1051 ἀποτεινόμενος·
530 1017 606 1044 Ἰδοὺ
621 1017 685 1050 ταῖς
698 1017 853 1052 ἁμαρτίαις
870 1017 958 1052 ὑμῶν.

160 1063 325 1098 ἐπράθητε,
348 1063 397 1090 καὶ
421 1063 485 1096 ταῖς
500 1064 637 1098 ἁνομίαις
653 1064 736 1099 ὑμῶν
753 1064 953 1096 ἐξαπέστειλα

161 1109 218 1143 τὴν
231 1107 346 1143 μητέρα
358 1107 452 1142 ὑμῶν,
466 1107 540 1135 διότι
564 1109 670 1143 ἦλθον,
691 1108 740 1136 καὶ
750 1110 806 1136 οὐκ
815 1107 855 1145 ἦν
869 1111 886 1137 ὁ
900 1109 953 1137 ἄν·

161 1157 291 1190 θρωπος·
319 1154 462 1186 ἐκάλεσα,
485 1154 534 1180 καὶ
557 1155 613 1181 οὐκ
633 1152 673 1190 ἦν
691 1157 708 1182 ὀ
720 1156 891 1182 ὑπακούων.
916 1155 953 1182 Τὺ

160 1200 224 1236 γὰρ,
242 1200 318 1227 διότι
330 1198 435 1235 ἦλθον,
451 1200 544 1235 ὅμοιον
562 1200 595 1227 ἂν
611 1201 653 1236 εἴη
669 1201 718 1236 τῷ,
730 1201 837 1235 Κύριος
849 1201 884 1233 ἐξ
899 1202 951 1229 οὺ-

158 1246 254 1281 ρανοῦ
269 1245 416 1280 διέκυψεν
432 1245 480 1272 ἐπὶ
501 1246 572 1278 τοὺς
591 1246 677 1279 υίοὺς
692 1246 751 1273 τῶν
771 1246 949 1280 ἀνθρώπων·

161 1293 191 1319 τὺ
206 1292 235 1319 δέ
246 1300 254 1308 ·
268 1292 325 1319 Καὶ
339 1293 395 1319 οὐκ
411 1290 452 1326 ἦν
465 1291 629 1325 ἅνθρωπος,
650 1292 699 1319 καὶ
718 1294 774 1319 οὐκ
800 1291 841 1327 ἦν
857 1294 874 1319 ὀ
896 1294 952 1320 ὐπ-

161 1338 290 1371 ακούων,
306 1338 398 1373 ὅμοιον
406 1337 445 1372 τῷ
455 1347 461 1352 ·
477 1337 758 1374 Πάντεςιὲεέκλιναν
772 1339 820 1365 καὶ
828 1338 951 1373 ήκρειώ-

161 1386 271 1417 θησαν.

203 1471 278 1507 οὐχι
302 1471 468 1506 γνώσονται
495 1470 606 1504 πάντες
632 1473 658 1499 οὶ
683 1471 868 1506 ἐργαζόμενοι
893 1472 951 1506 τὴν

159 1519 308 1553 ἀνομίαν,
336 1520 364 1545 ot
388 1518 542 1550 ἐσθίοντες
573 1517 626 1545 τὸν
652 1518 729 1544 λαόν
754 1527 812 1552 μου
843 1518 952 1551 βρώσει

159 1565 270 1600 ἇρτου;
290 1565 345 1592 Καί
368 1573 413 1600 μοι
430 1564 505 1591 δοκεῖ
523 1563 705 1600 προφητεύειν
728 1563 877 1600 μεταὸολὴν
891 1563 950 1590 ἐσε-

161 1612 222 1638 σθαι
235 1611 289 1638 τῶν
303 1610 387 1638 ἐθνῶν
405 1611 437 1641 bc
454 1609 603 1646 θηριώδους
623 1610 690 1645 βίου,
704 1610 752 1637 καὶ
767 1610 797 1642 ἐξ
814 1610 951 1644 ἀγνωσίας

159 1656 240 1688 Θεοῦ,
255 1656 302 1682 ἐπὶ
315 1657 418 1691 ἥμερον
436 1656 483 1682 καὶ
504 1655 616 1691 θεοσεὸἦ
640 1655 740 1691 τρόπον
750 1664 756 1670 ·
777 1655 791 1682 ὃ
806 1657 853 1682 καὶ
877 1655 951 1682 ἐστιν
965 1652 986 1681 C

161 1701 310 1737 ὀφθαλμοῖς
339 1701 530 1738 παραλαϐόντα
564 1702 735 1737 μαρτυρῆσαι
764 1701 892 1737 ἀλήθειαν
918 1703 951 1737 τῇ

164 1746 328 1783 προφητείᾳ..
343 1747 499 1783 Ἀναγνώσῃ
511 1747 600 1774 τοίνυν
616 1747 650 1774 τὰ
662 1748 829 1783 προκείμενα
849 1748 953 1784 ἐρωτη-

163 1793 304 1828 ματικὰ,
329 1794 528 1829 πυνθανομένου
550 1793 598 1820 τοῦ
619 1794 699 1828 λόγου
721 1794 769 1820 καὶ
787 1793 951 1828 φάσκοντος·

160 1839 192 1866 Εἰ
206 1839 253 1866 καὶ
266 1839 365 1871 πάντες
380 1839 519 1873 ἐξέκλιναν
534 1839 587 1875 πρὸ
609 1840 658 1875 τῆς
678 1839 724 1866 τοῦ
742 1839 861 1875 Χριστοῦ
882 1848 953 1875 παρ-

159 1886 254 1918 ουσίας
270 1887 317 1913 καὶ
339 1885 546 1921 ήχρειώθησαν·
572 1886 609 1921 μὴ
635 1886 725 1912 τοίνυν
750 1885 811 1920 οὐχὶ
835 1884 952 1919 γνώσον-

159 1940 204 1958 ται
216 1932 247 1958 ἐν
260 1931 300 1966 τῷ
316 1931 384 1966 μετὰ
402 1931 488 1958 ταῦτα
508 1932 596 1967 χρόνῳ
613 1931 713 1962 πάντες
732 1932 757 1957 οὶ
774 1930 954 1966 ἐργαζόμενοι

160 1977 207 2014 τὴν
221 1978 355 2013 ἀνομίαν;
372 1978 633 2013 προσυπακουόντων
655 1977 692 2012 (1)
707 1977 793 2012 ἡμῶν·

198 2025 255 2051 Τὸν
283 2024 402 2058 Κύριον,
424 2023 472 2050 καὶ
501 2023 572 2050 κατὰ
589 2023 678 2050 κοινοῦ
698 2023 778 2050 πάλιν
800 2022 952 2058 λαμϐανόν-

160 2079 213 2097 των
229 2070 263 2096 τὰ
285 2069 358 2104 ἑξῆς.
381 2069 436 2096 Καὶ
453 2069 530 2095 αὐτοὶ
550 2069 604 2104 γὰρ
621 2069 645 2095 oi
667 2069 751 2096 πάλαι
767 2068 812 2095 τὸν
828 2068 891 2094 λαὸν
905 2067 952 2094 τοῦ

159 2116 227 2143 Θεοῦ
249 2115 316 2142 ὡσεὶ
334 2116 415 2151 ἄρτον
430 2115 575 2146 ἐσθίοντες,
603 2115 649 2141 καὶ
685 2115 731 2141 τὸν
747 2114 848 2150 Κύριον
872 2114 953 2149 μηδε-

160 2161 270 2188 πώποτε
299 2161 537 2196 ἐπικαλεσάμενοι,
565 2161 603 2196 μὴ
635 2160 694 2195 οὐχὶ
731 2159 880 2193 γνώσονται
905 2160 953 2186 αὐ-

159 2207 224 2238 τόν;
241 2206 296 2232 Καὶ
314 2206 427 2237 Ἡσαΐας
442 2206 471 2232 δὲ
485 2205 591 2241 συνᾴδει
608 2206 672 2241 περὶ
689 2205 743 2232 τῶν
753 2204 842 2232 αὐτῶν
857 2204 953 2231 θεσπί-

161 2253 216 2285 ζων
231 2253 278 2279 καὶ
308 2252 412 2286 λέγων’
440 2249 490 2285 Οἷς
517 2253 572 2279 οὐκ
594 2251 745 2286 ἀνηγγέλη
768 2250 835 2285 περὶ
859 2251 952 2278 αὐτοῦ

162 2298 306 2333 ἅψονται·
338 2298 388 2325 καὶ
415 2298 444 2325 οἳ
479 2300 536 2325 οὐκ
568 2298 716 2332 ἀκηκόασι
747 2297 950 2331 συνήσουσιν.

1002 321 1175 357 prehenderit
1185 329 1281 349 omnes
1293 321 1339 356 qui
1353 321 1381 348 in
1396 325 1469 348 terra
1486 322 1666 350 versabantur
1676 341 1683 353 ,
1706 322 1793 351 decli-

1001 376 1083 400 nasse
1095 372 1122 396 et
1137 368 1247 397 inutiles
1266 368 1352 395 factos
1378 375 1439 396 esse
1449 388 1456 400 ,
1476 371 1505 394 ut
1520 375 1599 395 nemo
1615 375 1729 403 prorsus
1745 374 1794 396 re—

1002 415 1136 449 periretur
1154 414 1182 440 in
1200 414 1356 441 [nominibus
1368 433 1376 445 ,
1396 421 1430 441 ac
1452 421 1488 441 ne
1507 413 1548 441 vel
1564 422 1650 446 unus,
1672 414 1719 449 qui
1736 421 1794 444 non.

1002 460 1107 488 inutilis
1123 460 1211 487 factus
1222 464 1305 492 esset,
1321 463 1348 487 et
1367 459 1415 494 qui
1431 467 1485 487 non
1498 459 1675 491 declinasset,
1690 468 1796 498 conse'.

1001 514 1089 542 quens
1100 507 1211 536 omnino
1224 510 1266 534 est
1276 514 1339 534 cum
1355 506 1486 534 omnibus
1500 506 1695 540 comprehendi
1708 506 1791 534 etiam

1002 553 1090 588 ipsum
1105 552 1247 581 Iudaicum
1259 560 1356 587 genus,
1372 552 1445 588 quod
1466 552 1529 580 item
1546 551 1630 580 Israel
1647 560 1792 587 nuncupa-

1002 601 1060 625 tum
1072 602 1124 626 est.
1141 597 1203 626 Istis
1220 598 1312 633 itaque
1337 597 1454 633 eloquiis
1481 598 1555 625 clare
1578 594 1797 632 pronuntiatur,‘

1002 645 1075 679 quod
1091 643 1201 672 scilicet
1216 651 1311 671 omnes
1324 644 1531 676 declinaverit“.
1544 647 1570 672 et
1586 644 1668 672 simul
1682 644 1793 672 inutiles

1003 690 1067 717 iacti
1082 690 1147 724 sint,
1164 690 1202 717 ita
1214 694 1244 718 ut
1256 691 1348 718 nullus
1360 690 1443 718 fuerit
1455 691 1501 726 qui
1515 690 1618 718 iaceret
1631 691 1743 724 bonum,
1759 698 1794 719 ne

1001 737 1044 764 uel
1062 745 1148 772 usque
1163 737 1197 764 ad
1213 745 1309 765 unum.
1335 736 1388 764 Par
1404 736 1456 765 fuit
1479 737 1552 765 enim
1575 735 1798 773 magnitudinem

1003 783 1101 814 morbi.
1118 782 1164 818 qui
1184 787 1248 810 ante
1270 782 1420 810 Salvatoris
1443 783 1590 811 adventum
1618 783 1644 810 in
1666 783 1794 811 omnibus

1002 829 1163 859 hominibus,
1186 830 1382 865 grassabatur,
1406 829 1494 864 palam
1519 829 1609 858 facere
1626 839 1633 858 :
1654 833 1688 857 ut.
1709 820 1798 857 mani-l

1004 875 1102 903 festum
1113 876 1241 904 omnibus
1253 879 1330 904 esset
1339 876 1400 910 ejus
1415 875 1443 903 in
1458 879 1532 904 terra
1545 871 1798 912 peregrinationem

1003 920 1090 948 fuisse
1106 928 1222 956 prorsus
1236 921 1431 949 necessariam.
1455 920 1557 949 Omnes
1578 921 1713 956 siquidem
1730 929 1795 956 pec-

967 963 989 991 Β
1003 971 1151 998 caverunt,
1167 974 1263 995 omnes
1289 967 1376 1002 gloria
1393 967 1440 995 Dei
1457 967 1637 1002 privabantur
1648 987 1656 999 ,
1683 971 1711 995 et
1733 968 1791 1001 jam

1004 1012 1063 1047 ejus
1087 1013 1175 1048 gratia
1187 1013 1272 1048 gratis
1294 1012 1435 1048 justiﬁcati
1456 1017 1530 1041 sunt.
1550 1013 1620 1041 Huic
1642 1021 1792 1042 consonam

1002 1057 1085 1086 Isaias
1108 1059 1269 1087 sententiam
1300 1059 1399 1092 tradit,
1427 1059 1474 1087 ubi
1494 1059 1651 1087 Judteorum
1675 1067 1793 1095 synago-

1002 1112 1063 1140 gam
1085 1106 1253 1140 compellans
1264 1106 1301 1133 ait
1316 1107 1339 1126 ¹ι
1353 1116 1359 1133 :
1379 1106 1446 1134 Ecce
1456 1107 1484 1132 in
1496 1105 1680 1141 iniquitatibus
1699 1106 1792 1133 nostris

1003 1152 1101 1180 uenditi
1114 1153 1187 1184 estis.
1203 1157 1227 1180 et
1250 1153 1278 1179 in
1302 1152 1442 1180 sceleribus
1457 1153 1550 1180 vestris
1570 1152 1664 1179 dimisi
1682 1157 1793 1180 matrem

1002 1203 1115 1226 vestram
1128 1208 1137 1226 :
1152 1199 1215 1235 quia
1228 1200 1294 1229 veni.
1311 1205 1336 1227 et
1356 1207 1406 1226 non
1430 1204 1488 1227 erat
1502 1199 1558 1230 uir;
1585 1199 1684 1229 vocavi.
1701 1204 1725 1226 et
1740 1208 1794 1227 nan

1003 1250 1061 1272 erat
1073 1245 1118 1279 qui
1130 1246 1307 1281 responderet.
1325 1244 1392 1272 Illud
1411 1246 1494 1278 enim,
1508 1246 1572 1281 quia
1595 1246 1662 1277 ueni,
1675 1245 1717 1274 his
1733 1254 1794 1274 ver-

1002 1292 1044 1320 bis
1058 1291 1140 1319 afﬁne
1163 1291 1244 1319 Fuerit
1255 1311 1262 1324 ,
1291 1291 1420 1319 Dominus
1435 1291 1467 1318 de
1481 1292 1546 1319 ccelo
1560 1292 1694 1327 prospexit
1716 1299 1794 1326 super

1003 1339 1074 1374 ﬁlios
1089 1339 1240 1371 hominum;
1256 1339 1322 1366 illud
1334 1342 1435 1371 autem,
1451 1339 1484 1366 Et
1499 1347 1549 1366 non
1561 1344 1618 1366 erat
1634 1339 1682 1369 vir.
1700 1345 1725 1366 et
1741 1348 1793 1366 non

1002 1390 1060 1413 erat
1078 1386 1122 1420 qui
1133 1384 1310 1420 responderet,
1323 1384 1411 1413 simile
1426 1384 1476 1418 illi,
1489 1384 1585 1412 Omnes
1596 1384 1792 1414 declinaverunt

1002 1436 1026 1459 et
1043 1431 1149 1458 inutiles
1164 1431 1229 1466 facti
1244 1435 1314 1458 sunt.

1038 1477 1120 1505 Vnus.
1136 1478 1165 1504 4.
1187 1477 1284 1505 Nonne
1305 1482 1460 1513 cognoscent
1474 1486 1569 1507 .omnu
1585 1478 1630 1512 qui
1650 1481 1794 1511 operantur

1002 1523 1179 1558 iniquitatem,
1193 1524 1238 1558 qui
1258 1523 1384 1550 devorant
1407 1523 1506 1558 plebem
1524 1531 1609 1550 meum
1635 1523 1794 1550 comesliune

1001 1568 1100 1602 panis?
1115 1567 1229 1596 Videtur
1239 1568 1304 1595 mihi
1324 1568 1468 1595 vaticinari
1482 1569 1600 1595 futuram
1613 1567 1746 1602 gentium,
1757 1574 1792 1594 ex

1002 1614 1057 1641 vita
1071 1614 1157 1641 ferina
1171 1618 1200 1642 et
1211 1614 1364 1650 ignorantia
1379 1614 1438 1645 Dei.
1453 1615 1481 1642 in
1501 1617 1659 1641 mansuetos
1680 1620 1712 1639 ac
1728 1612 1793 1640 reli-

1002 1660 1095 1696 giosos
1107 1668 1197 1688 mores
1210 1661 1388 1688 mutationem
1403 1671 1409 1688 :
1426 1659 1503 1695 quod
1513 1663 1564 1691 est,
1582 1667 1611 1687 re
1622 1659 1710 1686 oculis
1728 1666 1799 1693 per-t

1004 1711 1092 1741 cepta,
1107 1707 1246 1734 veritatem
1263 1706 1410 1742 prophetiae
1437 1705 1588 1734 testiﬁcari.
1615 1704 1678 1732 Ilaec
1701 1705 1794 1739 itaque

1004 1753 1189 1790 interrogandi
1203 1761 1279 1781 more
1297 1753 1409 1788 legenda
1426 1757 1507 1787 sunt;
1530 1756 1706 1788 percontatur
1720 1752 1792 1779 enim

1004 1798 1150 1826 Psalmista
1162 1806 1194 1826 ac
1209 1799 1231 1826 si
1247 1799 1369 1826 diceret:
1387 1798 1500 1825 Etiamsi
1515 1805 1610 1825 omnes
1623 1797 1793 1825 anteClIristi

1005 1844 1150 1871 adventum
1162 1844 1367 1871 declinaverunt
1380 1847 1407 1871 et
1421 1843 1530 1870 inutiles
1545 1842 1608 1869 facti
1627 1846 1690 1868 sunt
1701 1862 1708 1874 ,
1726 1849 1795 1868 non-

1005 1900 1039 1919 ne
1050 1892 1076 1918 in
1094 1891 1216 1926 sequenti
1237 1894 1360 1924 tempore
1378 1893 1544 1924 cognoscent
1557 1896 1652 1916 omnes
1668 1888 1713 1923 qui
1729 1890 1800 1925 ουρ-ς

1004 1942 1101 1965 rantur
1113 1936 1303 1972 iniquitatem?
1320 1935 1370 1963 Cui
1388 1943 1440 1963 nos
1454 1934 1651 1970 respondemus
1661 1944 1672 1966 ε,

1042 2025 1122 2053 Vens.
1144 2025 1181 2071 ἑ
1211 2024 1357 2053 Dominum
1383 2033 1435 2051 non
1458 2025 1660 2054 invocaverunt,
1687 2027 1714 2050 et
1734 2031 1796 2058 que

1004 2069 1160 2107 sequuntur
1171 2073 1197 2098 in
1213 2071 1351 2099 communi
1366 2070 1527 2105 accipimus.
1540 2069 1637 2096 Nonne
1650 2069 1730 2096 iidem
1742 2069 1796 2104 ipsi

1003 2120 1049 2154 qui
1065 2119 1134 2147 olim.
1146 2119 1275 2154 populum
1291 2117 1339 2145 Dei
1354 2117 1432 2152 quasi
1446 2125 1543 2152 panem
1562 2116 1751 2148 comedebant,
1769 2120 1796 2143 et

1005 2171 1143 2198 nunquam
1174 2163 1319 2190 Dominum
1343 2163 1559 2195 invocaverunt,
1583 2162 1692 2189 tandem
1720 2161 1794 2188 illum
1825 2152 1827 2158 λ

1004 2209 1141 2245 cognituri
1154 2209 1235 2237 sunt?
1262 2209 1332 2237 Huic
1346 2209 1453 2236 acciuit
1475 2208 1570 2239 Isaias,
1584 2209 1630 2243 qui
1651 2208 1684 2235 de
1698 2207 1802 2234 iisdem.

1004 2255 1168 2282 vaticinatur
1179 2255 1222 2282 his
1231 2255 1336 2283 verbis:
1350 2254 1450 2288 Quibus
1460 2263 1511 2281 non
1525 2253 1754 2280 annuntiatnmest
1763 2251 1796 2278 de

1004 2310 1043 2333 eo,
1051 2301 1171 2329 videbunt
1182 2309 1189 2327 :
1201 2306 1223 2328 el
1232 2302 1275 2336 qui
1287 2309 1337 2328 non
1345 2301 1495 2332 audierunt,
1509 2299 1651 2333 intelligent
1662 2299 1723 2327 ”.-
1734 2298 1796 2325 Illic

167 2345 245 2372 Ἐκεῖ
258 2345 432 2372 ὲδειυῑίασναν
453 2346 543 2380 φόϐῳ,
570 2343 606 2373 οὗ
636 2347 692 2372 οὐκ
709 2343 747 2380 ἦν
773 2345 874 2379 φόϐος.
889 2346 952 2371 Ὀτι

1006 2346 1200 2381 trepidaverunt
1225 2347 1316 2372 timore
1336 2345 1380 2372 ubi
1409 2354 1460 2373 non
1482 2350 1538 2372 erat
1557 2346 1644 2370 timor.
1663 2343 1795 2376 Quoniam

160 2392 177 2417 ὀ
192 2391 266 2424 Θεὸς
283 2391 319 2418 ὲν
338 2391 426 2426 τενεᾷ
448 2391 557 2425 δικαίᾳ.
578 2391 656 2423 Τίνες
676 2392 704 2418 δὲ
721 2391 777 2418 ἀλλ’
794 2391 810 2426 ἦ
827 2392 851 2417 οἱ
870 2392 952 2427 ἐργα-

161 2437 270 2470 ζόμενοι
290 2437 339 2472 τὴν
356 2437 480 2473 ἀνομίαν,
499 2438 546 2465 καὶ
561 2439 585 2464 οἱ
603 2437 733 2473 πρότερον
750 2437 787 2472 μὴ
807 2436 952 2464 ἐπικαλού-

163 2491 236 2516 μενοι
252 2483 298 2509 τὸν
312 2482 432 2518 Κύριον;
452 2484 528 2510 ἔσται
544 2483 598 2518 γάρ
620 2492 684 2509 ποτε
709 2483 812 2519 καιρὸς,
830 2483 874 2509 ὅτε
890 2484 951 2509 ἐπι-

160 2529 310 2562 γνώσονται
323 2529 414 2560 αὐτὸν,
433 2529 492 2556 καθ’
507 2529 536 2556 ὃν
549 2529 595 2556 καὶ
610 2529 691 2563 φόϐον
705 2528 887 2564 ἁναλήψονται
903 2529 950 2555 τοῦ

160 2575 229 2600 Θεοῦ
240 2575 287 2601 καὶ
296 2575 397 2602 δειλίαν
412 2575 594 2610 ἀγαθήν.“υτι
611 2575 639 2601 δὲ
653 2575 697 2601 τὸν
712 2574 793 2609 φόϐον
807 2574 952 2602 ἀναλαϐεῖν

162 2620 265 2656 Κυρίου
283 2621 384 2655 ἀγαθόν
395 2622 464 2653 ἐστι,
483 2621 561 2656 δῆλον
575 2621 628 2647 ἀπὸ
641 2619 688 2647 τοῦ
701 2620 827 2654 λέγεσθαι
836 2629 842 2636 ·
864 2620 950 2655 Ἀρχὴ

159 2666 273 2701 σοφίας
299 2667 391 2702 φόϐος
403 2668 523 2701 Κυρίου.
540 2668 571 2694 Οἱ
587 2666 744 2702 δηλούμενοι
763 2667 852 2693 τοίνυν
867 2667 950 2702 $061}-

159 2712 288 2748 θήσονται
301 2715 364 2742 ἐκεῖ
376 2713 465 2749 φόϐῳ·
480 2714 603 2740 τουτέστι
617 2714 692 2741 τότε.
704 2713 771 2740 Τίνα
787 2713 815 2739 δὲ
830 2713 950 2749 φοϐηθή-

197 2812 219 2828 ¹³
240 2812 295 2840 Isa.
313 2820 340 2844 ι,
359 2811 425 2845 1,2.
465 2813 485 2828 ¹⁵
506 2811 557 2840 Isa.
577 2820 629 2844 LII,
648 2811 689 2839 15.
731 2813 751 2828 “‘
772 2812 844 2840 Psal.
863 2820 906 2845 cx,
925 2812 966 2839 to.

1007 2392 1135 2420 Domitius
1152 2393 1179 2419 in
1193 2392 1359 2428 generatione
1367 2392 1445 2425 juxta
1458 2396 1507 2419 est.
1524 2390 1640 2424 Quinam
1655 2397 1721 2424 ergo
1742 2390 1795 2417 nisi

1005 2438 1024 2465 ii
1035 2438 1081 2473 qui
1096 2443 1244 2472 operantur
1255 2437 1438 2472 iniquitatem,
1455 2442 1482 2464 et
1499 2436 1544 2471 qui
1556 2436 1633 2470 prius
1650 2435 1794 2462 Dominum

1005 2492 1060 2511 non
1076 2484 1258 2511 invocabant?
1274 2483 1331 2510 Erit
1346 2483 1418 2511 enim
1437 2487 1546 2517 tempus
1562 2490 1617 2517 quo
1628 2485 1796 2516 cognoscent

1005 2529 1092 2558 illum.
1105 2536 1136 2556 ac
1151 2532 1218 2556 tunc
1241 2529 1339 2556 timore
1361 2528 1408 2555 Dei
1434 2527 1632 2562 formidineque
1649 2527 1719 2554 bona
1736 2526 1796 2553 alii-

1006 2575 1123 2602 cientur.
1140 2575 1218 2608 Quod
1231 2579 1320 2602 autem
1341 2575 1425 2609 proba
1445 2582 1491 2602 res
1515 2574 1550 2601 sit
1575 2573 1673 2601 timore
1688 2573 1796 2600 Domini

1006 2621 1089 2653 afﬁci,
1107 2621 1197 2656 palam
1213 2626 1254 2649 est
1269 2629 1301 2648 ex
1317 2620 1394 2648 hisce
1403 2620 1494 2648 verbis
1509 2630 1514 2648 :
1533 2619 1646 2647 Initium
1659 2614 1801 2654 sapientiw:

1006 2667 1084 2693 timor
1099 2666 1204 2694 Domini
1219 2668 1248 2693 '5.
1268 2666 1307 2693 Illi
1326 2667 1417 2701 itaque
1430 2666 1464 2693 de
1483 2666 1584 2701 quibus
1602 2666 1658 2700 jam
1682 2672 1773 2692 sermo
1786 2659 1802 2696 ,’

1005 2714 1070 2746 illic,
1086 2714 1112 2742 id
1134 2719 1185 2746 est,
1199 2719 1260 2741 tum:
1282 2713 1456 2750 trepidabunt
1480 2713 1589 2741 timore.
1605 2711 1692 2746 Quem
1713 2718 1796 2746 porro

193 2902 234 2935 (il
255 2902 514 2935 Προσυπακιιύειν.
527 2902 553 2928 id
569 2906 610 2929 est
631 2901 794 2935 respondere.
813 2901 881 2930 Vile
899 2902 926 2928 in
941 2900 952 2929 (

1002 2902 1115 2929 mastico
1128 2899 1160 2928 ad
1182 2899 1284 2928 calcent
1302 2907 1416 2934 operum
1433 2896 1574 2925 Athanasii
1590 2896 1616 2923 in
1636 2901 1702 2921 uxr.
1719 2891 1798 2923 unus

159 2938 262 2970 ιοΰεεν,
281 2942 308 2965 et
325 2936 480 2969 ὑπακούων,
499 2945 596 2972 supra,
614 2937 646 2964 ad
663 2945 734 2964 vers.
749 2937 775 2964 ἶ.
