  <div class='ocr_page' id='page_1' title='image "/cluster/home/n/w/nwhite01/storage/ocr_20150623/23/njp.32101077772505/081.png"; bbox 0 0 2055 3214; ppageno 0'>
   <div class='ocr_carea' id='block_1_1' title="bbox 270 206 321 234">
    <p class='ocr_par' dir='ltr' id='par_1_1' title="bbox 270 206 321 234">
     <span class='ocr_line' id='line_1_1' title="bbox 270 206 321 234; baseline 0 0"><span class='ocrx_word' id='word_1_1' title='bbox 270 206 321 234; x_wconf 81' lang='grc' dir='ltr'><strong>ΗἹ</strong></span> 
     </span>
    </p>
   </div>
   <div class='ocr_carea' id='block_1_2' title="bbox 267 264 1063 297">
    <p class='ocr_par' dir='ltr' id='par_1_2' title="bbox 267 264 1063 297">
     <span class='ocr_line' id='line_1_2' title="bbox 267 264 1063 297; baseline 0.004 -6"><span class='ocrx_word' id='word_1_2' title='bbox 267 265 403 292; x_wconf 79' lang='lat' dir='ltr'><strong>timebunt</strong></span> <span class='ocrx_word' id='word_1_3' title='bbox 431 264 485 293; x_wconf 90' lang='lat' dir='ltr'><strong>nisi</strong></span> <span class='ocrx_word' id='word_1_4' title='bbox 501 264 667 292; x_wconf 78' lang='lat' dir='ltr'><strong>Dominum?</strong></span> <span class='ocrx_word' id='word_1_5' title='bbox 680 265 738 292; x_wconf 92' lang='lat' dir='ltr'><strong>Illic</strong></span> <span class='ocrx_word' id='word_1_6' title='bbox 754 269 858 297; x_wconf 85' lang='lat' dir='ltr'><strong>autem,</strong></span> <span class='ocrx_word' id='word_1_7' title='bbox 872 265 997 297; x_wconf 88' lang='lat' dir='ltr'><strong>ubinam,</strong></span> <span class='ocrx_word' id='word_1_8' title='bbox 1010 266 1063 294; x_wconf 87' lang='lat' dir='ltr'><strong>nisi</strong></span> 
     </span>
    </p>
   </div>
   <div class='ocr_carea' id='block_1_3' title="bbox 267 311 1058 347">
    <p class='ocr_par' dir='ltr' id='par_1_3' title="bbox 267 311 1058 347">
     <span class='ocr_line' id='line_1_3' title="bbox 267 311 1058 347; baseline 0.001 -9"><span class='ocrx_word' id='word_1_9' title='bbox 267 311 295 339; x_wconf 91' lang='lat' dir='ltr'><strong>in</strong></span> <span class='ocrx_word' id='word_1_10' title='bbox 318 319 350 340; x_wconf 85' lang='lat' dir='ltr'><strong>ea</strong></span> <span class='ocrx_word' id='word_1_11' title='bbox 378 319 438 346; x_wconf 64' lang='lat' dir='ltr'><strong>quae</strong></span> <span class='ocrx_word' id='word_1_12' title='bbox 462 315 578 340; x_wconf 85' lang='lat' dir='ltr'><strong>ventura</strong></span> <span class='ocrx_word' id='word_1_13' title='bbox 599 315 641 339; x_wconf 85' lang='lat' dir='ltr'><strong>est</strong></span> <span class='ocrx_word' id='word_1_14' title='bbox 665 311 856 347; x_wconf 80' lang='lat' dir='ltr'><strong>generatione?</strong></span> <span class='ocrx_word' id='word_1_15' title='bbox 882 313 1058 346; x_wconf 86' lang='lat' dir='ltr'><strong>quamobrem</strong></span> 
     </span>
    </p>
   </div>
   <div class='ocr_carea' id='block_1_4' title="bbox 266 357 424 393">
    <p class='ocr_par' dir='ltr' id='par_1_4' title="bbox 266 357 424 393">
     <span class='ocr_line' id='line_1_4' title="bbox 266 357 424 393; baseline 0.006 -9"><span class='ocrx_word' id='word_1_16' title='bbox 266 357 407 393; x_wconf 76' lang='lat' dir='ltr'><strong>subjungit</strong></span> <span class='ocrx_word' id='word_1_17' title='bbox 416 367 424 385; x_wconf 86' lang='lat'><strong>:</strong></span> 
     </span>
    </p>
   </div>
   <div class='ocr_carea' id='block_1_5' title="bbox 303 403 1060 440">
    <p class='ocr_par' dir='ltr' id='par_1_5' title="bbox 303 403 1060 440">
     <span class='ocr_line' id='line_1_5' title="bbox 303 403 1060 440; baseline 0 -8"><span class='ocrx_word' id='word_1_18' title='bbox 303 403 386 432; x_wconf 74' lang='lat' dir='ltr'><strong>Vens.</strong></span> <span class='ocrx_word' id='word_1_19' title='bbox 403 404 432 432; x_wconf 87' lang='lat'><strong>6.</strong></span> <span class='ocrx_word' id='word_1_20' title='bbox 453 404 587 437; x_wconf 80' lang='lat' dir='ltr'><strong>Quoniam</strong></span> <span class='ocrx_word' id='word_1_21' title='bbox 610 403 739 431; x_wconf 75' lang='lat' dir='ltr'><strong>Dominus</strong></span> <span class='ocrx_word' id='word_1_22' title='bbox 757 404 786 431; x_wconf 82' lang='lat' dir='ltr'><strong>in</strong></span> <span class='ocrx_word' id='word_1_23' title='bbox 801 406 968 439; x_wconf 80' lang='lat' dir='ltr'><strong>generatione</strong></span> <span class='ocrx_word' id='word_1_24' title='bbox 983 406 1060 440; x_wconf 79' lang='lat' dir='ltr'><strong>justa</strong></span> 
     </span>
    </p>
   </div>
   <div class='ocr_carea' id='block_1_6' title="bbox 265 451 1060 486">
    <p class='ocr_par' dir='ltr' id='par_1_6' title="bbox 265 451 1060 486">
     <span class='ocr_line' id='line_1_6' title="bbox 265 451 1060 486; baseline 0.003 -7"><span class='ocrx_word' id='word_1_25' title='bbox 265 456 315 479; x_wconf 75' lang='grc' dir='ltr'>εει.</span> <span class='ocrx_word' id='word_1_26' title='bbox 332 451 480 479; x_wconf 78' lang='lat' dir='ltr'><strong>Consilium</strong></span> <span class='ocrx_word' id='word_1_27' title='bbox 499 452 585 486; x_wconf 76' lang='lat' dir='ltr'><strong>inopis</strong></span> <span class='ocrx_word' id='word_1_28' title='bbox 606 451 765 486; x_wconf 68' lang='lat' dir='ltr'><strong>confudisti;</strong></span> <span class='ocrx_word' id='word_1_29' title='bbox 778 472 785 484; x_wconf 86' lang='lat'><strong>,</strong></span> <span class='ocrx_word' id='word_1_30' title='bbox 814 451 944 480; x_wconf 80' lang='lat' dir='ltr'><strong>Dominus</strong></span> <span class='ocrx_word' id='word_1_31' title='bbox 971 459 1060 481; x_wconf 85' lang='lat' dir='ltr'><strong>autem</strong></span> 
     </span>
    </p>
   </div>
   <div class='ocr_carea' id='block_1_7' title="bbox 265 497 1060 534">
    <p class='ocr_par' dir='ltr' id='par_1_7' title="bbox 265 497 1060 534">
     <span class='ocr_line' id='line_1_7' title="bbox 265 497 1060 534; baseline 0.004 -9"><span class='ocrx_word' id='word_1_32' title='bbox 265 505 324 532; x_wconf 75' lang='lat' dir='ltr'><strong>spes</strong></span> <span class='ocrx_word' id='word_1_33' title='bbox 337 498 395 532; x_wconf 76' lang='lat' dir='ltr'><strong>ejus</strong></span> <span class='ocrx_word' id='word_1_34' title='bbox 409 501 458 525; x_wconf 76' lang='lat' dir='ltr'><strong>est.</strong></span> <span class='ocrx_word' id='word_1_35' title='bbox 476 497 713 530; x_wconf 80' lang='lat' dir='ltr'><strong>Quemadmodum</strong></span> <span class='ocrx_word' id='word_1_36' title='bbox 730 498 757 525; x_wconf 91' lang='lat' dir='ltr'><strong>in</strong></span> <span class='ocrx_word' id='word_1_37' title='bbox 775 498 837 525; x_wconf 82' lang='lat' dir='ltr'><strong>aliis</strong></span> <span class='ocrx_word' id='word_1_38' title='bbox 855 507 964 534; x_wconf 89' lang='lat' dir='ltr'><strong>quoque</strong></span> <span class='ocrx_word' id='word_1_39' title='bbox 985 500 1060 534; x_wconf 86' lang='lat' dir='ltr'><strong>judi-</strong></span> 
     </span>
    </p>
   </div>
   <div class='ocr_carea' id='block_1_8' title="bbox 265 543 1059 579">
    <p class='ocr_par' dir='ltr' id='par_1_8' title="bbox 265 543 1059 579">
     <span class='ocr_line' id='line_1_8' title="bbox 265 543 1059 579; baseline 0.003 -8"><span class='ocrx_word' id='word_1_40' title='bbox 265 545 327 576; x_wconf 82' lang='lat' dir='ltr'><strong>ciis.</strong></span> <span class='ocrx_word' id='word_1_41' title='bbox 361 551 422 579; x_wconf 62' lang='lat' dir='ltr'><strong>quae</strong></span> <span class='ocrx_word' id='word_1_42' title='bbox 443 543 478 571; x_wconf 86' lang='lat' dir='ltr'><strong>de</strong></span> <span class='ocrx_word' id='word_1_43' title='bbox 503 543 693 572; x_wconf 65' lang='lat' dir='ltr'><strong>contractibus</strong></span> <span class='ocrx_word' id='word_1_44' title='bbox 721 547 748 571; x_wconf 87' lang='lat' dir='ltr'><strong>et</strong></span> <span class='ocrx_word' id='word_1_45' title='bbox 775 543 808 571; x_wconf 90' lang='lat' dir='ltr'><strong>de</strong></span> <span class='ocrx_word' id='word_1_46' title='bbox 827 546 992 572; x_wconf 87' lang='lat' dir='ltr'><strong>commercio</strong></span> <span class='ocrx_word' id='word_1_47' title='bbox 1020 545 1059 573; x_wconf 46' lang='lat' dir='ltr'><strong>fe‘</strong></span> 
     </span>
    </p>
   </div>
   <div class='ocr_carea' id='block_1_9' title="bbox 264 589 1058 624">
    <p class='ocr_par' dir='ltr' id='par_1_9' title="bbox 264 589 1058 624">
     <span class='ocr_line' id='line_1_9' title="bbox 264 589 1058 624; baseline 0.004 -8"><span class='ocrx_word' id='word_1_48' title='bbox 264 593 374 621; x_wconf 87' lang='lat' dir='ltr'><strong>runtur,</strong></span> <span class='ocrx_word' id='word_1_49' title='bbox 393 589 466 616; x_wconf 84' lang='lat' dir='ltr'><strong>nulla</strong></span> <span class='ocrx_word' id='word_1_50' title='bbox 483 589 608 617; x_wconf 87' lang='lat' dir='ltr'><strong>habenda</strong></span> <span class='ocrx_word' id='word_1_51' title='bbox 634 594 676 617; x_wconf 90' lang='lat' dir='ltr'><strong>est</strong></span> <span class='ocrx_word' id='word_1_52' title='bbox 696 597 878 624; x_wconf 87' lang='lat' dir='ltr'><strong>personarum</strong></span> <span class='ocrx_word' id='word_1_53' title='bbox 904 591 990 624; x_wconf 86' lang='lat' dir='ltr'><strong>ratio;</strong></span> <span class='ocrx_word' id='word_1_54' title='bbox 1018 592 1058 619; x_wconf 89' lang='lat' dir='ltr'><strong>sic</strong></span> 
     </span>
    </p>
   </div>
   <div class='ocr_carea' id='block_1_10' title="bbox 264 635 1056 669">
    <p class='ocr_par' dir='ltr' id='par_1_10' title="bbox 264 635 1056 669">
     <span class='ocr_line' id='line_1_10' title="bbox 264 635 1056 669; baseline 0.004 -8"><span class='ocrx_word' id='word_1_55' title='bbox 264 635 292 662; x_wconf 89' lang='lat' dir='ltr'><strong>in</strong></span> <span class='ocrx_word' id='word_1_56' title='bbox 311 635 639 666; x_wconf 89' lang='lat' dir='ltr'><strong>consultationibus,non</strong></span> <span class='ocrx_word' id='word_1_57' title='bbox 653 635 811 669; x_wconf 86' lang='lat' dir='ltr'><strong>imperium,</strong></span> <span class='ocrx_word' id='word_1_58' title='bbox 828 643 883 663; x_wconf 93' lang='lat' dir='ltr'><strong>non</strong></span> <span class='ocrx_word' id='word_1_59' title='bbox 901 635 1056 668; x_wconf 73' lang='lat' dir='ltr'><strong>facultates.</strong></span> 
     </span>
    </p>
   </div>
   <div class='ocr_carea' id='block_1_11' title="bbox 264 680 1060 718">
    <p class='ocr_par' dir='ltr' id='par_1_11' title="bbox 264 680 1060 718">
     <span class='ocr_line' id='line_1_11' title="bbox 264 680 1060 718; baseline 0.003 -10"><span class='ocrx_word' id='word_1_60' title='bbox 264 680 313 708; x_wconf 86' lang='lat' dir='ltr'><strong>sed</strong></span> <span class='ocrx_word' id='word_1_61' title='bbox 329 689 407 709; x_wconf 90' lang='lat' dir='ltr'><strong>mens</strong></span> <span class='ocrx_word' id='word_1_62' title='bbox 422 685 495 708; x_wconf 89' lang='lat' dir='ltr'><strong>recte</strong></span> <span class='ocrx_word' id='word_1_63' title='bbox 513 681 636 709; x_wconf 83' lang='lat' dir='ltr'><strong>instituta</strong></span> <span class='ocrx_word' id='word_1_64' title='bbox 650 681 792 716; x_wconf 80' lang='lat' dir='ltr'><strong>proboque</strong></span> <span class='ocrx_word' id='word_1_65' title='bbox 808 683 978 710; x_wconf 75' lang='lat' dir='ltr'><strong>conscientia</strong></span> <span class='ocrx_word' id='word_1_66' title='bbox 997 691 1060 718; x_wconf 89' lang='lat' dir='ltr'><strong>spe-</strong></span> 
     </span>
    </p>
   </div>
   <div class='ocr_carea' id='block_1_12' title="bbox 263 727 1057 763">
    <p class='ocr_par' dir='ltr' id='par_1_12' title="bbox 263 727 1057 763">
     <span class='ocr_line' id='line_1_12' title="bbox 263 727 1057 763; baseline 0.001 -8"><span class='ocrx_word' id='word_1_67' title='bbox 263 727 363 755; x_wconf 84' lang='lat' dir='ltr'><strong>ctanda</strong></span> <span class='ocrx_word' id='word_1_68' title='bbox 382 731 435 755; x_wconf 79' lang='lat' dir='ltr'><strong>est.</strong></span> <span class='ocrx_word' id='word_1_69' title='bbox 453 727 517 755; x_wconf 64' lang='lat' dir='ltr'><strong>Haec</strong></span> <span class='ocrx_word' id='word_1_70' title='bbox 532 735 615 763; x_wconf 89' lang='lat' dir='ltr'><strong>porro</strong></span> <span class='ocrx_word' id='word_1_71' title='bbox 633 735 693 762; x_wconf 66' lang='lat' dir='ltr'><strong>quae</strong></span> <span class='ocrx_word' id='word_1_72' title='bbox 718 727 775 762; x_wconf 81' lang='lat' dir='ltr'><strong>jam</strong></span> <span class='ocrx_word' id='word_1_73' title='bbox 803 728 945 763; x_wconf 87' lang='lat' dir='ltr'><strong>proposita</strong></span> <span class='ocrx_word' id='word_1_74' title='bbox 972 733 1057 762; x_wconf 87' lang='lat' dir='ltr'><strong>sunt,</strong></span> 
     </span>
    </p>
   </div>
   <div class='ocr_carea' id='block_1_13' title="bbox 263 773 1058 809">
    <p class='ocr_par' dir='ltr' id='par_1_13' title="bbox 263 773 1058 809">
     <span class='ocr_line' id='line_1_13' title="bbox 263 773 1058 809; baseline 0.004 -9"><span class='ocrx_word' id='word_1_75' title='bbox 263 777 381 809; x_wconf 89' lang='lat' dir='ltr'><strong>possunt</strong></span> <span class='ocrx_word' id='word_1_76' title='bbox 393 782 453 801; x_wconf 84' lang='lat' dir='ltr'><strong>mea</strong></span> <span class='ocrx_word' id='word_1_77' title='bbox 468 773 578 809; x_wconf 86' lang='lat' dir='ltr'><strong>quidem</strong></span> <span class='ocrx_word' id='word_1_78' title='bbox 590 774 727 801; x_wconf 75' lang='lat' dir='ltr'><strong>sententia</strong></span> <span class='ocrx_word' id='word_1_79' title='bbox 741 773 775 801; x_wconf 90' lang='lat' dir='ltr'><strong>de</strong></span> <span class='ocrx_word' id='word_1_80' title='bbox 787 773 891 802; x_wconf 66' lang='lat' dir='ltr'><strong>Iudaeis</strong></span> <span class='ocrx_word' id='word_1_81' title='bbox 907 774 1058 803; x_wconf 89' lang='lat' dir='ltr'><strong>Salvatoris</strong></span> 
     </span>
    </p>
   </div>
   <div class='ocr_carea' id='block_1_14' title="bbox 262 820 1059 855">
    <p class='ocr_par' dir='ltr' id='par_1_14' title="bbox 262 820 1059 855">
     <span class='ocr_line' id='line_1_14' title="bbox 262 820 1059 855; baseline 0 -8"><span class='ocrx_word' id='word_1_82' title='bbox 262 820 408 848; x_wconf 87' lang='lat' dir='ltr'><strong>consilium</strong></span> <span class='ocrx_word' id='word_1_83' title='bbox 424 820 594 848; x_wconf 77' lang='lat' dir='ltr'><strong>confundere</strong></span> <span class='ocrx_word' id='word_1_84' title='bbox 606 820 772 847; x_wconf 76' lang='lat' dir='ltr'><strong>conantibus</strong></span> <span class='ocrx_word' id='word_1_85' title='bbox 788 820 887 855; x_wconf 85' lang='lat' dir='ltr'><strong>accipi,</strong></span> <span class='ocrx_word' id='word_1_86' title='bbox 901 821 965 855; x_wconf 86' lang='lat' dir='ltr'><strong>quia</strong></span> <span class='ocrx_word' id='word_1_87' title='bbox 979 826 1059 855; x_wconf 58' lang='lat' dir='ltr'><strong>puta»</strong></span> 
     </span>
    </p>
   </div>
   <div class='ocr_carea' id='block_1_15' title="bbox 262 866 1056 901">
    <p class='ocr_par' dir='ltr' id='par_1_15' title="bbox 262 866 1056 901">
     <span class='ocr_line' id='line_1_15' title="bbox 262 866 1056 901; baseline 0.001 -8"><span class='ocrx_word' id='word_1_88' title='bbox 262 871 324 893; x_wconf 90' lang='lat' dir='ltr'><strong>rent</strong></span> <span class='ocrx_word' id='word_1_89' title='bbox 335 866 425 901; x_wconf 86' lang='lat' dir='ltr'><strong>ipsum</strong></span> <span class='ocrx_word' id='word_1_90' title='bbox 443 874 505 894; x_wconf 86' lang='lat' dir='ltr'><strong>esse</strong></span> <span class='ocrx_word' id='word_1_91' title='bbox 521 866 631 901; x_wconf 85' lang='lat' dir='ltr'><strong>inopem</strong></span> <span class='ocrx_word' id='word_1_92' title='bbox 646 866 748 898; x_wconf 84' lang='lat' dir='ltr'><strong>virum,</strong></span> <span class='ocrx_word' id='word_1_93' title='bbox 766 874 816 893; x_wconf 91' lang='lat' dir='ltr'><strong>nec</strong></span> <span class='ocrx_word' id='word_1_94' title='bbox 835 866 995 894; x_wconf 85' lang='lat' dir='ltr'><strong>thesaurum</strong></span> <span class='ocrx_word' id='word_1_95' title='bbox 1013 867 1056 894; x_wconf 85' lang='lat' dir='ltr'><strong>di-</strong></span> 
     </span>
    </p>
   </div>
   <div class='ocr_carea' id='block_1_16' title="bbox 261 910 1057 947">
    <p class='ocr_par' dir='ltr' id='par_1_16' title="bbox 261 910 1057 947">
     <span class='ocr_line' id='line_1_16' title="bbox 261 910 1057 947; baseline 0 -9"><span class='ocrx_word' id='word_1_96' title='bbox 261 911 385 938; x_wconf 82' lang='lat' dir='ltr'><strong>vinitatis</strong></span> <span class='ocrx_word' id='word_1_97' title='bbox 398 915 556 947; x_wconf 84' lang='lat' dir='ltr'><strong>pensarent.</strong></span> <span class='ocrx_word' id='word_1_98' title='bbox 570 910 591 938; x_wconf 91' lang='lat' dir='ltr'><strong>Ii</strong></span> <span class='ocrx_word' id='word_1_99' title='bbox 606 911 700 946; x_wconf 77' lang='lat' dir='ltr'><strong>itaque</strong></span> <span class='ocrx_word' id='word_1_100' title='bbox 716 912 849 939; x_wconf 75' lang='lat' dir='ltr'><strong>doctrinae</strong></span> <span class='ocrx_word' id='word_1_101' title='bbox 864 911 938 939; x_wconf 90' lang='lat' dir='ltr'><strong>illius</strong></span> <span class='ocrx_word' id='word_1_102' title='bbox 950 919 1057 947; x_wconf 86' lang='lat' dir='ltr'><strong>semper</strong></span> 
     </span>
    </p>
   </div>
   <div class='ocr_carea' id='block_1_17' title="bbox 261 957 1057 993">
    <p class='ocr_par' dir='ltr' id='par_1_17' title="bbox 261 957 1057 993">
     <span class='ocr_line' id='line_1_17' title="bbox 261 957 1057 993; baseline 0.003 -9"><span class='ocrx_word' id='word_1_103' title='bbox 261 957 473 989; x_wconf 82' lang='lat' dir='ltr'><strong>contradicunt;</strong></span> <span class='ocrx_word' id='word_1_104' title='bbox 490 965 523 985; x_wconf 87' lang='lat' dir='ltr'><strong>ac</strong></span> <span class='ocrx_word' id='word_1_105' title='bbox 538 958 736 985; x_wconf 81' lang='lat' dir='ltr'><strong>miraculorum</strong></span> <span class='ocrx_word' id='word_1_106' title='bbox 758 958 892 990; x_wconf 75' lang='lat' dir='ltr'><strong>virtutes,</strong></span> <span class='ocrx_word' id='word_1_107' title='bbox 908 959 986 993; x_wconf 90' lang='lat' dir='ltr'><strong>quasi</strong></span> <span class='ocrx_word' id='word_1_108' title='bbox 1001 966 1057 986; x_wconf 85' lang='lat' dir='ltr'><strong>non</strong></span> 
     </span>
    </p>
   </div>
   <div class='ocr_carea' id='block_1_18' title="bbox 260 1003 1057 1039">
    <p class='ocr_par' dir='ltr' id='par_1_18' title="bbox 260 1003 1057 1039">
     <span class='ocr_line' id='line_1_18' title="bbox 260 1003 1057 1039; baseline 0.003 -9"><span class='ocrx_word' id='word_1_109' title='bbox 260 1003 354 1030; x_wconf 82' lang='lat' dir='ltr'><strong>divina</strong></span> <span class='ocrx_word' id='word_1_110' title='bbox 369 1003 408 1035; x_wconf 88' lang='lat' dir='ltr'><strong>vi,</strong></span> <span class='ocrx_word' id='word_1_111' title='bbox 424 1003 472 1031; x_wconf 85' lang='lat' dir='ltr'><strong>sed</strong></span> <span class='ocrx_word' id='word_1_112' title='bbox 495 1003 549 1030; x_wconf 85' lang='lat' dir='ltr'><strong>alia</strong></span> <span class='ocrx_word' id='word_1_113' title='bbox 566 1004 695 1039; x_wconf 87' lang='lat' dir='ltr'><strong>quapiatn</strong></span> <span class='ocrx_word' id='word_1_114' title='bbox 711 1004 817 1031; x_wconf 86' lang='lat' dir='ltr'><strong>ratione</strong></span> <span class='ocrx_word' id='word_1_115' title='bbox 830 1004 984 1037; x_wconf 74' lang='lat' dir='ltr'><strong>exhibitas,</strong></span> <span class='ocrx_word' id='word_1_116' title='bbox 1009 1012 1057 1032; x_wconf 85' lang='lat' dir='ltr'><strong>ca-</strong></span> 
     </span>
    </p>
   </div>
   <div class='ocr_carea' id='block_1_19' title="bbox 260 1049 443 1078">
    <p class='ocr_par' dir='ltr' id='par_1_19' title="bbox 260 1049 443 1078">
     <span class='ocr_line' id='line_1_19' title="bbox 260 1049 443 1078; baseline 0.005 -2"><span class='ocrx_word' id='word_1_117' title='bbox 260 1049 443 1078; x_wconf 86' lang='lat' dir='ltr'><strong>Iumniantur.</strong></span> 
     </span>
    </p>
   </div>
   <div class='ocr_carea' id='block_1_20' title="bbox 297 1095 1055 1130">
    <p class='ocr_par' dir='ltr' id='par_1_20' title="bbox 297 1095 1055 1130">
     <span class='ocr_line' id='line_1_20' title="bbox 297 1095 1055 1130; baseline 0.003 -7"><span class='ocrx_word' id='word_1_118' title='bbox 297 1095 380 1124; x_wconf 73' lang='lat' dir='ltr'><strong>Vens.</strong></span> <span class='ocrx_word' id='word_1_119' title='bbox 402 1097 428 1124; x_wconf 92' lang='grc'><strong>’1.</strong></span> <span class='ocrx_word' id='word_1_120' title='bbox 450 1096 516 1130; x_wconf 72' lang='lat' dir='ltr'><strong>Quis</strong></span> <span class='ocrx_word' id='word_1_121' title='bbox 530 1096 604 1123; x_wconf 82' lang='lat' dir='ltr'><strong>dabit</strong></span> <span class='ocrx_word' id='word_1_122' title='bbox 619 1105 651 1124; x_wconf 71' lang='lat' dir='ltr'><strong>ea:</strong></span> <span class='ocrx_word' id='word_1_123' title='bbox 666 1096 729 1125; x_wconf 88' lang='lat' dir='ltr'><strong>Sion</strong></span> <span class='ocrx_word' id='word_1_124' title='bbox 741 1098 860 1125; x_wconf 76' lang='lat' dir='ltr'><strong>salutare</strong></span> <span class='ocrx_word' id='word_1_125' title='bbox 878 1097 986 1125; x_wconf 79' lang='lat' dir='ltr'><strong>Israel?</strong></span> <span class='ocrx_word' id='word_1_126' title='bbox 996 1106 1055 1125; x_wconf 80' lang='lat' dir='ltr'><strong>cum</strong></span> 
     </span>
    </p>
   </div>
   <div class='ocr_carea' id='block_1_21' title="bbox 259 1141 1056 1178">
    <p class='ocr_par' dir='ltr' id='par_1_21' title="bbox 259 1141 1056 1178">
     <span class='ocr_line' id='line_1_21' title="bbox 259 1141 1056 1178; baseline 0.001 -9"><span class='ocrx_word' id='word_1_127' title='bbox 259 1142 386 1169; x_wconf 78' lang='lat' dir='ltr'><strong>averterit</strong></span> <span class='ocrx_word' id='word_1_128' title='bbox 399 1141 528 1169; x_wconf 80' lang='lat' dir='ltr'><strong>Dominus</strong></span> <span class='ocrx_word' id='word_1_129' title='bbox 553 1143 733 1177; x_wconf 79' lang='lat' dir='ltr'><strong>captivitatem</strong></span> <span class='ocrx_word' id='word_1_130' title='bbox 755 1143 838 1178; x_wconf 79' lang='lat' dir='ltr'><strong>plebis</strong></span> <span class='ocrx_word' id='word_1_131' title='bbox 854 1152 920 1176; x_wconf 69' lang='lat' dir='ltr'><strong>sum,</strong></span> <span class='ocrx_word' id='word_1_132' title='bbox 937 1144 1056 1171; x_wconf 77' lang='lat' dir='ltr'><strong>exsulta-</strong></span> 
     </span>
    </p>
   </div>
   <div class='ocr_carea' id='block_1_22' title="bbox 260 1188 1056 1218">
    <p class='ocr_par' dir='ltr' id='par_1_22' title="bbox 260 1188 1056 1218">
     <span class='ocr_line' id='line_1_22' title="bbox 260 1188 1056 1218; baseline 0.005 -4"><span class='ocrx_word' id='word_1_133' title='bbox 260 1188 298 1215; x_wconf 81' lang='lat' dir='ltr'><strong>bit</strong></span> <span class='ocrx_word' id='word_1_134' title='bbox 317 1188 401 1216; x_wconf 85' lang='lat' dir='ltr'><strong>Iacob</strong></span> <span class='ocrx_word' id='word_1_135' title='bbox 418 1193 443 1216; x_wconf 80' lang='lat' dir='ltr'><strong>et</strong></span> <span class='ocrx_word' id='word_1_136' title='bbox 463 1189 599 1216; x_wconf 65' lang='lat' dir='ltr'><strong>la&#39;tabitur</strong></span> <span class='ocrx_word' id='word_1_137' title='bbox 614 1189 713 1217; x_wconf 77' lang='lat' dir='ltr'><strong>Israel.</strong></span> <span class='ocrx_word' id='word_1_138' title='bbox 736 1189 805 1217; x_wconf 88' lang='lat' dir='ltr'><strong>Cum</strong></span> <span class='ocrx_word' id='word_1_139' title='bbox 823 1198 921 1218; x_wconf 89' lang='lat' dir='ltr'><strong>omnes</strong></span> <span class='ocrx_word' id='word_1_140' title='bbox 945 1199 998 1218; x_wconf 88' lang='lat' dir='ltr'><strong>una</strong></span> <span class='ocrx_word' id='word_1_141' title='bbox 1011 1191 1056 1218; x_wconf 83' lang='lat' dir='ltr'><strong>de-</strong></span> 
     </span>
    </p>
   </div>
   <div class='ocr_carea' id='block_1_23' title="bbox 258 1234 1055 1271">
    <p class='ocr_par' dir='ltr' id='par_1_23' title="bbox 258 1234 1055 1271">
     <span class='ocr_line' id='line_1_23' title="bbox 258 1234 1055 1271; baseline 0.004 -11"><span class='ocrx_word' id='word_1_142' title='bbox 258 1234 410 1262; x_wconf 80' lang='lat' dir='ltr'><strong>clinassent</strong></span> <span class='ocrx_word' id='word_1_143' title='bbox 423 1237 450 1261; x_wconf 84' lang='lat' dir='ltr'><strong>et</strong></span> <span class='ocrx_word' id='word_1_144' title='bbox 473 1235 583 1262; x_wconf 86' lang='lat' dir='ltr'><strong>inutiles</strong></span> <span class='ocrx_word' id='word_1_145' title='bbox 601 1235 665 1262; x_wconf 84' lang='lat' dir='ltr'><strong>facti</strong></span> <span class='ocrx_word' id='word_1_146' title='bbox 679 1238 782 1269; x_wconf 92' lang='lat' dir='ltr'><strong>essent,</strong></span> <span class='ocrx_word' id='word_1_147' title='bbox 796 1235 854 1270; x_wconf 86' lang='lat' dir='ltr'><strong>jam</strong></span> <span class='ocrx_word' id='word_1_148' title='bbox 872 1240 978 1271; x_wconf 87' lang='lat' dir='ltr'><strong>tempus</strong></span> <span class='ocrx_word' id='word_1_149' title='bbox 1006 1236 1055 1263; x_wconf 89' lang='lat' dir='ltr'><strong>ad-</strong></span> 
     </span>
    </p>
   </div>
   <div class='ocr_carea' id='block_1_24' title="bbox 258 1281 1055 1316">
    <p class='ocr_par' dir='ltr' id='par_1_24' title="bbox 258 1281 1055 1316">
     <span class='ocr_line' id='line_1_24' title="bbox 258 1281 1055 1316; baseline 0.003 -9"><span class='ocrx_word' id='word_1_150' title='bbox 258 1285 328 1313; x_wconf 79' lang='lat' dir='ltr'><strong>orat,</strong></span> <span class='ocrx_word' id='word_1_151' title='bbox 344 1285 374 1308; x_wconf 92' lang='lat' dir='ltr'><strong>ut</strong></span> <span class='ocrx_word' id='word_1_152' title='bbox 391 1281 424 1308; x_wconf 90' lang='lat' dir='ltr'><strong>ad</strong></span> <span class='ocrx_word' id='word_1_153' title='bbox 442 1281 610 1316; x_wconf 85' lang='lat' dir='ltr'><strong>precandum</strong></span> <span class='ocrx_word' id='word_1_154' title='bbox 633 1289 788 1310; x_wconf 87' lang='lat' dir='ltr'><strong>sermonem</strong></span> <span class='ocrx_word' id='word_1_155' title='bbox 813 1286 949 1316; x_wconf 81' lang='lat' dir='ltr'><strong>verteret;</strong></span> <span class='ocrx_word' id='word_1_156' title='bbox 967 1282 1004 1309; x_wconf 87' lang='lat' dir='ltr'><strong>ita</strong></span> <span class='ocrx_word' id='word_1_157' title='bbox 1024 1285 1055 1309; x_wconf 83' lang='lat' dir='ltr'><strong>ut</strong></span> 
     </span>
    </p>
   </div>
   <div class='ocr_carea' id='block_1_25' title="bbox 258 1327 1055 1363">
    <p class='ocr_par' dir='ltr' id='par_1_25' title="bbox 258 1327 1055 1363">
     <span class='ocr_line' id='line_1_25' title="bbox 258 1327 1055 1363; baseline 0.004 -10"><span class='ocrx_word' id='word_1_158' title='bbox 258 1335 311 1354; x_wconf 81' lang='lat' dir='ltr'><strong>ceu</strong></span> <span class='ocrx_word' id='word_1_159' title='bbox 335 1327 471 1362; x_wconf 78' lang='lat' dir='ltr'><strong>legatione</strong></span> <span class='ocrx_word' id='word_1_160' title='bbox 501 1332 629 1363; x_wconf 78' lang='lat' dir='ltr'><strong>suscepta</strong></span> <span class='ocrx_word' id='word_1_161' title='bbox 651 1328 812 1356; x_wconf 84' lang='lat' dir='ltr'><strong>diceretur:</strong></span> <span class='ocrx_word' id='word_1_162' title='bbox 841 1328 908 1362; x_wconf 75' lang='lat' dir='ltr'><strong>Quis</strong></span> <span class='ocrx_word' id='word_1_163' title='bbox 930 1328 1004 1356; x_wconf 80' lang='lat' dir='ltr'><strong>dabit</strong></span> <span class='ocrx_word' id='word_1_164' title='bbox 1022 1337 1055 1356; x_wconf 74' lang='lat' dir='ltr'><strong>ea:</strong></span> 
     </span>
    </p>
   </div>
   <div class='ocr_carea' id='block_1_26' title="bbox 259 1373 1054 1411">
    <p class='ocr_par' dir='ltr' id='par_1_26' title="bbox 259 1373 1054 1411">
     <span class='ocr_line' id='line_1_26' title="bbox 259 1373 1054 1411; baseline 0.003 -10"><span class='ocrx_word' id='word_1_165' title='bbox 259 1374 325 1402; x_wconf 83' lang='lat' dir='ltr'><strong>Sion</strong></span> <span class='ocrx_word' id='word_1_166' title='bbox 339 1374 459 1401; x_wconf 79' lang='lat' dir='ltr'><strong>salutare</strong></span> <span class='ocrx_word' id='word_1_167' title='bbox 483 1373 590 1401; x_wconf 64' lang='lat' dir='ltr'><strong>Israel?</strong></span> <span class='ocrx_word' id='word_1_168' title='bbox 604 1374 666 1409; x_wconf 86' lang='lat' dir='ltr'><strong>Ipso</strong></span> <span class='ocrx_word' id='word_1_169' title='bbox 682 1375 755 1402; x_wconf 89' lang='lat' dir='ltr'><strong>enim</strong></span> <span class='ocrx_word' id='word_1_170' title='bbox 773 1375 887 1402; x_wconf 88' lang='lat' dir='ltr'><strong>salutari</strong></span> <span class='ocrx_word' id='word_1_171' title='bbox 901 1379 968 1403; x_wconf 92' lang='lat' dir='ltr'><strong>tunc</strong></span> <span class='ocrx_word' id='word_1_172' title='bbox 984 1383 1054 1411; x_wconf 87' lang='lat' dir='ltr'><strong>opus</strong></span> 
     </span>
    </p>
   </div>
   <div class='ocr_carea' id='block_1_27' title="bbox 258 1421 1054 1457">
    <p class='ocr_par' dir='ltr' id='par_1_27' title="bbox 258 1421 1054 1457">
     <span class='ocr_line' id='line_1_27' title="bbox 258 1421 1054 1457; baseline 0 -9"><span class='ocrx_word' id='word_1_173' title='bbox 258 1421 414 1457; x_wconf 86' lang='lat' dir='ltr'><strong>eral,quod</strong></span> <span class='ocrx_word' id='word_1_174' title='bbox 435 1426 611 1456; x_wconf 87' lang='lat' dir='ltr'><strong>peccatorum</strong></span> <span class='ocrx_word' id='word_1_175' title='bbox 629 1421 824 1449; x_wconf 87' lang='lat' dir='ltr'><strong>remissionem</strong></span> <span class='ocrx_word' id='word_1_176' title='bbox 850 1421 1000 1455; x_wconf 80' lang='lat' dir='ltr'><strong>tribueret,</strong></span> <span class='ocrx_word' id='word_1_177' title='bbox 1027 1425 1054 1449; x_wconf 87' lang='lat' dir='ltr'><strong>et</strong></span> 
     </span>
    </p>
   </div>
   <div class='ocr_carea' id='block_1_28' title="bbox 257 1467 1054 1504">
    <p class='ocr_par' dir='ltr' id='par_1_28' title="bbox 257 1467 1054 1504">
     <span class='ocr_line' id='line_1_28' title="bbox 257 1467 1054 1504; baseline 0.003 -10"><span class='ocrx_word' id='word_1_178' title='bbox 257 1472 355 1498; x_wconf 87' lang='lat' dir='ltr'><strong>auctor</strong></span> <span class='ocrx_word' id='word_1_179' title='bbox 370 1467 467 1497; x_wconf 83' lang='lat' dir='ltr'><strong>salutis</strong></span> <span class='ocrx_word' id='word_1_180' title='bbox 481 1472 563 1495; x_wconf 85' lang='lat' dir='ltr'><strong>esset.</strong></span> <span class='ocrx_word' id='word_1_181' title='bbox 589 1467 708 1503; x_wconf 89' lang='lat' dir='ltr'><strong>ldipsum</strong></span> <span class='ocrx_word' id='word_1_182' title='bbox 731 1469 852 1496; x_wconf 86' lang='lat' dir='ltr'><strong>salutare</strong></span> <span class='ocrx_word' id='word_1_183' title='bbox 872 1469 944 1504; x_wconf 84' lang='lat' dir='ltr'><strong>quod</strong></span> <span class='ocrx_word' id='word_1_184' title='bbox 955 1477 1054 1497; x_wconf 86' lang='lat' dir='ltr'><strong>secun-</strong></span> 
     </span>
    </p>
   </div>
   <div class='ocr_carea' id='block_1_29' title="bbox 258 1512 1052 1547">
    <p class='ocr_par' dir='ltr' id='par_1_29' title="bbox 258 1512 1052 1547">
     <span class='ocr_line' id='line_1_29' title="bbox 258 1512 1052 1547; baseline 0.003 -7"><span class='ocrx_word' id='word_1_185' title='bbox 258 1512 323 1540; x_wconf 90' lang='lat' dir='ltr'><strong>dum</strong></span> <span class='ocrx_word' id='word_1_186' title='bbox 338 1521 449 1541; x_wconf 82' lang='lat' dir='ltr'><strong>carnem</strong></span> <span class='ocrx_word' id='word_1_187' title='bbox 468 1521 500 1541; x_wconf 76' lang='lat' dir='ltr'><strong>ex</strong></span> <span class='ocrx_word' id='word_1_188' title='bbox 518 1514 623 1542; x_wconf 86' lang='lat' dir='ltr'><strong>semine</strong></span> <span class='ocrx_word' id='word_1_189' title='bbox 637 1513 749 1542; x_wconf 85' lang='lat' dir='ltr'><strong>Davidis</strong></span> <span class='ocrx_word' id='word_1_190' title='bbox 776 1514 898 1547; x_wconf 83' lang='lat' dir='ltr'><strong>prodiit,</strong></span> <span class='ocrx_word' id='word_1_191' title='bbox 928 1522 962 1542; x_wconf 78' lang='lat' dir='ltr'><strong>ex</strong></span> <span class='ocrx_word' id='word_1_192' title='bbox 987 1515 1052 1542; x_wconf 80' lang='lat' dir='ltr'><strong>Sion</strong></span> 
     </span>
    </p>
   </div>
   <div class='ocr_carea' id='block_1_30' title="bbox 256 1558 1053 1594">
    <p class='ocr_par' dir='ltr' id='par_1_30' title="bbox 256 1558 1053 1594">
     <span class='ocr_line' id='line_1_30' title="bbox 256 1558 1053 1594; baseline 0 -8"><span class='ocrx_word' id='word_1_193' title='bbox 256 1559 352 1586; x_wconf 85' lang='lat' dir='ltr'><strong>datum</strong></span> <span class='ocrx_word' id='word_1_194' title='bbox 368 1563 410 1586; x_wconf 86' lang='lat' dir='ltr'><strong>est</strong></span> <span class='ocrx_word' id='word_1_195' title='bbox 427 1568 434 1586; x_wconf 89' lang='lat'><strong>:</strong></span> <span class='ocrx_word' id='word_1_196' title='bbox 450 1558 523 1586; x_wconf 78' lang='lat' dir='ltr'><strong>Nam</strong></span> <span class='ocrx_word' id='word_1_197' title='bbox 540 1560 622 1586; x_wconf 79' lang='lat' dir='ltr'><strong>veniet</strong></span> <span class='ocrx_word' id='word_1_198' title='bbox 639 1567 672 1586; x_wconf 77' lang='lat' dir='ltr'><strong>ea:</strong></span> <span class='ocrx_word' id='word_1_199' title='bbox 687 1559 752 1586; x_wconf 81' lang='lat' dir='ltr'><strong>Sion</strong></span> <span class='ocrx_word' id='word_1_200' title='bbox 768 1560 926 1594; x_wconf 79' lang='lat' dir='ltr'><strong>redemptor,</strong></span> <span class='ocrx_word' id='word_1_201' title='bbox 941 1564 966 1586; x_wconf 80' lang='lat' dir='ltr'><strong>et</strong></span> <span class='ocrx_word' id='word_1_202' title='bbox 977 1567 1053 1586; x_wconf 84' lang='lat' dir='ltr'><strong>avor-</strong></span> 
     </span>
    </p>
   </div>
   <div class='ocr_carea' id='block_1_31' title="bbox 256 1603 1053 1640">
    <p class='ocr_par' dir='ltr' id='par_1_31' title="bbox 256 1603 1053 1640">
     <span class='ocr_line' id='line_1_31' title="bbox 256 1603 1053 1640; baseline 0 -10"><span class='ocrx_word' id='word_1_203' title='bbox 256 1608 293 1631; x_wconf 72' lang='grc' dir='ltr'><strong>ιιι</strong></span> <span class='ocrx_word' id='word_1_204' title='bbox 304 1605 457 1639; x_wconf 79' lang='lat' dir='ltr'><strong>iniquitates</strong></span> <span class='ocrx_word' id='word_1_205' title='bbox 473 1613 490 1631; x_wconf 92' lang='lat' dir='ltr'><strong>a</strong></span> <span class='ocrx_word' id='word_1_206' title='bbox 501 1603 585 1631; x_wconf 80' lang='lat' dir='ltr'><strong>Iacob</strong></span> <span class='ocrx_word' id='word_1_207' title='bbox 598 1605 632 1632; x_wconf 79' lang='lat'><strong>&quot;.</strong></span> <span class='ocrx_word' id='word_1_208' title='bbox 649 1604 750 1631; x_wconf 88' lang='lat' dir='ltr'><strong>Eodem</strong></span> <span class='ocrx_word' id='word_1_209' title='bbox 767 1611 876 1640; x_wconf 87' lang='lat' dir='ltr'><strong>quoque</strong></span> <span class='ocrx_word' id='word_1_210' title='bbox 888 1611 971 1631; x_wconf 85' lang='lat' dir='ltr'><strong>sensu</strong></span> <span class='ocrx_word' id='word_1_211' title='bbox 984 1603 1053 1631; x_wconf 80' lang='lat' dir='ltr'><strong>illud</strong></span> 
     </span>
    </p>
   </div>
   <div class='ocr_carea' id='block_1_32' title="bbox 256 1649 1050 1685">
    <p class='ocr_par' dir='ltr' id='par_1_32' title="bbox 256 1649 1050 1685">
     <span class='ocr_line' id='line_1_32' title="bbox 256 1649 1050 1685; baseline 0 -9"><span class='ocrx_word' id='word_1_212' title='bbox 256 1649 377 1685; x_wconf 87' lang='lat' dir='ltr'><strong>accipias</strong></span> <span class='ocrx_word' id='word_1_213' title='bbox 393 1650 476 1677; x_wconf 78' lang='lat' dir='ltr'><strong>licet:</strong></span> <span class='ocrx_word' id='word_1_214' title='bbox 504 1649 545 1676; x_wconf 76' lang='lat' dir='ltr'><strong>Ea:</strong></span> <span class='ocrx_word' id='word_1_215' title='bbox 560 1649 626 1678; x_wconf 84' lang='lat' dir='ltr'><strong>Sion</strong></span> <span class='ocrx_word' id='word_1_216' title='bbox 652 1651 749 1684; x_wconf 72' lang='lat' dir='ltr'><strong>species</strong></span> <span class='ocrx_word' id='word_1_217' title='bbox 770 1650 872 1677; x_wconf 81' lang='lat' dir='ltr'><strong>decoris</strong></span> <span class='ocrx_word' id='word_1_218' title='bbox 885 1650 942 1684; x_wconf 80' lang='lat' dir='ltr'><strong>ejus</strong></span> <span class='ocrx_word' id='word_1_219' title='bbox 957 1650 996 1682; x_wconf 57' lang='grc' dir='ltr'>η,</span> <span class='ocrx_word' id='word_1_220' title='bbox 1020 1653 1050 1676; x_wconf 87' lang='lat' dir='ltr'><strong>ut</strong></span> 
     </span>
    </p>
   </div>
   <div class='ocr_carea' id='block_1_33' title="bbox 255 1696 1051 1730">
    <p class='ocr_par' dir='ltr' id='par_1_33' title="bbox 255 1696 1051 1730">
     <span class='ocr_line' id='line_1_33' title="bbox 255 1696 1051 1730; baseline 0.001 -8"><span class='ocrx_word' id='word_1_221' title='bbox 255 1696 381 1730; x_wconf 80' lang='lat' dir='ltr'><strong>apposite</strong></span> <span class='ocrx_word' id='word_1_222' title='bbox 416 1696 585 1730; x_wconf 84' lang='lat' dir='ltr'><strong>intelligatur</strong></span> <span class='ocrx_word' id='word_1_223' title='bbox 623 1696 742 1723; x_wconf 86' lang='lat' dir='ltr'><strong>salutare</strong></span> <span class='ocrx_word' id='word_1_224' title='bbox 785 1697 851 1723; x_wconf 94' lang='lat' dir='ltr'><strong>illud</strong></span> <span class='ocrx_word' id='word_1_225' title='bbox 879 1704 912 1723; x_wconf 81' lang='lat' dir='ltr'><strong>ex</strong></span> <span class='ocrx_word' id='word_1_226' title='bbox 944 1696 1051 1723; x_wconf 62' lang='lat' dir='ltr'><strong>caelesti</strong></span> 
     </span>
    </p>
   </div>
   <div class='ocr_carea' id='block_1_34' title="bbox 257 1741 1049 1778">
    <p class='ocr_par' dir='ltr' id='par_1_34' title="bbox 257 1741 1049 1778">
     <span class='ocr_line' id='line_1_34' title="bbox 257 1741 1049 1778; baseline 0 -9"><span class='ocrx_word' id='word_1_227' title='bbox 257 1741 324 1769; x_wconf 85' lang='lat' dir='ltr'><strong>Sion</strong></span> <span class='ocrx_word' id='word_1_228' title='bbox 339 1741 498 1774; x_wconf 77' lang='lat' dir='ltr'><strong>advenisse,</strong></span> <span class='ocrx_word' id='word_1_229' title='bbox 515 1741 652 1777; x_wconf 85' lang='lat' dir='ltr'><strong>siquidem</strong></span> <span class='ocrx_word' id='word_1_230' title='bbox 678 1742 705 1769; x_wconf 92' lang='lat' dir='ltr'><strong>in</strong></span> <span class='ocrx_word' id='word_1_231' title='bbox 722 1743 781 1777; x_wconf 88' lang='lat' dir='ltr'><strong>ipsa</strong></span> <span class='ocrx_word' id='word_1_232' title='bbox 795 1742 922 1770; x_wconf 87' lang='lat' dir='ltr'><strong>Christus</strong></span> <span class='ocrx_word' id='word_1_233' title='bbox 935 1750 1049 1778; x_wconf 75' lang='lat' dir='ltr'><strong>regnum</strong></span> 
     </span>
    </p>
   </div>
   <div class='ocr_carea' id='block_1_35' title="bbox 255 1788 1050 1823">
    <p class='ocr_par' dir='ltr' id='par_1_35' title="bbox 255 1788 1050 1823">
     <span class='ocr_line' id='line_1_35' title="bbox 255 1788 1050 1823; baseline 0.001 -9"><span class='ocrx_word' id='word_1_234' title='bbox 255 1788 382 1817; x_wconf 86' lang='lat' dir='ltr'><strong>obtinere</strong></span> <span class='ocrx_word' id='word_1_235' title='bbox 393 1788 485 1815; x_wconf 87' lang='lat' dir='ltr'><strong>dictus</strong></span> <span class='ocrx_word' id='word_1_236' title='bbox 497 1793 548 1816; x_wconf 90' lang='lat' dir='ltr'><strong>est.</strong></span> <span class='ocrx_word' id='word_1_237' title='bbox 570 1788 755 1821; x_wconf 76' lang='lat' dir='ltr'><strong>Quamobrem</strong></span> <span class='ocrx_word' id='word_1_238' title='bbox 773 1796 874 1823; x_wconf 88' lang='lat' dir='ltr'><strong>scopus</strong></span> <span class='ocrx_word' id='word_1_239' title='bbox 889 1792 998 1820; x_wconf 86' lang='lat' dir='ltr'><strong>noster,</strong></span> <span class='ocrx_word' id='word_1_240' title='bbox 1018 1795 1050 1815; x_wconf 87' lang='lat' dir='ltr'><strong>ac</strong></span> 
     </span>
    </p>
   </div>
   <div class='ocr_carea' id='block_1_36' title="bbox 255 1834 1050 1870">
    <p class='ocr_par' dir='ltr' id='par_1_36' title="bbox 255 1834 1050 1870">
     <span class='ocr_line' id='line_1_36' title="bbox 255 1834 1050 1870; baseline 0.001 -8"><span class='ocrx_word' id='word_1_241' title='bbox 255 1841 319 1870; x_wconf 85' lang='lat' dir='ltr'><strong>spes</strong></span> <span class='ocrx_word' id='word_1_242' title='bbox 332 1841 458 1869; x_wconf 73' lang='lat' dir='ltr'><strong>supernae</strong></span> <span class='ocrx_word' id='word_1_243' title='bbox 472 1834 625 1862; x_wconf 87' lang='lat' dir='ltr'><strong>vocationis</strong></span> <span class='ocrx_word' id='word_1_244' title='bbox 641 1839 685 1862; x_wconf 80' lang='lat' dir='ltr'><strong>est</strong></span> <span class='ocrx_word' id='word_1_245' title='bbox 700 1842 813 1870; x_wconf 79' lang='lat' dir='ltr'><strong>regnum</strong></span> <span class='ocrx_word' id='word_1_246' title='bbox 828 1835 970 1862; x_wconf 71' lang='lat' dir='ltr'><strong>cmlorum.</strong></span> <span class='ocrx_word' id='word_1_247' title='bbox 992 1834 1050 1863; x_wconf 87' lang='lat' dir='ltr'><strong>Sub</strong></span> 
     </span>
    </p>
   </div>
   <div class='ocr_carea' id='block_1_37' title="bbox 255 1880 1050 1916">
    <p class='ocr_par' dir='ltr' id='par_1_37' title="bbox 255 1880 1050 1916">
     <span class='ocr_line' id='line_1_37' title="bbox 255 1880 1050 1916; baseline 0 -8"><span class='ocrx_word' id='word_1_248' title='bbox 255 1880 324 1913; x_wconf 65' lang='lat' dir='ltr'><strong>haec,</strong></span> <span class='ocrx_word' id='word_1_249' title='bbox 338 1880 457 1908; x_wconf 79' lang='lat' dir='ltr'><strong>futuram</strong></span> <span class='ocrx_word' id='word_1_250' title='bbox 468 1880 595 1908; x_wconf 91' lang='lat' dir='ltr'><strong>omnibus</strong></span> <span class='ocrx_word' id='word_1_251' title='bbox 611 1880 768 1913; x_wconf 76' lang='lat' dir='ltr'><strong>hominibus</strong></span> <span class='ocrx_word' id='word_1_252' title='bbox 787 1880 822 1907; x_wconf 85' lang='lat' dir='ltr'><strong>ab</strong></span> <span class='ocrx_word' id='word_1_253' title='bbox 840 1880 955 1916; x_wconf 85' lang='lat' dir='ltr'><strong>ipsomet</strong></span> <span class='ocrx_word' id='word_1_254' title='bbox 975 1881 1050 1908; x_wconf 90' lang='lat' dir='ltr'><strong>salu-</strong></span> 
     </span>
    </p>
   </div>
   <div class='ocr_carea' id='block_1_38' title="bbox 254 1927 1048 1963">
    <p class='ocr_par' dir='ltr' id='par_1_38' title="bbox 254 1927 1048 1963">
     <span class='ocr_line' id='line_1_38' title="bbox 254 1927 1048 1963; baseline 0.003 -9"><span class='ocrx_word' id='word_1_255' title='bbox 254 1928 308 1955; x_wconf 88' lang='lat' dir='ltr'><strong>tari</strong></span> <span class='ocrx_word' id='word_1_256' title='bbox 318 1927 520 1955; x_wconf 85' lang='lat' dir='ltr'><strong>conciliandam</strong></span> <span class='ocrx_word' id='word_1_257' title='bbox 536 1927 690 1955; x_wconf 86' lang='lat' dir='ltr'><strong>libertatem</strong></span> <span class='ocrx_word' id='word_1_258' title='bbox 704 1927 836 1955; x_wconf 88' lang='lat' dir='ltr'><strong>declarat.</strong></span> <span class='ocrx_word' id='word_1_259' title='bbox 852 1927 892 1955; x_wconf 84' lang='lat' dir='ltr'><strong>Ac</strong></span> <span class='ocrx_word' id='word_1_260' title='bbox 911 1928 1048 1963; x_wconf 83' lang='lat' dir='ltr'><strong>perpende</strong></span> 
     </span>
    </p>
   </div>
   <div class='ocr_carea' id='block_1_39' title="bbox 254 1974 1046 2010">
    <p class='ocr_par' dir='ltr' id='par_1_39' title="bbox 254 1974 1046 2010">
     <span class='ocr_line' id='line_1_39' title="bbox 254 1974 1046 2010; baseline -0.001 -9"><span class='ocrx_word' id='word_1_261' title='bbox 254 1975 333 2006; x_wconf 89' lang='lat' dir='ltr'><strong>mihi,</strong></span> <span class='ocrx_word' id='word_1_262' title='bbox 345 1981 450 2010; x_wconf 66' lang='lat' dir='ltr'><strong>quaeso,</strong></span> <span class='ocrx_word' id='word_1_263' title='bbox 466 1983 521 2010; x_wconf 89' lang='lat' dir='ltr'><strong>quo</strong></span> <span class='ocrx_word' id='word_1_264' title='bbox 536 1979 616 2009; x_wconf 89' lang='lat' dir='ltr'><strong>pacto</strong></span> <span class='ocrx_word' id='word_1_265' title='bbox 629 1995 636 2006; x_wconf 89' lang='lat'><strong>,</strong></span> <span class='ocrx_word' id='word_1_266' title='bbox 663 1982 725 2001; x_wconf 89' lang='lat' dir='ltr'><strong>cum</strong></span> <span class='ocrx_word' id='word_1_267' title='bbox 741 1974 786 2001; x_wconf 89' lang='lat' dir='ltr'><strong>alii</strong></span> <span class='ocrx_word' id='word_1_268' title='bbox 813 1975 946 2010; x_wconf 85' lang='lat' dir='ltr'><strong>redempti</strong></span> <span class='ocrx_word' id='word_1_269' title='bbox 972 1975 1027 2002; x_wconf 89' lang='lat' dir='ltr'><strong>sint</strong></span> <span class='ocrx_word' id='word_1_270' title='bbox 1039 1994 1046 2007; x_wconf 87' lang='lat'><strong>,</strong></span> 
     </span>
    </p>
   </div>
   <div class='ocr_carea' id='block_1_40' title="bbox 253 2018 1049 2057">
    <p class='ocr_par' dir='ltr' id='par_1_40' title="bbox 253 2018 1049 2057">
     <span class='ocr_line' id='line_1_40' title="bbox 253 2018 1049 2057; baseline 0.001 -10"><span class='ocrx_word' id='word_1_271' title='bbox 253 2021 323 2048; x_wconf 91' lang='lat' dir='ltr'><strong>alios</strong></span> <span class='ocrx_word' id='word_1_272' title='bbox 339 2018 430 2057; x_wconf 74' lang='lat' dir='ltr'><strong>tamen</strong></span> <span class='ocrx_word' id='word_1_273' title='bbox 443 2021 517 2048; x_wconf 88' lang='lat' dir='ltr'><strong>dicat</strong></span> <span class='ocrx_word' id='word_1_274' title='bbox 533 2021 672 2048; x_wconf 84' lang='lat' dir='ltr'><strong>exsultare</strong></span> <span class='ocrx_word' id='word_1_275' title='bbox 687 2031 692 2048; x_wconf 95' lang='lat'>:</span> <span class='ocrx_word' id='word_1_276' title='bbox 711 2029 774 2048; x_wconf 88' lang='lat' dir='ltr'><strong>nam</strong></span> <span class='ocrx_word' id='word_1_277' title='bbox 790 2028 852 2048; x_wconf 91' lang='lat' dir='ltr'><strong>cum</strong></span> <span class='ocrx_word' id='word_1_278' title='bbox 865 2021 983 2057; x_wconf 88' lang='lat' dir='ltr'><strong>populus</strong></span> <span class='ocrx_word' id='word_1_279' title='bbox 999 2020 1049 2048; x_wconf 90' lang='lat' dir='ltr'><strong>Do-</strong></span> 
     </span>
    </p>
   </div>
   <div class='ocr_carea' id='block_1_41' title="bbox 253 2065 1045 2102">
    <p class='ocr_par' dir='ltr' id='par_1_41' title="bbox 253 2065 1045 2102">
     <span class='ocr_line' id='line_1_41' title="bbox 253 2065 1045 2102; baseline 0.003 -10"><span class='ocrx_word' id='word_1_280' title='bbox 253 2066 322 2092; x_wconf 88' lang='lat' dir='ltr'><strong>mini</strong></span> <span class='ocrx_word' id='word_1_281' title='bbox 340 2073 357 2093; x_wconf 85' lang='lat' dir='ltr'><strong>a</strong></span> <span class='ocrx_word' id='word_1_282' title='bbox 376 2066 535 2100; x_wconf 83' lang='lat' dir='ltr'><strong>captivitate</strong></span> <span class='ocrx_word' id='word_1_283' title='bbox 551 2066 713 2093; x_wconf 83' lang='lat' dir='ltr'><strong>liberabitur</strong></span> <span class='ocrx_word' id='word_1_284' title='bbox 725 2086 732 2098; x_wconf 91' lang='lat'><strong>,</strong></span> <span class='ocrx_word' id='word_1_285' title='bbox 748 2065 902 2092; x_wconf 71' lang='lat' dir='ltr'><strong>Exsultabit</strong></span> <span class='ocrx_word' id='word_1_286' title='bbox 914 2086 921 2099; x_wconf 86' lang='lat'><strong>,</strong></span> <span class='ocrx_word' id='word_1_287' title='bbox 946 2066 1045 2102; x_wconf 85' lang='lat' dir='ltr'><strong>inquit,</strong></span> 
     </span>
    </p>
   </div>
   <div class='ocr_carea' id='block_1_42' title="bbox 251 2107 1047 2146">
    <p class='ocr_par' dir='ltr' id='par_1_42' title="bbox 251 2107 1047 2146">
     <span class='ocr_line' id='line_1_42' title="bbox 251 2107 1047 2146; baseline 0.001 -8"><span class='ocrx_word' id='word_1_288' title='bbox 251 2111 348 2144; x_wconf 84' lang='lat' dir='ltr'><strong>Iacob,</strong></span> <span class='ocrx_word' id='word_1_289' title='bbox 364 2117 388 2139; x_wconf 84' lang='lat' dir='ltr'><strong>et</strong></span> <span class='ocrx_word' id='word_1_290' title='bbox 404 2107 538 2138; x_wconf 62' lang='lat' dir='ltr'><strong>hetobitttr</strong></span> <span class='ocrx_word' id='word_1_291' title='bbox 563 2111 661 2141; x_wconf 73' lang='lat' dir='ltr'><strong>Israel.</strong></span> <span class='ocrx_word' id='word_1_292' title='bbox 675 2112 744 2139; x_wconf 92' lang='lat' dir='ltr'><strong>Cum</strong></span> <span class='ocrx_word' id='word_1_293' title='bbox 764 2111 848 2146; x_wconf 80' lang='lat' dir='ltr'><strong>igitur</strong></span> <span class='ocrx_word' id='word_1_294' title='bbox 863 2111 986 2139; x_wconf 81' lang='lat' dir='ltr'><strong>futurum</strong></span> <span class='ocrx_word' id='word_1_295' title='bbox 1003 2120 1047 2140; x_wconf 90' lang='lat' dir='ltr'><strong>cs-</strong></span> 
     </span>
    </p>
   </div>
   <div class='ocr_carea' id='block_1_43' title="bbox 253 2158 1046 2194">
    <p class='ocr_par' dir='ltr' id='par_1_43' title="bbox 253 2158 1046 2194">
     <span class='ocr_line' id='line_1_43' title="bbox 253 2158 1046 2194; baseline -0.001 -7"><span class='ocrx_word' id='word_1_296' title='bbox 253 2163 312 2191; x_wconf 82' lang='lat' dir='ltr'><strong>set,</strong></span> <span class='ocrx_word' id='word_1_297' title='bbox 331 2162 361 2187; x_wconf 90' lang='lat' dir='ltr'><strong>ut</strong></span> <span class='ocrx_word' id='word_1_298' title='bbox 374 2159 472 2186; x_wconf 75' lang='lat' dir='ltr'><strong>animae</strong></span> <span class='ocrx_word' id='word_1_299' title='bbox 492 2159 557 2186; x_wconf 91' lang='lat' dir='ltr'><strong>olim</strong></span> <span class='ocrx_word' id='word_1_300' title='bbox 571 2166 585 2185; x_wconf 86' lang='lat' dir='ltr'><strong>a</strong></span> <span class='ocrx_word' id='word_1_301' title='bbox 601 2158 754 2186; x_wconf 77' lang='lat' dir='ltr'><strong>daemonion</strong></span> <span class='ocrx_word' id='word_1_302' title='bbox 768 2166 863 2186; x_wconf 84' lang='lat' dir='ltr'><strong>errore</strong></span> <span class='ocrx_word' id='word_1_303' title='bbox 884 2159 912 2185; x_wconf 92' lang='lat' dir='ltr'><strong>in</strong></span> <span class='ocrx_word' id='word_1_304' title='bbox 929 2159 1046 2194; x_wconf 79' lang='lat' dir='ltr'><strong>captivi-</strong></span> 
     </span>
    </p>
   </div>
   <div class='ocr_carea' id='block_1_44' title="bbox 251 2203 1046 2244">
    <p class='ocr_par' dir='ltr' id='par_1_44' title="bbox 251 2203 1046 2244">
     <span class='ocr_line' id='line_1_44' title="bbox 251 2203 1046 2244; baseline 0.003 -14"><span class='ocrx_word' id='word_1_305' title='bbox 251 2207 336 2230; x_wconf 80' lang='lat' dir='ltr'><strong>tatem</strong></span> <span class='ocrx_word' id='word_1_306' title='bbox 357 2203 498 2236; x_wconf 63' lang='lat' dir='ltr'><strong>obductas,</strong></span> <span class='ocrx_word' id='word_1_307' title='bbox 525 2211 573 2238; x_wconf 88' lang='lat' dir='ltr'><strong>per</strong></span> <span class='ocrx_word' id='word_1_308' title='bbox 587 2204 706 2231; x_wconf 79' lang='lat' dir='ltr'><strong>salutare</strong></span> <span class='ocrx_word' id='word_1_309' title='bbox 723 2203 770 2230; x_wconf 88' lang='lat' dir='ltr'><strong>Dei</strong></span> <span class='ocrx_word' id='word_1_310' title='bbox 789 2203 943 2244; x_wconf 67' lang='lat' dir='ltr'><strong>libertatem</strong></span> <span class='ocrx_word' id='word_1_311' title='bbox 969 2211 1046 2232; x_wconf 83' lang='lat' dir='ltr'><strong>asse-</strong></span> 
     </span>
    </p>
   </div>
   <div class='ocr_carea' id='block_1_45' title="bbox 251 2248 1045 2286">
    <p class='ocr_par' dir='ltr' id='par_1_45' title="bbox 251 2248 1045 2286">
     <span class='ocr_line' id='line_1_45' title="bbox 251 2248 1045 2286; baseline 0 -10"><span class='ocrx_word' id='word_1_312' title='bbox 251 2253 412 2286; x_wconf 73' lang='lat' dir='ltr'><strong>qucrentur,</strong></span> <span class='ocrx_word' id='word_1_313' title='bbox 430 2253 503 2276; x_wconf 76' lang='lat' dir='ltr'><strong>ctex</strong></span> <span class='ocrx_word' id='word_1_314' title='bbox 528 2249 657 2276; x_wconf 84' lang='lat' dir='ltr'><strong>omnibus</strong></span> <span class='ocrx_word' id='word_1_315' title='bbox 683 2249 809 2284; x_wconf 81' lang='lat' dir='ltr'><strong>gentibus</strong></span> <span class='ocrx_word' id='word_1_316' title='bbox 837 2249 871 2276; x_wconf 88' lang='lat' dir='ltr'><strong>ad</strong></span> <span class='ocrx_word' id='word_1_317' title='bbox 900 2248 1045 2277; x_wconf 88' lang='lat' dir='ltr'><strong>Dominum</strong></span> 
     </span>
    </p>
   </div>
   <div class='ocr_carea' id='block_1_46' title="bbox 672 207 1613 243">
    <p class='ocr_par' dir='ltr' id='par_1_46' title="bbox 672 207 1613 243">
     <span class='ocr_line' id='line_1_46' title="bbox 672 207 1613 243; baseline 0.006 -7"><span class='ocrx_word' id='word_1_318' title='bbox 672 207 808 236; x_wconf 83' lang='lat' dir='ltr'><strong>EUSEBII</strong></span> <span class='ocrx_word' id='word_1_319' title='bbox 827 209 1069 237; x_wconf 57' lang='lat' dir='ltr'><strong>CESARIENSIS</strong></span> <span class='ocrx_word' id='word_1_320' title='bbox 1086 209 1161 238; x_wconf 80' lang='grc' dir='ltr'><strong>ΟΡΡ.</strong></span> <span class='ocrx_word' id='word_1_321' title='bbox 1180 210 1271 238; x_wconf 72' lang='lat' dir='ltr'><strong>PARS</strong></span> <span class='ocrx_word' id='word_1_322' title='bbox 1291 211 1334 239; x_wconf 94' lang='lat' dir='ltr'><strong>llI.</strong></span> <span class='ocrx_word' id='word_1_323' title='bbox 1356 227 1391 233; x_wconf 88' lang='lat'><strong>-—</strong></span> <span class='ocrx_word' id='word_1_324' title='bbox 1408 212 1613 243; x_wconf 76' lang='lat' dir='ltr'><strong>EXEGETICA.</strong></span> 
     </span>
    </p>
   </div>
   <div class='ocr_carea' id='block_1_47' title="bbox 1851 216 1904 244">
    <p class='ocr_par' dir='ltr' id='par_1_47' title="bbox 1851 216 1904 244">
     <span class='ocr_line' id='line_1_47' title="bbox 1851 216 1904 244; baseline 0.019 -2"><span class='ocrx_word' id='word_1_325' title='bbox 1851 216 1904 244; x_wconf 77' lang='lat' dir='ltr'>H8</span> 
     </span>
    </p>
   </div>
   <div class='ocr_carea' id='block_1_48' title="bbox 1079 267 1902 307">
    <p class='ocr_par' dir='ltr' id='par_1_48' title="bbox 1079 267 1902 307">
     <span class='ocr_line' id='line_1_48' title="bbox 1079 267 1902 307; baseline 0.006 -14"><span class='ocrx_word' id='word_1_326' title='bbox 1079 271 1100 298; x_wconf 81' lang='grc' dir='ltr'>Α</span> <span class='ocrx_word' id='word_1_327' title='bbox 1117 275 1206 293; x_wconf 87' lang='grc' dir='ltr'>σονται</span> <span class='ocrx_word' id='word_1_328' title='bbox 1226 267 1242 302; x_wconf 84' lang='grc' dir='ltr'>ῆ</span> <span class='ocrx_word' id='word_1_329' title='bbox 1260 268 1306 294; x_wconf 86' lang='grc' dir='ltr'><strong>τὸν</strong></span> <span class='ocrx_word' id='word_1_330' title='bbox 1321 268 1439 304; x_wconf 83' lang='grc' dir='ltr'>Κύριον;</span> <span class='ocrx_word' id='word_1_331' title='bbox 1457 270 1516 296; x_wconf 77' lang='grc' dir='ltr'>ἐκεῖ</span> <span class='ocrx_word' id='word_1_332' title='bbox 1530 269 1567 303; x_wconf 87' lang='grc' dir='ltr'><strong>δὲ,</strong></span> <span class='ocrx_word' id='word_1_333' title='bbox 1583 269 1634 296; x_wconf 82' lang='grc' dir='ltr'>ποῦ</span> <span class='ocrx_word' id='word_1_334' title='bbox 1652 270 1667 307; x_wconf 79' lang='grc' dir='ltr'>ἢ</span> <span class='ocrx_word' id='word_1_335' title='bbox 1681 270 1710 297; x_wconf 81' lang='grc' dir='ltr'><strong>ὲν</strong></span> <span class='ocrx_word' id='word_1_336' title='bbox 1723 271 1755 307; x_wconf 84' lang='grc' dir='ltr'>τῇ</span> <span class='ocrx_word' id='word_1_337' title='bbox 1772 271 1902 307; x_wconf 75' lang='grc' dir='ltr'>μελλούσῃ</span> 
     </span>
    </p>
   </div>
   <div class='ocr_carea' id='block_1_49' title="bbox 1113 313 1642 350">
    <p class='ocr_par' dir='ltr' id='par_1_49' title="bbox 1113 313 1642 350">
     <span class='ocr_line' id='line_1_49' title="bbox 1113 313 1642 350; baseline 0.006 -10"><span class='ocrx_word' id='word_1_338' title='bbox 1113 313 1292 348; x_wconf 69' lang='grc' dir='ltr'><strong>συστήσεσθαι</strong></span> <span class='ocrx_word' id='word_1_339' title='bbox 1317 316 1414 350; x_wconf 82' lang='grc' dir='ltr'>γενεᾷ;</span> <span class='ocrx_word' id='word_1_340' title='bbox 1445 315 1485 342; x_wconf 85' lang='grc' dir='ltr'><strong>διὸ</strong></span> <span class='ocrx_word' id='word_1_341' title='bbox 1507 316 1642 350; x_wconf 78' lang='grc' dir='ltr'>ἐπιλέγει·</span> 
     </span>
    </p>
   </div>
   <div class='ocr_carea' id='block_1_50' title="bbox 1147 404 1904 443">
    <p class='ocr_par' dir='ltr' id='par_1_50' title="bbox 1147 404 1904 443">
     <span class='ocr_line' id='line_1_50' title="bbox 1147 404 1904 443; baseline 0.007 -12"><span class='ocrx_word' id='word_1_342' title='bbox 1147 404 1207 432; x_wconf 69' lang='grc' dir='ltr'>Ὀτι</span> <span class='ocrx_word' id='word_1_343' title='bbox 1230 407 1245 433; x_wconf 88' lang='grc' dir='ltr'><strong><em>ὁ</em></strong></span> <span class='ocrx_word' id='word_1_344' title='bbox 1280 407 1350 439; x_wconf 67' lang='grc' dir='ltr'>Θεὸς</span> <span class='ocrx_word' id='word_1_345' title='bbox 1379 405 1415 434; x_wconf 84' lang='grc' dir='ltr'>ὲν</span> <span class='ocrx_word' id='word_1_346' title='bbox 1443 404 1538 442; x_wconf 77' lang='grc' dir='ltr'>γενεᾷ</span> <span class='ocrx_word' id='word_1_347' title='bbox 1554 408 1662 442; x_wconf 79' lang='grc' dir='ltr'><strong>δικαίᾳ.</strong></span> <span class='ocrx_word' id='word_1_348' title='bbox 1683 409 1805 443; x_wconf 76' lang='grc' dir='ltr'>Βουλὴν</span> <span class='ocrx_word' id='word_1_349' title='bbox 1827 417 1904 436; x_wconf 78' lang='grc' dir='ltr'>πτω-</span> 
     </span>
    </p>
   </div>
   <div class='ocr_carea' id='block_1_51' title="bbox 1117 451 1904 488">
    <p class='ocr_par' dir='ltr' id='par_1_51' title="bbox 1117 451 1904 488">
     <span class='ocr_line' id='line_1_51' title="bbox 1117 451 1904 488; baseline 0.008 -11"><span class='ocrx_word' id='word_1_350' title='bbox 1117 451 1174 486; x_wconf 86' lang='grc' dir='ltr'>χοῦ</span> <span class='ocrx_word' id='word_1_351' title='bbox 1198 453 1424 487; x_wconf 78' lang='grc' dir='ltr'>κατῃσχύνατε,</span> <span class='ocrx_word' id='word_1_352' title='bbox 1449 455 1466 480; x_wconf 83' lang='grc' dir='ltr'><em>ό</em></span> <span class='ocrx_word' id='word_1_353' title='bbox 1495 453 1529 480; x_wconf 78' lang='grc' dir='ltr'>δὲ</span> <span class='ocrx_word' id='word_1_354' title='bbox 1564 455 1671 488; x_wconf 76' lang='grc' dir='ltr'>Κύριος</span> <span class='ocrx_word' id='word_1_355' title='bbox 1695 455 1782 488; x_wconf 78' lang='grc' dir='ltr'><em>ἐλπὶς</em></span> <span class='ocrx_word' id='word_1_356' title='bbox 1810 456 1904 483; x_wconf 82' lang='grc' dir='ltr'>αὑτοῦ</span> 
     </span>
    </p>
   </div>
   <div class='ocr_carea' id='block_1_52' title="bbox 1112 497 1904 536">
    <p class='ocr_par' dir='ltr' id='par_1_52' title="bbox 1112 497 1904 536">
     <span class='ocr_line' id='line_1_52' title="bbox 1112 497 1904 536; baseline 0.006 -13"><span class='ocrx_word' id='word_1_357' title='bbox 1112 497 1206 524; x_wconf 76' lang='grc' dir='ltr'>ἐστιν.</span> <span class='ocrx_word' id='word_1_358' title='bbox 1222 498 1327 534; x_wconf 82' lang='grc' dir='ltr'>’Ὠσπερ</span> <span class='ocrx_word' id='word_1_359' title='bbox 1344 499 1373 525; x_wconf 81' lang='grc' dir='ltr'>ἐν</span> <span class='ocrx_word' id='word_1_360' title='bbox 1399 501 1456 530; x_wconf 84' lang='grc' dir='ltr'>τοῖς</span> <span class='ocrx_word' id='word_1_361' title='bbox 1487 500 1577 532; x_wconf 83' lang='grc' dir='ltr'>ἄλλοις</span> <span class='ocrx_word' id='word_1_362' title='bbox 1599 501 1714 536; x_wconf 86' lang='grc' dir='ltr'>κρίμασι</span> <span class='ocrx_word' id='word_1_363' title='bbox 1746 503 1802 532; x_wconf 77' lang='grc' dir='ltr'>τοῖς</span> <span class='ocrx_word' id='word_1_364' title='bbox 1830 511 1904 536; x_wconf 86' lang='grc' dir='ltr'>γινο-</span> 
     </span>
    </p>
   </div>
   <div class='ocr_carea' id='block_1_53' title="bbox 1112 544 1903 581">
    <p class='ocr_par' dir='ltr' id='par_1_53' title="bbox 1112 544 1903 581">
     <span class='ocr_line' id='line_1_53' title="bbox 1112 544 1903 581; baseline 0.006 -12"><span class='ocrx_word' id='word_1_365' title='bbox 1112 544 1204 579; x_wconf 88' lang='grc' dir='ltr'>μένοις</span> <span class='ocrx_word' id='word_1_366' title='bbox 1228 545 1293 580; x_wconf 72' lang='grc' dir='ltr'>περὶ</span> <span class='ocrx_word' id='word_1_367' title='bbox 1317 545 1528 581; x_wconf 83' lang='grc' dir='ltr'><strong>συναλλάγματα</strong></span> <span class='ocrx_word' id='word_1_368' title='bbox 1554 546 1602 573; x_wconf 67' lang='grc' dir='ltr'><strong>καὶ</strong></span> <span class='ocrx_word' id='word_1_369' title='bbox 1624 546 1767 578; x_wconf 82' lang='grc' dir='ltr'><strong>κοινωνίας</strong></span> <span class='ocrx_word' id='word_1_370' title='bbox 1780 547 1830 573; x_wconf 61' lang='grc' dir='ltr'><strong>οὐκ</strong></span> <span class='ocrx_word' id='word_1_371' title='bbox 1863 548 1903 579; x_wconf 85' lang='grc' dir='ltr'><strong>είς</strong></span> 
     </span>
    </p>
   </div>
   <div class='ocr_carea' id='block_1_54' title="bbox 1110 589 1903 626">
    <p class='ocr_par' dir='ltr' id='par_1_54' title="bbox 1110 589 1903 626">
     <span class='ocr_line' id='line_1_54' title="bbox 1110 589 1903 626; baseline 0.005 -12"><span class='ocrx_word' id='word_1_372' title='bbox 1110 589 1245 624; x_wconf 84' lang='grc' dir='ltr'>πρόσωπα</span> <span class='ocrx_word' id='word_1_373' title='bbox 1277 589 1387 624; x_wconf 79' lang='grc' dir='ltr'><strong>βλέπειν</strong></span> <span class='ocrx_word' id='word_1_374' title='bbox 1419 589 1473 616; x_wconf 82' lang='grc' dir='ltr'><strong>δεί’</strong></span> <span class='ocrx_word' id='word_1_375' title='bbox 1518 589 1605 622; x_wconf 81' lang='grc' dir='ltr'>οὕτως</span> <span class='ocrx_word' id='word_1_376' title='bbox 1634 591 1662 617; x_wconf 82' lang='grc' dir='ltr'><strong>ἐν</strong></span> <span class='ocrx_word' id='word_1_377' title='bbox 1693 593 1749 622; x_wconf 85' lang='grc' dir='ltr'>τοῖς</span> <span class='ocrx_word' id='word_1_378' title='bbox 1779 591 1903 626; x_wconf 83' lang='grc' dir='ltr'>βουλευο-</span> 
     </span>
    </p>
   </div>
   <div class='ocr_carea' id='block_1_55' title="bbox 1111 635 1900 673">
    <p class='ocr_par' dir='ltr' id='par_1_55' title="bbox 1111 635 1900 673">
     <span class='ocr_line' id='line_1_55' title="bbox 1111 635 1900 673; baseline 0.005 -13"><span class='ocrx_word' id='word_1_379' title='bbox 1111 635 1203 669; x_wconf 79' lang='grc' dir='ltr'><strong>μένοις</strong></span> <span class='ocrx_word' id='word_1_380' title='bbox 1230 635 1280 662; x_wconf 82' lang='grc' dir='ltr'>οὺκ</span> <span class='ocrx_word' id='word_1_381' title='bbox 1308 637 1347 667; x_wconf 81' lang='grc' dir='ltr'><strong>είς</strong></span> <span class='ocrx_word' id='word_1_382' title='bbox 1377 637 1463 672; x_wconf 85' lang='grc' dir='ltr'>ἀρχὴν</span> <span class='ocrx_word' id='word_1_383' title='bbox 1489 637 1537 663; x_wconf 76' lang='grc' dir='ltr'><strong>καὶ</strong></span> <span class='ocrx_word' id='word_1_384' title='bbox 1569 637 1725 672; x_wconf 76' lang='grc' dir='ltr'>περιουσίαν</span> <span class='ocrx_word' id='word_1_385' title='bbox 1742 637 1900 673; x_wconf 80' lang='grc' dir='ltr'>σκοπητέον·</span> 
     </span>
    </p>
   </div>
   <div class='ocr_carea' id='block_1_56' title="bbox 1110 680 1903 719">
    <p class='ocr_par' dir='ltr' id='par_1_56' title="bbox 1110 680 1903 719">
     <span class='ocr_line' id='line_1_56' title="bbox 1110 680 1903 719; baseline 0.005 -13"><span class='ocrx_word' id='word_1_386' title='bbox 1110 680 1167 707; x_wconf 81' lang='grc' dir='ltr'>ἀλλ’</span> <span class='ocrx_word' id='word_1_387' title='bbox 1191 681 1231 712; x_wconf 83' lang='grc' dir='ltr'><strong>είς</strong></span> <span class='ocrx_word' id='word_1_388' title='bbox 1259 681 1321 708; x_wconf 85' lang='grc' dir='ltr'>νοῦν</span> <span class='ocrx_word' id='word_1_389' title='bbox 1351 682 1554 718; x_wconf 79' lang='grc' dir='ltr'>διηρθρωμένον</span> <span class='ocrx_word' id='word_1_390' title='bbox 1588 683 1636 709; x_wconf 79' lang='grc' dir='ltr'><strong>καὶ</strong></span> <span class='ocrx_word' id='word_1_391' title='bbox 1663 682 1694 709; x_wconf 74' lang='grc' dir='ltr'>τὸ</span> <span class='ocrx_word' id='word_1_392' title='bbox 1717 683 1903 719; x_wconf 76' lang='grc' dir='ltr'>εὐσυνείδητον</span> 
     </span>
    </p>
   </div>
   <div class='ocr_carea' id='block_1_57' title="bbox 1109 726 1902 765">
    <p class='ocr_par' dir='ltr' id='par_1_57' title="bbox 1109 726 1902 765">
     <span class='ocr_line' id='line_1_57' title="bbox 1109 726 1902 765; baseline 0.004 -12"><span class='ocrx_word' id='word_1_393' title='bbox 1109 726 1215 762; x_wconf 79' lang='grc' dir='ltr'>ἔχοντα.</span> <span class='ocrx_word' id='word_1_394' title='bbox 1237 728 1414 755; x_wconf 87' lang='grc' dir='ltr'>Ἐπιστατέον</span> <span class='ocrx_word' id='word_1_395' title='bbox 1439 728 1573 761; x_wconf 69' lang='grc' dir='ltr'>ἐκλαϐεῖν,</span> <span class='ocrx_word' id='word_1_396' title='bbox 1590 730 1613 755; x_wconf 85' lang='grc' dir='ltr'>εἰ</span> <span class='ocrx_word' id='word_1_397' title='bbox 1629 729 1750 761; x_wconf 76' lang='grc' dir='ltr'>δυνατὸν,</span> <span class='ocrx_word' id='word_1_398' title='bbox 1767 730 1831 765; x_wconf 77' lang='grc' dir='ltr'>περὶ</span> <span class='ocrx_word' id='word_1_399' title='bbox 1846 729 1902 756; x_wconf 77' lang='grc' dir='ltr'><strong>τῶν</strong></span> 
     </span>
    </p>
   </div>
   <div class='ocr_carea' id='block_1_58' title="bbox 1116 773 1902 813">
    <p class='ocr_par' dir='ltr' id='par_1_58' title="bbox 1116 773 1902 813">
     <span class='ocr_line' id='line_1_58' title="bbox 1116 773 1902 813; baseline 0.005 -14"><span class='ocrx_word' id='word_1_400' title='bbox 1116 773 1248 800; x_wconf 78' lang='grc' dir='ltr'><strong>Ἰουδαίων</strong></span> <span class='ocrx_word' id='word_1_401' title='bbox 1265 775 1299 801; x_wconf 81' lang='grc' dir='ltr'>τὰ</span> <span class='ocrx_word' id='word_1_402' title='bbox 1324 775 1502 811; x_wconf 76' lang='grc' dir='ltr'>προκείμενα,</span> <span class='ocrx_word' id='word_1_403' title='bbox 1527 775 1576 811; x_wconf 83' lang='grc' dir='ltr'><strong>τὴν</strong></span> <span class='ocrx_word' id='word_1_404' title='bbox 1596 775 1644 802; x_wconf 74' lang='grc' dir='ltr'>τοῦ</span> <span class='ocrx_word' id='word_1_405' title='bbox 1660 776 1784 811; x_wconf 83' lang='grc' dir='ltr'>Σωτῆρος</span> <span class='ocrx_word' id='word_1_406' title='bbox 1805 775 1902 813; x_wconf 80' lang='grc' dir='ltr'>βουλὴν</span> 
     </span>
    </p>
   </div>
   <div class='ocr_carea' id='block_1_59' title="bbox 1109 820 1902 856">
    <p class='ocr_par' dir='ltr' id='par_1_59' title="bbox 1109 820 1902 856">
     <span class='ocr_line' id='line_1_59' title="bbox 1109 820 1902 856; baseline 0.005 -11"><span class='ocrx_word' id='word_1_407' title='bbox 1109 820 1289 854; x_wconf 77' lang='grc' dir='ltr'>καταισχῦναι</span> <span class='ocrx_word' id='word_1_408' title='bbox 1307 821 1485 853; x_wconf 81' lang='grc' dir='ltr'>σπευδόντων,</span> <span class='ocrx_word' id='word_1_409' title='bbox 1501 820 1540 856; x_wconf 84' lang='grc' dir='ltr'>τῷ</span> <span class='ocrx_word' id='word_1_410' title='bbox 1558 821 1682 856; x_wconf 77' lang='grc' dir='ltr'>ἡγεῖσθαι</span> <span class='ocrx_word' id='word_1_411' title='bbox 1699 821 1780 847; x_wconf 75' lang='grc' dir='ltr'>αὐτὸν</span> <span class='ocrx_word' id='word_1_412' title='bbox 1794 822 1902 856; x_wconf 81' lang='grc' dir='ltr'>πτωχόν</span> 
     </span>
    </p>
   </div>
   <div class='ocr_carea' id='block_1_60' title="bbox 1108 864 1901 902">
    <p class='ocr_par' dir='ltr' id='par_1_60' title="bbox 1108 864 1901 902">
     <span class='ocr_line' id='line_1_60' title="bbox 1108 864 1901 902; baseline 0.004 -11"><span class='ocrx_word' id='word_1_413' title='bbox 1108 874 1169 892; x_wconf 86' lang='grc' dir='ltr'>τινα</span> <span class='ocrx_word' id='word_1_414' title='bbox 1191 864 1276 898; x_wconf 76' lang='grc' dir='ltr'>εἶναι,</span> <span class='ocrx_word' id='word_1_415' title='bbox 1303 867 1350 893; x_wconf 81' lang='grc' dir='ltr'><strong>καὶ</strong></span> <span class='ocrx_word' id='word_1_416' title='bbox 1381 867 1417 902; x_wconf 85' lang='grc' dir='ltr'><strong>μὴ</strong></span> <span class='ocrx_word' id='word_1_417' title='bbox 1445 866 1559 894; x_wconf 85' lang='grc' dir='ltr'>πλοῦτον</span> <span class='ocrx_word' id='word_1_418' title='bbox 1585 866 1722 901; x_wconf 84' lang='grc' dir='ltr'>θεότητος.</span> <span class='ocrx_word' id='word_1_419' title='bbox 1751 867 1807 893; x_wconf 82' lang='grc' dir='ltr'><strong>Ἀεὶ</strong></span> <span class='ocrx_word' id='word_1_420' title='bbox 1835 867 1901 902; x_wconf 81' lang='grc' dir='ltr'>γοῦν</span> 
     </span>
    </p>
   </div>
   <div class='ocr_carea' id='block_1_61' title="bbox 1108 912 1900 949">
    <p class='ocr_par' dir='ltr' id='par_1_61' title="bbox 1108 912 1900 949">
     <span class='ocr_line' id='line_1_61' title="bbox 1108 912 1900 949; baseline 0.004 -11"><span class='ocrx_word' id='word_1_421' title='bbox 1108 912 1155 939; x_wconf 75' lang='grc' dir='ltr'><strong>καὶ</strong></span> <span class='ocrx_word' id='word_1_422' title='bbox 1174 912 1345 947; x_wconf 80' lang='grc' dir='ltr'>ἀντιλέγουσι</span> <span class='ocrx_word' id='word_1_423' title='bbox 1369 915 1402 949; x_wconf 85' lang='grc' dir='ltr'>τῇ</span> <span class='ocrx_word' id='word_1_424' title='bbox 1424 914 1584 949; x_wconf 83' lang='grc' dir='ltr'>διδασκαλίᾳ</span> <span class='ocrx_word' id='word_1_425' title='bbox 1611 914 1704 946; x_wconf 79' lang='grc' dir='ltr'>αὑτοῦ,</span> <span class='ocrx_word' id='word_1_426' title='bbox 1723 914 1771 941; x_wconf 78' lang='grc' dir='ltr'>καὶ</span> <span class='ocrx_word' id='word_1_427' title='bbox 1789 915 1839 946; x_wconf 79' lang='grc' dir='ltr'>τὰς</span> <span class='ocrx_word' id='word_1_428' title='bbox 1854 924 1900 947; x_wconf 44' lang='lat' dir='ltr'><strong>re:</strong></span> 
     </span>
    </p>
   </div>
   <div class='ocr_carea' id='block_1_62' title="bbox 1073 950 1901 999">
    <p class='ocr_par' dir='ltr' id='par_1_62' title="bbox 1073 950 1901 999">
     <span class='ocr_line' id='line_1_62' title="bbox 1073 950 1901 999; baseline 0.006 -15"><span class='ocrx_word' id='word_1_429' title='bbox 1073 950 1093 977; x_wconf 77' lang='grc' dir='ltr'>Β</span> <span class='ocrx_word' id='word_1_430' title='bbox 1109 958 1237 994; x_wconf 84' lang='grc' dir='ltr'>ραστίους</span> <span class='ocrx_word' id='word_1_431' title='bbox 1255 959 1384 995; x_wconf 79' lang='grc' dir='ltr'>δυνάμεις</span> <span class='ocrx_word' id='word_1_432' title='bbox 1399 960 1604 994; x_wconf 78' lang='grc' dir='ltr'>κακολογοῠσιν,</span> <span class='ocrx_word' id='word_1_433' title='bbox 1622 961 1660 992; x_wconf 83' lang='grc' dir='ltr'><strong>ὡς</strong></span> <span class='ocrx_word' id='word_1_434' title='bbox 1675 961 1712 997; x_wconf 87' lang='grc' dir='ltr'>μὴ</span> <span class='ocrx_word' id='word_1_435' title='bbox 1727 961 1804 999; x_wconf 68' lang='grc' dir='ltr'>θεῐκῇ</span> <span class='ocrx_word' id='word_1_436' title='bbox 1821 961 1901 989; x_wconf 38' lang='grc' dir='ltr'>δυνάε</span> 
     </span>
    </p>
   </div>
   <div class='ocr_carea' id='block_1_63' title="bbox 1110 1006 1670 1044">
    <p class='ocr_par' dir='ltr' id='par_1_63' title="bbox 1110 1006 1670 1044">
     <span class='ocr_line' id='line_1_63' title="bbox 1110 1006 1670 1044; baseline 0.005 -13"><span class='ocrx_word' id='word_1_437' title='bbox 1110 1013 1165 1040; x_wconf 87' lang='grc' dir='ltr'>μει,</span> <span class='ocrx_word' id='word_1_438' title='bbox 1181 1006 1237 1032; x_wconf 81' lang='grc' dir='ltr'>ἀλλ’</span> <span class='ocrx_word' id='word_1_439' title='bbox 1253 1006 1363 1034; x_wconf 82' lang='grc' dir='ltr'>ἄλλοθέν</span> <span class='ocrx_word' id='word_1_440' title='bbox 1377 1006 1458 1034; x_wconf 78' lang='grc' dir='ltr'>ποθεν</span> <span class='ocrx_word' id='word_1_441' title='bbox 1473 1008 1670 1044; x_wconf 85' lang='grc' dir='ltr'>γεγενημένας.</span> 
     </span>
    </p>
   </div>
   <div class='ocr_carea' id='block_1_64' title="bbox 1144 1089 1904 1126">
    <p class='ocr_par' dir='ltr' id='par_1_64' title="bbox 1144 1089 1904 1126">
     <span class='ocr_line' id='line_1_64' title="bbox 1144 1089 1904 1126; baseline 0.004 -9"><span class='ocrx_word' id='word_1_442' title='bbox 1144 1090 1192 1123; x_wconf 80' lang='grc' dir='ltr'>Τίς</span> <span class='ocrx_word' id='word_1_443' title='bbox 1212 1089 1302 1117; x_wconf 83' lang='grc' dir='ltr'>δώσει</span> <span class='ocrx_word' id='word_1_444' title='bbox 1323 1089 1359 1118; x_wconf 80' lang='grc' dir='ltr'>ὲκ</span> <span class='ocrx_word' id='word_1_445' title='bbox 1372 1090 1450 1118; x_wconf 86' lang='grc' dir='ltr'>Σιὼν</span> <span class='ocrx_word' id='word_1_446' title='bbox 1468 1090 1501 1118; x_wconf 86' lang='grc' dir='ltr'>τὸ</span> <span class='ocrx_word' id='word_1_447' title='bbox 1522 1091 1670 1126; x_wconf 76' lang='grc' dir='ltr'>σωτήριον</span> <span class='ocrx_word' id='word_1_448' title='bbox 1691 1092 1745 1119; x_wconf 83' lang='grc' dir='ltr'>τοῦ</span> <span class='ocrx_word' id='word_1_449' title='bbox 1765 1091 1904 1126; x_wconf 64' lang='grc' dir='ltr'><strong>Ἰσραήλςρ</strong></span> 
     </span>
    </p>
   </div>
   <div class='ocr_carea' id='block_1_65' title="bbox 1105 1136 1899 1173">
    <p class='ocr_par' dir='ltr' id='par_1_65' title="bbox 1105 1136 1899 1173">
     <span class='ocr_line' id='line_1_65' title="bbox 1105 1136 1899 1173; baseline 0.004 -10"><span class='ocrx_word' id='word_1_450' title='bbox 1105 1136 1141 1163; x_wconf 79' lang='grc' dir='ltr'>ἐν</span> <span class='ocrx_word' id='word_1_451' title='bbox 1158 1136 1198 1169; x_wconf 83' lang='grc' dir='ltr'>τῷ</span> <span class='ocrx_word' id='word_1_452' title='bbox 1213 1136 1391 1171; x_wconf 74' lang='grc' dir='ltr'>ἐπιστρέψαι</span> <span class='ocrx_word' id='word_1_453' title='bbox 1413 1137 1524 1171; x_wconf 84' lang='grc' dir='ltr'>Κύριον</span> <span class='ocrx_word' id='word_1_454' title='bbox 1544 1137 1602 1172; x_wconf 79' lang='grc' dir='ltr'>τὴν</span> <span class='ocrx_word' id='word_1_455' title='bbox 1622 1139 1830 1173; x_wconf 68' lang='grc' dir='ltr'>αἰχμαλωσίαν</span> <span class='ocrx_word' id='word_1_456' title='bbox 1845 1139 1899 1166; x_wconf 82' lang='grc' dir='ltr'>τοῦ</span> 
     </span>
    </p>
   </div>
   <div class='ocr_carea' id='block_1_66' title="bbox 1105 1182 1899 1219">
    <p class='ocr_par' dir='ltr' id='par_1_66' title="bbox 1105 1182 1899 1219">
     <span class='ocr_line' id='line_1_66' title="bbox 1105 1182 1899 1219; baseline 0 -8"><span class='ocrx_word' id='word_1_457' title='bbox 1105 1182 1182 1211; x_wconf 78' lang='grc' dir='ltr'>λαοῦ</span> <span class='ocrx_word' id='word_1_458' title='bbox 1205 1183 1299 1209; x_wconf 83' lang='grc' dir='ltr'>αὑτοῦ</span> <span class='ocrx_word' id='word_1_459' title='bbox 1320 1183 1537 1218; x_wconf 73' lang='grc' dir='ltr'>ἀγαλλιάσεται</span> <span class='ocrx_word' id='word_1_460' title='bbox 1562 1184 1671 1217; x_wconf 74' lang='grc' dir='ltr'>Ἰακὼϐ,</span> <span class='ocrx_word' id='word_1_461' title='bbox 1696 1184 1745 1212; x_wconf 82' lang='grc' dir='ltr'>καὶ</span> <span class='ocrx_word' id='word_1_462' title='bbox 1769 1185 1899 1219; x_wconf 70' lang='grc' dir='ltr'>εὐφραν-</span> 
     </span>
    </p>
   </div>
   <div class='ocr_carea' id='block_1_67' title="bbox 1106 1228 1899 1265">
    <p class='ocr_par' dir='ltr' id='par_1_67' title="bbox 1106 1228 1899 1265">
     <span class='ocr_line' id='line_1_67' title="bbox 1106 1228 1899 1265; baseline 0.003 -10"><span class='ocrx_word' id='word_1_463' title='bbox 1106 1228 1230 1261; x_wconf 78' lang='grc' dir='ltr'>θήσεται</span> <span class='ocrx_word' id='word_1_464' title='bbox 1257 1228 1387 1263; x_wconf 82' lang='grc' dir='ltr'>Ἰσραήλ.</span> <span class='ocrx_word' id='word_1_465' title='bbox 1421 1230 1533 1257; x_wconf 83' lang='grc' dir='ltr'><strong>Πάντων</strong></span> <span class='ocrx_word' id='word_1_466' title='bbox 1560 1229 1740 1257; x_wconf 78' lang='grc' dir='ltr'>ἐκκλινάντων</span> <span class='ocrx_word' id='word_1_467' title='bbox 1769 1230 1816 1257; x_wconf 77' lang='grc' dir='ltr'>καὶ</span> <span class='ocrx_word' id='word_1_468' title='bbox 1838 1231 1899 1265; x_wconf 77' lang='grc' dir='ltr'><strong>ἅμα</strong></span> 
     </span>
    </p>
   </div>
   <div class='ocr_carea' id='block_1_68' title="bbox 1105 1273 1897 1312">
    <p class='ocr_par' dir='ltr' id='par_1_68' title="bbox 1105 1273 1897 1312">
     <span class='ocr_line' id='line_1_68' title="bbox 1105 1273 1897 1312; baseline 0.003 -12"><span class='ocrx_word' id='word_1_469' title='bbox 1105 1273 1309 1309; x_wconf 82' lang='grc' dir='ltr'>ἀχρειωθέντων</span> <span class='ocrx_word' id='word_1_470' title='bbox 1322 1274 1419 1310; x_wconf 82' lang='grc' dir='ltr'>καιρὸς</span> <span class='ocrx_word' id='word_1_471' title='bbox 1433 1273 1467 1310; x_wconf 85' lang='grc' dir='ltr'>ἦν</span> <span class='ocrx_word' id='word_1_472' title='bbox 1480 1276 1519 1307; x_wconf 84' lang='grc' dir='ltr'><strong>είς</strong></span> <span class='ocrx_word' id='word_1_473' title='bbox 1533 1275 1614 1311; x_wconf 84' lang='grc' dir='ltr'>εὐχὴν</span> <span class='ocrx_word' id='word_1_474' title='bbox 1630 1276 1728 1312; x_wconf 79' lang='grc' dir='ltr'>τρέψαι</span> <span class='ocrx_word' id='word_1_475' title='bbox 1744 1275 1790 1302; x_wconf 82' lang='grc' dir='ltr'><strong>τὸν</strong></span> <span class='ocrx_word' id='word_1_476' title='bbox 1807 1275 1897 1310; x_wconf 86' lang='grc' dir='ltr'>λόγον,</span> 
     </span>
    </p>
   </div>
   <div class='ocr_carea' id='block_1_69' title="bbox 1105 1318 1897 1356">
    <p class='ocr_par' dir='ltr' id='par_1_69' title="bbox 1105 1318 1897 1356">
     <span class='ocr_line' id='line_1_69' title="bbox 1105 1318 1897 1356; baseline 0.004 -11"><span class='ocrx_word' id='word_1_477' title='bbox 1105 1318 1143 1350; x_wconf 81' lang='grc' dir='ltr'><strong>ὡς</strong></span> <span class='ocrx_word' id='word_1_478' title='bbox 1160 1319 1308 1355; x_wconf 81' lang='grc' dir='ltr'>πρεσϐείας</span> <span class='ocrx_word' id='word_1_479' title='bbox 1325 1321 1418 1356; x_wconf 86' lang='grc' dir='ltr'>τρόπῳ</span> <span class='ocrx_word' id='word_1_480' title='bbox 1435 1321 1535 1355; x_wconf 86' lang='grc' dir='ltr'>φάναι·</span> <span class='ocrx_word' id='word_1_481' title='bbox 1555 1322 1602 1354; x_wconf 72' lang='grc' dir='ltr'><strong>Ίῗς</strong></span> <span class='ocrx_word' id='word_1_482' title='bbox 1616 1321 1706 1349; x_wconf 83' lang='grc' dir='ltr'>δώσει</span> <span class='ocrx_word' id='word_1_483' title='bbox 1724 1322 1758 1348; x_wconf 83' lang='grc' dir='ltr'>ἐκ</span> <span class='ocrx_word' id='word_1_484' title='bbox 1772 1322 1849 1349; x_wconf 89' lang='grc' dir='ltr'>Σιὼν</span> <span class='ocrx_word' id='word_1_485' title='bbox 1863 1321 1897 1350; x_wconf 84' lang='grc' dir='ltr'>τὸ</span> 
     </span>
    </p>
   </div>
   <div class='ocr_carea' id='block_1_70' title="bbox 1105 1366 1897 1404">
    <p class='ocr_par' dir='ltr' id='par_1_70' title="bbox 1105 1366 1897 1404">
     <span class='ocr_line' id='line_1_70' title="bbox 1105 1366 1897 1404; baseline 0.005 -13"><span class='ocrx_word' id='word_1_486' title='bbox 1105 1366 1254 1400; x_wconf 81' lang='grc' dir='ltr'>σωτήριον</span> <span class='ocrx_word' id='word_1_487' title='bbox 1274 1367 1327 1394; x_wconf 85' lang='grc' dir='ltr'>τοῦ</span> <span class='ocrx_word' id='word_1_488' title='bbox 1351 1367 1487 1401; x_wconf 74' lang='grc' dir='ltr'><strong>’1σραή.ῑ;</strong></span> <span class='ocrx_word' id='word_1_489' title='bbox 1507 1367 1594 1394; x_wconf 81' lang='grc' dir='ltr'>Αὐτοῦ</span> <span class='ocrx_word' id='word_1_490' title='bbox 1620 1368 1674 1403; x_wconf 86' lang='grc' dir='ltr'><strong>γὰρ</strong></span> <span class='ocrx_word' id='word_1_491' title='bbox 1692 1368 1771 1404; x_wconf 83' lang='grc' dir='ltr'>χρεία</span> <span class='ocrx_word' id='word_1_492' title='bbox 1793 1369 1897 1401; x_wconf 84' lang='grc' dir='ltr'>λοιπὸν,</span> 
     </span>
    </p>
   </div>
   <div class='ocr_carea' id='block_1_71' title="bbox 1104 1411 1897 1450">
    <p class='ocr_par' dir='ltr' id='par_1_71' title="bbox 1104 1411 1897 1450">
     <span class='ocr_line' id='line_1_71' title="bbox 1104 1411 1897 1450; baseline 0.004 -12"><span class='ocrx_word' id='word_1_493' title='bbox 1104 1411 1151 1438; x_wconf 81' lang='grc' dir='ltr'>τοῦ</span> <span class='ocrx_word' id='word_1_494' title='bbox 1175 1412 1273 1447; x_wconf 82' lang='grc' dir='ltr'>ἄφεσιν</span> <span class='ocrx_word' id='word_1_495' title='bbox 1298 1413 1506 1449; x_wconf 85' lang='grc' dir='ltr'><strong>ἁμαρτημάτων</strong></span> <span class='ocrx_word' id='word_1_496' title='bbox 1530 1413 1710 1450; x_wconf 81' lang='grc' dir='ltr'>παρέχοντος,</span> <span class='ocrx_word' id='word_1_497' title='bbox 1737 1414 1784 1440; x_wconf 80' lang='grc' dir='ltr'>τοῦ</span> <span class='ocrx_word' id='word_1_498' title='bbox 1809 1414 1897 1442; x_wconf 76' lang='grc' dir='ltr'>αἰτίου</span> 
     </span>
    </p>
   </div>
   <div class='ocr_carea' id='block_1_72' title="bbox 1104 1459 1899 1497">
    <p class='ocr_par' dir='ltr' id='par_1_72' title="bbox 1104 1459 1899 1497">
     <span class='ocr_line' id='line_1_72' title="bbox 1104 1459 1899 1497; baseline 0.004 -11"><span class='ocrx_word' id='word_1_499' title='bbox 1104 1460 1154 1495; x_wconf 77' lang='grc' dir='ltr'>τῆς</span> <span class='ocrx_word' id='word_1_500' title='bbox 1174 1459 1284 1486; x_wconf 82' lang='grc' dir='ltr'>αἰωνίου</span> <span class='ocrx_word' id='word_1_501' title='bbox 1307 1461 1452 1496; x_wconf 86' lang='grc' dir='ltr'>σωτηρίας.</span> <span class='ocrx_word' id='word_1_502' title='bbox 1484 1460 1570 1487; x_wconf 82' lang='grc' dir='ltr'>Τοῦτο</span> <span class='ocrx_word' id='word_1_503' title='bbox 1588 1461 1619 1487; x_wconf 89' lang='grc' dir='ltr'>τὺ</span> <span class='ocrx_word' id='word_1_504' title='bbox 1636 1462 1768 1497; x_wconf 77' lang='grc' dir='ltr'>σωτήριον</span> <span class='ocrx_word' id='word_1_505' title='bbox 1781 1462 1812 1488; x_wconf 85' lang='grc' dir='ltr'>τὸ</span> <span class='ocrx_word' id='word_1_506' title='bbox 1827 1462 1899 1489; x_wconf 76' lang='grc' dir='ltr'>κατὰ</span> 
     </span>
    </p>
   </div>
   <div class='ocr_carea' id='block_1_73' title="bbox 1105 1505 1903 1543">
    <p class='ocr_par' dir='ltr' id='par_1_73' title="bbox 1105 1505 1903 1543">
     <span class='ocr_line' id='line_1_73' title="bbox 1105 1505 1903 1543; baseline 0.005 -12"><span class='ocrx_word' id='word_1_507' title='bbox 1105 1505 1195 1540; x_wconf 85' lang='grc' dir='ltr'>σάρκα</span> <span class='ocrx_word' id='word_1_508' title='bbox 1221 1506 1253 1532; x_wconf 81' lang='grc' dir='ltr'>ὲκ</span> <span class='ocrx_word' id='word_1_509' title='bbox 1281 1506 1438 1542; x_wconf 86' lang='grc' dir='ltr'>σπέρματος</span> <span class='ocrx_word' id='word_1_510' title='bbox 1464 1506 1546 1534; x_wconf 69' lang='grc' dir='ltr'>Δαυῖδ</span> <span class='ocrx_word' id='word_1_511' title='bbox 1569 1507 1691 1542; x_wconf 75' lang='grc' dir='ltr'>γεγονὸς,</span> <span class='ocrx_word' id='word_1_512' title='bbox 1707 1508 1740 1534; x_wconf 79' lang='grc' dir='ltr'>ὲκ</span> <span class='ocrx_word' id='word_1_513' title='bbox 1765 1507 1814 1543; x_wconf 82' lang='grc' dir='ltr'>τῆς</span> <span class='ocrx_word' id='word_1_514' title='bbox 1827 1507 1903 1535; x_wconf 68' lang='grc' dir='ltr'>Σιὼν.</span> 
     </span>
    </p>
   </div>
   <div class='ocr_carea' id='block_1_74' title="bbox 1104 1553 1895 1588">
    <p class='ocr_par' dir='ltr' id='par_1_74' title="bbox 1104 1553 1895 1588">
     <span class='ocr_line' id='line_1_74' title="bbox 1104 1553 1895 1588; baseline 0.003 -8"><span class='ocrx_word' id='word_1_515' title='bbox 1104 1553 1223 1580; x_wconf 84' lang='grc' dir='ltr'>δέδοται·</span> <span class='ocrx_word' id='word_1_516' title='bbox 1254 1553 1334 1585; x_wconf 79' lang='grc' dir='ltr'>Ἥξει</span> <span class='ocrx_word' id='word_1_517' title='bbox 1365 1553 1420 1588; x_wconf 73' lang='grc' dir='ltr'><strong>γὰρ</strong></span> <span class='ocrx_word' id='word_1_518' title='bbox 1449 1554 1484 1580; x_wconf 87' lang='grc' dir='ltr'>ἐκ</span> <span class='ocrx_word' id='word_1_519' title='bbox 1509 1553 1586 1580; x_wconf 91' lang='grc' dir='ltr'>Σιὼν</span> <span class='ocrx_word' id='word_1_520' title='bbox 1616 1555 1633 1580; x_wconf 87' lang='grc' dir='ltr'><em>ὁ</em></span> <span class='ocrx_word' id='word_1_521' title='bbox 1658 1554 1820 1588; x_wconf 76' lang='grc' dir='ltr'>ῥυόμενος,</span> <span class='ocrx_word' id='word_1_522' title='bbox 1845 1557 1895 1582; x_wconf 72' lang='grc' dir='ltr'><strong>κε)</strong></span> 
     </span>
    </p>
   </div>
   <div class='ocr_carea' id='block_1_75' title="bbox 1104 1599 1897 1636">
    <p class='ocr_par' dir='ltr' id='par_1_75' title="bbox 1104 1599 1897 1636">
     <span class='ocr_line' id='line_1_75' title="bbox 1104 1599 1897 1636; baseline 0 -10"><span class='ocrx_word' id='word_1_523' title='bbox 1104 1600 1289 1634; x_wconf 66' lang='grc' dir='ltr'>ἀποστρέψει</span> <span class='ocrx_word' id='word_1_524' title='bbox 1305 1600 1444 1633; x_wconf 71' lang='grc' dir='ltr'>ἀσεϐείας</span> <span class='ocrx_word' id='word_1_525' title='bbox 1460 1600 1518 1627; x_wconf 71' lang='grc' dir='ltr'><strong>ἀπὸ</strong></span> <span class='ocrx_word' id='word_1_526' title='bbox 1539 1599 1647 1627; x_wconf 85' lang='grc' dir='ltr'>Ἰακώϐ.</span> <span class='ocrx_word' id='word_1_527' title='bbox 1670 1600 1717 1632; x_wconf 84' lang='grc' dir='ltr'><strong>Εἰς</strong></span> <span class='ocrx_word' id='word_1_528' title='bbox 1733 1600 1812 1627; x_wconf 80' lang='grc' dir='ltr'>τοῦτο</span> <span class='ocrx_word' id='word_1_529' title='bbox 1824 1599 1897 1636; x_wconf 68' lang='grc' dir='ltr'><strong>λήψῃ</strong></span> 
     </span>
    </p>
   </div>
   <div class='ocr_carea' id='block_1_76' title="bbox 1105 1646 1897 1681">
    <p class='ocr_par' dir='ltr' id='par_1_76' title="bbox 1105 1646 1897 1681">
     <span class='ocr_line' id='line_1_76' title="bbox 1105 1646 1897 1681; baseline 0.003 -9"><span class='ocrx_word' id='word_1_530' title='bbox 1105 1646 1135 1672; x_wconf 88' lang='grc' dir='ltr'>τό</span> <span class='ocrx_word' id='word_1_531' title='bbox 1145 1655 1151 1661; x_wconf 90' lang='grc'>·</span> <span class='ocrx_word' id='word_1_532' title='bbox 1170 1647 1217 1673; x_wconf 83' lang='grc' dir='ltr'>Ἐκ</span> <span class='ocrx_word' id='word_1_533' title='bbox 1229 1646 1305 1673; x_wconf 85' lang='grc' dir='ltr'>Σιὼν</span> <span class='ocrx_word' id='word_1_534' title='bbox 1321 1647 1340 1680; x_wconf 77' lang='grc' dir='ltr'>ἡ</span> <span class='ocrx_word' id='word_1_535' title='bbox 1356 1647 1517 1680; x_wconf 77' lang='grc' dir='ltr'>εὐπρέπεια</span> <span class='ocrx_word' id='word_1_536' title='bbox 1532 1646 1587 1680; x_wconf 82' lang='grc' dir='ltr'>τῆς</span> <span class='ocrx_word' id='word_1_537' title='bbox 1602 1647 1779 1681; x_wconf 68' lang='grc' dir='ltr'>ὡραιότητα,-</span> <span class='ocrx_word' id='word_1_538' title='bbox 1791 1647 1897 1679; x_wconf 85' lang='grc' dir='ltr'>αὑτοῦ,</span> 
     </span>
    </p>
   </div>
   <div class='ocr_carea' id='block_1_77' title="bbox 1105 1692 1898 1729">
    <p class='ocr_par' dir='ltr' id='par_1_77' title="bbox 1105 1692 1898 1729">
     <span class='ocr_line' id='line_1_77' title="bbox 1105 1692 1898 1729; baseline 0.004 -11"><span class='ocrx_word' id='word_1_539' title='bbox 1105 1692 1216 1719; x_wconf 85' lang='grc' dir='ltr'>δυνατὸν</span> <span class='ocrx_word' id='word_1_540' title='bbox 1238 1693 1378 1719; x_wconf 74' lang='grc' dir='ltr'>ἐκλαϐεῖν·</span> <span class='ocrx_word' id='word_1_541' title='bbox 1398 1694 1436 1725; x_wconf 87' lang='grc' dir='ltr'><strong>ὡς</strong></span> <span class='ocrx_word' id='word_1_542' title='bbox 1452 1694 1498 1720; x_wconf 74' lang='grc' dir='ltr'>καὶ</span> <span class='ocrx_word' id='word_1_543' title='bbox 1520 1695 1552 1720; x_wconf 84' lang='grc' dir='ltr'>ὲκ</span> <span class='ocrx_word' id='word_1_544' title='bbox 1575 1694 1625 1729; x_wconf 82' lang='grc' dir='ltr'><strong>τῆς</strong></span> <span class='ocrx_word' id='word_1_545' title='bbox 1648 1693 1810 1728; x_wconf 74' lang='grc' dir='ltr'>ἐπουρανίου</span> <span class='ocrx_word' id='word_1_546' title='bbox 1827 1693 1898 1722; x_wconf 87' lang='grc' dir='ltr'>Σιὼν</span> 
     </span>
    </p>
   </div>
   <div class='ocr_carea' id='block_1_78' title="bbox 1105 1738 1898 1776">
    <p class='ocr_par' dir='ltr' id='par_1_78' title="bbox 1105 1738 1898 1776">
     <span class='ocr_line' id='line_1_78' title="bbox 1105 1738 1898 1776; baseline 0.003 -12"><span class='ocrx_word' id='word_1_547' title='bbox 1105 1738 1218 1774; x_wconf 72' lang='grc' dir='ltr'>ἐλήλυθε</span> <span class='ocrx_word' id='word_1_548' title='bbox 1235 1739 1266 1766; x_wconf 80' lang='grc' dir='ltr'>τὺ</span> <span class='ocrx_word' id='word_1_549' title='bbox 1283 1740 1430 1775; x_wconf 84' lang='grc' dir='ltr'>σωτήριον”</span> <span class='ocrx_word' id='word_1_550' title='bbox 1455 1740 1572 1775; x_wconf 75' lang='grc' dir='ltr'>ἐπείπερ</span> <span class='ocrx_word' id='word_1_551' title='bbox 1589 1741 1617 1766; x_wconf 80' lang='grc' dir='ltr'>ἐν</span> <span class='ocrx_word' id='word_1_552' title='bbox 1631 1740 1698 1775; x_wconf 82' lang='grc' dir='ltr'>αὐτῇ</span> <span class='ocrx_word' id='word_1_553' title='bbox 1722 1741 1827 1775; x_wconf 80' lang='grc' dir='ltr'>εἴρηται</span> <span class='ocrx_word' id='word_1_554' title='bbox 1847 1741 1898 1776; x_wconf 83' lang='grc' dir='ltr'>τὴν</span> 
     </span>
    </p>
   </div>
   <div class='ocr_carea' id='block_1_79' title="bbox 1106 1784 1898 1823">
    <p class='ocr_par' dir='ltr' id='par_1_79' title="bbox 1106 1784 1898 1823">
     <span class='ocr_line' id='line_1_79' title="bbox 1106 1784 1898 1823; baseline 0.005 -13"><span class='ocrx_word' id='word_1_555' title='bbox 1106 1784 1244 1819; x_wconf 85' lang='grc' dir='ltr'>βασιλείαν</span> <span class='ocrx_word' id='word_1_556' title='bbox 1271 1784 1342 1820; x_wconf 75' lang='grc' dir='ltr'>ἔχειν</span> <span class='ocrx_word' id='word_1_557' title='bbox 1367 1786 1382 1811; x_wconf 94' lang='lat'><strong>6</strong></span> <span class='ocrx_word' id='word_1_558' title='bbox 1402 1786 1528 1821; x_wconf 84' lang='grc' dir='ltr'>Χριστός.</span> <span class='ocrx_word' id='word_1_559' title='bbox 1556 1786 1601 1813; x_wconf 80' lang='grc' dir='ltr'>Διὸ</span> <span class='ocrx_word' id='word_1_560' title='bbox 1615 1787 1663 1813; x_wconf 73' lang='grc' dir='ltr'><strong>καὶ</strong></span> <span class='ocrx_word' id='word_1_561' title='bbox 1679 1787 1693 1813; x_wconf 98' lang='lat'><strong>6</strong></span> <span class='ocrx_word' id='word_1_562' title='bbox 1704 1787 1804 1819; x_wconf 81' lang='grc' dir='ltr'>σκοπὸς</span> <span class='ocrx_word' id='word_1_563' title='bbox 1818 1786 1898 1823; x_wconf 76' lang='grc' dir='ltr'>ἡμῶν</span> 
     </span>
    </p>
   </div>
   <div class='ocr_carea' id='block_1_80' title="bbox 1105 1830 1897 1868">
    <p class='ocr_par' dir='ltr' id='par_1_80' title="bbox 1105 1830 1897 1868">
     <span class='ocr_line' id='line_1_80' title="bbox 1105 1830 1897 1868; baseline 0.004 -12"><span class='ocrx_word' id='word_1_564' title='bbox 1105 1830 1152 1857; x_wconf 77' lang='grc' dir='ltr'><strong>καὶ</strong></span> <span class='ocrx_word' id='word_1_565' title='bbox 1181 1831 1198 1866; x_wconf 86' lang='grc' dir='ltr'>ἡ</span> <span class='ocrx_word' id='word_1_566' title='bbox 1222 1830 1300 1862; x_wconf 73' lang='grc' dir='ltr'>ἐλπὶς</span> <span class='ocrx_word' id='word_1_567' title='bbox 1327 1831 1377 1866; x_wconf 81' lang='grc' dir='ltr'>τῆς</span> <span class='ocrx_word' id='word_1_568' title='bbox 1406 1831 1462 1858; x_wconf 79' lang='grc' dir='ltr'>ἄνω</span> <span class='ocrx_word' id='word_1_569' title='bbox 1494 1831 1618 1867; x_wconf 84' lang='grc' dir='ltr'>κλήσεως</span> <span class='ocrx_word' id='word_1_570' title='bbox 1646 1833 1663 1868; x_wconf 84' lang='grc' dir='ltr'>ἡ</span> <span class='ocrx_word' id='word_1_571' title='bbox 1694 1831 1816 1867; x_wconf 87' lang='grc' dir='ltr'>βασιλεία</span> <span class='ocrx_word' id='word_1_572' title='bbox 1841 1833 1897 1859; x_wconf 82' lang='grc' dir='ltr'><strong>τῶν</strong></span> 
     </span>
    </p>
   </div>
   <div class='ocr_carea' id='block_1_81' title="bbox 1103 1874 1897 1912">
    <p class='ocr_par' dir='ltr' id='par_1_81' title="bbox 1103 1874 1897 1912">
     <span class='ocr_line' id='line_1_81' title="bbox 1103 1874 1897 1912; baseline 0.001 -11"><span class='ocrx_word' id='word_1_573' title='bbox 1103 1875 1226 1910; x_wconf 81' lang='grc' dir='ltr'>οὐρανῶν</span> <span class='ocrx_word' id='word_1_574' title='bbox 1242 1875 1380 1910; x_wconf 83' lang='grc' dir='ltr'>τυγχάνει.</span> <span class='ocrx_word' id='word_1_575' title='bbox 1407 1874 1465 1902; x_wconf 82' lang='grc' dir='ltr'><strong>Εἶθ’</strong></span> <span class='ocrx_word' id='word_1_576' title='bbox 1482 1876 1545 1911; x_wconf 82' lang='grc' dir='ltr'><strong>ὲξῆς</strong></span> <span class='ocrx_word' id='word_1_577' title='bbox 1563 1876 1612 1912; x_wconf 81' lang='grc' dir='ltr'><strong>τὴν</strong></span> <span class='ocrx_word' id='word_1_578' title='bbox 1627 1876 1776 1912; x_wconf 81' lang='grc' dir='ltr'>μέλλουσαν</span> <span class='ocrx_word' id='word_1_579' title='bbox 1793 1877 1897 1904; x_wconf 74' lang='grc' dir='ltr'>ἅπασιν</span> 
     </span>
    </p>
   </div>
   <div class='ocr_carea' id='block_1_82' title="bbox 1102 1921 1897 1960">
    <p class='ocr_par' dir='ltr' id='par_1_82' title="bbox 1102 1921 1897 1960">
     <span class='ocr_line' id='line_1_82' title="bbox 1102 1921 1897 1960; baseline 0.004 -12"><span class='ocrx_word' id='word_1_580' title='bbox 1102 1921 1258 1958; x_wconf 80' lang='grc' dir='ltr'>ἀνθρώποις</span> <span class='ocrx_word' id='word_1_581' title='bbox 1275 1922 1464 1958; x_wconf 81' lang='grc' dir='ltr'>προξενεῖσθαι</span> <span class='ocrx_word' id='word_1_582' title='bbox 1481 1924 1535 1950; x_wconf 77' lang='grc' dir='ltr'><strong>ἀπὸ</strong></span> <span class='ocrx_word' id='word_1_583' title='bbox 1559 1924 1650 1951; x_wconf 86' lang='grc' dir='ltr'>κακῶν</span> <span class='ocrx_word' id='word_1_584' title='bbox 1671 1923 1828 1960; x_wconf 78' lang='grc' dir='ltr'>ἐλευθερίαν</span> <span class='ocrx_word' id='word_1_585' title='bbox 1852 1924 1897 1951; x_wconf 80' lang='grc' dir='ltr'>διὰ</span> 
     </span>
    </p>
   </div>
   <div class='ocr_carea' id='block_1_83' title="bbox 1102 1968 1896 2006">
    <p class='ocr_par' dir='ltr' id='par_1_83' title="bbox 1102 1968 1896 2006">
     <span class='ocr_line' id='line_1_83' title="bbox 1102 1968 1896 2006; baseline 0.004 -12"><span class='ocrx_word' id='word_1_586' title='bbox 1102 1968 1149 1994; x_wconf 82' lang='grc' dir='ltr'>τοῦ</span> <span class='ocrx_word' id='word_1_587' title='bbox 1180 1969 1315 2004; x_wconf 81' lang='grc' dir='ltr'>σωτηρίου</span> <span class='ocrx_word' id='word_1_588' title='bbox 1345 1969 1504 2005; x_wconf 86' lang='grc' dir='ltr'>παρίστησι.</span> <span class='ocrx_word' id='word_1_589' title='bbox 1537 1970 1593 1996; x_wconf 72' lang='grc' dir='ltr'><strong>Καὶ</strong></span> <span class='ocrx_word' id='word_1_590' title='bbox 1618 1969 1667 1996; x_wconf 80' lang='grc' dir='ltr'>θέα.</span> <span class='ocrx_word' id='word_1_591' title='bbox 1693 1970 1755 1997; x_wconf 82' lang='grc' dir='ltr'>τίνα</span> <span class='ocrx_word' id='word_1_592' title='bbox 1784 1970 1896 2006; x_wconf 86' lang='grc' dir='ltr'>τρόπον,</span> 
     </span>
    </p>
   </div>
   <div class='ocr_carea' id='block_1_84' title="bbox 1103 2015 1894 2052">
    <p class='ocr_par' dir='ltr' id='par_1_84' title="bbox 1103 2015 1894 2052">
     <span class='ocr_line' id='line_1_84' title="bbox 1103 2015 1894 2052; baseline 0.003 -11"><span class='ocrx_word' id='word_1_593' title='bbox 1103 2015 1203 2051; x_wconf 78' lang='grc' dir='ltr'>ἑτέρων</span> <span class='ocrx_word' id='word_1_594' title='bbox 1222 2015 1424 2052; x_wconf 83' lang='grc' dir='ltr'>λυτρουμένων,</span> <span class='ocrx_word' id='word_1_595' title='bbox 1453 2015 1564 2051; x_wconf 79' lang='grc' dir='ltr'>ἐτέρους</span> <span class='ocrx_word' id='word_1_596' title='bbox 1591 2016 1673 2052; x_wconf 70' lang='grc' dir='ltr'>φησὶν</span> <span class='ocrx_word' id='word_1_597' title='bbox 1698 2016 1894 2051; x_wconf 80' lang='grc' dir='ltr'>ἀγαλλιᾶσθαι”</span> 
     </span>
    </p>
   </div>
   <div class='ocr_carea' id='block_1_85' title="bbox 1101 2062 1898 2099">
    <p class='ocr_par' dir='ltr' id='par_1_85' title="bbox 1101 2062 1898 2099">
     <span class='ocr_line' id='line_1_85' title="bbox 1101 2062 1898 2099; baseline 0.004 -12"><span class='ocrx_word' id='word_1_598' title='bbox 1101 2062 1131 2089; x_wconf 78' lang='grc' dir='ltr'>ὲν</span> <span class='ocrx_word' id='word_1_599' title='bbox 1155 2062 1194 2097; x_wconf 86' lang='grc' dir='ltr'>τῷ</span> <span class='ocrx_word' id='word_1_600' title='bbox 1217 2062 1272 2098; x_wconf 83' lang='grc' dir='ltr'><strong>γὰρ</strong></span> <span class='ocrx_word' id='word_1_601' title='bbox 1305 2062 1511 2099; x_wconf 76' lang='grc' dir='ltr'>ἠλευθερῶσθαι</span> <span class='ocrx_word' id='word_1_602' title='bbox 1549 2063 1598 2099; x_wconf 83' lang='grc' dir='ltr'><strong>τὴν</strong></span> <span class='ocrx_word' id='word_1_603' title='bbox 1629 2064 1818 2099; x_wconf 71' lang='grc' dir='ltr'>αἰχμαλωσίαν</span> <span class='ocrx_word' id='word_1_604' title='bbox 1848 2063 1898 2091; x_wconf 65' lang='grc' dir='ltr'>τοῦ</span> 
     </span>
    </p>
   </div>
   <div class='ocr_carea' id='block_1_86' title="bbox 1101 2107 1901 2147">
    <p class='ocr_par' dir='ltr' id='par_1_86' title="bbox 1101 2107 1901 2147">
     <span class='ocr_line' id='line_1_86' title="bbox 1101 2107 1901 2147; baseline 0.004 -13"><span class='ocrx_word' id='word_1_605' title='bbox 1101 2107 1174 2147; x_wconf 45' lang='grc' dir='ltr'>λαοῦ.</span> <span class='ocrx_word' id='word_1_606' title='bbox 1185 2109 1307 2144; x_wconf 84' lang='grc' dir='ltr'>Κυρίου,</span> <span class='ocrx_word' id='word_1_607' title='bbox 1332 2108 1576 2144; x_wconf 71' lang='grc' dir='ltr'>Ὰγαλλιάσεται,</span> <span class='ocrx_word' id='word_1_608' title='bbox 1601 2110 1694 2144; x_wconf 66' lang='grc' dir='ltr'>φησιν,</span> <span class='ocrx_word' id='word_1_609' title='bbox 1717 2109 1825 2143; x_wconf 79' lang='grc' dir='ltr'>Ἰακὼϐ,</span> <span class='ocrx_word' id='word_1_610' title='bbox 1844 2110 1901 2137; x_wconf 63' lang='grc' dir='ltr'>καὶν</span> 
     </span>
    </p>
   </div>
   <div class='ocr_carea' id='block_1_87' title="bbox 1100 2154 1895 2192">
    <p class='ocr_par' dir='ltr' id='par_1_87' title="bbox 1100 2154 1895 2192">
     <span class='ocr_line' id='line_1_87' title="bbox 1100 2154 1895 2192; baseline 0.003 -11"><span class='ocrx_word' id='word_1_611' title='bbox 1100 2155 1337 2189; x_wconf 68' lang='grc' dir='ltr'>εὐφρανθήσεται</span> <span class='ocrx_word' id='word_1_612' title='bbox 1360 2155 1490 2190; x_wconf 72' lang='grc' dir='ltr'>Ἰσραήλ.</span> <span class='ocrx_word' id='word_1_613' title='bbox 1512 2156 1573 2183; x_wconf 86' lang='grc' dir='ltr'>Τῶν</span> <span class='ocrx_word' id='word_1_614' title='bbox 1592 2154 1639 2183; x_wconf 83' lang='grc' dir='ltr'><strong>οὖν</strong></span> <span class='ocrx_word' id='word_1_615' title='bbox 1662 2156 1745 2183; x_wconf 82' lang='grc' dir='ltr'>πάλαι</span> <span class='ocrx_word' id='word_1_616' title='bbox 1769 2157 1895 2192; x_wconf 76' lang='grc' dir='ltr'>ᾐχμαλω-</span> 
     </span>
    </p>
   </div>
   <div class='ocr_carea' id='block_1_88' title="bbox 1099 2201 1895 2237">
    <p class='ocr_par' dir='ltr' id='par_1_88' title="bbox 1099 2201 1895 2237">
     <span class='ocr_line' id='line_1_88' title="bbox 1099 2201 1895 2237; baseline 0.001 -10"><span class='ocrx_word' id='word_1_617' title='bbox 1099 2201 1235 2237; x_wconf 83' lang='grc' dir='ltr'>τισμένων</span> <span class='ocrx_word' id='word_1_618' title='bbox 1250 2202 1302 2228; x_wconf 81' lang='grc' dir='ltr'>ὑπὸ</span> <span class='ocrx_word' id='word_1_619' title='bbox 1315 2202 1364 2237; x_wconf 80' lang='grc' dir='ltr'>τῆς</span> <span class='ocrx_word' id='word_1_620' title='bbox 1378 2202 1537 2237; x_wconf 65' lang='grc' dir='ltr'>δαιμονικῆς</span> <span class='ocrx_word' id='word_1_621' title='bbox 1549 2202 1652 2237; x_wconf 79' lang='grc' dir='ltr'><strong>πλάνης</strong></span> <span class='ocrx_word' id='word_1_622' title='bbox 1667 2202 1770 2237; x_wconf 80' lang='grc' dir='ltr'>ψυχῶν,</span> <span class='ocrx_word' id='word_1_623' title='bbox 1783 2201 1895 2237; x_wconf 86' lang='grc' dir='ltr'>μελλου-</span> 
     </span>
    </p>
   </div>
   <div class='ocr_carea' id='block_1_89' title="bbox 1102 2248 1894 2285">
    <p class='ocr_par' dir='ltr' id='par_1_89' title="bbox 1102 2248 1894 2285">
     <span class='ocr_line' id='line_1_89' title="bbox 1102 2248 1894 2285; baseline 0 -10"><span class='ocrx_word' id='word_1_624' title='bbox 1102 2248 1155 2276; x_wconf 88' lang='grc' dir='ltr'><strong>σῶν</strong></span> <span class='ocrx_word' id='word_1_625' title='bbox 1166 2248 1211 2275; x_wconf 76' lang='grc' dir='ltr'>διὰ</span> <span class='ocrx_word' id='word_1_626' title='bbox 1222 2249 1268 2275; x_wconf 76' lang='grc' dir='ltr'>τοῦ</span> <span class='ocrx_word' id='word_1_627' title='bbox 1286 2249 1418 2285; x_wconf 83' lang='grc' dir='ltr'>σωτηρίου</span> <span class='ocrx_word' id='word_1_628' title='bbox 1435 2248 1481 2275; x_wconf 82' lang='grc' dir='ltr'><strong>τοῦ</strong></span> <span class='ocrx_word' id='word_1_629' title='bbox 1491 2248 1558 2275; x_wconf 85' lang='grc' dir='ltr'>Θεοῦ</span> <span class='ocrx_word' id='word_1_630' title='bbox 1574 2248 1730 2284; x_wconf 76' lang='grc' dir='ltr'>ἐλευθερίας</span> <span class='ocrx_word' id='word_1_631' title='bbox 1740 2248 1894 2284; x_wconf 80' lang='grc' dir='ltr'>τυγχάνειν,</span> 
     </span>
    </p>
   </div>
   <div class='ocr_carea' id='block_1_90' title="bbox 251 2294 1052 2333">
    <p class='ocr_par' dir='ltr' id='par_1_90' title="bbox 251 2294 1046 2331">
     <span class='ocr_line' id='line_1_90' title="bbox 251 2294 1046 2331; baseline 0.001 -9"><span class='ocrx_word' id='word_1_632' title='bbox 251 2295 377 2323; x_wconf 76' lang='lat' dir='ltr'><strong>homines</strong></span> <span class='ocrx_word' id='word_1_633' title='bbox 391 2299 637 2329; x_wconf 83' lang='lat' dir='ltr'><strong>converterentur;</strong></span> <span class='ocrx_word' id='word_1_634' title='bbox 655 2295 703 2331; x_wconf 88' lang='lat' dir='ltr'><strong>qui</strong></span> <span class='ocrx_word' id='word_1_635' title='bbox 730 2295 795 2322; x_wconf 87' lang='lat' dir='ltr'><strong>olim</strong></span> <span class='ocrx_word' id='word_1_636' title='bbox 812 2295 839 2322; x_wconf 89' lang='lat' dir='ltr'><strong>in</strong></span> <span class='ocrx_word' id='word_1_637' title='bbox 855 2294 910 2322; x_wconf 91' lang='lat' dir='ltr'><strong>Deo</strong></span> <span class='ocrx_word' id='word_1_638' title='bbox 924 2295 1046 2324; x_wconf 81' lang='lat' dir='ltr'><strong>defuncti</strong></span> 
     </span>
    </p>
   </div>
   <div class='ocr_carea' id='block_1_91' title="bbox 1103 2294 1895 2333">
    <p class='ocr_par' dir='ltr' id='par_1_91' title="bbox 1103 2294 1895 2330">
     <span class='ocr_line' id='line_1_91' title="bbox 1103 2294 1895 2330; baseline -0.001 -9"><span class='ocrx_word' id='word_1_639' title='bbox 1103 2295 1147 2322; x_wconf 73' lang='grc' dir='ltr'><strong>καὶ</strong></span> <span class='ocrx_word' id='word_1_640' title='bbox 1167 2295 1196 2328; x_wconf 77' lang='grc' dir='ltr'><strong>ἐξ</strong></span> <span class='ocrx_word' id='word_1_641' title='bbox 1219 2295 1346 2322; x_wconf 84' lang='grc' dir='ltr'>ἁπάντων</span> <span class='ocrx_word' id='word_1_642' title='bbox 1365 2295 1419 2321; x_wconf 86' lang='grc' dir='ltr'><strong>τῶν</strong></span> <span class='ocrx_word' id='word_1_643' title='bbox 1439 2295 1524 2322; x_wconf 79' lang='grc' dir='ltr'>ἐθνῶν</span> <span class='ocrx_word' id='word_1_644' title='bbox 1542 2294 1693 2330; x_wconf 79' lang='grc' dir='ltr'>μελλόντων</span> <span class='ocrx_word' id='word_1_645' title='bbox 1718 2295 1895 2330; x_wconf 78' lang='grc' dir='ltr'>ἐπιστρέφειν</span> 
     </span>
    </p>
   </div>
   <div class='ocr_carea' id='block_1_92' title="bbox 252 2341 1047 2377">
    <p class='ocr_par' dir='ltr' id='par_1_92' title="bbox 252 2341 1047 2377">
     <span class='ocr_line' id='line_1_92' title="bbox 252 2341 1047 2377; baseline 0 -8"><span class='ocrx_word' id='word_1_646' title='bbox 252 2347 316 2369; x_wconf 85' lang='lat' dir='ltr'><strong>sunt</strong></span> <span class='ocrx_word' id='word_1_647' title='bbox 328 2342 396 2376; x_wconf 88' lang='lat' dir='ltr'><strong>justi</strong></span> <span class='ocrx_word' id='word_1_648' title='bbox 411 2347 494 2377; x_wconf 86' lang='lat' dir='ltr'><strong>atque</strong></span> <span class='ocrx_word' id='word_1_649' title='bbox 508 2341 658 2377; x_wconf 65' lang='lat' dir='ltr'><strong>prophetae.</strong></span> <span class='ocrx_word' id='word_1_650' title='bbox 672 2342 718 2376; x_wconf 92' lang='lat' dir='ltr'><strong>qui</strong></span> <span class='ocrx_word' id='word_1_651' title='bbox 736 2349 799 2369; x_wconf 90' lang='lat' dir='ltr'><strong>vere</strong></span> <span class='ocrx_word' id='word_1_652' title='bbox 813 2341 907 2374; x_wconf 87' lang='lat' dir='ltr'><strong>Israel,</strong></span> <span class='ocrx_word' id='word_1_653' title='bbox 925 2349 988 2369; x_wconf 87' lang='lat' dir='ltr'><strong>vere</strong></span> <span class='ocrx_word' id='word_1_654' title='bbox 999 2341 1047 2368; x_wconf 63' lang='lat' dir='ltr'><strong>Ia-</strong></span> 
     </span>
    </p>
   </div>
   <div class='ocr_carea' id='block_1_93' title="bbox 251 2385 1045 2424">
    <p class='ocr_par' dir='ltr' id='par_1_93' title="bbox 251 2385 1045 2424">
     <span class='ocr_line' id='line_1_93' title="bbox 251 2385 1045 2424; baseline 0.001 -10"><span class='ocrx_word' id='word_1_655' title='bbox 251 2388 303 2416; x_wconf 87' lang='lat' dir='ltr'><strong>cob</strong></span> <span class='ocrx_word' id='word_1_656' title='bbox 319 2386 471 2424; x_wconf 70' lang='lat' dir='ltr'><strong>nuncupari</strong></span> <span class='ocrx_word' id='word_1_657' title='bbox 487 2385 617 2423; x_wconf 76' lang='lat' dir='ltr'><strong>pessum,</strong></span> <span class='ocrx_word' id='word_1_658' title='bbox 631 2388 808 2416; x_wconf 78' lang='lat' dir='ltr'><strong>exsultabunt</strong></span> <span class='ocrx_word' id='word_1_659' title='bbox 824 2396 857 2415; x_wconf 90' lang='lat' dir='ltr'><strong>ac</strong></span> <span class='ocrx_word' id='word_1_660' title='bbox 871 2388 1045 2421; x_wconf 65' lang='lat' dir='ltr'><strong>laetabuntur,</strong></span> 
     </span>
    </p>
   </div>
   <div class='ocr_carea' id='block_1_94' title="bbox 251 2435 1044 2470">
    <p class='ocr_par' dir='ltr' id='par_1_94' title="bbox 251 2435 1044 2470">
     <span class='ocr_line' id='line_1_94' title="bbox 251 2435 1044 2470; baseline 0 -8"><span class='ocrx_word' id='word_1_661' title='bbox 251 2435 324 2470; x_wconf 84' lang='lat' dir='ltr'><strong>quod</strong></span> <span class='ocrx_word' id='word_1_662' title='bbox 340 2435 469 2462; x_wconf 83' lang='lat' dir='ltr'><strong>vaticinia</strong></span> <span class='ocrx_word' id='word_1_663' title='bbox 486 2435 521 2462; x_wconf 90' lang='lat' dir='ltr'><strong>ab</strong></span> <span class='ocrx_word' id='word_1_664' title='bbox 536 2443 566 2462; x_wconf 86' lang='lat' dir='ltr'><strong>se</strong></span> <span class='ocrx_word' id='word_1_665' title='bbox 585 2435 618 2462; x_wconf 88' lang='lat' dir='ltr'><strong>de</strong></span> <span class='ocrx_word' id='word_1_666' title='bbox 633 2435 713 2462; x_wconf 91' lang='lat' dir='ltr'><strong>nobis</strong></span> <span class='ocrx_word' id='word_1_667' title='bbox 730 2436 802 2463; x_wconf 90' lang='lat' dir='ltr'><strong>edita</strong></span> <span class='ocrx_word' id='word_1_668' title='bbox 815 2435 950 2469; x_wconf 85' lang='lat' dir='ltr'><strong>completa</strong></span> <span class='ocrx_word' id='word_1_669' title='bbox 973 2435 1044 2467; x_wconf 85' lang='lat' dir='ltr'><strong>sint,</strong></span> 
     </span>
    </p>
   </div>
   <div class='ocr_carea' id='block_1_95' title="bbox 251 2474 1046 2519">
    <p class='ocr_par' dir='ltr' id='par_1_95' title="bbox 251 2474 1046 2519">
     <span class='ocr_line' id='line_1_95' title="bbox 251 2474 1046 2519; baseline 0.003 -13"><span class='ocrx_word' id='word_1_670' title='bbox 251 2481 379 2516; x_wconf 84' lang='lat' dir='ltr'><strong>quodque</strong></span> <span class='ocrx_word' id='word_1_671' title='bbox 394 2481 444 2519; x_wconf 75' lang='lat' dir='ltr'><strong>ipsi</strong></span> <span class='ocrx_word' id='word_1_672' title='bbox 467 2481 546 2509; x_wconf 88' lang='lat' dir='ltr'><strong>nobis</strong></span> <span class='ocrx_word' id='word_1_673' title='bbox 571 2481 604 2508; x_wconf 88' lang='lat' dir='ltr'><strong>de</strong></span> <span class='ocrx_word' id='word_1_674' title='bbox 618 2482 714 2516; x_wconf 85' lang='lat' dir='ltr'><strong>adepta</strong></span> <span class='ocrx_word' id='word_1_675' title='bbox 741 2482 828 2509; x_wconf 81' lang='lat' dir='ltr'><strong>salute</strong></span> <span class='ocrx_word' id='word_1_676' title='bbox 852 2474 1046 2517; x_wconf 78' lang='lat' dir='ltr'><strong>congratulen-</strong></span> 
     </span>
    </p>
   </div>
   <div class='ocr_carea' id='block_1_96' title="bbox 236 2526 1047 2561">
    <p class='ocr_par' dir='ltr' id='par_1_96' title="bbox 236 2526 1047 2561">
     <span class='ocr_line' id='line_1_96' title="bbox 236 2526 1047 2561; baseline 0.002 -8"><span class='ocrx_word' id='word_1_677' title='bbox 236 2531 307 2554; x_wconf 65' lang='lat' dir='ltr'><strong>‘tut&#39;.</strong></span> <span class='ocrx_word' id='word_1_678' title='bbox 323 2526 495 2561; x_wconf 81' lang='lat' dir='ltr'><strong>Quapropter</strong></span> <span class='ocrx_word' id='word_1_679' title='bbox 513 2527 624 2555; x_wconf 87' lang='lat' dir='ltr'><strong>Simeon</strong></span> <span class='ocrx_word' id='word_1_680' title='bbox 635 2547 641 2558; x_wconf 85' lang='lat'><strong>.</strong></span> <span class='ocrx_word' id='word_1_681' title='bbox 662 2535 725 2554; x_wconf 90' lang='lat' dir='ltr'><strong>cum</strong></span> <span class='ocrx_word' id='word_1_682' title='bbox 742 2528 775 2554; x_wconf 87' lang='lat' dir='ltr'><strong>de</strong></span> <span class='ocrx_word' id='word_1_683' title='bbox 791 2527 932 2555; x_wconf 85' lang='lat' dir='ltr'><strong>Salvatore</strong></span> <span class='ocrx_word' id='word_1_684' title='bbox 959 2528 1047 2555; x_wconf 75' lang='lat' dir='ltr'><strong>dixis~</strong></span> 
     </span>
    </p>
   </div>
   <div class='ocr_carea' id='block_1_97' title="bbox 251 2573 1044 2613">
    <p class='ocr_par' dir='ltr' id='par_1_97' title="bbox 251 2573 1044 2613">
     <span class='ocr_line' id='line_1_97' title="bbox 251 2573 1044 2613; baseline 0.001 -11"><span class='ocrx_word' id='word_1_685' title='bbox 251 2578 315 2602; x_wconf 81' lang='lat' dir='ltr'><strong>sel:</strong></span> <span class='ocrx_word' id='word_1_686' title='bbox 334 2573 434 2601; x_wconf 80' lang='lat' dir='ltr'><strong>Lumen</strong></span> <span class='ocrx_word' id='word_1_687' title='bbox 452 2576 504 2602; x_wconf 87' lang='lat' dir='ltr'><strong>erit</strong></span> <span class='ocrx_word' id='word_1_688' title='bbox 524 2575 558 2602; x_wconf 83' lang='lat' dir='ltr'><strong>ml</strong></span> <span class='ocrx_word' id='word_1_689' title='bbox 577 2575 762 2613; x_wconf 77' lang='lat' dir='ltr'><strong>reuelationem</strong></span> <span class='ocrx_word' id='word_1_690' title='bbox 775 2576 909 2610; x_wconf 79' lang='lat' dir='ltr'><strong>gentium;</strong></span> <span class='ocrx_word' id='word_1_691' title='bbox 928 2576 1044 2608; x_wconf 85' lang='lat' dir='ltr'><strong>addidit,</strong></span> 
     </span>
    </p>
   </div>
   <div class='ocr_carea' id='block_1_98' title="bbox 250 2620 726 2655">
    <p class='ocr_par' dir='ltr' id='par_1_98' title="bbox 250 2620 726 2655">
     <span class='ocr_line' id='line_1_98' title="bbox 250 2620 726 2655; baseline 0.002 -7"><span class='ocrx_word' id='word_1_692' title='bbox 250 2626 274 2648; x_wconf 78' lang='lat' dir='ltr'><strong>et</strong></span> <span class='ocrx_word' id='word_1_693' title='bbox 285 2620 400 2655; x_wconf 76' lang='lat' dir='ltr'><strong>gloriam</strong></span> <span class='ocrx_word' id='word_1_694' title='bbox 413 2620 496 2655; x_wconf 77' lang='lat' dir='ltr'><strong>plebis</strong></span> <span class='ocrx_word' id='word_1_695' title='bbox 513 2627 576 2653; x_wconf 77' lang='lat' dir='ltr'><strong>tute,</strong></span> <span class='ocrx_word' id='word_1_696' title='bbox 592 2622 679 2648; x_wconf 86' lang='lat' dir='ltr'><strong>Israel</strong></span> <span class='ocrx_word' id='word_1_697' title='bbox 694 2622 726 2649; x_wconf 73' lang='grc'><strong>⁸⁸.</strong></span> 
     </span>
    </p>
   </div>
   <div class='ocr_carea' id='block_1_99' title="bbox 365 2722 924 2752">
    <p class='ocr_par' dir='ltr' id='par_1_99' title="bbox 365 2722 924 2752">
     <span class='ocr_line' id='line_1_99' title="bbox 365 2722 924 2752; baseline 0 -1"><span class='ocrx_word' id='word_1_698' title='bbox 365 2724 399 2751; x_wconf 83' lang='grc' dir='ltr'><strong>ΙΝ</strong></span> <span class='ocrx_word' id='word_1_699' title='bbox 419 2722 525 2751; x_wconf 77' lang='lat' dir='ltr'><strong>FINEM</strong></span> <span class='ocrx_word' id='word_1_700' title='bbox 544 2722 709 2752; x_wconf 77' lang='lat' dir='ltr'><strong>PSALMUS</strong></span> <span class='ocrx_word' id='word_1_701' title='bbox 729 2723 835 2751; x_wconf 73' lang='lat' dir='ltr'><strong>DAVID</strong></span> <span class='ocrx_word' id='word_1_702' title='bbox 853 2723 924 2752; x_wconf 78' lang='lat' dir='ltr'><strong>XIV.</strong></span> 
     </span>
    </p>
   </div>
   <div class='ocr_carea' id='block_1_100' title="bbox 294 2781 1044 2816">
    <p class='ocr_par' dir='ltr' id='par_1_100' title="bbox 294 2781 1044 2816">
     <span class='ocr_line' id='line_1_100' title="bbox 294 2781 1044 2816; baseline 0.001 -8"><span class='ocrx_word' id='word_1_703' title='bbox 294 2787 372 2809; x_wconf 70' lang='lat' dir='ltr'><strong>Vens.</strong></span> <span class='ocrx_word' id='word_1_704' title='bbox 394 2782 421 2809; x_wconf 77' lang='grc' dir='ltr'><strong>Ι.</strong></span> <span class='ocrx_word' id='word_1_705' title='bbox 444 2781 571 2813; x_wconf 84' lang='lat' dir='ltr'><strong>Domine,</strong></span> <span class='ocrx_word' id='word_1_706' title='bbox 596 2781 654 2816; x_wconf 75' lang='lat' dir='ltr'><strong>quis</strong></span> <span class='ocrx_word' id='word_1_707' title='bbox 670 2781 800 2809; x_wconf 79' lang='lat' dir='ltr'><strong>habitabit</strong></span> <span class='ocrx_word' id='word_1_708' title='bbox 828 2782 854 2808; x_wconf 83' lang='lat' dir='ltr'><strong>in</strong></span> <span class='ocrx_word' id='word_1_709' title='bbox 875 2781 1044 2809; x_wconf 78' lang='lat' dir='ltr'><strong>tabernaculo</strong></span> 
     </span>
    </p>
   </div>
   <div class='ocr_carea' id='block_1_101' title="bbox 254 2828 1046 2864">
    <p class='ocr_par' dir='ltr' id='par_1_101' title="bbox 254 2828 1046 2864">
     <span class='ocr_line' id='line_1_101' title="bbox 254 2828 1046 2864; baseline 0 -8"><span class='ocrx_word' id='word_1_710' title='bbox 254 2834 298 2856; x_wconf 82' lang='lat' dir='ltr'><strong>tuo</strong></span> <span class='ocrx_word' id='word_1_711' title='bbox 308 2831 321 2856; x_wconf 85' lang='lat'>?</span> <span class='ocrx_word' id='word_1_712' title='bbox 335 2833 381 2855; x_wconf 84' lang='lat' dir='ltr'><strong>aut</strong></span> <span class='ocrx_word' id='word_1_713' title='bbox 398 2829 456 2864; x_wconf 75' lang='lat' dir='ltr'><strong>quis</strong></span> <span class='ocrx_word' id='word_1_714' title='bbox 477 2828 617 2863; x_wconf 78' lang='lat' dir='ltr'><strong>requiescet</strong></span> <span class='ocrx_word' id='word_1_715' title='bbox 632 2828 660 2853; x_wconf 91' lang='lat' dir='ltr'><strong>in</strong></span> <span class='ocrx_word' id='word_1_716' title='bbox 675 2833 761 2855; x_wconf 82' lang='lat' dir='ltr'><strong>monte</strong></span> <span class='ocrx_word' id='word_1_717' title='bbox 775 2833 868 2856; x_wconf 81' lang='lat' dir='ltr'><strong>sancto</strong></span> <span class='ocrx_word' id='word_1_718' title='bbox 884 2829 950 2856; x_wconf 78' lang='lat' dir='ltr'><strong>tuo?</strong></span> <span class='ocrx_word' id='word_1_719' title='bbox 969 2828 992 2854; x_wconf 81' lang='grc' dir='ltr'><strong>Α</strong></span> <span class='ocrx_word' id='word_1_720' title='bbox 1006 2829 1046 2856; x_wconf 73' lang='lat' dir='ltr'><strong>vi-</strong></span> 
     </span>
    </p>
   </div>
   <div class='ocr_carea' id='block_1_102' title="bbox 252 2872 1042 2909">
    <p class='ocr_par' dir='ltr' id='par_1_102' title="bbox 252 2872 1042 2909">
     <span class='ocr_line' id='line_1_102' title="bbox 252 2872 1042 2909; baseline -0.004 -8"><span class='ocrx_word' id='word_1_721' title='bbox 252 2873 404 2901; x_wconf 81' lang='lat' dir='ltr'><strong>cinioribus</strong></span> <span class='ocrx_word' id='word_1_722' title='bbox 418 2872 571 2909; x_wconf 88' lang='lat' dir='ltr'><strong>procedens</strong></span> <span class='ocrx_word' id='word_1_723' title='bbox 582 2892 590 2906; x_wconf 89' lang='lat'><strong>,</strong></span> <span class='ocrx_word' id='word_1_724' title='bbox 621 2872 771 2908; x_wconf 80' lang='lat' dir='ltr'><strong>perfectum</strong></span> <span class='ocrx_word' id='word_1_725' title='bbox 787 2873 875 2901; x_wconf 92' lang='lat' dir='ltr'><strong>virum</strong></span> <span class='ocrx_word' id='word_1_726' title='bbox 902 2872 1042 2904; x_wconf 80' lang='lat' dir='ltr'><strong>describit.</strong></span> 
     </span>
    </p>
   </div>
   <div class='ocr_carea' id='block_1_103' title="bbox 793 2950 809 2968">
    <p class='ocr_par' dir='ltr' id='par_1_103' title="bbox 793 2950 809 2968">
     <span class='ocr_line' id='line_1_103' title="bbox 793 2950 809 2968; baseline 0 -2"><span class='ocrx_word' id='word_1_727' title='bbox 793 2950 809 2968; x_wconf 74' lang='grc' dir='ltr'>ο</span> 
     </span>
    </p>
   </div>
   <div class='ocr_carea' id='block_1_104' title="bbox 795 2967 820 2978">
    <p class='ocr_par' dir='ltr' id='par_1_104' title="bbox 795 2967 820 2978">
     <span class='ocr_line' id='line_1_104' title="bbox 795 2967 820 2978; baseline 0.08 -2"><span class='ocrx_word' id='word_1_728' title='bbox 795 2967 820 2978; x_wconf 61' lang='grc' dir='ltr'>α.</span> 
     </span>
    </p>
   </div>
   <div class='ocr_carea' id='block_1_105' title="bbox 291 2949 769 2985">
    <p class='ocr_par' dir='ltr' id='par_1_105' title="bbox 291 2949 769 2985">
     <span class='ocr_line' id='line_1_105' title="bbox 291 2949 769 2985; baseline -0.008 -5"><span class='ocrx_word' id='word_1_729' title='bbox 291 2953 312 2969; x_wconf 89' lang='lat'>&quot;</span> <span class='ocrx_word' id='word_1_730' title='bbox 332 2952 382 2980; x_wconf 86' lang='lat' dir='ltr'><strong>Isa.</strong></span> <span class='ocrx_word' id='word_1_731' title='bbox 402 2961 466 2985; x_wconf 72' lang='lat' dir='ltr'><strong>Lix,</strong></span> <span class='ocrx_word' id='word_1_732' title='bbox 482 2951 525 2979; x_wconf 73' lang='lat'><strong>20.</strong></span> <span class='ocrx_word' id='word_1_733' title='bbox 567 2951 587 2968; x_wconf 81' lang='grc'><strong>’⁸</strong></span> <span class='ocrx_word' id='word_1_734' title='bbox 606 2949 679 2978; x_wconf 78' lang='lat' dir='ltr'><strong>I’sal.</strong></span> <span class='ocrx_word' id='word_1_735' title='bbox 697 2957 769 2983; x_wconf 71' lang='lat' dir='ltr'><strong>uix,</strong></span> 
     </span>
    </p>
   </div>
   <div class='ocr_carea' id='block_1_106' title="bbox 1099 2340 1894 2377">
    <p class='ocr_par' dir='ltr' id='par_1_106' title="bbox 1099 2340 1894 2377">
     <span class='ocr_line' id='line_1_106' title="bbox 1099 2340 1894 2377; baseline 0.001 -11"><span class='ocrx_word' id='word_1_736' title='bbox 1099 2341 1145 2366; x_wconf 76' lang='grc' dir='ltr'><strong>ἐπὶ</strong></span> <span class='ocrx_word' id='word_1_737' title='bbox 1163 2340 1208 2367; x_wconf 77' lang='grc' dir='ltr'>τὸν</span> <span class='ocrx_word' id='word_1_738' title='bbox 1224 2341 1337 2377; x_wconf 80' lang='grc' dir='ltr'>Κύριον,</span> <span class='ocrx_word' id='word_1_739' title='bbox 1362 2341 1386 2367; x_wconf 76' lang='grc' dir='ltr'><strong>οἱ</strong></span> <span class='ocrx_word' id='word_1_740' title='bbox 1401 2341 1486 2368; x_wconf 84' lang='grc' dir='ltr'>πάλαι</span> <span class='ocrx_word' id='word_1_741' title='bbox 1508 2340 1584 2377; x_wconf 83' lang='grc' dir='ltr'>παρὰ</span> <span class='ocrx_word' id='word_1_742' title='bbox 1599 2341 1637 2376; x_wconf 85' lang='grc' dir='ltr'>τῷ</span> <span class='ocrx_word' id='word_1_743' title='bbox 1652 2341 1711 2376; x_wconf 88' lang='grc' dir='ltr'>Θεῷ</span> <span class='ocrx_word' id='word_1_744' title='bbox 1733 2341 1894 2368; x_wconf 85' lang='grc' dir='ltr'>ἀναπεπαυ-</span> 
     </span>
    </p>
   </div>
   <div class='ocr_carea' id='block_1_107' title="bbox 1101 2386 1894 2423">
    <p class='ocr_par' dir='ltr' id='par_1_107' title="bbox 1101 2386 1894 2423">
     <span class='ocr_line' id='line_1_107' title="bbox 1101 2386 1894 2423; baseline 0.001 -11"><span class='ocrx_word' id='word_1_745' title='bbox 1101 2386 1175 2421; x_wconf 85' lang='grc' dir='ltr'>μένοι</span> <span class='ocrx_word' id='word_1_746' title='bbox 1198 2387 1295 2414; x_wconf 86' lang='grc' dir='ltr'>δίκαιοι</span> <span class='ocrx_word' id='word_1_747' title='bbox 1320 2387 1367 2414; x_wconf 76' lang='grc' dir='ltr'><strong>καὶ</strong></span> <span class='ocrx_word' id='word_1_748' title='bbox 1389 2388 1539 2423; x_wconf 81' lang='grc' dir='ltr'>προφῆται,</span> <span class='ocrx_word' id='word_1_749' title='bbox 1563 2388 1642 2414; x_wconf 66' lang='grc' dir='ltr'>αὐτοὶ</span> <span class='ocrx_word' id='word_1_750' title='bbox 1651 2388 1726 2419; x_wconf 76' lang='grc' dir='ltr'>ὄντες</span> <span class='ocrx_word' id='word_1_751' title='bbox 1750 2388 1765 2414; x_wconf 92' lang='lat'><strong>6</strong></span> <span class='ocrx_word' id='word_1_752' title='bbox 1785 2387 1894 2423; x_wconf 81' lang='grc' dir='ltr'>ἀληθῶς</span> 
     </span>
    </p>
   </div>
   <div class='ocr_carea' id='block_1_108' title="bbox 1098 2433 1895 2470">
    <p class='ocr_par' dir='ltr' id='par_1_108' title="bbox 1098 2433 1895 2470">
     <span class='ocr_line' id='line_1_108' title="bbox 1098 2433 1895 2470; baseline -0.001 -10"><span class='ocrx_word' id='word_1_753' title='bbox 1098 2433 1208 2470; x_wconf 83' lang='grc' dir='ltr'>Ἰσραὴλ</span> <span class='ocrx_word' id='word_1_754' title='bbox 1233 2434 1281 2461; x_wconf 78' lang='grc' dir='ltr'>καὶ</span> <span class='ocrx_word' id='word_1_755' title='bbox 1306 2435 1320 2461; x_wconf 84' lang='grc' dir='ltr'><strong><em>ὁ</em></strong></span> <span class='ocrx_word' id='word_1_756' title='bbox 1342 2434 1451 2470; x_wconf 84' lang='grc' dir='ltr'>ἀληθῶς</span> <span class='ocrx_word' id='word_1_757' title='bbox 1476 2434 1584 2466; x_wconf 75' lang='grc' dir='ltr'>Ἰακὼϐ,</span> <span class='ocrx_word' id='word_1_758' title='bbox 1612 2434 1822 2469; x_wconf 78' lang='grc' dir='ltr'>ἀγαλλιάσονται</span> <span class='ocrx_word' id='word_1_759' title='bbox 1847 2434 1895 2460; x_wconf 79' lang='grc' dir='ltr'>καὶ</span> 
     </span>
    </p>
   </div>
   <div class='ocr_carea' id='block_1_109' title="bbox 1099 2479 1893 2517">
    <p class='ocr_par' dir='ltr' id='par_1_109' title="bbox 1099 2479 1893 2517">
     <span class='ocr_line' id='line_1_109' title="bbox 1099 2479 1893 2517; baseline -0.003 -11"><span class='ocrx_word' id='word_1_760' title='bbox 1099 2480 1340 2515; x_wconf 80' lang='grc' dir='ltr'>εὐφρανθήσονται,</span> <span class='ocrx_word' id='word_1_761' title='bbox 1357 2481 1402 2507; x_wconf 84' lang='grc' dir='ltr'>διὰ</span> <span class='ocrx_word' id='word_1_762' title='bbox 1422 2481 1453 2508; x_wconf 77' lang='grc' dir='ltr'><strong>τὸ</strong></span> <span class='ocrx_word' id='word_1_763' title='bbox 1469 2481 1637 2517; x_wconf 76' lang='grc' dir='ltr'>πληροῦσθαι</span> <span class='ocrx_word' id='word_1_764' title='bbox 1657 2480 1747 2507; x_wconf 85' lang='grc' dir='ltr'>αὐτῶν</span> <span class='ocrx_word' id='word_1_765' title='bbox 1762 2479 1811 2512; x_wconf 81' lang='grc' dir='ltr'>τὰς</span> <span class='ocrx_word' id='word_1_766' title='bbox 1828 2479 1893 2515; x_wconf 74' lang='grc' dir='ltr'>περὶ</span> 
     </span>
    </p>
   </div>
   <div class='ocr_carea' id='block_1_110' title="bbox 1100 2526 1892 2563">
    <p class='ocr_par' dir='ltr' id='par_1_110' title="bbox 1100 2526 1892 2563">
     <span class='ocr_line' id='line_1_110' title="bbox 1100 2526 1892 2563; baseline 0 -11"><span class='ocrx_word' id='word_1_767' title='bbox 1100 2526 1178 2562; x_wconf 85' lang='grc' dir='ltr'>ἡμῶν</span> <span class='ocrx_word' id='word_1_768' title='bbox 1195 2528 1373 2562; x_wconf 81' lang='grc' dir='ltr'>προφητείας,</span> <span class='ocrx_word' id='word_1_769' title='bbox 1396 2528 1445 2554; x_wconf 72' lang='grc' dir='ltr'>καὶ</span> <span class='ocrx_word' id='word_1_770' title='bbox 1469 2527 1513 2554; x_wconf 87' lang='grc' dir='ltr'>διὰ</span> <span class='ocrx_word' id='word_1_771' title='bbox 1537 2528 1566 2554; x_wconf 85' lang='grc' dir='ltr'>τὺ</span> <span class='ocrx_word' id='word_1_772' title='bbox 1592 2527 1751 2563; x_wconf 80' lang='grc' dir='ltr'>συγχαίρειν</span> <span class='ocrx_word' id='word_1_773' title='bbox 1770 2527 1802 2561; x_wconf 85' lang='grc' dir='ltr'>τῇ</span> <span class='ocrx_word' id='word_1_774' title='bbox 1822 2527 1892 2561; x_wconf 78' lang='grc' dir='ltr'><strong>ἡμε-</strong></span> 
     </span>
    </p>
   </div>
   <div class='ocr_carea' id='block_1_111' title="bbox 1097 2570 1892 2609">
    <p class='ocr_par' dir='ltr' id='par_1_111' title="bbox 1097 2570 1892 2609">
     <span class='ocr_line' id='line_1_111' title="bbox 1097 2570 1892 2609; baseline 0 -11"><span class='ocrx_word' id='word_1_775' title='bbox 1097 2573 1166 2608; x_wconf 75' lang='grc' dir='ltr'>τέρᾳ</span> <span class='ocrx_word' id='word_1_776' title='bbox 1182 2573 1313 2609; x_wconf 83' lang='grc' dir='ltr'>σωτηρίᾳ.</span> <span class='ocrx_word' id='word_1_777' title='bbox 1337 2574 1382 2599; x_wconf 79' lang='grc' dir='ltr'><strong>Διὸ</strong></span> <span class='ocrx_word' id='word_1_778' title='bbox 1399 2574 1446 2600; x_wconf 79' lang='grc' dir='ltr'><strong>καὶ</strong></span> <span class='ocrx_word' id='word_1_779' title='bbox 1468 2574 1482 2599; x_wconf 89' lang='lat'><strong>6</strong></span> <span class='ocrx_word' id='word_1_780' title='bbox 1500 2573 1623 2609; x_wconf 78' lang='grc' dir='ltr'>Συμεὼν,</span> <span class='ocrx_word' id='word_1_781' title='bbox 1633 2570 1736 2600; x_wconf 63' lang='grc' dir='ltr'>ἐἰπὼν</span> <span class='ocrx_word' id='word_1_782' title='bbox 1758 2573 1822 2608; x_wconf 81' lang='grc' dir='ltr'><strong>περὶ</strong></span> <span class='ocrx_word' id='word_1_783' title='bbox 1845 2572 1892 2598; x_wconf 79' lang='grc' dir='ltr'>τοῦ</span> 
     </span>
    </p>
   </div>
   <div class='ocr_carea' id='block_1_112' title="bbox 1097 2617 1895 2657">
    <p class='ocr_par' dir='ltr' id='par_1_112' title="bbox 1097 2617 1895 2657">
     <span class='ocr_line' id='line_1_112' title="bbox 1097 2617 1895 2657; baseline -0.003 -11"><span class='ocrx_word' id='word_1_784' title='bbox 1097 2619 1234 2655; x_wconf 81' lang='grc' dir='ltr'>Σωτῆρος,</span> <span class='ocrx_word' id='word_1_785' title='bbox 1261 2619 1302 2646; x_wconf 79' lang='grc' dir='ltr'>ὅτι</span> <span class='ocrx_word' id='word_1_786' title='bbox 1326 2619 1391 2652; x_wconf 80' lang='grc' dir='ltr'>Φῶς</span> <span class='ocrx_word' id='word_1_787' title='bbox 1414 2619 1490 2646; x_wconf 77' lang='grc' dir='ltr'>ἔσται</span> <span class='ocrx_word' id='word_1_788' title='bbox 1512 2620 1556 2652; x_wconf 86' lang='grc' dir='ltr'>εὶς</span> <span class='ocrx_word' id='word_1_789' title='bbox 1573 2619 1770 2652; x_wconf 69' lang='grc' dir='ltr'>ἀποκάλυψιν</span> <span class='ocrx_word' id='word_1_790' title='bbox 1784 2617 1895 2657; x_wconf 78' lang='grc' dir='ltr'><strong>ἐθνῶν,¹</strong></span> 
     </span>
    </p>
   </div>
   <div class='ocr_carea' id='block_1_113' title="bbox 1099 2663 1719 2700">
    <p class='ocr_par' dir='ltr' id='par_1_113' title="bbox 1099 2663 1719 2700">
     <span class='ocr_line' id='line_1_113' title="bbox 1099 2663 1719 2700; baseline -0.003 -9"><span class='ocrx_word' id='word_1_791' title='bbox 1099 2664 1234 2700; x_wconf 77' lang='grc' dir='ltr'>ἐπήγαγε,</span> <span class='ocrx_word' id='word_1_792' title='bbox 1253 2664 1302 2691; x_wconf 76' lang='grc' dir='ltr'>καὶ</span> <span class='ocrx_word' id='word_1_793' title='bbox 1316 2664 1410 2696; x_wconf 78' lang='grc' dir='ltr'>δόξαν</span> <span class='ocrx_word' id='word_1_794' title='bbox 1423 2663 1501 2691; x_wconf 76' lang='grc' dir='ltr'>λαοῦ</span> <span class='ocrx_word' id='word_1_795' title='bbox 1517 2672 1576 2691; x_wconf 88' lang='grc' dir='ltr'><strong>σου</strong></span> <span class='ocrx_word' id='word_1_796' title='bbox 1589 2663 1719 2698; x_wconf 74' lang='grc' dir='ltr'>Ἰσραήλ.</span> 
     </span>
    </p>
   </div>
   <div class='ocr_carea' id='block_1_114' title="bbox 1160 2719 1820 2748">
    <p class='ocr_par' dir='ltr' id='par_1_114' title="bbox 1160 2719 1820 2748">
     <span class='ocr_line' id='line_1_114' title="bbox 1160 2719 1820 2748; baseline -0.005 0"><span class='ocrx_word' id='word_1_797' title='bbox 1160 2722 1215 2748; x_wconf 87' lang='grc' dir='ltr'><strong>ΕΙΣ</strong></span> <span class='ocrx_word' id='word_1_798' title='bbox 1234 2722 1278 2748; x_wconf 91' lang='grc' dir='ltr'>ΤΟ</span> <span class='ocrx_word' id='word_1_799' title='bbox 1297 2721 1409 2748; x_wconf 82' lang='grc' dir='ltr'><strong>ΤΕΛΟΣ</strong></span> <span class='ocrx_word' id='word_1_800' title='bbox 1428 2720 1574 2747; x_wconf 82' lang='grc' dir='ltr'><strong>ΨΑΛΜΟΣ</strong></span> <span class='ocrx_word' id='word_1_801' title='bbox 1593 2720 1636 2746; x_wconf 85' lang='grc' dir='ltr'>ΤΩ</span> <span class='ocrx_word' id='word_1_802' title='bbox 1653 2719 1751 2746; x_wconf 78' lang='grc' dir='ltr'><strong>ΔΑΥΙΔ</strong></span> <span class='ocrx_word' id='word_1_803' title='bbox 1772 2720 1820 2745; x_wconf 76' lang='lat' dir='ltr'><strong>IA&#39;.</strong></span> 
     </span>
    </p>
   </div>
   <div class='ocr_carea' id='block_1_115' title="bbox 1132 2775 1891 2813">
    <p class='ocr_par' dir='ltr' id='par_1_115' title="bbox 1132 2775 1891 2813">
     <span class='ocr_line' id='line_1_115' title="bbox 1132 2775 1891 2813; baseline -0.005 -8"><span class='ocrx_word' id='word_1_804' title='bbox 1132 2779 1238 2813; x_wconf 81' lang='grc' dir='ltr'>Κύριε,</span> <span class='ocrx_word' id='word_1_805' title='bbox 1261 2779 1307 2811; x_wconf 77' lang='grc' dir='ltr'>τίς</span> <span class='ocrx_word' id='word_1_806' title='bbox 1329 2777 1506 2812; x_wconf 78' lang='grc' dir='ltr'>παροικήσει</span> <span class='ocrx_word' id='word_1_807' title='bbox 1520 2777 1555 2804; x_wconf 86' lang='grc' dir='ltr'>ἐν</span> <span class='ocrx_word' id='word_1_808' title='bbox 1574 2776 1614 2810; x_wconf 68' lang='grc' dir='ltr'>τῷ</span> <span class='ocrx_word' id='word_1_809' title='bbox 1631 2775 1806 2811; x_wconf 82' lang='grc' dir='ltr'>σκηνώματι</span> <span class='ocrx_word' id='word_1_810' title='bbox 1820 2782 1891 2806; x_wconf 71' lang='grc' dir='ltr'>σονς</span> 
     </span>
    </p>
   </div>
   <div class='ocr_carea' id='block_1_116' title="bbox 1098 2819 1890 2858">
    <p class='ocr_par' dir='ltr' id='par_1_116' title="bbox 1098 2819 1890 2858">
     <span class='ocr_line' id='line_1_116' title="bbox 1098 2819 1890 2858; baseline -0.004 -7"><span class='ocrx_word' id='word_1_811' title='bbox 1098 2825 1148 2851; x_wconf 73' lang='grc' dir='ltr'>καὶ</span> <span class='ocrx_word' id='word_1_812' title='bbox 1167 2825 1212 2858; x_wconf 80' lang='grc' dir='ltr'><strong>τίς</strong></span> <span class='ocrx_word' id='word_1_813' title='bbox 1226 2823 1452 2858; x_wconf 71' lang='grc' dir='ltr'>κατασκηνώσει</span> <span class='ocrx_word' id='word_1_814' title='bbox 1472 2823 1507 2849; x_wconf 80' lang='grc' dir='ltr'>ἐν</span> <span class='ocrx_word' id='word_1_815' title='bbox 1525 2822 1564 2855; x_wconf 82' lang='grc' dir='ltr'>τῷ</span> <span class='ocrx_word' id='word_1_816' title='bbox 1587 2822 1647 2856; x_wconf 79' lang='grc' dir='ltr'>ὄρει</span> <span class='ocrx_word' id='word_1_817' title='bbox 1669 2819 1708 2852; x_wconf 80' lang='grc' dir='ltr'>τῷ</span> <span class='ocrx_word' id='word_1_818' title='bbox 1726 2821 1798 2856; x_wconf 78' lang='grc' dir='ltr'>ἁγίῳ</span> <span class='ocrx_word' id='word_1_819' title='bbox 1813 2828 1890 2848; x_wconf 71' lang='lat' dir='ltr'><strong>trav:</strong></span> 
     </span>
    </p>
   </div>
   <div class='ocr_carea' id='block_1_117' title="bbox 1098 2866 1894 2908">
    <p class='ocr_par' dir='ltr' id='par_1_117' title="bbox 1098 2866 1894 2908">
     <span class='ocr_line' id='line_1_117' title="bbox 1098 2866 1894 2908; baseline -0.008 -10"><span class='ocrx_word' id='word_1_820' title='bbox 1098 2872 1164 2898; x_wconf 79' lang='grc' dir='ltr'><strong>Ἀπὸ</strong></span> <span class='ocrx_word' id='word_1_821' title='bbox 1180 2871 1233 2899; x_wconf 83' lang='grc' dir='ltr'><strong>τῶν</strong></span> <span class='ocrx_word' id='word_1_822' title='bbox 1258 2870 1482 2908; x_wconf 74' lang='grc' dir='ltr'>προσεχεστέρων</span> <span class='ocrx_word' id='word_1_823' title='bbox 1505 2869 1659 2908; x_wconf 77' lang='grc' dir='ltr'>προϐαίνων</span> <span class='ocrx_word' id='word_1_824' title='bbox 1680 2867 1824 2903; x_wconf 82' lang='grc' dir='ltr'>διαγράφει</span> <span class='ocrx_word' id='word_1_825' title='bbox 1846 2866 1894 2896; x_wconf 52' lang='grc' dir='ltr'><strong>τὸ]</strong></span> 
     </span>
    </p>
   </div>
   <div class='ocr_carea' id='block_1_118' title="bbox 861 2949 1086 2983">
    <p class='ocr_par' dir='ltr' id='par_1_118' title="bbox 861 2949 1086 2983">
     <span class='ocr_line' id='line_1_118' title="bbox 861 2949 1086 2983; baseline -0.004 -6"><span class='ocrx_word' id='word_1_826' title='bbox 861 2950 882 2966; x_wconf 82' lang='lat'>”</span> <span class='ocrx_word' id='word_1_827' title='bbox 902 2949 968 2977; x_wconf 88' lang='lat' dir='ltr'><strong>Luc.</strong></span> <span class='ocrx_word' id='word_1_828' title='bbox 989 2958 1026 2983; x_wconf 82' lang='grc' dir='ltr'><strong>ιι,</strong></span> <span class='ocrx_word' id='word_1_829' title='bbox 1042 2949 1086 2976; x_wconf 72' lang='grc'><strong>52.</strong></span> 
     </span>
    </p>
   </div>
  </div>
