  <div class='ocr_page' id='page_1' title='image "/cluster/home/n/w/nwhite01/storage/ocr_20150623/23/njp.32101077772505/086.png"; bbox 0 0 2055 3214; ppageno 0'>
   <div class='ocr_carea' id='block_1_1' title="bbox 130 197 181 226">
    <p class='ocr_par' dir='ltr' id='par_1_1' title="bbox 130 197 181 226">
     <span class='ocr_line' id='line_1_1' title="bbox 130 197 181 226; baseline 0.078 -3"><span class='ocrx_word' id='word_1_1' title='bbox 130 197 181 226; x_wconf 54' lang='grc'><strong>157</strong></span> 
     </span>
    </p>
   </div>
   <div class='ocr_carea' id='block_1_2' title="bbox 711 193 1206 223">
    <p class='ocr_par' dir='ltr' id='par_1_2' title="bbox 711 193 1206 223">
     <span class='ocr_line' id='line_1_2' title="bbox 711 193 1206 223; baseline -0.004 0"><span class='ocrx_word' id='word_1_2' title='bbox 711 193 963 223; x_wconf 76' lang='lat' dir='ltr'><strong>COMMENTARIA</strong></span> <span class='ocrx_word' id='word_1_3' title='bbox 982 193 1016 222; x_wconf 84' lang='grc' dir='ltr'><strong>ΙΝ</strong></span> <span class='ocrx_word' id='word_1_4' title='bbox 1036 193 1206 222; x_wconf 80' lang='lat' dir='ltr'><strong>PSALMOS.</strong></span> 
     </span>
    </p>
   </div>
   <div class='ocr_carea' id='block_1_3' title="bbox 1336 141 1350 154">
    <p class='ocr_par' dir='ltr' id='par_1_3' title="bbox 1336 141 1350 154">
     <span class='ocr_line' id='line_1_3' title="bbox 1336 141 1350 154; baseline 0 -5"><span class='ocrx_word' id='word_1_5' title='bbox 1336 141 1350 154; x_wconf 69' lang='lat'><em>,</em></span> 
     </span>
    </p>
   </div>
   <div class='ocr_carea' id='block_1_4' title="bbox 1305 168 1342 194">
    <p class='ocr_par' dir='ltr' id='par_1_4' title="bbox 1305 168 1342 194">
     <span class='ocr_line' id='line_1_4' title="bbox 1305 168 1342 194; baseline -0.027 0"><span class='ocrx_word' id='word_1_6' title='bbox 1305 178 1311 194; x_wconf 90' lang='lat' dir='ltr'><strong>l</strong></span> <span class='ocrx_word' id='word_1_7' title='bbox 1331 168 1342 193; x_wconf 65' lang='grc' dir='ltr'><strong>Ἰ</strong></span> 
     </span>
    </p>
   </div>
   <div class='ocr_carea' id='block_1_5' title="bbox 1717 192 1769 220">
    <p class='ocr_par' dir='ltr' id='par_1_5' title="bbox 1717 192 1769 220">
     <span class='ocr_line' id='line_1_5' title="bbox 1717 192 1769 220; baseline 0.038 -2"><span class='ocrx_word' id='word_1_8' title='bbox 1717 192 1769 220; x_wconf 68' lang='grc'><strong>158</strong></span> 
     </span>
    </p>
   </div>
   <div class='ocr_carea' id='block_1_6' title="bbox 127 250 928 290">
    <p class='ocr_par' dir='ltr' id='par_1_6' title="bbox 127 253 928 290">
     <span class='ocr_line' id='line_1_6' title="bbox 127 253 928 290; baseline -0.007 -5"><span class='ocrx_word' id='word_1_9' title='bbox 127 257 201 285; x_wconf 74' lang='grc' dir='ltr'>ἇὲεοι</span> <span class='ocrx_word' id='word_1_10' title='bbox 219 255 297 287; x_wconf 74' lang='grc' dir='ltr'>ὄντες</span> <span class='ocrx_word' id='word_1_11' title='bbox 318 255 364 283; x_wconf 67' lang='lat' dir='ltr'><strong>Aul</strong></span> <span class='ocrx_word' id='word_1_12' title='bbox 379 255 582 290; x_wconf 79' lang='grc' dir='ltr'><strong>εἰδωλολάτραι,</strong></span> <span class='ocrx_word' id='word_1_13' title='bbox 602 254 653 280; x_wconf 85' lang='grc' dir='ltr'>οὐκ</span> <span class='ocrx_word' id='word_1_14' title='bbox 673 253 722 280; x_wconf 76' lang='grc' dir='ltr'><strong>ἐπὶ</strong></span> <span class='ocrx_word' id='word_1_15' title='bbox 740 253 804 289; x_wconf 82' lang='grc' dir='ltr'>μίαν</span> <span class='ocrx_word' id='word_1_16' title='bbox 818 253 928 286; x_wconf 73' lang='grc' dir='ltr'>ἐξώκει-</span> 
     </span>
    </p>
   </div>
   <div class='ocr_carea' id='block_1_7' title="bbox 980 250 1771 290">
    <p class='ocr_par' dir='ltr' id='par_1_7' title="bbox 980 250 1771 287">
     <span class='ocr_line' id='line_1_7' title="bbox 980 250 1771 287; baseline -0.005 -7"><span class='ocrx_word' id='word_1_17' title='bbox 980 253 1170 287; x_wconf 89' lang='lat' dir='ltr'><strong>idolorumque</strong></span> <span class='ocrx_word' id='word_1_18' title='bbox 1188 251 1309 279; x_wconf 89' lang='lat' dir='ltr'><strong>cultores</strong></span> <span class='ocrx_word' id='word_1_19' title='bbox 1328 254 1436 282; x_wconf 87' lang='lat' dir='ltr'><strong>essent,</strong></span> <span class='ocrx_word' id='word_1_20' title='bbox 1458 257 1513 277; x_wconf 90' lang='lat' dir='ltr'><strong>non</strong></span> <span class='ocrx_word' id='word_1_21' title='bbox 1533 250 1560 278; x_wconf 94' lang='lat' dir='ltr'><strong>in</strong></span> <span class='ocrx_word' id='word_1_22' title='bbox 1577 258 1661 278; x_wconf 89' lang='lat' dir='ltr'><strong>unum</strong></span> <span class='ocrx_word' id='word_1_23' title='bbox 1685 257 1771 285; x_wconf 84' lang='lat' dir='ltr'><strong>tmpe-</strong></span> 
     </span>
    </p>
   </div>
   <div class='ocr_carea' id='block_1_8' title="bbox 127 299 926 338">
    <p class='ocr_par' dir='ltr' id='par_1_8' title="bbox 127 299 926 338">
     <span class='ocr_line' id='line_1_8' title="bbox 127 299 926 338; baseline -0.006 -8"><span class='ocrx_word' id='word_1_24' title='bbox 127 303 176 330; x_wconf 86' lang='grc' dir='ltr'><strong>λαν</strong></span> <span class='ocrx_word' id='word_1_25' title='bbox 191 303 309 338; x_wconf 85' lang='grc' dir='ltr'>πλάνην.</span> <span class='ocrx_word' id='word_1_26' title='bbox 325 302 431 338; x_wconf 86' lang='grc' dir='ltr'>Πλῆθος</span> <span class='ocrx_word' id='word_1_27' title='bbox 441 302 495 337; x_wconf 84' lang='grc' dir='ltr'><strong>γὰρ</strong></span> <span class='ocrx_word' id='word_1_28' title='bbox 510 299 544 337; x_wconf 80' lang='grc' dir='ltr'>ἦν</span> <span class='ocrx_word' id='word_1_29' title='bbox 556 300 646 327; x_wconf 83' lang='grc' dir='ltr'>αὐτῶν</span> <span class='ocrx_word' id='word_1_30' title='bbox 658 300 707 336; x_wconf 84' lang='grc' dir='ltr'><strong>τῆς</strong></span> <span class='ocrx_word' id='word_1_31' title='bbox 719 300 864 331; x_wconf 81' lang='grc' dir='ltr'>πολυθεῖας</span> <span class='ocrx_word' id='word_1_32' title='bbox 878 299 926 325; x_wconf 79' lang='grc' dir='ltr'>καὶ</span> 
     </span>
    </p>
   </div>
   <div class='ocr_carea' id='block_1_9' title="bbox 127 344 925 385">
    <p class='ocr_par' dir='ltr' id='par_1_9' title="bbox 127 344 925 385">
     <span class='ocr_line' id='line_1_9' title="bbox 127 344 925 385; baseline -0.009 -8"><span class='ocrx_word' id='word_1_33' title='bbox 127 349 354 385; x_wconf 79' lang='grc' dir='ltr'>εἱδωλολατρείας</span> <span class='ocrx_word' id='word_1_34' title='bbox 371 349 418 375; x_wconf 71' lang='grc' dir='ltr'>καὶ</span> <span class='ocrx_word' id='word_1_35' title='bbox 435 348 587 378; x_wconf 82' lang='grc' dir='ltr'>ἀσθενείας.</span> <span class='ocrx_word' id='word_1_36' title='bbox 603 346 672 372; x_wconf 79' lang='grc' dir='ltr'>Ἀλλ’</span> <span class='ocrx_word' id='word_1_37' title='bbox 684 345 777 380; x_wconf 78' lang='grc' dir='ltr'>ἐπειδὴ</span> <span class='ocrx_word' id='word_1_38' title='bbox 793 345 822 378; x_wconf 79' lang='grc' dir='ltr'><strong>ἐξ</strong></span> <span class='ocrx_word' id='word_1_39' title='bbox 836 344 925 371; x_wconf 78' lang='grc' dir='ltr'>αὐτῶν</span> 
     </span>
    </p>
   </div>
   <div class='ocr_carea' id='block_1_10' title="bbox 128 390 926 430">
    <p class='ocr_par' dir='ltr' id='par_1_10' title="bbox 128 390 926 430">
     <span class='ocr_line' id='line_1_10' title="bbox 128 390 926 430; baseline -0.01 -7"><span class='ocrx_word' id='word_1_40' title='bbox 128 396 242 423; x_wconf 78' lang='grc' dir='ltr'>ἐκείνων</span> <span class='ocrx_word' id='word_1_41' title='bbox 260 393 457 430; x_wconf 75' lang='grc' dir='ltr'>μεταϐαλόντες</span> <span class='ocrx_word' id='word_1_42' title='bbox 471 392 516 419; x_wconf 80' lang='grc' dir='ltr'><strong>διὰ</strong></span> <span class='ocrx_word' id='word_1_43' title='bbox 531 392 580 427; x_wconf 87' lang='grc' dir='ltr'>τῆς</span> <span class='ocrx_word' id='word_1_44' title='bbox 597 391 731 427; x_wconf 76' lang='grc' dir='ltr'><strong>σωτηρίου</strong></span> <span class='ocrx_word' id='word_1_45' title='bbox 753 390 862 426; x_wconf 82' lang='grc' dir='ltr'>χάριτος</span> <span class='ocrx_word' id='word_1_46' title='bbox 880 398 926 423; x_wconf 86' lang='grc' dir='ltr'><strong>γε-</strong></span> 
     </span>
    </p>
   </div>
   <div class='ocr_carea' id='block_1_11' title="bbox 128 435 926 477">
    <p class='ocr_par' dir='ltr' id='par_1_11' title="bbox 128 435 926 477">
     <span class='ocr_line' id='line_1_11' title="bbox 128 435 926 477; baseline -0.008 -9"><span class='ocrx_word' id='word_1_47' title='bbox 128 442 240 477; x_wconf 78' lang='grc' dir='ltr'>γόνασιν</span> <span class='ocrx_word' id='word_1_48' title='bbox 264 441 338 474; x_wconf 78' lang='grc' dir='ltr'>ἅγιοι</span> <span class='ocrx_word' id='word_1_49' title='bbox 360 439 407 466; x_wconf 84' lang='grc' dir='ltr'>τοῦ</span> <span class='ocrx_word' id='word_1_50' title='bbox 431 439 509 470; x_wconf 80' lang='grc' dir='ltr'>Θεοῦ,</span> <span class='ocrx_word' id='word_1_51' title='bbox 535 438 578 465; x_wconf 88' lang='grc' dir='ltr'>διὰ</span> <span class='ocrx_word' id='word_1_52' title='bbox 599 438 679 467; x_wconf 78' lang='grc' dir='ltr'>τοῦτο</span> <span class='ocrx_word' id='word_1_53' title='bbox 699 437 832 463; x_wconf 70' lang='grc' dir='ltr'>λέλεκταν</span> <span class='ocrx_word' id='word_1_54' title='bbox 860 435 926 468; x_wconf 82' lang='grc' dir='ltr'>Τοῖς</span> 
     </span>
    </p>
   </div>
   <div class='ocr_carea' id='block_1_12' title="bbox 128 481 926 523">
    <p class='ocr_par' dir='ltr' id='par_1_12' title="bbox 128 481 926 523">
     <span class='ocr_line' id='line_1_12' title="bbox 128 481 926 523; baseline -0.008 -9"><span class='ocrx_word' id='word_1_55' title='bbox 128 488 225 523; x_wconf 75' lang='grc' dir='ltr'>ἁγίοις</span> <span class='ocrx_word' id='word_1_56' title='bbox 242 486 306 519; x_wconf 83' lang='grc' dir='ltr'>τοῖς</span> <span class='ocrx_word' id='word_1_57' title='bbox 322 485 357 511; x_wconf 84' lang='grc' dir='ltr'>ὲν</span> <span class='ocrx_word' id='word_1_58' title='bbox 376 485 412 519; x_wconf 79' lang='grc' dir='ltr'>τῇ</span> <span class='ocrx_word' id='word_1_59' title='bbox 430 484 469 519; x_wconf 72' lang='grc' dir='ltr'><strong>γῇ</strong></span> <span class='ocrx_word' id='word_1_60' title='bbox 487 484 580 511; x_wconf 82' lang='grc' dir='ltr'>αὑτοῦ</span> <span class='ocrx_word' id='word_1_61' title='bbox 596 483 811 517; x_wconf 78' lang='grc' dir='ltr'>ἑθαυμάστωσε</span> <span class='ocrx_word' id='word_1_62' title='bbox 827 481 926 508; x_wconf 77' lang='grc' dir='ltr'>πάντα</span> 
     </span>
    </p>
   </div>
   <div class='ocr_carea' id='block_1_13' title="bbox 128 528 922 567">
    <p class='ocr_par' dir='ltr' id='par_1_13' title="bbox 128 528 922 567">
     <span class='ocr_line' id='line_1_13' title="bbox 128 528 922 567; baseline -0.009 -7"><span class='ocrx_word' id='word_1_63' title='bbox 128 534 165 560; x_wconf 85' lang='grc' dir='ltr'>τὰ</span> <span class='ocrx_word' id='word_1_64' title='bbox 179 531 332 567; x_wconf 78' lang='grc' dir='ltr'>θελήματὰ</span> <span class='ocrx_word' id='word_1_65' title='bbox 346 540 405 565; x_wconf 85' lang='grc' dir='ltr'><strong>μου</strong></span> <span class='ocrx_word' id='word_1_66' title='bbox 422 531 457 557; x_wconf 80' lang='grc' dir='ltr'>ἐν</span> <span class='ocrx_word' id='word_1_67' title='bbox 472 530 584 563; x_wconf 80' lang='grc' dir='ltr'>αὐτοῖς·</span> <span class='ocrx_word' id='word_1_68' title='bbox 601 529 647 559; x_wconf 74' lang='grc' dir='ltr'>καὶ</span> <span class='ocrx_word' id='word_1_69' title='bbox 659 529 720 555; x_wconf 75' lang='grc' dir='ltr'>ἐπεὶ</span> <span class='ocrx_word' id='word_1_70' title='bbox 737 530 871 564; x_wconf 72' lang='grc' dir='ltr'>συνῆπται</span> <span class='ocrx_word' id='word_1_71' title='bbox 882 528 922 554; x_wconf 84' lang='grc' dir='ltr'>τό·</span> 
     </span>
    </p>
   </div>
   <div class='ocr_carea' id='block_1_14' title="bbox 135 575 926 616">
    <p class='ocr_par' dir='ltr' id='par_1_14' title="bbox 135 575 926 616">
     <span class='ocr_line' id='line_1_14' title="bbox 135 575 926 616; baseline -0.009 -9"><span class='ocrx_word' id='word_1_72' title='bbox 135 579 360 616; x_wconf 79' lang='grc' dir='ltr'>Ἐπληθὺνθησαν</span> <span class='ocrx_word' id='word_1_73' title='bbox 373 578 468 605; x_wconf 84' lang='grc' dir='ltr'>εἴδωλα</span> <span class='ocrx_word' id='word_1_74' title='bbox 484 577 573 604; x_wconf 85' lang='grc' dir='ltr'>αὐτῶν</span> <span class='ocrx_word' id='word_1_75' title='bbox 586 576 635 612; x_wconf 76' lang='grc'><strong>(1),</strong></span> <span class='ocrx_word' id='word_1_76' title='bbox 654 576 671 611; x_wconf 85' lang='grc' dir='ltr'>ἢ</span> <span class='ocrx_word' id='word_1_77' title='bbox 686 575 720 602; x_wconf 83' lang='grc' dir='ltr'><strong>τὰ</strong></span> <span class='ocrx_word' id='word_1_78' title='bbox 735 575 926 610; x_wconf 81' lang='grc' dir='ltr'><strong>διαπονήματα</strong></span> 
     </span>
    </p>
   </div>
   <div class='ocr_carea' id='block_1_15' title="bbox 129 619 924 660">
    <p class='ocr_par' dir='ltr' id='par_1_15' title="bbox 129 619 924 660">
     <span class='ocr_line' id='line_1_15' title="bbox 129 619 924 660; baseline -0.011 -6"><span class='ocrx_word' id='word_1_79' title='bbox 129 626 232 659; x_wconf 76' lang='grc' dir='ltr'>αὐτῶν,</span> <span class='ocrx_word' id='word_1_80' title='bbox 246 625 263 660; x_wconf 80' lang='grc' dir='ltr'><strong>ἢ</strong></span> <span class='ocrx_word' id='word_1_81' title='bbox 274 625 412 652; x_wconf 79' lang='grc' dir='ltr'><strong>ἀσθένειαι</strong></span> <span class='ocrx_word' id='word_1_82' title='bbox 426 623 526 650; x_wconf 80' lang='grc' dir='ltr'>αὐτῶν.</span> <span class='ocrx_word' id='word_1_83' title='bbox 540 622 633 649; x_wconf 84' lang='grc' dir='ltr'>Ταῦτα</span> <span class='ocrx_word' id='word_1_84' title='bbox 649 622 703 657; x_wconf 80' lang='grc' dir='ltr'><strong>γὰρ</strong></span> <span class='ocrx_word' id='word_1_85' title='bbox 715 621 803 648; x_wconf 78' lang='grc' dir='ltr'>πάντα</span> <span class='ocrx_word' id='word_1_86' title='bbox 818 619 924 655; x_wconf 80' lang='grc' dir='ltr'>προσῆν</span> 
     </span>
    </p>
   </div>
   <div class='ocr_carea' id='block_1_16' title="bbox 128 665 925 708">
    <p class='ocr_par' dir='ltr' id='par_1_16' title="bbox 128 665 925 708">
     <span class='ocr_line' id='line_1_16' title="bbox 128 665 925 708; baseline -0.01 -8"><span class='ocrx_word' id='word_1_87' title='bbox 128 675 188 705; x_wconf 87' lang='grc' dir='ltr'>τοῖς</span> <span class='ocrx_word' id='word_1_88' title='bbox 202 672 315 708; x_wconf 74' lang='grc' dir='ltr'>ὕστερον</span> <span class='ocrx_word' id='word_1_89' title='bbox 329 671 416 706; x_wconf 78' lang='grc' dir='ltr'><strong>ἁγίοις</strong></span> <span class='ocrx_word' id='word_1_90' title='bbox 432 669 485 706; x_wconf 82' lang='grc' dir='ltr'><strong>πρὸ</strong></span> <span class='ocrx_word' id='word_1_91' title='bbox 495 671 546 705; x_wconf 86' lang='grc' dir='ltr'><strong>τῆς</strong></span> <span class='ocrx_word' id='word_1_92' title='bbox 563 670 616 696; x_wconf 83' lang='grc' dir='ltr'>ἀπὸ</span> <span class='ocrx_word' id='word_1_93' title='bbox 627 669 679 695; x_wconf 79' lang='grc' dir='ltr'>τῶν</span> <span class='ocrx_word' id='word_1_94' title='bbox 693 667 821 704; x_wconf 79' lang='grc' dir='ltr'>χειρόνων</span> <span class='ocrx_word' id='word_1_95' title='bbox 835 667 881 692; x_wconf 75' lang='grc' dir='ltr'>ἐπὶ</span> <span class='ocrx_word' id='word_1_96' title='bbox 891 665 925 692; x_wconf 77' lang='grc' dir='ltr'>τὰ</span> 
     </span>
    </p>
   </div>
   <div class='ocr_carea' id='block_1_17' title="bbox 131 713 923 757">
    <p class='ocr_par' dir='ltr' id='par_1_17' title="bbox 131 713 923 757">
     <span class='ocr_line' id='line_1_17' title="bbox 131 713 923 757; baseline -0.011 -9"><span class='ocrx_word' id='word_1_97' title='bbox 131 720 250 757; x_wconf 76' lang='grc' dir='ltr'><strong>κρείττω</strong></span> <span class='ocrx_word' id='word_1_98' title='bbox 271 717 433 754; x_wconf 81' lang='grc' dir='ltr'>μεταῦολῆς.</span> <span class='ocrx_word' id='word_1_99' title='bbox 463 716 542 742; x_wconf 76' lang='grc' dir='ltr'>Ἀλλὰ</span> <span class='ocrx_word' id='word_1_100' title='bbox 559 716 634 750; x_wconf 81' lang='grc' dir='ltr'>μετὰ</span> <span class='ocrx_word' id='word_1_101' title='bbox 653 715 745 742; x_wconf 78' lang='grc' dir='ltr'>ταῦτα</span> <span class='ocrx_word' id='word_1_102' title='bbox 761 713 923 748; x_wconf 79' lang='grc' dir='ltr'>ὲτάχυνιιν,</span> 
     </span>
    </p>
   </div>
   <div class='ocr_carea' id='block_1_18' title="bbox 131 759 924 803">
    <p class='ocr_par' dir='ltr' id='par_1_18' title="bbox 131 759 924 803">
     <span class='ocr_line' id='line_1_18' title="bbox 131 759 924 803; baseline -0.011 -10"><span class='ocrx_word' id='word_1_103' title='bbox 131 767 185 793; x_wconf 76' lang='grc' dir='ltr'><strong>οὐκ</strong></span> <span class='ocrx_word' id='word_1_104' title='bbox 197 764 393 803; x_wconf 68' lang='grc' dir='ltr'>ἀμελήσαντες,</span> <span class='ocrx_word' id='word_1_105' title='bbox 410 763 470 789; x_wconf 79' lang='grc' dir='ltr'>οὐδὲ</span> <span class='ocrx_word' id='word_1_106' title='bbox 485 762 673 798; x_wconf 74' lang='grc' dir='ltr'>βραδύναντες,</span> <span class='ocrx_word' id='word_1_107' title='bbox 689 760 757 787; x_wconf 78' lang='grc' dir='ltr'>ἀλλὰ</span> <span class='ocrx_word' id='word_1_108' title='bbox 770 759 814 786; x_wconf 78' lang='grc' dir='ltr'><strong>διὰ</strong></span> <span class='ocrx_word' id='word_1_109' title='bbox 826 759 924 794; x_wconf 81' lang='grc' dir='ltr'>τάχους</span> 
     </span>
    </p>
   </div>
   <div class='ocr_carea' id='block_1_19' title="bbox 129 805 924 848">
    <p class='ocr_par' dir='ltr' id='par_1_19' title="bbox 129 805 924 848">
     <span class='ocr_line' id='line_1_19' title="bbox 129 805 924 848; baseline -0.01 -9"><span class='ocrx_word' id='word_1_110' title='bbox 129 814 183 848; x_wconf 80' lang='grc' dir='ltr'><strong>τὴν</strong></span> <span class='ocrx_word' id='word_1_111' title='bbox 210 811 351 848; x_wconf 80' lang='grc' dir='ltr'>μετάνοιαν</span> <span class='ocrx_word' id='word_1_112' title='bbox 376 808 558 844; x_wconf 74' lang='grc' dir='ltr'>ὲνδειξὰμενοι</span> <span class='ocrx_word' id='word_1_113' title='bbox 585 806 655 844; x_wconf 85' lang='grc' dir='ltr'>μετὰ</span> <span class='ocrx_word' id='word_1_114' title='bbox 680 807 728 842; x_wconf 86' lang='grc' dir='ltr'>τὴν</span> <span class='ocrx_word' id='word_1_115' title='bbox 757 807 797 837; x_wconf 82' lang='grc' dir='ltr'>εἰς</span> <span class='ocrx_word' id='word_1_116' title='bbox 825 805 924 836; x_wconf 78' lang='grc' dir='ltr'>αὐτοὺς</span> 
     </span>
    </p>
   </div>
   <div class='ocr_carea' id='block_1_20' title="bbox 129 850 923 895">
    <p class='ocr_par' dir='ltr' id='par_1_20' title="bbox 129 850 923 895">
     <span class='ocr_line' id='line_1_20' title="bbox 129 850 923 895; baseline -0.013 -8"><span class='ocrx_word' id='word_1_117' title='bbox 129 858 283 895; x_wconf 76' lang='grc' dir='ltr'>γενομένην</span> <span class='ocrx_word' id='word_1_118' title='bbox 304 857 394 892; x_wconf 83' lang='grc' dir='ltr'>χάριν,</span> <span class='ocrx_word' id='word_1_119' title='bbox 414 855 447 882; x_wconf 86' lang='grc' dir='ltr'><strong>δι’</strong></span> <span class='ocrx_word' id='word_1_120' title='bbox 473 853 507 891; x_wconf 85' lang='grc' dir='ltr'>ἧς</span> <span class='ocrx_word' id='word_1_121' title='bbox 533 852 734 889; x_wconf 80' lang='grc' dir='ltr'><strong>ἐθαυμαστώθη</strong></span> <span class='ocrx_word' id='word_1_122' title='bbox 763 852 853 879; x_wconf 82' lang='grc' dir='ltr'>πάντα</span> <span class='ocrx_word' id='word_1_123' title='bbox 876 850 923 877; x_wconf 82' lang='grc' dir='ltr'>τοῦ</span> 
     </span>
    </p>
   </div>
   <div class='ocr_carea' id='block_1_21' title="bbox 129 898 924 944">
    <p class='ocr_par' dir='ltr' id='par_1_21' title="bbox 129 898 924 944">
     <span class='ocr_line' id='line_1_21' title="bbox 129 898 924 944; baseline -0.01 -12"><span class='ocrx_word' id='word_1_124' title='bbox 129 907 258 944; x_wconf 77' lang='grc' dir='ltr'>Σωτῆρος</span> <span class='ocrx_word' id='word_1_125' title='bbox 283 903 422 939; x_wconf 79' lang='grc' dir='ltr'>θελήματα</span> <span class='ocrx_word' id='word_1_126' title='bbox 449 902 478 928; x_wconf 76' lang='grc' dir='ltr'>ἐν</span> <span class='ocrx_word' id='word_1_127' title='bbox 507 901 609 931; x_wconf 79' lang='grc' dir='ltr'>αὐτοῖς.</span> <span class='ocrx_word' id='word_1_128' title='bbox 639 899 721 926; x_wconf 87' lang='grc' dir='ltr'>Ὅθεν</span> <span class='ocrx_word' id='word_1_129' title='bbox 749 898 924 934; x_wconf 82' lang='grc' dir='ltr'><strong>συγχώρησιν</strong></span> 
     </span>
    </p>
   </div>
   <div class='ocr_carea' id='block_1_22' title="bbox 977 296 1770 334">
    <p class='ocr_par' dir='ltr' id='par_1_22' title="bbox 977 296 1770 334">
     <span class='ocr_line' id='line_1_22' title="bbox 977 296 1770 334; baseline -0.004 -7"><span class='ocrx_word' id='word_1_130' title='bbox 977 303 1074 334; x_wconf 77' lang='lat' dir='ltr'><strong>gerant</strong></span> <span class='ocrx_word' id='word_1_131' title='bbox 1101 298 1206 327; x_wconf 88' lang='lat' dir='ltr'><strong>erroris</strong></span> <span class='ocrx_word' id='word_1_132' title='bbox 1226 304 1323 333; x_wconf 81' lang='lat' dir='ltr'><strong>genus.</strong></span> <span class='ocrx_word' id='word_1_133' title='bbox 1346 296 1437 324; x_wconf 87' lang='lat' dir='ltr'><strong>Inerat</strong></span> <span class='ocrx_word' id='word_1_134' title='bbox 1452 297 1553 332; x_wconf 81' lang='lat' dir='ltr'><strong>quippe</strong></span> <span class='ocrx_word' id='word_1_135' title='bbox 1573 297 1640 332; x_wconf 81' lang='lat' dir='ltr'><strong>ipsis</strong></span> <span class='ocrx_word' id='word_1_136' title='bbox 1655 297 1770 324; x_wconf 86' lang='lat' dir='ltr'><strong>deorum</strong></span> 
     </span>
    </p>
   </div>
   <div class='ocr_carea' id='block_1_23' title="bbox 976 342 1771 378">
    <p class='ocr_par' dir='ltr' id='par_1_23' title="bbox 976 342 1771 378">
     <span class='ocr_line' id='line_1_23' title="bbox 976 342 1771 378; baseline -0.001 -7"><span class='ocrx_word' id='word_1_137' title='bbox 976 344 1074 377; x_wconf 88' lang='lat' dir='ltr'><strong>turba,</strong></span> <span class='ocrx_word' id='word_1_138' title='bbox 1100 343 1298 378; x_wconf 74' lang='lat' dir='ltr'><strong>multiplexque</strong></span> <span class='ocrx_word' id='word_1_139' title='bbox 1324 342 1534 369; x_wconf 84' lang='lat' dir='ltr'><strong>simulacrorum</strong></span> <span class='ocrx_word' id='word_1_140' title='bbox 1554 347 1582 369; x_wconf 87' lang='lat' dir='ltr'><strong>et</strong></span> <span class='ocrx_word' id='word_1_141' title='bbox 1602 342 1771 371; x_wconf 85' lang='lat' dir='ltr'><strong>inﬁrmitatis</strong></span> 
     </span>
    </p>
   </div>
   <div class='ocr_carea' id='block_1_24' title="bbox 977 389 1769 427">
    <p class='ocr_par' dir='ltr' id='par_1_24' title="bbox 977 389 1769 427">
     <span class='ocr_line' id='line_1_24' title="bbox 977 389 1769 427; baseline -0.004 -8"><span class='ocrx_word' id='word_1_142' title='bbox 977 391 1094 427; x_wconf 84' lang='lat' dir='ltr'><strong>species.</strong></span> <span class='ocrx_word' id='word_1_143' title='bbox 1112 391 1148 417; x_wconf 87' lang='lat' dir='ltr'><strong>At</strong></span> <span class='ocrx_word' id='word_1_144' title='bbox 1164 390 1228 425; x_wconf 83' lang='lat' dir='ltr'><strong>quia</strong></span> <span class='ocrx_word' id='word_1_145' title='bbox 1243 389 1357 416; x_wconf 88' lang='lat' dir='ltr'><strong>salutari</strong></span> <span class='ocrx_word' id='word_1_146' title='bbox 1373 389 1570 416; x_wconf 76' lang='lat' dir='ltr'><strong>interveniente</strong></span> <span class='ocrx_word' id='word_1_147' title='bbox 1590 389 1676 424; x_wconf 79' lang='lat' dir='ltr'><strong>gratia</strong></span> <span class='ocrx_word' id='word_1_148' title='bbox 1698 389 1769 416; x_wconf 84' lang='lat' dir='ltr'><strong>resi—</strong></span> 
     </span>
    </p>
   </div>
   <div class='ocr_carea' id='block_1_25' title="bbox 975 434 1767 472">
    <p class='ocr_par' dir='ltr' id='par_1_25' title="bbox 975 434 1767 472">
     <span class='ocr_line' id='line_1_25' title="bbox 975 434 1767 472; baseline -0.006 -8"><span class='ocrx_word' id='word_1_149' title='bbox 975 437 1124 472; x_wconf 88' lang='lat' dir='ltr'><strong>piscentes,</strong></span> <span class='ocrx_word' id='word_1_150' title='bbox 1144 435 1234 464; x_wconf 83' lang='lat' dir='ltr'><strong>sancti</strong></span> <span class='ocrx_word' id='word_1_151' title='bbox 1248 435 1296 462; x_wconf 82' lang='lat' dir='ltr'><strong>Dei</strong></span> <span class='ocrx_word' id='word_1_152' title='bbox 1313 434 1402 462; x_wconf 80' lang='lat' dir='ltr'><strong>cn’ccti</strong></span> <span class='ocrx_word' id='word_1_153' title='bbox 1419 439 1493 466; x_wconf 86' lang='lat' dir='ltr'><strong>sunt,</strong></span> <span class='ocrx_word' id='word_1_154' title='bbox 1508 434 1569 461; x_wconf 88' lang='lat' dir='ltr'><strong>ideo</strong></span> <span class='ocrx_word' id='word_1_155' title='bbox 1585 435 1688 461; x_wconf 86' lang='lat' dir='ltr'><strong>dictum</strong></span> <span class='ocrx_word' id='word_1_156' title='bbox 1709 439 1767 462; x_wconf 87' lang='lat' dir='ltr'><strong>est:</strong></span> 
     </span>
    </p>
   </div>
   <div class='ocr_carea' id='block_1_26' title="bbox 977 481 1769 517">
    <p class='ocr_par' dir='ltr' id='par_1_26' title="bbox 977 481 1769 517">
     <span class='ocr_line' id='line_1_26' title="bbox 977 481 1769 517; baseline -0.005 -7"><span class='ocrx_word' id='word_1_157' title='bbox 977 483 1082 511; x_wconf 77' lang='lat' dir='ltr'><strong>Sanctis</strong></span> <span class='ocrx_word' id='word_1_158' title='bbox 1103 483 1148 517; x_wconf 89' lang='lat' dir='ltr'><strong>qui</strong></span> <span class='ocrx_word' id='word_1_159' title='bbox 1167 487 1230 509; x_wconf 83' lang='lat' dir='ltr'><strong>sunt</strong></span> <span class='ocrx_word' id='word_1_160' title='bbox 1255 483 1283 508; x_wconf 83' lang='lat' dir='ltr'><strong>in</strong></span> <span class='ocrx_word' id='word_1_161' title='bbox 1306 486 1378 508; x_wconf 80' lang='lat' dir='ltr'><strong>terra</strong></span> <span class='ocrx_word' id='word_1_162' title='bbox 1403 481 1479 515; x_wconf 80' lang='lat' dir='ltr'><strong>ejus,</strong></span> <span class='ocrx_word' id='word_1_163' title='bbox 1502 481 1655 515; x_wconf 81' lang='lat' dir='ltr'><strong>miriﬁcavit</strong></span> <span class='ocrx_word' id='word_1_164' title='bbox 1682 488 1769 507; x_wconf 74' lang='lat' dir='ltr'><strong>omnes</strong></span> 
     </span>
    </p>
   </div>
   <div class='ocr_carea' id='block_1_27' title="bbox 975 525 1770 560">
    <p class='ocr_par' dir='ltr' id='par_1_27' title="bbox 975 525 1770 560">
     <span class='ocr_line' id='line_1_27' title="bbox 975 525 1770 560; baseline 0 -5"><span class='ocrx_word' id='word_1_165' title='bbox 975 528 1124 556; x_wconf 69' lang='lat' dir='ltr'><strong>voluntates</strong></span> <span class='ocrx_word' id='word_1_166' title='bbox 1148 535 1220 554; x_wconf 79' lang='lat' dir='ltr'><strong>meas</strong></span> <span class='ocrx_word' id='word_1_167' title='bbox 1244 527 1270 554; x_wconf 81' lang='lat' dir='ltr'><strong>in</strong></span> <span class='ocrx_word' id='word_1_168' title='bbox 1298 527 1355 559; x_wconf 79' lang='lat' dir='ltr'><strong>eis;</strong></span> <span class='ocrx_word' id='word_1_169' title='bbox 1388 534 1420 553; x_wconf 84' lang='lat' dir='ltr'><strong>ae</strong></span> <span class='ocrx_word' id='word_1_170' title='bbox 1445 525 1545 554; x_wconf 84' lang='lat' dir='ltr'><strong>deinde</strong></span> <span class='ocrx_word' id='word_1_171' title='bbox 1570 526 1694 553; x_wconf 84' lang='lat' dir='ltr'><strong>additum</strong></span> <span class='ocrx_word' id='word_1_172' title='bbox 1715 531 1770 560; x_wconf 79' lang='lat' dir='ltr'><strong>est,</strong></span> 
     </span>
    </p>
   </div>
   <div class='ocr_carea' id='block_1_28' title="bbox 978 572 1772 610">
    <p class='ocr_par' dir='ltr' id='par_1_28' title="bbox 978 572 1772 610">
     <span class='ocr_line' id='line_1_28' title="bbox 978 572 1772 610; baseline -0.004 -8"><span class='ocrx_word' id='word_1_173' title='bbox 978 575 1161 610; x_wconf 85' lang='lat' dir='ltr'><strong>Multiplicata</strong></span> <span class='ocrx_word' id='word_1_174' title='bbox 1177 578 1242 602; x_wconf 91' lang='lat' dir='ltr'><strong>sunt</strong></span> <span class='ocrx_word' id='word_1_175' title='bbox 1260 573 1333 601; x_wconf 88' lang='lat' dir='ltr'><strong>idola</strong></span> <span class='ocrx_word' id='word_1_176' title='bbox 1353 580 1459 604; x_wconf 89' lang='lat' dir='ltr'><strong>eorum,</strong></span> <span class='ocrx_word' id='word_1_177' title='bbox 1477 573 1534 600; x_wconf 88' lang='lat' dir='ltr'><strong>sive</strong></span> <span class='ocrx_word' id='word_1_178' title='bbox 1553 573 1662 600; x_wconf 84' lang='lat' dir='ltr'><strong>labores</strong></span> <span class='ocrx_word' id='word_1_179' title='bbox 1676 580 1708 599; x_wconf 89' lang='lat' dir='ltr'><strong>ac</strong></span> <span class='ocrx_word' id='word_1_180' title='bbox 1728 572 1772 599; x_wconf 77' lang='lat' dir='ltr'><strong>in-</strong></span> 
     </span>
    </p>
   </div>
   <div class='ocr_carea' id='block_1_29' title="bbox 977 618 1771 655">
    <p class='ocr_par' dir='ltr' id='par_1_29' title="bbox 977 618 1771 655">
     <span class='ocr_line' id='line_1_29' title="bbox 977 618 1771 655; baseline -0.005 -7"><span class='ocrx_word' id='word_1_181' title='bbox 977 620 1123 648; x_wconf 81' lang='lat' dir='ltr'><strong>ﬁrmitates</strong></span> <span class='ocrx_word' id='word_1_182' title='bbox 1143 620 1279 655; x_wconf 81' lang='lat' dir='ltr'><strong>ipsorum.</strong></span> <span class='ocrx_word' id='word_1_183' title='bbox 1300 618 1398 647; x_wconf 67' lang='lat' dir='ltr'><strong>lsthaee</strong></span> <span class='ocrx_word' id='word_1_184' title='bbox 1413 618 1485 646; x_wconf 90' lang='lat' dir='ltr'><strong>enim</strong></span> <span class='ocrx_word' id='word_1_185' title='bbox 1506 619 1611 649; x_wconf 89' lang='lat' dir='ltr'><strong>omnia,</strong></span> <span class='ocrx_word' id='word_1_186' title='bbox 1625 622 1771 653; x_wconf 84' lang='lat' dir='ltr'><strong>antequam</strong></span> 
     </span>
    </p>
   </div>
   <div class='ocr_carea' id='block_1_30' title="bbox 976 663 1772 701">
    <p class='ocr_par' dir='ltr' id='par_1_30' title="bbox 976 663 1772 701">
     <span class='ocr_line' id='line_1_30' title="bbox 976 663 1772 701; baseline -0.004 -8"><span class='ocrx_word' id='word_1_187' title='bbox 976 673 991 693; x_wconf 90' lang='lat' dir='ltr'><strong>a</strong></span> <span class='ocrx_word' id='word_1_188' title='bbox 1015 666 1142 701; x_wconf 80' lang='lat' dir='ltr'><strong>pessimis</strong></span> <span class='ocrx_word' id='word_1_189' title='bbox 1169 665 1224 692; x_wconf 90' lang='lat' dir='ltr'><strong>illis</strong></span> <span class='ocrx_word' id='word_1_190' title='bbox 1249 664 1374 692; x_wconf 90' lang='lat' dir='ltr'><strong>moribus</strong></span> <span class='ocrx_word' id='word_1_191' title='bbox 1398 664 1432 691; x_wconf 89' lang='lat' dir='ltr'><strong>ad</strong></span> <span class='ocrx_word' id='word_1_192' title='bbox 1455 663 1585 691; x_wconf 85' lang='lat' dir='ltr'><strong>meliores</strong></span> <span class='ocrx_word' id='word_1_193' title='bbox 1608 664 1772 690; x_wconf 84' lang='lat' dir='ltr'><strong>commutati</strong></span> 
     </span>
    </p>
   </div>
   <div class='ocr_carea' id='block_1_31' title="bbox 975 710 1772 746">
    <p class='ocr_par' dir='ltr' id='par_1_31' title="bbox 975 710 1772 746">
     <span class='ocr_line' id='line_1_31' title="bbox 975 710 1772 746; baseline -0.003 -6"><span class='ocrx_word' id='word_1_194' title='bbox 975 717 1081 745; x_wconf 82' lang='lat' dir='ltr'><strong>essent,</strong></span> <span class='ocrx_word' id='word_1_195' title='bbox 1106 712 1140 739; x_wconf 87' lang='lat' dir='ltr'><strong>iis</strong></span> <span class='ocrx_word' id='word_1_196' title='bbox 1164 712 1210 746; x_wconf 93' lang='lat' dir='ltr'><strong>qui</strong></span> <span class='ocrx_word' id='word_1_197' title='bbox 1234 710 1410 746; x_wconf 86' lang='lat' dir='ltr'><strong>postmodum</strong></span> <span class='ocrx_word' id='word_1_198' title='bbox 1434 710 1524 738; x_wconf 84' lang='lat' dir='ltr'><strong>sancti</strong></span> <span class='ocrx_word' id='word_1_199' title='bbox 1547 714 1705 742; x_wconf 73' lang='lat' dir='ltr'><strong>evaserunt,</strong></span> <span class='ocrx_word' id='word_1_200' title='bbox 1723 710 1772 738; x_wconf 93' lang='lat' dir='ltr'><strong>ad-</strong></span> 
     </span>
    </p>
   </div>
   <div class='ocr_carea' id='block_1_32' title="bbox 975 755 1773 791">
    <p class='ocr_par' dir='ltr' id='par_1_32' title="bbox 975 755 1773 791">
     <span class='ocr_line' id='line_1_32' title="bbox 975 755 1773 791; baseline -0.004 -6"><span class='ocrx_word' id='word_1_201' title='bbox 975 762 1065 785; x_wconf 83' lang='lat' dir='ltr'><strong>erant.</strong></span> <span class='ocrx_word' id='word_1_202' title='bbox 1089 757 1192 785; x_wconf 82' lang='lat' dir='ltr'><strong>Verum</strong></span> <span class='ocrx_word' id='word_1_203' title='bbox 1213 762 1306 791; x_wconf 84' lang='lat' dir='ltr'><strong>postea</strong></span> <span class='ocrx_word' id='word_1_204' title='bbox 1327 756 1555 788; x_wconf 74' lang='lat' dir='ltr'><strong>acceleraverunt,</strong></span> <span class='ocrx_word' id='word_1_205' title='bbox 1573 763 1662 790; x_wconf 83' lang='lat' dir='ltr'><strong>neque</strong></span> <span class='ocrx_word' id='word_1_206' title='bbox 1684 755 1773 790; x_wconf 76' lang='lat' dir='ltr'><strong>negli-</strong></span> 
     </span>
    </p>
   </div>
   <div class='ocr_carea' id='block_1_33' title="bbox 975 801 1772 839">
    <p class='ocr_par' dir='ltr' id='par_1_33' title="bbox 975 801 1772 839">
     <span class='ocr_line' id='line_1_33' title="bbox 975 801 1772 839; baseline -0.004 -8"><span class='ocrx_word' id='word_1_207' title='bbox 975 804 1068 839; x_wconf 79' lang='lat' dir='ltr'><strong>gentia</strong></span> <span class='ocrx_word' id='word_1_208' title='bbox 1094 803 1137 831; x_wconf 79' lang='lat' dir='ltr'><strong>vel</strong></span> <span class='ocrx_word' id='word_1_209' title='bbox 1164 802 1342 830; x_wconf 87' lang='lat' dir='ltr'><strong>cunctatione</strong></span> <span class='ocrx_word' id='word_1_210' title='bbox 1367 801 1426 833; x_wconf 84' lang='lat' dir='ltr'><strong>usi.</strong></span> <span class='ocrx_word' id='word_1_211' title='bbox 1451 809 1499 836; x_wconf 90' lang='lat' dir='ltr'><strong>per</strong></span> <span class='ocrx_word' id='word_1_212' title='bbox 1525 801 1630 828; x_wconf 85' lang='lat' dir='ltr'><strong>illatam</strong></span> <span class='ocrx_word' id='word_1_213' title='bbox 1655 801 1772 836; x_wconf 79' lang='lat' dir='ltr'><strong>gratiam</strong></span> 
     </span>
    </p>
   </div>
   <div class='ocr_carea' id='block_1_34' title="bbox 976 847 1772 884">
    <p class='ocr_par' dir='ltr' id='par_1_34' title="bbox 976 847 1772 884">
     <span class='ocr_line' id='line_1_34' title="bbox 976 847 1772 884; baseline -0.004 -8"><span class='ocrx_word' id='word_1_214' title='bbox 976 849 1068 877; x_wconf 90' lang='lat' dir='ltr'><strong>statim</strong></span> <span class='ocrx_word' id='word_1_215' title='bbox 1090 849 1260 884; x_wconf 71' lang='lat' dir='ltr'><strong>poenitentia:</strong></span> <span class='ocrx_word' id='word_1_216' title='bbox 1285 855 1368 882; x_wconf 83' lang='lat' dir='ltr'><strong>opera</strong></span> <span class='ocrx_word' id='word_1_217' title='bbox 1396 847 1561 874; x_wconf 71' lang='lat' dir='ltr'><strong>ediderunt:</strong></span> <span class='ocrx_word' id='word_1_218' title='bbox 1576 855 1609 874; x_wconf 81' lang='lat' dir='ltr'><strong>ac</strong></span> <span class='ocrx_word' id='word_1_219' title='bbox 1627 855 1676 882; x_wconf 88' lang='lat' dir='ltr'><strong>per</strong></span> <span class='ocrx_word' id='word_1_220' title='bbox 1697 855 1772 875; x_wconf 86' lang='lat' dir='ltr'><strong>eam-</strong></span> 
     </span>
    </p>
   </div>
   <div class='ocr_carea' id='block_1_35' title="bbox 975 893 1773 931">
    <p class='ocr_par' dir='ltr' id='par_1_35' title="bbox 975 893 1773 931">
     <span class='ocr_line' id='line_1_35' title="bbox 975 893 1773 931; baseline -0.006 -7"><span class='ocrx_word' id='word_1_221' title='bbox 975 896 1037 924; x_wconf 87' lang='lat' dir='ltr'><strong>dem</strong></span> <span class='ocrx_word' id='word_1_222' title='bbox 1053 895 1168 931; x_wconf 80' lang='lat' dir='ltr'><strong>gratiam</strong></span> <span class='ocrx_word' id='word_1_223' title='bbox 1180 895 1320 922; x_wconf 84' lang='lat' dir='ltr'><strong>mirabiles</strong></span> <span class='ocrx_word' id='word_1_224' title='bbox 1333 894 1413 921; x_wconf 65' lang='lat' dir='ltr'><strong>t‘actm</strong></span> <span class='ocrx_word' id='word_1_225' title='bbox 1429 897 1493 921; x_wconf 82' lang='lat' dir='ltr'><strong>sunt</strong></span> <span class='ocrx_word' id='word_1_226' title='bbox 1508 893 1659 920; x_wconf 80' lang='lat' dir='ltr'><strong>Salvatoris</strong></span> <span class='ocrx_word' id='word_1_227' title='bbox 1675 893 1773 920; x_wconf 85' lang='lat' dir='ltr'><strong>volun-</strong></span> 
     </span>
    </p>
   </div>
   <div class='ocr_carea' id='block_1_36' title="bbox 129 932 928 989">
    <p class='ocr_par' dir='ltr' id='par_1_36' title="bbox 129 932 923 989">
     <span class='ocr_line' id='line_1_36' title="bbox 129 932 923 989; baseline -0.013 -10"><span class='ocrx_word' id='word_1_228' title='bbox 129 932 274 989; x_wconf 53' lang='lat' dir='ltr'><strong>atposzpuiv</strong></span> <span class='ocrx_word' id='word_1_229' title='bbox 289 932 497 985; x_wconf 68' lang='grc' dir='ltr'>ἁμαρτημάτων</span> <span class='ocrx_word' id='word_1_230' title='bbox 512 947 599 978; x_wconf 80' lang='grc' dir='ltr'>διδοὺς</span> <span class='ocrx_word' id='word_1_231' title='bbox 611 946 702 977; x_wconf 82' lang='grc' dir='ltr'>αὐτοῖς</span> <span class='ocrx_word' id='word_1_232' title='bbox 716 932 923 980; x_wconf 16' lang='grc' dir='ltr'>φησινλνόὺγμὴ</span> 
     </span>
    </p>
   </div>
   <div class='ocr_carea' id='block_1_37' title="bbox 980 932 1773 989">
    <p class='ocr_par' dir='ltr' id='par_1_37' title="bbox 980 939 1773 976">
     <span class='ocr_line' id='line_1_37' title="bbox 980 939 1773 976; baseline -0.001 -8"><span class='ocrx_word' id='word_1_233' title='bbox 980 945 1047 969; x_wconf 80' lang='lat' dir='ltr'><strong>tates</strong></span> <span class='ocrx_word' id='word_1_234' title='bbox 1067 942 1096 968; x_wconf 93' lang='lat' dir='ltr'><strong>in</strong></span> <span class='ocrx_word' id='word_1_235' title='bbox 1115 941 1193 976; x_wconf 89' lang='lat' dir='ltr'><strong>ipsis.</strong></span> <span class='ocrx_word' id='word_1_236' title='bbox 1212 940 1396 973; x_wconf 83' lang='lat' dir='ltr'><strong>Quamobrem</strong></span> <span class='ocrx_word' id='word_1_237' title='bbox 1417 947 1550 967; x_wconf 85' lang='lat' dir='ltr'><strong>concessa</strong></span> <span class='ocrx_word' id='word_1_238' title='bbox 1572 939 1626 966; x_wconf 85' lang='lat' dir='ltr'><strong>illis</strong></span> <span class='ocrx_word' id='word_1_239' title='bbox 1640 939 1773 974; x_wconf 85' lang='lat' dir='ltr'><strong>pristino—</strong></span> 
     </span>
    </p>
   </div>
   <div class='ocr_carea' id='block_1_38' title="bbox 128 990 925 1033">
    <p class='ocr_par' dir='ltr' id='par_1_38' title="bbox 128 990 925 1033">
     <span class='ocr_line' id='line_1_38' title="bbox 128 990 925 1033; baseline -0.013 -7"><span class='ocrx_word' id='word_1_240' title='bbox 128 997 292 1033; x_wconf 73' lang='grc' dir='ltr'><strong>συνατάγω</strong></span> <span class='ocrx_word' id='word_1_241' title='bbox 307 997 361 1030; x_wconf 86' lang='grc' dir='ltr'>τὰς</span> <span class='ocrx_word' id='word_1_242' title='bbox 376 995 552 1030; x_wconf 73' lang='grc' dir='ltr'>συναγωγὰς</span> <span class='ocrx_word' id='word_1_243' title='bbox 574 991 674 1020; x_wconf 71' lang='grc' dir='ltr'>αὐτῶν</span> <span class='ocrx_word' id='word_1_244' title='bbox 693 991 728 1024; x_wconf 80' lang='grc' dir='ltr'><strong>ἐξ</strong></span> <span class='ocrx_word' id='word_1_245' title='bbox 751 990 890 1026; x_wconf 73' lang='grc' dir='ltr'>αἱμάτων·</span> <span class='ocrx_word' id='word_1_246' title='bbox 908 990 925 1024; x_wconf 85' lang='grc' dir='ltr'><strong>ἢ</strong></span> 
     </span>
    </p>
   </div>
   <div class='ocr_carea' id='block_1_39' title="bbox 129 1036 926 1075">
    <p class='ocr_par' dir='ltr' id='par_1_39' title="bbox 129 1036 926 1075">
     <span class='ocr_line' id='line_1_39' title="bbox 129 1036 926 1075; baseline -0.013 -3"><span class='ocrx_word' id='word_1_247' title='bbox 129 1044 202 1072; x_wconf 79' lang='grc' dir='ltr'>κατὰ</span> <span class='ocrx_word' id='word_1_248' title='bbox 217 1044 265 1071; x_wconf 82' lang='grc' dir='ltr'><strong>τὸν</strong></span> <span class='ocrx_word' id='word_1_249' title='bbox 287 1042 412 1070; x_wconf 77' lang='grc' dir='ltr'>’Δκύλαν-</span> <span class='ocrx_word' id='word_1_250' title='bbox 432 1042 472 1068; x_wconf 79' lang='grc' dir='ltr'><strong>Οὐ</strong></span> <span class='ocrx_word' id='word_1_251' title='bbox 487 1040 530 1075; x_wconf 78' lang='grc' dir='ltr'>μὴ</span> <span class='ocrx_word' id='word_1_252' title='bbox 549 1040 666 1067; x_wconf 78' lang='grc' dir='ltr'>σπείσω</span> <span class='ocrx_word' id='word_1_253' title='bbox 679 1038 816 1070; x_wconf 77' lang='grc' dir='ltr'>σπονδὰς</span> <span class='ocrx_word' id='word_1_254' title='bbox 827 1036 926 1064; x_wconf 77' lang='grc' dir='ltr'>αὐτῶν</span> 
     </span>
    </p>
   </div>
   <div class='ocr_carea' id='block_1_40' title="bbox 129 1082 926 1125">
    <p class='ocr_par' dir='ltr' id='par_1_40' title="bbox 129 1082 926 1125">
     <span class='ocr_line' id='line_1_40' title="bbox 129 1082 926 1125; baseline -0.014 -6"><span class='ocrx_word' id='word_1_255' title='bbox 129 1091 164 1124; x_wconf 78' lang='grc' dir='ltr'><strong>ἐξ</strong></span> <span class='ocrx_word' id='word_1_256' title='bbox 182 1090 325 1125; x_wconf 76' lang='grc' dir='ltr'>αΙμὰτων.</span> <span class='ocrx_word' id='word_1_257' title='bbox 342 1088 429 1115; x_wconf 86' lang='grc' dir='ltr'>Πάλαι</span> <span class='ocrx_word' id='word_1_258' title='bbox 448 1087 496 1123; x_wconf 80' lang='grc' dir='ltr'><strong>μὲν</strong></span> <span class='ocrx_word' id='word_1_259' title='bbox 510 1085 574 1122; x_wconf 89' lang='grc' dir='ltr'>γὰρ,</span> <span class='ocrx_word' id='word_1_260' title='bbox 593 1086 670 1120; x_wconf 76' lang='grc' dir='ltr'>φησὶ,</span> <span class='ocrx_word' id='word_1_261' title='bbox 687 1083 803 1115; x_wconf 77' lang='grc' dir='ltr'>σπονδὰς</span> <span class='ocrx_word' id='word_1_262' title='bbox 817 1082 926 1109; x_wconf 67' lang='grc' dir='ltr'>ἐποίουν</span> 
     </span>
    </p>
   </div>
   <div class='ocr_carea' id='block_1_41' title="bbox 129 1129 926 1173">
    <p class='ocr_par' dir='ltr' id='par_1_41' title="bbox 129 1129 926 1173">
     <span class='ocr_line' id='line_1_41' title="bbox 129 1129 926 1173; baseline -0.014 -8"><span class='ocrx_word' id='word_1_263' title='bbox 129 1139 158 1172; x_wconf 73' lang='grc' dir='ltr'><strong>ἐξ</strong></span> <span class='ocrx_word' id='word_1_264' title='bbox 176 1138 313 1173; x_wconf 82' lang='grc' dir='ltr'>αἱμάτων,</span> <span class='ocrx_word' id='word_1_265' title='bbox 332 1135 453 1162; x_wconf 85' lang='grc' dir='ltr'>Ἰουδαῖοι</span> <span class='ocrx_word' id='word_1_266' title='bbox 469 1133 518 1169; x_wconf 84' lang='grc' dir='ltr'><strong>μὲν</strong></span> <span class='ocrx_word' id='word_1_267' title='bbox 535 1132 605 1159; x_wconf 81' lang='grc' dir='ltr'>κατὰ</span> <span class='ocrx_word' id='word_1_268' title='bbox 620 1131 700 1167; x_wconf 84' lang='grc' dir='ltr'>νόμον</span> <span class='ocrx_word' id='word_1_269' title='bbox 711 1130 750 1166; x_wconf 85' lang='grc' dir='ltr'>τῷ</span> <span class='ocrx_word' id='word_1_270' title='bbox 760 1129 819 1165; x_wconf 84' lang='grc' dir='ltr'><strong>Θεῷ</strong></span> <span class='ocrx_word' id='word_1_271' title='bbox 832 1129 926 1160; x_wconf 79' lang='grc' dir='ltr'>θυσίας</span> 
     </span>
    </p>
   </div>
   <div class='ocr_carea' id='block_1_42' title="bbox 129 1175 927 1222">
    <p class='ocr_par' dir='ltr' id='par_1_42' title="bbox 129 1175 927 1222">
     <span class='ocr_line' id='line_1_42' title="bbox 129 1175 927 1222; baseline -0.015 -9"><span class='ocrx_word' id='word_1_272' title='bbox 129 1184 345 1222; x_wconf 72' lang='grc' dir='ltr'>προσφέροντες,</span> <span class='ocrx_word' id='word_1_273' title='bbox 372 1181 500 1216; x_wconf 84' lang='grc' dir='ltr'>Ἕλληνες</span> <span class='ocrx_word' id='word_1_274' title='bbox 522 1180 561 1211; x_wconf 75' lang='grc' dir='ltr'><strong>δὲ,</strong></span> <span class='ocrx_word' id='word_1_275' title='bbox 581 1180 626 1206; x_wconf 84' lang='grc' dir='ltr'>ὅτε</span> <span class='ocrx_word' id='word_1_276' title='bbox 647 1179 703 1209; x_wconf 86' lang='grc' dir='ltr'>τοῖς</span> <span class='ocrx_word' id='word_1_277' title='bbox 719 1177 843 1212; x_wconf 83' lang='grc' dir='ltr'>δαίμοσιν</span> <span class='ocrx_word' id='word_1_278' title='bbox 866 1175 927 1202; x_wconf 82' lang='grc' dir='ltr'><strong>ὲλά-</strong></span> 
     </span>
    </p>
   </div>
   <div class='ocr_carea' id='block_1_43' title="bbox 129 1221 928 1267">
    <p class='ocr_par' dir='ltr' id='par_1_43' title="bbox 129 1221 928 1267">
     <span class='ocr_line' id='line_1_43' title="bbox 129 1221 928 1267; baseline -0.014 -9"><span class='ocrx_word' id='word_1_279' title='bbox 129 1221 237 1267; x_wconf 58' lang='lat' dir='ltr'><strong>apsum.</strong></span> <span class='ocrx_word' id='word_1_280' title='bbox 259 1228 330 1262; x_wconf 88' lang='grc' dir='ltr'><strong>Ἐγὼ</strong></span> <span class='ocrx_word' id='word_1_281' title='bbox 342 1228 370 1254; x_wconf 83' lang='grc' dir='ltr'><strong>δὲ</strong></span> <span class='ocrx_word' id='word_1_282' title='bbox 385 1226 481 1257; x_wconf 82' lang='grc' dir='ltr'>καινὰς</span> <span class='ocrx_word' id='word_1_283' title='bbox 493 1226 584 1256; x_wconf 84' lang='grc' dir='ltr'>αὐτοῖς</span> <span class='ocrx_word' id='word_1_284' title='bbox 596 1223 692 1255; x_wconf 81' lang='grc' dir='ltr'>θυσίας</span> <span class='ocrx_word' id='word_1_285' title='bbox 705 1223 853 1258; x_wconf 81' lang='grc' dir='ltr'>παραδοὺς,</span> <span class='ocrx_word' id='word_1_286' title='bbox 865 1221 928 1248; x_wconf 83' lang='grc' dir='ltr'><strong>οὺχ-</strong></span> 
     </span>
    </p>
   </div>
   <div class='ocr_carea' id='block_1_44' title="bbox 130 1266 928 1311">
    <p class='ocr_par' dir='ltr' id='par_1_44' title="bbox 130 1266 928 1311">
     <span class='ocr_line' id='line_1_44' title="bbox 130 1266 928 1311; baseline -0.014 -8"><span class='ocrx_word' id='word_1_287' title='bbox 130 1266 169 1303; x_wconf 78' lang='grc' dir='ltr'>έτι</span> <span class='ocrx_word' id='word_1_288' title='bbox 181 1275 295 1311; x_wconf 77' lang='grc' dir='ltr'>δέξομαι</span> <span class='ocrx_word' id='word_1_289' title='bbox 310 1273 426 1304; x_wconf 79' lang='grc' dir='ltr'>σπονδὰς</span> <span class='ocrx_word' id='word_1_290' title='bbox 438 1272 528 1299; x_wconf 75' lang='grc' dir='ltr'>αὐτῶν</span> <span class='ocrx_word' id='word_1_291' title='bbox 547 1270 576 1304; x_wconf 73' lang='grc' dir='ltr'>ἐξ</span> <span class='ocrx_word' id='word_1_292' title='bbox 593 1269 732 1305; x_wconf 74' lang='grc' dir='ltr'>αἱμάτων·</span> <span class='ocrx_word' id='word_1_293' title='bbox 752 1267 813 1294; x_wconf 80' lang='grc' dir='ltr'>οὐδὲ</span> <span class='ocrx_word' id='word_1_294' title='bbox 826 1266 928 1298; x_wconf 86' lang='grc' dir='ltr'>ταύτας</span> 
     </span>
    </p>
   </div>
   <div class='ocr_carea' id='block_1_45' title="bbox 130 1313 926 1355">
    <p class='ocr_par' dir='ltr' id='par_1_45' title="bbox 130 1313 926 1355">
     <span class='ocr_line' id='line_1_45' title="bbox 130 1313 926 1355; baseline -0.015 -5"><span class='ocrx_word' id='word_1_295' title='bbox 130 1323 236 1350; x_wconf 66' lang='lat' dir='ltr'><strong>amico)</strong></span> <span class='ocrx_word' id='word_1_296' title='bbox 252 1321 300 1349; x_wconf 73' lang='grc' dir='ltr'>ἅτε</span> <span class='ocrx_word' id='word_1_297' title='bbox 314 1321 460 1355; x_wconf 79' lang='grc' dir='ltr'>ἀρχιερεὺς</span> <span class='ocrx_word' id='word_1_298' title='bbox 479 1319 511 1344; x_wconf 79' lang='grc' dir='ltr'><strong>ὲκ</strong></span> <span class='ocrx_word' id='word_1_299' title='bbox 530 1317 586 1344; x_wconf 82' lang='grc' dir='ltr'><strong>τῶν</strong></span> <span class='ocrx_word' id='word_1_300' title='bbox 606 1315 706 1352; x_wconf 87' lang='grc' dir='ltr'>χειρῶν</span> <span class='ocrx_word' id='word_1_301' title='bbox 722 1313 812 1341; x_wconf 80' lang='grc' dir='ltr'>αὐτῶν</span> <span class='ocrx_word' id='word_1_302' title='bbox 828 1313 926 1341; x_wconf 85' lang='grc' dir='ltr'>ἀποδε-</span> 
     </span>
    </p>
   </div>
   <div class='ocr_carea' id='block_1_46' title="bbox 131 1359 927 1405">
    <p class='ocr_par' dir='ltr' id='par_1_46' title="bbox 131 1359 927 1405">
     <span class='ocr_line' id='line_1_46' title="bbox 131 1359 927 1405; baseline -0.013 -10"><span class='ocrx_word' id='word_1_303' title='bbox 131 1369 246 1405; x_wconf 70' lang='grc' dir='ltr'>ξάμενος</span> <span class='ocrx_word' id='word_1_304' title='bbox 261 1367 309 1394; x_wconf 75' lang='grc' dir='ltr'><strong>καὶ</strong></span> <span class='ocrx_word' id='word_1_305' title='bbox 325 1366 456 1393; x_wconf 76' lang='grc' dir='ltr'>σπένδωψ</span> <span class='ocrx_word' id='word_1_306' title='bbox 474 1363 556 1391; x_wconf 81' lang='grc' dir='ltr'>καινὰ</span> <span class='ocrx_word' id='word_1_307' title='bbox 575 1363 604 1389; x_wconf 82' lang='grc' dir='ltr'><strong>δὲ</strong></span> <span class='ocrx_word' id='word_1_308' title='bbox 628 1362 765 1398; x_wconf 87' lang='grc' dir='ltr'>μυστήρια</span> <span class='ocrx_word' id='word_1_309' title='bbox 789 1359 927 1396; x_wconf 77' lang='grc' dir='ltr'>παραδοὺς</span> 
     </span>
    </p>
   </div>
   <div class='ocr_carea' id='block_1_47' title="bbox 129 1406 926 1447">
    <p class='ocr_par' dir='ltr' id='par_1_47' title="bbox 129 1406 926 1447">
     <span class='ocr_line' id='line_1_47' title="bbox 129 1406 926 1447; baseline -0.016 -3"><span class='ocrx_word' id='word_1_310' title='bbox 129 1416 224 1447; x_wconf 81' lang='grc' dir='ltr'>αὐτοῖς</span> <span class='ocrx_word' id='word_1_311' title='bbox 235 1414 283 1441; x_wconf 78' lang='grc' dir='ltr'><strong>καὶ</strong></span> <span class='ocrx_word' id='word_1_312' title='bbox 294 1412 390 1444; x_wconf 82' lang='grc' dir='ltr'>καινὰς</span> <span class='ocrx_word' id='word_1_313' title='bbox 402 1411 498 1442; x_wconf 86' lang='grc' dir='ltr'>θυσίας</span> <span class='ocrx_word' id='word_1_314' title='bbox 510 1410 559 1441; x_wconf 72' lang='grc' dir='ltr'>τὰς</span> <span class='ocrx_word' id='word_1_315' title='bbox 572 1409 704 1444; x_wconf 79' lang='grc' dir='ltr'>ἀναίμους</span> <span class='ocrx_word' id='word_1_316' title='bbox 717 1408 765 1434; x_wconf 75' lang='grc' dir='ltr'>καὶ</span> <span class='ocrx_word' id='word_1_317' title='bbox 775 1406 926 1438; x_wconf 77' lang='grc' dir='ltr'>ἀκάπνους,</span> 
     </span>
    </p>
   </div>
   <div class='ocr_carea' id='block_1_48' title="bbox 130 1452 926 1496">
    <p class='ocr_par' dir='ltr' id='par_1_48' title="bbox 130 1452 926 1496">
     <span class='ocr_line' id='line_1_48' title="bbox 130 1452 926 1496; baseline -0.015 -6"><span class='ocrx_word' id='word_1_318' title='bbox 130 1462 179 1492; x_wconf 70' lang='grc' dir='ltr'><strong>καὶ</strong></span> <span class='ocrx_word' id='word_1_319' title='bbox 201 1460 323 1496; x_wconf 83' lang='grc' dir='ltr'>λογικὰς,</span> <span class='ocrx_word' id='word_1_320' title='bbox 347 1458 459 1490; x_wconf 75' lang='grc' dir='ltr'>ταύταις</span> <span class='ocrx_word' id='word_1_321' title='bbox 481 1456 599 1494; x_wconf 81' lang='grc' dir='ltr'>χρῆσθαι</span> <span class='ocrx_word' id='word_1_322' title='bbox 622 1454 720 1487; x_wconf 78' lang='grc' dir='ltr'>διδάξω</span> <span class='ocrx_word' id='word_1_323' title='bbox 743 1452 851 1484; x_wconf 76' lang='grc' dir='ltr'>αὐτούς’</span> <span class='ocrx_word' id='word_1_324' title='bbox 869 1452 926 1481; x_wconf 81' lang='grc' dir='ltr'>ἀλλ’</span> 
     </span>
    </p>
   </div>
   <div class='ocr_carea' id='block_1_49' title="bbox 129 1497 927 1543">
    <p class='ocr_par' dir='ltr' id='par_1_49' title="bbox 129 1497 927 1543">
     <span class='ocr_line' id='line_1_49' title="bbox 129 1497 927 1543; baseline -0.015 -8"><span class='ocrx_word' id='word_1_325' title='bbox 129 1508 192 1535; x_wconf 81' lang='grc' dir='ltr'>οὐδὲ</span> <span class='ocrx_word' id='word_1_326' title='bbox 206 1505 387 1543; x_wconf 84' lang='grc' dir='ltr'>μνημονεύσω</span> <span class='ocrx_word' id='word_1_327' title='bbox 404 1503 448 1534; x_wconf 81' lang='grc' dir='ltr'>διὰ.</span> <span class='ocrx_word' id='word_1_328' title='bbox 463 1502 518 1529; x_wconf 84' lang='grc' dir='ltr'><strong>τῶν</strong></span> <span class='ocrx_word' id='word_1_329' title='bbox 536 1501 648 1538; x_wconf 81' lang='grc' dir='ltr'>χειλέων</span> <span class='ocrx_word' id='word_1_330' title='bbox 669 1509 720 1536; x_wconf 86' lang='grc' dir='ltr'><strong>μου</strong></span> <span class='ocrx_word' id='word_1_331' title='bbox 736 1499 790 1526; x_wconf 84' lang='grc' dir='ltr'><strong>τῶν</strong></span> <span class='ocrx_word' id='word_1_332' title='bbox 804 1497 927 1525; x_wconf 86' lang='grc' dir='ltr'>παλαιῶν</span> 
     </span>
    </p>
   </div>
   <div class='ocr_carea' id='block_1_50' title="bbox 131 1543 927 1587">
    <p class='ocr_par' dir='ltr' id='par_1_50' title="bbox 131 1543 927 1587">
     <span class='ocr_line' id='line_1_50' title="bbox 131 1543 927 1587; baseline -0.014 -7"><span class='ocrx_word' id='word_1_333' title='bbox 131 1552 221 1580; x_wconf 82' lang='grc' dir='ltr'>αὐτῶν</span> <span class='ocrx_word' id='word_1_334' title='bbox 236 1550 388 1587; x_wconf 77' lang='grc' dir='ltr'>ὀνομάτων.</span> <span class='ocrx_word' id='word_1_335' title='bbox 407 1549 502 1576; x_wconf 71' lang='grc' dir='ltr'>Πάλαιι</span> <span class='ocrx_word' id='word_1_336' title='bbox 519 1548 567 1583; x_wconf 83' lang='grc' dir='ltr'>μὲν</span> <span class='ocrx_word' id='word_1_337' title='bbox 586 1546 642 1582; x_wconf 86' lang='grc' dir='ltr'><strong>γὰρ</strong></span> <span class='ocrx_word' id='word_1_338' title='bbox 656 1544 776 1578; x_wconf 75' lang='grc' dir='ltr'>ἐπαξίως</span> <span class='ocrx_word' id='word_1_339' title='bbox 788 1544 843 1571; x_wconf 83' lang='grc' dir='ltr'><strong>τῶν</strong></span> <span class='ocrx_word' id='word_1_340' title='bbox 857 1543 927 1585; x_wconf 85' lang='grc' dir='ltr'>πρά-</span> 
     </span>
    </p>
   </div>
   <div class='ocr_carea' id='block_1_51' title="bbox 133 1581 927 1633">
    <p class='ocr_par' dir='ltr' id='par_1_51' title="bbox 133 1581 927 1633">
     <span class='ocr_line' id='line_1_51' title="bbox 133 1581 927 1633; baseline -0.013 -8"><span class='ocrx_word' id='word_1_341' title='bbox 133 1589 201 1632; x_wconf 76' lang='grc' dir='ltr'>ξεων</span> <span class='ocrx_word' id='word_1_342' title='bbox 212 1581 348 1633; x_wconf 70' lang='grc' dir='ltr'>ἐπήγοντο</span> <span class='ocrx_word' id='word_1_343' title='bbox 364 1581 550 1631; x_wconf 76' lang='grc' dir='ltr'>προσηγορίας</span> <span class='ocrx_word' id='word_1_344' title='bbox 566 1592 590 1618; x_wconf 83' lang='grc' dir='ltr'>οἱ</span> <span class='ocrx_word' id='word_1_345' title='bbox 605 1581 659 1619; x_wconf 80' lang='grc' dir='ltr'>ἀπὸ</span> <span class='ocrx_word' id='word_1_346' title='bbox 669 1591 723 1618; x_wconf 85' lang='grc' dir='ltr'>τῶν</span> <span class='ocrx_word' id='word_1_347' title='bbox 733 1590 830 1621; x_wconf 78' lang='grc' dir='ltr'>ἐθνῶν,</span> <span class='ocrx_word' id='word_1_348' title='bbox 844 1581 927 1626; x_wconf 66' lang='grc' dir='ltr'><strong>βέϐη-</strong></span> 
     </span>
    </p>
   </div>
   <div class='ocr_carea' id='block_1_52' title="bbox 131 1636 929 1678">
    <p class='ocr_par' dir='ltr' id='par_1_52' title="bbox 131 1636 929 1678">
     <span class='ocr_line' id='line_1_52' title="bbox 131 1636 929 1678; baseline -0.013 -6"><span class='ocrx_word' id='word_1_349' title='bbox 131 1645 173 1672; x_wconf 73' lang='grc' dir='ltr'><strong>λοι</strong></span> <span class='ocrx_word' id='word_1_350' title='bbox 185 1645 235 1671; x_wconf 80' lang='grc' dir='ltr'>καὶ</span> <span class='ocrx_word' id='word_1_351' title='bbox 244 1642 406 1678; x_wconf 78' lang='grc' dir='ltr'>ἀκάθαρτοι,</span> <span class='ocrx_word' id='word_1_352' title='bbox 421 1641 469 1668; x_wconf 75' lang='grc' dir='ltr'>καὶ</span> <span class='ocrx_word' id='word_1_353' title='bbox 482 1639 685 1674; x_wconf 80' lang='grc' dir='ltr'>εἰδωλολάτραι,</span> <span class='ocrx_word' id='word_1_354' title='bbox 700 1636 827 1664; x_wconf 86' lang='grc' dir='ltr'>πολύθεοί</span> <span class='ocrx_word' id='word_1_355' title='bbox 840 1645 869 1663; x_wconf 88' lang='grc' dir='ltr'><strong>τε</strong></span> <span class='ocrx_word' id='word_1_356' title='bbox 882 1636 929 1663; x_wconf 80' lang='grc' dir='ltr'><strong>καὶ</strong></span> 
     </span>
    </p>
   </div>
   <div class='ocr_carea' id='block_1_53' title="bbox 133 1683 929 1724">
    <p class='ocr_par' dir='ltr' id='par_1_53' title="bbox 133 1683 929 1724">
     <span class='ocr_line' id='line_1_53' title="bbox 133 1683 929 1724; baseline -0.01 -7"><span class='ocrx_word' id='word_1_357' title='bbox 133 1691 212 1718; x_wconf 76' lang='grc' dir='ltr'>ἄθεοι</span> <span class='ocrx_word' id='word_1_358' title='bbox 227 1689 430 1724; x_wconf 80' lang='grc' dir='ltr'>ὀνομαζόμενοι·</span> <span class='ocrx_word' id='word_1_359' title='bbox 446 1687 495 1713; x_wconf 77' lang='grc' dir='ltr'>νῦν</span> <span class='ocrx_word' id='word_1_360' title='bbox 511 1686 540 1713; x_wconf 81' lang='grc' dir='ltr'><strong>δὲ</strong></span> <span class='ocrx_word' id='word_1_361' title='bbox 556 1685 669 1712; x_wconf 75' lang='grc' dir='ltr'>ἐκείνων</span> <span class='ocrx_word' id='word_1_362' title='bbox 685 1684 734 1720; x_wconf 83' lang='grc' dir='ltr'><strong>μὲν</strong></span> <span class='ocrx_word' id='word_1_363' title='bbox 748 1683 838 1711; x_wconf 82' lang='grc' dir='ltr'>οὐκέτι</span> <span class='ocrx_word' id='word_1_364' title='bbox 861 1691 929 1718; x_wconf 92' lang='grc' dir='ltr'>μνη-</span> 
     </span>
    </p>
   </div>
   <div class='ocr_carea' id='block_1_54' title="bbox 136 1730 929 1773">
    <p class='ocr_par' dir='ltr' id='par_1_54' title="bbox 136 1730 929 1773">
     <span class='ocr_line' id='line_1_54' title="bbox 136 1730 929 1773; baseline -0.013 -8"><span class='ocrx_word' id='word_1_365' title='bbox 136 1737 275 1773; x_wconf 81' lang='grc' dir='ltr'>σθήσομαι</span> <span class='ocrx_word' id='word_1_366' title='bbox 286 1735 340 1773; x_wconf 84' lang='grc' dir='ltr'><strong>τῶν</strong></span> <span class='ocrx_word' id='word_1_367' title='bbox 350 1735 498 1771; x_wconf 78' lang='grc' dir='ltr'>ὀνομάτων,</span> <span class='ocrx_word' id='word_1_368' title='bbox 512 1733 594 1768; x_wconf 70' lang='grc' dir='ltr'>ἕτερα</span> <span class='ocrx_word' id='word_1_369' title='bbox 604 1732 633 1758; x_wconf 81' lang='grc' dir='ltr'><strong>δὲ</strong></span> <span class='ocrx_word' id='word_1_370' title='bbox 644 1732 735 1763; x_wconf 82' lang='grc' dir='ltr'>αὐτοῖς</span> <span class='ocrx_word' id='word_1_371' title='bbox 746 1731 805 1757; x_wconf 88' lang='grc' dir='ltr'>ἀντ’</span> <span class='ocrx_word' id='word_1_372' title='bbox 817 1730 929 1756; x_wconf 75' lang='grc' dir='ltr'>ἐκείνων</span> 
     </span>
    </p>
   </div>
   <div class='ocr_carea' id='block_1_55' title="bbox 137 1776 929 1820">
    <p class='ocr_par' dir='ltr' id='par_1_55' title="bbox 137 1776 929 1820">
     <span class='ocr_line' id='line_1_55' title="bbox 137 1776 929 1820; baseline -0.011 -9"><span class='ocrx_word' id='word_1_373' title='bbox 137 1784 304 1820; x_wconf 69' lang='grc' dir='ltr'>δωρήσομαι·</span> <span class='ocrx_word' id='word_1_374' title='bbox 313 1781 433 1813; x_wconf 72' lang='grc' dir='ltr'>εὐσεϐεῖς</span> <span class='ocrx_word' id='word_1_375' title='bbox 444 1781 543 1812; x_wconf 78' lang='grc' dir='ltr'>αὐτοὺς</span> <span class='ocrx_word' id='word_1_376' title='bbox 555 1779 602 1806; x_wconf 74' lang='grc' dir='ltr'>καὶ</span> <span class='ocrx_word' id='word_1_377' title='bbox 610 1778 754 1809; x_wconf 79' lang='grc' dir='ltr'>θεοσεῦεἰς,</span> <span class='ocrx_word' id='word_1_378' title='bbox 767 1777 815 1806; x_wconf 70' lang='grc' dir='ltr'>καὶ</span> <span class='ocrx_word' id='word_1_379' title='bbox 823 1776 929 1816; x_wconf 61' lang='grc' dir='ltr'>ἁγίους,</span> 
     </span>
    </p>
   </div>
   <div class='ocr_carea' id='block_1_56' title="bbox 136 1822 930 1867">
    <p class='ocr_par' dir='ltr' id='par_1_56' title="bbox 136 1822 930 1867">
     <span class='ocr_line' id='line_1_56' title="bbox 136 1822 930 1867; baseline -0.013 -9"><span class='ocrx_word' id='word_1_380' title='bbox 136 1830 252 1867; x_wconf 80' lang='grc' dir='ltr'>κλητηύς</span> <span class='ocrx_word' id='word_1_381' title='bbox 271 1838 300 1857; x_wconf 88' lang='grc' dir='ltr'><strong>τε</strong></span> <span class='ocrx_word' id='word_1_382' title='bbox 317 1829 364 1858; x_wconf 67' lang='grc' dir='ltr'><strong>καὶ</strong></span> <span class='ocrx_word' id='word_1_383' title='bbox 384 1828 548 1860; x_wconf 78' lang='grc' dir='ltr'>ἐκλεκτοὺς,</span> <span class='ocrx_word' id='word_1_384' title='bbox 568 1827 616 1853; x_wconf 72' lang='grc' dir='ltr'>καὶ</span> <span class='ocrx_word' id='word_1_385' title='bbox 630 1824 810 1860; x_wconf 84' lang='grc' dir='ltr'>Χριστιανοὺς</span> <span class='ocrx_word' id='word_1_386' title='bbox 830 1822 930 1858; x_wconf 77' lang='grc' dir='ltr'>ὀνομά-</span> 
     </span>
    </p>
   </div>
   <div class='ocr_carea' id='block_1_57' title="bbox 137 1878 203 1910">
    <p class='ocr_par' dir='ltr' id='par_1_57' title="bbox 137 1878 203 1910">
     <span class='ocr_line' id='line_1_57' title="bbox 137 1878 203 1910; baseline -0.015 -5"><span class='ocrx_word' id='word_1_387' title='bbox 137 1878 191 1910; x_wconf 77' lang='grc' dir='ltr'>ζων</span> <span class='ocrx_word' id='word_1_388' title='bbox 196 1896 203 1904; x_wconf 92' lang='grc'><strong>.</strong></span> 
     </span>
    </p>
   </div>
   <div class='ocr_carea' id='block_1_58' title="bbox 123 1916 930 1959">
    <p class='ocr_par' dir='ltr' id='par_1_58' title="bbox 123 1916 930 1959">
     <span class='ocr_line' id='line_1_58' title="bbox 123 1916 930 1959; baseline -0.012 -8"><span class='ocrx_word' id='word_1_389' title='bbox 123 1920 128 1924; x_wconf 67' lang='grc'><strong>”</strong></span> <span class='ocrx_word' id='word_1_390' title='bbox 170 1923 279 1958; x_wconf 87' lang='grc' dir='ltr'>Κύριος</span> <span class='ocrx_word' id='word_1_391' title='bbox 291 1922 376 1959; x_wconf 65' lang='grc' dir='ltr'>μερὶς</span> <span class='ocrx_word' id='word_1_392' title='bbox 387 1921 441 1956; x_wconf 83' lang='grc' dir='ltr'>τῆς</span> <span class='ocrx_word' id='word_1_393' title='bbox 452 1918 655 1955; x_wconf 81' lang='grc' dir='ltr'>κληρονομίας</span> <span class='ocrx_word' id='word_1_394' title='bbox 665 1927 724 1953; x_wconf 83' lang='grc' dir='ltr'>μου</span> <span class='ocrx_word' id='word_1_395' title='bbox 737 1917 786 1944; x_wconf 74' lang='grc' dir='ltr'><strong>καὶ</strong></span> <span class='ocrx_word' id='word_1_396' title='bbox 803 1916 856 1943; x_wconf 86' lang='grc' dir='ltr'>τοῦ</span> <span class='ocrx_word' id='word_1_397' title='bbox 876 1924 930 1942; x_wconf 82' lang='grc' dir='ltr'>πο-</span> 
     </span>
    </p>
   </div>
   <div class='ocr_carea' id='block_1_59' title="bbox 138 1963 931 2005">
    <p class='ocr_par' dir='ltr' id='par_1_59' title="bbox 138 1963 931 2005">
     <span class='ocr_line' id='line_1_59' title="bbox 138 1963 931 2005; baseline -0.013 -8"><span class='ocrx_word' id='word_1_398' title='bbox 138 1970 238 2005; x_wconf 77' lang='grc' dir='ltr'>τηρίου</span> <span class='ocrx_word' id='word_1_399' title='bbox 249 1978 320 2004; x_wconf 85' lang='grc' dir='ltr'>μου,</span> <span class='ocrx_word' id='word_1_400' title='bbox 347 1968 388 1995; x_wconf 85' lang='grc' dir='ltr'>σὺ</span> <span class='ocrx_word' id='word_1_401' title='bbox 406 1966 436 1995; x_wconf 83' lang='grc' dir='ltr'>εἴ</span> <span class='ocrx_word' id='word_1_402' title='bbox 450 1969 466 1994; x_wconf 85' lang='lat' dir='ltr'><strong>d</strong></span> <span class='ocrx_word' id='word_1_403' title='bbox 486 1964 697 1994; x_wconf 75' lang='grc' dir='ltr'>ἀποκαθιστῶν</span> <span class='ocrx_word' id='word_1_404' title='bbox 713 1963 770 1997; x_wconf 77' lang='grc' dir='ltr'>τὴν</span> <span class='ocrx_word' id='word_1_405' title='bbox 789 1964 931 1996; x_wconf 78' lang='grc' dir='ltr'>κληρονο-</span> 
     </span>
    </p>
   </div>
   <div class='ocr_carea' id='block_1_60' title="bbox 137 2007 931 2050">
    <p class='ocr_par' dir='ltr' id='par_1_60' title="bbox 137 2007 931 2050">
     <span class='ocr_line' id='line_1_60' title="bbox 137 2007 931 2050; baseline -0.013 -7"><span class='ocrx_word' id='word_1_406' title='bbox 137 2016 208 2050; x_wconf 83' lang='grc' dir='ltr'>μίαν</span> <span class='ocrx_word' id='word_1_407' title='bbox 216 2024 276 2050; x_wconf 80' lang='grc' dir='ltr'>μου</span> <span class='ocrx_word' id='word_1_408' title='bbox 293 2014 369 2049; x_wconf 83' lang='grc' dir='ltr'>ἐμοι.</span> <span class='ocrx_word' id='word_1_409' title='bbox 393 2012 610 2048; x_wconf 82' lang='grc' dir='ltr'>Ἀναμνησθῆναι</span> <span class='ocrx_word' id='word_1_410' title='bbox 628 2010 761 2046; x_wconf 81' lang='grc' dir='ltr'>προσήκει</span> <span class='ocrx_word' id='word_1_411' title='bbox 776 2008 829 2035; x_wconf 88' lang='grc' dir='ltr'><strong>τῶν</strong></span> <span class='ocrx_word' id='word_1_412' title='bbox 849 2009 878 2034; x_wconf 86' lang='grc' dir='ltr'>ὲν</span> <span class='ocrx_word' id='word_1_413' title='bbox 890 2007 931 2043; x_wconf 85' lang='grc' dir='ltr'>τῷ</span> 
     </span>
    </p>
   </div>
   <div class='ocr_carea' id='block_1_61' title="bbox 137 2053 931 2097">
    <p class='ocr_par' dir='ltr' id='par_1_61' title="bbox 137 2053 931 2097">
     <span class='ocr_line' id='line_1_61' title="bbox 137 2053 931 2097; baseline -0.013 -8"><span class='ocrx_word' id='word_1_414' title='bbox 137 2061 256 2097; x_wconf 73' lang='grc' dir='ltr'>δευτέρῳ</span> <span class='ocrx_word' id='word_1_415' title='bbox 266 2059 419 2097; x_wconf 84' lang='grc' dir='ltr'>εἰρημένων</span> <span class='ocrx_word' id='word_1_416' title='bbox 429 2058 539 2094; x_wconf 77' lang='grc' dir='ltr'>ψαλμῷ.</span> <span class='ocrx_word' id='word_1_417' title='bbox 552 2057 606 2084; x_wconf 76' lang='grc' dir='ltr'><strong>Καὶ</strong></span> <span class='ocrx_word' id='word_1_418' title='bbox 615 2057 670 2092; x_wconf 80' lang='grc' dir='ltr'><strong>γὰρ</strong></span> <span class='ocrx_word' id='word_1_419' title='bbox 683 2057 740 2082; x_wconf 74' lang='grc' dir='ltr'>ἐκεῖ</span> <span class='ocrx_word' id='word_1_420' title='bbox 754 2053 931 2090; x_wconf 80' lang='grc' dir='ltr'>ἀνθρωπίνως</span> 
     </span>
    </p>
   </div>
   <div class='ocr_carea' id='block_1_62' title="bbox 139 2099 931 2143">
    <p class='ocr_par' dir='ltr' id='par_1_62' title="bbox 139 2099 931 2143">
     <span class='ocr_line' id='line_1_62' title="bbox 139 2099 931 2143; baseline -0.013 -7"><span class='ocrx_word' id='word_1_421' title='bbox 139 2108 219 2136; x_wconf 74' lang='grc' dir='ltr'>πάλιν</span> <span class='ocrx_word' id='word_1_422' title='bbox 242 2108 310 2143; x_wconf 79' lang='grc' dir='ltr'>πρὸς</span> <span class='ocrx_word' id='word_1_423' title='bbox 332 2105 412 2133; x_wconf 74' lang='grc' dir='ltr'>αὐτὸν</span> <span class='ocrx_word' id='word_1_424' title='bbox 436 2105 528 2139; x_wconf 81' lang='grc' dir='ltr'>ἔλεγεν</span> <span class='ocrx_word' id='word_1_425' title='bbox 552 2105 566 2130; x_wconf 87' lang='grc' dir='ltr'>ὁ</span> <span class='ocrx_word' id='word_1_426' title='bbox 588 2103 693 2138; x_wconf 60' lang='grc' dir='ltr'>Πατήρ</span> <span class='ocrx_word' id='word_1_427' title='bbox 718 2101 846 2135; x_wconf 82' lang='grc' dir='ltr'>Αἴτησαι</span> <span class='ocrx_word' id='word_1_428' title='bbox 862 2099 931 2134; x_wconf 80' lang='grc' dir='ltr'>παρ’</span> 
     </span>
    </p>
   </div>
   <div class='ocr_carea' id='block_1_63' title="bbox 138 2146 930 2190">
    <p class='ocr_par' dir='ltr' id='par_1_63' title="bbox 138 2146 930 2190">
     <span class='ocr_line' id='line_1_63' title="bbox 138 2146 930 2190; baseline -0.011 -9"><span class='ocrx_word' id='word_1_429' title='bbox 138 2146 222 2190; x_wconf 58' lang='grc' dir='ltr'>ἐμοῦ,</span> <span class='ocrx_word' id='word_1_430' title='bbox 240 2153 291 2180; x_wconf 78' lang='grc' dir='ltr'><strong>καὶ</strong></span> <span class='ocrx_word' id='word_1_431' title='bbox 306 2152 391 2179; x_wconf 80' lang='grc' dir='ltr'>δώσω</span> <span class='ocrx_word' id='word_1_432' title='bbox 407 2159 458 2178; x_wconf 75' lang='grc' dir='ltr'><strong>σοι</strong></span> <span class='ocrx_word' id='word_1_433' title='bbox 473 2151 545 2184; x_wconf 71' lang='grc' dir='ltr'>ἔθνη</span> <span class='ocrx_word' id='word_1_434' title='bbox 563 2149 621 2183; x_wconf 77' lang='grc' dir='ltr'><strong>τὴν</strong></span> <span class='ocrx_word' id='word_1_435' title='bbox 638 2147 843 2182; x_wconf 74' lang='grc' dir='ltr'>κληρονομίαν</span> <span class='ocrx_word' id='word_1_436' title='bbox 861 2153 930 2178; x_wconf 82' lang='grc' dir='ltr'>σου,</span> 
     </span>
    </p>
   </div>
   <div class='ocr_carea' id='block_1_64' title="bbox 139 2192 933 2234">
    <p class='ocr_par' dir='ltr' id='par_1_64' title="bbox 139 2192 933 2234">
     <span class='ocr_line' id='line_1_64' title="bbox 139 2192 933 2234; baseline -0.013 -6"><span class='ocrx_word' id='word_1_437' title='bbox 139 2201 186 2229; x_wconf 77' lang='grc' dir='ltr'><strong>καὶ</strong></span> <span class='ocrx_word' id='word_1_438' title='bbox 198 2200 256 2234; x_wconf 81' lang='grc' dir='ltr'><strong>τὴν</strong></span> <span class='ocrx_word' id='word_1_439' title='bbox 267 2198 454 2232; x_wconf 79' lang='grc' dir='ltr'>κατάσχεσίν</span> <span class='ocrx_word' id='word_1_440' title='bbox 468 2205 526 2224; x_wconf 85' lang='grc' dir='ltr'>σου</span> <span class='ocrx_word' id='word_1_441' title='bbox 543 2195 580 2223; x_wconf 79' lang='grc' dir='ltr'>τὰ</span> <span class='ocrx_word' id='word_1_442' title='bbox 598 2194 711 2229; x_wconf 78' lang='grc' dir='ltr'>πέρατα</span> <span class='ocrx_word' id='word_1_443' title='bbox 726 2193 782 2228; x_wconf 83' lang='grc' dir='ltr'>τῆς</span> <span class='ocrx_word' id='word_1_444' title='bbox 797 2193 863 2228; x_wconf 81' lang='grc' dir='ltr'><strong>γῆς.</strong></span> <span class='ocrx_word' id='word_1_445' title='bbox 877 2192 933 2219; x_wconf 72' lang='grc' dir='ltr'><strong>Καὶ</strong></span> 
     </span>
    </p>
   </div>
   <div class='ocr_carea' id='block_1_65' title="bbox 138 2238 931 2282">
    <p class='ocr_par' dir='ltr' id='par_1_65' title="bbox 138 2238 931 2282">
     <span class='ocr_line' id='line_1_65' title="bbox 138 2238 931 2282; baseline -0.014 -7"><span class='ocrx_word' id='word_1_446' title='bbox 138 2249 166 2276; x_wconf 68' lang='grc' dir='ltr'>ἰν</span> <span class='ocrx_word' id='word_1_447' title='bbox 177 2249 233 2279; x_wconf 82' lang='grc' dir='ltr'>τοῖς</span> <span class='ocrx_word' id='word_1_448' title='bbox 247 2247 329 2282; x_wconf 80' lang='grc' dir='ltr'>ἱεροῖς</span> <span class='ocrx_word' id='word_1_449' title='bbox 340 2244 517 2279; x_wconf 82' lang='grc' dir='ltr'>Εὐαγγελίοις</span> <span class='ocrx_word' id='word_1_450' title='bbox 531 2242 611 2274; x_wconf 80' lang='grc' dir='ltr'>αὐτὸς</span> <span class='ocrx_word' id='word_1_451' title='bbox 626 2242 693 2277; x_wconf 81' lang='grc' dir='ltr'>πρὸς</span> <span class='ocrx_word' id='word_1_452' title='bbox 708 2241 753 2267; x_wconf 85' lang='grc' dir='ltr'><strong>τὸν</strong></span> <span class='ocrx_word' id='word_1_453' title='bbox 769 2238 867 2267; x_wconf 76' lang='grc' dir='ltr'>ἑαυτοῦ</span> <span class='ocrx_word' id='word_1_454' title='bbox 880 2238 931 2274; x_wconf 75' lang='grc' dir='ltr'>ἔφη</span> 
     </span>
    </p>
   </div>
   <div class='ocr_carea' id='block_1_66' title="bbox 975 985 1773 1021">
    <p class='ocr_par' dir='ltr' id='par_1_66' title="bbox 975 985 1773 1021">
     <span class='ocr_line' id='line_1_66' title="bbox 975 985 1773 1021; baseline -0.004 -6"><span class='ocrx_word' id='word_1_455' title='bbox 975 995 1037 1015; x_wconf 88' lang='lat' dir='ltr'><strong>rum</strong></span> <span class='ocrx_word' id='word_1_456' title='bbox 1051 987 1187 1015; x_wconf 83' lang='lat' dir='ltr'><strong>scelerum</strong></span> <span class='ocrx_word' id='word_1_457' title='bbox 1204 987 1294 1019; x_wconf 84' lang='lat' dir='ltr'><strong>venia,</strong></span> <span class='ocrx_word' id='word_1_458' title='bbox 1310 987 1348 1013; x_wconf 90' lang='lat' dir='ltr'><strong>ait</strong></span> <span class='ocrx_word' id='word_1_459' title='bbox 1363 994 1369 1012; x_wconf 90' lang='lat'><strong>:</strong></span> <span class='ocrx_word' id='word_1_460' title='bbox 1388 986 1450 1013; x_wconf 88' lang='lat' dir='ltr'><strong>Non</strong></span> <span class='ocrx_word' id='word_1_461' title='bbox 1463 985 1625 1021; x_wconf 82' lang='lat' dir='ltr'><strong>congregabo</strong></span> <span class='ocrx_word' id='word_1_462' title='bbox 1638 986 1773 1013; x_wconf 80' lang='lat' dir='ltr'><strong>conventi-</strong></span> 
     </span>
    </p>
   </div>
   <div class='ocr_carea' id='block_1_67' title="bbox 976 1032 1769 1068">
    <p class='ocr_par' dir='ltr' id='par_1_67' title="bbox 976 1032 1769 1068">
     <span class='ocr_line' id='line_1_67' title="bbox 976 1032 1769 1068; baseline -0.003 -8"><span class='ocrx_word' id='word_1_463' title='bbox 976 1034 1038 1061; x_wconf 84' lang='lat' dir='ltr'><strong>cula</strong></span> <span class='ocrx_word' id='word_1_464' title='bbox 1060 1041 1152 1060; x_wconf 84' lang='lat' dir='ltr'><strong>eorum</strong></span> <span class='ocrx_word' id='word_1_465' title='bbox 1174 1032 1206 1060; x_wconf 88' lang='lat' dir='ltr'><strong>de</strong></span> <span class='ocrx_word' id='word_1_466' title='bbox 1228 1032 1420 1068; x_wconf 73' lang='lat' dir='ltr'><strong>aanguinibus:</strong></span> <span class='ocrx_word' id='word_1_467' title='bbox 1447 1037 1494 1060; x_wconf 87' lang='lat' dir='ltr'><strong>aut</strong></span> <span class='ocrx_word' id='word_1_468' title='bbox 1515 1033 1596 1067; x_wconf 79' lang='lat' dir='ltr'><strong>juxta</strong></span> <span class='ocrx_word' id='word_1_469' title='bbox 1622 1032 1769 1067; x_wconf 82' lang='lat' dir='ltr'><strong>Aquilam:</strong></span> 
     </span>
    </p>
   </div>
   <div class='ocr_carea' id='block_1_68' title="bbox 978 1076 1771 1112">
    <p class='ocr_par' dir='ltr' id='par_1_68' title="bbox 978 1076 1771 1112">
     <span class='ocr_line' id='line_1_68' title="bbox 978 1076 1771 1112; baseline -0.003 -7"><span class='ocrx_word' id='word_1_470' title='bbox 978 1077 1040 1105; x_wconf 78' lang='lat' dir='ltr'><strong>Non</strong></span> <span class='ocrx_word' id='word_1_471' title='bbox 1054 1077 1141 1104; x_wconf 80' lang='lat' dir='ltr'><strong>libabo</strong></span> <span class='ocrx_word' id='word_1_472' title='bbox 1154 1077 1285 1104; x_wconf 80' lang='lat' dir='ltr'><strong>libamina</strong></span> <span class='ocrx_word' id='word_1_473' title='bbox 1297 1085 1388 1104; x_wconf 84' lang='lat' dir='ltr'><strong>eorum</strong></span> <span class='ocrx_word' id='word_1_474' title='bbox 1403 1076 1435 1103; x_wconf 85' lang='lat' dir='ltr'><strong>de</strong></span> <span class='ocrx_word' id='word_1_475' title='bbox 1449 1077 1636 1112; x_wconf 78' lang='lat' dir='ltr'><strong>sanguinibus.</strong></span> <span class='ocrx_word' id='word_1_476' title='bbox 1648 1077 1677 1104; x_wconf 84' lang='lat' dir='ltr'><strong>1n</strong></span> <span class='ocrx_word' id='word_1_477' title='bbox 1693 1084 1771 1104; x_wconf 89' lang='lat' dir='ltr'><strong>more</strong></span> 
     </span>
    </p>
   </div>
   <div class='ocr_carea' id='block_1_69' title="bbox 977 1122 1770 1163">
    <p class='ocr_par' dir='ltr' id='par_1_69' title="bbox 977 1122 1770 1163">
     <span class='ocr_line' id='line_1_69' title="bbox 977 1122 1770 1163; baseline -0.003 -12"><span class='ocrx_word' id='word_1_478' title='bbox 977 1124 1030 1151; x_wconf 81' lang='lat' dir='ltr'><strong>fuit</strong></span> <span class='ocrx_word' id='word_1_479' title='bbox 1049 1124 1132 1163; x_wconf 86' lang='lat' dir='ltr'><strong>olim,</strong></span> <span class='ocrx_word' id='word_1_480' title='bbox 1168 1124 1275 1158; x_wconf 86' lang='lat' dir='ltr'><strong>inquit,</strong></span> <span class='ocrx_word' id='word_1_481' title='bbox 1303 1123 1434 1150; x_wconf 84' lang='lat' dir='ltr'><strong>libamina</strong></span> <span class='ocrx_word' id='word_1_482' title='bbox 1456 1131 1489 1150; x_wconf 76' lang='lat' dir='ltr'><strong>ex</strong></span> <span class='ocrx_word' id='word_1_483' title='bbox 1505 1123 1640 1158; x_wconf 81' lang='lat' dir='ltr'><strong>sanguine</strong></span> <span class='ocrx_word' id='word_1_484' title='bbox 1660 1122 1770 1156; x_wconf 76' lang='lat' dir='ltr'><strong>facere;</strong></span> 
     </span>
    </p>
   </div>
   <div class='ocr_carea' id='block_1_70' title="bbox 977 1169 1773 1204">
    <p class='ocr_par' dir='ltr' id='par_1_70' title="bbox 977 1169 1773 1204">
     <span class='ocr_line' id='line_1_70' title="bbox 977 1169 1773 1204; baseline -0.001 -6"><span class='ocrx_word' id='word_1_485' title='bbox 977 1179 1041 1199; x_wconf 88' lang='lat' dir='ltr'><strong>nam</strong></span> <span class='ocrx_word' id='word_1_486' title='bbox 1054 1179 1117 1198; x_wconf 91' lang='lat' dir='ltr'><strong>cum</strong></span> <span class='ocrx_word' id='word_1_487' title='bbox 1130 1169 1217 1197; x_wconf 64' lang='lat' dir='ltr'><strong>Judmi</strong></span> <span class='ocrx_word' id='word_1_488' title='bbox 1239 1170 1345 1197; x_wconf 88' lang='lat' dir='ltr'><strong>hostias</strong></span> <span class='ocrx_word' id='word_1_489' title='bbox 1361 1169 1417 1196; x_wconf 90' lang='lat' dir='ltr'><strong>Deo</strong></span> <span class='ocrx_word' id='word_1_490' title='bbox 1438 1169 1591 1196; x_wconf 88' lang='lat' dir='ltr'><strong>secundum</strong></span> <span class='ocrx_word' id='word_1_491' title='bbox 1613 1169 1699 1204; x_wconf 81' lang='lat' dir='ltr'><strong>legem</strong></span> <span class='ocrx_word' id='word_1_492' title='bbox 1720 1170 1773 1197; x_wconf 91' lang='lat' dir='ltr'><strong>im-</strong></span> 
     </span>
    </p>
   </div>
   <div class='ocr_carea' id='block_1_71' title="bbox 977 1215 1774 1250">
    <p class='ocr_par' dir='ltr' id='par_1_71' title="bbox 977 1215 1774 1250">
     <span class='ocr_line' id='line_1_71' title="bbox 977 1215 1774 1250; baseline -0.003 -6"><span class='ocrx_word' id='word_1_493' title='bbox 977 1217 1135 1250; x_wconf 81' lang='lat' dir='ltr'><strong>molabant;</strong></span> <span class='ocrx_word' id='word_1_494' title='bbox 1155 1221 1212 1244; x_wconf 86' lang='lat' dir='ltr'><strong>tum</strong></span> <span class='ocrx_word' id='word_1_495' title='bbox 1229 1215 1316 1243; x_wconf 77' lang='lat' dir='ltr'><strong>Grzeci</strong></span> <span class='ocrx_word' id='word_1_496' title='bbox 1337 1215 1408 1243; x_wconf 90' lang='lat' dir='ltr'><strong>idem</strong></span> <span class='ocrx_word' id='word_1_497' title='bbox 1430 1216 1608 1250; x_wconf 64' lang='lat' dir='ltr'><strong>praestabant,</strong></span> <span class='ocrx_word' id='word_1_498' title='bbox 1627 1223 1692 1243; x_wconf 90' lang='lat' dir='ltr'><strong>cum</strong></span> <span class='ocrx_word' id='word_1_499' title='bbox 1717 1215 1774 1242; x_wconf 68' lang='lat' dir='ltr'><strong>dae-</strong></span> 
     </span>
    </p>
   </div>
   <div class='ocr_carea' id='block_1_72' title="bbox 977 1262 1773 1298">
    <p class='ocr_par' dir='ltr' id='par_1_72' title="bbox 977 1262 1773 1298">
     <span class='ocr_line' id='line_1_72' title="bbox 977 1262 1773 1298; baseline -0.005 -6"><span class='ocrx_word' id='word_1_500' title='bbox 977 1272 1076 1292; x_wconf 87' lang='lat' dir='ltr'><strong>monas</strong></span> <span class='ocrx_word' id='word_1_501' title='bbox 1102 1264 1235 1291; x_wconf 87' lang='lat' dir='ltr'><strong>colerent.</strong></span> <span class='ocrx_word' id='word_1_502' title='bbox 1258 1262 1293 1289; x_wconf 85' lang='lat' dir='ltr'><strong>At</strong></span> <span class='ocrx_word' id='word_1_503' title='bbox 1317 1269 1368 1298; x_wconf 77' lang='lat' dir='ltr'><strong>ego</strong></span> <span class='ocrx_word' id='word_1_504' title='bbox 1390 1267 1536 1298; x_wconf 86' lang='lat' dir='ltr'><strong>postquam</strong></span> <span class='ocrx_word' id='word_1_505' title='bbox 1560 1269 1663 1290; x_wconf 83' lang='lat' dir='ltr'><strong>nevum</strong></span> <span class='ocrx_word' id='word_1_506' title='bbox 1693 1262 1773 1289; x_wconf 86' lang='lat' dir='ltr'><strong>attuli</strong></span> 
     </span>
    </p>
   </div>
   <div class='ocr_carea' id='block_1_73' title="bbox 980 1307 1773 1344">
    <p class='ocr_par' dir='ltr' id='par_1_73' title="bbox 980 1307 1773 1344">
     <span class='ocr_line' id='line_1_73' title="bbox 980 1307 1773 1344; baseline -0.004 -7"><span class='ocrx_word' id='word_1_507' title='bbox 980 1310 1178 1338; x_wconf 76' lang='lat' dir='ltr'><strong>sacrificiorum</strong></span> <span class='ocrx_word' id='word_1_508' title='bbox 1195 1316 1295 1344; x_wconf 79' lang='lat' dir='ltr'><strong>genus,</strong></span> <span class='ocrx_word' id='word_1_509' title='bbox 1312 1316 1366 1335; x_wconf 92' lang='lat' dir='ltr'><strong>non</strong></span> <span class='ocrx_word' id='word_1_510' title='bbox 1385 1309 1457 1335; x_wconf 90' lang='lat' dir='ltr'><strong>ultra</strong></span> <span class='ocrx_word' id='word_1_511' title='bbox 1474 1307 1618 1335; x_wconf 83' lang='lat' dir='ltr'><strong>admittam</strong></span> <span class='ocrx_word' id='word_1_512' title='bbox 1634 1307 1773 1335; x_wconf 84' lang='lat' dir='ltr'><strong>sacriﬁcia</strong></span> 
     </span>
    </p>
   </div>
   <div class='ocr_carea' id='block_1_74' title="bbox 978 1352 1774 1390">
    <p class='ocr_par' dir='ltr' id='par_1_74' title="bbox 978 1352 1774 1390">
     <span class='ocr_line' id='line_1_74' title="bbox 978 1352 1774 1390; baseline -0.005 -7"><span class='ocrx_word' id='word_1_513' title='bbox 978 1363 1042 1383; x_wconf 89' lang='lat' dir='ltr'><strong>cum</strong></span> <span class='ocrx_word' id='word_1_514' title='bbox 1063 1355 1198 1390; x_wconf 82' lang='lat' dir='ltr'><strong>sanguine</strong></span> <span class='ocrx_word' id='word_1_515' title='bbox 1210 1354 1318 1388; x_wconf 84' lang='lat' dir='ltr'><strong>oblata;</strong></span> <span class='ocrx_word' id='word_1_516' title='bbox 1341 1361 1440 1388; x_wconf 90' lang='lat' dir='ltr'><strong>neque,</strong></span> <span class='ocrx_word' id='word_1_517' title='bbox 1464 1357 1558 1388; x_wconf 87' lang='lat' dir='ltr'><strong>utpote</strong></span> <span class='ocrx_word' id='word_1_518' title='bbox 1577 1360 1704 1380; x_wconf 86' lang='lat' dir='ltr'><strong>summus</strong></span> <span class='ocrx_word' id='word_1_519' title='bbox 1721 1352 1774 1380; x_wconf 90' lang='lat' dir='ltr'><strong>Sa-</strong></span> 
     </span>
    </p>
   </div>
   <div class='ocr_carea' id='block_1_75' title="bbox 978 1399 1772 1434">
    <p class='ocr_par' dir='ltr' id='par_1_75' title="bbox 978 1399 1772 1434">
     <span class='ocr_line' id='line_1_75' title="bbox 978 1399 1772 1434; baseline -0.004 -5"><span class='ocrx_word' id='word_1_520' title='bbox 978 1402 1093 1433; x_wconf 87' lang='lat' dir='ltr'><strong>cerdos.</strong></span> <span class='ocrx_word' id='word_1_521' title='bbox 1118 1401 1213 1430; x_wconf 87' lang='lat' dir='ltr'><strong>eadem</strong></span> <span class='ocrx_word' id='word_1_522' title='bbox 1236 1408 1270 1434; x_wconf 65' lang='lat' dir='ltr'><strong>ex</strong></span> <span class='ocrx_word' id='word_1_523' title='bbox 1292 1407 1387 1427; x_wconf 89' lang='lat' dir='ltr'><strong>eorum</strong></span> <span class='ocrx_word' id='word_1_524' title='bbox 1417 1400 1545 1427; x_wconf 84' lang='lat' dir='ltr'><strong>manibus</strong></span> <span class='ocrx_word' id='word_1_525' title='bbox 1568 1400 1703 1434; x_wconf 86' lang='lat' dir='ltr'><strong>accipiam</strong></span> <span class='ocrx_word' id='word_1_526' title='bbox 1737 1399 1772 1426; x_wconf 90' lang='lat' dir='ltr'><strong>ad</strong></span> 
     </span>
    </p>
   </div>
   <div class='ocr_carea' id='block_1_76' title="bbox 979 1444 1772 1480">
    <p class='ocr_par' dir='ltr' id='par_1_76' title="bbox 979 1444 1772 1480">
     <span class='ocr_line' id='line_1_76' title="bbox 979 1444 1772 1480; baseline -0.005 -6"><span class='ocrx_word' id='word_1_527' title='bbox 979 1447 1135 1479; x_wconf 90' lang='lat' dir='ltr'><strong>libandum,</strong></span> <span class='ocrx_word' id='word_1_528' title='bbox 1155 1446 1202 1474; x_wconf 90' lang='lat' dir='ltr'><strong>sed</strong></span> <span class='ocrx_word' id='word_1_529' title='bbox 1217 1446 1296 1474; x_wconf 78' lang='lat' dir='ltr'><strong>navis</strong></span> <span class='ocrx_word' id='word_1_530' title='bbox 1315 1445 1425 1473; x_wconf 88' lang='lat' dir='ltr'><strong>traditis</strong></span> <span class='ocrx_word' id='word_1_531' title='bbox 1440 1445 1590 1480; x_wconf 86' lang='lat' dir='ltr'><strong>mysteriis,</strong></span> <span class='ocrx_word' id='word_1_532' title='bbox 1609 1445 1689 1472; x_wconf 89' lang='lat' dir='ltr'><strong>novis</strong></span> <span class='ocrx_word' id='word_1_533' title='bbox 1705 1444 1772 1478; x_wconf 81' lang='lat' dir='ltr'><strong>item</strong></span> 
     </span>
    </p>
   </div>
   <div class='ocr_carea' id='block_1_77' title="bbox 980 1490 1774 1523">
    <p class='ocr_par' dir='ltr' id='par_1_77' title="bbox 980 1490 1774 1523">
     <span class='ocr_line' id='line_1_77' title="bbox 980 1490 1774 1523; baseline -0.005 -3"><span class='ocrx_word' id='word_1_534' title='bbox 980 1493 1124 1521; x_wconf 79' lang='lat' dir='ltr'><strong>sacriﬁciis</strong></span> <span class='ocrx_word' id='word_1_535' title='bbox 1149 1492 1319 1523; x_wconf 86' lang='lat' dir='ltr'><strong>incruentis,</strong></span> <span class='ocrx_word' id='word_1_536' title='bbox 1341 1490 1416 1518; x_wconf 74' lang='lat' dir='ltr'><strong>fumo</strong></span> <span class='ocrx_word' id='word_1_537' title='bbox 1441 1498 1473 1518; x_wconf 88' lang='lat' dir='ltr'><strong>ac</strong></span> <span class='ocrx_word' id='word_1_538' title='bbox 1497 1490 1594 1518; x_wconf 88' lang='lat' dir='ltr'><strong>nidore</strong></span> <span class='ocrx_word' id='word_1_539' title='bbox 1616 1490 1774 1523; x_wconf 78' lang='lat' dir='ltr'><strong>carentibus</strong></span> 
     </span>
    </p>
   </div>
   <div class='ocr_carea' id='block_1_78' title="bbox 979 1536 1775 1571">
    <p class='ocr_par' dir='ltr' id='par_1_78' title="bbox 979 1536 1775 1571">
     <span class='ocr_line' id='line_1_78' title="bbox 979 1536 1775 1571; baseline -0.004 -5"><span class='ocrx_word' id='word_1_540' title='bbox 979 1543 1006 1567; x_wconf 89' lang='lat' dir='ltr'><strong>et</strong></span> <span class='ocrx_word' id='word_1_541' title='bbox 1020 1538 1211 1567; x_wconf 85' lang='lat' dir='ltr'><strong>rationalibus.</strong></span> <span class='ocrx_word' id='word_1_542' title='bbox 1230 1537 1284 1565; x_wconf 88' lang='lat' dir='ltr'><strong>Sed</strong></span> <span class='ocrx_word' id='word_1_543' title='bbox 1300 1538 1335 1565; x_wconf 88' lang='lat' dir='ltr'><strong>iis</strong></span> <span class='ocrx_word' id='word_1_544' title='bbox 1347 1541 1462 1564; x_wconf 86' lang='lat' dir='ltr'><strong>utantur</strong></span> <span class='ocrx_word' id='word_1_545' title='bbox 1478 1536 1668 1568; x_wconf 84' lang='lat' dir='ltr'><strong>commonebo,</strong></span> <span class='ocrx_word' id='word_1_546' title='bbox 1683 1543 1775 1571; x_wconf 86' lang='lat' dir='ltr'><strong>neque</strong></span> 
     </span>
    </p>
   </div>
   <div class='ocr_carea' id='block_1_79' title="bbox 980 1582 1774 1620">
    <p class='ocr_par' dir='ltr' id='par_1_79' title="bbox 980 1582 1774 1620">
     <span class='ocr_line' id='line_1_79' title="bbox 980 1582 1774 1620; baseline -0.004 -7"><span class='ocrx_word' id='word_1_547' title='bbox 980 1592 1028 1620; x_wconf 91' lang='lat' dir='ltr'><strong>per</strong></span> <span class='ocrx_word' id='word_1_548' title='bbox 1045 1584 1117 1612; x_wconf 87' lang='lat' dir='ltr'><strong>labia</strong></span> <span class='ocrx_word' id='word_1_549' title='bbox 1139 1592 1200 1612; x_wconf 88' lang='lat' dir='ltr'><strong>mea</strong></span> <span class='ocrx_word' id='word_1_550' title='bbox 1212 1587 1306 1611; x_wconf 83' lang='lat' dir='ltr'><strong>vetera</strong></span> <span class='ocrx_word' id='word_1_551' title='bbox 1332 1583 1441 1610; x_wconf 90' lang='lat' dir='ltr'><strong>illorum</strong></span> <span class='ocrx_word' id='word_1_552' title='bbox 1465 1582 1579 1609; x_wconf 87' lang='lat' dir='ltr'><strong>nomina</strong></span> <span class='ocrx_word' id='word_1_553' title='bbox 1601 1582 1774 1610; x_wconf 85' lang='lat' dir='ltr'><strong>memorabo.</strong></span> 
     </span>
    </p>
   </div>
   <div class='ocr_carea' id='block_1_80' title="bbox 981 1628 1775 1666">
    <p class='ocr_par' dir='ltr' id='par_1_80' title="bbox 981 1628 1775 1666">
     <span class='ocr_line' id='line_1_80' title="bbox 981 1628 1775 1666; baseline -0.006 -7"><span class='ocrx_word' id='word_1_554' title='bbox 981 1631 1052 1660; x_wconf 91' lang='lat' dir='ltr'><strong>Olim</strong></span> <span class='ocrx_word' id='word_1_555' title='bbox 1074 1631 1209 1666; x_wconf 87' lang='lat' dir='ltr'><strong>siquidem</strong></span> <span class='ocrx_word' id='word_1_556' title='bbox 1230 1630 1312 1665; x_wconf 77' lang='lat' dir='ltr'><strong>digna</strong></span> <span class='ocrx_word' id='word_1_557' title='bbox 1337 1629 1423 1665; x_wconf 77' lang='lat' dir='ltr'><strong>gestis</strong></span> <span class='ocrx_word' id='word_1_558' title='bbox 1447 1628 1506 1656; x_wconf 84' lang='lat' dir='ltr'><strong>suis</strong></span> <span class='ocrx_word' id='word_1_559' title='bbox 1528 1628 1640 1655; x_wconf 90' lang='lat' dir='ltr'><strong>nomina</strong></span> <span class='ocrx_word' id='word_1_560' title='bbox 1656 1628 1775 1663; x_wconf 71' lang='lat' dir='ltr'><strong>gentiles</strong></span> 
     </span>
    </p>
   </div>
   <div class='ocr_carea' id='block_1_81' title="bbox 981 1673 1775 1711">
    <p class='ocr_par' dir='ltr' id='par_1_81' title="bbox 981 1673 1775 1711">
     <span class='ocr_line' id='line_1_81' title="bbox 981 1673 1775 1711; baseline -0.008 -6"><span class='ocrx_word' id='word_1_561' title='bbox 981 1677 1126 1710; x_wconf 77' lang='lat' dir='ltr'><strong>ferebant;</strong></span> <span class='ocrx_word' id='word_1_562' title='bbox 1161 1680 1243 1711; x_wconf 86' lang='lat' dir='ltr'><strong>atque</strong></span> <span class='ocrx_word' id='word_1_563' title='bbox 1290 1674 1414 1710; x_wconf 85' lang='lat' dir='ltr'><strong>profani,</strong></span> <span class='ocrx_word' id='word_1_564' title='bbox 1450 1673 1575 1708; x_wconf 89' lang='lat' dir='ltr'><strong>impuri,</strong></span> <span class='ocrx_word' id='word_1_565' title='bbox 1610 1673 1775 1708; x_wconf 65' lang='lat' dir='ltr'><strong>idololatria,</strong></span> 
     </span>
    </p>
   </div>
   <div class='ocr_carea' id='block_1_82' title="bbox 980 1719 1776 1752">
    <p class='ocr_par' dir='ltr' id='par_1_82' title="bbox 980 1719 1776 1752">
     <span class='ocr_line' id='line_1_82' title="bbox 980 1719 1776 1752; baseline -0.005 -1"><span class='ocrx_word' id='word_1_566' title='bbox 980 1724 1094 1752; x_wconf 84' lang='lat' dir='ltr'><strong>deorum</strong></span> <span class='ocrx_word' id='word_1_567' title='bbox 1107 1723 1257 1750; x_wconf 89' lang='lat' dir='ltr'><strong>multorum</strong></span> <span class='ocrx_word' id='word_1_568' title='bbox 1270 1721 1393 1749; x_wconf 88' lang='lat' dir='ltr'><strong>cultores</strong></span> <span class='ocrx_word' id='word_1_569' title='bbox 1406 1723 1433 1748; x_wconf 88' lang='lat' dir='ltr'><strong>et</strong></span> <span class='ocrx_word' id='word_1_570' title='bbox 1448 1719 1523 1747; x_wconf 85' lang='lat' dir='ltr'><strong>athei</strong></span> <span class='ocrx_word' id='word_1_571' title='bbox 1536 1719 1697 1748; x_wconf 90' lang='lat' dir='ltr'><strong>audiebant.</strong></span> <span class='ocrx_word' id='word_1_572' title='bbox 1713 1719 1776 1748; x_wconf 67' lang='lat' dir='ltr'><strong>3am</strong></span> 
     </span>
    </p>
   </div>
   <div class='ocr_carea' id='block_1_83' title="bbox 981 1767 1775 1805">
    <p class='ocr_par' dir='ltr' id='par_1_83' title="bbox 981 1767 1775 1805">
     <span class='ocr_line' id='line_1_83' title="bbox 981 1767 1775 1805; baseline -0.005 -7"><span class='ocrx_word' id='word_1_573' title='bbox 981 1778 1048 1798; x_wconf 81' lang='lat' dir='ltr'><strong>vero</strong></span> <span class='ocrx_word' id='word_1_574' title='bbox 1068 1768 1227 1805; x_wconf 86' lang='lat' dir='ltr'><strong>hujusmodi</strong></span> <span class='ocrx_word' id='word_1_575' title='bbox 1253 1767 1397 1795; x_wconf 90' lang='lat' dir='ltr'><strong>nominum</strong></span> <span class='ocrx_word' id='word_1_576' title='bbox 1416 1773 1559 1802; x_wconf 90' lang='lat' dir='ltr'><strong>nunquam</strong></span> <span class='ocrx_word' id='word_1_577' title='bbox 1586 1767 1775 1801; x_wconf 78' lang='lat' dir='ltr'><strong>recordabar;</strong></span> 
     </span>
    </p>
   </div>
   <div class='ocr_carea' id='block_1_84' title="bbox 981 1806 1775 1850">
    <p class='ocr_par' dir='ltr' id='par_1_84' title="bbox 981 1806 1775 1850">
     <span class='ocr_line' id='line_1_84' title="bbox 981 1806 1775 1850; baseline -0.004 -7"><span class='ocrx_word' id='word_1_578' title='bbox 981 1816 1099 1850; x_wconf 86' lang='lat' dir='ltr'><strong>aliisque</strong></span> <span class='ocrx_word' id='word_1_579' title='bbox 1131 1814 1291 1842; x_wconf 88' lang='lat' dir='ltr'><strong>substitutis</strong></span> <span class='ocrx_word' id='word_1_580' title='bbox 1320 1806 1588 1847; x_wconf 49' lang='lat' dir='ltr'><strong>vocabulis,&#39;pios,</strong></span> <span class='ocrx_word' id='word_1_581' title='bbox 1617 1812 1775 1847; x_wconf 73' lang='lat' dir='ltr'><strong>religiosos,</strong></span> 
     </span>
    </p>
   </div>
   <div class='ocr_carea' id='block_1_85' title="bbox 982 1857 1775 1894">
    <p class='ocr_par' dir='ltr' id='par_1_85' title="bbox 982 1857 1775 1894">
     <span class='ocr_line' id='line_1_85' title="bbox 982 1857 1775 1894; baseline -0.005 -5"><span class='ocrx_word' id='word_1_582' title='bbox 982 1865 1104 1894; x_wconf 88' lang='lat' dir='ltr'><strong>sanctos,</strong></span> <span class='ocrx_word' id='word_1_583' title='bbox 1120 1864 1245 1892; x_wconf 86' lang='lat' dir='ltr'><strong>vocatos,</strong></span> <span class='ocrx_word' id='word_1_584' title='bbox 1262 1860 1383 1891; x_wconf 85' lang='lat' dir='ltr'><strong>electos,</strong></span> <span class='ocrx_word' id='word_1_585' title='bbox 1396 1858 1574 1890; x_wconf 80' lang='lat' dir='ltr'><strong>Christianos</strong></span> <span class='ocrx_word' id='word_1_586' title='bbox 1593 1857 1775 1893; x_wconf 88' lang='lat' dir='ltr'><strong>compellabo.</strong></span> 
     </span>
    </p>
   </div>
   <div class='ocr_carea' id='block_1_86' title="bbox 1018 1903 1776 1939">
    <p class='ocr_par' dir='ltr' id='par_1_86' title="bbox 1018 1903 1776 1939">
     <span class='ocr_line' id='line_1_86' title="bbox 1018 1903 1776 1939; baseline -0.008 -4"><span class='ocrx_word' id='word_1_587' title='bbox 1018 1908 1103 1935; x_wconf 71' lang='lat' dir='ltr'><strong>Vens.</strong></span> <span class='ocrx_word' id='word_1_588' title='bbox 1116 1907 1143 1934; x_wconf 85' lang='lat'><strong>5.</strong></span> <span class='ocrx_word' id='word_1_589' title='bbox 1161 1906 1292 1934; x_wconf 85' lang='lat' dir='ltr'><strong>Dominus</strong></span> <span class='ocrx_word' id='word_1_590' title='bbox 1306 1913 1369 1939; x_wconf 82' lang='lat' dir='ltr'><strong>pars</strong></span> <span class='ocrx_word' id='word_1_591' title='bbox 1386 1903 1552 1931; x_wconf 73' lang='lat' dir='ltr'><strong>hazreditatis</strong></span> <span class='ocrx_word' id='word_1_592' title='bbox 1568 1911 1632 1930; x_wconf 75' lang='lat' dir='ltr'><strong>mea:</strong></span> <span class='ocrx_word' id='word_1_593' title='bbox 1646 1908 1671 1933; x_wconf 86' lang='lat' dir='ltr'><strong>et</strong></span> <span class='ocrx_word' id='word_1_594' title='bbox 1685 1903 1776 1930; x_wconf 70' lang='lat' dir='ltr'><strong>aulicis</strong></span> 
     </span>
    </p>
   </div>
   <div class='ocr_carea' id='block_1_87' title="bbox 982 1949 1775 1989">
    <p class='ocr_par' dir='ltr' id='par_1_87' title="bbox 982 1949 1775 1989">
     <span class='ocr_line' id='line_1_87' title="bbox 982 1949 1775 1989; baseline -0.01 -7"><span class='ocrx_word' id='word_1_595' title='bbox 982 1956 1054 1987; x_wconf 85' lang='lat' dir='ltr'><strong>mei,</strong></span> <span class='ocrx_word' id='word_1_596' title='bbox 1080 1959 1107 1981; x_wconf 86' lang='lat' dir='ltr'><strong>tu</strong></span> <span class='ocrx_word' id='word_1_597' title='bbox 1131 1962 1158 1981; x_wconf 89' lang='lat' dir='ltr'><strong>es</strong></span> <span class='ocrx_word' id='word_1_598' title='bbox 1185 1953 1231 1989; x_wconf 84' lang='lat' dir='ltr'><strong>qui</strong></span> <span class='ocrx_word' id='word_1_599' title='bbox 1247 1952 1366 1979; x_wconf 84' lang='lat' dir='ltr'><strong>restituis</strong></span> <span class='ocrx_word' id='word_1_600' title='bbox 1387 1950 1569 1978; x_wconf 72' lang='lat' dir='ltr'><strong>ha‘reditatem</strong></span> <span class='ocrx_word' id='word_1_601' title='bbox 1588 1958 1674 1976; x_wconf 85' lang='lat' dir='ltr'><strong>meam</strong></span> <span class='ocrx_word' id='word_1_602' title='bbox 1699 1949 1775 1977; x_wconf 81' lang='lat' dir='ltr'><strong>mihi.</strong></span> 
     </span>
    </p>
   </div>
   <div class='ocr_carea' id='block_1_88' title="bbox 982 1996 1776 2035">
    <p class='ocr_par' dir='ltr' id='par_1_88' title="bbox 982 1996 1776 2035">
     <span class='ocr_line' id='line_1_88' title="bbox 982 1996 1776 2035; baseline -0.009 -5"><span class='ocrx_word' id='word_1_603' title='bbox 982 2002 1033 2030; x_wconf 88' lang='lat' dir='ltr'><strong>Hic</strong></span> <span class='ocrx_word' id='word_1_604' title='bbox 1047 2002 1179 2029; x_wconf 86' lang='lat' dir='ltr'><strong>memoria</strong></span> <span class='ocrx_word' id='word_1_605' title='bbox 1192 1999 1341 2035; x_wconf 89' lang='lat' dir='ltr'><strong>repetenda</strong></span> <span class='ocrx_word' id='word_1_606' title='bbox 1357 2002 1423 2026; x_wconf 90' lang='lat' dir='ltr'><strong>sunt</strong></span> <span class='ocrx_word' id='word_1_607' title='bbox 1437 1997 1550 2025; x_wconf 90' lang='lat' dir='ltr'><strong>secundi</strong></span> <span class='ocrx_word' id='word_1_608' title='bbox 1568 1997 1665 2032; x_wconf 91' lang='lat' dir='ltr'><strong>psalmi</strong></span> <span class='ocrx_word' id='word_1_609' title='bbox 1681 1996 1776 2024; x_wconf 86' lang='lat' dir='ltr'><strong>verba.</strong></span> 
     </span>
    </p>
   </div>
   <div class='ocr_carea' id='block_1_89' title="bbox 982 2043 1776 2076">
    <p class='ocr_par' dir='ltr' id='par_1_89' title="bbox 982 2043 1776 2076">
     <span class='ocr_line' id='line_1_89' title="bbox 982 2043 1776 2076; baseline -0.008 0"><span class='ocrx_word' id='word_1_610' title='bbox 982 2050 1048 2076; x_wconf 79' lang='lat' dir='ltr'><strong>Nam</strong></span> <span class='ocrx_word' id='word_1_611' title='bbox 1061 2048 1116 2075; x_wconf 87' lang='lat' dir='ltr'><strong>illic</strong></span> <span class='ocrx_word' id='word_1_612' title='bbox 1131 2048 1250 2075; x_wconf 88' lang='lat' dir='ltr'><strong>humano</strong></span> <span class='ocrx_word' id='word_1_613' title='bbox 1268 2047 1332 2073; x_wconf 88' lang='lat' dir='ltr'><strong>item</strong></span> <span class='ocrx_word' id='word_1_614' title='bbox 1351 2053 1427 2073; x_wconf 88' lang='lat' dir='ltr'><strong>more</strong></span> <span class='ocrx_word' id='word_1_615' title='bbox 1444 2044 1484 2072; x_wconf 87' lang='lat' dir='ltr'><strong>sic</strong></span> <span class='ocrx_word' id='word_1_616' title='bbox 1494 2052 1556 2072; x_wconf 91' lang='lat' dir='ltr'><strong>eum</strong></span> <span class='ocrx_word' id='word_1_617' title='bbox 1566 2043 1646 2071; x_wconf 86' lang='lat' dir='ltr'><strong>Pater</strong></span> <span class='ocrx_word' id='word_1_618' title='bbox 1660 2043 1776 2070; x_wconf 65' lang='lat' dir='ltr'><strong>aﬂ‘atur:</strong></span> 
     </span>
    </p>
   </div>
   <div class='ocr_carea' id='block_1_90' title="bbox 986 2090 1778 2127">
    <p class='ocr_par' dir='ltr' id='par_1_90' title="bbox 986 2090 1778 2127">
     <span class='ocr_line' id='line_1_90' title="bbox 986 2090 1778 2127; baseline -0.009 -4"><span class='ocrx_word' id='word_1_619' title='bbox 986 2095 1098 2123; x_wconf 79' lang='lat' dir='ltr'><strong>Postula</strong></span> <span class='ocrx_word' id='word_1_620' title='bbox 1113 2103 1129 2121; x_wconf 91' lang='lat' dir='ltr'><strong>a</strong></span> <span class='ocrx_word' id='word_1_621' title='bbox 1141 2102 1192 2125; x_wconf 86' lang='lat' dir='ltr'><strong>me,</strong></span> <span class='ocrx_word' id='word_1_622' title='bbox 1205 2098 1229 2121; x_wconf 89' lang='lat' dir='ltr'><strong>et</strong></span> <span class='ocrx_word' id='word_1_623' title='bbox 1244 2092 1313 2119; x_wconf 85' lang='lat' dir='ltr'><strong>dabo</strong></span> <span class='ocrx_word' id='word_1_624' title='bbox 1330 2092 1377 2118; x_wconf 81' lang='lat' dir='ltr'><strong>tibi</strong></span> <span class='ocrx_word' id='word_1_625' title='bbox 1391 2097 1480 2127; x_wconf 80' lang='lat' dir='ltr'><strong>gentes</strong></span> <span class='ocrx_word' id='word_1_626' title='bbox 1495 2090 1678 2118; x_wconf 78' lang='lat' dir='ltr'><strong>hwreditatem</strong></span> <span class='ocrx_word' id='word_1_627' title='bbox 1693 2093 1778 2123; x_wconf 83' lang='lat' dir='ltr'><strong>tuam,</strong></span> 
     </span>
    </p>
   </div>
   <div class='ocr_carea' id='block_1_91' title="bbox 982 2136 1780 2177">
    <p class='ocr_par' dir='ltr' id='par_1_91' title="bbox 982 2136 1780 2177">
     <span class='ocr_line' id='line_1_91' title="bbox 982 2136 1780 2177; baseline -0.009 -7"><span class='ocrx_word' id='word_1_628' title='bbox 982 2147 1007 2170; x_wconf 89' lang='lat' dir='ltr'><strong>et</strong></span> <span class='ocrx_word' id='word_1_629' title='bbox 1019 2142 1212 2177; x_wconf 80' lang='lat' dir='ltr'><strong>possessionem</strong></span> <span class='ocrx_word' id='word_1_630' title='bbox 1227 2145 1299 2175; x_wconf 80' lang='lat' dir='ltr'><strong>tuam</strong></span> <span class='ocrx_word' id='word_1_631' title='bbox 1312 2139 1436 2166; x_wconf 82' lang='lat' dir='ltr'><strong>terminos</strong></span> <span class='ocrx_word' id='word_1_632' title='bbox 1449 2143 1526 2165; x_wconf 74' lang='lat' dir='ltr'><strong>terrm</strong></span> <span class='ocrx_word' id='word_1_633' title='bbox 1536 2137 1569 2164; x_wconf 88' lang='grc'><strong>³³.</strong></span> <span class='ocrx_word' id='word_1_634' title='bbox 1586 2136 1675 2172; x_wconf 78' lang='lat' dir='ltr'><strong>Atque</strong></span> <span class='ocrx_word' id='word_1_635' title='bbox 1691 2136 1719 2163; x_wconf 87' lang='lat' dir='ltr'><strong>in</strong></span> <span class='ocrx_word' id='word_1_636' title='bbox 1733 2143 1780 2164; x_wconf 83' lang='lat' dir='ltr'><strong>sa-</strong></span> 
     </span>
    </p>
   </div>
   <div class='ocr_carea' id='block_1_92' title="bbox 983 2182 1780 2223">
    <p class='ocr_par' dir='ltr' id='par_1_92' title="bbox 983 2182 1780 2223">
     <span class='ocr_line' id='line_1_92' title="bbox 983 2182 1780 2223; baseline -0.01 -6"><span class='ocrx_word' id='word_1_637' title='bbox 983 2190 1038 2217; x_wconf 88' lang='lat' dir='ltr'><strong>cris</strong></span> <span class='ocrx_word' id='word_1_638' title='bbox 1054 2187 1209 2223; x_wconf 80' lang='lat' dir='ltr'><strong>Evangeliis</strong></span> <span class='ocrx_word' id='word_1_639' title='bbox 1231 2186 1271 2214; x_wconf 90' lang='lat' dir='ltr'><strong>sic</strong></span> <span class='ocrx_word' id='word_1_640' title='bbox 1293 2185 1339 2212; x_wconf 88' lang='lat' dir='ltr'><strong>ille</strong></span> <span class='ocrx_word' id='word_1_641' title='bbox 1351 2184 1462 2212; x_wconf 85' lang='lat' dir='ltr'><strong>Patrem</strong></span> <span class='ocrx_word' id='word_1_642' title='bbox 1484 2183 1518 2211; x_wconf 89' lang='lat' dir='ltr'><strong>de</strong></span> <span class='ocrx_word' id='word_1_643' title='bbox 1537 2184 1625 2211; x_wconf 87' lang='lat' dir='ltr'><strong>sacris</strong></span> <span class='ocrx_word' id='word_1_644' title='bbox 1645 2182 1780 2218; x_wconf 85' lang='lat' dir='ltr'><strong>apostolis</strong></span> 
     </span>
    </p>
   </div>
   <div class='ocr_carea' id='block_1_93' title="bbox 985 2231 1779 2271">
    <p class='ocr_par' dir='ltr' id='par_1_93' title="bbox 985 2231 1779 2271">
     <span class='ocr_line' id='line_1_93' title="bbox 985 2231 1779 2271; baseline -0.009 -8"><span class='ocrx_word' id='word_1_645' title='bbox 985 2236 1154 2271; x_wconf 85' lang='lat' dir='ltr'><strong>alloquitur:</strong></span> <span class='ocrx_word' id='word_1_646' title='bbox 1170 2234 1262 2266; x_wconf 86' lang='lat' dir='ltr'><strong>Pater,</strong></span> <span class='ocrx_word' id='word_1_647' title='bbox 1292 2241 1356 2269; x_wconf 83' lang='lat' dir='ltr'><strong>quos</strong></span> <span class='ocrx_word' id='word_1_648' title='bbox 1377 2232 1474 2260; x_wconf 80' lang='lat' dir='ltr'><strong>dedisti</strong></span> <span class='ocrx_word' id='word_1_649' title='bbox 1493 2231 1557 2258; x_wconf 89' lang='lat' dir='ltr'><strong>mihi</strong></span> <span class='ocrx_word' id='word_1_650' title='bbox 1584 2231 1623 2258; x_wconf 88' lang='lat' dir='ltr'><strong>tui</strong></span> <span class='ocrx_word' id='word_1_651' title='bbox 1641 2234 1729 2261; x_wconf 81' lang='lat' dir='ltr'><strong>erant,</strong></span> <span class='ocrx_word' id='word_1_652' title='bbox 1753 2235 1779 2256; x_wconf 82' lang='lat' dir='ltr'><strong>et</strong></span> 
     </span>
    </p>
   </div>
   <div class='ocr_carea' id='block_1_94' title="bbox 140 2275 928 2329">
    <p class='ocr_par' dir='ltr' id='par_1_94' title="bbox 140 2275 928 2329">
     <span class='ocr_line' id='line_1_94' title="bbox 140 2275 928 2329; baseline -0.014 -8"><span class='ocrx_word' id='word_1_653' title='bbox 140 2275 250 2329; x_wconf 75' lang='grc' dir='ltr'>Πατέρα</span> <span class='ocrx_word' id='word_1_654' title='bbox 274 2275 338 2328; x_wconf 65' lang='grc' dir='ltr'><strong>περὶ</strong></span> <span class='ocrx_word' id='word_1_655' title='bbox 364 2275 428 2318; x_wconf 40' lang='grc' dir='ltr'>τῶν.</span> <span class='ocrx_word' id='word_1_656' title='bbox 451 2289 530 2326; x_wconf 84' lang='grc' dir='ltr'>ἱερῶν</span> <span class='ocrx_word' id='word_1_657' title='bbox 555 2275 720 2315; x_wconf 60' lang='grc' dir='ltr'>ἀποστόλων·</span> <span class='ocrx_word' id='word_1_658' title='bbox 749 2285 855 2320; x_wconf 79' lang='grc' dir='ltr'>Πάτερ,</span> <span class='ocrx_word' id='word_1_659' title='bbox 881 2285 928 2318; x_wconf 81' lang='grc' dir='ltr'>οὓς</span> 
     </span>
    </p>
   </div>
   <div class='ocr_carea' id='block_1_95' title="bbox 980 2275 1779 2329">
    <p class='ocr_par' dir='ltr' id='par_1_95' title="bbox 986 2275 1779 2312">
     <span class='ocr_line' id='line_1_95' title="bbox 986 2275 1779 2312; baseline -0.01 -2"><span class='ocrx_word' id='word_1_660' title='bbox 986 2283 1051 2310; x_wconf 84' lang='lat' dir='ltr'><strong>mihi</strong></span> <span class='ocrx_word' id='word_1_661' title='bbox 1067 2290 1110 2309; x_wconf 82' lang='lat' dir='ltr'><strong>eos</strong></span> <span class='ocrx_word' id='word_1_662' title='bbox 1134 2281 1231 2309; x_wconf 75' lang='lat' dir='ltr'><strong>dedisti</strong></span> <span class='ocrx_word' id='word_1_663' title='bbox 1247 2289 1256 2308; x_wconf 85' lang='lat'><strong><em>:</em></strong></span> <span class='ocrx_word' id='word_1_664' title='bbox 1271 2285 1295 2308; x_wconf 83' lang='lat' dir='ltr'><strong>et</strong></span> <span class='ocrx_word' id='word_1_665' title='bbox 1320 2287 1395 2306; x_wconf 82' lang='lat' dir='ltr'><strong>nemo</strong></span> <span class='ocrx_word' id='word_1_666' title='bbox 1421 2287 1453 2306; x_wconf 74' lang='lat' dir='ltr'><strong>ea:</strong></span> <span class='ocrx_word' id='word_1_667' title='bbox 1474 2279 1506 2305; x_wconf 83' lang='lat' dir='ltr'><strong>iis</strong></span> <span class='ocrx_word' id='word_1_668' title='bbox 1521 2278 1614 2312; x_wconf 84' lang='lat' dir='ltr'><strong>periit,</strong></span> <span class='ocrx_word' id='word_1_669' title='bbox 1639 2277 1692 2303; x_wconf 78' lang='lat' dir='ltr'><strong>nisi</strong></span> <span class='ocrx_word' id='word_1_670' title='bbox 1705 2275 1779 2311; x_wconf 72' lang='lat' dir='ltr'><strong>ﬁlius</strong></span> 
     </span>
    </p>
   </div>
   <div class='ocr_carea' id='block_1_96' title="bbox 137 2332 934 2375">
    <p class='ocr_par' dir='ltr' id='par_1_96' title="bbox 137 2332 934 2375">
     <span class='ocr_line' id='line_1_96' title="bbox 137 2332 934 2375; baseline -0.013 -7"><span class='ocrx_word' id='word_1_671' title='bbox 137 2342 165 2368; x_wconf 55' lang='grc' dir='ltr'><strong>ἐς</strong></span> <span class='ocrx_word' id='word_1_672' title='bbox 172 2340 252 2373; x_wconf 82' lang='grc' dir='ltr'>ωκάς</span> <span class='ocrx_word' id='word_1_673' title='bbox 259 2348 310 2375; x_wconf 83' lang='grc' dir='ltr'><strong>μοι</strong></span> <span class='ocrx_word' id='word_1_674' title='bbox 321 2339 370 2366; x_wconf 78' lang='grc' dir='ltr'>σοὶ</span> <span class='ocrx_word' id='word_1_675' title='bbox 381 2337 473 2373; x_wconf 78' lang='grc' dir='ltr'>ἦσαν,</span> <span class='ocrx_word' id='word_1_676' title='bbox 486 2336 535 2363; x_wconf 78' lang='grc' dir='ltr'><strong>καὶ</strong></span> <span class='ocrx_word' id='word_1_677' title='bbox 544 2335 607 2370; x_wconf 73' lang='grc' dir='ltr'>ἐμοὶ</span> <span class='ocrx_word' id='word_1_678' title='bbox 624 2334 735 2368; x_wconf 81' lang='grc' dir='ltr'>αὐτοὺς</span> <span class='ocrx_word' id='word_1_679' title='bbox 744 2333 874 2365; x_wconf 80' lang='grc' dir='ltr'>δέδωκας</span> <span class='ocrx_word' id='word_1_680' title='bbox 885 2332 934 2358; x_wconf 71' lang='grc' dir='ltr'><strong>καὶ</strong></span> 
     </span>
    </p>
   </div>
   <div class='ocr_carea' id='block_1_97' title="bbox 137 2378 934 2419">
    <p class='ocr_par' dir='ltr' id='par_1_97' title="bbox 137 2378 934 2419">
     <span class='ocr_line' id='line_1_97' title="bbox 137 2378 934 2419; baseline -0.014 -5"><span class='ocrx_word' id='word_1_681' title='bbox 137 2386 240 2419; x_wconf 77' lang='grc' dir='ltr'>οὐδεὶς</span> <span class='ocrx_word' id='word_1_682' title='bbox 260 2385 294 2417; x_wconf 82' lang='grc' dir='ltr'><strong>ἐξ</strong></span> <span class='ocrx_word' id='word_1_683' title='bbox 311 2384 410 2411; x_wconf 73' lang='grc' dir='ltr'>αὐτῶν</span> <span class='ocrx_word' id='word_1_684' title='bbox 425 2382 560 2411; x_wconf 77' lang='grc' dir='ltr'>ἀπώλετο</span> <span class='ocrx_word' id='word_1_685' title='bbox 576 2383 603 2408; x_wconf 81' lang='grc' dir='ltr'>εὶ</span> <span class='ocrx_word' id='word_1_686' title='bbox 614 2381 656 2416; x_wconf 79' lang='grc' dir='ltr'>μὴ</span> <span class='ocrx_word' id='word_1_687' title='bbox 673 2382 689 2407; x_wconf 79' lang='grc' dir='ltr'><em>ὁ</em></span> <span class='ocrx_word' id='word_1_688' title='bbox 705 2379 770 2412; x_wconf 75' lang='grc' dir='ltr'><strong>υἱὸς</strong></span> <span class='ocrx_word' id='word_1_689' title='bbox 791 2378 846 2412; x_wconf 81' lang='grc' dir='ltr'>τῆς</span> <span class='ocrx_word' id='word_1_690' title='bbox 878 2378 934 2404; x_wconf 82' lang='grc' dir='ltr'><strong>ἀπ-</strong></span> 
     </span>
    </p>
   </div>
   <div class='ocr_carea' id='block_1_98' title="bbox 137 2423 934 2465">
    <p class='ocr_par' dir='ltr' id='par_1_98' title="bbox 137 2423 934 2465">
     <span class='ocr_line' id='line_1_98' title="bbox 137 2423 934 2465; baseline -0.014 -6"><span class='ocrx_word' id='word_1_691' title='bbox 137 2432 256 2465; x_wconf 76' lang='grc' dir='ltr'>ωλείας.</span> <span class='ocrx_word' id='word_1_692' title='bbox 271 2430 340 2457; x_wconf 76' lang='grc' dir='ltr'>Ἀλλ’</span> <span class='ocrx_word' id='word_1_693' title='bbox 355 2429 448 2465; x_wconf 83' lang='grc' dir='ltr'>ὥσπερ</span> <span class='ocrx_word' id='word_1_694' title='bbox 460 2427 577 2456; x_wconf 78' lang='grc' dir='ltr'>ἐνταῦθα</span> <span class='ocrx_word' id='word_1_695' title='bbox 591 2425 768 2462; x_wconf 78' lang='grc' dir='ltr'>ἀνθρωπίνως</span> <span class='ocrx_word' id='word_1_696' title='bbox 783 2423 934 2458; x_wconf 80' lang='grc' dir='ltr'>διαλέγεται</span> 
     </span>
    </p>
   </div>
   <div class='ocr_carea' id='block_1_99' title="bbox 137 2469 935 2512">
    <p class='ocr_par' dir='ltr' id='par_1_99' title="bbox 137 2469 935 2512">
     <span class='ocr_line' id='line_1_99' title="bbox 137 2469 935 2512; baseline -0.013 -8"><span class='ocrx_word' id='word_1_697' title='bbox 137 2477 232 2504; x_wconf 74' lang='grc' dir='ltr'>λαϐεῖν</span> <span class='ocrx_word' id='word_1_698' title='bbox 242 2475 420 2512; x_wconf 81' lang='grc' dir='ltr'>παρακαλῶν,</span> <span class='ocrx_word' id='word_1_699' title='bbox 437 2474 523 2506; x_wconf 76' lang='grc' dir='ltr'>οὕτως</span> <span class='ocrx_word' id='word_1_700' title='bbox 535 2473 648 2509; x_wconf 79' lang='grc' dir='ltr'>ἑτέρωθι</span> <span class='ocrx_word' id='word_1_701' title='bbox 662 2471 796 2501; x_wconf 82' lang='grc' dir='ltr'>δείκνυσι,</span> <span class='ocrx_word' id='word_1_702' title='bbox 807 2470 844 2501; x_wconf 87' lang='grc' dir='ltr'>ὡς</span> <span class='ocrx_word' id='word_1_703' title='bbox 855 2469 935 2500; x_wconf 81' lang='grc' dir='ltr'>αὐτός</span> 
     </span>
    </p>
   </div>
   <div class='ocr_carea' id='block_1_100' title="bbox 140 2515 934 2556">
    <p class='ocr_par' dir='ltr' id='par_1_100' title="bbox 140 2515 934 2556">
     <span class='ocr_line' id='line_1_100' title="bbox 140 2515 934 2556; baseline -0.014 -4"><span class='ocrx_word' id='word_1_704' title='bbox 140 2525 199 2551; x_wconf 70' lang='grc' dir='ltr'>ἔστι</span> <span class='ocrx_word' id='word_1_705' title='bbox 209 2524 262 2551; x_wconf 85' lang='grc' dir='ltr'><strong>τῶν</strong></span> <span class='ocrx_word' id='word_1_706' title='bbox 275 2523 402 2550; x_wconf 83' lang='grc' dir='ltr'>ἁπάντων</span> <span class='ocrx_word' id='word_1_707' title='bbox 412 2521 554 2556; x_wconf 81' lang='grc' dir='ltr'>δεσπότης·</span> <span class='ocrx_word' id='word_1_708' title='bbox 573 2519 611 2546; x_wconf 81' lang='grc' dir='ltr'><strong>Τὰ</strong></span> <span class='ocrx_word' id='word_1_709' title='bbox 624 2519 755 2553; x_wconf 75' lang='grc' dir='ltr'>πρόϐατα</span> <span class='ocrx_word' id='word_1_710' title='bbox 766 2517 820 2551; x_wconf 88' lang='grc' dir='ltr'><strong>γὰρ</strong></span> <span class='ocrx_word' id='word_1_711' title='bbox 831 2516 868 2543; x_wconf 82' lang='grc' dir='ltr'>τὰ</span> <span class='ocrx_word' id='word_1_712' title='bbox 878 2515 934 2550; x_wconf 82' lang='grc' dir='ltr'><strong>ἐμὰ</strong></span> 
     </span>
    </p>
   </div>
   <div class='ocr_carea' id='block_1_101' title="bbox 139 2561 935 2605">
    <p class='ocr_par' dir='ltr' id='par_1_101' title="bbox 139 2561 935 2605">
     <span class='ocr_line' id='line_1_101' title="bbox 139 2561 935 2605; baseline -0.014 -6"><span class='ocrx_word' id='word_1_713' title='bbox 139 2570 196 2605; x_wconf 84' lang='grc' dir='ltr'>τῆς</span> <span class='ocrx_word' id='word_1_714' title='bbox 209 2570 309 2604; x_wconf 69' lang='grc' dir='ltr'>φωνῆς</span> <span class='ocrx_word' id='word_1_715' title='bbox 324 2578 384 2605; x_wconf 81' lang='grc' dir='ltr'><strong>μου</strong></span> <span class='ocrx_word' id='word_1_716' title='bbox 403 2568 515 2596; x_wconf 72' lang='grc' dir='ltr'>ἀκούειο</span> <span class='ocrx_word' id='word_1_717' title='bbox 534 2565 616 2601; x_wconf 80' lang='grc' dir='ltr'><strong>κάγὼ</strong></span> <span class='ocrx_word' id='word_1_718' title='bbox 632 2564 767 2600; x_wconf 74' lang='grc' dir='ltr'>γινώσκω</span> <span class='ocrx_word' id='word_1_719' title='bbox 782 2562 868 2594; x_wconf 82' lang='grc' dir='ltr'>αὐτὰ,</span> <span class='ocrx_word' id='word_1_720' title='bbox 885 2561 935 2589; x_wconf 77' lang='grc' dir='ltr'><strong>καὶ</strong></span> 
     </span>
    </p>
   </div>
   <div class='ocr_carea' id='block_1_102' title="bbox 127 2609 934 2650">
    <p class='ocr_par' dir='ltr' id='par_1_102' title="bbox 127 2609 934 2650">
     <span class='ocr_line' id='line_1_102' title="bbox 127 2609 934 2650; baseline -0.012 -6"><span class='ocrx_word' id='word_1_721' title='bbox 127 2615 345 2644; x_wconf 77' lang='grc' dir='ltr'>-ἀκολουθοῦσί</span> <span class='ocrx_word' id='word_1_722' title='bbox 362 2623 421 2650; x_wconf 83' lang='grc' dir='ltr'>μοι’</span> <span class='ocrx_word' id='word_1_723' title='bbox 438 2613 519 2648; x_wconf 79' lang='grc' dir='ltr'><strong>κάγὼ</strong></span> <span class='ocrx_word' id='word_1_724' title='bbox 535 2611 611 2646; x_wconf 77' lang='grc' dir='ltr'>ζωὴν</span> <span class='ocrx_word' id='word_1_725' title='bbox 626 2611 745 2638; x_wconf 75' lang='grc' dir='ltr'>αἰώνιον</span> <span class='ocrx_word' id='word_1_726' title='bbox 764 2609 866 2644; x_wconf 80' lang='grc' dir='ltr'>δίδωμι</span> <span class='ocrx_word' id='word_1_727' title='bbox 882 2609 934 2635; x_wconf 83' lang='grc' dir='ltr'><strong>αὺ-</strong></span> 
     </span>
    </p>
   </div>
   <div class='ocr_carea' id='block_1_103' title="bbox 138 2654 934 2696">
    <p class='ocr_par' dir='ltr' id='par_1_103' title="bbox 138 2654 934 2696">
     <span class='ocr_line' id='line_1_103' title="bbox 138 2654 934 2696; baseline -0.014 -5"><span class='ocrx_word' id='word_1_728' title='bbox 138 2662 213 2696; x_wconf 69' lang='grc' dir='ltr'>τοῖςν</span> <span class='ocrx_word' id='word_1_729' title='bbox 227 2664 273 2690; x_wconf 71' lang='grc' dir='ltr'><strong>καὶ</strong></span> <span class='ocrx_word' id='word_1_730' title='bbox 285 2662 375 2689; x_wconf 78' lang='grc' dir='ltr'>πάλιν·</span> <span class='ocrx_word' id='word_1_731' title='bbox 394 2660 449 2687; x_wconf 85' lang='lat' dir='ltr'><strong>Kal</strong></span> <span class='ocrx_word' id='word_1_732' title='bbox 465 2660 545 2686; x_wconf 74' lang='grc' dir='ltr'><strong>ἄλλα</strong></span> <span class='ocrx_word' id='word_1_733' title='bbox 566 2658 599 2685; x_wconf 84' lang='grc' dir='ltr'><strong>δὲ</strong></span> <span class='ocrx_word' id='word_1_734' title='bbox 615 2658 748 2691; x_wconf 78' lang='grc' dir='ltr'>πρόϐατα</span> <span class='ocrx_word' id='word_1_735' title='bbox 763 2656 831 2690; x_wconf 77' lang='grc' dir='ltr'>ἔχω,</span> <span class='ocrx_word' id='word_1_736' title='bbox 848 2654 867 2681; x_wconf 75' lang='grc' dir='ltr'><em>ἃ</em></span> <span class='ocrx_word' id='word_1_737' title='bbox 878 2655 934 2681; x_wconf 81' lang='grc' dir='ltr'><strong>οὐκ</strong></span> 
     </span>
    </p>
   </div>
   <div class='ocr_carea' id='block_1_104' title="bbox 137 2699 933 2745">
    <p class='ocr_par' dir='ltr' id='par_1_104' title="bbox 137 2699 933 2745">
     <span class='ocr_line' id='line_1_104' title="bbox 137 2699 933 2745; baseline -0.011 -11"><span class='ocrx_word' id='word_1_738' title='bbox 137 2706 228 2734; x_wconf 74' lang='grc' dir='ltr'>ἐστιν</span> <span class='ocrx_word' id='word_1_739' title='bbox 241 2707 276 2733; x_wconf 83' lang='grc' dir='ltr'><strong>ἐκ</strong></span> <span class='ocrx_word' id='word_1_740' title='bbox 293 2705 349 2739; x_wconf 83' lang='grc' dir='ltr'>τῆς</span> <span class='ocrx_word' id='word_1_741' title='bbox 362 2704 460 2737; x_wconf 74' lang='grc' dir='ltr'>αὐλῆς</span> <span class='ocrx_word' id='word_1_742' title='bbox 472 2704 592 2745; x_wconf 62' lang='grc' dir='ltr'>τμύτηςε</span> <span class='ocrx_word' id='word_1_743' title='bbox 613 2701 737 2729; x_wconf 75' lang='grc' dir='ltr'>κάκεῖνά</span> <span class='ocrx_word' id='word_1_744' title='bbox 751 2709 788 2735; x_wconf 85' lang='grc' dir='ltr'><strong>με</strong></span> <span class='ocrx_word' id='word_1_745' title='bbox 804 2699 852 2726; x_wconf 83' lang='grc' dir='ltr'><strong>δεῖ</strong></span> <span class='ocrx_word' id='word_1_746' title='bbox 861 2699 933 2733; x_wconf 73' lang='grc' dir='ltr'><strong>ἀγα-</strong></span> 
     </span>
    </p>
   </div>
   <div class='ocr_carea' id='block_1_105' title="bbox 138 2745 937 2787">
    <p class='ocr_par' dir='ltr' id='par_1_105' title="bbox 138 2745 937 2787">
     <span class='ocr_line' id='line_1_105' title="bbox 138 2745 937 2787; baseline -0.01 -8"><span class='ocrx_word' id='word_1_747' title='bbox 138 2752 215 2787; x_wconf 80' lang='grc' dir='ltr'>γεῖν,</span> <span class='ocrx_word' id='word_1_748' title='bbox 227 2752 276 2778; x_wconf 76' lang='grc' dir='ltr'><strong>καὶ</strong></span> <span class='ocrx_word' id='word_1_749' title='bbox 288 2751 344 2785; x_wconf 85' lang='grc' dir='ltr'>τῆς</span> <span class='ocrx_word' id='word_1_750' title='bbox 356 2750 459 2786; x_wconf 72' lang='grc' dir='ltr'>φωνῆς</span> <span class='ocrx_word' id='word_1_751' title='bbox 462 2759 521 2784; x_wconf 82' lang='grc' dir='ltr'>μου</span> <span class='ocrx_word' id='word_1_752' title='bbox 533 2749 712 2780; x_wconf 78' lang='grc' dir='ltr'>ἀκούσουσι,</span> <span class='ocrx_word' id='word_1_753' title='bbox 721 2746 769 2773; x_wconf 80' lang='grc' dir='ltr'><strong>καὶ</strong></span> <span class='ocrx_word' id='word_1_754' title='bbox 779 2745 937 2781; x_wconf 75' lang='grc' dir='ltr'>γενήσεται</span> 
     </span>
    </p>
   </div>
   <div class='ocr_carea' id='block_1_106' title="bbox 135 2791 935 2833">
    <p class='ocr_par' dir='ltr' id='par_1_106' title="bbox 135 2791 935 2833">
     <span class='ocr_line' id='line_1_106' title="bbox 135 2791 935 2833; baseline -0.011 -8"><span class='ocrx_word' id='word_1_755' title='bbox 135 2798 193 2833; x_wconf 78' lang='grc' dir='ltr'><strong>μία</strong></span> <span class='ocrx_word' id='word_1_756' title='bbox 216 2799 341 2833; x_wconf 76' lang='grc' dir='ltr'>ποίμνη,</span> <span class='ocrx_word' id='word_1_757' title='bbox 362 2795 405 2830; x_wconf 82' lang='grc' dir='ltr'>εἷς</span> <span class='ocrx_word' id='word_1_758' title='bbox 426 2795 549 2830; x_wconf 79' lang='grc' dir='ltr'>ποιμήν.</span> <span class='ocrx_word' id='word_1_759' title='bbox 571 2795 615 2822; x_wconf 88' lang='grc' dir='ltr'>Ἐν</span> <span class='ocrx_word' id='word_1_760' title='bbox 639 2793 678 2829; x_wconf 81' lang='grc' dir='ltr'>τῷ</span> <span class='ocrx_word' id='word_1_761' title='bbox 704 2792 818 2827; x_wconf 83' lang='grc' dir='ltr'>παρόντι</span> <span class='ocrx_word' id='word_1_762' title='bbox 844 2791 935 2827; x_wconf 83' lang='grc' dir='ltr'>μέντοι</span> 
     </span>
    </p>
   </div>
   <div class='ocr_carea' id='block_1_107' title="bbox 986 2321 1781 2364">
    <p class='ocr_par' dir='ltr' id='par_1_107' title="bbox 986 2321 1781 2364">
     <span class='ocr_line' id='line_1_107' title="bbox 986 2321 1781 2364; baseline -0.011 -8"><span class='ocrx_word' id='word_1_763' title='bbox 986 2329 1142 2364; x_wconf 76' lang='lat' dir='ltr'><strong>perditionis</strong></span> <span class='ocrx_word' id='word_1_764' title='bbox 1154 2328 1188 2354; x_wconf 76' lang='grc' dir='ltr'><strong>⁸ο.</strong></span> <span class='ocrx_word' id='word_1_765' title='bbox 1213 2326 1265 2362; x_wconf 83' lang='lat' dir='ltr'><strong>Sed</strong></span> <span class='ocrx_word' id='word_1_766' title='bbox 1281 2325 1508 2361; x_wconf 88' lang='lat' dir='ltr'><strong>quemadmodum</strong></span> <span class='ocrx_word' id='word_1_767' title='bbox 1531 2324 1576 2350; x_wconf 90' lang='lat' dir='ltr'><strong>hic</strong></span> <span class='ocrx_word' id='word_1_768' title='bbox 1599 2323 1720 2350; x_wconf 88' lang='lat' dir='ltr'><strong>humano</strong></span> <span class='ocrx_word' id='word_1_769' title='bbox 1739 2321 1781 2348; x_wconf 87' lang='lat' dir='ltr'><strong>lo-</strong></span> 
     </span>
    </p>
   </div>
   <div class='ocr_carea' id='block_1_108' title="bbox 986 2367 1781 2410">
    <p class='ocr_par' dir='ltr' id='par_1_108' title="bbox 986 2367 1781 2410">
     <span class='ocr_line' id='line_1_108' title="bbox 986 2367 1781 2410; baseline -0.011 -8"><span class='ocrx_word' id='word_1_770' title='bbox 986 2375 1082 2410; x_wconf 84' lang='lat' dir='ltr'><strong>quitur</strong></span> <span class='ocrx_word' id='word_1_771' title='bbox 1103 2373 1196 2406; x_wconf 90' lang='lat' dir='ltr'><strong>modo,</strong></span> <span class='ocrx_word' id='word_1_772' title='bbox 1222 2379 1322 2408; x_wconf 74' lang='lat' dir='ltr'><strong>rogans</strong></span> <span class='ocrx_word' id='word_1_773' title='bbox 1349 2375 1379 2397; x_wconf 87' lang='lat' dir='ltr'><strong>ut</strong></span> <span class='ocrx_word' id='word_1_774' title='bbox 1406 2370 1540 2405; x_wconf 86' lang='lat' dir='ltr'><strong>accipiat;</strong></span> <span class='ocrx_word' id='word_1_775' title='bbox 1564 2369 1605 2396; x_wconf 88' lang='lat' dir='ltr'><strong>sic</strong></span> <span class='ocrx_word' id='word_1_776' title='bbox 1631 2367 1694 2394; x_wconf 88' lang='lat' dir='ltr'><strong>alibi</strong></span> <span class='ocrx_word' id='word_1_777' title='bbox 1719 2373 1781 2394; x_wconf 85' lang='lat' dir='ltr'><strong>sese</strong></span> 
     </span>
    </p>
   </div>
   <div class='ocr_carea' id='block_1_109' title="bbox 986 2416 1779 2448">
    <p class='ocr_par' dir='ltr' id='par_1_109' title="bbox 986 2416 1779 2448">
     <span class='ocr_line' id='line_1_109' title="bbox 986 2416 1779 2448; baseline -0.011 0"><span class='ocrx_word' id='word_1_778' title='bbox 986 2421 1109 2448; x_wconf 85' lang='lat' dir='ltr'><strong>omnium</strong></span> <span class='ocrx_word' id='word_1_779' title='bbox 1135 2419 1276 2448; x_wconf 89' lang='lat' dir='ltr'><strong>dominum</strong></span> <span class='ocrx_word' id='word_1_780' title='bbox 1301 2417 1430 2445; x_wconf 82' lang='lat' dir='ltr'><strong>exhibet:</strong></span> <span class='ocrx_word' id='word_1_781' title='bbox 1445 2416 1524 2448; x_wconf 79' lang='lat' dir='ltr'><strong>Nam,</strong></span> <span class='ocrx_word' id='word_1_782' title='bbox 1540 2423 1598 2442; x_wconf 70' lang='lat' dir='ltr'><strong>aves</strong></span> <span class='ocrx_word' id='word_1_783' title='bbox 1614 2422 1678 2441; x_wconf 74' lang='lat' dir='ltr'><strong>mea:</strong></span> <span class='ocrx_word' id='word_1_784' title='bbox 1692 2420 1779 2440; x_wconf 79' lang='lat' dir='ltr'><strong>vocem</strong></span> 
     </span>
    </p>
   </div>
   <div class='ocr_carea' id='block_1_110' title="bbox 986 2466 1781 2498">
    <p class='ocr_par' dir='ltr' id='par_1_110' title="bbox 986 2466 1781 2498">
     <span class='ocr_line' id='line_1_110' title="bbox 986 2466 1781 2498; baseline -0.005 -4"><span class='ocrx_word' id='word_1_785' title='bbox 986 2476 1072 2494; x_wconf 85' lang='lat' dir='ltr'><strong>meam</strong></span> <span class='ocrx_word' id='word_1_786' title='bbox 1089 2466 1201 2493; x_wconf 83' lang='lat' dir='ltr'><strong>audiunt</strong></span> <span class='ocrx_word' id='word_1_787' title='bbox 1222 2474 1231 2492; x_wconf 91' lang='lat'><strong><em>:</em></strong></span> <span class='ocrx_word' id='word_1_788' title='bbox 1252 2469 1277 2491; x_wconf 90' lang='lat' dir='ltr'><strong>et</strong></span> <span class='ocrx_word' id='word_1_789' title='bbox 1298 2472 1345 2498; x_wconf 83' lang='lat' dir='ltr'><strong>ego</strong></span> <span class='ocrx_word' id='word_1_790' title='bbox 1362 2471 1488 2498; x_wconf 82' lang='lat' dir='ltr'><strong>cognosco</strong></span> <span class='ocrx_word' id='word_1_791' title='bbox 1510 2469 1567 2493; x_wconf 78' lang='lat' dir='ltr'><strong>eas,</strong></span> <span class='ocrx_word' id='word_1_792' title='bbox 1590 2466 1615 2489; x_wconf 86' lang='lat' dir='ltr'><strong>et</strong></span> <span class='ocrx_word' id='word_1_793' title='bbox 1635 2466 1781 2496; x_wconf 69' lang='lat' dir='ltr'><strong>sequuntur</strong></span> 
     </span>
    </p>
   </div>
   <div class='ocr_carea' id='block_1_111' title="bbox 986 2509 1780 2547">
    <p class='ocr_par' dir='ltr' id='par_1_111' title="bbox 986 2509 1780 2547">
     <span class='ocr_line' id='line_1_111' title="bbox 986 2509 1780 2547; baseline -0.009 -5"><span class='ocrx_word' id='word_1_794' title='bbox 986 2523 1043 2547; x_wconf 81' lang='lat' dir='ltr'><strong>me,</strong></span> <span class='ocrx_word' id='word_1_795' title='bbox 1063 2519 1088 2541; x_wconf 86' lang='lat' dir='ltr'><strong>et</strong></span> <span class='ocrx_word' id='word_1_796' title='bbox 1109 2514 1191 2540; x_wconf 79' lang='lat' dir='ltr'><strong>vitam</strong></span> <span class='ocrx_word' id='word_1_797' title='bbox 1215 2517 1343 2540; x_wconf 71' lang='lat' dir='ltr'><strong>wtcrnam</strong></span> <span class='ocrx_word' id='word_1_798' title='bbox 1367 2511 1401 2538; x_wconf 86' lang='lat' dir='ltr'><strong>do</strong></span> <span class='ocrx_word' id='word_1_799' title='bbox 1424 2510 1461 2538; x_wconf 87' lang='lat' dir='ltr'><strong>eis</strong></span> <span class='ocrx_word' id='word_1_800' title='bbox 1472 2509 1510 2543; x_wconf 82' lang='lat'><strong>“;</strong></span> <span class='ocrx_word' id='word_1_801' title='bbox 1533 2516 1565 2536; x_wconf 90' lang='lat' dir='ltr'><strong>ac</strong></span> <span class='ocrx_word' id='word_1_802' title='bbox 1595 2516 1727 2536; x_wconf 86' lang='lat' dir='ltr'><strong>rursum:</strong></span> <span class='ocrx_word' id='word_1_803' title='bbox 1745 2509 1780 2536; x_wconf 84' lang='lat' dir='ltr'><strong>Et</strong></span> 
     </span>
    </p>
   </div>
   <div class='ocr_carea' id='block_1_112' title="bbox 987 2554 1780 2592">
    <p class='ocr_par' dir='ltr' id='par_1_112' title="bbox 987 2554 1780 2592">
     <span class='ocr_line' id='line_1_112' title="bbox 987 2554 1780 2592; baseline -0.006 -5"><span class='ocrx_word' id='word_1_804' title='bbox 987 2561 1058 2587; x_wconf 80' lang='lat' dir='ltr'><strong>alias</strong></span> <span class='ocrx_word' id='word_1_805' title='bbox 1074 2567 1132 2586; x_wconf 79' lang='lat' dir='ltr'><strong>oves</strong></span> <span class='ocrx_word' id='word_1_806' title='bbox 1149 2557 1231 2585; x_wconf 80' lang='lat' dir='ltr'><strong>habeo</strong></span> <span class='ocrx_word' id='word_1_807' title='bbox 1247 2566 1306 2592; x_wconf 67' lang='lat' dir='ltr'><strong>quae</strong></span> <span class='ocrx_word' id='word_1_808' title='bbox 1323 2565 1375 2584; x_wconf 85' lang='lat' dir='ltr'><strong>non</strong></span> <span class='ocrx_word' id='word_1_809' title='bbox 1396 2559 1457 2583; x_wconf 81' lang='lat' dir='ltr'><strong>sunt</strong></span> <span class='ocrx_word' id='word_1_810' title='bbox 1472 2563 1504 2582; x_wconf 69' lang='lat' dir='ltr'><strong>ex</strong></span> <span class='ocrx_word' id='word_1_811' title='bbox 1519 2554 1567 2581; x_wconf 79' lang='lat' dir='ltr'><strong>hoc</strong></span> <span class='ocrx_word' id='word_1_812' title='bbox 1583 2554 1663 2581; x_wconf 80' lang='lat' dir='ltr'><strong>ovili:</strong></span> <span class='ocrx_word' id='word_1_813' title='bbox 1674 2558 1698 2581; x_wconf 86' lang='lat' dir='ltr'><strong>et</strong></span> <span class='ocrx_word' id='word_1_814' title='bbox 1717 2554 1780 2582; x_wconf 83' lang='lat' dir='ltr'><strong>illas</strong></span> 
     </span>
    </p>
   </div>
   <div class='ocr_carea' id='block_1_113' title="bbox 988 2600 1780 2641">
    <p class='ocr_par' dir='ltr' id='par_1_113' title="bbox 988 2600 1780 2641">
     <span class='ocr_line' id='line_1_113' title="bbox 988 2600 1780 2641; baseline -0.009 -8"><span class='ocrx_word' id='word_1_815' title='bbox 988 2609 1090 2641; x_wconf 86' lang='lat' dir='ltr'><strong>oportet</strong></span> <span class='ocrx_word' id='word_1_816' title='bbox 1106 2613 1146 2631; x_wconf 87' lang='lat' dir='ltr'><strong>me</strong></span> <span class='ocrx_word' id='word_1_817' title='bbox 1162 2604 1302 2638; x_wconf 82' lang='lat' dir='ltr'><strong>adducere,</strong></span> <span class='ocrx_word' id='word_1_818' title='bbox 1316 2608 1341 2631; x_wconf 86' lang='lat' dir='ltr'><strong>et</strong></span> <span class='ocrx_word' id='word_1_819' title='bbox 1358 2611 1444 2631; x_wconf 76' lang='lat' dir='ltr'><strong>vocem</strong></span> <span class='ocrx_word' id='word_1_820' title='bbox 1460 2609 1544 2628; x_wconf 83' lang='lat' dir='ltr'><strong>meam</strong></span> <span class='ocrx_word' id='word_1_821' title='bbox 1562 2600 1680 2634; x_wconf 86' lang='lat' dir='ltr'><strong>audient,</strong></span> <span class='ocrx_word' id='word_1_822' title='bbox 1698 2605 1723 2627; x_wconf 89' lang='lat' dir='ltr'><strong>et</strong></span> <span class='ocrx_word' id='word_1_823' title='bbox 1734 2601 1780 2635; x_wconf 79' lang='lat' dir='ltr'><strong>ﬁet</strong></span> 
     </span>
    </p>
   </div>
   <div class='ocr_carea' id='block_1_114' title="bbox 988 2647 1780 2684">
    <p class='ocr_par' dir='ltr' id='par_1_114' title="bbox 988 2647 1780 2684">
     <span class='ocr_line' id='line_1_114' title="bbox 988 2647 1780 2684; baseline -0.006 -5"><span class='ocrx_word' id='word_1_824' title='bbox 988 2661 1069 2680; x_wconf 90' lang='lat' dir='ltr'><strong>unum</strong></span> <span class='ocrx_word' id='word_1_825' title='bbox 1087 2651 1174 2683; x_wconf 82' lang='lat' dir='ltr'><strong>ovile,</strong></span> <span class='ocrx_word' id='word_1_826' title='bbox 1196 2656 1220 2678; x_wconf 85' lang='lat' dir='ltr'><strong>et</strong></span> <span class='ocrx_word' id='word_1_827' title='bbox 1235 2659 1303 2678; x_wconf 87' lang='lat' dir='ltr'><strong>unus</strong></span> <span class='ocrx_word' id='word_1_828' title='bbox 1319 2654 1411 2684; x_wconf 84' lang='lat' dir='ltr'><strong>pastor</strong></span> <span class='ocrx_word' id='word_1_829' title='bbox 1424 2649 1457 2676; x_wconf 78' lang='grc'><strong>⁸³,</strong></span> <span class='ocrx_word' id='word_1_830' title='bbox 1480 2649 1509 2675; x_wconf 89' lang='lat' dir='ltr'><strong>ln</strong></span> <span class='ocrx_word' id='word_1_831' title='bbox 1535 2648 1663 2683; x_wconf 68' lang='lat' dir='ltr'><strong>praesenti</strong></span> <span class='ocrx_word' id='word_1_832' title='bbox 1687 2647 1780 2682; x_wconf 88' lang='lat' dir='ltr'><strong>itaque</strong></span> 
     </span>
    </p>
   </div>
   <div class='ocr_carea' id='block_1_115' title="bbox 986 2693 1779 2735">
    <p class='ocr_par' dir='ltr' id='par_1_115' title="bbox 986 2693 1779 2735">
     <span class='ocr_line' id='line_1_115' title="bbox 986 2693 1779 2735; baseline -0.009 -9"><span class='ocrx_word' id='word_1_833' title='bbox 986 2699 1093 2735; x_wconf 90' lang='lat' dir='ltr'><strong>psalmo</strong></span> <span class='ocrx_word' id='word_1_834' title='bbox 1111 2698 1230 2725; x_wconf 89' lang='lat' dir='ltr'><strong>humane</strong></span> <span class='ocrx_word' id='word_1_835' title='bbox 1251 2697 1292 2724; x_wconf 89' lang='lat' dir='ltr'><strong>sic</strong></span> <span class='ocrx_word' id='word_1_836' title='bbox 1313 2695 1434 2731; x_wconf 91' lang='lat' dir='ltr'><strong>loquitur</strong></span> <span class='ocrx_word' id='word_1_837' title='bbox 1450 2704 1456 2722; x_wconf 73' lang='grc' dir='ltr'>ί</span> <span class='ocrx_word' id='word_1_838' title='bbox 1474 2694 1601 2721; x_wconf 86' lang='lat' dir='ltr'><strong>Dominus</strong></span> <span class='ocrx_word' id='word_1_839' title='bbox 1616 2702 1679 2728; x_wconf 81' lang='lat' dir='ltr'><strong>pars</strong></span> <span class='ocrx_word' id='word_1_840' title='bbox 1695 2693 1779 2720; x_wconf 75' lang='lat' dir='ltr'><strong>hwre-</strong></span> 
     </span>
    </p>
   </div>
   <div class='ocr_carea' id='block_1_116' title="bbox 987 2740 1781 2773">
    <p class='ocr_par' dir='ltr' id='par_1_116' title="bbox 987 2740 1781 2773">
     <span class='ocr_line' id='line_1_116' title="bbox 987 2740 1781 2773; baseline -0.009 -1"><span class='ocrx_word' id='word_1_841' title='bbox 987 2745 1082 2772; x_wconf 81' lang='lat' dir='ltr'><strong>ditatis</strong></span> <span class='ocrx_word' id='word_1_842' title='bbox 1111 2751 1175 2770; x_wconf 71' lang='lat' dir='ltr'><strong>mew</strong></span> <span class='ocrx_word' id='word_1_843' title='bbox 1203 2748 1227 2769; x_wconf 86' lang='lat' dir='ltr'><strong>et</strong></span> <span class='ocrx_word' id='word_1_844' title='bbox 1258 2742 1350 2769; x_wconf 70' lang='lat' dir='ltr'><strong>colicis</strong></span> <span class='ocrx_word' id='word_1_845' title='bbox 1381 2741 1451 2773; x_wconf 83' lang='lat' dir='ltr'><strong>mei;</strong></span> <span class='ocrx_word' id='word_1_846' title='bbox 1473 2740 1658 2768; x_wconf 71' lang='lat' dir='ltr'><strong>haereditatem</strong></span> <span class='ocrx_word' id='word_1_847' title='bbox 1677 2746 1781 2766; x_wconf 78' lang='lat' dir='ltr'><strong>vocans</strong></span> 
     </span>
    </p>
   </div>
   <div class='ocr_carea' id='block_1_117' title="bbox 987 2784 1781 2825">
    <p class='ocr_par' dir='ltr' id='par_1_117' title="bbox 987 2784 1781 2825">
     <span class='ocr_line' id='line_1_117' title="bbox 987 2784 1781 2825; baseline -0.006 -9"><span class='ocrx_word' id='word_1_848' title='bbox 987 2797 1103 2825; x_wconf 78' lang='lat' dir='ltr'><strong>regnum</strong></span> <span class='ocrx_word' id='word_1_849' title='bbox 1131 2789 1158 2815; x_wconf 89' lang='lat' dir='ltr'><strong>in</strong></span> <span class='ocrx_word' id='word_1_850' title='bbox 1178 2792 1292 2823; x_wconf 81' lang='lat' dir='ltr'><strong>gentes;</strong></span> <span class='ocrx_word' id='word_1_851' title='bbox 1314 2787 1427 2818; x_wconf 84' lang='lat' dir='ltr'><strong>calicem</strong></span> <span class='ocrx_word' id='word_1_852' title='bbox 1441 2794 1517 2820; x_wconf 83' lang='lat' dir='ltr'><strong>vero,</strong></span> <span class='ocrx_word' id='word_1_853' title='bbox 1530 2792 1612 2821; x_wconf 88' lang='lat' dir='ltr'><strong>quam</strong></span> <span class='ocrx_word' id='word_1_854' title='bbox 1629 2791 1680 2820; x_wconf 89' lang='lat' dir='ltr'><strong>pro</strong></span> <span class='ocrx_word' id='word_1_855' title='bbox 1700 2784 1781 2812; x_wconf 86' lang='lat' dir='ltr'><strong>nobis</strong></span> 
     </span>
    </p>
   </div>
   <div class='ocr_carea' id='block_1_118' title="bbox 177 2834 1192 2876">
    <p class='ocr_par' dir='ltr' id='par_1_118' title="bbox 177 2834 1192 2876">
     <span class='ocr_line' id='line_1_118' title="bbox 177 2834 1192 2876; baseline -0.014 -2"><span class='ocrx_word' id='word_1_856' title='bbox 177 2847 200 2862; x_wconf 87' lang='lat'>&quot;</span> <span class='ocrx_word' id='word_1_857' title='bbox 219 2845 295 2873; x_wconf 86' lang='lat' dir='ltr'><strong>Psal.</strong></span> <span class='ocrx_word' id='word_1_858' title='bbox 315 2853 333 2872; x_wconf 85' lang='grc' dir='ltr'><strong>ιι</strong></span> <span class='ocrx_word' id='word_1_859' title='bbox 345 2865 352 2876; x_wconf 87' lang='lat'><strong>,</strong></span> <span class='ocrx_word' id='word_1_860' title='bbox 371 2845 398 2871; x_wconf 91' lang='lat'><strong>8.</strong></span> <span class='ocrx_word' id='word_1_861' title='bbox 436 2843 459 2859; x_wconf 73' lang='grc'><strong>⁸⁰</strong></span> <span class='ocrx_word' id='word_1_862' title='bbox 477 2842 555 2870; x_wconf 82' lang='lat' dir='ltr'><strong>Joan.</strong></span> <span class='ocrx_word' id='word_1_863' title='bbox 572 2850 638 2874; x_wconf 83' lang='lat' dir='ltr'><strong>xvu,</strong></span> <span class='ocrx_word' id='word_1_864' title='bbox 653 2840 727 2874; x_wconf 76' lang='lat'><strong>6,12.</strong></span> <span class='ocrx_word' id='word_1_865' title='bbox 766 2839 788 2854; x_wconf 76' lang='lat'>“</span> <span class='ocrx_word' id='word_1_866' title='bbox 800 2837 879 2866; x_wconf 86' lang='lat' dir='ltr'><strong>Joan.</strong></span> <span class='ocrx_word' id='word_1_867' title='bbox 896 2838 1016 2871; x_wconf 58' lang='lat' dir='ltr'><strong>x3738.</strong></span> <span class='ocrx_word' id='word_1_868' title='bbox 1028 2836 1050 2851; x_wconf 79' lang='lat'><strong><em>“</em></strong></span> <span class='ocrx_word' id='word_1_869' title='bbox 1064 2835 1130 2862; x_wconf 89' lang='lat' dir='ltr'><strong>ibid.</strong></span> <span class='ocrx_word' id='word_1_870' title='bbox 1147 2834 1192 2861; x_wconf 79' lang='grc'><strong>16.</strong></span> 
     </span>
    </p>
   </div>
   <div class='ocr_carea' id='block_1_119' title="bbox 177 2884 932 2928">
    <p class='ocr_par' dir='ltr' id='par_1_119' title="bbox 177 2884 932 2928">
     <span class='ocr_line' id='line_1_119' title="bbox 177 2884 932 2928; baseline -0.015 -7"><span class='ocrx_word' id='word_1_871' title='bbox 177 2893 216 2928; x_wconf 83' lang='lat' dir='ltr'><strong>ti)</strong></span> <span class='ocrx_word' id='word_1_872' title='bbox 242 2892 364 2928; x_wconf 65' lang='grc' dir='ltr'><strong>Ε’ῖδωλᾳ</strong></span> <span class='ocrx_word' id='word_1_873' title='bbox 386 2888 495 2928; x_wconf 50' lang='lat' dir='ltr'><strong>tri/163:.</strong></span> <span class='ocrx_word' id='word_1_874' title='bbox 519 2889 566 2928; x_wconf 69' lang='lat' dir='ltr'><strong>§ic</strong></span> <span class='ocrx_word' id='word_1_875' title='bbox 590 2887 673 2928; x_wconf 54' lang='grc' dir='ltr'>εει-ιη</span> <span class='ocrx_word' id='word_1_876' title='bbox 695 2884 885 2928; x_wconf 60' lang='lat' dir='ltr'><strong>Symmachus,</strong></span> <span class='ocrx_word' id='word_1_877' title='bbox 902 2887 932 2910; x_wconf 89' lang='lat' dir='ltr'><strong>ut</strong></span> 
     </span>
    </p>
   </div>
   <div class='ocr_carea' id='block_1_120' title="bbox 141 2921 932 2965">
    <p class='ocr_par' dir='ltr' id='par_1_120' title="bbox 141 2921 932 2965">
     <span class='ocr_line' id='line_1_120' title="bbox 141 2921 932 2965; baseline -0.014 -8"><span class='ocrx_word' id='word_1_878' title='bbox 141 2930 169 2965; x_wconf 72' lang='lat' dir='ltr'><strong>in</strong></span> <span class='ocrx_word' id='word_1_879' title='bbox 182 2921 292 2957; x_wconf 78' lang='lat' dir='ltr'><strong>duobus</strong></span> <span class='ocrx_word' id='word_1_880' title='bbox 305 2925 448 2955; x_wconf 82' lang='lat' dir='ltr'><strong>codicibus</strong></span> <span class='ocrx_word' id='word_1_881' title='bbox 462 2923 554 2960; x_wconf 78' lang='lat' dir='ltr'><strong>Regiis</strong></span> <span class='ocrx_word' id='word_1_882' title='bbox 574 2923 696 2952; x_wconf 78' lang='lat' dir='ltr'><strong>eﬁertur.</strong></span> <span class='ocrx_word' id='word_1_883' title='bbox 711 2921 810 2957; x_wconf 82' lang='lat' dir='ltr'><strong>Aquila</strong></span> <span class='ocrx_word' id='word_1_884' title='bbox 825 2925 932 2948; x_wconf 83' lang='lat' dir='ltr'><strong>autem:</strong></span> 
     </span>
    </p>
   </div>
   <div class='ocr_carea' id='block_1_121' title="bbox 985 2876 1779 2951">
    <p class='ocr_par' dir='ltr' id='par_1_121' title="bbox 985 2876 1779 2951">
     <span class='ocr_line' id='line_1_121' title="bbox 985 2876 1779 2951; baseline -0.005 -43"><span class='ocrx_word' id='word_1_885' title='bbox 985 2881 1224 2951; x_wconf 44' lang='lat' dir='ltr'><strong>Eli-‘atggovﬁyata</strong></span> <span class='ocrx_word' id='word_1_886' title='bbox 1244 2880 1346 2909; x_wconf 80' lang='grc' dir='ltr'>αὐτῶν.</span> <span class='ocrx_word' id='word_1_887' title='bbox 1361 2879 1523 2908; x_wconf 81' lang='lat' dir='ltr'><strong>Hebraicum</strong></span> <span class='ocrx_word' id='word_1_888' title='bbox 1535 2877 1674 2912; x_wconf 84' lang='lat' dir='ltr'><strong>exemplar</strong></span> <span class='ocrx_word' id='word_1_889' title='bbox 1686 2876 1779 2909; x_wconf 80' lang='lat' dir='ltr'><strong>habet,</strong></span> 
     </span>
     <span class='ocr_line' id='line_1_122' title="bbox 1030 2921 1109 2948; baseline 0 -16"><span class='ocrx_word' id='word_1_890' title='bbox 1030 2921 1061 2948; x_wconf 51' lang='grc' dir='ltr'>ἱ</span> <span class='ocrx_word' id='word_1_891' title='bbox 1103 2937 1109 2944; x_wconf 88' lang='lat'><strong><em>_</em></strong></span> 
     </span>
    </p>
   </div>
   <div class='ocr_carea' id='block_1_122' title="bbox 1030 2921 1109 2948">
    <p class='ocr_par' dir='ltr' id='par_1_122' title="bbox 1030 2921 1109 2948">
     <span class='ocr_line' id='line_1_123' title="bbox 1030 2921 1109 2948; baseline 0 0"><span class='ocrx_word' id='word_1_892' title='bbox 1030 2921 1109 2948; x_wconf 62' lang='grc' dir='ltr'><strong>’ἁῖῐῖ-</strong></span> 
     </span>
    </p>
   </div>
  </div>
