2055 3214
306 188 357 215 159
654 189 788 219 EUSEBII
806 191 1042 221 CAJSARIENSIS
1053 194 1074 222 0

1149 195 1238 223 PARS
1253 195 1295 224 ΙΙΙ.
1315 212 1350 216 -——
1369 197 1573 226 EXEGLTICA.
1876 200 1926 229 160

306 255 404 283 passus
419 253 461 275 est
475 253 601 277 mortem.
619 249 664 277 Sic
684 251 758 278 enim
785 252 812 279 in
835 253 922 280 sacris
935 253 1078 290 Evangelii:

1138 256 1248 292 ψαλμῷ.
1264 257 1440 292 ἀνθρωπίνως
1456 258 1539 292 λέγει·
1559 259 1667 292 Κύριος
1682 259 1766 294 μερὶς
1782 258 1838 293 τῆς
1852 261 1927 294 κλη-

306 293 423 320 elTatnr:
443 293 535 326 Pater,
552 295 575 321 si
588 296 713 330 possibile
725 302 775 329 est,
791 303 908 326 transeat
922 308 938 326 a
957 309 997 328 me
1017 302 1078 328 cali:

1139 304 1281 337 ρονομίας
1293 312 1352 338 μου
1361 305 1409 331 καὶ
1421 305 1474 331 τοῦ
1482 306 1635 339 ποτηρίου·
1647 293 1829 341 κληρονομίαν
1837 293 1927 333 καλῶν

304 338 355 366 ista
364 338 404 366 “:
420 346 453 367 ac
465 340 487 367 si
506 341 627 375 apertius
646 342 748 370 diceret
762 352 767 368 :
784 343 912 372 Ecclesiae
933 354 1012 379 mere,
1028 355 1078 382 qua

1140 348 1190 384 τὴν
1203 349 1257 375 τῶν
1272 349 1357 376 ἐθνῶν
1372 350 1509 385 βασιλείαν
1519 360 1525 366 ι
1540 338 1668 387 ποτήριον
1723 352 1752 378 ὃν
1765 338 1835 387 ίιπὲρ
1851 352 1927 388 ἡμῶν

303 391 365 411 mea
387 383 541 416 baereditas.
576 393 639 420 pars
667 387 798 416 Dominus
828 393 883 423 est;
919 395 999 426 atque
1030 392 1078 428 ipsi

1142 383 1269 430 ὺτιέμεινε
1287 383 1409 424 θάνατον.
1427 397 1504 424 Οὕτω
1521 398 1576 434 γὰρ
1598 383 1644 425 icui.
1663 400 1757 431 ἐντοῖς
1772 383 1928 434 ἱεροῖςὲλε-

302 428 399 457 calicis
416 430 479 461 mei,
495 430 521 463 id
533 435 574 457 est
590 433 696 464 mortis,
714 440 778 467 pars
791 433 902 463 ell‘ectus
912 440 964 463 est.

1141 428 1385 476 ysv'Ebawalimr
1403 443 1508 478 Πάτερ,
1520 428 1694 477 έίίςυνατὸν,
1709 428 1879 480 παρελθέέω
1892 446 1926 473 τὸ

301 475 448 529 ,ποτήριοιί
463 476 550 503 τοῦτο
568 477 634 529 ἀπ’.
651 478 734 512 ἐμοῦ·
752 479 818 506 ὡσεὶ
834 481 997 518 σαφέστερον
1016 483 1102 519 ἔλεγε·
1121 486 1176 513 Καὶ
1191 489 1241 523 τῆς
1259 475 1330 524 ἐμῆς
1352 475 1524 526 Ἐκκλησίας,
1539 491 1599 527 ἣτις
1616 475 1692 519 ἐστὶν
1709 494 1726 528 ἡ
1748 475 1926 529 ’κληρονομία

304 531 367 575 μουἶ
385 522 464 559 μερίς
475 525 549 550 ἐστιν
563 525 577 551 ὁ
595 525 705 560 Κύριος·
721 528 736 553 ὁ
758 528 839 560 αὐτὸς
852 529 881 556 δὲ
894 530 941 557 xui.
956 530 1002 558 τοῦ
1028 533 1159 569 ποτηρίου
1175 522 1237 570 μον,
1265 522 1386 563 {autem
1405 522 1452 571 sed
1468 522 1595 570 θανάτου,
1609 540 1688 575 μερὶς
1911 541 1927 567 ὸ

302 569 394 600 αὑτός.

339 614 379 642 Tu
395 624 422 643 es
437 616 482 651 qui
496 617 613 644 restituis
627 617 806 647 lia'feditatem
819 628 904 647 meam
918 621 991 649 mihi.
1007 622 1066 650 Alia
1076 643 1084 656 ,

301 660 413 695 inquit,
435 662 502 689 mihi
526 663 591 690 olim
614 662 665 693 fuit
683 663 847 697 htereditas,
876 667 977 701 aliique
995 667 1086 696 funes.

302 704 369 732 Nam
384 706 488 740 quando
504 707 636 735 dividebat
652 709 806 737 Altissimus
821 716 907 746 gentes
917 732 924 743 .
945 720 1007 746 pars
1032 713 1088 746 Do-

302 753 368 779 mini
383 751 407 779 fa
414 757 454 779 :ta
466 758 507 780 est
520 755 632 788 populus
652 755 710 790 ejus
730 756 813 783 Jacab
823 777 830 788 ,
852 757 986 791 funiculus
1003 759 1087 787 lla-re-

301 798 395 826 ditatis
409 799 466 834 ejus
481 799 505 816 “
528 799 623 828 Israel.
645 800 680 827 At
700 805 766 828 tunc
787 810 870 837 pars.
894 803 1040 832 haereditas
1059 808 1086 832 et

303 845 442 873 funiculus
453 866 460 878 ,
474 849 534 873 erat
554 847 629 881 prior
642 847 686 874 ille
700 849 826 882 populus.
845 848 905 882 Quo
921 850 1021 884 populo
1035 851 1086 877 im-

302 891 411 924 pietatis
426 899 508 918 causa
523 891 628 927 dejecto
642 900 674 919 ac
688 893 812 928 depulso,
828 895 879 920 alia
889 895 955 922 mihi
970 895 1086 923 haeredi-

301 940 362 967 tas,
385 937 431 963 alii
453 936 551 968 funes,
575 938 636 965 alia:
656 943 745 966 sortes
763 940 885 974 priorum
904 940 965 967 loco
980 941 1086 969 tradita:

301 985 367 1008 sunt
385 982 413 1008 in
427 982 575 1015 prirclaris.
597 982 703 1011 Etenim
719 984 775 1011 haec
791 986 911 1013 secunda
928 985 1086 1020 hasreditas,

300 1026 389 1061 inquit
399 1047 406 1058 ,
421 1028 549 1062 praeclara
565 1029 731 1064 probataque
744 1030 809 1057 mihi
824 1035 874 1058 est.

336 1071 420 1100 Vens.
438 1074 464 1100 8.
488 1073 662 1102 Providebam
678 1076 820 1103 Dominum
835 1078 862 1104 in
877 1083 1015 1112 conspectu
1030 1087 1085 1106 meo

299 1126 412 1153 semper,
426 1120 551 1153 quoniam
567 1129 583 1146 a
597 1120 697 1148 dextris
713 1127 752 1149 est
767 1123 847 1154 mihi,
865 1131 896 1150 ne
911 1131 1084 1152 commoveor.

301 1162 351 1190 Vir
369 1169 481 1193 sanctus
504 1173 565 1192 cum
587 1165 731 1194 Dominum
753 1168 780 1195 in
802 1169 888 1196 oculis
906 1170 963 1197 suis
979 1178 1086 1205 semper

301 1216 362 1235 esse
373 1217 467 1236 secum
482 1214 604 1245 reputet,
619 1219 790 1246 nequaquam
804 1213 935 1247 fluctuat;
952 1214 1005 1242 imo
1021 1222 1085 1242 vero

300 1254 433 1283 Dominus
454 1263 470 1283 a
492 1251 598 1284 dextris
617 1257 685 1293 justi
709 1259 760 1286 viri
786 1259 880 1287 ﬁrmus
901 1261 1039 1289 consistit.
1063 1260 1084 1288 E

299 1308 434 1330 converso
449 1307 541 1330 autem
554 1303 588 1331 de
601 1303 671 1332 Iuda
693 1305 812 1333 dicitur:
836 1305 870 1333 Et
892 1306 1014 1334 diabolus
1033 1312 1083 1336 uel

298 1357 316 1375 ι
329 1348 429 1375 Δέξαι-ἴε
445 1350 502 1384 ejus
518 1350 552 1378 ⁸⁸.

520 1406 649 1435 ORATIO
667 1407 772 1436 DAVlD
790 1408 861 1436 XVI.

333 1470 420 1501 Vsus.
441 1474 467 1500 Ι.
490 1473 614 1506 Exaudi,
631 1474 758 1505 Domine.
771 1477 908 1511 justitiam
922 1486 1022 1510 meam,
1041 1479 1083 1507 is-

295 1519 371 1547 tende
386 1519 597 1554 deprecationem
613 1530 710 1549 meum.
728 1523 845 1549 Auribus
862 1524 963 1559 percipe
980 1525 1081 1552 oratio-

296 1574 354 1592 nem
368 1575 453 1593 meam
464 1588 471 1598 ,
485 1575 536 1594 non
550 1568 576 1594 in
593 1568 670 1596 labiis
684 1569 794 1596 dolosis.
810 1569 938 1598 Oratione
952 1579 1001 1598 sua
1015 1579 1080 1606 sup-

296 1612 395 1646 plicat,
411 1618 438 1639 ut
453 1612 523 1640 Deus
537 1614 682 1645 exaudiat,
698 1623 753 1642 non
768 1616 875 1650 quidem
897 1624 1007 1648 vocem,
1024 1625 1079 1644 non

1177 624 1218 652 Σὺ
1238 623 1269 652 εἴ
1287 627 1303 652 ὁ
1326 626 1536 653 ἀποκαθιστᾱγι·
1559 627 1616 661 τὴν·
1640 629 1845 663 κληρονομίαν
1864 639 1927 665 μου

1139 670 1214 705 ἐμοί,
1230 671 1316 698 Πάλαι
1334 672 1382 706 μὲν
1398 671 1463 708 γὰρ,
1480 674 1571 708 φησὶν,
1586 673 1652 709 άλλη
1663 683 1705 705 τις
1713 672 1746 710 ἦν
1757 675 1926 712 κληρονομία

1143 726 1203 752 μου,
1219 718 1266 744 καὶ
1277 717 1343 745 ἄλλα
1356 719 1533 754 σχοινίσματᾴ
1545 728 1604 754 μου.
1621 721 1686 747 Ὅτε
1698 720 1752 757 γὰρ
1765 721 1926 757 διεμέριζεν

1140 765 1157 790 ό
1167 764 1177 771 ”
1183 765 1312 798 Υψιστος
1320 764 1404 798 ἐθινη.
1413 765 1528 801 ἐγενήθη
1538 766 1622 800 μερίς
1630 767 1739 800 Κυρίου
1747 768 1819 801 λαὸς
1829 769 1925 797 αὑτοῦ

1145 807 1256 839 Ἰακὼϐ,
1274 809 1439 844 σχοίνισμα
1459 812 1661 846 κληρονομίας
1681 813 1774 840 αὐτοῦ
1804 815 1923 850 Ἰσραήλ.

1145 854 1223 881 Ἀλλὰ
1235 854 1296 881 τότε
1310 855 1359 890 μὲν
1374 856 1451 891 μερὶς
1462 856 1508 882 καὶ
1519 856 1696 892 κληρονομία,
1705 858 1751 884 καὶ
1760 859 1925 896 σχοινισμαὸ

1138 899 1267 934 πρότερος
1279 897 1312 934 ἦν
1326 899 1398 931 λαός·
1413 897 1441 927 οὗ
1453 900 1625 932 διαπεσόντος
1633 902 1679 927 καὶ
1690 901 1840 938 ἀποϐλήτου
1848 912 1920 937 γενο-

1138 947 1218 982 μένου
1231 946 1275 973 aiat
1287 946 1337 978 τὰς
1349 947 1475 979 ἀσεϐείας
1485 947 1585 980 αὐτῶν,
1600 948 1682 983 ἑτέρα
1700 948 1778 984 μερὶς
1794 949 1841 976 καὶ
1857 949 1926 978 ἄλλα

1138 992 1252 1027 σχοινία,
1261 993 1308 1019 καὶ
1317 993 1405 1028 ἕτεροι
1418 993 1513 1028 κλῆροι
1524 993 1584 1020 ἀντὶ
1594 993 1647 1020 τῶν
1661 994 1801 1030 προτέρων
1812 996 1925 1024 ἐκείνων

1137 1037 1267 1075 ἐδόθησάν
1284 1047 1328 1074 μοι
1340 1039 1374 1065 ἐν
1385 1039 1446 1072 τοῖς
1458 1041 1636 1074 κρατίστοις.
1656 1041 1729 1077 Δῦτη
1747 1042 1812 1076 γὰρ,
1829 1043 1924 1079 φησὶν,

1137 1085 1153 1119 ἡ
1166 1084 1279 1120 δευτέρα
1292 1086 1424 1121 κρατίστη
1440 1087 1488 1113 καὶ
1501 1087 1654 1122 ἀρέσκουσά
1671 1088 1716 1122 μοί
1730 1088 1813 1115 ἐστιν.

1170 1131 1353 1166 Προωρώμην
1369 1132 1424 1158 τὸν
1437 1133 1547 1166 Κύριον
1562 1133 1689 1160 ἐνώπιόν
1700 1143 1760 1168 μου
1779 1133 1828 1161 διὰ
1845 1142 1923 1161 star-

1135 1177 1196 1208 τός’
1216 1177 1260 1203 ὅτι
1277 1178 1311 1204 ἐκ
1330 1177 1437 1210 δεξιῶν
1450 1187 1508 1213 μου
1525 1180 1621 1213 ἐστὶν,
1641 1181 1691 1207 ἵνα
1705 1180 1749 1215 μὴ
1772 1181 1921 1208 σαλευθῶ.

1140 1222 1170 1249 '0
1189 1223 1275 1256 ἅγιος,
1297 1223 1339 1250 ἀεὶ
1361 1223 1532 1259 λογιζόμενος
1547 1225 1576 1252 ὲν
1589 1225 1736 1261 ὀφθαλμοῖς
1748 1228 1831 1253 αὑτοῦ
1852 1226 1922 1254 εἶναι

1134 1267 1180 1294 τὸν
1201 1268 1313 1305 Κύριον,
1335 1270 1366 1296 οὐ
1392 1271 1544 1297 σαλεύεται·
1567 1271 1633 1298 ἀλλὰ
1653 1272 1758 1307 βέϐαιος
1774 1273 1889 1308 ἕστηκεν
1907 1273 1922 1300 ὁ

1134 1315 1236 1350 Κύριος
1252 1316 1283 1342 ὲκ
1293 1316 1387 1349 δεξιῶν
1400 1317 1447 1344 τοῦ
1466 1317 1580 1344 δικαίου.
1594 1319 1660 1354 Περὶ
1673 1318 1702 1345 δὲ
1716 1319 1762 1346 τοῦ
1781 1319 1876 1352 Ἰούδα.
1894 1319 1921 1346 '0

1133 1360 1273 1394 διάϐολος
1286 1363 1395 1395 στήτω,
1410 1364 1502 1399 φησὶν,
1514 1364 1549 1390 ἐκ
1561 1363 1667 1396 δεξιῶν
1679 1366 1783 1394 αὑτοῦ.

1304 1418 1490 1446 ΠΡΟΣΕΥΧΗ
1510 1420 1553 1445 ΤΩ
1572 1419 1670 1447 ΔΑΥΙΔ
1690 1421 1748 1454 ιφ.

1165 1475 1366 1507 Εισιίκουσον,
1380 1477 1478 1510 Κύριε,
1494 1477 1689 1511 δικαιοσύνης
1701 1487 1770 1512 μου.
1786 1479 1919 1514 πρόσχες

1131 1519 1170 1553 τῇ
1190 1519 1292 1553 δεήσει
1310 1530 1379 1555 μου.
1411 1521 1561 1549 Ὲνώτισαι
1585 1522 1642 1556 τὴν
1663 1525 1838 1559 προσευχήν
1858 1535 1919 1561 μου

1132 1565 1187 1590 οὐκ
1204 1564 1238 1590 ἐν
1254 1565 1369 1598 χείλεσι
1391 1565 1513 1600 δολίοις.
1541 1567 1667 1594 Ἰκετεύει
1681 1568 1725 1595 διὰ
1739 1571 1789 1605 τῆς
1804 1579 1919 1605 προσευ-

1131 1611 1181 1645 χῆς
1198 1610 1242 1636 τὸν
1259 1611 1324 1637 Θεὸν
1339 1605 1474 1648 ἀκροατὴν
1486 1614 1620 1647 γενέσθαι,
1637 1615 1666 1641 οὐ
1679 1617 1728 1650 τῆς
1742 1618 1841 1652 φωνῆς,
1857 1617 1918 1647 οὐδὲ

295 1657 378 1684 verba
389 1666 438 1685 sua
453 1679 459 1688 .
474 1659 522 1686 sed
536 1659 664 1687 virtutem
678 1670 684 1687 :
699 1669 730 1687 ac
745 1662 766 1688 si
779 1662 1016 1696 videlicetjuslitia
1029 1671 1078 1690 sua

1130 1655 1184 1681 τῶν
1202 1657 1331 1692 ῥημάτων
1345 1657 1437 1690 αὑτοῦ,
1450 1658 1506 1685 ἀλλ’
1522 1659 1606 1695 αὐτῆς
1619 1662 1667 1696 τῆς
1679 1661 1708 1687 ἐν
1720 1662 1792 1697 αὐτῷ
1806 1664 1916 1699 ἀρετῆς,

295 1710 328 1730 ex
353 1702 438 1737 gestis
459 1704 591 1737 operibus
611 1705 748 1737 clamitet,
763 1707 923 1741 divinasquc
938 1715 1018 1736 aures
1032 1709 1079 1736 de-

296 1748 425 1775 mulceat.
449 1747 542 1782 Neque
564 1750 637 1776 enim
659 1751 812 1785 quispiam,
828 1753 1013 1786 improborum
1027 1755 1079 1782 sibi

294 1793 422 1820 conscius
448 1792 600 1821 facinorum
611 1815 619 1826 ,
634 1796 721 1822 ‘talcm
736 1796 815 1824 facile
828 1797 960 1832 proferret
973 1807 1078 1827 vocem.

294 1839 364 1867 Illud
387 1848 468 1875 porro
482 1850 488 1868 :
507 1840 617 1868 Intende
628 1840 833 1876 deprecationem
848 1851 948 1875 meam,
962 1844 1024 1878 jure
1037 1844 1079 1872 di-

294 1886 364 1913 xerit
378 1886 420 1912 vir
434 1886 477 1913 ille
490 1887 620 1920 probatus
635 1893 665 1913 ac
681 1887 861 1919 exercitatus,
873 1889 918 1922 qui
934 1888 961 1915 in
974 1890 1078 1916 orando

293 1931 390 1967 dignas
406 1932 460 1959 Deo
475 1932 574 1959 emittit
590 1933 804 1968 supplicationes
815 1952 822 1963 .
843 1936 889 1968 qui
914 1942 968 1962 non
994 1943 1078 1970 parva

292 1978 415 2013 quwdam
438 1978 555 2013 viliaque
576 1978 713 2013 postulat.
735 1987 823 2014 neque
845 1972 895 2014 pro
915 1981 1076 2009 mortalibus

293 2024 475 2058 humanisque
493 2025 575 2051 rebus
592 2023 676 2052 Deum
690 2030 828 2060 precatur.
847 2026 964 2061 ldipsum
983 2026 1078 2054 Salva-

292 2073 335 2094 tor
349 2067 442 2094 docuit
455 2069 519 2094 talia
533 2068 605 2096 fatus
619 2079 625 2095 :
649 2066 745 2102 Magna
757 2069 846 2101 petite,
863 2074 887 2095 et
900 2078 984 2104 paruu
1003 2071 1076 2105 adji-

291 2112 394 2139 cientur
405 2111 475 2139 vobis
488 2113 519 2141 ⁸⁵.
534 2112 627 2140 Tertio
640 2117 730 2140 autem
746 2119 883 2148 precatur,
896 2120 927 2142 ut
940 2115 997 2150 ipsa
1012 2123 1076 2142 ora-

291 2159 374 2185 tionis
397 2158 480 2185 verba
504 2159 617 2186 auribus
638 2160 789 2195 percipiat,
806 2165 850 2193 et,
867 2165 897 2188 ut
911 2161 948 2187 ita
964 2162 1053 2188 dicam
1065 2182 1073 2194 ,

290 2203 325 2232 de
347 2205 406 2239 ipsa
428 2213 496 2234 voce
516 2205 639 2239 judicet,
661 2206 733 2240 quod
756 2214 811 2233 non
827 2208 854 2233 in
871 2207 949 2234 labiis
970 2207 1074 2235 dolosis

291 2250 396 2286 prolata
411 2246 465 2277 sit!
473 2250 636 2286 Plerumque
650 2252 722 2278 enim
738 2253 866 2286 praeclara
881 2253 1029 2288 loquimur,
1043 2261 1075 2281 ac

289 2295 381 2322 verbis
399 2296 500 2322 utimur
515 2303 546 2323 ex
564 2295 704 2330 Scriptura
719 2296 810 2324 divina
824 2297 990 2333 depromptis
1003 2307 1010 2331 ;
1025 2298 1072 2326 sed

289 2349 343 2368 non
360 2343 483 2377 purgatis
499 2343 589 2370 labiis.
607 2342 639 2368 Et
654 2350 718 2370 vero
732 2348 882 2370 occurrunt
897 2352 968 2378 saepe
983 2344 1074 2371 homi—
1088 2334 1111 2364 D

290 2394 358 2418 nes,
383 2387 431 2422 qui
456 2386 697 2414 indiscriminatim
723 2388 875 2419 conviciis,
903 2389 1070 2421 calumniis,

289 2432 439 2460 mendaciis
449 2451 458 2464 ,
473 2432 656 2460 fraudulentis
671 2433 761 2460 verbis
772 2452 779 2465 ,
796 2434 926 2468 perjuriis
941 2455 948 2467 ,
962 2435 1072 2462 obscm—

289 2477 332 2504 nis
352 2477 451 2510 dictis,
473 2479 588 2514 aliisque
609 2479 736 2506 absurdis
756 2481 871 2508 vocibus
894 2481 954 2511 usi,
976 2480 1070 2508 confe-

290 2522 352 2549 stim
367 2527 472 2550 mutato
485 2531 626 2555 sermone,
649 2525 775 2559 precibus
798 2525 881 2552 Deum
896 2526 1069 2561 compellant.

290 2568 325 2593 At
346 2567 422 2595 solus
442 2569 485 2595 vir
503 2574 633 2602 sanctus,
648 2576 671 2597 et
693 2571 812 2605 linguam
834 2575 861 2598 et
882 2571 951 2598 labia
968 2579 1072 2598 vocem-

288 2621 342 2648 que
356 2613 443 2648 ipsam
458 2621 489 2641 ac
502 2616 584 2642 verba
599 2617 642 2644 vel
658 2625 708 2644 usu
722 2617 829 2644 tritiora
843 2623 974 2652 expurgat
987 2626 993 2650 ;
1008 2625 1071 2652 gna-

289 2669 337 2688 rus
353 2661 426 2689 illius
440 2662 504 2689 dicti
520 2672 526 2688 :
544 2663 581 2690 De
596 2665 666 2691 omni
680 2665 756 2691 verba
770 2665 854 2692 otioso
870 2666 998 2693 rationem
1014 2665 1070 2692 red-

287 2707 354 2734 detis
373 2708 402 2734 in
421 2707 464 2735 die
477 2708 574 2742 judicii
595 2710 627 2725 "-
651 2709 722 2738 Deus
744 2711 880 2745 siquidem
900 2710 1067 2742 orationem,

289 2761 344 2780 non
358 2752 438 2782 labii's
451 2753 554 2781 dolosis
565 2775 572 2785 ,
589 2755 637 2782 sed
653 2760 768 2791 purgata
785 2756 876 2791 lingua
888 2776 895 2787 ,
913 2756 1068 2790 divinisque

289 2799 461 2828 sermonibus
483 2800 646 2828 meditandis
667 2807 774 2829 assueta
791 2803 942 2837 prolatam,
957 2802 1068 2830 auribus

289 2845 415 2880 percipit.
442 2845 625 2878 Quamobrem
653 2855 714 2874 cum
738 2848 772 2875 de
797 2848 904 2882 justitia
933 2848 1065 2883 loquitur,

1130 1701 1225 1737 ὥσπερ
1240 1702 1345 1738 βοώσης
1358 1703 1401 1730 διὰ
1416 1704 1470 1731 τῶν
1490 1705 1614 1741 πράξεων
1625 1708 1673 1742 τῆς
1687 1707 1858 1745 δικαιοσύνης
1872 1711 1918 1737 καὶ

1129 1748 1306 1784 δυσωπούσης
1322 1750 1370 1785 τὴν
1388 1749 1462 1777 Θείαν
1478 1752 1572 1787 ἀκοήν.
1586 1753 1642 1779 Οὐκ
1653 1753 1685 1779 ἃν
1697 1753 1749 1790 γάρ
1761 1763 1811 1788 τις,
1829 1756 1918 1791 ἑαυτῷ

1130 1792 1220 1827 φαῦλα
1241 1793 1376 1827 συνειδὼς,
1395 1796 1493 1831 ῥᾳδίως
1509 1797 1541 1824 ἂν
1557 1797 1683 1833 τοιαύτην
1705 1800 1795 1835 ἀφῆκε
1813 1802 1916 1837 φωνήν.

1130 1839 1165 1865 Τὸ
1180 1839 1218 1871 δὲ,
1242 1841 1378 1875 Πρόσχες
1397 1841 1434 1876 τῇ
1455 1842 1557 1875 δεήσει
1568 1853 1637 1878 μου,
1656 1845 1726 1872 εἴποι
1741 1847 1773 1872 ἂν
1788 1848 1890 1880 ἐκεῖνος
1902 1850 1917 1875 ὁ

1129 1884 1357 1921 βεϐασανισμένος
1377 1888 1422 1914 καὶ
1438 1890 1593 1924 πρεπούσας
1610 1891 1669 1926 Θεῷ
1686 1894 1713 1917 ἐν
1730 1893 1761 1928 τῇ
1779 1896 1917 1931 προσευχῇ
1934 1926 1935 1929 η

1127 1931 1296 1967 ἀναπέμπων
1316 1933 1432 1969 δεήσεις,
1453 1936 1467 1961 ὁ
1491 1936 1527 1972 μὴ
1547 1936 1593 1962 ἐπὶ
1612 1939 1721 1973 μικροῖς
1737 1938 1852 1971 καὶτοῖς
1868 1948 1916 1967 τυ-

1127 1977 1219 2012 χοῦσιν
1241 1979 1383 2014 αἰτήμασι,
1408 1981 1468 2016 μηδ’
1488 1983 1534 2009 ἐπὶ
1551 1982 1656 2018 θνητοῖς
1673 1985 1719 2010 καὶ
1735 1985 1916 2021 ἀνῡρωπίνοις

1128 2024 1292 2058 παρακαλῶν
1307 2025 1351 2051 τὸν
1366 2026 1441 2053 Θεόν.
1456 2027 1541 2053 Τοῦτο
1555 2028 1618 2062 γοῦν
1631 2030 1676 2055 καὶ
1689 2032 1702 2056 ό
1718 2031 1812 2066 Σωτὴρ
1828 2031 1914 2059 ἐδίδα-

1129 2077 1176 2096 σκε
1189 2069 1284 2103 λέγων·
1301 2070 1412 2098 Αἰτεῖτε
1424 2071 1460 2097 τὰ
1473 2072 1599 2106 μεγάλα.
1611 2072 1659 2099 καὶ
1674 2073 1709 2099 τὰ
1721 2075 1810 2108 μικρὰ
1821 2082 1913 2109 προσ-

1127 2114 1281 2148 τεθήσεται
1294 2116 1374 2150 ὐμῖν.
1387 2116 1441 2143 Καὶ
1454 2118 1544 2152 τρίτον
1555 2117 1582 2144 δὲ
1597 2119 1721 2151 ἱκετεύει,
1734 2121 1781 2147 καὶ
1794 2121 1863 2147 αὐτὰ
1878 2123 1913 2149 τὰ

1125 2161 1236 2196 ῥήματα
1255 2163 1304 2196 τῆς
1323 2165 1476 2198 προσευχῆς
1499 2163 1688 2194 ἐνωτίσασθαι,
1707 2164 1797 2199 κρῖναί
1817 2172 1858 2195 τε,
1873 2163 1912 2195 ὠς

1125 2207 1221 2238 εἰπεῖν,
1238 2208 1285 2233 καὶ
1301 2207 1385 2242 αὐτὴν
1400 2209 1448 2243 τὴν
1466 2207 1567 2244 φωνὴν,
1588 2208 1629 2234 ὅτι
1646 2208 1682 2244 μὴ
1703 2209 1732 2234 ἐν
1750 2208 1851 2244 χείλεσι
1869 2209 1913 2235 δο-

1124 2251 1191 2283 λίοις
1211 2253 1386 2288 προφέρεται.
1406 2253 1539 2284 Πολλάκις
1553 2253 1608 2289 γὰρ
1623 2255 1709 2289 σεμνὰ
1727 2253 1911 2289 φθεγγόμεθα,

1124 2297 1171 2324 καὶ
1185 2297 1274 2331 λόγοις
1288 2297 1418 2333 χρώμεθα
1434 2300 1488 2329 τοῖς
1504 2299 1556 2324 ἀπὸ
1571 2299 1624 2325 τῶν
1642 2299 1720 2326 Θείων
1736 2299 1861 2334 Γραξρῶν,
1880 2301 1912 2326 οὺ

1124 2343 1338 2379 κεκαῦαρμένοις
1345 2345 1401 2375 τοῖς
1408 2344 1532 2379 χείλεσιν.
1547 2344 1615 2380 Ἤδη
1626 2345 1654 2371 δέ
1664 2354 1745 2377 τινες,
1758 2346 1912 2381 ἀδιαφόρως

1123 2389 1266 2424 λοιδορίαις
1288 2389 1359 2416 κατά
1379 2398 1458 2416 τινων
1484 2391 1661 2426 χρησάμενοι,
1686 2391 1702 2426 ἦ
1725 2391 1870 2423 διαϐολαῖς,
1892 2392 1910 2428 ἢ

1123 2433 1318 2468 ψευδολογίαις,
1336 2433 1352 2468 ἢ
1372 2434 1500 2466 ἀπάταις,
1522 2435 1537 2470 ἦ
1554 2436 1717 2471 ἐπιορκίαις,
1741 2436 1756 2471 ἢ
1778 2437 1911 2473 αἰσχροῤ-

1123 2479 1299 2515 ρημοσύναις,
1317 2479 1333 2515 ἢ
1350 2480 1440 2512 ἄλλοις
1453 2481 1522 2506 τισὶν
1539 2481 1648 2512 ἀτόποις
1668 2483 1781 2515 φωναῖς,
1804 2482 1911 2518 ἀθρόως

1125 2526 1336 2560 μεταῦάλλοντες
1356 2526 1384 2551 ὲν
1401 2527 1434 2561 τῇ
1456 2528 1593 2562 προσευχῇ
1609 2527 1654 2553 τὸν
1669 2527 1734 2553 Θεὸν
1751 2527 1912 2554 ἐπικαλοῦν-

1123 2579 1179 2597 ται.
1196 2571 1283 2602 Μόνος
1297 2571 1325 2597 δὲ
1339 2572 1353 2597 6
1368 2571 1444 2606 ἅγιος
1461 2573 1507 2598 καὶ
1523 2572 1572 2606 τὴν
1583 2572 1705 2606 γλῶτταν
1717 2573 1799 2599 αὐτοῦ
1813 2574 1861 2600 καὶ
1875 2574 1910 2600 τὰ

1124 2617 1210 2652 χείλη,
1221 2618 1267 2643 καὶ
1277 2617 1326 2652 τὴν
1336 2618 1426 2653 φωνὴν
1439 2618 1533 2653 αὐτὴν,
1548 2619 1594 2644 καὶ
1605 2618 1639 2645 τὰ
1651 2618 1727 2645 κοινὰ
1738 2619 1847 2654 ῥήματα
1860 2628 1910 2646 κα-
1926 2638 1934 2647 .

1122 2663 1224 2699 θαίρει·
1245 2663 1321 2695 εἰδὼς
1334 2664 1487 2699 εἰρημένον·
1497 2664 1566 2697 Περί
1582 2665 1694 2697 παντὸς
1709 2665 1802 2698 ἀργοῦ
1814 2665 1911 2699 ῥῆμα..

1121 2717 1172 2742 τος
1191 2708 1300 2736 δώσετε
1321 2710 1414 2744 λόγον
1428 2709 1463 2736 ἐν
1482 2709 1575 2744 ἡμέρᾳ
1596 2710 1729 2744 κρίσεως.
1747 2710 1908 2746 Προσευχῆς

1120 2755 1175 2790 γὰρ
1195 2756 1225 2781 οὐ
1247 2755 1289 2782 διὰ
1309 2756 1420 2790 χειλέων
1442 2756 1535 2782 δολίων
1559 2756 1792 2792 προσφερομένης,
1815 2756 1860 2783 διὰ
1878 2756 1908 2783 δὲ

1121 2801 1242 2837 γλώττης
1264 2802 1482 2837 κεκαθαρμένης,
1503 2802 1550 2828 καὶ
1568 2802 1602 2828 τὰ
1623 2802 1682 2829 θεῖα
1698 2802 1774 2836 λόγια
1791 2802 1906 2838 μελετᾷν

1120 2849 1285 2884 εἰθισμένης,
1310 2848 1464 2880 ὲνωτῐζεται
1485 2850 1499 2874 ὁ
1515 2849 1590 2880 Θεός.
1614 2848 1659 2875 Διὸ
1674 2849 1719 2875 ὲπί
1737 2849 1786 2884 μὲν
1805 2848 1853 2884 τῆς
1867 2848 1906 2876 δι-

324 2921 453 2951 ",Mattli.
476 2931 551 2956 xm,
573 2923 617 2951 59.
659 2925 676 2941 "'
691 2924 770 2954 Deut.
792 2934 876 2959 xxxii,
900 2926 926 2959 8,
954 2926 978 2953 9.
1018 2927 1039 2942 ⁸⁸
1055 2926 1127 2955 Psal.
1149 2934 1208 2960 cui,
1235 2926 1260 2954 6.
1300 2925 1530 2958 “Matth.\‘i,55.
1569 2926 1696 2953 “Matth.
1720 2933 1768 2958 xu,
1786 2925 1831 2952 56.
