2055 3214
126 181 174 209 161

689 172 938 210 COMMENTARIA
959 179 991 206 lN
1011 178 1180 206 PSALMOS.

1288 123 1338 173 ίίρ

1692 181 1745 208 162

125 238 282 272 καιοσύνης,
295 237 486 269 εἰσάκουσον,
500 238 616 272 ἐλέγετο,
629 239 675 265 ἐπὶ
683 238 711 265 δὲ
719 240 768 274 τῆς
780 239 904 275 δεήσεως,

961 235 1069 268 exaudi,
1082 235 1180 269 inquit;
1194 241 1257 261 cum
1271 233 1304 260 dc
1317 232 1525 267 deprecatione,
1539 228 1643 262 intende
1655 233 1664 268 ἐ
1682 244 1746 265 cum

124 286 266 319 πρόσχες·
283 284 330 310 ἐπὶ
344 283 373 310 δὲ
387 285 435 319 τῆς
447 283 490 310 διὰ
504 284 614 319 χειλέων
635 285 842 320 προφερομένης
857 293 912 319 φω-

123 332 181 366 νῆς,
202 328 350 356 ὲνώτισαι.
371 329 438 365 Τρία
454 329 518 363 γοῦν
534 330 652 365 ᾐτήσατο
667 330 710 356 διὰ
725 331 780 357 τῶν
799 339 911 366 προκει-

124 376 223 410 μένων,
239 374 376 411 προτάξας
389 374 441 401 τῶν
458 374 504 401 δύο
517 376 547 401 τὸ
562 377 693 411 κρεῖττον.

164 421 362 455 Ἐὸοκίμασας
379 420 436 455 τὴν
458 421 584 456 καρδίαν
597 430 666 455 μου,
687 421 845 456 ἐπεσκέψω
859 431 911 449 νυ-

121 467 203 500 κτόςο
218 467 376 501 ἐπύρωσάς
392 476 439 501 με,
463 467 511 493 καὶ
531 468 586 501 οὺχ
600 467 705 500 είυοέθη
722 467 757 494 ἐν
770 467 834 502 ἐμοὶ
849 467 912 494 ἁδι-

121 514 182 540 xta.
200 513 245 544 Ὠς
261 513 309 548 τὴν
323 513 494 548 ἀνθρωπίνην
506 513 646 539 ἀσθένειαν
659 513 816 548 ὑπερϐαίνει
829 515 845 549 ἡ
856 514 910 540 τῶν

122 559 311 593 προκειμένων
324 559 425 585 διάνοια
437 560 442 585 !
455 559 502 590 Τίς
509 559 562 594 γὰρ
570 560 735 595 καυχήσεται
748 560 832 596 ἁγνὴν
840 560 910 594 ἔχειν

120 604 250 639 καρδίαν;
263 605 312 631 καὶ
327 605 368 636 τίς
384 605 599 641 παρρησιάζεται
610 606 698 639 λέγων
713 606 831 641 καθαρὸς
842 604 909 632 εἶναι

120 649 175 676 ἀπὸ
183 649 324 684 ἁμαρτιῶν
334 658 341 682 ;
351 650 431 685 Μόνῳ
438 651 581 687 τοιγαροῦν
590 651 702 687 ἁρμόζοι
717 652 790 687 αὐτῷ
801 652 910 687 Χριστῷ

119 693 211 729 λέγειν
229 696 263 721 τὰ
286 695 463 731 προκείμενα.
482 698 634 733 Μήποτεδὲ
651 699 699 733 τὴν
726 699 764 729 εἰς
786 698 831 724 τὸν
844 698 909 733 ᾅδην

119 740 243 772 κάθοδον,
256 741 302 768 καὶ
313 743 358 767 τὸν
369 743 397 768 ὲν
412 742 449 777 τῷ
459 742 564 778 θανάτῳ
576 744 673 780 χῶρον,
684 743 769 770 νύκτα
777 743 909 779 κέκληκεν

119 786 168 812 ἐπὶ
184 786 231 812 τοῦ
247 787 395 822 napo-410;;
412 789 442 814 Ei
459 788 513 824 γὰρ
526 790 572 815 καὶ
583 790 612 816 ὲν
623 790 699 816 νυκτὶ
710 790 821 824 γέγονεν
832 790 859 816 ὲν
870 789 909 824 τῷ

117 831 210 867 καιρῷ
217 832 270 858 τῶν
278 834 461 868 πειρατηρίων
467 835 513 861 καὶ
520 835 547 861 ἐν
554 835 593 870 τῷ
602 835 730 870 σκοτεινῷ
739 835 785 862 καὶ
793 836 910 870 ἀφεγγεῖ

116 877 196 912 τόπῳ
208 877 254 903 τοῦ
269 878 394 905 Θανάτου·
410 879 477 906 ἀλλὰ
491 879 676 915 δοκιμασθεὶς,
692 881 843 916 ἐπισκοπῆς
860 881 908 915 τῆς

963 282 997 310 de
1011 289 1078 310 voce
1092 281 1172 308 labiis
1186 281 1306 315 prolata,
1324 280 1435 307 auribus
1448 281 1557 315 percipe.
1575 281 1639 309 Tria
1654 282 1746 318 itaque

963 328 1045 356 dictis
1058 327 1215 362 huiusmodi
1231 327 1362 361 postulat,
1375 330 1401 354 et
1415 326 1487 361 quod
1501 330 1674 362 prmstantius
1689 335 1748 358 erat

963 373 1071 400 duobus
1086 373 1146 400 aliis
1163 372 1304 406 praemisit.

998 418 1082 446 VERs.
1101 418 1127 446 ὅ.
1148 418 1274 445 Probasli
1294 426 1339 445 cor
1360 427 1443 446 meum
1465 422 1489 445 ct
1513 419 1628 446 visitasti
1651 425 1725 447 nocte
1738 440 1746 454 ,

962 467 1020 501 igne
1041 475 1081 493 me
1104 466 1282 499 examinasti,
1303 471 1328 493 et
1349 474 1402 492 non
1421 471 1460 492 est
1481 466 1584 493 inventa
1598 467 1624 493 in
1640 475 1680 494 me
1695 468 1747 494 ini-

961 513 1059 546 quitas.
1078 512 1216 546 Quantum
1237 512 1381 538 humanam
1396 512 1580 538 inﬁrmitatem
1602 520 1747 548 exsuperat

962 558 1118 593 hujusmodi
1141 558 1286 586 verborum
1302 558 1438 585 sententia
1453 558 1459 584 ἓ
1477 557 1544 590 Quis
1559 558 1632 585 enim
1647 558 1680 585 de
1701 567 1748 586 ea-

961 606 1054 633 stitatc
1074 605 1165 632 cordis
1182 605 1368 640 gloriabitur?
1383 604 1451 637 Quis
1465 604 1636 632 conlidenter
1651 604 1725 631 dicat
1739 614 1746 631 :

960 650 1050 678 Purus
1071 657 1132 678 sum
1155 658 1169 676 a
1194 650 1334 685 peccatis?
1357 649 1419 677 llzrc
1441 657 1506 677 sane
1528 658 1599 676 unus
1621 649 1748 677 Christus
1767 684 1772 690 θ

960 705 1024 724 Vere
1039 704 1070 724 ac
1087 700 1269 732 congruenter
1283 697 1374 724 dicere
1387 698 1485 724 valeat.
1500 697 1597 723 Annon
1614 704 1694 723 suum
1710 695 1746 723 ad

961 743 1063 770 inferos
1077 742 1257 774 descensum,
1273 747 1355 778 atque
1378 743 1468 770 locum
1490 743 1567 769 illum
1588 743 1614 769 in
1637 734 1747 778 regione

960 789 1067 822 mortis,
1081 792 1190 816 noctem
1207 789 1233 815 in
1247 790 1374 824 prtesenti
1389 790 1496 816 vocavit
1508 789 1519 815 ?
1529 789 1660 822 Quamvis
1673 788 1747 816 enim

961 835 988 862 in
1003 840 1084 863 nocte
1099 835 1182 864 fuerit
1197 843 1229 863 ac
1250 835 1276 862 in
1299 839 1421 870 tempore
1444 836 1623 862 tentationum
1636 855 1642 866 ,
1665 835 1748 870 inque

961 881 1115 909 tenebrosis
1146 881 1358 916 caliginosisque
1384 881 1481 909 mortis
1503 881 1680 916 regionibus,
1706 886 1747 907 at-

116 923 194 958 παρὰ
207 923 254 950 τοῦ
270 925 378 960 Πατρὸς
400 925 512 960 ἠξίωται
532 926 576 952 διὰ
594 928 644 962 τῆς
661 927 843 958 ἀναστάσεως,
862 927 904 953 καὶ

961 931 1050 954 tamen
1067 927 1213 961 probatus,
1230 931 1342 962 paterna
1359 927 1516 955 visitatione
1528 927 1626 962 dignus
1638 927 1746 954 habitus

116 969 218 1006 ταύτης
239 971 398 1006 τετύχηκεν.
428 972 599 1009 Ὲπειδήπερ,
621 971 664 999 οἷα
680 973 780 1008 χρυσὸς
799 974 827 1000 ἑν
842 976 906 1010 πυρὶ

117 1016 236 1051 βληθεὶς,
251 1016 377 1052 λαμπρὸς
391 1018 437 1044 καὶ
451 1018 572 1054 καθαρὸς
581 1019 792 1054 διαμεμένηκεν.
819 1019 907 1046 Ἐπει-

115 1062 148 1098 δὴ
164 1063 244 1098 μόνος
266 1063 320 1089 τῶν
338 1063 367 1096 ἐξ
383 1064 481 1096 αιῶνος
504 1065 652 1099 ἁμαρτίαν
674 1066 728 1092 οὐκ
751 1065 906 1100 ἐποίησεν,

115 1107 188 1136 οὐδὲ
198 1110 304 1143 εὑρέθη
321 1109 422 1143 δόλος,
441 1110 511 1137 κατὰ
525 1111 570 1137 τδν
595 1112 717 1143 Ἡσαΐαν,
734 1112 769 1138 ἐν
782 1112 821 1145 τῷ
838 1114 907 1140 στό-

114 1163 186 1189 ματι
200 1156 305 1182 αὐτοῦ.

154 1202 249 1235 Ὅπως
265 1202 304 1228 ἂν
321 1201 365 1237 μὴ
390 1203 514 1238 λαλήσῃ
537 1203 569 1230 τὸ
586 1203 683 1238 στόμα
703 1213 763 1239 μου
785 1205 821 1231 τὰ
835 1205 907 1240 ἔργα

116 1246 176 1274 τῶν
189 1247 362 1282 ἀνθρώπων,
376 1248 425 1275 διὰ
436 1249 506 1282 τοὺς
520 1250 630 1284 λόγους
643 1249 702 1276 τῶν
714 1250 839 1285 χειλέων
848 1260 906 1278 σου

116 1293 174 1328 ἐγὼ
189 1294 325 1328 ἐφύλαξα
343 1294 434 1328 ὁδοὺς
450 1295 598 1329 σκληράς.
620 1295 648 1322 '0
662 1296 690 1322 δὲ
704 1297 850 1332 Σύμμαχος
865 1299 905 1324 εἰ-

116 1339 184 1367 πών·
211 1340 278 1375 Ἐγὼ
293 1340 492 1376 ἐφυλαξάμην
505 1341 594 1375 ὀδοὺς
608 1342 790 1376 παραϐἁτου,
809 1344 906 1379 ἑτέραν

116 1386 269 1421 παρέστησε
284 1386 413 1413 διάνοιαν·
427 1387 465 1419 ὡς
479 1387 525 1414 τοῦ
543 1388 591 1424 τὴν
606 1388 687 1424 εὐχὴν
706 1389 905 1425 διαπέμποντος

115 1432 205 1459 πάντα
219 1432 362 1468 ἄνθρωπον
386 1434 547 1469 παραϐάτην
571 1435 727 1470 φεύγοντος,
748 1436 795 1462 καὶ
816 1437 905 1469 πάσας

117 1478 164 1510 τὰς
182 1478 236 1505 τῶν
251 1479 381 1506 τοιούτων
404 1480 489 1512 ὁδοὺς,
513 1480 556 1507 διὰ
577 1481 608 1507 τὸ
631 1481 750 1516 [ﬁer-xit;
771 1480 840 1508 εἶναι
859 1481 905 1508 καὶ

115 1525 303 1561 ἀποσκλήρους
318 1526 408 1557 πάσας
422 1526 471 1558 τὰς
488 1526 557 1554 κατὰ
574 1527 672 1554 κακίαν
684 1527 806 1563 πράξεις.

148 1572 330 1606 Kardprw'at
354 1572 390 1599 τὰ
417 1573 583 1608 διαϐήματά
593 1582 652 1608 μου
666 1573 776 1606 ἐνταῖς
796 1574 904 1608 τρίόοις

114 1624 183 1650 σου,
197 1618 247 1645 ἵνα
257 1618 299 1653 μὴ
318 1618 490 1646 σαλευθώσι
506 1619 540 1646 τὰ
553 1619 719 1654 atati/marci
731 1629 801 1654 μου.
824 1620 904 1647 Ύπο-

118 1662 245 1697 τραμμὺν
264 1663 329 1698 ἡμῖν
344 1664 388 1690 καὶ
411 1664 454 1691 διὰ
476 1664 576 1691 τούτων
608 1665 744 1701 παρέσχεν
767 1666 782 1691 ὁ
797 1666 902 1701 Σωτὴρ,

114 1707 254 1735 παιδεύων
285 1710 386 1744 μήποτε
405 1710 604 1746 ὲπιτρίϐεσθαι,
619 1711 685 1746 μηδὲ
703 1711 774 1746 μέγα
788 1713 829 1746 ἐφ’
842 1713 905 1738 ἐαυ-

113 1753 175 1784 τοῖς
187 1755 303 1791 φρονεῖν.
324 1753 360 1781 Εὖ
374 1754 402 1781 δὲ
423 1757 469 1783 καὶ
485 1756 606 1792 ἀκριὸὦς
620 1756 774 1790 πεπεῖσθαι,
793 1757 831 1789 ὡς
841 1758 905 1784 πάν-

113 1807 175 1826 τοτε
188 1801 235 1835 τῆς
249 1800 324 1835 παρὰ
338 1800 382 1827 τοῦ
394 1801 462 1828 Θεοῦ
476 1802 590 1837 δεόμεθα
604 1802 737 1838 βοηθείας,
748 1803 790 1830 ἵνα
804 1803 842 1839 μὴ
858 1812 904 1830 πα-

113 1844 194 1880 λευθῇ
222 1846 299 1881 ἡμῶν
321 1846 357 1874 τὰ
375 1847 540 1883 διαδήματα,
556 1848 602 1874 καὶ
634 1849 674 1879 είς
702 1848 732 1874 τὸ
748 1849 903 1884 ἐφαρμόσαι

113 1892 173 1922 ταῖς
186 1892 281 1918 ἑαυτοῦ
295 1893 398 1928 τρίϐοις
413 1894 476 1925 τοὺς
487 1893 636 1929 ἡμετέρους
651 1894 744 1926 πόδας.

149 1939 374 1973 Θαιιμάστωσον
388 1939 424 1966 τὰ
439 1939 509 1974 ἐλέη
524 1948 582 1966 σου
600 1941 615 1966 ὀ
626 1939 725 1970 σώζων
736 1940 806 1973 τοὺς
817 1940 902 1967 ἐλπί-

113 1983 216 2017 ζοντας
240 1985 288 2012 ἐπὶ
307 1983 354 2010 σέ.
368 1985 464 2018 Σὼζων
479 1986 507 2013 δὲ
524 1986 630 2022 εἴρηται
652 1986 716 2018 τοὺς
746 1986 903 2019 ἐλπίζοντας

112 2030 153 2061 εἰς
171 2030 260 2063 αὐτὸν,
273 2031 303 2057 οὐ
323 2031 385 2063 τοὺς
409 2033 441 2058 ἐκ
455 2032 612 2067 σπέρματος
635 2031 752 2067 Ἰσραὴλ,
767 2032 826 2058 οὐδὲ
841 2033 903 2065 τοὺς

113 2076 184 2102 κατά
201 2075 244 2103 τὸν
258 2076 339 2112 νόμον
354 2077 491 2110 Μωῦσέως
518 2077 652 2113 βιοῦντας¹
669 2078 724 2104 ἀλλ’
736 2077 829 2113 ὥσπερ
841 2086 902 2105 καις

113 2121 161 2157 νην
176 2121 234 2148 ὀῶν
249 2123 410 2158 εὑράμενος,
427 2123 521 2156 σώζων
533 2124 655 2158 ἀνεφάνη
678 2124 741 2156 τοὺς
757 2125 797 2156 εις
821 2122 902 2151 αὑτὸν

111 2167 273 2202 ἠλπικύτας.
284 2169 373 2196 Μένει
388 2169 453 2205 γὰρ,
469 2171 550 2206 φησιν
568 2170 582 2195 ὀ
601 2169 769 2202 Ἀπόστολος,
788 2173 900 2203 πίστις,

112 2213 210 2247 ἐλπὶς,
227 2214 336 2250 ἀγάπη·
354 2215 389 2242 τὰ
406 2217 468 2252 τρία
484 2217 568 2244 ταῦτα
582 2218 798 2254 συμπέπλεκται,
808 2217 902 2253 ὥσπερ

113 2258 158 2294 ὑφ’
178 2259 218 2286 ἑνὶ
227 2259 319 2296 δεσμῷ
334 2263 544 2297 κατεσφιγμένα.
561 2263 606 2289 Διὸ
625 2263 674 2298 τὴν
690 2263 780 2289 πίστιν
807 2264 839 2297 τῇ
857 2262 900 2288 ὲλ-

114 2305 170 2332 πίδι
183 2306 314 2333 συνάπτει
325 2306 420 2341 λέγων·
439 2307 525 2334 Ἐστι
540 2307 574 2334 δὲ
586 2308 688 2340 πίστις
703 2306 900 2341 ἐλπιζομένων

112 2351 281 2384 ὑπόστασις
294 2352 480 2387 πραγμάτων,
500 2353 624 2387 ἐλεγχος
648 2354 683 2380 οὐ
693 2352 898 2387 ,ϐλεπομένων

111 2397 197 2424 ταῦτα
213 2398 236 2424 δ’
253 2398 283 2431 ἐξ
294 2398 404 2434 ἀγάπης
417 2400 467 2434 τῆς
484 2399 552 2434 πρὸς
578 2400 623 2425 τὸν
642 2399 706 2426 Θεὸν
728 2399 834 2433 φύεται·
854 2399 900 2426 καὶ

111 2442 144 2468 δι’
155 2443 243 2470 αὐτῶν
260 2442 341 2470 πάλιν
355 2444 371 2479 ή
385 2445 424 2476 εἰς
440 2443 505 2470 Θεὸν
520 2444 614 2478 ἀγάπη
638 2443 810 2477 κρατύνεται.

154 2529 203 2559 Ἐκ
217 2532 277 2560 τῶν
295 2533 522 2567 ἀνθεστηκότων
535 2533 572 2567 τῇ
582 2532 667 2566 δεξιᾷ
684 2540 741 2559 σου
759 2533 894 2567 ssulade

107 2587 158 2617 με,
175 2579 271 2613 Κύριε,
286 2579 326 2612 ὼς
338 2580 430 2613 κόρην·
452 2578 616 2614 ὀφθαλμοῦ.
638 2580 689 2606 Ἐν
716 2578 814 2612 σκέπῃ
840 2577 899 2604 τῶν

110 2626 265 2660 πτερύγων
293 2635 350 2652 σου
387 2625 553 2658 σκεπάσεις
579 2634 617 2660 με
647 2625 707 2652 ἀπὸ
736 2624 896 2658 προσώπου

108 2672 227 2700 ἀσεϐῶν
244 2671 304 2699 τῶν
325 2671 617 2706 ταλαιπωρησάντων
629 2680 678 2706 με.
709 2672 764 2697 Καὶ
779 2672 832 2702 πᾶς
851 2671 899 2706 μὲν

108 2717 213 2749 δίκαιος
226 2718 444 2754 προσευχόμενος
471 2718 568 2744 δεισοω
593 2717 639 2744 τοῦ
670 2717 748 2748 Θεοῦ,
768 2718 817 2752 τῆς
836 2716 898 2752 παρ’

107 2763 190 2790 αὑτοῦ
202 2763 398 2797 καταξιοῦσθαι
424 2765 556 2800 φυλακῆς·
576 2763 715 2799 ὁμολογῶν
744 2763 780 2798 μὴ
809 2763 900 2794 ἱκανὸς

107 2808 177 2838 εἶναι
193 2810 281 2845 φύλαξ
295 2810 375 2841 αὐτὸς
386 2809 482 2837 ἑαυτοῦ
493 2810 614 2843 γίνεσθαι
625 2810 670 2836 διὰ
684 2809 715 2836 τὸ
731 2808 830 2844 πλῆθος
847 2809 899 2834 τῶν

959 977 1000 1000 est
1022 981 1071 1008 per
1092 974 1323 1001 resurrectionem
1347 981 1430 1008 quam
1453 973 1582 1000 obtinuit.
1610 972 1746 1006 Quoniam

958 1026 1007 1046 ceu
1021 1027 1118 1046 aurum
1133 1021 1186 1054 igni
1199 1020 1328 1047 traditum
1340 1042 1347 1053 ,
1361 1019 1520 1054 splendidus
1533 1027 1672 1054 purusque
1685 1027 1745 1054 per-

957 1066 1068 1092 mansit.
1084 1065 1164 1094 Solus
1178 1067 1249 1093 enim
1265 1074 1296 1094 ex
1312 1067 1346 1094 iis
1360 1068 1406 1101 qui
1420 1074 1434 1093 a
1447 1067 1547 1093 saeculo
1561 1066 1669 1093 fuerunt
1685 1074 1745 1100 pec-

957 1117 1045 1138 catum
1063 1121 1114 1139 non
1139 1112 1201 1147 fecit
1212 1133 1219 1144 ,
1245 1121 1343 1148 neque,
1359 1113 1509 1140 secundum
1525 1113 1639 1145 Isaiam,
1657 1113 1746 1140 iuren-

958 1162 999 1184 tus
1012 1162 1051 1184 est
1062 1157 1139 1185 dolus
1155 1159 1181 1185 in
1199 1167 1242 1186 ore
1258 1159 1314 1193 ejus
1324 1159 1356 1186 ⁸⁸.

993 1203 1076 1232 Vens.
1097 1205 1123 1231 4.
1148 1204 1181 1231 Ut
1199 1213 1250 1232 non
1271 1205 1395 1240 loquatur
1413 1214 1441 1233 os
1458 1213 1544 1232 meum
1561 1214 1641 1240 opera
1659 1205 1745 1233 [tomi-

957 1257 1037 1282 mtm,
1055 1255 1162 1284 propter
1178 1250 1257 1276 verba
1273 1250 1406 1276 Iabiarum
1424 1255 1528 1277 tuorum
1548 1258 1594 1285 ego
1616 1251 1746 1279 custodiri

956 1297 1012 1323 uias
1039 1297 1132 1323 duras.
1160 1296 1341 1332 Symmachus
1364 1305 1427 1324 cum
1453 1297 1508 1324 ait:
1533 1296 1589 1332 Ego
1611 1297 1745 1325 observavi

957 1343 1013 1370 eius
1042 1344 1280 1377 prwvaricaloris,
1313 1343 1394 1370 aliam
1424 1343 1533 1378 praefert
1563 1344 1744 1375 sententiam,

956 1390 1035 1423 quasi
1054 1390 1159 1417 scilicet
1178 1391 1201 1417 is
1218 1390 1264 1425 qui
1289 1390 1441 1417 orationem
1466 1390 1583 1422 emittit,
1610 1390 1644 1417 ab
1670 1391 1744 1417 omni

956 1434 1067 1462 homine
1084 1436 1295 1469 prmvaricatore
1314 1434 1453 1467 declinet;
1472 1438 1554 1469 atque
1579 1442 1675 1464 omnes
1703 1439 1743 1461 ta-

957 1479 1023 1506 lium
1049 1480 1171 1507 viromm
1198 1479 1328 1511 semitas,
1356 1487 1494 1514 pravaque
1520 1487 1621 1515 opera,
1648 1483 1744 1515 utpote

956 1526 1025 1553 dil'il
1045 1530 1071 1553 ει
1091 1534 1188 1561 aspera
1209 1530 1361 1554 aversetur.

992 1571 1074 1599 Vens.
1091 1572 1117 1599 5.
1139 1571 1241 1606 Perﬁce
1260 1578 1364 1607 gressus
1381 1579 1450 1598 meos
1465 1572 1492 1598 in
1512 1572 1613 1598 semitis
1636 1572 1698 1603 tuis,
1711 1576 1741 1599 at

956 1626 1006 1645 non
1023 1625 1176 1645 nioveantur
1194 1618 1303 1653 vestigia
1320 1627 1386 1646 mea.
1406 1618 1550 1654 Exemplar
1565 1620 1645 1648 nobis
1667 1620 1744 1649 hisce

956 1663 1046 1692 verbis
1069 1663 1194 1691 admovet
1212 1663 1356 1697 Salvator;
1378 1660 1570 1700 admonetque,
1585 1673 1647 1692 cum
1665 1670 1694 1693 ut
1709 1673 1745 1694 ne

956 1712 1047 1739 animo
1065 1711 1232 1747 frangamur,
1256 1717 1313 1739 tum
1336 1721 1370 1739 ne
1385 1719 1513 1747 magnum
1529 1712 1563 1739 de
1578 1712 1657 1740 nobis
1674 1712 1743 1747 ipsis

955 1758 1108 1793 sapiamus,
1124 1758 1259 1793 planeque
1280 1762 1449 1793 compertum
1467 1766 1499 1786 ac
1513 1766 1675 1794 persuasum
1694 1758 1745 1786 ha-

956 1803 1079 1836 beamus,
1104 1811 1155 1832 nos
1170 1803 1264 1831 divino
1287 1812 1395 1839 semper
1411 1812 1491 1839 egere
1507 1804 1619 1836 auxilio,
1641 1808 1670 1831 ut
1687 1811 1743 1832 nou

955 1853 1117 1878 moveantur
1134 1850 1248 1885 vestigia
1263 1853 1370 1883 nostra,
1390 1854 1476 1884 utque
1490 1851 1574 1885 pedes
1589 1854 1699 1878 nostros
1713 1851 1742 1878 in

955 1895 1059 1922 semitis
1075 1895 1135 1929 ejus
1151 1899 1226 1922 recte
1239 1902 1445 1930 componamus.

989 1940 1072 1969 Vens.
1090 1941 1114 1968 7.
1137 1940 1254 1975 Miriﬁca
1278 1941 1473 1968 misericordias
1498 1945 1568 1973 tuas,
1591 1942 1635 1977 qui
1655 1942 1741 1969 saluo:

954 1985 1022 2020 facis
1043 1989 1177 2020 sperantes
1196 1986 1223 2012 in
1238 1989 1272 2012 te.
1288 1984 1340 2018 Qui
1357 1985 1447 2012 salvos
1461 1984 1538 2017 facit,
1558 1985 1656 2020 inquit,
1679 1994 1741 2022 spe-

954 2035 1047 2059 rantes
1061 2031 1088 2058 in
1110 2038 1151 2063 se,
1167 2039 1223 2058 non
1237 2038 1285 2058 cos
1300 2031 1347 2066 qui
1362 2038 1394 2058 ex
1415 2031 1520 2058 semine
1535 2030 1644 2059 lsraclis
1665 2037 1740 2064 sunt,

952 2086 1042 2113 neque
1057 2086 1105 2105 eos
1118 2078 1163 2113 qui
1176 2077 1326 2105 secundum
1339 2077 1441 2113 Moysis
1454 2077 1539 2112 legem
1551 2077 1633 2105 vitam
1646 2082 1741 2114 agunt.

953 2124 1012 2157 sed.
1031 2124 1110 2160 quasi
1131 2131 1202 2151 nova
1224 2127 1331 2159 reperta
1354 2123 1408 2156 via,
1435 2123 1550 2151 salutem
1567 2124 1743 2158 sperantibus

953 2171 980 2198 in
994 2179 1023 2199 se
1038 2170 1165 2198 conferre
1177 2173 1334 2205 compertus
1353 2173 1404 2197 est.
1426 2168 1536 2197 Manent
1554 2169 1638 2202 enim,
1654 2169 1745 2204 inquit

952 2217 1110 2252 Apostolus,
1123 2216 1199 2252 fides,
1216 2224 1285 2250 spes,
1303 2216 1419 2243 charitas
1435 2215 1457 2232 ’δ’
1473 2216 1544 2244 :tria
1557 2216 1670 2244 hmcceu
1683 2217 1745 2244 vin-

917 2272 939 2300 ι)
953 2264 1016 2292 culo
1034 2264 1130 2292 eodem
1149 2263 1263 2291 astricta
1284 2266 1496 2290 connectuntur.
1517 2261 1690 2297 Quapropter
1711 2263 1744 2290 li-

953 2308 1014 2336 dem
1024 2309 1082 2343 spei
1096 2308 1222 2343 copulat,
1236 2308 1301 2335 dum
1316 2308 1353 2335 ait
1369 2317 1375 2334 :
1388 2307 1436 2334 Est
1451 2313 1538 2334 autent
1552 2308 1617 2342 fides
1632 2317 1743 2343 speran-

954 2355 1050 2381 darum
1067 2354 1214 2381 substantia
1227 2363 1325 2386 rerum,
1342 2359 1523 2390 argumentum
1539 2363 1590 2380 non
1609 2362 1742 2388 apparen-

954 2401 1019 2427 tium
1036 2400 1070 2427 ⁵ο.
1087 2399 1149 2427 Haec
1170 2407 1252 2434 porro
1272 2405 1306 2427 ex
1330 2407 1385 2426 una
1408 2407 1473 2434 erga
1495 2398 1580 2426 Deum
1607 2399 1742 2428 charitate

955 2446 1099 2478 oriuntur;
1119 2446 1208 2480 iisque
1223 2445 1345 2473 vicissim
1363 2445 1484 2472 charitas
1504 2452 1569 2479 erga
1586 2443 1672 2472 Deum
1695 2453 1742 2472 ro-

953 2492 1076 2519 boratur.
1753 2491 1756 2497 '

989 2536 1072 2564 Vens.
1093 2537 1119 2568 8,
1138 2537 1164 2565 9.
1185 2538 1206 2564 A
1224 2537 1403 2564 resistentibus
1428 2536 1542 2563 dexterte
1561 2541 1614 2563 tum
1636 2537 1741 2565 custodi

953 2590 1003 2613 me,
1017 2582 1138 2614 Domine,
1157 2587 1185 2609 ut
1205 2582 1331 2617 pupillam
1348 2581 1427 2608 oculi.
1446 2580 1499 2606 Sub
1518 2581 1611 2608 umbra
1635 2582 1741 2608 alarum

952 2632 1056 2653 tuarum
1078 2632 1195 2662 protegas
1220 2635 1270 2658 me,
1293 2635 1310 2653 ιι
1328 2627 1396 2661 facie
1415 2626 1555 2660 impiorum
1574 2626 1618 2662 qui
1636 2634 1675 2653 me
1698 2627 1741 2660 af—

951 2672 1087 2706 ﬂixerunt.
1103 2672 1198 2700 Justus
1214 2672 1340 2707 quilibet,
1358 2679 1419 2698 cum
1438 2675 1575 2706 precatur,
1591 2679 1606 2697 a
1621 2670 1677 2698 Deo
1691 2672 1740 2698 ob-

951 2718 1015 2745 nixe
1031 2719 1151 2753 postulet
1169 2718 1207 2746 uti
1222 2727 1252 2746 se
1275 2718 1399 2745 custodia
1419 2725 1469 2745 sua
1486 2717 1633 2752 dignetur;
1650 2716 1738 2745 fatea-

951 2770 1050 2800 turque
1068 2773 1107 2795 se,
1125 2773 1180 2800 pra:
1195 2764 1416 2792 adversariorum
1430 2764 1615 2795 multitudine,
1635 2763 1669 2790 ad
1688 2772 1736 2790 eu—

952 2809 1068 2836 stodiam
1095 2808 1137 2835 sui
1155 2808 1266 2837 minime
1283 2807 1409 2837 idoneum
1424 2815 1505 2837 esse:
1525 2810 1601 2843 roget
1617 2807 1682 2836 item
1700 2807 1737 2835 uti

143 2900 164 2923 9'
183 2899 237 2930 lsa.
251 2907 310 2934 un,
326 2899 374 2934 l9;
396 2899 405 2925 ι
422 2899 494 2928 Petr.
516 2907 545 2933 ιι,
557 2900 601 2927 2'2.
640 2901 662 2917 δ’
679 2900 688 2926 l
705 2899 767 2928 Cor.
780 2907 839 2932 xm,
859 2900 899 2926 l5.

955 2899 960 2915 ⁵
978 2898 1059 2928 llebr.
1075 2906 1113 2932 ιι,
1134 2899 1156 2927 t.
