2055 3214
325 202 379 232 ιεε

672 197 805 227 EUSEBll
826 194 1066 225 CJESARlENSlS
1085 193 1160 222 OPP.
1183 190 1272 219 PARS
1290 190 1324 218 ΙΙΙ
1337 212 1344 218 .
1364 204 1399 210 —-
1419 189 1622 218 EXEGETICA.

1907 188 1958 216 Nil

326 259 399 288 Deus
414 267 442 287 se
459 258 596 285 custodiat
610 256 689 293 quasi
705 257 836 293 pupillari)
852 256 942 288 oculi;
960 263 1022 282 cum
1040 254 1116 281 scili-

1168 251 1372 284 ἀνθεστηκότων
1389 250 1473 286 αὐτῷ*
1494 248 1662 285 φυλαχθῆναί
1687 257 1718 274 τε
1744 247 1850 279 ἑαυτὸν,
1865 247 1960 284 ὥσπερ

326 310 369 334 cet
387 305 479 333 videat
501 305 629 332 inimicos
645 303 763 331 dextera:
778 302 825 330 Dei
841 302 1017 333 obsistentes,
1033 301 1113 328 item-

325 358 378 387 que
393 352 565 380 adversarios
581 351 679 378 animae
698 353 755 378 ‘sute
772 349 852 376 oculo
874 348 990 376 insidias
1008 352 1112 375 struen-

323 402 378 431 tes,
400 398 507 432 sibique
533 397 683 424 caecitatem
710 395 813 423 inferre
836 395 989 429 cupientes.
1011 392 1111 420 Verum

325 444 389 479 quia
415 443 563 478 impiorum
588 441 658 469 bene
685 441 762 468 multi
788 440 970 467 calamitatem
994 439 1045 473 ipsi
1068 438 1111 465 in-

325 491 397 518 ferre
413 497 444 517 ac
464 490 490 516 in
508 495 643 515 aerumnas
654 489 743 522 ipsum
755 487 892 521 conjicere
908 485 1028 516 student,
1049 485 1114 512 tela-

326 543 379 573 que
403 537 430 564 in
451 537 541 572 ipsum
565 536 711 568 emittunt;
739 535 790 563 sub
817 535 874 561 alas
897 533 943 561 Dci
961 532 1111 567 confugiat,

324 584 499 619 postuletquc
513 582 574 617 ejus
596 591 625 610 se
639 582 810 617 prOtectione
828 580 939 608 muniri.
957 579 1010 606 Sed
1029 579 1112 606 etiam

326 630 384 664 ipse
399 628 524 656 Salvator
540 636 590 663 pro
611 627 734 654 Ecclesia
756 634 815 659 sua,
833 633 893 660 qua:
917 632 998 652 suum
1012 631 1113 659 corpus

325 679 377 707 est,
394 674 501 702 easdem
519 674 552 701 ad
567 674 677 701 Patrem
701 680 781 701 suum
797 672 940 699 emittebat
954 677 1046 698 voces.
1062 670 1113 697 Per

326 721 384 749 alas
399 726 492 754 autem
504 721 617 748 virtutes
629 719 807 755 providentiae
822 718 895 745 illius
912 717 1060 752 intelligas.

362 857 445 886 Vens.
482 857 578 885 10-12.
612 854 718 883 Inimici
746 856 796 883 mei
825 856 941 882 animam
962 863 1045 882 meam
1066 856 1116 882 cir-

328 905 526 936 cumdederunt,
550 904 653 937 adipem
668 911 744 930 suum
760 903 954 933 concluserunt,
975 910 1003 928 os
1026 910 1116 928 eorum

327 951 441 978 locutum
454 955 493 978 est
509 950 667 984 superbiant.
683 949 856 983 Projicientes
870 956 910 974 me
925 955 993 974 nunc
1005 948 1116 974 circuat-

326 995 453 1023 dederunt
466 1003 506 1022 me
515 1003 524 1021 .'
535 995 624 1021 oculos
638 1002 700 1021 suos
714 998 862 1020 statuerunt
877 993 1010 1020 declinare
1023 993 1050 1019 in
1063 998 1116 1019 ter-

326 1050 395 1070 ram.
413 1042 588 1071 Susceperunt
606 1048 646 1066 me
661 1040 728 1066 sicut
745 1040 784 1066 leo
801 1044 911 1074 paratus
935 1038 969 1065 ad
985 1038 1114 1072 prwdam,

326 1092 351 1114 et
367 1088 434 1114 sicut
451 1087 556 1113 catulus
570 1086 652 1112 leonis
664 1085 787 1111 habitans
802 1085 830 1111 in
846 1084 954 1112 abditis.
971 1083 1058 1118 Hujus
1072 1091 1118 1110 au-

328 1137 382 1162 tem
404 1135 475 1164 loco,
497 1132 673 1166 Projicientes
697 1139 737 1158 me
763 1130 990 1158 circumdederunt
1014 1139 1064 1162 me,
1080 1130 1118 1156 ita

329 1179 510 1216 Symmachus
523 1179 718 1213 interpretatur
731 1187 737 1204 :
751 1177 862 1204 Beatum
876 1177 1050 1212 prwdicantes
1065 1184 1116 1208 me,

329 1226 421 1252 statim
440 1222 668 1251 circumdederunt
692 1230 742 1254 me.
761 1225 788 1249 et
802 1222 909 1254 oculos,
934 1221 1033 1256 inquit,
1052 1228 1118 1248 suos

331 1274 482 1306 posuerunt
506 1272 604 1296 contra
629 1275 682 1300 me,
707 1271 738 1294 ut
763 1268 904 1295 declinare
928 1275 971 1294 me
987 1267 1116 1294 iacerent.

330 1317 399 1345 Nam
415 1317 442 1344 id
454 1316 623 1352 satagebant,
639 1320 668 1342 ut
683 1323 726 1342 me
743 1322 758 1341 a
770 1318 843 1342 statu
857 1314 903 1341 illo
927 1318 954 1341 et
967 1321 981 1340 a
995 1314 1118 1348 profectu

335 1363 486 1392 secundum
501 1361 586 1389 Deum
606 1361 753 1388 avellcrcnt
767 1365 793 1387 et
809 1363 975 1392 amoverent,
991 1359 1119 1387 adversa-

331 1411 404 1438 rium
424 1414 548 1437 nostrum
566 1407 704 1435 diabolum
725 1406 856 1439 mmulali,
873 1406 918 1441 qui
933 1411 1059 1441 tanquam
1079 1406 1118 1433 lea

331 1453 436 1486 rugiens
449 1453 541 1478 circuit
553 1460 670 1487 querens
685 1461 760 1488 quem
774 1453 875 1479 devoret
889 1453 922 1479 “.
934 1454 965 1480 Et
981 1462 1020 1480 me
1032 1454 1117 1488 ipsum

332 1503 502 1532 susceperunt
523 1498 592 1525 sicut
615 1499 655 1526 leo
671 1504 781 1534 paratus
808 1503 842 1526 ad
865 1500 992 1533 praedam,
1008 1504 1032 1526 et
1049 1501 1117 1527 sicut

331 1543 435 1571 catulus
452 1543 533 1571 leonis
552 1544 674 1572 habitans
697 1545 724 1571 in
739 1545 847 1572 abditis.
860 1544 953 1580 Neque
971 1546 1042 1573 enim
1059 1546 1117 1574 llaec

330 1589 550 1617 machinamenta
562 1590 650 1625 palam
664 1591 807 1618 adversum
821 1596 864 1619 me
878 1591 1032 1619 conﬂabant
1048 1602 1054 1619 :
1069 1592 1115 1619 sed

330 1637 451 1664 occultas
467 1637 580 1665 insidias
594 1639 735 1672 parabant.

367 1689 450 1717 Vsus.
473 1689 516 1720 15,
546 1690 588 1717 14.
611 1690 739 1725 Exsurge,
753 1690 876 1723 Domine,
895 1693 1009 1726 prwveni
1027 1701 1070 1719 eos
1095 1697 1119 1719 et

332 1735 474 1770 supplanta
491 1744 555 1762 eos:
579 1736 649 1769 eripe
665 1736 783 1762 animam
799 1745 884 1763 meam
900 1737 933 1763 ab
950 1738 1042 1772 impia.
1061 1738 1120 1772 {ra«

331 1786 417 1807 meum
429 1785 503 1806 tuam
523 1779 555 1806 ab
570 1779 684 1806 inimicis
699 1788 793 1807 manus
812 1784 874 1808 tum.
889 1780 1010 1814 Domine,
1024 1791 1039 1808 α
1053 1789 1121 1815 pau-

333 1827 370 1852 cis
383 1826 414 1852 de
431 1830 500 1852 terra
514 1824 599 1851 divide
611 1833 654 1851 eos
669 1825 696 1850 in
713 1825 766 1852 vita
786 1833 894 1858 eorum;
911 1825 942 1851 de
959 1825 1120 1854 absconditis

333 1871 386 1898 tuis
399 1871 556 1905 adimpletus
569 1875 607 1898 est
620 1875 707 1897 venter
722 1878 822 1897 eorum.
836 1870 958 1898 Saturati
971 1877 1032 1898 sunt
1045 1872 1120 1906 ﬁliis,

331 1923 357 1945 ιι
375 1917 533 1944 dimiserunt
560 1917 695 1952 reliquias
713 1925 775 1943 suas
801 1917 918 1951 parvulis
944 1918 1009 1945 suis.
1041 1918 1068 1945 In
1090 1926 1121 1945 ea

333 1970 444 1999 quoque
469 1971 498 1990 re
514 1963 617 1998 aliquid
634 1963 741 1998 capiam
765 1963 902 1992 utilitatis.
920 1964 972 1990 Sed
989 1963 1121 1992 frameam

333 2015 422 2041 tuam,
441 2010 540 2043 inquit.
569 2008 670 2043 eripias
692 2008 725 2035 de
742 2016 823 2035 manu
848 2009 1042 2042 inimicorum;
1058 2017 1122 2036 nam

333 2055 510 2083 metuendum
534 2055 602 2081 alias
619 2058 701 2087 esset,
728 2062 763 2081 ne
780 2054 910 2082 frameam
938 2055 1011 2082 illam
1036 2060 1121 2088 luant,

334 2102 378 2128 cui
395 2109 446 2136 ego
462 2100 582 2127 conlisus
602 2100 774 2127 adversarios
790 2108 928 2136 oppugno,
944 2109 959 2128 e
971 2109 1052 2128 manu
1068 2103 1122 2128 eri-

334 2146 410 2181 piant
427 2152 497 2176 mea,
522 2152 620 2179 meque
643 2145 683 2171 sic
698 2150 869 2171 exarmatum
886 2145 980 2172 eadem
995 2146 1055 2180 ipsa
1072 2146 1123 2173 fra-

335 2199 395 2219 mea
413 2191 583 2219 adoriantur.
607 2190 700 2218 Fuerit
717 2195 806 2218 autem
833 2192 879 2218 illa
901 2201 986 2219 sermo
1000 2193 1049 2220 Dei
1069 2194 1122 2228 eﬁi—

333 2245 384 2264 caa:
399 2241 424 2264 et
445 2236 634 2271 penetrabilior
654 2237 725 2263 omni
737 2237 827 2271 gladia
838 2239 946 2272 ancipiti
958 2239 990 2268 δ’,
1002 2239 1048 2274 qui
1061 2239 1121 2266 ani—

331 2291 393 2316 mae,
412 2282 522 2310 iramea:
532 2282 602 2314 loco,
621 2282 653 2308 ad
672 2283 870 2316 propulsandus
893 2283 1018 2311 inimicos
1036 2285 1122 2311 tradi-

1164 296 1226 323 τινὰ
1237 296 1322 332 κόρην
1336 295 1476 330 ὀφθαλμοῦ
1506 294 1709 330 παρακαλείτω·
1727 293 1798 329 ὀρῶν
1815 293 1878 324 τοὺς
1894 292 1961 319 ἀνθ-

1167 341 1320 377 εστηκότας
1335 343 1368 376 τῇ
1385 340 1460 376 δεξιᾷ
1473 341 1520 367 τοῦ
1543 339 1611 366 Θεοῦ
1627 339 1740 375 ἐχθρούς
1749 347 1835 370 τινας,
1849 339 1897 365 καὶ
1912 347 1962 364 πο-

1165 388 1274 424 λεμίους
1289 387 1329 423 τῷ
1342 388 1392 422 τῆς
1405 387 1494 422 ψυχῆς
1506 386 1588 413 αὑτοῦ
1613 384 1742 421 ὀφθαλμῷ
1770 384 1960 411 ἐπιϐουλεύω-

1166 441 1224 465 τας,
1242 432 1288 459 καὶ
1302 432 1441 467 τυφλῶσαι
1467 432 1548 458 αὐτὸν
1575 431 1710 468 θέλοντας.
1732 430 1811 457 Ἀλλὰ
1828 430 1876 457 καὶ
1893 429 1960 456 πολ-

1166 478 1219 504 λῶν
1230 478 1314 505 ὄντων
1325 477 1431 505 ἀσεϐῶν
1452 478 1506 505 τῶν
1534 476 1789 512 ταλαιπωριζόντων
1806 477 1887 503 αὑτὸν
1909 476 1959 512 (Ι),

1165 525 1289 551 τουτέστι
1303 524 1474 560 ταλαίπωρον
1499 524 1580 551 αὑτὸν
1608 523 1822 558 ἀποφαινόντων,
1850 523 1960 558 βέλητε

1167 572 1226 599 κατ’
1243 571 1324 598 αὑτοῦ
1340 571 1513 606 πεμπόντων,
1527 571 1577 597 ὑπὸ
1597 570 1646 602 τὰς
1670 570 1807 606 πτέρυγας
1824 569 1961 604 καταφεύ-

1167 626 1222 653 γων
1241 617 1287 644 τοῦ
1304 618 1382 650 Θεοῦ,
1401 618 1504 653 σκέπης
1516 617 1565 653 τῆς
1580 618 1625 643 ὑπ’
1640 616 1714 651 αὐτῷ
1726 618 1817 651 τυχεῖν
1833 616 1958 649 ἀξιούτω.

1174 664 1253 690 Ἀλλά
1269 665 1316 691 καὶ
1331 665 1345 691 ὸ
1365 664 1462 699 Σωτὴρ
1490 663 1560 699 ὑπὲρ
1590 664 1640 698 τῆς
1667 662 1749 690 αὑτοῦ
1785 662 1958 698 Ἐκκλησίας,

1167 710 1227 744 ἥτις
1244 710 1317 735 ἐστὶν
1333 709 1416 736 αὑτοῦ
1432 709 1521 744 σῶμα,
1535 709 1636 741 ταύτας
1653 708 1796 744 ἀνέπεμπε
1813 708 1883 744 πρὸς
1914 708 1958 734 τὸν

1168 756 1278 791 Πατέρα
1291 755 1340 787 τὰς
1351 755 1453 790 φωνάς.
1480 755 1622 790 Πτέρυγας
1645 755 1674 781 δὲ
1705 755 1812 789 νοήσεις
1831 754 1882 786 τὰς
1910 754 1959 789 τῆς

1169 802 1296 839 προνοίας
1313 800 1394 828 αὑτοῦ
1417 801 1555 836 δυνάμεις.

1206 861 1238 886 Ol
1251 859 1352 893 ἐχθροί
1362 866 1423 893 μου
1440 858 1498 892 τὴν
1525 857 1634 893 ψυχήν
1655 867 1715 893 μου
1739 858 1913 894 περιέσχον,
1925 859 1959 886 τὸ

1169 905 1261 939 στέαρ
1285 905 1384 932 αὐτῶν
1416 905 1633 938 συνέκλεισαν,
1665 905 1698 931 τὸ
1729 905 1826 939 στόμα
1860 905 1960 933 αὐτῶν

1132 970 1153 997 Β
1165 952 1319 985 ἐλάλησεν
1333 951 1551 985 ὑπερηφανίαν.
1586 950 1803 983 Ἑκϐάλλοντές
1832 959 1872 986 με
1890 952 1960 979 νυνί

1168 999 1414 1034 περιεκύκλωσάν
1425 1007 1473 1034 με’
1482 998 1553 1031 τοὺς
1564 999 1736 1034 ὀφθαλμοὺς
1746 999 1845 1026 αὐτῶν
1857 1000 1960 1027 ἔθεντο

1167 1046 1302 1073 ἐκκλῖναι
1318 1045 1352 1071 ἐν
1366 1044 1404 1079 τῇ
1419 1045 1467 1079 γῇ.
1488 1044 1656 1072 ’Υπέλαόόν
1667 1054 1705 1079 με
1721 1045 1792 1072 ὡσεὶ
1802 1045 1880 1072 λέων
1890 1046 1960 1073 ἕτοι-

1165 1101 1222 1126 μος
1236 1093 1279 1124 είς
1296 1091 1402 1125 θήραν,
1421 1091 1469 1117 καὶ
1482 1091 1554 1117 ὡσεὶ
1580 1092 1717 1126 σκύμνος
1731 1091 1821 1118 οἰκῶν
1833 1091 1869 1118 ἐν
1887 1092 1960 1119 ἀπο-

1168 1139 1301 1172 κρύφοις.
1320 1138 1393 1163 Ἀντὶ
1403 1136 1431 1163 δὲ
1459 1136 1516 1170 τοῦ,
1540 1136 1755 1170 Ἐκϐάλλοντές
1768 1146 1808 1171 με
1821 1139 1959 1171 περιεκύ-

1168 1182 1292 1210 κλωσάν
1302 1191 1351 1218 με,
1368 1183 1382 1209 ὁ
1398 1183 1544 1219 Σύμμαχος
1562 1183 1649 1215 οὕτως
1670 1184 1838 1219 ἡρμήνευσε·
1859 1186 1961 1212 Μακα-

1166 1228 1298 1263 ρίζοντές
1324 1237 1363 1263 με
1391 1228 1572 1264 παραχρῆμα
1601 1228 1818 1263 περὶεκύκλουν
1842 1238 1891 1265 με,
1913 1230 1961 1257 καὶ

1168 1276 1231 1307 τοὺς
1243 1275 1398 1310 ὀφθαλμοὺς
1412 1275 1439 1301 δὲ
1457 1275 1558 1308 αὐτῶν,
1588 1275 1682 1310 φησὶν,
1711 1275 1802 1302 ἔθεντο
1814 1277 1874 1303 κατ’
1892 1276 1959 1312 ἐμοῦ

1169 1321 1215 1348 τοῦ
1231 1321 1396 1357 παρακλῐναί
1409 1330 1452 1357 με.
1466 1322 1674 1358 Παρασαλεῦσαι
1689 1321 1743 1358 γάρ
1759 1330 1792 1357 με
1807 1323 1854 1349 καὶ
1865 1323 1961 1349 ἀποκι-

1169 1367 1311 1402 νῆσαιτῆς
1343 1368 1463 1399 στάσεως
1491 1367 1538 1394 καὶ
1562 1369 1612 1403 τῆς
1636 1368 1706 1395 κατὰ
1728 1368 1794 1395 Θεὸν
1820 1370 1962 1404 προκοπῆς

1170 1413 1343 1446 ἐσπούδαζοψ
1362 1410 1523 1449 μιμούμενοι
1548 1414 1594 1440 τὸν
1610 1414 1744 1442 ἀντίδικον
1768 1415 1844 1451 ἡμῶν
1872 1415 1963 1443 διάϐο-

1169 1458 1224 1491 λον,
1244 1458 1278 1491 ὃς
1297 1459 1336 1492 ὡς
1350 1460 1429 1486 ,λέων
1441 1459 1614 1493 (ἱξρυόμενος
1625 1461 1779 1494 περιπατεῖ
1788 1460 1881 1495 ζητῶν
1895 1462 1962 1488 τίνα

1170 1504 1312 1538 καταπίῃ.
1334 1503 1495 1531 named,»
1507 1512 1545 1538 με
1562 1505 1609 1532 καὶ
1633 1505 1714 1533 αὑτὸν
1743 1507 1783 1539 ὡς
1796 1506 1875 1533 λέων
1887 1507 1963 1534 Erat.

1168 1558 1224 1584 μσς
1235 1551 1279 1582 εὶς
1299 1549 1404 1584 θήραν,
1417 1550 1465 1576 καὶ
1481 1550 1521 1583 ὡς
1535 1551 1669 1585 σκύμνος
1690 1550 1779 1578 οικῶν
1788 1552 1822 1578 ἐν
1836 1552 1962 1586 dirupi)»

1172 1602 1249 1630 φοις.
1263 1595 1330 1622 Οὐδὲ
1341 1596 1395 1631 γὰρ
1414 1597 1447 1623 ὲκ
1458 1596 1504 1622 τοῦ
1521 1597 1673 1632 προφανοῦς
1686 1597 1824 1624 ἐποιοῦντο
1840 1598 1890 1634 τὴν
1902 1599 1961 1625 κατ’

1131 1642 1152 1671 C
1169 1640 1236 1676 ἐμοῦ
1255 1641 1400 1677 συσκευὴν,
1412 1641 1480 1669 ἀλλὰ
1493 1642 1629 1678 λαθραίως
1639 1643 1834 1679 ἐνεδρεύοντες.

1213 1697 1383 1731 Ἀνάστηθι,
1394 1698 1494 1732 Κύριε,
1508 1700 1685 1734 πρόφθασον
1698 1700 1808 1734 αὐτοὺς
1824 1701 1872 1727 καί
1888 1703 1963 1729 ὑπο-

1172 1743 1319 1770 σκέλισον
1330 1745 1449 1778 αὐτούς’
1458 1745 1551 1778 ¹ῥῦσαι
1564 1745 1621 1780 τὴν
1634 1746 1736 1782 ψυχήν
1752 1754 1809 1781 μου
1821 1748 1881 1774 ἀπὸ
1894 1749 1962 1776 ἀσε-

1172 1787 1253 1819 6οῦς,
1266 1789 1419 1822 ῥομφαίαν
1440 1797 1498 1817 σου
1512 1791 1572 1817 ἀπὸ
1588 1791 1702 1826 ἐχθρῶν
1713 1791 1767 1826 τῆς
1785 1794 1884 1827 χειρός
1894 1802 1960 1821 σου.

1172 1833 1272 1866 Κύριε,
1292 1834 1352 1860 ἀπὸ
1372 1835 1482 1869 ὀλίγων
1501 1836 1560 1863 ἀπὸ
1583 1837 1639 1872 γῆς
1658 1837 1831 1872 διαμέρισον
1852 1840 1963 1872 αὐτοὺς

1171 1878 1207 1904 ἐν
1229 1879 1267 1913 τῇ
1296 1880 1354 1914 ζωῇ
1377 1881 1486 1914 αὐτῶν,
1515 1884 1563 1910 καὶ
1587 1883 1647 1910 τῶν
1673 1885 1885 1920 κεκρυμμένων
1907 1895 1963 1913 σου

1172 1924 1310 1959 ἐπλήσθη
1324 1928 1343 1960 ἡ
1357 1927 1471 1962 γαστὴρ
1488 1929 1597 1956 αὐτῶν.
1622 1927 1867 1965 Ἐχορτάσθησαν
1879 1932 1962 1964 υἱῶν.

1172 1971 1221 1997 καὶ
1243 1972 1365 2006 ἀφῆκαν
1380 1973 1416 2000 τὰ
1432 1975 1599 2002 macilenta
1623 1976 1686 2009 τοῖς
1712 1977 1833 2011 νηπίοις
1853 1978 1962 2005 αὐτῶν.

1173 2017 1227 2042 Καὶ
1243 2018 1313 2044 κατὰ
1330 2018 1409 2045 τοῦτο
1421 2019 1600 2057 ὠφεληθείην·
1617 2022 1684 2049 ἀλλὰ
1703 2023 1750 2049 καὶ
1765 2023 1813 2058 τήν
1826 2024 1961 2059 ρομφαὶαι

1174 2061 1320 2099 σου,’φησὶ,
1338 2064 1417 2099 ῥῦσαι
1432 2066 1485 2092 ἀπὸ
1499 2067 1549 2102 τῆς
1577 2069 1668 2103 χειρὸς
1696 2068 1749 2095 τῶν
1777 2069 1892 2105 ἐχθρῶψ
1906 2071 1963 2103 δέος

1173 2107 1228 2144 γὰρ
1243 2109 1346 2144 μήποτε
1374 2111 1422 2146 τὴν
1439 2112 1488 2147 σὴν
1505 2114 1650 2148 ῥομφαίαν,
1703 2115 1841 2147 πεποιθὼς
1853 2115 1909 2150 ἐγὼ
1920 2116 1965 2143 κὲ-

1173 2163 1278 2190 χρημαι
1297 2157 1356 2182 κατ’
1371 2158 1470 2189 αὐτῶν,
1484 2159 1535 2194 τῆς
1549 2161 1618 2195 ἐμῆς
1635 2161 1726 2196 χειρὸς
1753 2162 1926 2197 ἁρπάσαντες
1941 2163 1964 2189 οε

1173 2201 1306 2236 πολέμιοι,
1328 2202 1375 2229 καὶ
1404 2204 1566 2239 ἀφελόμενοί
1599 2215 1649 2241 μου
1679 2207 1778 2243 αὐτὴν,
1808 2208 1964 2243 χρήσωνται

1173 2247 1240 2282 αὐτῇ
1259 2249 1319 2274 κατ’
1336 2249 1413 2284 ἐμοῦ.
1430 2251 1480 2285 Εἵη
1495 2251 1517 2277 δ’
1533 2251 1566 2278 ἂν
1578 2253 1592 2278 ὁ
1609 2252 1655 2278 τοῦ
1671 2253 1739 2279 Θεοῦ
1755 2253 1833 2288 λόγος
1860 2254 1874 2279 ὁ
1889 2255 1965 2290 ἐνερ-

1172 2293 1224 2328 γὴς
1241 2292 1288 2320 καὶ
1303 2294 1455 2331 τομώτερος
1471 2297 1539 2333 ὑπὲρ
1553 2299 1642 2324 πᾶσαν
1669 2299 1804 2335 μάχαιραν
1826 2299 1974 2334 δίπομον,’

332 2333 377 2356 tus
399 2332 451 2356 est.
472 2327 551 2360 Quod
573 2335 643 2362 saepe
659 2328 801 2362 contingit,
820 2328 929 2363 quando
952 2329 1054 2357 inimici
1070 2330 1117 2357 Dei

1170 2338 1184 2363 ὁ
1246 2339 1317 2374 ψυχῇ
1332 2327 1472 2375 δεδομένος
1485 2327 1544 2369 ἀντὶ
1555 2327 1693 2379 ῥομφαίας
1704 2327 1772 2380 ίτρὺς
1788 2345 1894 2379 ἄμυναν)
1904 2327 1964 2371 ’τῶν

330 2378 485 2406 divinarum
512 2377 717 2412 Scripturarum
745 2377 828 2407 dicta.
857 2378 963 2405 detorta
986 2383 1067 2414 atque
1090 2380 1116 2407 in

333 2430 444 2457 pravam
458 2423 622 2450 sententiain
635 2429 778 2453 conversa.
793 2423 1007 2458 simplicioribus
1019 2426 1118 2453 animis

333 2468 482 2501 objiciunt,
511 2476 613 2504 eosque
637 2469 674 2495 ita
699 2469 846 2497 debellant.
877 2469 941 2498 Ηίηο
966 2479 1049 2499 causa
1077 2477 1119 2500 est

334 2512 407 2546 quod
427 2513 485 2548 ipse
503 2518 639 2549 precetur,
666 2518 696 2540 ut
723 2514 825 2542 framea
852 2515 898 2543 Dei
925 2517 1059 2552 eripiatur
1084 2519 1119 2546 ab

333 2558 451 2585 mimicis
466 2558 524 2590 Dei,
535 2564 561 2586 et
577 2568 592 2585 a
605 2560 695 2593 paucis
707 2559 739 2586 de
754 2564 834 2592 terra,
852 2561 932 2595 cujus
950 2563 1009 2590 loco
1021 2563 1118 2598 Aquila

334 2603 428 2635 edidit,
443 2611 459 2629 a
473 2605 583 2631 mortuis
598 2613 630 2631 ea:
645 2605 825 2637 immersione,
847 2606 1029 2642 Symmachus
1040 2617 1116 2643 vero,

335 2656 350 2675 ι
373 2649 484 2674 mortuis
508 2648 539 2674 ab
562 2649 594 2676 iis
621 2650 666 2684 qui
682 2650 842 2678 occiderunt.
867 2651 936 2679 Nam
952 2653 1062 2682 liberari
1088 2663 1118 2684 se

368 2749 499 2778 “lPetr.
519 2758 546 2783 ν,
569 2749 595 2778 8.
634 2751 656 2766 "
675 2752 758 2779 Hebr.
787 2761 824 2784 ιν,
855 2751 898 2780 12.

1172 2383 1286 2418 ὲχθρῶψ
1305 2386 1373 2420 ὅπερ
1387 2388 1527 2421 συμϐαίνει
1557 2389 1696 2421 πολλάκις,
1715 2390 1823 2420 ἐπειδὰν
1833 2392 1858 2416 οἱ
1871 2391 1964 2427 ἐχθροὶ

1172 2427 1219 2453 τοῦ
1232 2427 1310 2461 Θεοῦ,
1328 2431 1377 2462 τὰς
1391 2432 1445 2459 ἀπὸ
1462 2433 1515 2459 τῶν
1526 2433 1606 2461 θείων
1625 2435 1742 2471 Γραφῶν
1767 2435 1854 2468 λέξεις
1871 2436 1965 2464 καὶτὰ

1173 2475 1374 2510 ἀναγνώσματα
1388 2478 1569 2511 ἀποϐαλόντες
1583 2481 1630 2507 καὶ
1645 2481 1855 2517 ἀνατρέψαντες.
1872 2481 1904 2514 ἐξ
1918 2484 1963 2509 σὺ·

1172 2520 1226 2547 τῶν
1240 2524 1287 2547 και.
1301 2521 1334 2548 δι’
1349 2523 1439 2550 αὐτῶν
1455 2525 1504 2556 τὰς
1530 2526 1676 2562 ἀκεραίους
1692 2527 1900 2554 καταπαλαίωσι
1914 2528 1965 2563 ψυ-

1171 2565 1231 2600 χάς.
1250 2565 1295 2592 Διὸ
1307 2565 1415 2602 εῦχεται
1430 2569 1483 2596 ἀπὸ
1494 2571 1549 2596 τῶν
1564 2571 1669 2608 ἐχθρῶν
1683 2572 1730 2599 τοῦ
1748 2572 1814 2598 Θεοῦ
1830 2572 1965 2608 ῥυσοῆναι

1171 2611 1220 2646 τὴν
1236 2613 1371 2648 ῥομφαίαν
1388 2616 1481 2648 αὑτοῦ,
1509 2617 1556 2644 καὶ
1580 2618 1638 2645 ἀπὸ
1668 2619 1779 2654 ὀλίγων
1809 2619 1869 2645 ἀπὸ
1896 2618 1962 2654 τῆς·

1172 2654 1297 2685 ἁνθόὒὸ
1315 2660 1364 2694 μὲν
1388 2661 1502 2694 Ἀκύλας
1526 2663 1665 2696 ἐξέδωκεν·
1692 2665 1750 2692 ἀπὸ
1776 2665 1965 2699 τεθνηκότων

367 2855 410 2902 (_
421 2854 487 2902 ἔξῗο
498 2854 891 2902 ξλέξῖξιξξῗξξξίίξιξξξῐίξψξευηῑ;
907 2857 933 2885 in
946 2861 1020 2886 textu
1036 2859 1141 2896 Gratco,
1151 2870 1257 2892 necnon
1271 2864 1298 2892 in
1312 2866 1440 2895 omnibus
1455 2875 1520 2895 mss.
1530 2866 1693 2900 Bibliorum,
1710 2866 1809 2902 legitur
1823 2865 1964 2895 ταλαιπωο

333 2890 483 2926 ρησάντων,
498 2898 551 2918 non
561 2890 823 2925 ταλαιπωριζόντων.
