2055 3214
166 167 219 195 169

733 175 988 205 COMMENTARIA
1008 177 1040 205 IN
1062 177 1232 207 PSALMOS.

1282 162 1291 196 ί
1299 165 1319 196 7
1735 182 1786 209 no

166 235 259 262 φησιν·
283 229 333 255 Ἔν
351 230 390 262 τῷ
405 232 556 259 θλίϐεσθαι
582 233 813 270 ἐπεχαλεσὰμην
827 236 880 262 τὸν
894 236 932 262 ιεί

984 238 1073 265 λιίοιισ
1099 245 1156 264 mea
1178 238 1294 264 invocavi
1319 236 1472 269 Dominum,
1497 242 1522 265 et
1544 237 1578 265 ad
1599 238 1682 265 Deum
1701 247 1785 266 meum

164 280 240 305 ριον,
255 275 303 300 καὶ
332 275 404 309 πρὸς
440 277 493 304 τὸν
518 280 593 306 Gedr-
618 288 679 313 μου
701 281 858 315 ἐκέκραξα.
884 279 950 309 Εἶτα

163 316 292 350 διδάσκει,
316 319 355 351 ὡς
382 322 432 348 οὐκ
453 323 586 359 ἠστόχησε
622 324 670 351 τοῦ
706 326 806 353 σκοποῦ
839 327 951 354 τοιαῦτα

162 364 321 396 πιστεύσας·
337 366 356 399 ἡ
369 368 423 403 γὰρ
438 368 526 402 ἐλπὶς
538 371 574 397 οὺ
586 373 788 407 καταισχύνει.
798 373 843 399 Διὸ
856 373 951 409 ἐπιφὲ-

162 417 216 443 ρει·
235 410 383 438 Ἤκουσεν
394 413 428 439 ἐκ
442 415 517 442 ναοῦ
533 417 618 451 ἁγίου
632 418 724 445 αὑτοῦ
753 418 856 453 φωνῆς
878 429 949 454 μου,

160 455 212 481 καὶ
228 455 248 490 ἠ
266 457 381 492 κραυγή
397 468 456 493 μου
487 461 616 489 ἐνώπιον
637 463 731 491 αὐτοῦ
746 466 950 494 εἰσελεύσεται

159 503 204 534 εις
219 503 255 529 τὰ
280 501 341 531 ὦτα
364 507 466 534 αὑτοῦ.
481 509 553 535 Ναὸν
574 510 601 536 δὲ
622 511 689 538 Θεοῦ
706 512 734 538 ὲν
752 512 856 545 τούτοις
875 516 950 541 ’ποῖον

159 548 214 584 χρὴ
236 552 305 577 νοεῖν
321 551 448 586 λέγεσθαι
462 555 514 581 ὑπὸ
525 556 571 582 τοῦ
583 557 673 590 Δαυῖδ,
699 559 781 593 μήπω
794 559 840 585 τοῦ
854 561 883 587 ἐν
903 561 951 587 Ἱεο

159 594 320 630 ροσολύμοις
337 597 410 624 οἴκου
436 600 701 636 κατεσκευασμένου,
726 602 742 638 ἢ
766 603 874 635 πάντως
896 613 947 630 που

157 639 209 675 τὴν
231 641 390 677 ἐπουράνιον
404 644 479 671 πόλιν
501 645 548 672 τοῦ
563 646 640 678 Θεοῦ,
671 648 718 674 καὶ
733 649 783 684 τὴν
807 649 863 676 ἄνω
899 651 947 676 'ls-

159 687 307 723 ρουσαλὴμ,
324 687 357 725 ἦς
369 690 450 718 εἰκὼν
471 692 617 727 ἐτύγχανεν
640 695 654 720 ό
671 696 715 721 ἐπὶ
737 696 786 730 τῆς
800 697 852 731 γῆς
880 705 947 723 κατ-

155 735 355 768 ισκευασμένος
365 737 431 769 νεώς
442 745 449 770 ;

154 773 166 781 ”
192 780 247 806 Καὶ
262 780 410 816 ἐσαλεύθη
428 784 475 810 καὶ
495 785 636 820 ἔντρομος
651 787 776 822 ἐγενήθη
797 789 815 823 ἡ
835 789 882 824 γῆ,
897 791 945 816 καὶ

155 824 194 852 τὰ
209 827 326 860 θεμέλια
342 828 400 855 τῶν
415 829 507 864 ὀρέων
523 832 732 867 ἐταράχθησαν
750 835 799 861 καὶ
817 836 943 863 ἐσαλεύ-

155 873 265 905 θησαν,
290 874 333 900 ὅτι
358 875 490 910 ὠργίσθη
519 878 621 911 αὐτοῖς
644 881 660 905 ὀ
683 881 764 913 Θεός.
788 882 944 909 Λευκότατα

154 918 332 954 προφητεύων
348 920 396 955 τὴν
419 922 568 951 κατάϐασιν
584 924 629 950 τοῦ
645 926 749 961 Κυρίου
771 926 813 953 διὰ
833 927 878 954 τὸν
892 928 941 954 θά-

152 962 232 989 νατον
249 965 295 991 καὶ
316 965 379 997 τοὺς
393 966 562 1003 χειμάρρους
580 969 629 1004 τῆς
647 969 771 1004 ἀνομίας,
790 970 835 997 διά
849 979 878 997 τε
892 971 941 1004 τὰς

152 1007 250 1042 ὠδῖνας
266 1011 312 1036 τοῦ
328 1011 391 1046 ᾅδου
411 1013 456 1039 καὶ
472 1013 521 1045 τὰς
541 1015 656 1048 παγίδας
674 1015 721 1042 τοῦ
748 1016 875 1048 θανάτου,
893 1017 941 1052 τὴν

151 1052 183 1087 ἒξ
203 1055 324 1091 οὐρανῶν
341 1058 489 1085 κατάϐασιν
504 1061 698 1096 πεποιημένου.
724 1062 784 1088 Ἐπὶ
805 1064 837 1098 τῇ
855 1072 940 1090 κατα-

150 1100 230 1128 ϐάσει
250 1102 332 1129 αὐτοῦ
359 1103 418 1131 τινα
443 1105 600 1141 πέπρακται
624 1108 811 1144 προδιηγεῐται
835 1109 937 1143 λέγων·

150 1147 205 1190 ιςαι
220 1148 370 1183 ἐσαλεύθη
386 1151 434 1177 καὶ
458 1152 600 1188 ἔντρομος
620 1154 747 1189 ἐγενήθη
767 1156 786 1189 ὴ
806 1155 843 1190 γῆ
856 1164 862 1170 ·
880 1156 939 1182 ἀνθ’

149 1189 180 1219 οὗ
200 1193 316 1226 ’Δκύλας
337 1196 402 1231 φησί
412 1205 418 1211 ·
434 1198 487 1224 Καὶ
503 1199 626 1233 ἐκινήθη
650 1201 700 1228 καὶ
715 1189 838 1235 ἐσείσθη
853 1202 872 1235 ἠ
888 1202 935 1236 γῆ.

149 1239 293 1274 Μαρτυρεῖ
310 1240 338 1266 δὲ
351 1241 390 1276 τῷ
403 1242 473 1278 λόγῳ
487 1243 517 1270 τὸ
530 1244 620 1280 ἔργον.
645 1246 688 1278 Ὠς
708 1246 763 1282 γὰρ
778 1247 906 1282 ἐπεδήμει
922 1248 936 1273 ἠ

155 1283 229 1316 ’Υἱὸς
251 1284 298 1311 τοῦ
315 1285 382 1313 Θεοῦ
396 1288 429 1322 τῇ
445 1289 480 1324 γῇ
492 1289 562 1316 κατὰ
574 1291 624 1326 τὴν
639 1290 769 1327 ἕνσαρκον
785 1292 866 1319 αὑτοῦ
884 1301 936 1319 πα-

149 1331 272 1367 ρουσίαν,
295 1333 396 1366 πάντες
410 1337 434 1360 οι
452 1335 482 1361 τὸ
505 1336 555 1371 τῆς
578 1336 626 1371 γῆς
645 1340 774 1374 στοιχεῖον
798 1338 935 1371 οἱκοῠντες

147 1377 313 1414 ἐκινήθησαν
327 1380 375 1406 καὶ
393 1381 566 1416 ἐσείσθησαν*
583 1384 658 1410 πᾶσά
668 1393 698 1410 τε
710 1384 778 1419 ἀκοὴ
794 1384 933 1420 Ἐλληνική

147 1431 178 1449 τε
193 1425 241 1450 καὶ
258 1424 395 1462 βάρϐαρος
408 1427 556 1463 ἐπληροῦτο
576 1429 626 1464 τῆς
648 1430 711 1465 περὶ
726 1430 808 1457 αὐτοῦ
829 1431 932 1465 φήμης.

146 1468 188 1495 Τὰ
202 1469 229 1495 δὲ
245 1470 378 1506 λεγόμενα
392 1472 447 1499 τῶν
459 1473 543 1509 ὀρέων
558 1474 668 1509 θεμέλια
684 1475 870 1511 ἐταράχθησαν
887 1476 933 1502 καὶ

145 1515 332 1552 ὲσαλεύϐησαν
341 1526 348 1532 ·
367 1517 384 1553 ἢ
407 1519 476 1545 κατὰ
492 1519 537 1546 τὸν
558 1520 715 1556 Σύμμαχον,
738 1521 932 1555 περιετράπη-

1003 283 1124 310 clamaui.
1145 282 1249 310 Exinde
1270 283 1350 310 docet
1376 291 1405 311 se
1428 291 1442 310 a
1464 290 1548 318 scopo
1573 284 1685 312 minime
1706 285 1786 312 aber-

1002 337 1088 361 rasse,
1105 337 1166 356 cum
1182 329 1228 356 tali
1246 329 1343 356 fiducia
1359 331 1456 365 plenus
1474 335 1564 364 esset;
1577 339 1639 358 nam
1659 339 1716 366 spes
1732 340 1785 358 non

1001 375 1137 410 confundit
1149 376 1181 402 ⁵⁸.
1199 375 1316 410 Ideoque
1339 376 1480 411 sulijttngit
1494 386 1500 404 ε
1515 376 1657 404 Exaudivit
1672 378 1704 405 de
1723 383 1785 405 tem-

999 420 1042 454 plo
1054 425 1145 447 sancto
1158 429 1206 447 suo
1221 429 1308 448 vocem
1323 430 1418 453 meam,
1433 427 1457 449 et
1473 422 1575 449 clamor
1590 431 1660 450 meus
1680 424 1707 451 in
1724 431 1785 451 con—

1000 471 1089 499 spectu
1117 466 1174 500 ejus
1197 467 1318 494 introibit
1344 467 1370 494 in
1393 476 1470 494 aures
1483 468 1550 503 ejus.
1572 468 1712 504 Templum
1734 470 1783 498 Dei

1000 511 1137 546 quodnam
1164 519 1179 538 a
1199 511 1301 540 Davide
1329 513 1475 540 memorari
1501 514 1545 541 hic
1568 514 1782 549 intelligendum,

999 565 1061 584 cum
1077 557 1321 593 Hierosolymitana
1336 558 1434 587 domus
1458 560 1578 587 nondum
1606 561 1722 588 excitata
1743 569 1784 589 es-

999 608 1057 636 set;
1075 604 1126 631 nisi
1148 604 1286 633 cmlestem
1305 604 1350 632 Dei
1370 606 1519 637 civitatem,
1545 614 1690 641 supernam
1707 606 1781 634 illam

997 649 1159 682 Jerusalem,
1176 650 1255 684 cujus
1273 651 1362 685 imago
1375 651 1426 678 fuit
1439 653 1569 687 templum
1588 653 1615 679 in
1631 657 1704 681 terra
1717 661 1784 681 con-

998 698 1150 724 structum?

1033 785 1115 814 Vens.
1137 785 1164 813 8.
1178 786 1316 814 Commota
1327 791 1368 814 est
1381 792 1406 814 et
1419 789 1575 815 contremuit
1588 793 1669 822 terra,
1682 789 1781 823 funda-

997 839 1084 860 menta
1107 834 1233 860 montium
1259 833 1416 861 conturbata
1431 840 1492 861 sunt
1513 840 1537 862 et
1566 840 1696 862 commota
1707 840 1780 868 sunt,

996 880 1120 913 quoniam
1144 880 1229 907 iratus
1245 885 1285 907 est
1307 881 1345 908 eis
1367 880 1448 908 Dens.
1471 880 1534 909 Istis
1556 880 1781 909 manifestissime

995 923 1160 951 vaticinatur
1187 923 1309 951 futurum
1341 924 1448 952 Domini
1476 924 1640 952 descensum
1668 929 1781 960 propter

993 974 1119 1001 mortem,
1132 978 1238 998 necnon
1251 974 1363 1006 propter
1388 975 1525 999 torrentes
1546 972 1711 1006 iniquitatis,
1730 972 1780 999 do-

992 1015 1064 1043 lores
1092 1015 1203 1048 inferni,
1238 1021 1265 1044 et
1284 1017 1397 1052 laqueos
1414 1018 1531 1052 mortis;
1557 1026 1617 1053 qua:
1643 1019 1671 1046 in
1694 1027 1779 1047 causa

992 1060 1068 1089 fuere
1081 1069 1130 1088 cur
1144 1070 1177 1090 ex
1194 1062 1273 1089 caelis
1289 1062 1478 1091 descenderet.
1499 1063 1527 1090 In
1540 1064 1674 1092 descensu
1686 1071 1776 1092 autem

990 1108 1050 1142 ejus
1061 1116 1184 1143 quanam
1198 1114 1273 1144 gesta
1285 1110 1351 1139 sint.
1369 1110 1446 1143 prius
1457 1111 1596 1137 enarravit
1615 1111 1658 1138 his
1675 1111 1774 1139 verbis:

990 1154 1128 1182 Commota
1142 1161 1181 1183 est
1198 1161 1223 1183 et
1242 1157 1399 1183 contremuit
1414 1161 1485 1184 terra
1500 1165 1509 1184 :
1522 1165 1570 1192 pro
1591 1165 1644 1192 quo
1664 1158 1774 1193 Aquila,

989 1205 1061 1227 mota
1070 1205 1108 1228 est
1122 1206 1146 1228 et
1155 1210 1282 1229 concussa
1294 1207 1332 1229 est
1349 1207 1430 1234 terra,
1444 1203 1650 1238 interpretatur.
1663 1203 1696 1231 Et
1709 1212 1776 1232 sane

988 1247 1053 1274 dicti
1065 1248 1138 1276 illius
1153 1249 1295 1275 veritatem
1311 1256 1355 1276 res
1369 1249 1426 1283 ipsa
1436 1253 1511 1284 gesta
1520 1249 1685 1277 testificatur
1696 1258 1702 1276 ε
1713 1257 1775 1277 cum

987 1292 1061 1320 enim
1074 1291 1160 1321 Filius
1172 1292 1217 1320 Dei
1232 1293 1258 1319 in
1270 1296 1354 1325 terra,
1370 1297 1492 1328 tempore
1507 1294 1641 1321 adventus
1656 1293 1697 1321 sui
1713 1302 1776 1322 car-

987 1339 1068 1371 nalis,
1085 1338 1328 1374 peregrinabatur;
1346 1342 1481 1374 quotquot
1502 1343 1642 1367 terreuum
1655 1340 1775 1368 elemen-

986 1389 1044 1411 tum
1068 1384 1202 1416 incolunt.
1229 1385 1359 1412 commoti
1381 1392 1413 1411 ac
1438 1386 1565 1413 concussi
1582 1390 1656 1418 sunt,
1680 1393 1711 1413 ac
1726 1394 1774 1421 per

985 1429 1141 1457 Grzecorum
1156 1430 1393 1466 barbarorumque
1417 1438 1498 1458 aures
1514 1431 1614 1466 ubique
1627 1431 1697 1458 fama
1711 1432 1771 1466 ejus

984 1476 1137 1510 percrebuit
1151 1484 1158 1501 :
1179 1484 1211 1503 ca
1223 1483 1288 1503 vero
1304 1483 1364 1510 qua:
1380 1475 1556 1503 fundamenta
1574 1477 1704 1504 montium
1722 1486 1771 1505 vo-

984 1526 1091 1553 cantur,
1104 1522 1266 1548 conturbata
1285 1528 1349 1550 sunt
1363 1527 1389 1550 et
1401 1526 1537 1550 commota
1553 1526 1628 1553 sunt,
1643 1523 1684 1549 vel
1694 1522 1771 1557 juxta

145 1566 216 1606 σαν,
233 1561 278 1588 ὅτι
288 1561 418 1596 ὠργίσθη
441 1564 552 1600 ιιὺιζοῗς.
572 1566 640 1601 Ὀρη
653 1565 682 1592 δὲ
697 1564 731 1601 ἦν
747 1566 781 1592 τὰ
797 1566 931 1601 ὑψώματα

985 1567 1189 1603 Symmachum,
1205 1569 1380 1594 circumventa
1399 1573 1470 1598 sunt.
1483 1569 1608 1603 quoniam
1618 1570 1702 1595 iratus
1733 1574 1771 1596 est

143 1603 179 1630 τὰ
191 1605 358 1641 ὲπαιρόμενα
373 1607 444 1634 κατὰ
457 1607 506 1643 τῆς
519 1608 645 1643 γνώσεως
655 1610 702 1637 τοῦ
714 1610 791 1642 Θεοῦ,
802 1611 929 1647 δυνάμεις

143 1650 217 1681 τινὲς
239 1651 434 1687 ἁντικείμεναι,
454 1654 482 1680 αι
504 1654 550 1681 τὸν
574 1656 678 1692 μακρὸν
695 1657 780 1684 αἰῶνα
805 1658 867 1690 τοὺς
883 1659 930 1685 ἐπὶ

144 1695 198 1730 γῆς
211 1696 334 1728 ᾶπαντας
347 1698 570 1735 ἀποπλανήσασαι
582 1700 627 1728 διὰ
641 1702 692 1736 τῆς
709 1702 838 1730 πολυῦἐου
851 1704 930 1730 δεισι-

143 1738 296 1773 δαιμονίας.
314 1741 418 1770 τούτων
433 1741 478 1770 οὖν
489 1743 582 1779 ὀρέων
589 1746 626 1774 τὰ
633 1746 754 1782 θεμέλια
763 1748 883 1775 τουτέστι
895 1749 930 1776 τὰ

145 1784 215 1821 βάθη
237 1786 284 1813 καὶ
298 1787 323 1814 οἱ
339 1787 475 1824 λογισμοὶ,
488 1790 538 1826 τῆς
554 1791 600 1819 τοῦ
618 1793 720 1828 Κυρίου
736 1794 876 1829 δυνάμεως
887 1797 929 1822 αἰ-

143 1830 272 1866 αθόμενα,
288 1832 511 1868 ἐταράχθησαν,
526 1834 571 1861 ὅτι
581 1837 714 1872 ὠργίσθη
730 1834 841 1868 αὐτοῖς,

176 1966 209 1992 Τί
221 1964 268 1993 οὖν
279 1967 388 2003 ἐνεργεῖ
397 1970 413 2004 ἠ
421 1970 489 2006 ὀργὴ
497 1971 567 1998 κατὰ
575 1972 628 1998 τῶν
636 1973 821 2001 ἀποδοθέντων
829 1975 924 2010 ὀρέων,

140 2010 204 2046 ἑξῆς
214 2011 332 2039 διδάσκει
343 2013 430 2048 λέγων
438 2024 444 2030 ·
461 2015 559 2050 Ἁνέᾶιι
572 2018 685 2052 καπνὸς
694 2020 729 2046 ἐν
739 2020 812 2055 ὀργῇ
822 2022 924 2048 αὑτοῦ.

142 2057 246 2094 Ὥσπερ
269 2059 323 2095 γὰρ
342 2060 422 2087 δαλοῦ
448 2063 592 2098 καιομένου
617 2065 669 2092 ὑπὸ
696 2067 792 2101 πυρὸς,
807 2067 925 2096 κᾶπειτα

139 2102 328 2139 σϐεννυμένου,
355 2107 457 2139 καπνὸς
480 2109 643 2142 ἀποδίδοται,
659 2112 703 2138 τὸν
729 2113 809 2139 αὑτὸν
824 2114 925 2150 τρόπον

137 2149 167 2174 αἱ
182 2149 365 2198 ἀντικείμεναι
377 2152 515 2189 δυνάμεις,
537 2156 620 2183 πάλαι
641 2158 692 2193 μὲν
707 2159 839 2195 πρότερον
859 2162 927 2198 πυρὶ⁸

137 2195 388 2232 παραϐαλλόμεναι,
397 2199 444 2232 τὰς
455 2200 509 2227 τῶν
530 2201 681 2238 ἀνθρώπων
692 2204 780 2240 ψυχὰς
796 2195 926 2242 κατέφλε-

980 1613 1027 1639 eis.
1042 1612 1145 1640 Montes
1160 1617 1249 1640 autem
1261 1617 1339 1640 erant
1347 1613 1527 1641 sublimitates
1537 1622 1632 1642 omnes
1647 1622 1706 1649 qum
1720 1615 1769 1641 ad.

981 1666 1077 1686 versus
1089 1659 1281 1694 cogitationem
1296 1659 1341 1686 Dei
1355 1659 1541 1694 erigebantur,
1557 1661 1662 1688 scilicd
1676 1660 1771 1688 adver-

981 1704 1061 1732 saria:
1077 1703 1201 1738 quaedam
1225 1708 1384 1740 potestates,
1402 1713 1463 1740 qua:
1490 1713 1538 1740 per
1555 1706 1634 1741 longa
1655 1708 1769 1734 steculo—

982 1758 1042 1777 rum
1054 1751 1141 1785 spatia
1158 1751 1311 1785 terrigenas
1325 1758 1421 1779 omnes
1449 1751 1478 1778 in
1501 1753 1691 1787 multiplicium
1703 1754 1768 1781 deo-

980 1803 1041 1822 rum
1071 1796 1295 1830 superstitionem
1328 1801 1410 1832 atque
1435 1805 1558 1825 errorem
1586 1799 1766 1827 abduxerant.

980 1840 1082 1868 Horum
1098 1842 1180 1877 igitur
1194 1843 1322 1869 montium
1342 1843 1526 1877 fundamenta,
1558 1844 1585 1871 id
1605 1849 1648 1872 est
1669 1846 1766 1874 altiora

980 1887 1094 1915 consilia
1107 1893 1135 1914 et
1151 1888 1341 1922 cogitationes,
1359 1888 1464 1916 Domini
1481 1889 1609 1917 virtutem
1624 1898 1686 1917 cum
1700 1899 1765 1926 pcr-

979 1932 1169 1963 sentiscet‘ent,
1185 1933 1341 1959 conturbata
1350 1938 1420 1965 sunt,
1433 1935 1556 1968 quoniam
1575 1935 1659 1962 iratus
1672 1936 1764 1964 cateia.

1017 1977 1096 2005 Vens.
1115 1978 1141 2009 9,
1158 1979 1201 2006 10.
1216 1978 1285 2010 Quid
1308 1978 1399 2014 itaque
1414 1985 1542 2013 operetur
1562 1981 1600 2008 ira
1635 1981 1764 2010 adversus

978 2028 1086 2051 montes
1100 2024 1161 2050 illos
1176 2024 1229 2051 sibi
1245 2024 1372 2056 traditos.
1384 2025 1483 2053 deinde
1501 2027 1588 2061 aperit
1603 2027 1680 2054 hisce
1702 2035 1763 2055 ve:-

978 2070 1040 2097 his:
1058 2070 1181 2097 Ascendit
1198 2071 1286 2104 fumus
1305 2071 1382 2098 inira
1392 2071 1459 2106 ejus.
1477 2071 1551 2100 Sicut
1577 2073 1648 2100 enim
1682 2074 1763 2101 torris

978 2115 1079 2150 ignitus
1090 2115 1114 2142 si
1124 2115 1324 2151 exstinguatur,
1339 2121 1403 2144 tunc
1429 2117 1521 2145 fumus
1536 2119 1680 2152 emittitur,
1702 2119 1763 2154 pari

977 2160 1059 2188 modo
1069 2160 1232 2189 adversaria
1248 2166 1396 2197 potestates
1411 2163 1467 2197 jam
1480 2163 1584 2198 pridem
1596 2164 1760 2199 conjectrein

978 2207 1086 2241 ignem,
1113 2207 1252 2235 hominum
1277 2208 1382 2235 animas
1413 2209 1594 2236 incendebant
1618 2211 1761 2238 combure-

137 2248 185 2274 τον
197 2242 244 2268 καὶ
261 2243 399 2276 ἐξέκαιον·
418 2246 479 2272 ἐπεὶ
494 2247 516 2274 δ’
537 2249 680 2277 ἐσόέννυτο
702 2252 791 2279 αὐτῶν
812 2254 843 2280 τὸ
866 2254 922 2291 πῦρ

984 2257 1114 2287 tantque;
1130 2253 1193 2287 igne
1208 2257 1297 2280 autem
1307 2253 1342 2280 ab
1354 2253 1393 2280 ira
1404 2253 1510 2281 Domini
1518 2256 1663 2287 exstincto,
1678 2255 1760 2283 emis-

137 2287 190 2314 ὑπὸ
208 2288 259 2324 τῆς
277 2290 362 2325 ὀργῆς
375 2291 422 2318 τοῦ
438 2293 550 2328 Κυρίου,
566 2295 600 2322 τὰ
617 2298 716 2331 σημεῖα
730 2299 780 2333 τῇς
804 2287 923 2332 σὸέσεωξ

136 2333 227 2378 αξτῶν
249 2334 345 2371 ἐδήλου
365 2337 380 2363 ό
403 2337 433 2370 ἐξ
454 2338 543 2366 αὐτῶν
559 2341 786 2378 ἀναπεμπόμενος
809 2346 919 2378 καπνός.

135 2376 192 2406 Εἴθ’
208 2379 273 2415 ἑξῆς
288 2381 411 2418 εἴρηται·
425 2384 481 2411 Kal
498 2385 558 2419 πῦρ
571 2387 631 2414 ἀπὸ
649 2376 811 2422 προσώπου
827 2376 921 2420 aurai?

134 2426 402 2462 καταφλετήσεται·
410 2429 556 2464 ἄνθρακες
564 2432 746 2468 ἀνήφθησαν
755 2436 805 2463 ἀπ’
816 2438 919 2466 αὑτοῦ.

134 2470 227 2499 Ταῦτα
242 2473 298 2509 γὰρ
311 2473 326 2499 ὁ
339 2474 387 2501 τοῦ
407 2475 474 2503 Θεοῦ
499 2477 563 2510 Υἱὸς
583 2480 694 2515 ἐνήργει
716 2482 827 2517 ἀφανῶς
848 2485 918 2512 κατὰ

133 2517 188 2544 Δνῶν
203 2518 399 2555 ἀντικειμένων
412 2521 563 2559 δυνάμεων,
581 2525 611 2551 τὺ
630 2526 685 2562 πῦρ
708 2527 788 2555 αὑτὸν
805 2529 917 2563 σϐεννὺς

133 2563 221 2599 ἑτέρῳ
233 2566 300 2601 πυρὶ
314 2567 446 2602 κρείττονι
468 2570 514 2596 καὶ
525 2570 712 2609 δυνατωτέρῳ.
728 2573 774 2600 Διὸ
793 2575 916 2603 λέλεκται

133 2608 211 2644 παρὰ
226 2609 348 2637 Μωῡσεῖ·
374 2612 400 2638 '0
418 2613 490 2647 Θεὸς
508 2615 592 2649 ἡμῶν
612 2617 671 2651 πῦρ
693 2621 918 2648 καταναλίσκον

129 2654 213 2683 ἐστι·
229 2657 275 2683 καὶ
287 2658 316 2684 ὲν
328 2658 465 2695 Ψαλμοῖς·
475 2661 538 2695 Πῦρ
552 2662 692 2690 ἐναντίον
701 2665 794 2693 αὐτοῦ
807 2673 918 2702 προπο-

125 2707 279 2734 ρευσεται,
290 2703 340 2730 καὶ
349 2705 467 2739 φλοτιεῖ
477 2707 580 2739 κύκλῳ
592 2709 662 2742 τοὺς
673 2710 800 2745 ἐχθροὺς
812 2714 913 2741 αὐτοῦ·

129 2745 178 2793 καλ
194 2745 285 2773 πάλιψ
311 2747 343 2774 '0
364 2749 435 2783 Θεὸς
450 2751 587 2786 ἐμφανῶς
602 2753 678 2788 ἣξει,
691 2758 708 2782 ό
723 2757 795 2790 Θεὸς
816 2757 914 2793 ἡμῶν,

127 2791 178 2818 καὶ
193 2793 231 2820 οὐ
250 2796 567 2831 καρασιωπηθήσεται·
593 2800 653 2835 πῦρ
674 2801 801 2830 ἐνώπιον
822 2791 915 2832 αὐτοῦ

119 2868 128 2887 α’
162 2868 279 2898 "Rom.
296 2879 323 2903 γ.
343 2871 369 2899 5.
409 2873 431 2890 "
445 2873 524 2903 Deut.
541 2884 580 2909 Iv,
594 2877 640 2904 28.
678 2879 782 2909 “Psal.
801 2888 872 2916 xcw,
892 2883 916 2911 5.

271 2917 408 2949 Ριτιοι.
424 2918 481 2951 Gn,
499 2922 615 2955 XXIII.

973 2306 1021 2328 sus
1043 2300 1106 2327 inde
1128 2299 1219 2327 fumus
1247 2300 1438 2328 exslinctionis
1452 2301 1528 2336 signa
1541 2301 1634 2328 edidit.
1656 2301 1758 2329 Deinde

975 2346 1061 2381 pergit
1080 2347 1181 2379 dicere.
1200 2351 1224 2374 et
1248 2347 1315 2382 ignis
1333 2356 1350 2374 α
1366 2347 1434 2381 [acie
1448 2348 1504 2381 ejus
1516 2347 1678 2379 exardescet,
1694 2356 1756 2374 car-

974 2391 1052 2419 bones
1067 2393 1185 2419 succensi
1198 2398 1258 2420 sunt
1275 2392 1307 2419 ab
1319 2400 1360 2420 eo.
1378 2392 1442 2420 lianc
1457 2393 1547 2419 omnia
1558 2393 1630 2419 enim
1647 2392 1694 2420 Dei
1709 2392 1756 2420 Fi-

974 2437 1028 2464 lius
1041 2441 1138 2465 contra
1151 2438 1322 2466 adVersarias
1330 2441 1482 2473 potestates
1493 2439 1562 2465 clam
1577 2439 1754 2473 operabatur.

972 2484 1018 2519 qui
1033 2491 1127 2511 eorum
1150 2484 1239 2519 ignem
1261 2485 1347 2512 altero
1371 2484 1432 2519 igne
1447 2485 1592 2519 potentiori
1609 2492 1642 2512 ac
1660 2476 1757 2513 ardeni

973 2529 1035 2556 tiori
1061 2529 1239 2556 exstinxerat.
1265 2528 1355 2562 Quare
1387 2529 1457 2564 apud
1483 2528 1602 2564 Moysem
1629 2530 1753 2559 dicitur:

971 2574 1041 2602 Deus
1055 2578 1144 2601 noster
1158 2574 1224 2610 ignis
1250 2582 1404 2602 consumens
1426 2579 1464 2601 est
1479 2575 1513 2607 ",
1529 2578 1556 2602 et
1577 2575 1605 2602 in
1620 2576 1752 2610 psalmis:

972 2619 1044 2655 Ignis
1055 2625 1114 2648 ante
1127 2622 1211 2656 ipsum
1226 2622 1362 2656 prtecedet,
1377 2622 1585 2656 etinﬂammabit
1602 2623 1629 2649 in
1641 2623 1752 2650 circuitu

971 2667 1091 2695 inimicos
1104 2669 1161 2703 ejus
1172 2668 1193 2683 ω
1204 2677 1211 2702 ;
1225 2677 1256 2696 ac
1265 2676 1374 2696 rursum
1393 2677 1400 2694 :
1419 2668 1488 2696 Deus
1506 2668 1645 2704 manifeste
1657 2668 1750 2701 ueniet,

969 2712 1040 2740 Deus
1052 2718 1148 2747 noster,
1161 2718 1186 2741 et
1213 2722 1264 2740 non
1288 2713 1394 2740 silebit:
1410 2713 1476 2748 ignis
1498 2714 1526 2742 in
1546 2718 1682 2748 conspectu
1693 2713 1751 2748 ejus

968 2760 1130 2793 exardescet,
1152 2766 1177 2787 et
1192 2760 1220 2787 in
1244 2761 1358 2787 circuitu
1379 2760 1436 2795 ejus
1453 2765 1592 2795 tempestas
1615 2760 1704 2787 ualida
1715 2760 1750 2788 ".

969 2805 1047 2834 Hunc
1055 2807 1136 2834 etiam
1159 2806 1248 2841 ignem
1273 2806 1396 2835 Salvator
1412 2807 1542 2835 indicavit
1557 2817 1564 2834 :
1582 2806 1672 2842 Ignem
1692 2805 1750 2833 uni

956 2885 976 2900 "
1000 2884 1070 2912 Psal.
1096 2892 1170 2916 XLIX,
1194 2885 1220 2912 5.

1608 2936 1627 2965 6
