2055 3214
783 48 810 64 J

304 175 352 204 ΠΙ

653 173 788 202 EUSEBII
808 171 1047 202 CIESARIENSIS
1065 171 1140 199 OPP.
1162 169 1252 198 PARS
1268 169 1312 198 ΠΙ.
1328 184 1356 190 --
1383 167 1589 196 EXEGETICA.

1869 166 1921 194 “‘3

302 234 404 261 millere
417 234 443 261 iu
453 239 559 265 (errant,
573 237 596 260 et
612 233 674 267 quid
690 234 747 260 t‘olo
763 233 850 267 sijnm
860 240 984 260 accensus
994 232 1029 259 sit
1041 231 1084 258 θη

1142 229 1329 262 καυθήσεται,
1344 227 1393 254 καὶ
1417 227 1521 259 κύκλῳ
1535 224 1628 252 αὑτοῦ
1650 223 1784 258 namq-lc
1797 222 1923 257 σφόδρα.

302 279 365 307 llaec
380 287 462 314 porro
486 279 577 306 omnia
603 278 675 305 facta
705 283 779 310 sunt,
801 278 929 313 quoniam
951 277 1085 304 inclinavit

301 324 380 351 σιτίοις
395 329 419 351 et
437 323 578 350 descendit.
595 322 687 358 Neque
699 331 784 349 unum
801 321 975 350 solummodo
987 321 1086 349 cmlum

302 370 444 397 inclinavit
458 379 465 403 ;
482 370 528 397 sed
545 377 639 396 omnes
664 373 798 404 quotquot
820 372 889 396 sunt
910 369 1006 396 cmlos.
1018 367 1085 394 Nam

301 416 454 443 humiliatio
468 416 641 444 celsitudinis
657 417 716 451 ejus
730 420 756 443 et
767 415 918 444 exinanilio
934 414 1086 442 divinitatis

300 461 371 496 ejus,
391 462 556 496 supradictis
579 462 671 490 verbis
690 462 855 490 indicantur.
882 461 951 488 Cum
968 461 1086 488 maxima

301 506 374 534 enim
383 506 507 541 emphasi
520 506 682 533 descensum
697 507 756 541 ejus
767 506 903 542 signiﬁcat
916 505 958 533 his
971 505 1062 533 verbis
1078 514 1084 532 :

303 552 444 580 Inclinavit
463 553 540 580 ett-los
550 561 559 585 ;
576 553 757 588 eumdemque
770 553 932 580 descensum
955 559 1086 588 corporeo

300 606 415 634 prorsus
431 606 506 626 more
520 599 657 634 exprimit.

335 687 417 714 Vsus.
448 687 538 715 il-lS.
576 687 610 714 Et
628 688 714 723 caligo
749 688 796 714 sub
825 687 933 722 pedibus
957 687 1024 722 ejus.
1054 685 1088 712 Et

301 734 418 761 ascendit
431 742 508 768 super
519 734 651 760 cherubim
663 739 687 760 et
699 734 806 766 volavit,
819 734 915 761 volavit
931 741 1008 767 super
1022 741 1087 768 pen-

302 789 351 806 nas
362 785 507 807 ventorum.
520 780 572 808 Per
593 780 735 815 caliginem
751 785 778 808 et
794 780 921 808 tenebras
933 780 1004 813 illas,
1018 780 1088 806 clam

300 830 328 853 et
340 834 438 853 arcana
451 827 556 854 ratione
568 835 645 854 suam
658 826 808 854 secundum
820 826 959 853 hominem
979 833 1090 853 meone-

301 871 384 898 miam
398 872 551 900 adumbrat.
563 874 728 908 Demumque
751 873 846 900 eodem
861 872 1006 900 revertitur
1018 871 1089 899 unde

1137 275 1221 302 Τοῦτο
1245 275 1273 301 δὲ
1286 275 1334 301 καὶ
1354 274 1434 305 αὐτὸς
1450 275 1464 300 ὸ
1480 272 1574 307 Σωτὴρ
1597 270 1722 306 ἐδηλοῦτο
1736 269 1802 305 πῦρ,
1818 269 1906 303 λέγων
1916 277 1923 284 ·

1136 323 1199 357 Πῦρ
1221 322 1317 356 ’ἦλθον
1330 321 1440 353 ,ϐαλεῖν
1459 321 1508 347 ἐπὶ
1525 320 1582 352 τὴν
1591 318 1659 354 γῆν,
1680 316 1728 344 καὶ
1743 317 1772 343 τί
1791 317 1878 347 θέλω,
1900 317 1926 343 ει

1137 369 1195 404 ἤδη
1225 368 1362 403 amisson;
1389 367 1482 394 Ταῦτα
1513 368 1602 393 πάντα
1633 364 1748 400 ἐγένετο,
1777 362 1925 398 ἐπειδήπερ

1136 415 1257 442 ἔκλινεν
1274 414 1421 448 οὐρανοὺς
1441 412 1490 440 καὶ
1512 411 1629 445 κατέϐη.
1644 411 1699 445 Οὐχ
1712 410 1760 436 ἕνα
1774 409 1802 436 δὲ
1813 407 1927 444 οὐρανὸν

1136 460 1250 493 ἔκλινεν,
1265 459 1332 486 ἀλλὰ
1348 459 1411 490 τοὺς
1432 458 1536 489 πάντας
1559 458 1615 484 ὅσοι
1639 456 1704 483 ποτέ
1723 456 1800 482 εἰσιν.
1820 454 1853 480 Ἠ
1872 453 1926 488 γὰρ

1137 506 1300 537 ταπείνωσις
1317 505 1364 531 τοῦ
1381 504 1466 539 ὕψους
1481 503 1563 530 αὑτοῦ
1577 504 1624 530 καὶ
1641 504 1657 538 ὴ
1675 503 1791 533 κένωσις
1804 501 1853 536 τῆς
1867 499 1928 527 Θεόν

1136 561 1216 587 τητος
1235 551 1361 587 ἐδηλοῦτο
1379 550 1424 577 διὰ
1443 549 1497 576 τῶν
1512 549 1676 585 εἰρημένων.
1698 546 1928 582 Ἐμφατικιίντατα

1137 598 1191 635 γὰρ
1218 598 1266 633 τὴν
1291 597 1440 624 κατάϐασιν
1468 595 1565 627 αὑτοῦ,
1597 595 1736 620 “Exin-er
1764 593 1927 626 οὐρανούς·

1139 642 1367 679 σωματικὼτερον
1385 643 1434 677 τὴν
1451 641 1563 668 κάθοδον
1578 639 1661 667 αὑτοῦ
1678 639 1827 674 σημαίνων.

1173 690 1230 717 Καὶ
1251 690 1363 725 γνόφος
1386 689 1445 716 ὑπὸ
1458 688 1530 720 τοὺς
1549 687 1644 719 πόδας
1658 685 1751 712 αὑτοῦ
1768 684 1818 711 καὶ
1838 683 1929 718 ἐπέϐη

1138 738 1187 764 ἐπὶ
1203 736 1314 771 χεροὺϐ
1324 736 1372 770 (l),
1387 734 1434 761 καὶ
1450 733 1613 766 ἐπετιὶσθη,
1629 731 1780 765 ἐπετάσθη
1793 731 1843 757 ἐπὶ
1860 738 1929 757 πτε-

1135 785 1236 818 ρύγων
1254 781 1380 817 ἀνέμων.
1399 781 1437 815 Τῇ
1464 780 1512 815 μὲν
1536 778 1582 806 οὖν
1605 778 1702 814 ὀμίχλη
1720 777 1767 804 καὶ
1782 777 1820 812 τῷ
1839 777 1931 812 γνόφῳ

1139 830 1170 857 τὸ
1183 829 1294 865 λεληθὸς
1310 829 1357 855 καὶ
1373 828 1530 863 ἀπόκρυφον
1553 825 1702 861 παρίστησι
1723 824 1772 859 τῆς
1791 823 1862 850 κατὰ
1884 823 1930 850 ἄν-

1140 876 1250 912 θρωπον
1268 874 1349 902 αὐτοῦ
1371 874 1540 909 οἰκονομίας·
1566 872 1691 898 ἐπάνεισι
1706 871 1734 897 δὲ
1757 870 1850 896 λοιπὸν
1869 869 1931 896 ὃθεν

300 918 441 953 profectus
460 922 521 945 erat
540 929 546 946 :
563 927 595 946 ac
624 919 650 946 in
676 919 762 946 cmlos
777 918 902 946 ascendit
917 925 980 945 eum
992 917 1088 945 cheru-

1142 923 1190 949 καὶ
1205 922 1296 957 παρῆν
1309 930 1315 936 ·
1331 921 1371 952 είς
1387 919 1519 956 οὐρανούς
1533 927 1563 945 τε
1580 917 1657 953 ἀνῄει
1673 918 1720 944 καὶ
1741 917 1810 952 μετὰ
1822 916 1870 942 τοῦ
1888 925 1932 951 χεν

301 964 366 990 bino
389 968 416 991 et
428 965 546 997 volavit;
572 964 681 991 tametsi
710 971 763 990 non
780 971 843 990 cum
860 963 921 998 ipso
938 962 1089 990 cherubino

299 1008 477 1035 descenderat
493 1019 499 1036 :
515 1009 576 1036 sine
601 1008 753 1035 cherubino
763 1008 862 1042 quippe
878 1006 1020 1034 inclinavit
1031 1007 1088 1041 ipse

300 1055 384 1082 caelos
412 1059 438 1081 et
461 1054 610 1082 descendit.
638 1053 666 1080 In
690 1055 778 1081 reditu
805 1059 895 1081 autem
921 1051 1088 1080 diciturzE‘t

300 1101 418 1128 ascendit
444 1109 522 1136 super
541 1101 674 1128 cherubim
699 1105 727 1127 et
756 1101 863 1133 volavit,
891 1108 952 1127 cum
974 1107 1089 1135 corpore

301 1148 406 1176 scilicet
418 1148 489 1183 quod
502 1151 697 1183 assumpserat.
717 1147 771 1175 Illae
783 1155 866 1183 porro
889 1147 987 1174 divina:
1001 1147 1088 1173 virtu—

300 1198 343 1222 tes
357 1195 445 1229 ipsum
466 1195 506 1222 sic
536 1195 729 1222 ascendentem
754 1194 937 1228 conspicatae,
968 1193 1089 1220 circum-

302 1244 423 1268 astantes
439 1241 585 1268 satellitum
598 1248 685 1272 more,
704 1240 848 1267 Dominum
866 1239 1015 1274 stipabant,
1030 1238 1089 1273 eius

301 1294 446 1314 ascensum
471 1287 640 1314 celebrantes
664 1287 758 1322 sicque
776 1285 980 1314 vociferantes:
1002 1285 1089 1312 Attol-

303 1332 348 1359 Ιὶιι
358 1337 460 1367 portas,
475 1334 616 1367 principes.
649 1338 759 1364 vestras,
785 1337 809 1360 et
835 1332 985 1363 elevamini,
1007 1337 1089 1365 portae

301 1377 449 1408 sclernales,
465 1382 489 1404 et
504 1377 621 1405 introibit
637 1377 690 1404 Rea:
715 1378 805 1413 gloria:
820 1378 851 1404 ⁵³.
874 1378 983 1412 lmpleta
998 1381 1088 1404 autem

301 1422 396 1451 isthaec
410 1427 474 1450 sunt
489 1432 521 1451 eo
535 1427 666 1458 tempore.
687 1432 741 1459 quo
770 1425 797 1451 in
814 1424 999 1458 apostolorum
1015 1424 1089 1451 Acti-

301 1471 354 1499 bus
367 1474 515 1497 narratur:
532 1469 565 1497 Et
578 1478 637 1497 cum
652 1470 707 1498 Itwc
721 1470 841 1501 dixisset,
867 1469 1012 1497 videntibus
1034 1469 1088 1496 illis

300 1516 415 1544 elevatus
441 1521 490 1548 est.
509 1522 533 1544 et
551 1517 630 1544 nubes
642 1518 755 1551 suscepit
771 1525 829 1544 eum
846 1525 879 1544 ea:
893 1517 976 1544 oculis
986 1524 1086 1544 eorum.

300 1561 419 1598 Cumque
431 1563 594 1590 intuerentur
604 1572 662 1591 eum
677 1569 779 1590 euntem
791 1564 817 1590 in
830 1563 923 1590 ctrlum
935 1562 968 1589 ⁸⁵.

337 1649 479 1677 Latentem
496 1650 569 1677 illaut
595 1654 624 1678 et
637 1651 772 1678 occultati:
791 1651 942 1679 Salvatoris
958 1658 1019 1677 cum
1038 1650 1089 1676 ho-

304 1695 435 1728 minibus,
451 1696 485 1723 ab
508 1703 624 1723 ascensu
654 1704 704 1724 suo
727 1697 760 1724 ad
787 1697 839 1725 hoc
865 1704 952 1732 usque
970 1700 1087 1731 tempus,

304 1742 539 1768 conversationem
554 1741 597 1768 his
610 1742 704 1769 verbis
724 1741 826 1768 indicat
843 1752 848 1768 :
867 1741 901 1768 Et
922 1742 1008 1775 posuit
1025 1747 1090 1768 tene-

304 1785 367 1813 bras
385 1785 525 1813 latibulum
537 1795 625 1819 suum,
639 1787 666 1813 in
679 1787 791 1814 circuitu
813 1787 869 1822 ejus
890 1787 1090 1814 tabernaculum

303 1831 370 1866 ejus,
384 1832 517 1859 tenebrosa
529 1834 633 1868 aquain
646 1833 756 1860 nubibus
771 1834 849 1860 aeris.
869 1833 975 1861 Nemini
991 1834 1090 1869 quippe

304 1877 370 1905 latet
383 1885 436 1912 quo
451 1881 530 1912 pacto
542 1879 683 1906 nobiseum
699 1883 823 1907 versetur
833 1899 840 1911 ,
857 1878 1008 1906 secundum
1024 1879 1089 1905 illud

304 1924 338 1952 ab
369 1932 402 1952 eo
426 1924 527 1952 dictum
546 1935 551 1952 :
569 1925 636 1952 Ecce
660 1934 706 1960 ego
734 1925 866 1953 vobiscum
879 1933 937 1952 sum
969 1924 1089 1952 omnibus

303 1971 394 1998 diebus
407 1979 488 2006 usque
504 1971 538 1998 ad
554 1973 804 1999 consummationem
829 1972 921 2000 swculi
939 1973 971 1999 ⁸⁸.
988 1971 1090 1998 Taber—

304 2017 432 2044 naculum
451 2025 532 2052 porro
549 2017 636 2052 ipsius
665 2025 720 2045 non
737 2018 810 2045 aliud
833 2017 979 2053 signiﬁcat.
1007 2025 1089 2052 quam

305 2066 427 2089 sanctam
439 2062 589 2090 Ecclesiam
611 2063 680 2098 ejus.
710 2064 738 2091 in
759 2071 812 2099 qua
829 2067 861 2091 se"
883 2064 1089 2091 tabernaculum

305 2107 457 2142 positurum
478 2108 614 2143 pollicitus
629 2115 670 2136 est
682 2117 743 2136 cum
757 2110 826 2136 dixit
842 2118 848 2134 :
862 2109 911 2136 Ubi
922 2109 974 2137 duo
989 2110 1027 2137 vel
1038 2115 1089 2137 tres

304 2155 454 2189 congregati
466 2154 563 2189 fuerint
580 2155 607 2181 in
621 2155 724 2182 nomine
745 2163 811 2188 meo,
830 2156 887 2182 illic
898 2164 956 2182 sum
967 2156 994 2182 in
1005 2156 1089 2182 medio

303 2207 394 2227 eorum
420 2200 453 2227 “.
476 2199 702 2235 Quandoquidem
727 2208 792 2228 vero
823 2201 972 2236 prophetiae
1000 2201 1089 2236 ipsum

305 2249 461 2281 spectantes
475 2245 624 2281 caliginoso
633 2249 658 2273 et
667 2245 785 2273 obscuro
798 2254 874 2274 more
888 2247 1001 2281 prolatae
1012 2249 1087 2280 sunt,

301 2293 364 2326 jure
386 2292 515 2327 adjicitur
533 2301 539 2317 :
560 2292 708 2320 Tenebrosa
734 2301 802 2328 aqua
827 2293 853 2319 in
876 2292 988 2320 nubibus
1009 2293 1089 2320 aeris.

304 2338 366 2365 Prw
379 2338 482 2374 fulgore
504 2339 530 2365 in
556 2343 694 2374 conspectu
719 2339 776 2374 ejus
809 2339 888 2366 nubes
917 2339 1090 2371 transierunt.

303 2385 404 2418 grando
421 2390 445 2412 et
461 2385 588 2412 carbones
602 2386 680 2421 ignis.
707 2385 785 2418 Quod
804 2389 894 2413 autem
915 2386 1013 2417 nubes,
1027 2393 1091 2420 pro-

303 2431 412 2464 phetas,
426 2440 457 2458 ac
470 2432 588 2466 pluviam
606 2440 639 2459 ex
659 2431 779 2459 nubibus
808 2431 957 2466 delapsam,
972 2431 1090 2467 prophe-

303 2477 374 2503 ticos
404 2485 544 2505 sermones
574 2478 692 2513 Spiritus
707 2483 819 2506 sanctus
841 2479 926 2506 soleat
953 2478 1090 2513 appellare

301 2522 412 2550 docebit
425 2523 508 2551 lsaias
524 2526 582 2560 qui,
600 2524 830 2560 quemadmodum
846 2525 947 2552 dictum
963 2528 1016 2556 est,
1036 2532 1090 2560 po-

303 2571 398 2608 pulum
427 2572 533 2599 vineam
559 2573 715 2608 compellat,
733 2575 826 2608 aitque
846 2575 933 2602 nubes
948 2582 1001 2601 non
1020 2574 1090 2600 ultra

303 2618 422 2657 pluviam
438 2618 489 2653 ipsi
502 2620 710 2648 subministrare
722 2620 755 2647 ⁵⁷.

339 2664 421 2692 Vsus.
435 2665 478 2692 ιι.
497 2665 531 2691 Et
547 2667 658 2693 intonuit
672 2666 703 2694 de
714 2667 778 2694 melo
789 2666 928 2699 Dominus,
948 2671 971 2693 et
983 2666 1089 2694 Altissi-

303 2720 362 2738 mus
369 2711 440 2739 dedit
452 2720 538 2739 vacem
547 2720 632 2739 suam.
657 2714 685 2740 ln
701 2713 830 2749 praesenti
845 2713 976 2740 docemur
989 2719 1020 2738 ea
1027 2720 1088 2746 qua:

1144 968 1252 1005 ρουϐὶμ,
1266 967 1314 994 καὶ
1326 966 1462 1001 ἐπετάσοη
1471 974 1477 980 ·
1491 965 1578 991 καίτοι
1592 964 1629 1000 μὴ
1645 964 1693 990 σὺν
1706 962 1780 998 αὑτῴ
1794 961 1930 994 καταῦάς·

1140 1015 1203 1050 δίχα
1223 1014 1277 1050 γὰρ
1301 1013 1348 1040 τοῦ
1371 1012 1503 1048 χερουϐὶμ
1526 1011 1629 1038 ἔκλινεν
1644 1010 1776 1046 οὐρανοὺς
1788 1009 1870 1040 αὐτὸς
1887 1009 1932 1036 καὶ

1143 1060 1256 1095 κατέϐη.
1280 1060 1324 1086 Ἐν
1350 1058 1378 1084 δὲ
1402 1059 1433 1093 τῇ
1456 1057 1577 1092 ἐπανόόῳ
1602 1056 1741 1082 λέλεκται”
1765 1055 1819 1082 Καὶ
1840 1054 1932 1089 ἐπέϐη

1142 1106 1191 1132 ἐπὶ
1210 1105 1349 1140 χεροινϐὶμ
1364 1104 1412 1131 καὶ
1427 1104 1588 1136 ἐπετάσθη,
1606 1102 1664 1137 μεθ’
1680 1099 1710 1129 οὗ
1724 1102 1867 1137 ἀνείληφεν
1881 1100 1932 1128 σώ-

1145 1161 1238 1188 ματος.
1249 1153 1304 1179 Rati.
1316 1151 1409 1187 ἐπειδὴ
1422 1151 1603 1177 ἀναϐαίνοντα
1614 1149 1700 1180 οὕτως
1711 1148 1843 1184 ὲοεώρουν
1852 1147 1933 1175 αὑτὸν

1142 1199 1172 1224 αἱ
1189 1197 1316 1233 δυνάμεις
1331 1197 1358 1223 αἱ
1376 1196 1456 1225 Θείαι,
1472 1195 1537 1230 περὶ
1551 1194 1630 1221 αὑτὸν
1648 1193 1791 1229 γενόμεναι
1804 1192 1933 1228 ἐδορυφό-

1145 1253 1207 1280 ρουν
1233 1244 1313 1270 αὑτοῦ
1343 1243 1392 1278 τὴν
1421 1242 1511 1269 ἄνοδον
1537 1240 1685 1267 ἐπιϐοῶσαι
1716 1240 1764 1266 καὶ
1786 1239 1931 1273 λέγουσαν

1145 1290 1246 1323 Ἄρατε
1268 1288 1322 1320 τὰς
1337 1288 1482 1319 πύλας-,οἱ
1499 1287 1653 1320 ἄρχοντες,
1672 1283 1766 1319 ὑμῶν,
1781 1283 1830 1311 καὶ
1842 1283 1934 1318 ἐπείρα

1143 1338 1223 1369 ante,
1237 1335 1329 1361 πύλαι
1343 1333 1461 1364 αἰώνιοι,
1476 1333 1524 1359 καὶ
1538 1332 1742 1359 εἰσελεύσεται
1757 1332 1774 1357 ὁ
1782 1329 1934 1363 ,βασιλεὺς

1143 1379 1196 1413 τῆς
1211 1379 1313 1413 δόξης.
1340 1377 1505 1413 Ἐπληροῦτο
1518 1376 1646 1403 δὲταῦτα
1670 1375 1740 1401 κατὰ
1762 1373 1808 1401 τὸν
1827 1373 1933 1409 καιρὸν,

1142 1426 1203 1453 καθ’
1225 1426 1251 1452 ὃν
1277 1434 1358 1460 φησιν
1381 1426 1398 1460 ἡ
1415 1423 1512 1460 Γραφὴ
1528 1423 1582 1450 τῶν
1603 1422 1732 1457 Πράξεων
1746 1420 1799 1446 τῶν
1817 1419 1934 1446 ἀποστό-

1139 1470 1196 1498 -λων
1206 1480 1212 1486 ·
1222 1471 1276 1498 Kal
1291 1471 1383 1497 ταῦτα
1394 1470 1495 1500 εἰπὼν,
1508 1469 1686 1501 βλεπόντων
1697 1465 1796 1494 αὐτῶν
1806 1464 1933 1499 ἐπήρθη,

1143 1518 1191 1545 καὶ
1207 1517 1321 1551 νεφέλη
1339 1516 1486 1543 ἀνέλαϐεν
1503 1514 1597 1541 αὑτὸν
1612 1513 1671 1541 ἀπὸ
1691 1512 1749 1539 τῶν
1771 1510 1932 1547 ὀφθαλμῶν

1142 1564 1251 1591 αὐτῶν.
1264 1563 1318 1590 Καὶ
1332 1563 1372 1596 ὡς
1388 1561 1571 1594 ἀτενίζοντες
1585 1558 1665 1595 ἦσαν
1677 1560 1721 1590 εἰς
1735 1559 1789 1586 τὸν
1803 1556 1934 1592 οὐρανὸν

1104 1598 1125 1626 C
1143 1609 1345 1644 πορευομένου
1359 1608 1462 1635 αὑτοῦ.

1179 1656 1233 1691 Τὴν
1250 1655 1340 1690 ἀφανῆ
1359 1655 1406 1681 καὶ
1427 1654 1611 1681 λανθάνουσαν
1628 1651 1674 1679 τοῦ
1690 1651 1817 1687 Σωτῆρος
1830 1650 1935 1685 διατρι-

1144 1702 1204 1737 ϐὴν,
1218 1702 1251 1737 ἣν
1268 1702 1316 1727 σὺν
1329 1700 1482 1736 ἀνθρώποις
1511 1699 1594 1725 εἰσέτι
1610 1697 1656 1724 καὶ
1672 1696 1720 1723 νῦν
1736 1697 1851 1723 ποιεῖται
1866 1694 1936 1730 μετὰ

1144 1747 1191 1782 τὴν
1204 1746 1346 1782 ἀνάληψιν,
1374 1746 1493 1772 διδάσκει
1509 1745 1609 1778 λέγων·
1638 1743 1693 1770 Καὶ
1715 1742 1798 1769 ἔθετο
1824 1741 1936 1772 σκότος

1144 1793 1324 1827 ἀποκρυφὴν
1334 1793 1437 1823 αὐτοῦ,
1455 1792 1559 1824 κύκλῳ
1573 1789 1666 1817 αὑτοῦ
1686 1790 1704 1823 ὴ
1717 1785 1934 1821 σκηνὴηαὺτοῦ,

1144 1839 1302 1865 σκοτεινὸν
1317 1837 1394 1871 ὕδωρ
1407 1838 1441 1863 ἐν
1458 1836 1599 1870 νεφέλαις
1627 1835 1730 1868 ἀέρων.
1757 1833 1794 1859 Οὐ
1809 1831 1936 1859 λανθάνει

1144 1885 1198 1920 γὰρ
1213 1884 1275 1915 τοὺς
1291 1883 1393 1914 πάντας
1409 1883 1482 1914 ὅπως
1502 1881 1624 1907 σύνεστιν
1645 1881 1710 1915 ἡμῖν
1727 1877 1798 1905 κατὰ
1815 1877 1845 1903 τὸ
1857 1877 1935 1911 εἰρη-

1147 1930 1225 1965 μένον
1239 1928 1284 1954 im”
1300 1927 1391 1955 αὐτοῦ’
1414 1927 1491 1954 Ἰδοὺ
1513 1926 1570 1960 ἐγὼ
1580 1925 1643 1960 μεθ’
1658 1924 1741 1959 ὑμῶν
1763 1925 1820 1958 εἰμι
1832 1922 1936 1955 πάσας

1145 1976 1199 2009 τὰς
1211 1975 1322 2010 ἡμέρας
1333 1974 1388 2007 ἕως
1401 1973 1455 2007 τῆς
1465 1972 1644 2004 συντελείας
1655 1971 1708 1997 τοῦ
1721 1969 1837 2002 αἰῶνος.
1864 1969 1937 2004 Σκη-

1146 2022 1194 2057 νὴν
1208 2021 1236 2048 δὲ
1245 2020 1326 2048 αὑτοῦ
1349 2020 1476 2055 σημαίνει
1493 2019 1542 2054 οὐχ
1566 2017 1689 2054 ἐτέρανῆ
1708 2017 1756 2052 τὴν
1769 2015 1850 2049 ἁγίαν
1873 2014 1937 2041 Ἐκο

1145 2068 1257 2104 κλησίαν
1268 2067 1360 2094 αὐτοῦ’
1376 2068 1404 2093 ἐν
1461 2065 1671 2100 κατασκηνῶσαι
1683 2062 1875 2099 ἐπηγγείλατο,
1892 2060 1935 2088 ει-

1145 2114 1213 2141 πώψ
1229 2115 1320 2140 Ὅπου
1332 2113 1385 2140 δύο
1399 2112 1417 2146 ἢ
1429 2112 1507 2146 τρεῖς
1525 2109 1708 2145 συνηγμένοι
1724 2109 1803 2136 εἰσὶν
1828 2109 1872 2140 εὶς
1900 2106 1936 2133 τὸ

1145 2160 1217 2195 ἐμὸν
1234 2160 1336 2194 ὄνομα,
1354 2159 1417 2186 ἐκεῖ
1429 2160 1487 2193 altu
1505 2158 1540 2184 ἐν
1551 2157 1635 2192 μέσῳ
1649 2155 1757 2183 αὐτῶν.
1783 2154 1892 2188 Ἐπειδὴ
1906 2153 1937 2180 δὲ

1145 2207 1193 2233 καὶ
1206 2207 1233 2232 αἱ
1248 2206 1312 2241 περὶ
1327 2205 1408 2232 αὐτοῦ
1424 2205 1585 2240 προφητεῖαι
1602 2202 1745 2233 σκοτεινῶς
1758 2199 1938 2236 εἴρηνταικαὶ

1145 2251 1401 2288 ὲπικεκρυμμένως,
1419 2250 1530 2281 εἰκότως
1544 2249 1607 2284 ἑξῆς
1633 2248 1752 2282 λέγεται·
1775 2244 1938 2273 Σκοτεινὸν

1145 2299 1223 2333 ὕδωρ
1243 2298 1278 2325 ἐν
1291 2297 1431 2332 νεφέλαις
1444 2295 1548 2330 ἀέρων.
1570 2293 1641 2322 Ἀπὸ
1651 2292 1706 2327 τῆς
1721 2290 1938 2325 τηλαυτνὴσεως

1144 2343 1272 2371 ἐνώπιον·
1287 2341 1379 2370 αὐτοῦ
1393 2343 1423 2368 αὶ
1436 2341 1559 2376 νεφέλαι
1585 2339 1720 2373 διῆλθον,
1736 2337 1857 2372 ¹χάλαζα
1885 2335 1937 2363 καὶ

1145 2391 1290 2425 ἄνθρακες
1303 2391 1407 2423 πυρός.
1424 2389 1486 2415 Ὀτι
1499 2388 1552 2423 γὰρ
1568 2387 1682 2422 νεφέλας
1703 2386 1765 2417 τοὺς
1780 2385 1936 2420 προφήτας,

1145 2437 1191 2463 καὶ
1205 2437 1251 2463 τὸν
1262 2436 1291 2469 ἐξ
1303 2435 1392 2463 αὐτῶν
1409 2435 1555 2471 φερόμενον
1573 2433 1659 2464 ὑετὸν,
1675 2431 1774 2468 δηλαδὴ
1791 2430 1854 2462 τοὺς
1866 2439 1933 2466 προ-

1144 2482 1273 2516 φητικοὺς
1283 2481 1388 2515 λόγους,
1405 2479 1436 2506 τὸ
1460 2479 1572 2514 Πνεῦμα
1587 2478 1617 2504 τὸ
1640 2477 1710 2504 θεῖον
1726 2475 1820 2503 εἴωθεν
1836 2474 1937 2510 ὀνομά-

1144 2527 1210 2559 ζειν,
1228 2527 1327 2559 διδάξει
1345 2526 1467 2557 Ἡσαΐας,
1497 2523 1683 2559 ἁλληγορικῶς
1705 2522 1752 2548 τὸν
1765 2521 1828 2547 λαὸν
1845 2521 1937 2555 ἀμπεο

1144 2573 1214 2600 λῶνα
1225 2572 1392 2609 προσειπὼν,
1408 2571 1481 2598 καθὰ
1507 2570 1623 2606 εἴρηται,
1641 2568 1688 2595 καὶ
1702 2567 1816 2601 νεφέλας
1834 2565 1937 2601 μηκέτι

1144 2620 1184 2650 εἰς
1196 2619 1277 2645 αὐτὸν
1291 2618 1367 2645 ὑετὸν
1384 2616 1528 2653 φερούσας.

1178 2665 1233 2692 Καὶ
1258 2664 1440 2699 ἐϐρόντησεν
1468 2663 1503 2695 ἐξ
1537 2661 1665 2696 οίιρανοῦ
1688 2661 1810 2694 Κύριος.
1836 2659 1886 2686 καὶ
1916 2659 1936 2686 ὀ

1143 2712 1291 2745 ’Ύψιστος
1304 2710 1396 2737 ἔδωκε
1406 2708 1511 2745 φωνὴν
1525 2707 1627 2736 αὑτοῦ.
1646 2707 1769 2735 Διδάσκει
1785 2707 1813 2733 ὲν
1827 2705 1865 2740 τῷ
1881 2713 1936 2733 πα-

339 2790 361 2830 f‘
372 2789 436 2816 Luc.
458 2797 519 2830 an“.
547 2790 590 2817 b9.
631 2791 653 2806 “'
667 2790 737 2819 Psal.
752 2799 832 2826 xxm,
843 2790 907 2825 7,9.
947 2791 970 2807 η
979 2790 1040 2819 Act.
1061 2798 1080 2824 ι,

1172 2789 1222 2818 lO.-
1253 2789 1274 2806 ⁶¹¹
1288 2788 1392 2830 Μιιιιιι.¹
1409 2794 1507 2820 uvnt,
1527 2786 1572 2814 20.
1611 2785 1634 2802 ⁸⁸
1659 2784 1753 2813 Matth.
1769 2766 1844 2812 ⁴ινιιι
1856 2801 1865 2817 ,
1882 2781 1932 2814 ‘30.

302 2824 323 2839 “
338 2824 389 2853 lsa.
413 2834 439 2856 ν,
457 2825 481 2857 1,
496 2825 521 2853 6.

336 2903 375 2939 ll)
396 2903 460 2933 M25.
472 2903 505 2931 ad
519 2910 606 2938 marg.
624 2902 770 2938 χερουδιμ.
