2055 3214
156 213 210 243 Πδ

723 215 976 244 COMMENTARIA
995 215 1028 242 IN
1049 215 1219 243 PSALMOS.

1274 197 1315 237 l7
1735 213 1786 241 nt

156 273 230 311 ράντι
243 274 257 301 ὁ
269 274 348 309 λόγος
361 274 394 301 τὰ
413 274 482 310 μετὰ
493 274 541 311 τὴν
554 275 687 312 ἀνάληψιν
704 276 749 302 τοῦ
766 276 892 312 Σωτῆρος
904 276 948 302 διὰ

1005 279 1061 311 post
1085 275 1236 304 Salvatoris
1265 282 1410 306 ascensum
1427 282 1476 310 per.
1494 275 1554 310 ejus
1581 274 1696 301 virtutes
1711 277 1787 308 gesta

155 320 205 356 τῆς
220 320 303 348 αὑτοῦ
320 321 460 357 δυνάμεως
479 322 716 359 καταπραχθέντα,
735 322 828 357 σαφῶς
841 322 869 349 δὲ
899 322 948 358 τὴν

155 366 248 394 ἄνοδον
263 366 346 394 αὑτοῦ
358 368 513 403 παρέστησε
523 367 568 395 διὰ
584 368 638 395 τῶν
652 369 839 404 προκειμένων
853 368 948 395 εἰπών’

156 413 211 440 Kal
222 413 409 447 ἐϐρόντησεν
419 413 454 446 ἐξ
471 414 612 448 οὐρανοῦ.
632 414 694 446 Πῶς
710 414 738 441 δὲ
756 414 919 451 ἐϐρόντησεν
935 415 950 441 ὀ

155 458 286 494 ἀνωτέρω
303 458 396 491 κλίνας
410 459 473 490 τοὺς
489 459 621 494 οὐρανοὺς
648 459 695 486 καὶ¹
710 459 842 493 καταῦὰς,
869 461 894 486 εί
911 460 949 496 μὴ

156 504 266 536 πάντως
289 504 463 538 ἁνεληλύθει;
496 505 564 540 ὅπερ
586 505 714 540 ἐδηλοῦτο
744 505 789 532 διὰ
808 505 867 532 τοῦ-
895 505 951 537 Καὶ

155 549 247 584 ἐπέϐη
269 550 318 576 ἐπὶ
332 551 473 585 χερουόἶμ
489 551 539 577 καὶ
548 551 710 584 ἐπετὰσθη,
736 550 886 586 ἑπετάσθη
900 551 950 578 ἐπὶ

155 595 311 629 πτερύγων
326 595 453 629 ἀνέμων.
470 595 574 622 Οὐκοῦν
598 595 786 623 ἀποδέδεικται
801 595 950 632 κατεληλυ-

156 637 293 672 “mei-ca.
311 639 380 675 μετὰ
407 639 454 666 τοῦ
483 639 618 676 χερουῦὶμ
645 640 826 676 ἀνεληλυθώς·
851 638 898 667 εἶτ’
922 639 954 672 ἐξ·

156 686 272 722 οὐρανοῦ
285 685 415 721 βροντῶν,
428 685 476 712 xal
492 685 556 720 ἑξῆς
570 686 604 712 τὰ
620 686 854 722 ἀναγεγραμμένα
865 686 952 722 πράτ-

156 741 210 760 των
227 731 299 758 κατὰ
312 731 366 758 τῶν
381 731 487 767 ὲχορῶν
510 731 603 770 αυτοῦ.
622 732 732 768 Πρῶτον
745 732 793 767 μὲν
809 732 869 760 ἀπὸ
897 733 952 767 τῆς

155 777 372 812 τηλαυγήσεως
399 777 494 805 αὺτοῦ
522 777 651 804 ἐνώπιον
665 778 759 805 αὑτοῦ
784 780 813 806 al
828 779 952 814 νεφέλαι

156 822 251 851 αὐτοῦ
263 823 400 857 διῆλθον,
416 822 529 858 χάλαζα
549 824 599 850 καὶ
615 823 761 858 ἄνθρακες
783 826 888 860 πυρός.
909 826 953 858 Ὡς

159 869 214 906 γὰρ
229 870 274 896 ἐπὶ
287 870 337 905 τῆς
353 869 492 904 Αἰγύπτου
507 869 576 896 κατὰ
599 869 648 906 τὴν
664 869 779 905 ἑϐδόμην
794 871 900 906 πληγὴν
913 871 953 897 ετ-

158 924 249 951 ρηται·
263 916 372 949 Κύριος
384 915 418 941 δὲ
430 915 523 942 ἔδωκε
545 915 650 951 φωνὴν
671 916 720 943 καὶ
742 916 885 950 χάλαζαν,
904 917 953 944 καί

156 961 298 996 διέτρεχε,
314 961 392 997 φησὶ,
410 961 441 987 τὸ
455 961 515 995 πῦρ
532 961 581 987 ἐπὶ
598 960 652 995 τῆς
676 962 742 997 γῆς·
767 962 815 988 καὶ
827 962 950 996 ἔϐρεξεν

155 1007 264 1041 Κύριος
277 1007 326 1034 ἐπὶ
339 1007 399 1042 γῆν
412 1007 576 1042 Αἰγύπτου.
598 1005 659 1034 Ἰἴν
678 1008 712 1034 δὲ
732 1009 751 1042 ἢ
770 1008 884 1043 χάλαζα
900 1009 949 1036 καὶ

154 1052 190 1080 τὸ
204 1052 265 1087 πῦρ
277 1052 420 1087 play-[(0:-
432 1053 467 1079 ὲν
483 1053 520 1089 τῇ
546 1053 671 1088 χαλάζῃ.
691 1054 839 1087 Ἐπάταξε
869 1055 903 1082 δὲ
928 1057 949 1091 ἡ

155 1097 272 1133 χάλαζα
293 1098 329 1124 ἐν
352 1097 436 1132 πάσῃ
459 1097 498 1133 τῇ
514 1100 673 1134 Αἰγύπτου·
690 1100 737 1126 καὶ
760 1100 847 1128 ταῦτα
862 1101 950 1128 πάντα

155 1144 266 1178 ἐγένετο
280 1144 324 1171 ἵνα
340 1145 355 1171 ὁ
376 1144 439 1176 λαὸς
451 1144 499 1172 τοῦ
513 1144 581 1171 Θεοῦ
603 1145 760 1181 ἐλευθερίας
777 1147 827 1182 τῆς
844 1147 889 1173 ὑπ’
902 1148 950 1174 Αἰ-

155 1190 282 1224 γυπτίοις
296 1189 420 1222 δουλείας
432 1191 524 1225 τυχεῖν
540 1190 651 1226 δυνηθῇ.
679 1190 730 1217 Τδν
744 1192 825 1218 αὑτὸν
849 1192 950 1228 τρόπον

156 1235 206 1262 καὶ
221 1235 338 1268 ἐνταῦθα
354 1235 403 1267 τὰς
418 1235 447 1268 ἐξ
459 1235 544 1262 ἐθνῶν
567 1236 728 1272 Ἑκκλησίας
757 1237 803 1263 καὶ
820 1237 869 1269 τὰς
898 1238 951 1265 τῶν

156 1281 309 1317 ἀνθρώπων
318 1281 408 1317 ψυχὰς
423 1281 472 1317 τῆς
489 1282 541 1309 ὑπὸ
554 1283 604 1318 τὴν
627 1282 704 1310 ἄθεον
732 1283 951 1320 εἰδωλολατρείαν

158 1328 282 1361 καὶτοὺς
310 1329 446 1364 πονηροὺς
461 1329 591 1364 δαίμονας
619 1330 757 1365 ὑποταγῆς
791 1329 950 1366 ἐλευθερῶν,

157 1372 230 1399 κατὰ
241 1372 296 1399 τῶν
310 1373 414 1408 νοητῶν
427 1374 583 1408 Αἰγυπτίων
607 1374 683 1408 ἠφίει
704 1374 823 1409 χάλαζαν
838 1376 884 1403 καὶ
905 1375 951 1402 ἆν-

159 1417 263 1454 θρακας
277 1419 364 1455 ττυρδς
381 1421 394 1447 ο
409 1419 455 1445 ἐπὶ
468 1419 515 1446 τοῦ
542 1420 676 1456 χερουϐὶμ
701 1421 823 1453 ἁναπτὰς
839 1421 951 1457 Κύριος.

158 1460 243 1499 οἶμαι
258 1463 286 1491 δὲ
301 1464 351 1495 τὰς
376 1464 446 1491 κατὰ
458 1465 514 1491 τῶν
540 1465 646 1492 ἀσεϐῶν
671 1466 860 1502 τιμωρητικὰς
876 1466 954 1495 δυνά-

160 1519 222 1546 μεις
238 1509 360 1546 χάλαζαν
377 1511 425 1537 καὶ
438 1510 578 1547 ἄνθρακας
592 1511 678 1548 πυρὸς
699 1512 888 1547 ὀνομάζεσθαι.
904 1515 954 1540 Δυ-

159 1556 256 1591 νάμεις
270 1556 362 1584 τοίνυν
378 1556 494 1592 τιμωροὶ
511 1557 558 1583 καὶ
572 1557 740 1589 κολαστιχαὶ,
750 1557 789 1593 τῷ
805 1557 954 1594 βουλήματι

158 1600 206 1634 τοῦ
223 1601 325 1637 Κυρίου
343 1602 454 1636 ἀφανῶς
471 1602 722 1639 ὲξυπηρετούμεναι
746 1603 817 1630 κατὰ
829 1604 882 1631 τῶν
895 1605 954 1631 δαι-

160 1648 251 1683 μόνων
267 1648 321 1674 τῶν
334 1648 384 1683 τὴι
398 1648 528 1675 πολύθεον
545 1649 648 1685 πλάνην
678 1649 872 1686 ἐνεργούντων,
887 1651 955 1679 πάν-

158 1702 210 1725 τας
221 1694 321 1725 αὐτοὺς
337 1694 462 1729 ἡλαυνον.
481 1694 527 1721 Διὸ
544 1695 638 1730 σχεδὸν
668 1695 757 1722 πάντα
775 1696 865 1726 αὐτῶν
879 1697 956 1724 ὲκλέ-

159 1739 240 1769 λοιπε
254 1739 289 1766 τὰ
299 1741 460 1776 χρηστήρια,
491 1741 537 1768 καὶ
567 1741 594 1767 αί
613 1743 738 1777 μαντεῖαι
757 1743 953 1779 κατελύθησαν*

162 1783 262 1820 ἐρημοί
278 1793 306 1811 τε
319 1785 406 1811 αὐτῶν
439 1786 610 1821 κατέστησαν
621 1787 645 1813 οἱ
662 1787 730 1814 ναοί·
761 1787 906 1824 σεσύληται
922 1789 956 1816 τὰ

160 1830 342 1866 ἀφιερώματα
357 1831 466 1867 ἀοράτῳ
477 1832 524 1859 καὶ
538 1833 638 1866 ἀφανεῖ
652 1832 775 1868 δυνάμει·
791 1834 839 1861 τοῦ
853 1834 956 1870 Κυρίου

159 1876 248 1904 ταῦτα
261 1877 351 1904 πάντα
364 1877 433 1914 μετὰ
447 1878 496 1914 τὴν
507 1879 547 1910 εἰς
557 1879 689 1914 οὐρανοὺς
704 1879 796 1911 ἄνοδον
813 1880 958 1916 διαπραξα-

162 1922 256 1959 μένου.

198 1969 254 1996 Kal
266 1969 462 2001 ἐξαπέστειλε
474 1970 553 2004 βέλη
569 1970 618 1999 καὶ
631 1971 816 2005 ὲσκόρπισεν
833 1971 956 2004 αὐτοὺς,

161 2015 211 2042 καὶ
231 2016 390 2049 ἀστραπὰς
417 2015 570 2049 ἐπλήθυνε
597 2017 645 2045 καὶ
673 2017 880 2052 συνετάραξεν
909 2019 958 2045 αὺ-

162 2062 243 2094 τούς.
258 2061 314 2088 Καὶ
333 2061 480 2095 ὤφθησαν
496 2064 525 2089 αὶ
540 2064 632 2098 amyli
662 2063 721 2090 τῶν
751 2063 878 2095 ὑδάτων,
909 2064 959 2090 καὶ

163 2108 363 2143 ἀπεκαλύφθη
390 2107 427 2135 τὰ
459 2109 580 2144 θεμέλια
607 2110 662 2144 τῆς
685 2110 870 2145 οἰκουμένης
898 2111 958 2138 ἀπὸ

163 2153 362 2188 ἐπιτιμήσεώς
379 2162 448 2186 σου,
470 2155 569 2189 Κύριε,
586 2155 644 2182 ἀπὸ
667 2156 859 2191 ἐμπνεύσεως
872 2156 958 2182 πνεύ-

161 2209 256 2234 ματος
269 2201 361 2236 ὀργῆς
389 2209 457 2228 σου.
476 2202 594 2237 Θεμέλια
610 2203 770 2238 οἰκουμένης
783 2204 890 2238 νοήσεις
909 2202 958 2234 τὰς

164 2245 213 2280 τῆς
225 2246 323 2281 σοφίας
334 2247 380 2273 τοῦ
390 2246 458 2273 Θεοῦ
466 2247 604 2283 δυνάμεις,
617 2248 650 2274 δι’
665 2245 702 2275 ὧν
711 2249 758 2275 καὶ
774 2248 856 2275 πάλαι
866 2250 882 2284 ἡ
894 2249 959 2284 οὐμ-

164 2301 239 2320 πασα
251 2293 340 2325 κτίσις
358 2293 548 2329 τεθεμελίωτο,
563 2295 610 2321 καὶ
627 2294 695 2329 μετὰ
709 2294 957 2330 ταῦταὲστερεώϐη

165 2338 182 2373 ή
197 2339 358 2374 οἰκουμένη,
384 2339 445 2374 ἥτις
477 2340 507 2365 οὐ
534 2339 739 2375 σαλευθήσεται.
755 2341 786 2366 Et
799 2340 828 2366 δὲ
845 2340 891 2366 καὶ
907 2341 958 2376 τὴν

171 2384 334 2420 Ἐκκλησίαν
347 2384 394 2414 τοῦ
413 2385 478 2411 θεοῦ
496 2385 544 2420 τὴν
567 2386 728 2424 οἰκουμένην
752 2386 854 2418 ἐθέλοις
878 2388 958 2415 νοεῖν·

164 2428 292 2465 θεμέλιον
307 2430 335 2457 δὲ
351 2430 437 2465 αὐτῆς
450 2431 558 2466 πρῶτον
573 2431 621 2466 μὲν
635 2431 683 2465 τὴν
700 2432 809 2468 ἀρραγῆ
835 2431 883 2458 καὶ
899 2440 959 2459 στε-

168 2476 231 2510 ρεὰν
243 2476 357 2511 πέτραν,
377 2477 418 2511 ἐφ’
469 2476 640 2512 ᾠκοδόμηται
662 2477 732 2504 κατὰ
745 2478 785 2504 τό’
813 2479 875 2507 Ἐπὶ
902 2478 959 2513 τὴν

167 2520 280 2554 πέτραν
303 2519 490 2555 οἰκοδομήσω
518 2529 578 2555 μου
604 2521 662 2555 τὴν
693 2522 886 2556 Ἐκκλησίαν,
908 2524 958 2551 καὶ

167 2567 261 2593 πύλαι
274 2566 348 2600 ᾅδου
364 2567 399 2593 οὐ
420 2569 663 2602 κατισχύσουσιν
687 2568 791 2602 αὐτῆς.
823 2569 853 2596 Ἠ
867 2569 960 2604 πέτρα

167 2610 202 2638 δὲ
214 2611 254 2645 ἦν
267 2614 283 2639 ὀ
297 2613 434 2647 Χριστός·
463 2613 478 2648 ἢ
499 2613 569 2640 κατὰ
586 2613 630 2640 τὸν
651 2614 822 2647 ’Δπὸστολον,
850 2616 914 2651 περὶ
930 2613 960 2644 οὗ

167 2657 287 2685 διδάσκει
303 2659 384 2690 αὐτὸς
399 2658 495 2693 λέγων·
513 2659 656 2694 Θεμέλιον
679 2660 735 2696 γὰρ
749 2660 846 2688 ἄλλον
861 2661 960 2695 οὐδεὶς

166 2703 292 2731 δύναται
315 2705 410 2733 θεῖναι
443 2705 522 2740 παρὰ
550 2706 604 2733 τὸν
641 2706 788 2740 κείμενον,
818 2707 852 2741 ὅς
875 2708 960 2735 ἐστιν

174 2751 294 2785 Ἰησοῦς
327 2752 462 2786 Χριστός·
488 2750 547 2779 εἶτα
582 2753 640 2788 μετ’
666 2753 747 2780 αὑτὸν
773 2753 893 2789 θεμέλιοι
910 2754 959 2789 τῆς

173 2796 338 2832 Ἐκκλησίας
353 2798 517 2834 προφητικοὶ
542 2799 589 2826 καὶ
603 2799 777 2826 ἀποστολικοὶ
802 2799 875 2834 λόγοι
890 2800 960 2827 κατά

167 2842 212 2871 τὸν
236 2843 399 2870 ’Δπὸστολον
434 2845 567 2879 φήσαντα·
593 2845 891 2881 Ἑποικοδομηθέντες
909 2847 959 2873 ἐπὶ

205 2932 227 2948 ⁸⁸
240 2932 328 2960 Exod.
343 2940 380 2965 ιι,
395 2932 440 2966 23.
456 2932 502 2962 24.
541 2933 562 2949 θ’
574 2933 668 2962 Matth.
689 2943 743 2969 xvi,
762 2935 803 2964 l8.
842 2935 864 2951 ⁷⁰
879 2935 887 2962 l
904 2934 968 2963 Cor.

1001 326 1090 356 sunt;
1114 321 1288 356 dilucideque
1313 329 1459 349 ascensum
1474 321 1534 355 ejus
1557 320 1600 348 his
1624 319 1789 355 signiﬁcavit

1000 368 1090 395 verbis
1103 376 1109 394 :
1127 367 1161 395 Et
1175 367 1288 394 intonuit
1301 367 1332 398 de
1344 366 1419 396 ctelo.
1431 367 1572 400 Quomodo
1583 367 1732 398 intonuerit
1741 367 1788 402 qui

1001 414 1128 449 superius
1155 414 1240 442 caelos
1269 413 1420 441 inclinasse
1445 420 1477 440 ac
1493 413 1669 441 descendisse
1690 413 1786 442 fertur.

1001 460 1054 488 nisi
1078 467 1191 496 prorsus
1206 458 1398 487 ascendisset?
1414 458 1486 493 quod
1511 457 1604 492 utique
1619 457 1693 485 hisce
1707 457 1789 484 dictis

1001 505 1214 541 comprobantur
1228 514 1235 532 :
1256 503 1292 531 Et
1307 504 1424 531 ascendit
1439 511 1517 538 super
1528 502 1658 530 cherubim
1677 507 1701 531 et
1718 503 1789 529 vola-

1002 552 1046 584 vit,
1068 551 1162 578 volavit
1178 558 1255 584 super
1267 557 1366 584 pennas
1378 553 1524 576 uentorum.
1539 549 1788 576 Commonstratum

1002 605 1066 633 ergo
1080 596 1131 624 iuit
1142 596 1230 632 ipsum
1246 595 1432 626 descendisse.
1448 594 1547 622 deinde
1561 602 1623 621 cum
1640 594 1790 621 cherubino

1003 643 1170 675 ascendisse,
1205 646 1266 678 post
1290 649 1322 669 ex
1346 641 1417 668 coelo
1443 640 1611 671 intonuisse;
1633 640 1742 669 demum
1757 647 1790 672 ea

1002 693 1097 718 contra
1112 688 1239 717 inimicos
1251 695 1316 715 suos
1335 687 1496 723 designasse
1526 694 1586 722 quae
1607 686 1634 713 in
1652 687 1791 722 sequenti-

1003 736 1054 764 bus
1074 735 1277 764 describuntur.
1301 732 1395 761 Primo
1425 732 1533 768 quidem
1549 740 1604 767 prro
1619 731 1721 767 fulgore
1734 731 1790 766 ejus

1003 782 1030 809 in
1044 786 1183 817 conspectu
1199 780 1256 814 ejus
1268 780 1348 810 nubes
1372 779 1546 811 transierunt,
1561 777 1662 814 grando
1681 783 1705 804 et
1731 785 1792 805 car-

1004 829 1082 854 bones
1093 827 1171 862 ignis.
1187 826 1264 854 Sicut
1272 825 1343 854 enim
1356 825 1390 852 de
1405 824 1523 860 [Egypto
1538 825 1565 851 in
1582 825 1698 859 septima
1713 824 1792 859 plaga

1005 877 1144 904 narratur,
1162 872 1289 899 Dominus
1304 875 1392 898 autem
1405 871 1476 898 dedit
1504 878 1590 898 uocem
1599 875 1624 897 et
1636 870 1792 905 grandinem

1005 917 1215 948 etdiscurrebat.
1242 917 1341 952 inquit,
1359 916 1427 952 ignis
1452 924 1531 950 super
1543 921 1640 942 terram
1658 916 1792 950 :pluitque

970 953 1134 990 BDominus
1160 971 1238 998 super
1271 967 1369 991 terram
1395 962 1516 998 Afgypti,
1540 961 1656 997 Eratque
1679 962 1790 997 grando,

1003 1009 1120 1044 ignisque
1135 1009 1230 1037 ardens
1252 1009 1280 1035 in
1293 1009 1431 1044 grandine.
1451 1008 1486 1035 Et
1502 1008 1630 1042 percussit
1653 1007 1753 1042 grando
1765 1008 1793 1034 in

1004 1055 1075 1082 omni
1091 1060 1162 1082 terra
1178 1054 1289 1089 Egypti
1305 1054 1338 1082 ⁵⁸.
1359 1053 1421 1085 Haec
1434 1061 1516 1089 porro
1540 1053 1631 1083 omnia
1647 1053 1718 1080 facta
1729 1057 1793 1080 sunt

1004 1106 1035 1128 ut
1048 1101 1164 1136 populus
1183 1100 1230 1128 Dei
1245 1101 1280 1127 ab
1292 1100 1480 1136 Egyptiorum
1505 1099 1636 1128 servitute
1659 1099 1793 1126 eximere-

1004 1151 1060 1174 ttr.
1076 1146 1177 1174 Eodem
1194 1154 1309 1182 prorsus
1334 1146 1416 1175 modo
1437 1146 1495 1181 jam
1520 1153 1584 1173 cum
1600 1145 1738 1173 Ecclesias
1759 1153 1794 1172 ex

1007 1194 1135 1230 gentibus
1147 1197 1270 1226 coactas,
1291 1193 1487 1227 hominumque
1511 1191 1617 1219 animas
1636 1199 1651 1218 a
1664 1191 1794 1218 servitute

1006 1240 1095 1276 impiae
1104 1238 1261 1268 idololatria:
1271 1243 1298 1266 et
1305 1238 1485 1274 malignorum
1496 1237 1647 1265 da:monum
1657 1237 1794 1269 liberaret;

1005 1287 1138 1315 adversus
1166 1285 1355 1321 intelligibiles
1380 1284 1522 1321 Egyptios
1534 1284 1666 1312 Dominus
1688 1284 1733 1311 ille
1747 1286 1793 1319 qui

1006 1340 1089 1368 super
1108 1332 1250 1361 cherubim
1277 1331 1380 1360 volavit
1394 1352 1402 1365 ,
1433 1331 1594 1366 grandinem
1612 1334 1639 1357 et
1660 1330 1794 1357 carbones

1006 1378 1077 1414 ignis
1093 1379 1245 1410 emittebat.
1268 1379 1395 1406 Arbitror
1420 1381 1512 1405 autem
1538 1377 1650 1404 ultrices
1665 1376 1726 1403 illas
1746 1376 1794 1403 ad-

1006 1433 1104 1454 versus
1117 1425 1217 1460 impios
1233 1429 1343 1461 paratas
1358 1424 1483 1457 virtutes,
1512 1423 1673 1459 grandinem
1692 1427 1719 1450 et
1734 1429 1795 1455 cas-

1007 1471 1093 1499 bones
1112 1470 1292 1506 ignisvoeari.
1305 1470 1427 1498 Virtutes
1447 1471 1530 1505 igitur
1546 1469 1598 1496 illa:
1615 1469 1751 1504 supplicio
1766 1472 1796 1495 et

1009 1518 1105 1545 ultioni
1120 1517 1274 1550 destinatae,
1298 1517 1447 1544 voluntatis
1462 1516 1508 1544 Dei
1532 1516 1640 1544 occulto
1657 1522 1731 1542 more
1747 1513 1795 1543 ad-

1009 1563 1141 1591 ministm
1157 1564 1288 1591 adversus
1311 1563 1450 1591 daemonas
1463 1563 1509 1598 qui
1527 1562 1717 1597 multiplicium
1729 1560 1796 1590 deo-

1008 1618 1069 1637 rum
1081 1610 1304 1646 superstitionem
1329 1609 1505 1641 advexerant,
1522 1608 1595 1644 ipsos
1623 1615 1718 1635 omnes
1740 1606 1796 1639 dre-

1008 1663 1105 1683 monas
1129 1656 1275 1691 abigebant
1318 1654 1408 1688 Quare
1435 1655 1564 1682 universa
1574 1661 1669 1685 eorum
1685 1654 1795 1680 oracula

1003 1701 1161 1734 .desierunt,
1186 1701 1316 1729 vaticinia
1334 1701 1464 1736 abrogata
1487 1703 1562 1734 sunt,
1581 1699 1682 1734 templa
1701 1706 1796 1726 eorum

1009 1748 1126 1780 deserta,
1146 1748 1267 1775 sacraria
1285 1747 1418 1775 invisibili
1437 1754 1470 1774 ac
1482 1747 1583 1777 latente
1605 1746 1706 1772 virtute
1718 1744 1796 1779 expi-

1010 1793 1065 1819 lata
1081 1792 1202 1824 l'uerunt,
1219 1792 1334 1820 Domino
1366 1795 1427 1827 post
1443 1799 1524 1824 suum
1540 1791 1576 1827 Διιι
1601 1790 1687 1822 caelos
1701 1797 1798 1822 asceis-

1011 1846 1070 1867 sum
1079 1838 1136 1866 haec
1147 1838 1239 1865 omnia
1248 1842 1389 1873 operante.

1047 1974 1130 2002 Vens.
1147 1975 1189 2007 l5,
1208 1974 1249 2000 ιο.
1269 1973 1302 2002 Et
1316 1973 1387 2003 misit
1401 1972 1513 2007 sagittas
1525 1979 1599 2002 suas,
1615 1975 1639 1997 et
1657 1970 1798 2006 dissipavit

1010 2029 1053 2048 eos
1066 2028 1074 2052 ;
1086 2021 1193 2055 fulgura
1205 2019 1400 2053 multiplicauit,
1413 2023 1438 2046 et
1450 2017 1614 2048 conturbavit
1625 2025 1679 2044 eos.
1701 2016 1735 2042 Et
1751 2024 1798 2050 up-

1010 2070 1155 2102 paruerunl
1171 2066 1255 2100 fontes
1270 2072 1411 2100 aquarum,
1439 2067 1464 2090 et
1489 2063 1603 2090 revelata
1624 2066 1686 2094 sunt
1706 2061 1799 2096 [unda-

1011 2118 1099 2141 meuta
1110 2112 1319 2141 orbisterrarum
1331 2119 1340 2137 :
1357 2110 1389 2137 ab
1406 2110 1585 2144 increpatione
1596 2113 1653 2140 tua,
1677 2107 1798 2138 Domine,

1011 2159 1044 2187 ab
1070 2158 1243 2191 inspiratione
1263 2157 1373 2191 spiritus
1401 2156 1449 2184 ira:
1471 2160 1533 2183 tute.
1551 2154 1603 2182 Per
1622 2153 1798 2186 fundamenta

1011 2205 1087 2233 orbis
1111 2209 1246 2232 terrarum
1271 2203 1408 2237 intelligas
1435 2202 1577 2237 sapientia:
1599 2200 1645 2229 Dei
1672 2201 1797 2228 virtutes.

1011 2251 1112 2287 quibus
1125 2250 1190 2277 olim
1206 2249 1334 2279 universa
1350 2256 1443 2275 rerum
1462 2252 1561 2278 natura
1573 2246 1686 2275 fundata
1700 2250 1739 2273 est
1752 2265 1759 2277 ,
1773 2249 1800 2272 et

976 2317 998 2346 ο
1012 2302 1106 2334 postea
1121 2297 1300 2325 conﬁrmatus
1315 2299 1358 2323 est
1381 2295 1468 2329 orbis,
1482 2295 1529 2330 qui
1545 2301 1599 2322 non
1616 2292 1800 2320 commovebi-

1012 2349 1066 2374 tur.
1084 2343 1160 2377 Quod
1185 2343 1208 2372 si
1227 2351 1275 2378 per
1293 2343 1388 2370 orbem
1415 2347 1562 2373 terrarum,
1587 2339 1736 2367 Ecclesium
1752 2338 1799 2366 Dei

1011 2390 1097 2425 accipi
1109 2389 1187 2421 velis,
1205 2397 1237 2416 ac
1251 2388 1277 2416 si
1293 2388 1500 2418 fundamentum
1519 2386 1578 2421 ejus
1602 2385 1706 2420 cogites
1726 2392 1799 2415 esse,

1012 2436 1100 2471 primo
1113 2435 1222 2470 quidem
1248 2434 1394 2463 infractam
1413 2433 1487 2460 illam
1503 2436 1531 2460 et
1553 2431 1669 2460 solidam
1683 2435 1798 2466 petram,

1012 2482 1040 2508 in
1055 2489 1108 2516 qua
1122 2480 1235 2507 fundata
1248 2483 1300 2512 est,
1322 2478 1473 2507 secundum
1499 2477 1566 2504 illud
1579 2486 1585 2503 :
1599 2475 1687 2510 Supra
1697 2481 1799 2511 petram

1014 2526 1152 2561 wdiﬁcabo
1168 2525 1315 2555 Ecclesium
1326 2533 1422 2556 meam,
1437 2528 1460 2550 et
1471 2527 1554 2557 poma
1573 2518 1652 2557 inferi
1663 2530 1716 2549 non
1730 2530 1800 2556 pra:-

1014 2573 1134 2601 valebunt
1156 2571 1279 2603 adversus
1299 2579 1357 2600 eam
1375 2571 1408 2598 θ’.
1427 2569 1508 2597 Petra
1540 2574 1628 2595 autent
1647 2573 1704 2595 erat
1725 2567 1801 2595 Chri-

1013 2623 1069 2646 stus
1080 2618 1120 2651 ⁷⁰;
1135 2622 1182 2645 aut
1198 2621 1228 2644 ut
1237 2617 1384 2653 Apostolus
1411 2615 1517 2643 indicat
1536 2615 1580 2642 his
1596 2614 1688 2642 verbis
1704 2623 1710 2641 :
1729 2612 1801 2639 Fun-

1014 2664 1166 2691 damentum
1183 2663 1252 2690 enim
1264 2662 1337 2689 aliud
1358 2670 1433 2689 nemo
1449 2665 1534 2696 potest
1549 2669 1654 2696 ponere,
1667 2665 1762 2696 pra’ter
1773 2659 1800 2686 id

1013 2709 1082 2744 quod
1100 2709 1215 2743 positum
1230 2713 1278 2740 est,
1288 2707 1355 2744 quod
1368 2712 1406 2734 est
1423 2707 1544 2735 Christus
1553 2706 1661 2734 Iesus“
1675 2714 1683 2732 :
1696 2713 1728 2732 ac
1740 2709 1802 2740 post

1013 2756 1104 2791 ipsum
1119 2755 1287 2782 Salvatorem
1316 2753 1494 2780 fundamenta
1509 2752 1638 2785 Ecclesia
1660 2752 1800 2780 existimes

1013 2809 1074 2829 csse
1084 2801 1258 2837 proplieticos
1269 2803 1295 2827 et
1307 2799 1472 2834 apostolicos
1483 2807 1634 2832 sermones,
1648 2798 1799 2827 secundum

1013 2846 1135 2882 Apostoli
1147 2846 1249 2873 dictum
1265 2844 1494 2880 :Superwdiﬁcati
1507 2853 1584 2883 super
1600 2845 1801 2881 [undatrwnturp

987 2942 1015 2970 Χ,
1031 2935 1118 2975 ιμ’*
1131 2934 1141 2964 l
1153 2935 1217 2966 Cor.
1233 2943 1276 2970 tn,
1297 2936 1338 2964 ll.
