2055 3214
174 203 222 232 181

686 203 687 206 ‘
736 206 986 238 οοιιιιεΝτΑιιιΑ
1008 211 1041 239 IN
1061 211 1230 241 PSALMOS.
1275 206 1315 238 l7

1740 217 1790 247 182

172 261 241 298 πρὸς
262 262 376 297 τούτοις,
398 264 446 292 καὶ
472 265 542 298 τοὺς
561 266 655 300 πόδας
667 276 728 302 μου
748 268 819 295 ὡσεὶ
839 269 950 304 ἐλάφων

1009 271 1096 299 cervis
1112 272 1196 299 multa
1220 273 1246 300 in
1268 272 1369 301 divinis
1390 274 1578 304 instrumentis
1607 276 1740 306 feruntur.
1763 278 1790 307 SI

171 310 386 343 καττιρτίσατο·
408 312 471 345 περὶ
486 308 523 338 ὧν
545 312 651 347 ἐλάφων
664 313 746 346 πολὺς
762 315 790 340 ἐν
803 315 859 346 τοῖς
875 315 956 351 ἱεροῖς

171 355 315 390 πράγμασι
339 355 507 393 [γράμμασι]
534 357 644 394 φέρεται
662 359 749 393 λόγος.
778 360 838 387 Ἐπὶ
860 361 957 396 σχολῆς

169 401 193 428 δ’
207 399 240 429 ἄν
249 407 291 434 τις
299 402 353 429 τῶν
367 404 549 438 προτεθέντων
565 405 704 438 ἐξετάσας,
727 406 801 442 εὖροι
817 407 850 433 ἂν
868 408 957 434 αὐτῶν

171 447 216 474 τὸν
238 447 299 474 νοῦν
320 449 520 484 ἀναφερόμενον
543 451 588 478 ἐπὶ
616 452 677 484 τοὺς
704 452 797 486 ἁγίους
819 453 866 480 τοῦ
891 454 956 480 Θεοῦ

171 493 281 529 ἀνδρας,
299 495 362 526 τοὺς
387 496 571 532 ἀναιρετικοὺς
594 498 693 529 παντὸς
719 499 884 534 ἑρπυστικοῦ
911 500 958 527 καὶ

172 539 274 566 ὶοὸόλου
285 540 365 573 ζώου.
385 542 460 568 Ἐπεὶ
474 543 520 569 καὶ
533 544 582 578 τῆς
594 543 693 578 ἐλάφου
712 545 820 581 τοιαύτη
837 546 957 582 πέφυκεν

170 586 186 621 η
208 585 297 620 φύσις,
327 587 481 620 ὀφιοκτόνος
503 586 569 614 οὖσα
595 589 642 616 καὶ⁸
669 590 828 626 ἀναιρετικὴ
857 591 958 623 παντὸς

171 632 295 666 ἑρπετοῦ.
317 634 500 669 Ὀρεινοϐατὲς
517 634 545 661 δὲ
569 635 599 662 τὸ
619 635 687 667 ζῶον
703 637 748 662 καὶ
764 637 902 672 δρομικὸν,
919 637 956 669 ὡς

170 677 217 702 καὶ
231 678 254 703 οἱ
273 677 345 711 ἅγιοι
358 677 404 704 τοῦ
421 678 488 705 Θεοῦ
504 679 537 706 τὰ
553 679 608 706 ἄνω
623 680 794 713 σκοποῦντες,
812 682 858 708 καὶ
871 681 908 718 μὴ
923 682 956 709 τὰ

169 723 216 748 ἐπὶ
231 723 280 757 τῆς
291 723 352 758 γῆς,
370 725 416 751 καὶ
429 724 462 751 τὰ
475 725 564 760 ὑψηλὰ
577 725 718 758 διώκοντες
727 746 734 758 ,
752 727 826 762 πόθῳ
838 727 887 762 τῆς
903 727 956 754 τῶν

168 767 288 802 οὐρανῶν
317 768 464 803 βασιλείας.
488 770 543 805 Τὴν
561 771 628 807 πρὸς
657 772 720 803 τοὺς
745 772 839 806 ἁγίους
867 773 956 799 τοίνυν

168 813 313 849 ὁμοιότητα
340 815 436 842 ἑαυτοῦ
463 817 509 842 καὶ
524 817 538 842 ὁ
557 817 638 844 Δαυῒδ
657 819 689 853 τῇ
707 817 753 844 τοῦ
776 818 840 845 Θεοῦ
866 819 956 855 χάριτι

170 859 326 895 ἀνατίθησι,
345 860 432 894 λέγων
447 861 519 897 ἑξῆς·
535 863 589 890 Καὶ
601 863 650 890 ἐπὶ
667 865 702 891 τὰ
717 865 780 899 ὕψη
790 874 850 899 μου
864 866 956 892 Ion?»-

165 914 214 939 με.
233 906 264 932 Εἰ
279 906 333 941 γὰρ
356 907 402 934 καὶ
426 907 461 934 τὰ
486 908 601 943 μάλιστα
615 909 703 945 ἕτεροι
719 911 860 938 καθέλκειν
881 913 955 947 ἡμᾶς

166 952 213 978 καὶ
234 952 424 985 καταϐιϐάζειν
438 954 484 980 ἐπὶ
502 955 535 981 τὰ
551 955 619 991 βάθη
634 957 680 982 καὶ
696 956 744 988 τὰς
759 957 883 989 κοιλάδας
903 957 954 992 τῆς

165 998 264 1029 κακίας
278 999 424 1032 πειρῶνται
436 1008 442 1015 ·
457 999 512 1026 ἀλλ’
523 1001 538 1027 ὁ
551 1001 616 1033 Θεὸς
634 1003 721 1037 ἡμῶν,
737 1001 781 1030 οἷά
793 1011 835 1035 τις
852 1004 954 1038 ἀγωνο-

166 1044 246 1078 θέτης
262 1044 395 1071 διδάσκων
407 1046 480 1080 ἡμᾶς
494 1046 613 1080 ἀγαθοὺς
627 1047 696 1076 εἶναι
719 1049 838 1085 δρομεῖς,
855 1050 900 1076 ἐπὶ
920 1049 955 1078 τὰ

165 1091 321 1127 κατάλληλα
341 1093 406 1128 ἡμῖν
421 1093 475 1128 ὕψη
488 1096 627 1130 παρορμᾷ·
641 1095 722 1122 αὐτοῦ
736 1105 765 1122 τε
781 1097 797 1132 ή
811 1097 900 1132 χάρις,
915 1099 952 1123 Uti

164 1137 219 1171 γὰρ
234 1137 356 1173 ἡμετέρα
371 1138 483 1174 δύναμις
498 1139 604 1175 ἵστησιν
621 1141 649 1167 ὲν
662 1143 718 1173 τοῖς
728 1142 873 1177 ἡμετέροις
888 1143 952 1178 ὕψε-

165 1191 207 1208 σι·
240 1182 319 1217 φύσει
343 1183 398 1219 γὰρ
426 1185 569 1220 ἀνθρώπου
586 1185 657 1222 ψυχῇ
679 1187 709 1213 τὸ
731 1188 855 1223 οὐράνιόν
879 1189 952 1216 ἐστιν

163 1228 321 1264 οἰκητήριον
331 1238 338 1244 ·
356 1230 403 1256 καὶ
416 1229 450 1256 τὰ
464 1231 522 1257 ἐκεῖ
535 1231 588 1267 ὕψη
607 1233 657 1258 οὐκ
681 1233 818 1268 ἀλλότρια,
834 1233 891 1260 ἀλλ’
912 1235 952 1260 οὶ-

164 1275 240 1300 κεῖα·
258 1274 307 1307 διὸ,
330 1275 393 1301 Ἐπὶ
406 1276 443 1303 τὰ
460 1276 523 1311 ὕψη
537 1286 606 1311 μου,
623 1278 715 1313 φησὶν,
726 1278 818 1305 Ιστῶν
831 1288 879 1314 με.

197 1319 353 1347 Διδάσκων
376 1321 477 1355 χεῖράς
501 1331 560 1357 μου
583 1324 626 1356 εἰς
648 1325 790 1359 πόλεμον,
813 1325 861 1352 καὶ
881 1326 951 1353 ἔθου

163 1366 254 1398 τόξον
265 1367 400 1400 χαλκοῦν
413 1368 483 1400 τοὺς
494 1369 661 1403 βραχΙονας
673 1379 732 1404 μου
743 1390 750 1397 .
766 1371 821 1397 Καὶ
839 1371 952 1404 ἔδωκάς

158 1422 209 1448 μοι
219 1413 452 1448 disp-adma}th
461 1416 617 1448 σωτηρίας,
630 1416 677 1442 καὶ
689 1417 708 1450 ἡ
723 1416 807 1448 δεξιά
817 1424 874 1444 σου
884 1417 915 1444 ἀι
923 1427 953 1444 τ-

160 1459 284 1486 ελάϐετό
304 1469 374 1494 μου.
404 1460 475 1495 Πρὺς
501 1460 603 1492 τούτοις
626 1461 726 1488 ἅπασιν
745 1463 951 1499 ὑπερασπισμδν

161 1507 299 1542 σωτηρίας
317 1515 361 1542 μοι
379 1507 507 1539 δέδωκας,
521 1507 565 1533 τὸν
580 1507 625 1534 σὸν
645 1508 708 1534 Υὶὺν
722 1509 904 1544 καταπέμψας
917 1511 949 1546 τῇ

162 1552 217 1588 ἰδία
236 1552 329 1579 ἀσπίδι
356 1552 426 1587 ὑπὲρ
445 1552 512 1588 ἐμοῦ
529 1553 727 1588 μαχησόμενον.
751 1554 883 1590 Ἀκριόὦς
897 1555 950 1591 γὰρ

161 1600 318 1635 ἐπιστήσεις
330 1599 356 1625 τί
372 1598 435 1625 ποτέ
444 1599 541 1636 ἔστιτὸ
555 1599 597 1626 διὰ
612 1600 702 1635 πάσης
717 1600 828 1636 Γραφῆς
844 1609 949 1636 προφη-

159 1645 305 1679 τευόμενον
322 1645 453 1680 σωτήριον
463 1644 510 1671 τοῦ
525 1644 591 1671 θεοῦ
608 1645 671 1680 περὶ
686 1642 716 1672 οὗ
732 1646 778 1672 καὶ
796 1646 907 1681 Συμεὼν
920 1648 948 1674 ἐν

160 1691 202 1726 τῷ
219 1690 375 1726 Εὑαγγελιῳ
394 1691 499 1725 ἐλεγεντ
524 1691 585 1718 Νῦν
609 1692 751 1725 ἀπολύεις
766 1692 818 1718 τὸν
838 1692 949 1720 δοῦλόν

164 1745 236 1769 σου,
252 1736 394 1769 Δέσποτα,
411 1737 485 1763 κατὰ
503 1737 535 1763 τὸ
547 1736 629 1772 ,ὀῆμά
645 1747 703 1764 σου
719 1738 753 1764 ἐυν·
767 1737 886 1772 εἰρήνῃ¹
903 1739 949 1765 ὅτι

160 1779 246 1808 εἶδον
257 1782 284 1808 οἰ
295 1781 439 1816 ὀφθαλμοί
451 1790 510 1815 μου
527 1781 557 1807 τὸ
574 1781 721 1815 σωτήριόν
737 1790 847 1809 σου.--
858 1783 911 1809 Καὶ
931 1783 947 1816 ἠ

159 1826 245 1858 δεξιά
267 1834 325 1854 σου
348 1825 526 1854 ἀντελάϐετό
543 1835 612 1861 μου.
635 1828 710 1863 Τάχα
731 1828 804 1860 δεξιὰ
817 1828 863 1855 τοῦ
881 1828 948 1855 Θειῦ

158 1868 229 1896 εἶναι
254 1870 364 1897 δύναται
379 1872 408 1897 ὲν
472 1871 620 1907 ὲστερέωσε
638 1872 682 1898 τὸν
696 1873 818 1909 οὐρανὸν,
839 1882 948 1908 μονογε-

158 1917 208 1953 νὴς
222 1918 317 1951 Λόγος.

193 1964 249 1991 Καὶ
258 1965 275 1998 ἡ
287 1964 405 1991 παιδεία
415 1971 472 1992 σου
487 1964 645 1998 ἀνώρθωσέ
655 1974 692 2000 με
703 1967 745 1999 εὶς
760 1966 856 1998 τέλος,
869 1967 916 1993 καὶ
931 1968 947 2001 ἡ

158 2010 277 2037 παιδειά
318 2018 376 2037 σου
413 2011 488 2044 αὐτή
520 2020 558 2046 με
587 2011 710 2044 διδάξει.
747 2012 892 2048 Σύμμαχος
919 2014 947 2040 δὲ

158 2055 289 2088 ἐξέδωκε·
308 2057 362 2084 Καὶ
384 2056 418 2084 τὸ
436 2058 598 2084 ὑπακούειν
614 2066 652 2092 με
668 2058 795 2090 αὐξήσει
808 2067 855 2093 με.
875 2059 904 2085 ⁸0
919 2060 947 2086 δὲ

164 2103 290 2135 ’Δκὺλας-
316 2104 370 2131 Καὶ
397 2105 563 2138 πραότητός
588 2112 646 2132 σου
674 2104 828 2139 ἐπλήθυνέ
843 2115 881 2140 με
898 2105 946 2140 (1).

164 2149 353 2184 Ἐπλάτυνας
377 2151 413 2178 τὰ
438 2151 603 2185 διαϐήματιὶ
631 2161 691 2186 μου
718 2151 856 2179 ὑποκάτω
876 2161 945 2187 μου.

157 2195 198 2223 Τὰ
208 2197 374 2232 διαδήματα,
392 2197 452 2224 καθ’
469 2198 486 2225 ἃ
503 2199 534 2224 ὲκ
548 2198 646 2230 κακίας
663 2199 702 2230 είς
725 2198 834 2234 ἀρετὴν,
854 2199 900 2225 καὶ
917 2199 947 2231 ἐξ

155 2243 294 2280 αἰσθητῶν
318 2246 363 2271 ἐπὶ
387 2245 480 2280 νοητὰ,
491 2246 544 2281 ,καὶ
567 2245 620 2273 ἀπὸ
633 2245 679 2272 τοῦ
696 2246 828 2282 παρόντος
847 2249 887 2279 εἰς
901 2247 946 2274 τὸν

157 2290 291 2326 μέλλοντα
304 2291 388 2318 αίῶνα
405 2292 545 2324 διαϐαίνω,
565 2292 714 2324 ὲπλάτυνας
738 2293 867 2319 ὑποκάτω
882 2302 947 2329 μου’

155 2337 216 2364 κατ’
241 2337 329 2372 ἀρχὰς
355 2337 410 2373 γὰρ
433 2338 512 2365 στενὰ
531 2336 577 2365 καὶ
603 2339 718 2366 ἐπίπονα
743 2339 891 2375 φαινόμενα
908 2340 945 2375 τῷ

154 2384 204 2420 τὴν
236 2384 418 2420 τεθλιμμένην
443 2385 544 2411 ὁδεύειν
559 2385 632 2412 ὁδόν·
653 2386 781 2421 ὑπεράνω
801 2386 892 2412 αὐτῶν
912 2388 944 2422 τῇ

155 2432 282 2466 προκοπῇ
306 2429 497 2466 γεγενημένος,
524 2431 707 2458 πλατυνοέντα
732 2431 802 2458 αὐτὰ
830 2432 944 2459 εοεασὰ-

157 2487 221 2513 μην.
245 2476 276 2504 ὐ
290 2478 344 2513 γὰρ
366 2477 494 2513 ἀνωτέρω
510 2478 563 2504 τῶν
589 2478 734 2514 προκοπὼν
754 2479 944 2514 γεγενημένος,

155 2523 194 2558 τῷ
208 2523 254 2550 ἐπὶ
271 2522 346 2555 τέλος
359 2524 516 2558 ἐφθακέναι,
533 2524 624 2551 οὐκέτι
649 2524 771 2551 αῖσθεται
790 2526 839 2560 τῆς
857 2526 945 2552 στενό-

155 2575 246 2604 τητος,
269 2570 323 2597 τῶν
342 2570 430 2598 πόνων
448 2572 493 2597 καὶ
507 2571 625 2607 ἱδρώτων
644 2571 698 2597 τῶν
714 2572 760 2598 ἐπὶ
774 2573 833 2605 ταῖς
846 2581 945 2607 προκο-

156 2615 230 2646 παῖς,
240 2616 269 2641 ὲν
283 2615 438 2651 εὐρυχωρίᾳ.
451 2617 642 2652 γεγενημένος.
656 2616 711 2643 Καὶ
725 2617 781 2643 οὐκ
794 2617 945 2651 ἠσθένησε

154 2660 191 2687 τὰ
205 2661 278 2701 ξχνη
305 2671 373 2696 μου.
405 2662 436 2688 Et
459 2662 590 2698 διηνεκῶς
614 2664 643 2689 ἐν
659 2663 698 2699 τῷ
715 2665 805 2692 πονεῖν
827 2664 943 2696 ἐτέλουν,

154 2706 207 2734 κᾶν
219 2707 353 2743 ἠσθένησε
367 2707 402 2735 τὰ
418 2709 556 2744 ἴχνη.μου,
573 2709 696 2736 τουτέστι
712 2709 759 2736 τοῦ
772 2710 825 2737 ἔσω
839 2710 944 2746 ἀνθρω-

154 2761 206 2780 mu
231 2754 267 2780 τὰ
292 2753 391 2789 σκέλη·
411 2755 504 2790 ἐπειδὴ
530 2755 598 2791 μετὰ
610 2755 672 2789 τοὺς
689 2756 758 2791 ὑπὲρ
777 2757 877 2793 ἀρετῆς
894 2765 944 2783 κα-

188 2832 213 2847 "
225 2831 292 2859 Luc.
309 2840 339 2864 ιι,
355 2831 401 2864 29,
416 2833 461 2860 50.

1008 319 1071 354 quis
1086 327 1151 346 vero
1167 327 1215 354 per
1227 321 1313 348 otium
1327 324 1494 357 propositum
1510 330 1697 359 argumenlum
1709 335 1789 355 excu-

1008 365 1067 396 tiat,
1078 366 1110 393 ad
1123 371 1232 396 sanctos
1247 367 1292 395 Dei
1308 368 1382 396 viros
1402 377 1553 397 sermonem
1578 377 1700 407 spectare
1713 382 1790 401 com-

1008 411 1104 446 periet,
1121 414 1166 448 qui
1184 418 1325 449 serpentes
1341 423 1435 443 omnes
1455 422 1639 453 venenataque
1664 420 1790 448 animalia

1007 457 1041 484 de
1056 458 1146 493 medio
1161 460 1269 487 tollunt.
1281 460 1347 488 Nam
1375 462 1437 490 talis
1459 467 1501 490 est
1518 471 1660 492 cervorum
1682 470 1789 499 natura,

1008 510 1038 531 ut
1052 511 1194 540 serpentes
1215 514 1350 543 omneque
1369 513 1564 536 venenatorum
1584 517 1669 545 genus
1687 512 1791 540 interti-

1007 552 1090 580 ciant.
1113 553 1270 581 Montanum
1287 555 1351 582 item
1374 555 1474 582 animal
1491 560 1534 583 est
1545 563 1577 584 ac
1592 564 1675 584 cursu
1689 558 1765 586 velox
1779 567 1787 585 :

1006 599 1179 636 qualesvsunt
1196 608 1303 635 quoque
1326 601 1413 628 sancti
1435 601 1493 636 Dei,
1507 602 1553 637 qui
1573 611 1690 637 superna
1728 613 1787 640 spe—

1009 651 1094 680 etant,
1104 655 1158 674 non
1173 650 1292 678 terrena,
1307 647 1433 675 sublimia
1447 656 1510 676 vero
1532 650 1694 684 qumritant;
1710 639 1794 686 idque

1006 699 1038 719 ex
1056 700 1111 719 uno
1128 693 1203 728 regni
1221 692 1342 721 cmleslis
1358 702 1461 721 amore.
1478 693 1542 721 Eam
1567 695 1609 722 sui
1627 695 1712 730 ipsius
1727 705 1790 724 cum

1006 738 1109 765 sanctis
1127 738 1334 765 similitudinem
1348 738 1400 765 sibi
1417 738 1513 771 David,
1525 740 1612 774 gratia
1631 739 1678 767 Dei
1693 741 1790 774 fultus,

1005 782 1130 815 ascribit,
1148 783 1213 810 dum
1226 783 1282 811 lucc
1295 783 1445 818 subjungit,
1461 788 1486 810 et
1508 791 1586 818 super
1605 785 1709 811 excelsa
1733 793 1791 813 mea

1005 833 1123 856 statuens
1141 837 1190 856 me.
1205 829 1263 856 Etsi
1285 837 1404 864 namque
1420 829 1465 856 alii
1482 829 1548 861 sint,
1574 830 1620 864 qui
1635 838 1686 858 nos
1701 831 1728 858 in
1744 839 1791 858 ne-

1005 874 1098 910 quitia:
1120 875 1204 902 valles
1221 874 1366 902 detrahere
1391 882 1423 902 ac
1443 875 1579 902 abducere
1601 880 1743 910 satagant;
1763 880 1791 902 at

1007 920 1078 948 Deus
1099 923 1202 952 noster,
1220 929 1269 947 ceu
1290 921 1400 956 quidam
1430 922 1610 947 certaminum
1634 921 1789 956 praefectus,

1005 974 1066 994 cum
1081 974 1131 994 nos
1151 966 1272 994 instituit
1289 969 1318 992 ut
1334 966 1398 992 boui
1414 974 1542 993 cursores
1564 967 1660 997 simus,
1673 967 1705 994 ad
1722 975 1789 994 con-

1004 1011 1127 1046 gruentia
1151 1011 1230 1038 nobis
1252 1011 1359 1038 excelsa
1382 1011 1502 1038 concitat
1518 1021 1523 1037 :
1541 1011 1657 1046 idipsum
1678 1016 1790 1047 praestat

1004 1057 1063 1092 ejus
1077 1057 1176 1093 gratia.
1193 1057 1286 1092 Neque
1301 1057 1374 1084 enim
1398 1057 1498 1085 virtute
1518 1062 1612 1085 nostra
1630 1059 1657 1085 in
1672 1059 1790 1087 excelsis

1004 1104 1106 1132 nostris
1133 1104 1328 1131 conslituimur
1344 1114 1350 1131 :
1367 1104 1485 1132 hominis
1519 1104 1618 1140 quippe
1640 1105 1736 1132 anima:
1756 1113 1789 1132 ex

1003 1153 1101 1176 natura
1117 1157 1165 1178 sua
1183 1150 1295 1177 caeleste
1311 1150 1481 1177 domicilium
1499 1155 1541 1177 est
1559 1161 1564 1177 :
1580 1155 1661 1185 atque
1680 1152 1788 1178 excelsa

1004 1197 1060 1229 illa,
1076 1204 1130 1224 non
1143 1196 1242 1228 aliena.
1256 1196 1302 1224 sed
1319 1197 1428 1232 propria
1446 1197 1497 1232 ipsi
1519 1201 1596 1231 sunt;
1612 1198 1788 1232 quamobrem

1003 1243 1041 1270 ait
1058 1253 1064 1269 :
1087 1242 1171 1276 Super
1185 1242 1290 1270 excelsa
1304 1251 1361 1270 mea
1376 1247 1495 1274 statuens
1513 1251 1563 1270 me.

1038 1332 1122 1360 νεεδ.
1135 1333 1180 1365 55,
1196 1331 1239 1359 56.
1251 1332 1303 1365 Qui
1317 1331 1389 1358 docet
1408 1339 1501 1358 manus
1517 1339 1589 1358 meas
1604 1331 1638 1357 ad
1653 1331 1786 1366 prwlium,

1003 1383 1027 1407 et
1038 1379 1151 1414 posuisti
1166 1383 1194 1404 ut
1207 1386 1299 1405 arcum
1311 1386 1407 1404 wreum
1429 1377 1538 1404 brae/tia
1555 1386 1623 1405 mea.
1640 1377 1674 1404 Et
1689 1377 1785 1404 dedisti

1003 1426 1066 1452 mihi
1079 1425 1264 1460 prolationem
1278 1424 1385 1456 salutis,
1397 1428 1420 1450 et
1432 1423 1540 1450 dextera
1553 1429 1597 1449 tua
1609 1425 1722 1458 suscepit
1734 1431 1784 1451 me.

1002 1471 1043 1498 Ad
1054 1470 1112 1498 haec
1136 1474 1210 1498 certe
1234 1470 1324 1496 omnia
1344 1469 1540 1504 protectionem
1558 1469 1655 1497 salutis
1672 1469 1786 1504 largitus

1003 1518 1068 1544 mibi
1083 1525 1124 1549 es,
1135 1523 1196 1544 cum
1205 1515 1303 1542 Filium
1316 1519 1392 1541 tuum
1409 1515 1505 1542 misisti
1524 1515 1634 1549 proprio
1648 1522 1710 1541 cum
1722 1522 1787 1541 scu-

1003 1568 1031 1591 to
1042 1571 1091 1598 pro
1106 1562 1193 1590 salute
1214 1569 1274 1590 mea
1299 1565 1492 1596 pugnaturum.
1521 1561 1656 1588 Accurate
1682 1561 1782 1588 etenim

962 1616 986 1648 ο
1003 1611 1094 1638 animo
1124 1608 1276 1644 perpendas
1293 1608 1384 1639 velim,
1410 1607 1543 1642 quodnam
1571 1607 1637 1634 illud
1667 1607 1787 1635 salutare

1000 1655 1047 1682 Dei
1065 1654 1110 1686 sit,
1125 1654 1152 1680 in
1167 1653 1251 1682 totius
1272 1652 1420 1687 Scripturze
1439 1651 1574 1678 vaticiniis
1599 1651 1785 1686 prmdicatum.

999 1701 1032 1729 de
1049 1709 1102 1736 quo
1115 1699 1224 1727 Simeon
1235 1699 1262 1726 in
1280 1698 1426 1732 Evangelia
1438 1697 1475 1723 ait
1488 1706 1495 1724 :
1509 1696 1587 1723 Nunc
1602 1696 1717 1723 dimittis
1730 1704 1786 1722 ser-

999 1755 1058 1774 uum
1071 1751 1154 1778 tuum,
1172 1745 1292 1777 Domine,
1305 1743 1446 1772 secundum
1461 1743 1565 1770 verbum
1578 1748 1650 1769 tuum
1663 1743 1691 1769 in
1705 1750 1768 1776 pace
1777 1750 1786 1768 :

998 1793 1059 1827 quia
1072 1791 1189 1818 viderunt
1203 1790 1272 1817 oculi
1291 1791 1340 1816 mei
1355 1789 1473 1816 salutare
1486 1793 1559 1815 tuum
1571 1789 1607 1815 ⁷³.
1619 1803 1654 1808 -—-
1670 1787 1704 1814 Et
1721 1788 1786 1814 dex—

999 1843 1054 1864 tera
1066 1842 1112 1865 tua
1128 1837 1241 1871 suscepit
1257 1844 1306 1863 me.
1325 1835 1440 1863 Dextera
1460 1833 1506 1862 Dei
1518 1843 1548 1862 ea
1563 1834 1680 1862 fortasse
1692 1834 1784 1867 fuerit,

998 1892 1052 1920 qua
1078 1884 1194 1911 ﬁrmavit
1208 1883 1321 1915 coelum,
1335 1882 1439 1910 scilicet
1465 1882 1635 1916 unigenitum
1651 1880 1782 1908 Verbum.

1033 1969 1116 1997 Vens.
1133 1969 1178 1996 57.
1200 1968 1234 1996 Et
1248 1969 1388 2004 disciplina
1411 1973 1456 1995 tua
1468 1969 1581 1995 correxit
1595 1977 1634 1995 me
1650 1969 1677 1994 in
1695 1969 1784 2002 ﬁnem,

997 2019 1021 2042 et
1034 2014 1177 2048 disciplina
1194 2020 1240 2041 tua
1254 2015 1310 2047 ipsa
1324 2023 1363 2040 me
1375 2013 1485 2040 docebit.
1498 2012 1678 2048 Symmachus
1688 2013 1784 2046 edidit,

997 2061 1104 2096 etquod
1127 2060 1252 2088 exaudiat
1276 2069 1315 2088 me
1332 2069 1481 2088 accrescere
1507 2069 1546 2087 me
1574 2060 1672 2095 faciet;
1689 2060 1785 2095 Aquila

997 2115 1073 2140 vero,
1090 2111 1114 2134 et
1134 2107 1334 2134 mansuetudine
1349 2112 1395 2134 tua
1412 2107 1519 2142 replevit
1540 2115 1590 2133 me.
1607 2122 1641 2126 —-
1657 2105 1786 2133 Dilatain

997 2162 1102 2190 gressus
1126 2162 1196 2181 meos
1212 2153 1303 2180 subtus
1318 2161 1367 2180 me.
1390 2153 1507 2181 Gressus
1521 2153 1636 2184 scilicet,
1658 2152 1735 2188 queis
1750 2159 1784 2179 ex

998 2199 1119 2235 nequitia
1131 2199 1164 2227 ad
1181 2199 1320 2230 virtutem,
1341 2207 1373 2226 ex
1389 2199 1566 2227 sensibilibus
1581 2199 1614 2226 ad
1627 2198 1785 2234 intelligibi-

997 2246 1072 2278 lia,,a
1085 2245 1211 2280 praesenti
1227 2244 1260 2271 ad
1276 2243 1398 2271 futurum
1415 2244 1542 2272 saeculum
1559 2243 1733 2278 transmigro,
1746 2243 1785 2270 di-

965 2296 988 2323 D
1000 2291 1093 2318 latasti
1108 2291 1205 2319 subtus
1221 2298 1264 2318 me
1280 2300 1286 2318 :
1302 2291 1348 2326 qui
1360 2291 1426 2317 mihi
1445 2290 1479 2317 ab
1490 2290 1567 2317 initio
1584 2289 1692 2324 angusti
1706 2293 1732 2317 et
1744 2297 1786 2316 ar-

999 2337 1046 2365 dui
1062 2337 1112 2365 visi
1128 2340 1202 2369 sunt,
1214 2337 1285 2372 quod
1300 2337 1327 2363 in
1349 2341 1423 2364 arcta
1447 2335 1599 2364 incederem
1612 2337 1672 2369 via;
1691 2335 1738 2363 sed
1757 2336 1783 2362 in

999 2391 1145 2419 progressu
1160 2384 1286 2420 superior
1305 2383 1359 2410 illis
1378 2382 1502 2414 eﬂ‘ectus,
1515 2382 1643 2409 dilatatos
1660 2383 1784 2409 animad-

998 2430 1079 2457 verti.
1098 2429 1165 2456 Nam
1177 2430 1223 2464 qui
1236 2429 1309 2456 omni
1330 2428 1453 2464 profectu
1470 2429 1595 2464 superior
1606 2429 1703 2461 evasit,
1715 2433 1742 2456 et
1757 2429 1784 2455 li.

999 2483 1061 2503 nem
1076 2475 1177 2510 attigit,
1193 2476 1220 2502 in
1239 2475 1294 2502 lato
1309 2476 1398 2510 spatio
1412 2474 1557 2507 deductus;
1574 2475 1727 2510 angustiam
1748 2476 1782 2502 il-

999 2522 1064 2554 lam,
1084 2522 1202 2553 labores,
1219 2521 1344 2551 sudores.
1365 2529 1434 2556 quos
1450 2521 1477 2548 in
1504 2520 1627 2556 profectu
1655 2525 1783 2557 expertus

999 2571 1067 2600 erat,
1087 2576 1140 2595 non
1156 2568 1226 2595 ultra
1240 2568 1333 2596 sentit.
1352 2567 1385 2594 Et
1399 2577 1450 2595 non
1474 2573 1535 2595 sunt
1555 2568 1690 2603 inﬁrmata
1705 2569 1782 2596 vesti.-

998 2615 1042 2649 gia
1058 2622 1124 2642 mea.
1138 2614 1195 2641 Etsi
1212 2615 1239 2641 in
1255 2615 1386 2642 diuturno
1405 2614 1498 2641 labore
1520 2617 1654 2646 versatus,
1669 2615 1782 2650 vestigia

999 2669 1070 2693 mea,
1082 2661 1108 2688 id
1120 2665 1171 2696 est,
1194 2669 1273 2689 crura
1292 2661 1431 2689 interioris
1446 2660 1574 2693 hominis,
1589 2661 1723 2688 inﬁrmata
1737 2669 1782 2689 es-
1810 2673 1823 2698 τ,

999 2713 1076 2742 sent;
1090 2710 1155 2745 quia
1173 2713 1264 2736 tamen
1288 2709 1396 2736 labores
1409 2709 1516 2737 virtutis
1531 2717 1613 2738 causa
1638 2714 1783 2746 susceptos

998 2756 1196 2793 quiesexcipit,
1221 2764 1276 2784 non
1303 2755 1487 2790 iuﬁrmantur,
1513 2755 1560 2784 sed
1585 2755 1783 2784 conﬁrmantur

190 2912 232 2953 (tl.
249 2911 278 2953 in
295 2910 428 2953 lichraico
450 2912 597 2947 exemplari
621 2911 725 2949 legitur,
735 2916 818 2943 ’31'11'1
840 2916 944 2953 1mm,
960 2912 1032 2948 quod
1046 2917 1087 2941 est
1110 2916 1138 2940 ut
1160 2913 1242 2947 probe
1271 2911 1462 2950 Hieronymus,
1477 2912 1512 2940 Et
1534 2912 1703 2941 mansuetudo
1734 2915 1780 2940 tua

157 2946 339 2976 multiplicauit
358 2954 407 2973 me.
