2056 3214
260 160 312 192 18⁸1

594 163 730 193 EUSEBll
749 164 989 192 CASSARIENSIS
1009 164 1085 193 OPP.
1107 164 1197 192 PARS
1216 164 1259 191 lll.
1279 178 1314 185 —-
1329 162 1535 192 EXEGETICA.

1836 165 1888 192 188

257 223 349 257 porcis
365 223 446 250 rebus
459 223 511 250 sub
530 227 672 258 aspectum
689 226 853 252 cadentibus
868 225 1043 260 prmslantius

1098 224 1239 260 ὁρωμένων
1252 232 1258 239 η
1284 223 1429 258 αὐτομάτῳ
1445 223 1473 250 δὲ
1493 223 1540 250 καὶ
1557 223 1645 258 ἀλόγῳ
1670 224 1809 260 συντυχίᾳἸ
1825 225 1888 260 εἰκῆ

255 270 389 297 exsistere
404 269 618 304 pronuntiabant
631 279 637 303 ;
654 270 701 297 sed
717 275 869 305 spontaneo
883 271 1000 306 quodam
1012 280 1044 298 ac

257 315 407 342 temerario
423 322 561 343 concursu
577 319 603 342 et
623 316 741 350 partium
757 324 918 352 congressu,
933 325 1000 346 casu
1014 325 1046 345 ac

258 360 332 388 nulla
356 362 505 389 exsistente
529 369 624 394 causa,
644 363 804 390 universum
823 363 955 390 mundum
977 371 1044 390 coa-

257 406 351 439 luisse,
369 407 556 434 necessarium
575 407 627 434 l'uit
640 412 668 435 ut
684 409 812 443 prtesenti
825 417 961 441 sermone,
974 410 1045 444 psal-

256 453 330 480 lendi
353 460 439 485 more,
459 461 506 488 per
523 453 672 480 dilucidam
696 454 970 488 demonstrationem,
989 456 1044 483 vim

257 499 331 526 Illam
354 506 446 526 rerum
461 500 621 527 creatricem
642 508 674 527 ac
692 500 739 528 Dei
759 501 901 528 scientiam
919 509 1047 538 compro-

258 544 346 574 baret,
365 543 417 570 hoc
431 544 576 571 ratiocinio
599 553 677 572 usus.
697 545 852 572 Mortalium
870 552 966 574 natura
985 549 1044 575 exi—

256 598 309 625 gua
324 590 477 625 debilisque
500 595 552 622 est,
574 590 716 618 hominum
732 592 913 627 cogitationes
928 594 1042 630 ignavae,

257 641 412 671 nostrteque
429 637 599 672 cognitiones
619 638 730 665 incerta:
746 643 821 666 sunt.
843 638 934 672 Quare
949 640 1046 668 divina:

256 682 349 717 gloriae
369 691 418 717 pro
438 684 535 710 merito
555 684 716 711 enarranda:
736 685 851 712 multum
868 685 986 720 impares
1000 695 1047 714 su-

257 735 331 755 mus.
347 727 407 755 Non
423 729 496 755 enim
511 729 639 756 humanis
655 729 781 764 vocibus,
797 738 851 757 non
867 731 959 766 lingua
986 740 1047 760 car-

258 774 325 806 nali,
343 782 398 800 non
413 775 491 802 labiis
508 777 625 809 possunt
643 775 724 811 digna
747 785 779 804 ac
799 778 883 812 probe
894 779 1047 814 excogitata

260 820 293 847 de
309 819 364 847 Deo
380 821 462 848 Verba
477 822 625 848 enuntiari.
649 822 727 855 Quod
745 823 767 850 si
788 824 832 850 cui
855 824 975 857 libuerit,
990 826 1047 853 elli-

257 873 351 893 cacem
375 866 460 898 illam,
477 867 624 894 maximam
644 873 671 895 et
687 867 743 895 Deo
758 869 868 904 dignam
893 871 1045 899 doctrinam

258 911 364 943 audire,
385 910 429 938 cui
456 913 562 940 scilicet
580 914 680 940 mentis
706 923 805 942 sensus
828 917 967 951 praevalidi
989 917 1049 945 fue—
1063 910 1084 936 Β

257 958 322 990 rint,
344 958 367 985 is
389 961 480 986 animo
507 960 641 992 intendat,
669 969 785 996 seseque
813 963 932 990 concitet
956 964 989 991 ad
1016 971 1048 991 ea

257 1005 435 1033 auscdta’nda
452 1014 512 1040 qua":
539 1007 584 1034 hic
610 1007 643 1034 de
665 1008 799 1036 immensa
816 1009 862 1036 illa
881 1009 926 1037 Dei
946 1010 1048 1038 virtute

257 1051 400 1080 feruntur:
426 1060 541 1087 quaeque
557 1054 608 1088 ipsi
630 1055 704 1087 (πειίε
732 1059 820 1082 ιοιιιιιι
837 1056 864 1083 in
881 1064 911 1083 se
926 1058 1048 1098 comple-

257 1101 374 1130 ctentes,
388 1098 546 1126 Creatorem
566 1107 645 1126 suutn
663 1101 907 1136 universorumque
924 1103 1047 1137 opiﬁcem

258 1144 367 1179 hymnis
386 1149 413 1171 ct
437 1145 554 1172 canticis
584 1146 768 1178 celebrantes,
803 1148 957 1182 proferunt.
990 1148 1045 1184 lpsi

256 1197 377 1224 namque
393 1191 455 1217 coeli
481 1192 527 1226 qui
555 1192 676 1226 supremi
705 1193 828 1220 onmittm
853 1198 928 1226 stitit,
953 1199 980 1222 et
997 1195 1048 1222 sibi

258 1235 400 1270 supposito
414 1236 586 1263 ﬁrmamento
601 1238 733 1270 eminent,
753 1240 799 1273 qui
815 1241 972 1268 universam
984 1249 1046 1268 cum

258 1281 418 1308 sensibilem
434 1285 493 1308 tum
523 1282 661 1310 intellectu
690 1284 830 1318 praeditam
846 1291 971 1313 naturam
989 1295 1047 1313 am-

257 1326 348 1359 biunt,
380 1327 494 1361 gloriam
524 1328 571 1355 Dei
596 1337 651 1356 non
671 1329 764 1357 Graeca
790 1331 893 1366 lingua,
916 1340 971 1360 non
995 1334 1047 1361 alia

258 1372 376 1400 ﬁalecto
392 1373 542 1408 praadicant
556 1384 562 1406 ;
590 1376 638 1402 sed
660 1376 728 1411 ipsis
745 1379 886 1412 operibus,
901 1387 950 1414 per
967 1389 1047 1408 suum

256 1419 384 1447 videlicet
408 1424 548 1453 ornatum,
570 1429 617 1455 per
636 1423 815 1456 concinnam,
850 1425 1038 1453 harmonicam

257 1469 284 1492 et
299 1465 531 1500 sapientissitnam
555 1469 792 1502 constitutionem,
810 1476 951 1499 auctorem
970 1473 1046 1501 illius

258 1511 296 1537 ita
314 1514 387 1538 recte
409 1512 649 1545 ordinati-motus,
675 1515 790 1550 ejusque
813 1517 974 1545 immensam
992 1519 1048 1545 vir-

257 1557 343 1580 tutem
354 1554 481 1582 edocent.
501 1555 543 1582 Ea:
560 1558 741 1592 magnitudine
762 1561 830 1588 enim
855 1551 880 1588 ἐι
900 1563 1048 1596 pulchritu-

257 1600 317 1626 rlt'ne
330 1607 514 1628 creaturarum
536 1606 704 1637 proportione
712 1607 827 1639 quadam
839 1613 942 1635 creator
956 1618 1048 1636 earum

258 1651 391 1680 spectatur
402 1648 436 1681 5°;
451 1652 477 1675 ct
488 1658 494 1674 :
506 1648 656 1677 Inrisibilia
670 1652 762 1685 ipsius,
778 1661 794 1678 α
805 1658 927 1681 creatura
946 1656 1047 1688 mundi,

258 1701 304 1727 per
319 1701 349 1719 ea
361 1701 420 1728 qua:
434 1694 507 1726 facta
523 1700 585 1721 sunt
602 1696 735 1724 intellecta
752 1700 951 1733 conspiciuntur
963 1709 972 1732 ;
983 1710 1049 1728 sem-

258 1739 363 1773 piterna
380 1747 480 1773 quoque
509 1740 564 1771 eius
586 1741 668 1768 virtus
684 1747 708 1768 et
726 1743 853 1771 divinitas
864 1746 897 1774 θι,
915 1746 1046 1784 QuiSquis

259 1792 336 1819 ergo,
362 1785 467 1819 absque
493 1785 548 1812 ulla
565 1788 698 1815 creatrice
726 1790 843 1822 ratione,
869 1791 928 1819 sine
956 1792 1047 1820 divina

259 1830 472 1871 aliquaivirtute,
489 1832 574 1858 cmlos
591 1840 668 1860 suam
679 1835 837 1863 condidisse
851 1838 1045 1871 substantiam,

259 1868 364 1903 tantain
392 1877 467 1903 illam
508 1879 721 1913 magnitudinem
760 1881 897 1917 talemque
931 1883 1046 1910 fortnam

260 1921 411 1948 adornasse
426 1926 515 1956 putat,
542 1930 574 1950 ac
601 1924 637 1950 ita
656 1926 820 1953 concinnum
835 1927 1047 1963 ordinatumque

260 1971 364 2001 motum
381 1969 545 2002 corporibus
571 1970 639 2005 i‘psis
664 1972 803 2007 ascripsit,
821 1973 845 2000 is
861 1981 927 2001 sane
944 1976 1044 2002 stultus

259 2015 286 2038 et
306 2011 407 2046 impius
423 2016 474 2039 est.
501 2013 683 2045 Quamobrem
710 2024 758 2044 eos
785 2018 830 2052 qui
859 2026 925 2045 sana
954 2024 1045 2047 mente

1096 270 1143 297 καὶ
1157 270 1248 305 μάτην
1262 269 1291 302 ἐξ
1314 264 1442 305 οὐδεμιᾶς
1456 269 1546 300 αἰτίας
1567 269 1716 304 ὑποστῆναι
1732 270 1778 296 τὸν
1798 270 1888 298 πάντα

1096 316 1211 350 κὸσμον“
1224 315 1379 349 ἀναγκαίως
1393 315 1408 341 ὁ
1419 314 1514 350 παρὼν
1525 315 1603 349 λόγος
1612 315 1656 342 διὰ
1670 316 1720 350 τῆς
1729 315 1890 351 ψαλμῳδίας

1095 361 1290 392 ἀποδεικτικῶς
1306 361 1353 387 καὶ
1370 361 1437 396 μετὰ
1451 361 1648 397 δημιουργικῆς
1663 362 1716 388 τῶν
1730 361 1798 388 ὅλων
1813 362 1889 388 δυνά-

1098 416 1169 442 μεως
1195 408 1243 442 τὴν
1268 407 1405 441 Θεολογίαν
1425 407 1585 443 παρίστησι,
1600 407 1717 434 τοιοῦτόν
1731 416 1792 435 τινα
1813 407 1888 442 λογιε

1097 454 1165 489 σμδν
1180 453 1293 487 διεξιών.
1307 453 1416 488 Θνητῶν
1430 453 1478 489 μὲν
1498 453 1577 488 φύσις
1594 454 1678 488 μικρὰ
1699 453 1827 488 τυγχάνει
1840 453 1889 480 καὶ

1097 499 1211 534 ἀσθενής
1223 507 1229 514 ·
1248 498 1371 533 λογισμοί
1385 507 1415 524 τε
1434 497 1584 533 ἀνθρώπων
1599 498 1690 529 δειλοὶ,
1708 499 1754 524 καὶ
1769 499 1889 533 ἐπισφα-

1097 545 1152 576 λεῖς
1165 545 1192 572 αἱ
1211 545 1327 571 ἐπίνοιαι
1349 544 1426 579 ἡμῶν
1436 553 1442 559 -
1455 544 1494 570 διὸ
1517 544 1640 570 πλεῖστον
1655 544 1716 571 ὅσον
1738 543 1890 579 ὰποδέομεν

1097 591 1146 626 τῆς
1163 591 1221 617 κατ’
1235 590 1312 622 ἀξίαν
1322 590 1369 616 τοῦ
1379 591 1446 616 Θεοῦ
1459 590 1620 624 δοξολογίας.
1635 590 1701 616 Οὐδὲ
1720 590 1774 625 γὰρ
1785 589 1890 625 ἀνθρώ-

1099 646 1156 663 πων
1173 639 1285 671 φωναῖς,
1298 637 1357 663 οὐδὲ
1374 635 1481 672 γλώττῃ
1498 637 1597 671 σαρκὸς
1618 636 1663 662 καὶ
1677 636 1793 671 χείλεσιν
1809 636 1889 663 δύνα-

1099 684 1159 710 σθαί
1174 692 1238 709 ποτε
1257 682 1376 718 νομίζειν
1393 682 1503 714 ἐπάξιον
1520 683 1584 717 περὶ
1605 682 1671 708 Θεοῦ
1695 682 1773 716 λόγον
1793 683 1889 709 ἀποδί-

1098 729 1199 756 δοσθαι.
1215 730 1246 755 Εἰ
1259 729 1286 755 δὲ
1301 729 1354 764 χρὴ
1367 728 1539 760 διδασκαλίας
1553 728 1677 763 ἐνεργοῦς
1696 728 1742 754 καὶ
1758 728 1889 764 μεγίστης

1099 776 1172 811 αὐτῷ
1188 784 1217 801 τε
1236 775 1393 811 πρεπούσης
1410 775 1448 809 τῷ
1462 774 1521 809 Θεῷ
1534 774 1688 806 ἐπακούειν,
1706 774 1733 801 εἴ
1746 783 1786 806 τις
1800 774 1889 810 ερρω-

1098 831 1143 848 ται
1156 822 1203 856 τῆς
1214 822 1303 856 ψυχῆς
1313 821 1348 847 τὰ
1367 821 1542 856 αἰσθητήρια,
1558 820 1720 847 συντεινάτω
1734 820 1829 847 ἑαυτὸν
1842 820 1890 847 καὶ

1099 868 1257 903 διεγειράτω
1282 867 1349 902 πρὸς
1367 867 1498 902 ἀκρόασιν
1519 866 1636 898 ἐπαξίως
1660 866 1889 902 ἀναῳωνουμὲνην

1099 914 1146 949 τῆς
1170 913 1400 949 ἁπειρομεγέθους
1425 913 1564 948 δυνάμεως
1575 913 1621 939 τοῦ
1648 913 1732 939 Θεοῦ*
1754 913 1788 948 ἢν
1811 913 1891 939 αὐτοὶ

1101 960 1280 996 προφέρονται
1300 961 1324 999 oi
1344 959 1389 986 τὸν
1414 959 1557 994 σύμπαντα
1575 959 1745 994 περιέχοντες
1768 959 1889 994 οὐρανοὶ,

1099 1006 1145 1031 τὸν
1160 1006 1262 1032 ἑαυτῶν
1277 1006 1388 1040 κτίστην
1400 1005 1446 1031 καὶ
1458 1005 1571 1039 ποιητὴν
1582 1004 1635 1031 τῶν
1649 1005 1716 1031 ὅλων
1727 1005 1793 1032 Θεὸν
1806 1005 1890 1040 ᾠδαῖς

1100 1039 1146 1078 καί).
1165 1052 1327 1086 δοξολογίαις
1344 1039 1534 1087 ἀνυμνοῦντες.
1551 1051 1631 1077 Αὐτοὶ
1644 1051 1697 1087 γὰρ
1711 1052 1735 1077 οἱ
1759 1039 1889 1079 ἀνωτάτω

1101 1098 1218 1129 πάντων,
1245 1098 1290 1124 καὶ
1309 1097 1354 1124 τοῦ
1379 1097 1578 1132 ὐωϐεόηκότος
1599 1097 1786 1132 στερεώματος
1804 1098 1890 1134 ὑπερ-

1100 1145 1221 1178 κείμενοι
1245 1144 1367 1180 οὐρανοὶ,
1394 1144 1418 1169 οἱ
1444 1143 1590 1178 σύμπασαν
1610 1143 1814 1179 περιειληφότες
1840 1143 1890 1179 τὴν

1100 1189 1231 1224 αἰσθητὴν
1242 1189 1288 1215 καὶ
1301 1188 1487 1224 πνευματικὴν
1500 1188 1598 1218 κτίσιν,
1610 1189 1658 1223 τὴν
1670 1187 1745 1220 δόξαν
1761 1188 1890 1214 Θεοῦ-οὐκ

1106 1235 1245 1271 Ἑλληνικῇ
1258 1237 1332 1270 φωνῇ
1346 1235 1534 1270 φθεγγόμενοι,
1544 1235 1598 1260 οὐδε
1608 1235 1687 1270 ἑτέρᾳ
1698 1235 1751 1261 τινὶ
1759 1235 1890 1270 διαλέκτῳ

1099 1283 1243 1318 χρώμενοι,
1251 1282 1324 1317 αὐτῷ
1333 1282 1360 1308 δὲ
1370 1282 1442 1317 ἔργῳ
1451 1282 1495 1308 διὰ
1502 1282 1548 1308 τοῦ
1563 1282 1665 1308 ἑαυτῶν
1677 1283 1779 1317 κόσμου
1787 1282 1834 1308 καὶ
1840 1282 1890 1317 τῆς

1099 1329 1235 1364 εὐρύθμου
1250 1328 1296 1354 καὶ
1312 1328 1471 1363 ἐναρμονίου
1483 1328 1528 1354 καὶ
1544 1328 1680 1361 πανσόφου
1693 1327 1823 1359 στάσεως,
1840 1326 1888 1352 τοῦ

1099 1375 1186 1401 αἰτίου
1199 1375 1289 1405 αὐτοῖς
1301 1374 1349 1408 τῆς
1363 1373 1468 1399 τοιᾶσδε
1483 1374 1615 1408 κινήσεως
1627 1373 1675 1409 τὴν
1687 1371 1889 1408 ἀπειρομεγέθη

1098 1421 1212 1456 δύναμιν
1228 1420 1438 1447 ὲκδιδάσκουσιν.
1464 1421 1513 1446 Ἐκ
1527 1420 1582 1454 γὰρ
1595 1420 1739 1454 μεγέθους
1752 1419 1799 1446 καὶ
1815 1420 1875 1445 καλ

1099 1465 1194 1499 ,ῖοννῆς
1213 1465 1381 1499 κτισμάτων
1403 1465 1558 1499 ἀναλόγως
1575 1467 1591 1491 0'
1610 1465 1817 1499 γενεσιριιργὸς
1833 1464 1889 1491 αὑ-

1097 1513 1157 1539 τῶν
1169 1512 1328 1546 θεωρεῖται·
1343 1512 1399 1543 καὶ,
1418 1512 1454 1538 Τὰ
1465 1512 1575 1545 ἀόρατα
1585 1511 1679 1538 αὑτοῦ
1694 1511 1753 1538 ἀπὸ
1765 1511 1890 1544 κτίσεως

1099 1559 1214 1593 κόσμου
1232 1559 1292 1591 τοῖς
1309 1557 1453 1592 ποιήμασι
1472 1558 1620 1591 νοούμενα
1635 1556 1805 1591 καθορᾶταν
1820 1557 1840 1591 ἢ
1857 1566 1889 1585 τε

1101 1604 1195 1637 ἀΐδιος
1211 1604 1303 1630 αὑτοῦ
1320 1604 1445 1638 δύναμις
1462 1603 1511 1629 καὶ
1525 1604 1640 1636 θεότης.
1661 1603 1690 1629 Ὀ
1707 1601 1752 1630 οὖν
1768 1604 1830 1634 τοὺς
1844 1603 1888 1630 οὐ·

1103 1651 1199 1687 ρανοὺς
1221 1650 1337 1685 νομίζων
1354 1650 1414 1684 δίχα
1433 1649 1505 1681 τινος
1520 1649 1714 1684 δημιουργικοῦ
1740 1648 1817 1683 λόγου
1841 1649 1889 1676 καὶ

1101 1697 1176 1728 θείας
1189 1697 1254 1724 ἄνευ
1271 1697 1410 1731 δυνάμεως
1426 1697 1538 1727 ἑαυτοὺς
1555 1695 1766 1730 ὑποστήσασθαι,
1783 1695 1888 1722 καὶτοῦ

1100 1743 1208 1769 τοσοῦδε
1225 1743 1355 1778 μεγέθους
1372 1732 1420 1769 καὶ
1435 1742 1481 1769 τοῦ
1503 1742 1604 1768 τοιοῦδε
1621 1742 1770 1776 σχήματος,
1793 1741 1844 1775 τῆς
1859 1750 1889 1767 τε

1099 1789 1246 1820 εὐσταθοῦς
1272 1789 1318 1815 καὶ
1343 1789 1474 1815 εὐτάκτου
1491 1789 1623 1823 κινήσεως
1648 1789 1698 1823 τὴν
1724 1788 1817 1814 αἰτίαν
1833 1789 1889 1819 τοῖς

1100 1835 1222 1870 σώμασιν
1237 1835 1324 1861 αὐτῶν
1339 1835 1531 1870 προσγράφων,
1546 1835 1640 1870 ἄφρων
1655 1835 1702 1861 καὶ
1717 1835 1829 1870 ἀσεϐής.
1841 1834 1887 1860 Διὸ

1098 1882 1160 1913 τοὺς
1178 1881 1300 1916 ἓμψρονα
1316 1881 1377 1907 νοῦν
1392 1881 1577 1916 κεκτημένους
1598 1882 1731 1916 προσήκει
1747 1881 1888 1916 συνομολο-

1099 1928 1156 1960 γεῖν
1176 1927 1314 1962 μονονουχὶ
1339 1927 1431 1961 φωνῆς
1447 1926 1556 1952 ἀκούειν
1578 1926 1650 1961 ἔργῳ
1676 1925 1780 1962 βοώσης
1799 1926 1888 1952 αὐτῶν

1100 1973 1153 1998 τῶν
1174 1972 1307 2008 οὐρανῶν,
1329 1973 1378 2008 τὴν
1398 1972 1554 2007 πρέπουσαν
1575 1973 1653 2004 δόξαν
1672 1973 1889 2007 ἁναπεμπύντων
1907 1988 1911 1994 -

1098 2018 1137 2053 τῷ
1153 2018 1255 2044 ἑαυτῶν
1271 2020 1367 2054 ποιητῇ
1383 2020 1429 2045 καὶ
1441 2018 1597 2054 δημιουργῴ
1612 2019 1680 2053 Θεῷ.

258 2062 324 2086 sunt
342 2066 390 2093 par
409 2063 451 2086 est
471 2068 523 2086 una
554 2061 689 2095 conﬁteri,
712 2072 742 2091 se
766 2069 870 2093 tantum
891 2075 946 2094 non
976 2069 1069 2095 audire
1088 2069 1220 2094 caelorum
1243 2075 1349 2099 vocem,
1381 2067 1424 2094 vel
1446 2066 1505 2101 ipso
1525 2074 1606 2101 opere
1625 2067 1887 2098 clamantemfconnr

259 2111 457 2142 gruentemque
478 2107 543 2140 Deo.
563 2109 659 2137 factori
678 2116 705 2138 et
729 2113 819 2147 opiﬁci
842 2122 902 2146 suo,
923 2116 1036 2150 gloriam
1055 2117 1236 2143 emittentem.

297 2152 360 2179 Pari
381 2160 490 2187 quoque
508 2154 588 2181 modo
609 2156 820 2190 ﬁrmamentum,
838 2161 910 2194 quod
925 2161 1044 2188 secunda

260 2198 408 2226 creationis
424 2197 468 2225 die
486 2198 592 2234 Moyses
612 2200 713 2228 factum
737 2203 900 2238 declaravit;
927 2205 978 2233 hoc
1003 2206 1045 2233 in-

260 2251 343 2279 quam
365 2243 577 2275 ﬁrmamentutn,
596 2247 668 2280 quod
686 2248 760 2274 aliud
781 2252 823 2276 est
842 2257 856 2276 a
868 2250 925 2284 jam
943 2259 1045 2280 memo-

260 2289 435 2322 ratis.ca:lis,
450 2290 578 2318 omnibus
595 2291 733 2326 praedicat,
754 2297 781 2320 et
794 2294 920 2322 similiter
934 2296 1042 2330 clatnat,

262 2334 432 2369 indicatque,
460 2341 490 2361 se
509 2341 562 2361 non
581 2339 731 2370 spontanea
755 2338 902 2366 coalitione
918 2339 946 2366 in
964 2340 1044 2367 talem

262 2379 375 2406 formam
391 2379 557 2412 deductum;
581 2381 628 2408 sed
645 2389 713 2416 opus
728 2390 790 2410 esse
813 2385 934 2411 omnium
955 2393 1046 2413 rerum

261 2424 412 2451 conditoris
428 2424 485 2452 Dei.
511 2424 694 2458 Quamobrem
710 2427 814 2455 dictum
835 2433 892 2456 est:
921 2430 955 2457 Et
967 2439 1045 2465 opera

261 2477 388 2496 manuum
398 2471 454 2505 ejus
475 2472 616 2498 annuntiat
637 2473 844 2507 ﬁrmamentum.
860 2475 978 2504 Noverat
996 2486 1045 2505 au-

260 2517 316 2542 tem
338 2514 454 2550 Moyses,
475 2521 537 2545 ante
557 2518 719 2547 ﬁrmamenti
739 2523 972 2551 constructionem
986 2531 1044 2551 ete-

261 2561 328 2592 lum,
354 2561 397 2587 vel
415 2561 572 2597 priusquant
600 2564 659 2592 dies
680 2566 766 2600 ﬁeret,
783 2569 923 2596 conditum
940 2569 1044 2604 fuisse;

261 2613 325 2633 nam
345 2605 426 2633 dicit:
449 2606 481 2633 In
502 2609 632 2644 principio
648 2610 710 2644 fecit
735 2611 805 2639 Deus
830 2613 924 2640 caelum
948 2619 973 2641 et
990 2620 1044 2642 ter-

262 2660 321 2679 ram
331 2652 365 2678 ".
389 2652 428 2679 Ac
450 2653 577 2689 deinceps
601 2661 662 2691 post
685 2658 803 2692 primum
822 2660 922 2686 coelum
947 2662 1043 2688 condi-

261 2701 329 2729 tum,
345 2698 414 2726 lucis
429 2699 483 2726 vim
498 2707 529 2726 ac
548 2702 713 2730 creationem
731 2703 819 2737 aﬁ‘ert,
836 2706 970 2741 docetque
990 2708 1044 2735 luci

261 2742 316 2770 diei
341 2752 440 2772 nomen
464 2745 591 2776 inditum.
617 2747 772 2785 factumque
800 2750 886 2778 fuisse
917 2759 996 2780 mane
1018 2758 1044 2780 et

261 2789 456 2824 vesperediem
472 2792 599 2826 primum.
622 2793 718 2822 Postea
734 2796 780 2824 ubi
799 2798 947 2826 secundam
964 2799 1042 2826 ordi-

297 2866 319 2883 ⁸⁸
333 2867 396 2904 Sap.
424 2877 483 2905 xnt,
501 2870 526 2899 5.
565 2871 586 2889 ⁸⁸
601 2872 680 2900 Rom.
702 2881 720 2908 ι,
739 2875 782 2903 20.
822 2877 843 2891 ε’
856 2876 953 2906 Gcncs.
973 2886 993 2910 t,
1019 2877 1036 2906 l.

1134 2161 1211 2188 Οὐτω
1230 2162 1257 2187 δὲ
1273 2163 1319 2188 καὶ
1333 2161 1363 2188 τὸ
1379 2162 1530 2197 στερέωμα,
1546 2162 1559 2188 ὃ
1575 2161 1605 2197 δὴ
1621 2162 1741 2196 Μωῦσῆς
1753 2162 1824 2189 κατὰ
1838 2162 1886 2198 τὴν

1060 2218 1085 2247 D
1098 2206 1226 2242 δευτέραν
1238 2207 1343 2242 ἡμέραν
1355 2207 1404 2242 τῆς
1417 2208 1593 2242 κοσμοποιίας
1605 2207 1743 2241 γεγονέναι
1756 2208 1884 2244 παρίστη·

1098 2254 1144 2279 καὶ
1161 2253 1239 2279 τοῦτο
1260 2253 1404 2289 τοιγαροῦν
1424 2254 1454 2280 τὸ
1478 2254 1628 2289 στερέωμα,
1653 2253 1744 2290 ἓτερον
1766 2254 1794 2280 ὃν
1811 2253 1887 2290 παρὰ

1098 2298 1160 2328 τοὺς
1178 2298 1440 2332 προωνομασμὲνους
1454 2298 1593 2334 οὐρανοὺς,
1610 2299 1737 2334 κηρύττει
1749 2301 1805 2331 τοῖς
1820 2301 1886 2325 πᾶσι

1100 2341 1146 2369 καὶ
1160 2343 1278 2378 κέκραγε
1295 2343 1437 2375 διδάσκων,
1461 2345 1501 2370 ὅτι
1519 2345 1555 2380 μὴ
1568 2345 1597 2377 ἐξ
1619 2345 1771 2381 αὐτομάτου
1786 2347 1886 2373 τοιόνδε

1101 2389 1203 2424 ὑπέστη
1217 2397 1222 2402 ·
1236 2389 1316 2424 ἔργον
1329 2389 1357 2415 δέ
1377 2390 1434 2416 ἐστι
1449 2390 1494 2416 καὶ
1517 2391 1583 2416 αὐτὸ
1599 2391 1644 2417 τοῦ
1655 2391 1709 2417 τῶν
1728 2391 1795 2418 ὅλων
1810 2399 1886 2426 ποιη-

1099 2434 1145 2460 τοῦ
1163 2434 1244 2460 Θεοῦ·
1272 2435 1312 2460 διὸ
1335 2434 1458 2469 εἴρηται·
1476 2436 1603 2468 Ποίησιν
1618 2436 1651 2462 δὲ
1672 2436 1779 2470 χωρῶν
1793 2435 1885 2463 αὑτοῦ

1098 2479 1276 2514 ἀναγγέλλει
1292 2480 1324 2506 τὸ
1341 2481 1500 2515 στερέωμα.
1519 2479 1579 2507 υἷδε
1594 2481 1621 2507 δὲ
1636 2480 1756 2517 Morio-7];
1770 2481 1823 2517 πρὸ
1837 2481 1886 2516 τῆς

1099 2525 1144 2551 τοῦ
1167 2525 1355 2560 στερεώματος
1376 2527 1530 2559 συστάσεως
1546 2528 1659 2564 οὐρανὸν
1679 2528 1809 2563 πρότερον
1836 2528 1886 2562 τῆς

1099 2571 1204 2606 ἡμέρας
1220 2573 1410 2607 γεγενημένον,
1428 2573 1526 2607 λέγων·
1550 2574 1600 2600 Ἐν
1614 2574 1692 2608 ἀρχῇ
1710 2574 1855 2607 ἐποίησεν
1870 2576 1886 2601 ό

1101 2618 1171 2650 Θεὸς
1197 2618 1248 2644 τὸν
1259 2620 1388 2652 οὐρανὸν
1404 2620 1453 2646 καὶ
1469 2620 1525 2654 τὴν
1538 2620 1603 2656 γῆν.
1623 2620 1700 2656 Ἑξῆς
1719 2621 1741 2647 δ’
1756 2619 1801 2647 οὖν
1818 2619 1886 2656 μετὰ

1098 2663 1145 2698 τὴν
1160 2664 1266 2699 ποίησιν
1281 2664 1327 2691 τοῦ
1343 2665 1450 2700 πρώτου.)
1463 2666 1576 2701 οὐρανοῦ
1593 2666 1680 2700 φωτὸς
1691 2667 1794 2700 εἰσάγει
1808 2666 1885 2692 δύνα-

1100 2719 1145 2744 μιν
1155 2711 1201 2736 καὶ
1207 2710 1323 2744 γένεσιν,
1337 2711 1443 2746 ἡμέραν
1453 2720 1482 2737 τε
1494 2712 1650 2738 διδάσκειτὸ
1660 2712 1716 2746 φῶς
1727 2711 1884 2744 κεκλῆσθαι,

1098 2757 1237 2790 γεγονέναι
1248 2765 1277 2783 τε
1291 2758 1395 2792 πρωῖαν
1407 2758 1473 2792 φησὶ
1487 2758 1534 2784 καὶ
1551 2758 1679 2793 ἑσπέραν,
1693 2758 1798 2794 ἡμέραν
1808 2758 1883 2793 μίαν.

1097 2798 1163 2828 Εἶτα
1169 2801 1296 2837 δευτέρας
1303 2801 1406 2838 ἡμέρας
1415 2803 1573 2838 ἀρχόμενος,
1580 2803 1629 2839 τὴν
1639 2803 1684 2830 τοῦ
1697 2802 1885 2839 στερεώμᾳτοα
